  <div class='ocr_page' id='page_1' title='image "/cluster/home/n/w/nwhite01/storage/ocr_20150623/51/ien.35556001660786/191.png"; bbox 0 0 4080 6446; ppageno 0'>
   <div class='ocr_carea' id='block_1_1' title="bbox 527 293 3787 358">
    <p class='ocr_par' dir='ltr' id='par_1_1' title="bbox 527 293 3787 358">
     <span class='ocr_line' id='line_1_1' title="bbox 527 293 3787 358; baseline 0 -3"><span class='ocrx_word' id='word_1_1' title='bbox 527 299 630 358; x_wconf 74' lang='grc'><strong>187</strong></span> <span class='ocrx_word' id='word_1_2' title='bbox 1212 297 1270 351; x_wconf 84' lang='grc'><strong>5.</strong></span> <span class='ocrx_word' id='word_1_3' title='bbox 1310 293 1600 352; x_wconf 72' lang='lat' dir='ltr'><strong>JOANNIS</strong></span> <span class='ocrx_word' id='word_1_4' title='bbox 1636 293 2132 352; x_wconf 73' lang='lat' dir='ltr'><strong>CHRYSOSTOIII</strong></span> <span class='ocrx_word' id='word_1_5' title='bbox 2173 293 2496 354; x_wconf 76' lang='lat' dir='ltr'><strong>ARCHIEP.</strong></span> <span class='ocrx_word' id='word_1_6' title='bbox 2534 293 3084 354; x_wconf 78' lang='lat' dir='ltr'><strong>CONSTANTINOP.</strong></span> <span class='ocrx_word' id='word_1_7' title='bbox 3681 301 3787 358; x_wconf 72' lang='grc'><strong>188</strong></span> 
     </span>
    </p>
   </div>
   <div class='ocr_carea' id='block_1_2' title="bbox 543 423 3761 463">
    <p class='ocr_par' dir='ltr' id='par_1_2' title="bbox 543 423 3761 463">
     <span class='ocr_line' id='line_1_2' title="bbox 543 423 3761 463; baseline 0 -4"><span class='ocrx_word' id='word_1_8' title='bbox 543 423 3761 463; x_wconf 62' lang='lat' dir='ltr'><em>W</em></span> 
     </span>
    </p>
   </div>
   <div class='ocr_carea' id='block_1_3' title="bbox 1395 586 2907 698">
    <p class='ocr_par' dir='ltr' id='par_1_3' title="bbox 1395 586 2907 698">
     <span class='ocr_line' id='line_1_3' title="bbox 1395 586 2907 698; baseline -0.001 -17"><span class='ocrx_word' id='word_1_9' title='bbox 1395 616 1744 698; x_wconf 70' lang='lat' dir='ltr'><strong>nomen</strong></span> <span class='ocrx_word' id='word_1_10' title='bbox 1774 615 1877 677; x_wconf 79' lang='lat' dir='ltr'><strong>AD</strong></span> <span class='ocrx_word' id='word_1_11' title='bbox 1902 615 2100 678; x_wconf 82' lang='lat' dir='ltr'><strong>DUAS</strong></span> <span class='ocrx_word' id='word_1_12' title='bbox 2128 616 2496 678; x_wconf 75' lang='lat' dir='ltr'><strong>HOMILIAS</strong></span> <span class='ocrx_word' id='word_1_13' title='bbox 2526 617 2607 678; x_wconf 85' lang='lat' dir='ltr'><strong>IN</strong></span> <span class='ocrx_word' id='word_1_14' title='bbox 2639 618 2907 694; x_wconf 20' lang='lat' dir='ltr'><strong>‘ILLUD,</strong></span> 
     </span>
    </p>
   </div>
   <div class='ocr_carea' id='block_1_4' title="bbox 596 773 3790 864">
    <p class='ocr_par' dir='ltr' id='par_1_4' title="bbox 596 773 3790 864">
     <span class='ocr_line' id='line_1_4' title="bbox 596 773 3790 864; baseline 0.002 -21"><span class='ocrx_word' id='word_1_15' title='bbox 596 785 674 843; x_wconf 72' lang='lat' dir='ltr'><strong>Ex</strong></span> <span class='ocrx_word' id='word_1_16' title='bbox 704 784 855 844; x_wconf 85' lang='lat' dir='ltr'><strong>bisce</strong></span> <span class='ocrx_word' id='word_1_17' title='bbox 882 785 1102 845; x_wconf 81' lang='lat' dir='ltr'><strong>duabus</strong></span> <span class='ocrx_word' id='word_1_18' title='bbox 1129 783 1373 841; x_wconf 83' lang='lat' dir='ltr'><strong>hemiliis</strong></span> <span class='ocrx_word' id='word_1_19' title='bbox 1397 784 1487 840; x_wconf 83' lang='lat' dir='ltr'><strong>vis</strong></span> <span class='ocrx_word' id='word_1_20' title='bbox 1522 773 1822 857; x_wconf 76' lang='lat' dir='ltr'><strong>quidquam</strong></span> <span class='ocrx_word' id='word_1_21' title='bbox 1855 797 2053 843; x_wconf 78' lang='lat' dir='ltr'><strong>eruere</strong></span> <span class='ocrx_word' id='word_1_22' title='bbox 2089 800 2406 857; x_wconf 86' lang='lat' dir='ltr'><strong>possumus,</strong></span> <span class='ocrx_word' id='word_1_23' title='bbox 2445 785 2592 843; x_wconf 89' lang='lat' dir='ltr'><strong>unde</strong></span> <span class='ocrx_word' id='word_1_24' title='bbox 2627 799 2740 857; x_wconf 87' lang='lat' dir='ltr'><strong>quo</strong></span> <span class='ocrx_word' id='word_1_25' title='bbox 2785 786 2986 844; x_wconf 68' lang='lat' dir='ltr'><strong>habita</strong></span> <span class='ocrx_word' id='word_1_26' title='bbox 3020 793 3269 859; x_wconf 81' lang='lat' dir='ltr'><strong>tempore</strong></span> <span class='ocrx_word' id='word_1_27' title='bbox 3298 788 3502 846; x_wconf 78' lang='lat' dir='ltr'><strong>iuerint</strong></span> <span class='ocrx_word' id='word_1_28' title='bbox 3540 793 3790 864; x_wconf 79' lang='lat' dir='ltr'><strong>expisce-</strong></span> 
     </span>
    </p>
   </div>
   <div class='ocr_carea' id='block_1_5' title="bbox 521 895 3787 980">
    <p class='ocr_par' dir='ltr' id='par_1_5' title="bbox 521 895 3787 980">
     <span class='ocr_line' id='line_1_5' title="bbox 521 895 3787 980; baseline 0.003 -23"><span class='ocrx_word' id='word_1_29' title='bbox 521 918 650 958; x_wconf 86' lang='lat' dir='ltr'><strong>mur</strong></span> <span class='ocrx_word' id='word_1_30' title='bbox 671 943 689 970; x_wconf 94' lang='lat'><strong>,</strong></span> <span class='ocrx_word' id='word_1_31' title='bbox 723 901 828 980; x_wconf 82' lang='lat' dir='ltr'><strong>hoc</strong></span> <span class='ocrx_word' id='word_1_32' title='bbox 856 915 1028 959; x_wconf 84' lang='lat' dir='ltr'><strong>unum</strong></span> <span class='ocrx_word' id='word_1_33' title='bbox 1074 907 1160 956; x_wconf 74' lang='lat' dir='ltr'><strong>sat</strong></span> <span class='ocrx_word' id='word_1_34' title='bbox 1185 897 1459 971; x_wconf 77' lang='lat' dir='ltr'><strong>probabili</strong></span> <span class='ocrx_word' id='word_1_35' title='bbox 1486 895 1800 969; x_wconf 70' lang='lat' dir='ltr'><strong>coujeetura</strong></span> <span class='ocrx_word' id='word_1_36' title='bbox 1844 897 1968 953; x_wconf 72' lang='lat' dir='ltr'><strong>lulti</strong></span> <span class='ocrx_word' id='word_1_37' title='bbox 2010 898 2268 967; x_wconf 82' lang='lat' dir='ltr'><strong>dicimus,</strong></span> <span class='ocrx_word' id='word_1_38' title='bbox 2301 901 2562 957; x_wconf 81' lang='lat' dir='ltr'><strong>nimirum</strong></span> <span class='ocrx_word' id='word_1_39' title='bbox 2612 899 2911 958; x_wconf 75' lang='lat' dir='ltr'><strong>verisimile</strong></span> <span class='ocrx_word' id='word_1_40' title='bbox 2939 915 3063 959; x_wconf 88' lang='lat' dir='ltr'><strong>esse</strong></span> <span class='ocrx_word' id='word_1_41' title='bbox 3088 904 3212 962; x_wconf 90' lang='lat' dir='ltr'><strong>illas</strong></span> <span class='ocrx_word' id='word_1_42' title='bbox 3234 906 3537 966; x_wconf 66' lang='lat' dir='ltr'><strong>Antiooblc</strong></span> <span class='ocrx_word' id='word_1_43' title='bbox 3569 911 3787 968; x_wconf 77' lang='lat' dir='ltr'><strong>habitas</strong></span> 
     </span>
    </p>
   </div>
   <div class='ocr_carea' id='block_1_6' title="bbox 428 1002 3783 1091">
    <p class='ocr_par' dir='ltr' id='par_1_6' title="bbox 428 1002 3783 1091">
     <span class='ocr_line' id='line_1_6' title="bbox 428 1002 3783 1091; baseline 0.002 -15"><span class='ocrx_word' id='word_1_44' title='bbox 428 1002 436 1011; x_wconf 74' lang='grc'><strong>’</strong></span> <span class='ocrx_word' id='word_1_45' title='bbox 522 1022 713 1076; x_wconf 81' lang='lat' dir='ltr'><strong>fuisse.</strong></span> <span class='ocrx_word' id='word_1_46' title='bbox 743 1017 959 1076; x_wconf 77' lang='lat' dir='ltr'><strong>Etenim</strong></span> <span class='ocrx_word' id='word_1_47' title='bbox 991 1016 1142 1075; x_wconf 80' lang='lat' dir='ltr'><strong>illum</strong></span> <span class='ocrx_word' id='word_1_48' title='bbox 1171 1018 1226 1073; x_wconf 88' lang='lat' dir='ltr'><strong>in</strong></span> <span class='ocrx_word' id='word_1_49' title='bbox 1258 1015 1587 1075; x_wconf 84' lang='lat' dir='ltr'><strong>sacerdotali</strong></span> <span class='ocrx_word' id='word_1_50' title='bbox 1617 1014 1800 1070; x_wconf 81' lang='lat' dir='ltr'><strong>adhuc</strong></span> <span class='ocrx_word' id='word_1_51' title='bbox 1833 1014 2026 1072; x_wconf 87' lang='lat' dir='ltr'><strong>ordine</strong></span> <span class='ocrx_word' id='word_1_52' title='bbox 2063 1013 2238 1072; x_wconf 83' lang='lat' dir='ltr'><strong>luisse</strong></span> <span class='ocrx_word' id='word_1_53' title='bbox 2270 1018 2428 1088; x_wconf 68' lang='lat' dir='ltr'><strong>argui</strong></span> <span class='ocrx_word' id='word_1_54' title='bbox 2469 1018 2684 1075; x_wconf 85' lang='lat' dir='ltr'><strong>videtur</strong></span> <span class='ocrx_word' id='word_1_55' title='bbox 2718 1032 2786 1074; x_wconf 82' lang='lat' dir='ltr'><strong>ex</strong></span> <span class='ocrx_word' id='word_1_56' title='bbox 2829 1017 2896 1076; x_wconf 91' lang='lat' dir='ltr'><strong>iis</strong></span> <span class='ocrx_word' id='word_1_57' title='bbox 2929 1031 3054 1091; x_wconf 70' lang='lat' dir='ltr'><strong>quas</strong></span> <span class='ocrx_word' id='word_1_58' title='bbox 3079 1018 3149 1075; x_wconf 87' lang='lat' dir='ltr'><strong>de</strong></span> <span class='ocrx_word' id='word_1_59' title='bbox 3186 1021 3568 1082; x_wconf 69' lang='lat' dir='ltr'><strong>sacerdotibus</strong></span> <span class='ocrx_word' id='word_1_60' title='bbox 3598 1025 3783 1091; x_wconf 89' lang='lat' dir='ltr'><strong>istius,</strong></span> 
     </span>
    </p>
   </div>
   <div class='ocr_carea' id='block_1_7' title="bbox 521 1125 3783 1220">
    <p class='ocr_par' dir='ltr' id='par_1_7' title="bbox 521 1125 3783 1220">
     <span class='ocr_line' id='line_1_7' title="bbox 521 1125 3783 1220; baseline 0.004 -35"><span class='ocrx_word' id='word_1_61' title='bbox 521 1131 577 1185; x_wconf 91' lang='lat' dir='ltr'><strong>in</strong></span> <span class='ocrx_word' id='word_1_62' title='bbox 611 1147 720 1202; x_wconf 87' lang='lat' dir='ltr'><strong>qua</strong></span> <span class='ocrx_word' id='word_1_63' title='bbox 751 1131 1003 1220; x_wconf 71' lang='lat' dir='ltr'><strong>degebat,</strong></span> <span class='ocrx_word' id='word_1_64' title='bbox 1023 1125 1177 1189; x_wconf 83' lang='lat' dir='ltr'><strong>urbis</strong></span> <span class='ocrx_word' id='word_1_65' title='bbox 1204 1131 1416 1205; x_wconf 84' lang='lat' dir='ltr'><strong>aliquot</strong></span> <span class='ocrx_word' id='word_1_66' title='bbox 1441 1130 1495 1190; x_wconf 87' lang='lat' dir='ltr'><strong>in</strong></span> <span class='ocrx_word' id='word_1_67' title='bbox 1530 1129 1668 1188; x_wconf 88' lang='lat' dir='ltr'><strong>locis</strong></span> <span class='ocrx_word' id='word_1_68' title='bbox 1695 1131 1812 1200; x_wconf 86' lang='lat' dir='ltr'><strong>ait;</strong></span> <span class='ocrx_word' id='word_1_69' title='bbox 1847 1131 2086 1189; x_wconf 79' lang='lat' dir='ltr'><strong>maxime</strong></span> <span class='ocrx_word' id='word_1_70' title='bbox 2113 1147 2245 1189; x_wconf 89' lang='lat' dir='ltr'><strong>vero</strong></span> <span class='ocrx_word' id='word_1_71' title='bbox 2269 1132 2335 1191; x_wconf 71' lang='lat' dir='ltr'><strong>in:</strong></span> <span class='ocrx_word' id='word_1_72' title='bbox 2358 1134 2600 1192; x_wconf 85' lang='lat' dir='ltr'><strong>secunda</strong></span> <span class='ocrx_word' id='word_1_73' title='bbox 2637 1134 2886 1202; x_wconf 82' lang='lat' dir='ltr'><strong>humilia,</strong></span> <span class='ocrx_word' id='word_1_74' title='bbox 2918 1149 3074 1193; x_wconf 88' lang='lat' dir='ltr'><strong>num.</strong></span> <span class='ocrx_word' id='word_1_75' title='bbox 3100 1135 3155 1203; x_wconf 84' lang='lat'><strong>5,</strong></span> <span class='ocrx_word' id='word_1_76' title='bbox 3195 1135 3290 1193; x_wconf 79' lang='lat' dir='ltr'><strong>ubi</strong></span> <span class='ocrx_word' id='word_1_77' title='bbox 3334 1139 3618 1196; x_wconf 74' lang='lat' dir='ltr'><strong>auditores</strong></span> <span class='ocrx_word' id='word_1_78' title='bbox 3661 1154 3783 1198; x_wconf 86' lang='lat' dir='ltr'><strong>car-</strong></span> 
     </span>
    </p>
   </div>
   <div class='ocr_carea' id='block_1_8' title="bbox 521 1243 3782 1319">
    <p class='ocr_par' dir='ltr' id='par_1_8' title="bbox 521 1243 3782 1319">
     <span class='ocr_line' id='line_1_8' title="bbox 521 1243 3782 1319; baseline 0.002 -18"><span class='ocrx_word' id='word_1_79' title='bbox 521 1260 682 1316; x_wconf 85' lang='lat' dir='ltr'><strong>pens,</strong></span> <span class='ocrx_word' id='word_1_80' title='bbox 711 1245 858 1319; x_wconf 87' lang='lat' dir='ltr'><strong>quod</strong></span> <span class='ocrx_word' id='word_1_81' title='bbox 892 1244 1111 1317; x_wconf 81' lang='lat' dir='ltr'><strong>quidam</strong></span> <span class='ocrx_word' id='word_1_82' title='bbox 1138 1259 1330 1303; x_wconf 82' lang='lat' dir='ltr'><strong>eorum</strong></span> <span class='ocrx_word' id='word_1_83' title='bbox 1365 1244 1421 1301; x_wconf 87' lang='lat' dir='ltr'><strong>in</strong></span> <span class='ocrx_word' id='word_1_84' title='bbox 1448 1244 1762 1314; x_wconf 80' lang='lat' dir='ltr'><strong>sacerdotes</strong></span> <span class='ocrx_word' id='word_1_85' title='bbox 1791 1243 1990 1316; x_wconf 83' lang='lat' dir='ltr'><strong>probra</strong></span> <span class='ocrx_word' id='word_1_86' title='bbox 2020 1253 2076 1303; x_wconf 83' lang='lat' dir='ltr'><strong>et</strong></span> <span class='ocrx_word' id='word_1_87' title='bbox 2108 1247 2362 1305; x_wconf 84' lang='lat' dir='ltr'><strong>convicia</strong></span> <span class='ocrx_word' id='word_1_88' title='bbox 2394 1247 2641 1318; x_wconf 78' lang='lat' dir='ltr'><strong>iacerent</strong></span> <span class='ocrx_word' id='word_1_89' title='bbox 2663 1287 2682 1315; x_wconf 92' lang='lat'><strong>,</strong></span> <span class='ocrx_word' id='word_1_90' title='bbox 2723 1247 2816 1304; x_wconf 87' lang='lat' dir='ltr'><strong>alii</strong></span> <span class='ocrx_word' id='word_1_91' title='bbox 2859 1262 2992 1304; x_wconf 89' lang='lat' dir='ltr'><strong>vero</strong></span> <span class='ocrx_word' id='word_1_92' title='bbox 3029 1251 3148 1304; x_wconf 73' lang='lat' dir='ltr'><strong>haec</strong></span> <span class='ocrx_word' id='word_1_93' title='bbox 3167 1247 3452 1306; x_wconf 83' lang='lat' dir='ltr'><strong>audich</strong></span> <span class='ocrx_word' id='word_1_94' title='bbox 3480 1249 3782 1307; x_wconf 84' lang='lat' dir='ltr'><strong>maledicos</strong></span> 
     </span>
    </p>
   </div>
   <div class='ocr_carea' id='block_1_9' title="bbox 523 1345 3785 1436">
    <p class='ocr_par' dir='ltr' id='par_1_9' title="bbox 523 1345 3785 1436">
     <span class='ocr_line' id='line_1_9' title="bbox 523 1345 3785 1436; baseline 0.001 -21"><span class='ocrx_word' id='word_1_95' title='bbox 523 1360 654 1418; x_wconf 84' lang='lat' dir='ltr'><strong>illos</strong></span> <span class='ocrx_word' id='word_1_96' title='bbox 686 1373 795 1418; x_wconf 75' lang='lat' dir='ltr'><strong>non</strong></span> <span class='ocrx_word' id='word_1_97' title='bbox 820 1368 1255 1430; x_wconf 81' lang='lat' dir='ltr'><strong>compescerent,</strong></span> <span class='ocrx_word' id='word_1_98' title='bbox 1285 1354 1417 1416; x_wconf 82' lang='lat' dir='ltr'><strong>talis</strong></span> <span class='ocrx_word' id='word_1_99' title='bbox 1443 1345 1628 1416; x_wconf 74' lang='lat' dir='ltr'><strong>fatur:</strong></span> <span class='ocrx_word' id='word_1_100' title='bbox 1661 1355 1804 1425; x_wconf 79' lang='lat' dir='ltr'><strong>Quid</strong></span> <span class='ocrx_word' id='word_1_101' title='bbox 1837 1359 1952 1414; x_wconf 74' lang='lat' dir='ltr'><strong>illis</strong></span> <span class='ocrx_word' id='word_1_102' title='bbox 1985 1360 2150 1430; x_wconf 81' lang='lat' dir='ltr'><strong>fuerit</strong></span> <span class='ocrx_word' id='word_1_103' title='bbox 2189 1360 2420 1427; x_wconf 77' lang='lat' dir='ltr'><strong>beatius,</strong></span> <span class='ocrx_word' id='word_1_104' title='bbox 2459 1362 2589 1433; x_wconf 69' lang='lat' dir='ltr'><strong>quid</strong></span> <span class='ocrx_word' id='word_1_105' title='bbox 2620 1372 2795 1418; x_wconf 76' lang='lat' dir='ltr'><strong>autem</strong></span> <span class='ocrx_word' id='word_1_106' title='bbox 2821 1361 2971 1418; x_wconf 67' lang='lat' dir='ltr'><strong>nobis</strong></span> <span class='ocrx_word' id='word_1_107' title='bbox 3016 1363 3258 1420; x_wconf 77' lang='lat' dir='ltr'><strong>miserius</strong></span> <span class='ocrx_word' id='word_1_108' title='bbox 3279 1365 3306 1420; x_wconf 67' lang='grc'>2</span> <span class='ocrx_word' id='word_1_109' title='bbox 3346 1362 3785 1436; x_wconf 66' lang='lat' dir='ltr'><strong>Quandoquidem</strong></span> 
     </span>
    </p>
   </div>
   <div class='ocr_carea' id='block_1_10' title="bbox 520 1451 3784 1548">
    <p class='ocr_par' dir='ltr' id='par_1_10' title="bbox 520 1451 3784 1548">
     <span class='ocr_line' id='line_1_10' title="bbox 520 1451 3784 1548; baseline 0.002 -21"><span class='ocrx_word' id='word_1_110' title='bbox 520 1469 608 1527; x_wconf 76' lang='lat' dir='ltr'><strong>illi</strong></span> <span class='ocrx_word' id='word_1_111' title='bbox 630 1471 940 1543; x_wconf 79' lang='lat' dir='ltr'><strong>sanguinem</strong></span> <span class='ocrx_word' id='word_1_112' title='bbox 965 1451 1017 1527; x_wconf 79' lang='lat' dir='ltr'><strong>et</strong></span> <span class='ocrx_word' id='word_1_113' title='bbox 1044 1473 1281 1527; x_wconf 71' lang='lat' dir='ltr'><strong>animum</strong></span> <span class='ocrx_word' id='word_1_114' title='bbox 1307 1486 1404 1543; x_wconf 78' lang='lat' dir='ltr'><strong>pro</strong></span> <span class='ocrx_word' id='word_1_115' title='bbox 1434 1473 1844 1543; x_wconf 73' lang='lat' dir='ltr'><strong>prcceptoribus</strong></span> <span class='ocrx_word' id='word_1_116' title='bbox 1878 1472 2294 1546; x_wconf 62' lang='lat' dir='ltr'><strong>profundebant,</strong></span> <span class='ocrx_word' id='word_1_117' title='bbox 2321 1489 2418 1531; x_wconf 86' lang='lat' dir='ltr'><strong>nos</strong></span> <span class='ocrx_word' id='word_1_118' title='bbox 2451 1485 2629 1530; x_wconf 83' lang='lat' dir='ltr'><strong>autem</strong></span> <span class='ocrx_word' id='word_1_119' title='bbox 2661 1490 2827 1547; x_wconf 80' lang='lat' dir='ltr'><strong>neque</strong></span> <span class='ocrx_word' id='word_1_120' title='bbox 2851 1474 3062 1530; x_wconf 71' lang='lat' dir='ltr'><strong>uerbum</strong></span> <span class='ocrx_word' id='word_1_121' title='bbox 3089 1491 3186 1546; x_wconf 79' lang='lat' dir='ltr'><strong>pro</strong></span> <span class='ocrx_word' id='word_1_122' title='bbox 3214 1477 3576 1533; x_wconf 71' lang='lat' dir='ltr'><strong>communibus</strong></span> <span class='ocrx_word' id='word_1_123' title='bbox 3604 1477 3784 1548; x_wconf 81' lang='lat' dir='ltr'><strong>patri-</strong></span> 
     </span>
    </p>
   </div>
   <div class='ocr_carea' id='block_1_11' title="bbox 522 1583 2097 1658">
    <p class='ocr_par' dir='ltr' id='par_1_11' title="bbox 522 1583 2097 1658">
     <span class='ocr_line' id='line_1_11' title="bbox 522 1583 2097 1658; baseline 0 -18"><span class='ocrx_word' id='word_1_124' title='bbox 522 1603 640 1651; x_wconf 79' lang='lat' dir='ltr'><strong>etts,</strong></span> <span class='ocrx_word' id='word_1_125' title='bbox 672 1587 813 1658; x_wconf 63' lang='grc' dir='ltr'><strong>ὑπὲρ</strong></span> <span class='ocrx_word' id='word_1_126' title='bbox 850 1584 960 1643; x_wconf 79' lang='grc' dir='ltr'><strong>τῶν</strong></span> <span class='ocrx_word' id='word_1_127' title='bbox 990 1583 1185 1640; x_wconf 76' lang='grc' dir='ltr'><strong>κοινῶν</strong></span> <span class='ocrx_word' id='word_1_128' title='bbox 1217 1584 1488 1658; x_wconf 69' lang='grc' dir='ltr'><strong>πατέρων,</strong></span> <span class='ocrx_word' id='word_1_129' title='bbox 1513 1587 1752 1641; x_wconf 83' lang='lat' dir='ltr'><strong>emittere</strong></span> <span class='ocrx_word' id='word_1_130' title='bbox 1777 1587 2057 1655; x_wconf 72' lang='lat' dir='ltr'><strong>audemus,</strong></span> <span class='ocrx_word' id='word_1_131' title='bbox 2093 1626 2097 1640; x_wconf 59' lang='grc' dir='ltr'><em>ς</em></span> 
     </span>
    </p>
   </div>
   <div class='ocr_carea' id='block_1_12' title="bbox 2204 1583 3785 1658">
    <p class='ocr_par' dir='ltr' id='par_1_12' title="bbox 2220 1587 3785 1645">
     <span class='ocr_line' id='line_1_12' title="bbox 2220 1587 3785 1645; baseline 0.001 -2"><span class='ocrx_word' id='word_1_132' title='bbox 2220 1604 2343 1645; x_wconf 77' lang='lat' dir='ltr'><strong>cuiu</strong></span> <span class='ocrx_word' id='word_1_133' title='bbox 2383 1588 2669 1644; x_wconf 79' lang='lat' dir='ltr'><strong>audiamus</strong></span> <span class='ocrx_word' id='word_1_134' title='bbox 2705 1587 2783 1644; x_wconf 80' lang='lat' dir='ltr'><strong>eis</strong></span> <span class='ocrx_word' id='word_1_135' title='bbox 2826 1587 3072 1643; x_wconf 74' lang='lat' dir='ltr'><strong>maledici</strong></span> <span class='ocrx_word' id='word_1_136' title='bbox 3111 1598 3160 1645; x_wconf 79' lang='lat' dir='ltr'><strong>et</strong></span> <span class='ocrx_word' id='word_1_137' title='bbox 3197 1587 3444 1644; x_wconf 72' lang='lat' dir='ltr'><strong>conviciis</strong></span> <span class='ocrx_word' id='word_1_138' title='bbox 3481 1603 3571 1644; x_wconf 88' lang='lat' dir='ltr'><strong>eos</strong></span> <span class='ocrx_word' id='word_1_139' title='bbox 3616 1588 3785 1644; x_wconf 76' lang='lat' dir='ltr'><strong>delic-</strong></span> 
     </span>
    </p>
   </div>
   <div class='ocr_carea' id='block_1_13' title="bbox 521 1698 3785 1789">
    <p class='ocr_par' dir='ltr' id='par_1_13' title="bbox 521 1698 3785 1789">
     <span class='ocr_line' id='line_1_13' title="bbox 521 1698 3785 1789; baseline 0.002 -35"><span class='ocrx_word' id='word_1_140' title='bbox 521 1700 718 1774; x_wconf 72' lang='lat' dir='ltr'><strong>staturi</strong></span> <span class='ocrx_word' id='word_1_141' title='bbox 748 1711 799 1755; x_wconf 84' lang='lat' dir='ltr'><strong>et</strong></span> <span class='ocrx_word' id='word_1_142' title='bbox 822 1715 859 1754; x_wconf 78' lang='lat' dir='ltr'><strong>ts</strong></span> <span class='ocrx_word' id='word_1_143' title='bbox 887 1701 998 1756; x_wconf 89' lang='lat' dir='ltr'><strong>suis</strong></span> <span class='ocrx_word' id='word_1_144' title='bbox 1027 1707 1079 1756; x_wconf 84' lang='lat' dir='ltr'><strong>et</strong></span> <span class='ocrx_word' id='word_1_145' title='bbox 1110 1700 1175 1760; x_wconf 77' lang='lat' dir='ltr'><strong>ab</strong></span> <span class='ocrx_word' id='word_1_146' title='bbox 1204 1701 1418 1768; x_wconf 78' lang='lat' dir='ltr'><strong>alienis,</strong></span> <span class='ocrx_word' id='word_1_147' title='bbox 1448 1699 1734 1758; x_wconf 59' lang='lat' dir='ltr'><strong>maledicos</strong></span> <span class='ocrx_word' id='word_1_148' title='bbox 1757 1717 1922 1789; x_wconf 70' lang='lat' dir='ltr'><strong>usque</strong></span> <span class='ocrx_word' id='word_1_149' title='bbox 1946 1701 2347 1771; x_wconf 76' lang='lat' dir='ltr'><strong>compescimus,</strong></span> <span class='ocrx_word' id='word_1_150' title='bbox 2377 1717 2543 1773; x_wconf 75' lang='lat' dir='ltr'><strong>neque</strong></span> <span class='ocrx_word' id='word_1_151' title='bbox 2576 1698 3026 1772; x_wconf 62' lang='lat' dir='ltr'><strong>reprehendimus,</strong></span> <span class='ocrx_word' id='word_1_152' title='bbox 3066 1717 3229 1772; x_wconf 62' lang='lat' dir='ltr'><strong>neque</strong></span> <span class='ocrx_word' id='word_1_153' title='bbox 3265 1702 3628 1773; x_wconf 67' lang='lat' dir='ltr'><strong>prohibemus.</strong></span> <span class='ocrx_word' id='word_1_154' title='bbox 3655 1699 3785 1758; x_wconf 68' lang='lat' dir='ltr'><strong>Bac</strong></span> 
     </span>
    </p>
   </div>
   <div class='ocr_carea' id='block_1_14' title="bbox 526 1804 3787 1898">
    <p class='ocr_par' dir='ltr' id='par_1_14' title="bbox 526 1804 3787 1898">
     <span class='ocr_line' id='line_1_14' title="bbox 526 1804 3787 1898; baseline 0.002 -29"><span class='ocrx_word' id='word_1_155' title='bbox 703 1831 814 1872; x_wconf 89' lang='lat' dir='ltr'><strong>no</strong></span> <span class='ocrx_word' id='word_1_156' title='bbox 839 1811 1096 1873; x_wconf 78' lang='lat' dir='ltr'><strong>videntur</strong></span> <span class='ocrx_word' id='word_1_157' title='bbox 1122 1832 1248 1873; x_wconf 86' lang='lat' dir='ltr'><strong>esse</strong></span> <span class='ocrx_word' id='word_1_158' title='bbox 1274 1817 1419 1874; x_wconf 86' lang='lat' dir='ltr'><strong>dicta</strong></span> <span class='ocrx_word' id='word_1_159' title='bbox 1450 1818 1836 1892; x_wconf 81' lang='lat' dir='ltr'><strong>Chrysostomi</strong></span> <span class='ocrx_word' id='word_1_160' title='bbox 1855 1819 1967 1891; x_wconf 81' lang='lat' dir='ltr'><strong>jam</strong></span> <span class='ocrx_word' id='word_1_161' title='bbox 1998 1819 2238 1892; x_wconf 80' lang='lat' dir='ltr'><strong>episcopi</strong></span> <span class='ocrx_word' id='word_1_162' title='bbox 2266 1817 2859 1890; x_wconf 79' lang='lat' dir='ltr'><strong>Constantinopolitanl</strong></span> <span class='ocrx_word' id='word_1_163' title='bbox 2891 1834 2905 1872; x_wconf 90' lang='lat'><strong>:</strong></span> <span class='ocrx_word' id='word_1_164' title='bbox 2935 1832 3112 1889; x_wconf 85' lang='lat' dir='ltr'><strong>neque</strong></span> <span class='ocrx_word' id='word_1_165' title='bbox 3139 1819 3286 1875; x_wconf 88' lang='lat' dir='ltr'><strong>enim</strong></span> <span class='ocrx_word' id='word_1_166' title='bbox 3315 1818 3406 1876; x_wconf 86' lang='lat' dir='ltr'><strong>ille</strong></span> <span class='ocrx_word' id='word_1_167' title='bbox 3432 1818 3546 1891; x_wconf 83' lang='lat' dir='ltr'><strong>jam</strong></span> <span class='ocrx_word' id='word_1_168' title='bbox 3566 1818 3787 1888; x_wconf 73' lang='lat' dir='ltr'><strong>episco~</strong></span> 
     </span>
    </p>
   </div>
   <div class='ocr_carea' id='block_1_15' title="bbox 523 1928 3790 2006">
    <p class='ocr_par' dir='ltr' id='par_1_15' title="bbox 523 1928 3790 2006">
     <span class='ocr_line' id='line_1_15' title="bbox 523 1928 3790 2006; baseline 0.001 -21"><span class='ocrx_word' id='word_1_169' title='bbox 523 1945 627 2000; x_wconf 88' lang='lat' dir='ltr'><strong>pus</strong></span> <span class='ocrx_word' id='word_1_170' title='bbox 648 1928 964 1992; x_wconf 86' lang='lat' dir='ltr'><strong>sacerdotes</strong></span> <span class='ocrx_word' id='word_1_171' title='bbox 987 1932 1133 2000; x_wconf 80' lang='lat' dir='ltr'><strong>illos,</strong></span> <span class='ocrx_word' id='word_1_172' title='bbox 1169 1935 1261 2005; x_wconf 82' lang='lat' dir='ltr'><strong>qui</strong></span> <span class='ocrx_word' id='word_1_173' title='bbox 1298 1934 1561 1990; x_wconf 70' lang='lat' dir='ltr'><strong>conviciis</strong></span> <span class='ocrx_word' id='word_1_174' title='bbox 1595 1934 2015 2006; x_wconf 79' lang='lat' dir='ltr'><strong>impetebantur,</strong></span> <span class='ocrx_word' id='word_1_175' title='bbox 2059 1949 2377 1991; x_wconf 83' lang='lat' dir='ltr'><strong>communes</strong></span> <span class='ocrx_word' id='word_1_176' title='bbox 2419 1942 2601 2005; x_wconf 82' lang='lat' dir='ltr'><strong>patres</strong></span> <span class='ocrx_word' id='word_1_177' title='bbox 2641 1933 3005 2005; x_wconf 72' lang='lat' dir='ltr'><strong>appellasset;</strong></span> <span class='ocrx_word' id='word_1_178' title='bbox 3058 1930 3170 1986; x_wconf 91' lang='lat' dir='ltr'><strong>veri</strong></span> <span class='ocrx_word' id='word_1_179' title='bbox 3217 1939 3398 1988; x_wconf 86' lang='lat' dir='ltr'><strong>autem</strong></span> <span class='ocrx_word' id='word_1_180' title='bbox 3429 1931 3668 1988; x_wconf 85' lang='lat' dir='ltr'><strong>similius</strong></span> <span class='ocrx_word' id='word_1_181' title='bbox 3699 1940 3790 1989; x_wconf 88' lang='lat' dir='ltr'><strong>est</strong></span> 
     </span>
    </p>
   </div>
   <div class='ocr_carea' id='block_1_16' title="bbox 523 2017 3789 2132">
    <p class='ocr_par' dir='ltr' id='par_1_16' title="bbox 523 2017 3789 2132">
     <span class='ocr_line' id='line_1_16' title="bbox 523 2017 3789 2132; baseline 0.001 -36"><span class='ocrx_word' id='word_1_182' title='bbox 523 2057 672 2110; x_wconf 90' lang='lat' dir='ltr'><strong>eum,</strong></span> <span class='ocrx_word' id='word_1_183' title='bbox 699 2061 825 2103; x_wconf 87' lang='lat' dir='ltr'><strong>cum</strong></span> <span class='ocrx_word' id='word_1_184' title='bbox 859 2047 1103 2105; x_wconf 82' lang='lat' dir='ltr'><strong>seniores</strong></span> <span class='ocrx_word' id='word_1_185' title='bbox 1138 2046 1395 2115; x_wconf 77' lang='lat' dir='ltr'><strong>Ecclesia:</strong></span> <span class='ocrx_word' id='word_1_186' title='bbox 1429 2046 1785 2132; x_wconf 69' lang='lat' dir='ltr'><strong>Antiocheam</strong></span> <span class='ocrx_word' id='word_1_187' title='bbox 1815 2045 2127 2104; x_wconf 81' lang='lat' dir='ltr'><strong>sacerdotes</strong></span> <span class='ocrx_word' id='word_1_188' title='bbox 2160 2049 2378 2120; x_wconf 88' lang='lat' dir='ltr'><strong>probris</strong></span> <span class='ocrx_word' id='word_1_189' title='bbox 2408 2054 2665 2104; x_wconf 85' lang='lat' dir='ltr'><strong>oneratos</strong></span> <span class='ocrx_word' id='word_1_190' title='bbox 2706 2053 2990 2111; x_wconf 79' lang='lat' dir='ltr'><strong>cerneret,</strong></span> <span class='ocrx_word' id='word_1_191' title='bbox 3014 2042 3236 2100; x_wconf 85' lang='lat' dir='ltr'><strong>eosdem</strong></span> <span class='ocrx_word' id='word_1_192' title='bbox 3275 2051 3492 2116; x_wconf 80' lang='lat' dir='ltr'><strong>patrum</strong></span> <span class='ocrx_word' id='word_1_193' title='bbox 3531 2017 3658 2102; x_wconf 74' lang='lat' dir='ltr'><strong>loco</strong></span> <span class='ocrx_word' id='word_1_194' title='bbox 3685 2044 3789 2100; x_wconf 81' lang='lat' dir='ltr'><strong>ba-</strong></span> 
     </span>
    </p>
   </div>
   <div class='ocr_carea' id='block_1_17' title="bbox 526 2264 3255 2292">
    <p class='ocr_par' dir='ltr' id='par_1_17' title="bbox 526 2264 3255 2292">
     <span class='ocr_line' id='line_1_17' title="bbox 526 2264 3255 2292; baseline 0 -3"><span class='ocrx_word' id='word_1_195' title='bbox 526 2264 3255 2292; x_wconf 45' lang='lat' dir='ltr'><strong>M—ﬂ—‘W</strong></span> 
     </span>
    </p>
   </div>
   <div class='ocr_carea' id='block_1_18' title="bbox 1907 2358 2408 2446">
    <p class='ocr_par' dir='ltr' id='par_1_18' title="bbox 1907 2358 2408 2446">
     <span class='ocr_line' id='line_1_18' title="bbox 1907 2358 2408 2446; baseline 0 -16"><span class='ocrx_word' id='word_1_196' title='bbox 1907 2358 2018 2430; x_wconf 87' lang='lat' dir='ltr'><strong>IN</strong></span> <span class='ocrx_word' id='word_1_197' title='bbox 2062 2358 2408 2446; x_wconf 85' lang='lat' dir='ltr'><strong>ILLUD,</strong></span> 
     </span>
    </p>
   </div>
   <div class='ocr_carea' id='block_1_19' title="bbox 733 2507 2097 2589">
    <p class='ocr_par' dir='ltr' id='par_1_19' title="bbox 733 2507 2097 2589">
     <span class='ocr_line' id='line_1_19' title="bbox 733 2507 2097 2589; baseline -0.003 -15"><span class='ocrx_word' id='word_1_198' title='bbox 733 2526 1059 2574; x_wconf 73' lang='lat' dir='ltr'><strong>sswrnu</strong></span> <span class='ocrx_word' id='word_1_199' title='bbox 1103 2524 1474 2573; x_wconf 67' lang='lat' dir='ltr'><strong>versuum</strong></span> <span class='ocrx_word' id='word_1_200' title='bbox 1519 2528 1600 2573; x_wconf 77' lang='grc' dir='ltr'><strong>ετ</strong></span> <span class='ocrx_word' id='word_1_201' title='bbox 1642 2525 1924 2581; x_wconf 69' lang='grc' dir='ltr'><strong>Αρυιωκ</strong></span> <span class='ocrx_word' id='word_1_202' title='bbox 1973 2507 2097 2589; x_wconf 79' lang='lat' dir='ltr'><strong>(Rt</strong></span> 
     </span>
    </p>
   </div>
   <div class='ocr_carea' id='block_1_20' title="bbox 2204 2507 3607 2589">
    <p class='ocr_par' dir='ltr' id='par_1_20' title="bbox 2251 2507 3607 2588">
     <span class='ocr_line' id='line_1_20' title="bbox 2251 2507 3607 2588; baseline 0.006 -20"><span class='ocrx_word' id='word_1_203' title='bbox 2251 2508 2349 2569; x_wconf 85' lang='lat'><strong>16.</strong></span> <span class='ocrx_word' id='word_1_204' title='bbox 2394 2507 2510 2588; x_wconf 88' lang='lat'><strong>3),</strong></span> <span class='ocrx_word' id='word_1_205' title='bbox 2548 2524 2628 2569; x_wconf 73' lang='grc' dir='ltr'><strong>ετ</strong></span> <span class='ocrx_word' id='word_1_206' title='bbox 2671 2524 2815 2582; x_wconf 62' lang='grc' dir='ltr'><strong>ρυλες</strong></span> <span class='ocrx_word' id='word_1_207' title='bbox 2857 2527 3272 2586; x_wconf 73' lang='lat' dir='ltr'><strong>ssquuurun,</strong></span> <span class='ocrx_word' id='word_1_208' title='bbox 3317 2529 3528 2576; x_wconf 70' lang='lat' dir='ltr'><strong>sanato</strong></span> <span class='ocrx_word' id='word_1_209' title='bbox 3560 2530 3607 2575; x_wconf 88' lang='grc' dir='ltr'><strong>ι.</strong></span> 
     </span>
    </p>
   </div>
   <div class='ocr_carea' id='block_1_21' title="bbox 1803 2667 2098 2683">
    <p class='ocr_par' dir='ltr' id='par_1_21' title="bbox 1803 2667 2098 2683">
     <span class='ocr_line' id='line_1_21' title="bbox 1803 2667 2098 2683; baseline -0.014 0"><span class='ocrx_word' id='word_1_210' title='bbox 1803 2667 2098 2683; x_wconf 44' lang='grc' dir='ltr'><strong>Ψ</strong></span> 
     </span>
    </p>
   </div>
   <div class='ocr_carea' id='block_1_22' title="bbox 585 2766 2099 2841">
    <p class='ocr_par' dir='ltr' id='par_1_22' title="bbox 585 2766 2099 2841">
     <span class='ocr_line' id='line_1_22' title="bbox 585 2766 2099 2841; baseline -0.003 -16"><span class='ocrx_word' id='word_1_211' title='bbox 585 2772 633 2825; x_wconf 88' lang='lat' dir='ltr'><strong>l.</strong></span> <span class='ocrx_word' id='word_1_212' title='bbox 666 2768 731 2826; x_wconf 83' lang='lat' dir='ltr'><strong>In</strong></span> <span class='ocrx_word' id='word_1_213' title='bbox 753 2769 1021 2840; x_wconf 81' lang='lat' dir='ltr'><strong>Scriptura</strong></span> <span class='ocrx_word' id='word_1_214' title='bbox 1047 2769 1523 2841; x_wconf 75' lang='lat' dir='ltr'><strong>niltilsuperﬂuum.</strong></span> <span class='ocrx_word' id='word_1_215' title='bbox 1553 2766 1598 2823; x_wconf 80' lang='grc' dir='ltr'><strong>[Ι</strong></span> <span class='ocrx_word' id='word_1_216' title='bbox 1601 2768 1699 2822; x_wconf 83' lang='lat' dir='ltr'><strong>nde</strong></span> <span class='ocrx_word' id='word_1_217' title='bbox 1733 2767 1946 2822; x_wconf 67' lang='lat' dir='ltr'><strong>trames</strong></span> <span class='ocrx_word' id='word_1_218' title='bbox 1964 2776 2099 2821; x_wconf 73' lang='lat' dir='ltr'><strong>nata</strong></span> 
     </span>
    </p>
   </div>
   <div class='ocr_carea' id='block_1_23' title="bbox 511 2859 2103 2918">
    <p class='ocr_par' dir='ltr' id='par_1_23' title="bbox 511 2859 2103 2918">
     <span class='ocr_line' id='line_1_23' title="bbox 511 2859 2103 2918; baseline -0.001 -1"><span class='ocrx_word' id='word_1_219' title='bbox 511 2872 650 2917; x_wconf 81' lang='lat' dir='ltr'><strong>sunt.</strong></span> <span class='ocrx_word' id='word_1_220' title='bbox 678 2893 749 2903; x_wconf 89' lang='lat'><em>—</em></span> <span class='ocrx_word' id='word_1_221' title='bbox 778 2861 969 2918; x_wconf 74' lang='lat' dir='ltr'><strong>Multos</strong></span> <span class='ocrx_word' id='word_1_222' title='bbox 1015 2860 1250 2918; x_wconf 85' lang='lat' dir='ltr'><strong>arbitror</strong></span> <span class='ocrx_word' id='word_1_223' title='bbox 1301 2875 1367 2916; x_wconf 82' lang='lat' dir='ltr'><strong>ex</strong></span> <span class='ocrx_word' id='word_1_224' title='bbox 1414 2860 1572 2916; x_wconf 90' lang='lat' dir='ltr'><strong>vobis</strong></span> <span class='ocrx_word' id='word_1_225' title='bbox 1621 2860 1804 2915; x_wconf 91' lang='lat' dir='ltr'><strong>mirari</strong></span> <span class='ocrx_word' id='word_1_226' title='bbox 1856 2859 2103 2915; x_wconf 90' lang='lat' dir='ltr'><strong>lectionis</strong></span> 
     </span>
    </p>
   </div>
   <div class='ocr_carea' id='block_1_24' title="bbox 514 2951 2101 3026">
    <p class='ocr_par' dir='ltr' id='par_1_24' title="bbox 514 2951 2101 3026">
     <span class='ocr_line' id='line_1_24' title="bbox 514 2951 2101 3026; baseline -0.003 -16"><span class='ocrx_word' id='word_1_227' title='bbox 514 2955 827 3026; x_wconf 63' lang='lat' dir='ltr'><strong>apostolica:</strong></span> <span class='ocrx_word' id='word_1_228' title='bbox 853 2956 1027 3010; x_wconf 87' lang='lat' dir='ltr'><strong>locum</strong></span> <span class='ocrx_word' id='word_1_229' title='bbox 1052 2955 1233 3018; x_wconf 89' lang='lat' dir='ltr'><strong>istum,</strong></span> <span class='ocrx_word' id='word_1_230' title='bbox 1275 2951 1359 3008; x_wconf 83' lang='lat' dir='ltr'><strong>vel</strong></span> <span class='ocrx_word' id='word_1_231' title='bbox 1403 2951 1582 3024; x_wconf 85' lang='lat' dir='ltr'><strong>potius</strong></span> <span class='ocrx_word' id='word_1_232' title='bbox 1627 2952 1803 3007; x_wconf 90' lang='lat' dir='ltr'><strong>minus</strong></span> <span class='ocrx_word' id='word_1_233' title='bbox 1849 2967 2101 3008; x_wconf 88' lang='lat' dir='ltr'><strong>necessa-</strong></span> 
     </span>
    </p>
   </div>
   <div class='ocr_carea' id='block_1_25' title="bbox 510 3042 2102 3114">
    <p class='ocr_par' dir='ltr' id='par_1_25' title="bbox 510 3042 2102 3114">
     <span class='ocr_line' id='line_1_25' title="bbox 510 3042 2102 3114; baseline -0.002 -15"><span class='ocrx_word' id='word_1_234' title='bbox 510 3047 642 3099; x_wconf 84' lang='lat' dir='ltr'><strong>riam</strong></span> <span class='ocrx_word' id='word_1_235' title='bbox 664 3059 727 3100; x_wconf 91' lang='lat' dir='ltr'><strong>ac</strong></span> <span class='ocrx_word' id='word_1_236' title='bbox 747 3058 1198 3114; x_wconf 80' lang='lat' dir='ltr'><strong>supervacaneam</strong></span> <span class='ocrx_word' id='word_1_237' title='bbox 1215 3042 1413 3097; x_wconf 86' lang='lat' dir='ltr'><strong>ducere</strong></span> <span class='ocrx_word' id='word_1_238' title='bbox 1434 3052 1638 3114; x_wconf 88' lang='lat' dir='ltr'><strong>partem</strong></span> <span class='ocrx_word' id='word_1_239' title='bbox 1663 3042 1816 3097; x_wconf 89' lang='lat' dir='ltr'><strong>istam</strong></span> <span class='ocrx_word' id='word_1_240' title='bbox 1838 3043 2102 3112; x_wconf 80' lang='lat' dir='ltr'><strong>epistolzr,</strong></span> 
     </span>
    </p>
   </div>
   <div class='ocr_carea' id='block_1_26' title="bbox 511 3132 2104 3205">
    <p class='ocr_par' dir='ltr' id='par_1_26' title="bbox 511 3132 2104 3205">
     <span class='ocr_line' id='line_1_26' title="bbox 511 3132 2104 3205; baseline -0.001 -17"><span class='ocrx_word' id='word_1_241' title='bbox 511 3136 654 3205; x_wconf 88' lang='lat' dir='ltr'><strong>quod</strong></span> <span class='ocrx_word' id='word_1_242' title='bbox 700 3135 1047 3191; x_wconf 78' lang='lat' dir='ltr'><strong>salutationes</strong></span> <span class='ocrx_word' id='word_1_243' title='bbox 1101 3145 1305 3190; x_wconf 89' lang='lat' dir='ltr'><strong>tantum</strong></span> <span class='ocrx_word' id='word_1_244' title='bbox 1360 3133 1669 3204; x_wconf 76' lang='lat' dir='ltr'><strong>frequentes</strong></span> <span class='ocrx_word' id='word_1_245' title='bbox 1704 3132 1894 3187; x_wconf 76' lang='lat' dir='ltr'><strong>habeat</strong></span> <span class='ocrx_word' id='word_1_246' title='bbox 1915 3148 1978 3188; x_wconf 89' lang='lat' dir='ltr'><strong>ac</strong></span> <span class='ocrx_word' id='word_1_247' title='bbox 2003 3133 2104 3187; x_wconf 82' lang='lat' dir='ltr'><strong>sibi</strong></span> 
     </span>
    </p>
   </div>
   <div class='ocr_carea' id='block_1_27' title="bbox 515 3211 2105 3295">
    <p class='ocr_par' dir='ltr' id='par_1_27' title="bbox 515 3211 2105 3295">
     <span class='ocr_line' id='line_1_27' title="bbox 515 3211 2105 3295; baseline -0.001 -15"><span class='ocrx_word' id='word_1_248' title='bbox 515 3228 743 3282; x_wconf 91' lang='lat' dir='ltr'><strong>invicem</strong></span> <span class='ocrx_word' id='word_1_249' title='bbox 795 3226 1164 3282; x_wconf 87' lang='lat' dir='ltr'><strong>succedentes.</strong></span> <span class='ocrx_word' id='word_1_250' title='bbox 1199 3228 1368 3293; x_wconf 77' lang='lat' dir='ltr'><strong>Quam</strong></span> <span class='ocrx_word' id='word_1_251' title='bbox 1399 3224 1469 3280; x_wconf 90' lang='lat' dir='ltr'><strong>ob</strong></span> <span class='ocrx_word' id='word_1_252' title='bbox 1512 3240 1729 3280; x_wconf 86' lang='lat' dir='ltr'><strong>causam</strong></span> <span class='ocrx_word' id='word_1_253' title='bbox 1760 3211 1813 3279; x_wconf 76' lang='lat' dir='ltr'><strong>et</strong></span> <span class='ocrx_word' id='word_1_254' title='bbox 1851 3224 1966 3295; x_wconf 88' lang='lat' dir='ltr'><strong>ipse</strong></span> <span class='ocrx_word' id='word_1_255' title='bbox 2005 3223 2105 3279; x_wconf 62' lang='lat' dir='ltr'><strong>hoc</strong></span> 
     </span>
    </p>
   </div>
   <div class='ocr_carea' id='block_1_28' title="bbox 511 3315 2105 3381">
    <p class='ocr_par' dir='ltr' id='par_1_28' title="bbox 511 3315 2105 3381">
     <span class='ocr_line' id='line_1_28' title="bbox 511 3315 2105 3381; baseline 0.001 -11"><span class='ocrx_word' id='word_1_256' title='bbox 511 3318 700 3372; x_wconf 87' lang='lat' dir='ltr'><strong>dicrno</strong></span> <span class='ocrx_word' id='word_1_257' title='bbox 748 3318 837 3373; x_wconf 88' lang='lat' dir='ltr'><strong>die</strong></span> <span class='ocrx_word' id='word_1_258' title='bbox 884 3333 1100 3374; x_wconf 83' lang='lat' dir='ltr'><strong>cursum</strong></span> <span class='ocrx_word' id='word_1_259' title='bbox 1143 3317 1400 3373; x_wconf 87' lang='lat' dir='ltr'><strong>orationis</strong></span> <span class='ocrx_word' id='word_1_260' title='bbox 1446 3315 1555 3371; x_wconf 86' lang='lat' dir='ltr'><strong>alio</strong></span> <span class='ocrx_word' id='word_1_261' title='bbox 1609 3315 1852 3381; x_wconf 79' lang='lat' dir='ltr'><strong>ﬂectens,</strong></span> <span class='ocrx_word' id='word_1_262' title='bbox 1905 3315 1974 3370; x_wconf 86' lang='lat' dir='ltr'><strong>ab</strong></span> <span class='ocrx_word' id='word_1_263' title='bbox 2014 3316 2105 3371; x_wconf 73' lang='lat' dir='ltr'><strong>illo</strong></span> 
     </span>
    </p>
   </div>
   <div class='ocr_carea' id='block_1_29' title="bbox 509 3406 2099 3478">
    <p class='ocr_par' dir='ltr' id='par_1_29' title="bbox 509 3406 2099 3478">
     <span class='ocr_line' id='line_1_29' title="bbox 509 3406 2099 3478; baseline -0.001 -17"><span class='ocrx_word' id='word_1_264' title='bbox 509 3406 782 3475; x_wconf 74' lang='lat' dir='ltr'><strong>digressus</strong></span> <span class='ocrx_word' id='word_1_265' title='bbox 807 3416 1123 3477; x_wconf 77' lang='lat' dir='ltr'><strong>argumento</strong></span> <span class='ocrx_word' id='word_1_266' title='bbox 1150 3406 1216 3460; x_wconf 91' lang='lat' dir='ltr'><strong>ad</strong></span> <span class='ocrx_word' id='word_1_267' title='bbox 1266 3407 1366 3462; x_wconf 87' lang='lat' dir='ltr'><strong>hoc</strong></span> <span class='ocrx_word' id='word_1_268' title='bbox 1394 3406 1661 3462; x_wconf 77' lang='lat' dir='ltr'><strong>divertere</strong></span> <span class='ocrx_word' id='word_1_269' title='bbox 1690 3421 1808 3460; x_wconf 90' lang='lat' dir='ltr'><strong>sum</strong></span> <span class='ocrx_word' id='word_1_270' title='bbox 1861 3415 2099 3478; x_wconf 87' lang='lat' dir='ltr'><strong>paratus,</strong></span> 
     </span>
    </p>
   </div>
   <div class='ocr_carea' id='block_1_30' title="bbox 495 3495 2099 3566">
    <p class='ocr_par' dir='ltr' id='par_1_30' title="bbox 495 3495 2099 3566">
     <span class='ocr_line' id='line_1_30' title="bbox 495 3495 2099 3566; baseline -0.001 -16"><span class='ocrx_word' id='word_1_271' title='bbox 495 3500 568 3550; x_wconf 76' lang='lat' dir='ltr'><strong>ut</strong></span> <span class='ocrx_word' id='word_1_272' title='bbox 598 3497 650 3550; x_wconf 91' lang='lat' dir='ltr'><strong>in</strong></span> <span class='ocrx_word' id='word_1_273' title='bbox 681 3497 848 3551; x_wconf 83' lang='lat' dir='ltr'><strong>sacris</strong></span> <span class='ocrx_word' id='word_1_274' title='bbox 877 3495 1162 3566; x_wconf 84' lang='lat' dir='ltr'><strong>Scriptnris</strong></span> <span class='ocrx_word' id='word_1_275' title='bbox 1188 3496 1316 3551; x_wconf 83' lang='lat' dir='ltr'><strong>nihil</strong></span> <span class='ocrx_word' id='word_1_276' title='bbox 1367 3511 1822 3566; x_wconf 89' lang='lat' dir='ltr'><strong>supervacaneum</strong></span> <span class='ocrx_word' id='word_1_277' title='bbox 1851 3511 1970 3552; x_wconf 88' lang='lat' dir='ltr'><strong>esse</strong></span> <span class='ocrx_word' id='word_1_278' title='bbox 2015 3497 2099 3550; x_wconf 87' lang='lat' dir='ltr'><strong>in-</strong></span> 
     </span>
    </p>
   </div>
   <div class='ocr_carea' id='block_1_31' title="bbox 511 3586 2100 3656">
    <p class='ocr_par' dir='ltr' id='par_1_31' title="bbox 511 3586 2100 3656">
     <span class='ocr_line' id='line_1_31' title="bbox 511 3586 2100 3656; baseline 0.001 -17"><span class='ocrx_word' id='word_1_279' title='bbox 511 3586 759 3656; x_wconf 79' lang='lat' dir='ltr'><strong>telligatis</strong></span> <span class='ocrx_word' id='word_1_280' title='bbox 806 3595 862 3641; x_wconf 90' lang='lat' dir='ltr'><strong>ct</strong></span> <span class='ocrx_word' id='word_1_281' title='bbox 915 3603 1018 3641; x_wconf 92' lang='lat' dir='ltr'><strong>non</strong></span> <span class='ocrx_word' id='word_1_282' title='bbox 1073 3587 1456 3653; x_wconf 83' lang='lat' dir='ltr'><strong>necessarium,</strong></span> <span class='ocrx_word' id='word_1_283' title='bbox 1518 3588 1630 3643; x_wconf 89' lang='lat' dir='ltr'><strong>sive</strong></span> <span class='ocrx_word' id='word_1_284' title='bbox 1680 3604 1839 3642; x_wconf 88' lang='lat' dir='ltr'><strong>unum</strong></span> <span class='ocrx_word' id='word_1_285' title='bbox 1885 3588 1988 3642; x_wconf 89' lang='lat' dir='ltr'><strong>iota</strong></span> <span class='ocrx_word' id='word_1_286' title='bbox 2012 3589 2100 3654; x_wconf 85' lang='lat' dir='ltr'><strong>sit,</strong></span> 
     </span>
    </p>
   </div>
   <div class='ocr_carea' id='block_1_32' title="bbox 516 3678 2101 3749">
    <p class='ocr_par' dir='ltr' id='par_1_32' title="bbox 516 3678 2101 3749">
     <span class='ocr_line' id='line_1_32' title="bbox 516 3678 2101 3749; baseline 0.001 -18"><span class='ocrx_word' id='word_1_287' title='bbox 516 3678 631 3732; x_wconf 90' lang='lat' dir='ltr'><strong>sive</strong></span> <span class='ocrx_word' id='word_1_288' title='bbox 657 3693 790 3748; x_wconf 78' lang='lat' dir='ltr'><strong>apex</strong></span> <span class='ocrx_word' id='word_1_289' title='bbox 819 3695 970 3744; x_wconf 90' lang='lat' dir='ltr'><strong>unus,</strong></span> <span class='ocrx_word' id='word_1_290' title='bbox 1000 3678 1110 3733; x_wconf 89' lang='lat' dir='ltr'><strong>imo</strong></span> <span class='ocrx_word' id='word_1_291' title='bbox 1137 3680 1298 3733; x_wconf 86' lang='lat' dir='ltr'><strong>etiam</strong></span> <span class='ocrx_word' id='word_1_292' title='bbox 1325 3679 1554 3748; x_wconf 77' lang='lat' dir='ltr'><strong>simplex</strong></span> <span class='ocrx_word' id='word_1_293' title='bbox 1578 3679 1831 3732; x_wconf 83' lang='lat' dir='ltr'><strong>salutatio</strong></span> <span class='ocrx_word' id='word_1_294' title='bbox 1850 3694 2101 3749; x_wconf 79' lang='lat' dir='ltr'><strong>magnum</strong></span> 
     </span>
    </p>
   </div>
   <div class='ocr_carea' id='block_1_33' title="bbox 513 3769 2102 3842">
    <p class='ocr_par' dir='ltr' id='par_1_33' title="bbox 513 3769 2102 3842">
     <span class='ocr_line' id='line_1_33' title="bbox 513 3769 2102 3842; baseline 0.001 -20"><span class='ocrx_word' id='word_1_295' title='bbox 513 3769 669 3823; x_wconf 87' lang='lat' dir='ltr'><strong>nobis</strong></span> <span class='ocrx_word' id='word_1_296' title='bbox 719 3769 936 3838; x_wconf 80' lang='lat' dir='ltr'><strong>pelagus</strong></span> <span class='ocrx_word' id='word_1_297' title='bbox 989 3769 1166 3842; x_wconf 88' lang='lat' dir='ltr'><strong>aperit</strong></span> <span class='ocrx_word' id='word_1_298' title='bbox 1195 3771 1602 3824; x_wconf 78' lang='lat' dir='ltr'><strong>sententiarum.</strong></span> <span class='ocrx_word' id='word_1_299' title='bbox 1627 3769 1764 3838; x_wconf 84' lang='lat' dir='ltr'><strong>Quid</strong></span> <span class='ocrx_word' id='word_1_300' title='bbox 1794 3769 1937 3832; x_wconf 89' lang='lat' dir='ltr'><strong>dico,</strong></span> <span class='ocrx_word' id='word_1_301' title='bbox 1969 3770 2102 3823; x_wconf 89' lang='lat' dir='ltr'><strong>sim-</strong></span> 
     </span>
    </p>
   </div>
   <div class='ocr_carea' id='block_1_34' title="bbox 514 3858 2103 3929">
    <p class='ocr_par' dir='ltr' id='par_1_34' title="bbox 514 3858 2103 3929">
     <span class='ocr_line' id='line_1_34' title="bbox 514 3858 2103 3929; baseline 0.001 -17"><span class='ocrx_word' id='word_1_302' title='bbox 514 3860 634 3928; x_wconf 82' lang='lat' dir='ltr'><strong>plex</strong></span> <span class='ocrx_word' id='word_1_303' title='bbox 660 3859 948 3915; x_wconf 82' lang='lat' dir='ltr'><strong>salutatio?</strong></span> <span class='ocrx_word' id='word_1_304' title='bbox 971 3858 1127 3929; x_wconf 63' lang='lat' dir='ltr'><strong>Sa&#39;pe</strong></span> <span class='ocrx_word' id='word_1_305' title='bbox 1162 3859 1243 3914; x_wconf 88' lang='lat' dir='ltr'><strong>vel</strong></span> <span class='ocrx_word' id='word_1_306' title='bbox 1297 3859 1464 3915; x_wconf 78' lang='lat' dir='ltr'><strong>litera:</strong></span> <span class='ocrx_word' id='word_1_307' title='bbox 1496 3858 1652 3914; x_wconf 87' lang='lat' dir='ltr'><strong>unius</strong></span> <span class='ocrx_word' id='word_1_308' title='bbox 1695 3859 1934 3915; x_wconf 86' lang='lat' dir='ltr'><strong>accessio</strong></span> <span class='ocrx_word' id='word_1_309' title='bbox 1964 3860 2103 3914; x_wconf 81' lang='lat' dir='ltr'><strong>inte-</strong></span> 
     </span>
    </p>
   </div>
   <div class='ocr_carea' id='block_1_35' title="bbox 513 3950 2100 4022">
    <p class='ocr_par' dir='ltr' id='par_1_35' title="bbox 513 3950 2100 4022">
     <span class='ocr_line' id='line_1_35' title="bbox 513 3950 2100 4022; baseline 0.003 -21"><span class='ocrx_word' id='word_1_310' title='bbox 513 3966 666 4019; x_wconf 68' lang='lat' dir='ltr'><strong>grum</strong></span> <span class='ocrx_word' id='word_1_311' title='bbox 713 3965 900 4020; x_wconf 73' lang='lat' dir='ltr'><strong>agmen</strong></span> <span class='ocrx_word' id='word_1_312' title='bbox 947 3950 1334 4006; x_wconf 82' lang='lat' dir='ltr'><strong>sententiarum</strong></span> <span class='ocrx_word' id='word_1_313' title='bbox 1383 3951 1608 4007; x_wconf 79' lang='lat' dir='ltr'><strong>invexit.</strong></span> <span class='ocrx_word' id='word_1_314' title='bbox 1666 3951 1841 4022; x_wconf 80' lang='lat' dir='ltr'><strong>Atque</strong></span> <span class='ocrx_word' id='word_1_315' title='bbox 1885 3950 1986 4005; x_wconf 83' lang='lat' dir='ltr'><strong>hoc</strong></span> <span class='ocrx_word' id='word_1_316' title='bbox 2045 3951 2100 4006; x_wconf 87' lang='lat' dir='ltr'><strong>in</strong></span> 
     </span>
    </p>
   </div>
   <div class='ocr_carea' id='block_1_36' title="bbox 517 4039 2099 4095">
    <p class='ocr_par' dir='ltr' id='par_1_36' title="bbox 517 4039 2099 4095">
     <span class='ocr_line' id='line_1_36' title="bbox 517 4039 2099 4095; baseline 0.001 -2"><span class='ocrx_word' id='word_1_317' title='bbox 517 4040 732 4094; x_wconf 87' lang='lat' dir='ltr'><strong>nomine</strong></span> <span class='ocrx_word' id='word_1_318' title='bbox 761 4039 987 4094; x_wconf 72' lang='lat' dir='ltr'><strong>Abralur</strong></span> <span class='ocrx_word' id='word_1_319' title='bbox 1020 4039 1204 4094; x_wconf 88' lang='lat' dir='ltr'><strong>videre</strong></span> <span class='ocrx_word' id='word_1_320' title='bbox 1224 4040 1366 4094; x_wconf 89' lang='lat' dir='ltr'><strong>licet.</strong></span> <span class='ocrx_word' id='word_1_321' title='bbox 1398 4043 1477 4094; x_wconf 79' lang='lat' dir='ltr'><strong>An</strong></span> <span class='ocrx_word' id='word_1_322' title='bbox 1507 4056 1613 4095; x_wconf 86' lang='lat' dir='ltr'><strong>non</strong></span> <span class='ocrx_word' id='word_1_323' title='bbox 1640 4041 1780 4094; x_wconf 86' lang='lat' dir='ltr'><strong>enim</strong></span> <span class='ocrx_word' id='word_1_324' title='bbox 1811 4039 2099 4095; x_wconf 87' lang='lat' dir='ltr'><strong>absurdum</strong></span> 
     </span>
    </p>
   </div>
   <div class='ocr_carea' id='block_1_37' title="bbox 512 4125 2098 4202">
    <p class='ocr_par' dir='ltr' id='par_1_37' title="bbox 512 4125 2098 4202">
     <span class='ocr_line' id='line_1_37' title="bbox 512 4125 2098 4202; baseline 0.002 -20"><span class='ocrx_word' id='word_1_325' title='bbox 512 4139 592 4186; x_wconf 78' lang='lat' dir='ltr'><strong>est</strong></span> <span class='ocrx_word' id='word_1_326' title='bbox 617 4146 736 4185; x_wconf 87' lang='lat' dir='ltr'><strong>eum</strong></span> <span class='ocrx_word' id='word_1_327' title='bbox 770 4131 1005 4202; x_wconf 77' lang='lat' dir='ltr'><strong>quidem,</strong></span> <span class='ocrx_word' id='word_1_328' title='bbox 1037 4131 1125 4200; x_wconf 89' lang='lat' dir='ltr'><strong>qui</strong></span> <span class='ocrx_word' id='word_1_329' title='bbox 1154 4125 1432 4199; x_wconf 83' lang='lat' dir='ltr'><strong>epistulam</strong></span> <span class='ocrx_word' id='word_1_330' title='bbox 1480 4129 1747 4199; x_wconf 87' lang='lat' dir='ltr'><strong>acceperit</strong></span> <span class='ocrx_word' id='word_1_331' title='bbox 1787 4132 1854 4183; x_wconf 82' lang='lat' dir='ltr'><strong>ab</strong></span> <span class='ocrx_word' id='word_1_332' title='bbox 1902 4132 2098 4199; x_wconf 76' lang='lat' dir='ltr'><strong>amico,</strong></span> 
     </span>
    </p>
   </div>
   <div class='ocr_carea' id='block_1_38' title="bbox 515 4208 2101 4291">
    <p class='ocr_par' dir='ltr' id='par_1_38' title="bbox 515 4208 2101 4291">
     <span class='ocr_line' id='line_1_38' title="bbox 515 4208 2101 4291; baseline 0.001 -17"><span class='ocrx_word' id='word_1_333' title='bbox 515 4237 621 4274; x_wconf 90' lang='lat' dir='ltr'><strong>non</strong></span> <span class='ocrx_word' id='word_1_334' title='bbox 642 4235 836 4289; x_wconf 87' lang='lat' dir='ltr'><strong>corpus</strong></span> <span class='ocrx_word' id='word_1_335' title='bbox 866 4228 1068 4276; x_wconf 89' lang='lat' dir='ltr'><strong>tantttm</strong></span> <span class='ocrx_word' id='word_1_336' title='bbox 1097 4208 1336 4289; x_wconf 62' lang='lat' dir='ltr'><strong>epistolas</strong></span> <span class='ocrx_word' id='word_1_337' title='bbox 1367 4221 1566 4291; x_wconf 67' lang='lat' dir='ltr'><strong>legere,</strong></span> <span class='ocrx_word' id='word_1_338' title='bbox 1596 4221 1688 4276; x_wconf 88' lang='lat' dir='ltr'><strong>sed</strong></span> <span class='ocrx_word' id='word_1_339' title='bbox 1716 4221 1876 4277; x_wconf 86' lang='lat' dir='ltr'><strong>etiam</strong></span> <span class='ocrx_word' id='word_1_340' title='bbox 1904 4221 1956 4274; x_wconf 90' lang='lat' dir='ltr'><strong>in</strong></span> <span class='ocrx_word' id='word_1_341' title='bbox 1998 4224 2101 4276; x_wconf 87' lang='lat' dir='ltr'><strong>line</strong></span> 
     </span>
    </p>
   </div>
   <div class='ocr_carea' id='block_1_39' title="bbox 515 4311 2101 4383">
    <p class='ocr_par' dir='ltr' id='par_1_39' title="bbox 515 4311 2101 4383">
     <span class='ocr_line' id='line_1_39' title="bbox 515 4311 2101 4383; baseline 0.003 -18"><span class='ocrx_word' id='word_1_342' title='bbox 515 4313 740 4381; x_wconf 74' lang='lat' dir='ltr'><strong>pasittm</strong></span> <span class='ocrx_word' id='word_1_343' title='bbox 770 4312 1163 4375; x_wconf 80' lang='lat' dir='ltr'><strong>salutationem,</strong></span> <span class='ocrx_word' id='word_1_344' title='bbox 1195 4321 1352 4381; x_wconf 88' lang='lat' dir='ltr'><strong>atque</strong></span> <span class='ocrx_word' id='word_1_345' title='bbox 1385 4311 1506 4367; x_wconf 86' lang='lat' dir='ltr'><strong>inde</strong></span> <span class='ocrx_word' id='word_1_346' title='bbox 1553 4314 1784 4368; x_wconf 79' lang='lat' dir='ltr'><strong>maxime</strong></span> <span class='ocrx_word' id='word_1_347' title='bbox 1824 4314 2101 4383; x_wconf 78' lang='lat' dir='ltr'><strong>scriptoris</strong></span> 
     </span>
    </p>
   </div>
   <div class='ocr_carea' id='block_1_40' title="bbox 511 4400 2099 4475">
    <p class='ocr_par' dir='ltr' id='par_1_40' title="bbox 511 4400 2099 4475">
     <span class='ocr_line' id='line_1_40' title="bbox 511 4400 2099 4475; baseline 0.001 -19"><span class='ocrx_word' id='word_1_348' title='bbox 511 4400 756 4456; x_wconf 79' lang='lat' dir='ltr'><strong>allectum</strong></span> <span class='ocrx_word' id='word_1_349' title='bbox 786 4402 1050 4471; x_wconf 83' lang='lat' dir='ltr'><strong>conjicere</strong></span> <span class='ocrx_word' id='word_1_350' title='bbox 1070 4441 1084 4466; x_wconf 94' lang='lat'><strong>,</strong></span> <span class='ocrx_word' id='word_1_351' title='bbox 1117 4417 1238 4455; x_wconf 89' lang='lat' dir='ltr'><strong>cum</strong></span> <span class='ocrx_word' id='word_1_352' title='bbox 1270 4418 1396 4456; x_wconf 73' lang='lat' dir='ltr'><strong>vrro</strong></span> <span class='ocrx_word' id='word_1_353' title='bbox 1423 4403 1621 4458; x_wconf 86' lang='lat' dir='ltr'><strong>scribat</strong></span> <span class='ocrx_word' id='word_1_354' title='bbox 1651 4403 1866 4471; x_wconf 84' lang='lat' dir='ltr'><strong>Paulus,</strong></span> <span class='ocrx_word' id='word_1_355' title='bbox 1892 4406 1972 4460; x_wconf 89' lang='lat' dir='ltr'><strong>vel</strong></span> <span class='ocrx_word' id='word_1_356' title='bbox 2002 4422 2099 4475; x_wconf 86' lang='lat' dir='ltr'><strong>po-</strong></span> 
     </span>
    </p>
   </div>
   <div class='ocr_carea' id='block_1_41' title="bbox 512 4493 2096 4566">
    <p class='ocr_par' dir='ltr' id='par_1_41' title="bbox 512 4493 2096 4566">
     <span class='ocr_line' id='line_1_41' title="bbox 512 4493 2096 4566; baseline 0.003 -18"><span class='ocrx_word' id='word_1_357' title='bbox 512 4502 616 4548; x_wconf 79' lang='lat' dir='ltr'><strong>tius</strong></span> <span class='ocrx_word' id='word_1_358' title='bbox 638 4511 742 4547; x_wconf 85' lang='lat' dir='ltr'><strong>tum</strong></span> <span class='ocrx_word' id='word_1_359' title='bbox 772 4494 985 4559; x_wconf 78' lang='lat' dir='ltr'><strong>Paulus,</strong></span> <span class='ocrx_word' id='word_1_360' title='bbox 1017 4493 1110 4549; x_wconf 82' lang='lat' dir='ltr'><strong>scd</strong></span> <span class='ocrx_word' id='word_1_361' title='bbox 1157 4494 1384 4564; x_wconf 77' lang='lat' dir='ltr'><strong>Spiritus</strong></span> <span class='ocrx_word' id='word_1_362' title='bbox 1429 4496 1597 4565; x_wconf 77' lang='lat' dir='ltr'><strong>gratia</strong></span> <span class='ocrx_word' id='word_1_363' title='bbox 1626 4495 1788 4550; x_wconf 89' lang='lat' dir='ltr'><strong>dictet</strong></span> <span class='ocrx_word' id='word_1_364' title='bbox 1816 4497 2096 4566; x_wconf 88' lang='lat' dir='ltr'><strong>epistolam</strong></span> 
     </span>
    </p>
   </div>
   <div class='ocr_carea' id='block_1_42' title="bbox 509 4585 2099 4660">
    <p class='ocr_par' dir='ltr' id='par_1_42' title="bbox 509 4585 2099 4660">
     <span class='ocr_line' id='line_1_42' title="bbox 509 4585 2099 4660; baseline 0.003 -22"><span class='ocrx_word' id='word_1_365' title='bbox 509 4586 576 4639; x_wconf 86' lang='lat' dir='ltr'><strong>ad</strong></span> <span class='ocrx_word' id='word_1_366' title='bbox 618 4587 873 4655; x_wconf 69' lang='lat' dir='ltr'><strong>integram</strong></span> <span class='ocrx_word' id='word_1_367' title='bbox 904 4585 1171 4640; x_wconf 85' lang='lat' dir='ltr'><strong>civitatem</strong></span> <span class='ocrx_word' id='word_1_368' title='bbox 1225 4601 1288 4640; x_wconf 89' lang='lat' dir='ltr'><strong>ac</strong></span> <span class='ocrx_word' id='word_1_369' title='bbox 1316 4596 1516 4640; x_wconf 87' lang='lat' dir='ltr'><strong>tantum</strong></span> <span class='ocrx_word' id='word_1_370' title='bbox 1574 4589 1844 4656; x_wconf 87' lang='lat' dir='ltr'><strong>populum,</strong></span> <span class='ocrx_word' id='word_1_371' title='bbox 1902 4600 1955 4643; x_wconf 89' lang='lat' dir='ltr'><strong>et</strong></span> <span class='ocrx_word' id='word_1_372' title='bbox 2003 4605 2099 4660; x_wconf 87' lang='lat' dir='ltr'><strong>per</strong></span> 
     </span>
    </p>
   </div>
   <div class='ocr_carea' id='block_1_43' title="bbox 512 4676 2095 4748">
    <p class='ocr_par' dir='ltr' id='par_1_43' title="bbox 512 4676 2095 4748">
     <span class='ocr_line' id='line_1_43' title="bbox 512 4676 2095 4748; baseline 0.001 -17"><span class='ocrx_word' id='word_1_373' title='bbox 512 4678 634 4732; x_wconf 87' lang='lat' dir='ltr'><strong>illos</strong></span> <span class='ocrx_word' id='word_1_374' title='bbox 657 4678 772 4730; x_wconf 84' lang='lat' dir='ltr'><strong>orbi</strong></span> <span class='ocrx_word' id='word_1_375' title='bbox 796 4688 1054 4731; x_wconf 86' lang='lat' dir='ltr'><strong>terrarum</strong></span> <span class='ocrx_word' id='word_1_376' title='bbox 1105 4676 1375 4744; x_wconf 86' lang='lat' dir='ltr'><strong>universo,</strong></span> <span class='ocrx_word' id='word_1_377' title='bbox 1409 4693 1866 4748; x_wconf 85' lang='lat' dir='ltr'><strong>supervacaneum</strong></span> <span class='ocrx_word' id='word_1_378' title='bbox 1897 4680 2095 4748; x_wconf 75' lang='lat' dir='ltr'><strong>aliquid</strong></span> 
     </span>
    </p>
   </div>
   <div class='ocr_carea' id='block_1_44' title="bbox 511 4771 2098 4843">
    <p class='ocr_par' dir='ltr' id='par_1_44' title="bbox 511 4771 2098 4843">
     <span class='ocr_line' id='line_1_44' title="bbox 511 4771 2098 4843; baseline 0.003 -19"><span class='ocrx_word' id='word_1_379' title='bbox 511 4785 722 4833; x_wconf 81' lang='lat' dir='ltr'><strong>eorum,</strong></span> <span class='ocrx_word' id='word_1_380' title='bbox 745 4785 864 4840; x_wconf 76' lang='lat' dir='ltr'><strong>qua:</strong></span> <span class='ocrx_word' id='word_1_381' title='bbox 886 4771 938 4823; x_wconf 91' lang='lat' dir='ltr'><strong>in</strong></span> <span class='ocrx_word' id='word_1_382' title='bbox 970 4785 1032 4823; x_wconf 89' lang='lat' dir='ltr'><strong>ea</strong></span> <span class='ocrx_word' id='word_1_383' title='bbox 1064 4779 1207 4834; x_wconf 88' lang='lat' dir='ltr'><strong>sunt,</strong></span> <span class='ocrx_word' id='word_1_384' title='bbox 1239 4771 1487 4825; x_wconf 80' lang='lat' dir='ltr'><strong>arbitrari</strong></span> <span class='ocrx_word' id='word_1_385' title='bbox 1535 4788 1706 4842; x_wconf 87' lang='lat' dir='ltr'><strong>caque</strong></span> <span class='ocrx_word' id='word_1_386' title='bbox 1736 4772 2098 4843; x_wconf 66' lang='lat' dir='ltr'><strong>pcrl&#39;unctoric</strong></span> 
     </span>
    </p>
   </div>
   <div class='ocr_carea' id='block_1_45' title="bbox 510 4862 2096 4931">
    <p class='ocr_par' dir='ltr' id='par_1_45' title="bbox 510 4862 2096 4931">
     <span class='ocr_line' id='line_1_45' title="bbox 510 4862 2096 4931; baseline 0.004 -17"><span class='ocrx_word' id='word_1_387' title='bbox 510 4876 844 4930; x_wconf 87' lang='lat' dir='ltr'><strong>percurrere,</strong></span> <span class='ocrx_word' id='word_1_388' title='bbox 875 4877 1044 4930; x_wconf 84' lang='lat' dir='ltr'><strong>neque</strong></span> <span class='ocrx_word' id='word_1_389' title='bbox 1071 4863 1306 4931; x_wconf 80' lang='lat' dir='ltr'><strong>cogitare</strong></span> <span class='ocrx_word' id='word_1_390' title='bbox 1361 4862 1498 4918; x_wconf 85' lang='lat' dir='ltr'><strong>hanc</strong></span> <span class='ocrx_word' id='word_1_391' title='bbox 1551 4864 1619 4918; x_wconf 90' lang='lat' dir='ltr'><strong>ob</strong></span> <span class='ocrx_word' id='word_1_392' title='bbox 1663 4879 1878 4918; x_wconf 87' lang='lat' dir='ltr'><strong>causam</strong></span> <span class='ocrx_word' id='word_1_393' title='bbox 1920 4867 2096 4920; x_wconf 83' lang='lat' dir='ltr'><strong>omnia</strong></span> 
     </span>
    </p>
   </div>
   <div class='ocr_carea' id='block_1_46' title="bbox 507 4953 2094 5027">
    <p class='ocr_par' dir='ltr' id='par_1_46' title="bbox 507 4953 2094 5027">
     <span class='ocr_line' id='line_1_46' title="bbox 507 4953 2094 5027; baseline 0.004 -22"><span class='ocrx_word' id='word_1_394' title='bbox 507 4965 705 5021; x_wconf 80' lang='lat' dir='ltr'><strong>susque</strong></span> <span class='ocrx_word' id='word_1_395' title='bbox 737 4953 909 5022; x_wconf 87' lang='lat' dir='ltr'><strong>deque</strong></span> <span class='ocrx_word' id='word_1_396' title='bbox 956 4953 1131 5007; x_wconf 81' lang='lat' dir='ltr'><strong>verti?</strong></span> <span class='ocrx_word' id='word_1_397' title='bbox 1163 4953 1271 5008; x_wconf 87' lang='lat' dir='ltr'><strong>Hoc</strong></span> <span class='ocrx_word' id='word_1_398' title='bbox 1317 4957 1458 5008; x_wconf 88' lang='lat' dir='ltr'><strong>enim</strong></span> <span class='ocrx_word' id='word_1_399' title='bbox 1489 4965 1586 5018; x_wconf 89' lang='lat' dir='ltr'><strong>est,</strong></span> <span class='ocrx_word' id='word_1_400' title='bbox 1618 4955 1719 5010; x_wconf 86' lang='lat' dir='ltr'><strong>hoc</strong></span> <span class='ocrx_word' id='word_1_401' title='bbox 1745 4957 1922 5026; x_wconf 83' lang='lat' dir='ltr'><strong>plane,</strong></span> <span class='ocrx_word' id='word_1_402' title='bbox 1955 4959 2094 5027; x_wconf 88' lang='lat' dir='ltr'><strong>quod</strong></span> 
     </span>
    </p>
   </div>
   <div class='ocr_carea' id='block_1_47' title="bbox 510 5044 2092 5116">
    <p class='ocr_par' dir='ltr' id='par_1_47' title="bbox 510 5044 2092 5116">
     <span class='ocr_line' id='line_1_47' title="bbox 510 5044 2092 5116; baseline 0.003 -20"><span class='ocrx_word' id='word_1_403' title='bbox 510 5057 756 5114; x_wconf 74' lang='lat' dir='ltr'><strong>magnam</strong></span> <span class='ocrx_word' id='word_1_404' title='bbox 788 5045 1161 5114; x_wconf 79' lang='lat' dir='ltr'><strong>negligentiam</strong></span> <span class='ocrx_word' id='word_1_405' title='bbox 1190 5044 1343 5098; x_wconf 84' lang='lat' dir='ltr'><strong>nobis</strong></span> <span class='ocrx_word' id='word_1_406' title='bbox 1390 5060 1452 5098; x_wconf 89' lang='lat' dir='ltr'><strong>ac</strong></span> <span class='ocrx_word' id='word_1_407' title='bbox 1500 5057 1765 5114; x_wconf 87' lang='lat' dir='ltr'><strong>torporem</strong></span> <span class='ocrx_word' id='word_1_408' title='bbox 1800 5049 2092 5116; x_wconf 79' lang='lat' dir='ltr'><strong>ingenerat,</strong></span> 
     </span>
    </p>
   </div>
   <div class='ocr_carea' id='block_1_48' title="bbox 507 5136 2094 5213">
    <p class='ocr_par' dir='ltr' id='par_1_48' title="bbox 507 5136 2094 5213">
     <span class='ocr_line' id='line_1_48' title="bbox 507 5136 2094 5213; baseline 0.004 -25"><span class='ocrx_word' id='word_1_409' title='bbox 507 5137 646 5213; x_wconf 84' lang='lat' dir='ltr'><strong>quod</strong></span> <span class='ocrx_word' id='word_1_410' title='bbox 680 5153 784 5190; x_wconf 90' lang='lat' dir='ltr'><strong>non</strong></span> <span class='ocrx_word' id='word_1_411' title='bbox 834 5153 1020 5191; x_wconf 79' lang='lat' dir='ltr'><strong>mnnes</strong></span> <span class='ocrx_word' id='word_1_412' title='bbox 1064 5136 1367 5205; x_wconf 67' lang='lat' dir='ltr'><strong>Scripturas</strong></span> <span class='ocrx_word' id='word_1_413' title='bbox 1411 5137 1670 5206; x_wconf 73' lang='lat' dir='ltr'><strong>legamus,</strong></span> <span class='ocrx_word' id='word_1_414' title='bbox 1719 5140 1810 5193; x_wconf 86' lang='lat' dir='ltr'><strong>sed</strong></span> <span class='ocrx_word' id='word_1_415' title='bbox 1866 5157 1926 5193; x_wconf 80' lang='lat' dir='ltr'><strong>ea</strong></span> <span class='ocrx_word' id='word_1_416' title='bbox 1977 5157 2094 5210; x_wconf 78' lang='lat' dir='ltr'><strong>qua:</strong></span> 
     </span>
    </p>
   </div>
   <div class='ocr_carea' id='block_1_49' title="bbox 509 5227 2094 5298">
    <p class='ocr_par' dir='ltr' id='par_1_49' title="bbox 509 5227 2094 5298">
     <span class='ocr_line' id='line_1_49' title="bbox 509 5227 2094 5298; baseline 0.001 -15"><span class='ocrx_word' id='word_1_417' title='bbox 509 5244 794 5283; x_wconf 75' lang='lat' dir='ltr'><strong>censemus</strong></span> <span class='ocrx_word' id='word_1_418' title='bbox 839 5227 1148 5282; x_wconf 83' lang='lat' dir='ltr'><strong>dilucidiora</strong></span> <span class='ocrx_word' id='word_1_419' title='bbox 1198 5231 1507 5298; x_wconf 78' lang='lat' dir='ltr'><strong>seliganms,</strong></span> <span class='ocrx_word' id='word_1_420' title='bbox 1543 5239 1854 5283; x_wconf 73' lang='lat' dir='ltr'><strong>cmterortun</strong></span> <span class='ocrx_word' id='word_1_421' title='bbox 1898 5233 2094 5285; x_wconf 77' lang='lat' dir='ltr'><strong>nullam</strong></span> 
     </span>
    </p>
   </div>
   <div class='ocr_carea' id='block_1_50' title="bbox 509 5318 2088 5383">
    <p class='ocr_par' dir='ltr' id='par_1_50' title="bbox 509 5318 2088 5383">
     <span class='ocr_line' id='line_1_50' title="bbox 509 5318 2088 5383; baseline 0.005 -12"><span class='ocrx_word' id='word_1_422' title='bbox 509 5320 766 5372; x_wconf 80' lang='lat' dir='ltr'><strong>rationem</strong></span> <span class='ocrx_word' id='word_1_423' title='bbox 822 5318 1128 5373; x_wconf 65' lang='lat' dir='ltr'><strong>habt-amns.</strong></span> <span class='ocrx_word' id='word_1_424' title='bbox 1166 5320 1276 5375; x_wconf 72' lang='lat' dir='ltr'><strong>lioc</strong></span> <span class='ocrx_word' id='word_1_425' title='bbox 1305 5321 1462 5374; x_wconf 84' lang='lat' dir='ltr'><strong>etiam</strong></span> <span class='ocrx_word' id='word_1_426' title='bbox 1520 5321 1754 5374; x_wconf 57' lang='grc' dir='ltr'><strong>ἣξει-ρεαδ</strong></span> <span class='ocrx_word' id='word_1_427' title='bbox 1782 5325 2088 5383; x_wconf 68' lang='lat' dir='ltr'><strong>introduxit.</strong></span> 
     </span>
    </p>
   </div>
   <div class='ocr_carea' id='block_1_51' title="bbox 507 5413 2091 5487">
    <p class='ocr_par' dir='ltr' id='par_1_51' title="bbox 507 5413 2091 5487">
     <span class='ocr_line' id='line_1_51' title="bbox 507 5413 2091 5487; baseline 0.005 -25"><span class='ocrx_word' id='word_1_428' title='bbox 507 5413 645 5481; x_wconf 80' lang='lat' dir='ltr'><strong>quod</strong></span> <span class='ocrx_word' id='word_1_429' title='bbox 681 5422 844 5464; x_wconf 64' lang='lat' dir='ltr'><strong>totu&#39;u</strong></span> <span class='ocrx_word' id='word_1_430' title='bbox 875 5428 1066 5482; x_wconf 64' lang='lat' dir='ltr'><strong>Corpus</strong></span> <span class='ocrx_word' id='word_1_431' title='bbox 1112 5415 1337 5466; x_wconf 59' lang='lat' dir='ltr'><strong>nolimus</strong></span> <span class='ocrx_word' id='word_1_432' title='bbox 1385 5415 1676 5483; x_wconf 72' lang='lat' dir='ltr'><strong>perlegere,</strong></span> <span class='ocrx_word' id='word_1_433' title='bbox 1732 5417 1974 5487; x_wconf 80' lang='lat' dir='ltr'><strong>qttodquc</strong></span> <span class='ocrx_word' id='word_1_434' title='bbox 2002 5433 2091 5471; x_wconf 84' lang='lat' dir='ltr'><strong>su-</strong></span> 
     </span>
    </p>
   </div>
   <div class='ocr_carea' id='block_1_52' title="bbox 507 5503 2091 5576">
    <p class='ocr_par' dir='ltr' id='par_1_52' title="bbox 507 5503 2091 5576">
     <span class='ocr_line' id='line_1_52' title="bbox 507 5503 2091 5576; baseline 0.005 -20"><span class='ocrx_word' id='word_1_435' title='bbox 507 5503 764 5571; x_wconf 71' lang='lat' dir='ltr'><strong>perﬂuum</strong></span> <span class='ocrx_word' id='word_1_436' title='bbox 825 5506 1016 5572; x_wconf 71' lang='lat' dir='ltr'><strong>aliquid</strong></span> <span class='ocrx_word' id='word_1_437' title='bbox 1071 5522 1128 5558; x_wconf 79' lang='lat' dir='ltr'><strong>cs</strong></span> <span class='ocrx_word' id='word_1_438' title='bbox 1159 5520 1189 5560; x_wconf 88' lang='lat' dir='ltr'><strong>c</strong></span> <span class='ocrx_word' id='word_1_439' title='bbox 1232 5509 1509 5576; x_wconf 41' lang='lat' dir='ltr'><strong>mutuaque</strong></span> <span class='ocrx_word' id='word_1_440' title='bbox 1565 5509 1917 5562; x_wconf 81' lang='lat' dir='ltr'><strong>necessarium</strong></span> <span class='ocrx_word' id='word_1_441' title='bbox 1950 5512 2091 5564; x_wconf 84' lang='lat' dir='ltr'><strong>arbi-</strong></span> 
     </span>
    </p>
   </div>
   <div class='ocr_carea' id='block_1_53' title="bbox 509 5596 2089 5664">
    <p class='ocr_par' dir='ltr' id='par_1_53' title="bbox 509 5596 2089 5664">
     <span class='ocr_line' id='line_1_53' title="bbox 509 5596 2089 5664; baseline 0.006 -19"><span class='ocrx_word' id='word_1_442' title='bbox 509 5607 724 5648; x_wconf 66' lang='lat' dir='ltr'><strong>te&#39;etttut.</strong></span> <span class='ocrx_word' id='word_1_443' title='bbox 764 5596 1044 5663; x_wconf 71' lang='lat' dir='ltr'><strong>Prup&#39;trrea</strong></span> <span class='ocrx_word' id='word_1_444' title='bbox 1080 5614 1173 5649; x_wconf 73' lang='lat' dir='ltr'><strong>nos</strong></span> <span class='ocrx_word' id='word_1_445' title='bbox 1201 5599 1248 5649; x_wconf 85' lang='lat' dir='ltr'><strong>iu</strong></span> <span class='ocrx_word' id='word_1_446' title='bbox 1282 5599 1379 5651; x_wconf 74' lang='lat' dir='ltr'><strong>alia</strong></span> <span class='ocrx_word' id='word_1_447' title='bbox 1407 5596 1619 5664; x_wconf 76' lang='lat' dir='ltr'><strong>quidem</strong></span> <span class='ocrx_word' id='word_1_448' title='bbox 1654 5602 1826 5651; x_wconf 77' lang='lat' dir='ltr'><strong>omnia</strong></span> <span class='ocrx_word' id='word_1_449' title='bbox 1860 5601 2089 5654; x_wconf 57' lang='lat' dir='ltr'><strong>situliuut</strong></span> 
     </span>
    </p>
   </div>
   <div class='ocr_carea' id='block_1_54' title="bbox 511 5686 2087 5758">
    <p class='ocr_par' dir='ltr' id='par_1_54' title="bbox 511 5686 2087 5758">
     <span class='ocr_line' id='line_1_54' title="bbox 511 5686 2087 5758; baseline 0.007 -21"><span class='ocrx_word' id='word_1_450' title='bbox 511 5703 661 5738; x_wconf 53' lang='lat' dir='ltr'><strong>(mare</strong></span> <span class='ocrx_word' id='word_1_451' title='bbox 693 5686 925 5742; x_wconf 53' lang='grc' dir='ltr'><strong>ςτιιιεζιῑγι</strong></span> <span class='ocrx_word' id='word_1_452' title='bbox 957 5705 1046 5753; x_wconf 56' lang='lat' dir='ltr'><strong>us,</strong></span> <span class='ocrx_word' id='word_1_453' title='bbox 1097 5706 1197 5741; x_wconf 73' lang='lat' dir='ltr'><strong>non</strong></span> <span class='ocrx_word' id='word_1_454' title='bbox 1230 5688 1278 5740; x_wconf 85' lang='lat' dir='ltr'><strong>iu</strong></span> <span class='ocrx_word' id='word_1_455' title='bbox 1330 5689 1592 5758; x_wconf 66' lang='lat' dir='ltr'><strong>sttperﬂua</strong></span> <span class='ocrx_word' id='word_1_456' title='bbox 1630 5703 1847 5752; x_wconf 50' lang='lat' dir='ltr'><strong>ﬂuuium,</strong></span> <span class='ocrx_word' id='word_1_457' title='bbox 1897 5693 1987 5746; x_wconf 58' lang='lat' dir='ltr'><strong>sud</strong></span> <span class='ocrx_word' id='word_1_458' title='bbox 2040 5707 2087 5748; x_wconf 70' lang='lat' dir='ltr'><strong>et.</strong></span> 
     </span>
    </p>
   </div>
   <div class='ocr_carea' id='block_1_55' title="bbox 2102 2645 2520 2699">
    <p class='ocr_par' dir='ltr' id='par_1_55' title="bbox 2102 2645 2520 2699">
     <span class='ocr_line' id='line_1_55' title="bbox 2102 2645 2520 2699; baseline 0.005 -10"><span class='ocrx_word' id='word_1_459' title='bbox 2102 2645 2520 2699; x_wconf 61' lang='lat' dir='ltr'><strong>m——-—.——</strong></span> 
     </span>
    </p>
   </div>
   <div class='ocr_carea' id='block_1_56' title="bbox 2215 2753 3814 2835">
    <p class='ocr_par' dir='ltr' id='par_1_56' title="bbox 2215 2753 3814 2835">
     <span class='ocr_line' id='line_1_56' title="bbox 2215 2753 3814 2835; baseline 0.001 -16"><span class='ocrx_word' id='word_1_460' title='bbox 2215 2765 2268 2819; x_wconf 93' lang='lat' dir='ltr'><strong>in</strong></span> <span class='ocrx_word' id='word_1_461' title='bbox 2297 2777 2360 2819; x_wconf 88' lang='lat' dir='ltr'><strong>ea</strong></span> <span class='ocrx_word' id='word_1_462' title='bbox 2381 2779 2500 2835; x_wconf 70' lang='lat' dir='ltr'><strong>qua:</strong></span> <span class='ocrx_word' id='word_1_463' title='bbox 2528 2761 2734 2817; x_wconf 87' lang='lat' dir='ltr'><strong>inutilia</strong></span> <span class='ocrx_word' id='word_1_464' title='bbox 2759 2768 2885 2816; x_wconf 91' lang='lat' dir='ltr'><strong>sunt</strong></span> <span class='ocrx_word' id='word_1_465' title='bbox 2904 2769 2960 2816; x_wconf 91' lang='lat' dir='ltr'><strong>et</strong></span> <span class='ocrx_word' id='word_1_466' title='bbox 2981 2760 3138 2816; x_wconf 79' lang='lat' dir='ltr'><strong>noxia</strong></span> <span class='ocrx_word' id='word_1_467' title='bbox 3162 2753 3181 2816; x_wconf 64' lang='grc' dir='ltr'><em>τ’</em></span> <span class='ocrx_word' id='word_1_468' title='bbox 3205 2759 3601 2832; x_wconf 88' lang='lat' dir='ltr'><strong>Scripturarunt</strong></span> <span class='ocrx_word' id='word_1_469' title='bbox 3626 2773 3814 2820; x_wconf 72' lang='lat' dir='ltr'><strong>autem</strong></span> 
     </span>
    </p>
   </div>
   <div class='ocr_carea' id='block_1_57' title="bbox 2214 2838 3812 2926">
    <p class='ocr_par' dir='ltr' id='par_1_57' title="bbox 2214 2838 3812 2926">
     <span class='ocr_line' id='line_1_57' title="bbox 2214 2838 3812 2926; baseline 0 -15"><span class='ocrx_word' id='word_1_470' title='bbox 2214 2856 2402 2926; x_wconf 90' lang='lat' dir='ltr'><strong>peritia</strong></span> <span class='ocrx_word' id='word_1_471' title='bbox 2433 2855 2720 2926; x_wconf 74' lang='lat' dir='ltr'><strong>negligitur</strong></span> <span class='ocrx_word' id='word_1_472' title='bbox 2736 2867 2800 2908; x_wconf 87' lang='lat' dir='ltr'><strong>ac</strong></span> <span class='ocrx_word' id='word_1_473' title='bbox 2824 2852 3137 2922; x_wconf 87' lang='lat' dir='ltr'><strong>despicitur.</strong></span> <span class='ocrx_word' id='word_1_474' title='bbox 3171 2853 3347 2924; x_wconf 81' lang='lat' dir='ltr'><strong>Atque</strong></span> <span class='ocrx_word' id='word_1_475' title='bbox 3377 2838 3450 2908; x_wconf 90' lang='lat' dir='ltr'><strong>illi</strong></span> <span class='ocrx_word' id='word_1_476' title='bbox 3474 2855 3691 2925; x_wconf 83' lang='lat' dir='ltr'><strong>quidem</strong></span> <span class='ocrx_word' id='word_1_477' title='bbox 3711 2857 3812 2926; x_wconf 89' lang='lat' dir='ltr'><strong>qui</strong></span> 
     </span>
    </p>
   </div>
   <div class='ocr_carea' id='block_1_58' title="bbox 2211 2944 3817 3026">
    <p class='ocr_par' dir='ltr' id='par_1_58' title="bbox 2211 2944 3817 3026">
     <span class='ocr_line' id='line_1_58' title="bbox 2211 2944 3817 3026; baseline -0.003 -22"><span class='ocrx_word' id='word_1_478' title='bbox 2211 2949 2524 3026; x_wconf 73' lang='lat' dir='ltr'><strong>certaminis</strong></span> <span class='ocrx_word' id='word_1_479' title='bbox 2580 2961 2841 3018; x_wconf 89' lang='lat' dir='ltr'><strong>equorum</strong></span> <span class='ocrx_word' id='word_1_480' title='bbox 2893 2944 3195 3017; x_wconf 86' lang='lat' dir='ltr'><strong>spectacula</strong></span> <span class='ocrx_word' id='word_1_481' title='bbox 3230 2944 3296 3000; x_wconf 90' lang='lat' dir='ltr'><strong>ad</strong></span> <span class='ocrx_word' id='word_1_482' title='bbox 3341 2955 3615 3017; x_wconf 88' lang='lat' dir='ltr'><strong>stuporem</strong></span> <span class='ocrx_word' id='word_1_483' title='bbox 3642 2961 3817 3020; x_wconf 69' lang='lat' dir='ltr'><strong>usque</strong></span> 
     </span>
    </p>
   </div>
   <div class='ocr_carea' id='block_1_59' title="bbox 2210 3038 3818 3108">
    <p class='ocr_par' dir='ltr' id='par_1_59' title="bbox 2210 3038 3818 3108">
     <span class='ocr_line' id='line_1_59' title="bbox 2210 3038 3818 3108; baseline -0.001 -12"><span class='ocrx_word' id='word_1_484' title='bbox 2210 3041 2492 3104; x_wconf 90' lang='lat' dir='ltr'><strong>mirantur,</strong></span> <span class='ocrx_word' id='word_1_485' title='bbox 2513 3047 2569 3094; x_wconf 90' lang='lat' dir='ltr'><strong>et</strong></span> <span class='ocrx_word' id='word_1_486' title='bbox 2583 3053 2799 3103; x_wconf 88' lang='lat' dir='ltr'><strong>nomen,</strong></span> <span class='ocrx_word' id='word_1_487' title='bbox 2816 3045 2870 3092; x_wconf 92' lang='lat' dir='ltr'><strong>et</strong></span> <span class='ocrx_word' id='word_1_488' title='bbox 2883 3051 3122 3106; x_wconf 68' lang='lat' dir='ltr'><strong>gregem,</strong></span> <span class='ocrx_word' id='word_1_489' title='bbox 3141 3044 3196 3092; x_wconf 92' lang='lat' dir='ltr'><strong>et</strong></span> <span class='ocrx_word' id='word_1_490' title='bbox 3210 3051 3399 3107; x_wconf 75' lang='lat' dir='ltr'><strong>genus,</strong></span> <span class='ocrx_word' id='word_1_491' title='bbox 3413 3046 3467 3092; x_wconf 90' lang='lat' dir='ltr'><strong>et</strong></span> <span class='ocrx_word' id='word_1_492' title='bbox 3490 3038 3736 3108; x_wconf 87' lang='lat' dir='ltr'><strong>patriam,</strong></span> <span class='ocrx_word' id='word_1_493' title='bbox 3754 3048 3818 3096; x_wconf 83' lang='lat' dir='ltr'><strong>et</strong></span> 
     </span>
    </p>
   </div>
   <div class='ocr_carea' id='block_1_60' title="bbox 2209 3126 3812 3198">
    <p class='ocr_par' dir='ltr' id='par_1_60' title="bbox 2209 3126 3812 3198">
     <span class='ocr_line' id='line_1_60' title="bbox 2209 3126 3812 3198; baseline -0.001 -13"><span class='ocrx_word' id='word_1_494' title='bbox 2209 3129 2580 3185; x_wconf 86' lang='lat' dir='ltr'><strong>educationem</strong></span> <span class='ocrx_word' id='word_1_495' title='bbox 2600 3143 2860 3198; x_wconf 89' lang='lat' dir='ltr'><strong>equorum</strong></span> <span class='ocrx_word' id='word_1_496' title='bbox 2888 3126 3299 3197; x_wconf 73' lang='lat' dir='ltr'><strong>diligentissime</strong></span> <span class='ocrx_word' id='word_1_497' title='bbox 3326 3137 3550 3198; x_wconf 88' lang='lat' dir='ltr'><strong>possunt</strong></span> <span class='ocrx_word' id='word_1_498' title='bbox 3577 3127 3812 3196; x_wconf 80' lang='lat' dir='ltr'><strong>referre,</strong></span> 
     </span>
    </p>
   </div>
   <div class='ocr_carea' id='block_1_61' title="bbox 2210 3219 3819 3302">
    <p class='ocr_par' dir='ltr' id='par_1_61' title="bbox 2210 3219 3819 3302">
     <span class='ocr_line' id='line_1_61' title="bbox 2210 3219 3819 3302; baseline 0 -25"><span class='ocrx_word' id='word_1_499' title='bbox 2210 3229 2370 3292; x_wconf 84' lang='lat' dir='ltr'><strong>atque</strong></span> <span class='ocrx_word' id='word_1_500' title='bbox 2408 3235 2579 3276; x_wconf 89' lang='lat' dir='ltr'><strong>annos</strong></span> <span class='ocrx_word' id='word_1_501' title='bbox 2619 3222 2762 3288; x_wconf 68' lang='lat' dir='ltr'><strong>vitae,</strong></span> <span class='ocrx_word' id='word_1_502' title='bbox 2791 3233 3085 3302; x_wconf 88' lang='lat' dir='ltr'><strong>cursusque</strong></span> <span class='ocrx_word' id='word_1_503' title='bbox 3116 3219 3531 3288; x_wconf 87' lang='lat' dir='ltr'><strong>vehementiam,</strong></span> <span class='ocrx_word' id='word_1_504' title='bbox 3581 3231 3638 3277; x_wconf 87' lang='lat' dir='ltr'><strong>et</strong></span> <span class='ocrx_word' id='word_1_505' title='bbox 3688 3222 3819 3293; x_wconf 85' lang='lat' dir='ltr'><strong>quis</strong></span> 
     </span>
    </p>
   </div>
   <div class='ocr_carea' id='block_1_62' title="bbox 2209 3311 3819 3386">
    <p class='ocr_par' dir='ltr' id='par_1_62' title="bbox 2209 3311 3819 3386">
     <span class='ocr_line' id='line_1_62' title="bbox 2209 3311 3819 3386; baseline 0.001 -16"><span class='ocrx_word' id='word_1_506' title='bbox 2209 3329 2330 3370; x_wconf 93' lang='lat' dir='ltr'><strong>cum</strong></span> <span class='ocrx_word' id='word_1_507' title='bbox 2362 3329 2469 3386; x_wconf 89' lang='lat' dir='ltr'><strong>quo</strong></span> <span class='ocrx_word' id='word_1_508' title='bbox 2493 3314 2538 3370; x_wconf 92' lang='lat' dir='ltr'><strong>si</strong></span> <span class='ocrx_word' id='word_1_509' title='bbox 2583 3313 2745 3368; x_wconf 83' lang='lat' dir='ltr'><strong>fuerit</strong></span> <span class='ocrx_word' id='word_1_510' title='bbox 2767 3312 3067 3383; x_wconf 87' lang='lat' dir='ltr'><strong>copulatus,</strong></span> <span class='ocrx_word' id='word_1_511' title='bbox 3091 3311 3372 3368; x_wconf 85' lang='lat' dir='ltr'><strong>victoriam</strong></span> <span class='ocrx_word' id='word_1_512' title='bbox 3411 3313 3726 3385; x_wconf 86' lang='lat' dir='ltr'><strong>reportabit,</strong></span> <span class='ocrx_word' id='word_1_513' title='bbox 3755 3322 3819 3371; x_wconf 85' lang='lat' dir='ltr'><strong>et</strong></span> 
     </span>
    </p>
   </div>
   <div class='ocr_carea' id='block_1_63' title="bbox 2207 3403 3814 3477">
    <p class='ocr_par' dir='ltr' id='par_1_63' title="bbox 2207 3403 3814 3477">
     <span class='ocr_line' id='line_1_63' title="bbox 2207 3403 3814 3477; baseline 0.001 -18"><span class='ocrx_word' id='word_1_514' title='bbox 2207 3407 2328 3477; x_wconf 84' lang='lat' dir='ltr'><strong>quis</strong></span> <span class='ocrx_word' id='word_1_515' title='bbox 2357 3420 2528 3476; x_wconf 84' lang='lat' dir='ltr'><strong>equus</strong></span> <span class='ocrx_word' id='word_1_516' title='bbox 2566 3421 2633 3460; x_wconf 80' lang='lat' dir='ltr'><strong>ex</strong></span> <span class='ocrx_word' id='word_1_517' title='bbox 2663 3404 2748 3460; x_wconf 89' lang='lat' dir='ltr'><strong>bis</strong></span> <span class='ocrx_word' id='word_1_518' title='bbox 2772 3404 2857 3460; x_wconf 90' lang='lat' dir='ltr'><strong>vel</strong></span> <span class='ocrx_word' id='word_1_519' title='bbox 2906 3403 3009 3459; x_wconf 87' lang='lat' dir='ltr'><strong>illis</strong></span> <span class='ocrx_word' id='word_1_520' title='bbox 3039 3403 3270 3460; x_wconf 84' lang='lat' dir='ltr'><strong>emissus</strong></span> <span class='ocrx_word' id='word_1_521' title='bbox 3297 3405 3625 3472; x_wconf 83' lang='lat' dir='ltr'><strong>carceribus,</strong></span> <span class='ocrx_word' id='word_1_522' title='bbox 3669 3413 3728 3461; x_wconf 88' lang='lat' dir='ltr'><strong>et</strong></span> <span class='ocrx_word' id='word_1_523' title='bbox 3775 3419 3814 3461; x_wconf 65' lang='grc' dir='ltr'>ι</span> 
     </span>
    </p>
   </div>
   <div class='ocr_carea' id='block_1_64' title="bbox 2207 3495 3814 3568">
    <p class='ocr_par' dir='ltr' id='par_1_64' title="bbox 2207 3495 3814 3568">
     <span class='ocr_line' id='line_1_64' title="bbox 2207 3495 3814 3568; baseline 0.001 -19"><span class='ocrx_word' id='word_1_524' title='bbox 2207 3511 2313 3566; x_wconf 86' lang='lat' dir='ltr'><strong>quo</strong></span> <span class='ocrx_word' id='word_1_525' title='bbox 2339 3497 2673 3568; x_wconf 77' lang='lat' dir='ltr'><strong>si&#39;agitatore</strong></span> <span class='ocrx_word' id='word_1_526' title='bbox 2699 3505 2935 3566; x_wconf 72' lang='lat' dir='ltr'><strong>regatur,</strong></span> <span class='ocrx_word' id='word_1_527' title='bbox 2966 3495 3144 3549; x_wconf 86' lang='lat' dir='ltr'><strong>vincet</strong></span> <span class='ocrx_word' id='word_1_528' title='bbox 3175 3496 3227 3549; x_wconf 94' lang='lat' dir='ltr'><strong>in</strong></span> <span class='ocrx_word' id='word_1_529' title='bbox 3249 3509 3431 3561; x_wconf 88' lang='lat' dir='ltr'><strong>cursu,</strong></span> <span class='ocrx_word' id='word_1_530' title='bbox 3461 3503 3515 3550; x_wconf 91' lang='lat' dir='ltr'><strong>et</strong></span> <span class='ocrx_word' id='word_1_531' title='bbox 3550 3495 3814 3551; x_wconf 86' lang='lat' dir='ltr'><strong>adversa-</strong></span> 
     </span>
    </p>
   </div>
   <div class='ocr_carea' id='block_1_65' title="bbox 2207 3583 3811 3655">
    <p class='ocr_par' dir='ltr' id='par_1_65' title="bbox 2207 3583 3811 3655">
     <span class='ocr_line' id='line_1_65' title="bbox 2207 3583 3811 3655; baseline 0 -15"><span class='ocrx_word' id='word_1_532' title='bbox 2207 3587 2343 3641; x_wconf 91' lang='lat' dir='ltr'><strong>rium</strong></span> <span class='ocrx_word' id='word_1_533' title='bbox 2394 3587 2693 3642; x_wconf 85' lang='lat' dir='ltr'><strong>antecedet.</strong></span> <span class='ocrx_word' id='word_1_534' title='bbox 2735 3584 2814 3639; x_wconf 86' lang='lat' dir='ltr'><strong>illi</strong></span> <span class='ocrx_word' id='word_1_535' title='bbox 2848 3586 3007 3640; x_wconf 90' lang='lat' dir='ltr'><strong>etiam</strong></span> <span class='ocrx_word' id='word_1_536' title='bbox 3055 3583 3146 3655; x_wconf 88' lang='lat' dir='ltr'><strong>qui</strong></span> <span class='ocrx_word' id='word_1_537' title='bbox 3180 3583 3550 3640; x_wconf 87' lang='lat' dir='ltr'><strong>saltationibus</strong></span> <span class='ocrx_word' id='word_1_538' title='bbox 3593 3593 3811 3654; x_wconf 83' lang='lat' dir='ltr'><strong>vacant,</strong></span> 
     </span>
    </p>
   </div>
   <div class='ocr_carea' id='block_1_66' title="bbox 2207 3673 3815 3747">
    <p class='ocr_par' dir='ltr' id='par_1_66' title="bbox 2207 3673 3815 3747">
     <span class='ocr_line' id='line_1_66' title="bbox 2207 3673 3815 3747; baseline -0.001 -16"><span class='ocrx_word' id='word_1_539' title='bbox 2207 3677 2376 3732; x_wconf 82' lang='lat' dir='ltr'><strong>nihilo</strong></span> <span class='ocrx_word' id='word_1_540' title='bbox 2402 3678 2665 3733; x_wconf 88' lang='lat' dir='ltr'><strong>minorem</strong></span> <span class='ocrx_word' id='word_1_541' title='bbox 2696 3690 2853 3747; x_wconf 88' lang='lat' dir='ltr'><strong>quam</strong></span> <span class='ocrx_word' id='word_1_542' title='bbox 2899 3676 3016 3741; x_wconf 85' lang='lat' dir='ltr'><strong>isti,</strong></span> <span class='ocrx_word' id='word_1_543' title='bbox 3046 3673 3141 3729; x_wconf 88' lang='lat' dir='ltr'><strong>sed</strong></span> <span class='ocrx_word' id='word_1_544' title='bbox 3171 3683 3228 3729; x_wconf 90' lang='lat' dir='ltr'><strong>et</strong></span> <span class='ocrx_word' id='word_1_545' title='bbox 3253 3674 3512 3743; x_wconf 86' lang='lat' dir='ltr'><strong>majorem</strong></span> <span class='ocrx_word' id='word_1_546' title='bbox 3533 3690 3658 3747; x_wconf 68' lang='lat' dir='ltr'><strong>erga</strong></span> <span class='ocrx_word' id='word_1_547' title='bbox 3685 3674 3815 3732; x_wconf 83' lang='lat' dir='ltr'><strong>illos</strong></span> 
     </span>
    </p>
   </div>
   <div class='ocr_carea' id='block_1_67' title="bbox 2207 3764 3816 3838">
    <p class='ocr_par' dir='ltr' id='par_1_67' title="bbox 2207 3764 3816 3838">
     <span class='ocr_line' id='line_1_67' title="bbox 2207 3764 3816 3838; baseline -0.001 -16"><span class='ocrx_word' id='word_1_548' title='bbox 2207 3769 2296 3838; x_wconf 90' lang='lat' dir='ltr'><strong>qui</strong></span> <span class='ocrx_word' id='word_1_549' title='bbox 2326 3768 2378 3822; x_wconf 92' lang='lat' dir='ltr'><strong>in</strong></span> <span class='ocrx_word' id='word_1_550' title='bbox 2411 3766 2634 3822; x_wconf 87' lang='lat' dir='ltr'><strong>theatris</strong></span> <span class='ocrx_word' id='word_1_551' title='bbox 2687 3765 2939 3821; x_wconf 89' lang='lat' dir='ltr'><strong>indecore</strong></span> <span class='ocrx_word' id='word_1_552' title='bbox 2970 3779 3029 3819; x_wconf 90' lang='lat' dir='ltr'><strong>se</strong></span> <span class='ocrx_word' id='word_1_553' title='bbox 3057 3772 3271 3833; x_wconf 78' lang='lat' dir='ltr'><strong>gerunt,</strong></span> <span class='ocrx_word' id='word_1_554' title='bbox 3311 3764 3569 3818; x_wconf 88' lang='lat' dir='ltr'><strong>insaniam</strong></span> <span class='ocrx_word' id='word_1_555' title='bbox 3599 3779 3711 3834; x_wconf 74' lang='lat' dir='ltr'><strong>pra:</strong></span> <span class='ocrx_word' id='word_1_556' title='bbox 3747 3779 3816 3820; x_wconf 80' lang='lat' dir='ltr'><strong>se</strong></span> 
     </span>
    </p>
   </div>
   <div class='ocr_carea' id='block_1_68' title="bbox 2207 3855 3813 3926">
    <p class='ocr_par' dir='ltr' id='par_1_68' title="bbox 2207 3855 3813 3926">
     <span class='ocr_line' id='line_1_68' title="bbox 2207 3855 3813 3926; baseline -0.001 -14"><span class='ocrx_word' id='word_1_557' title='bbox 2207 3859 2403 3922; x_wconf 87' lang='lat' dir='ltr'><strong>lerunt,</strong></span> <span class='ocrx_word' id='word_1_558' title='bbox 2453 3858 2647 3913; x_wconf 89' lang='lat' dir='ltr'><strong>mimos</strong></span> <span class='ocrx_word' id='word_1_559' title='bbox 2696 3857 2817 3912; x_wconf 87' lang='lat' dir='ltr'><strong>dico</strong></span> <span class='ocrx_word' id='word_1_560' title='bbox 2867 3866 2920 3911; x_wconf 90' lang='lat' dir='ltr'><strong>et</strong></span> <span class='ocrx_word' id='word_1_561' title='bbox 2970 3855 3350 3923; x_wconf 86' lang='lat' dir='ltr'><strong>saltatriculas,</strong></span> <span class='ocrx_word' id='word_1_562' title='bbox 3385 3855 3512 3910; x_wconf 90' lang='lat' dir='ltr'><strong>dum</strong></span> <span class='ocrx_word' id='word_1_563' title='bbox 3547 3863 3602 3910; x_wconf 88' lang='lat' dir='ltr'><strong>et</strong></span> <span class='ocrx_word' id='word_1_564' title='bbox 3635 3870 3813 3926; x_wconf 73' lang='lat' dir='ltr'><strong>genus</strong></span> 
     </span>
    </p>
   </div>
   <div class='ocr_carea' id='block_1_69' title="bbox 2207 3947 3809 4020">
    <p class='ocr_par' dir='ltr' id='par_1_69' title="bbox 2207 3947 3809 4020">
     <span class='ocr_line' id='line_1_69' title="bbox 2207 3947 3809 4020; baseline 0 -15"><span class='ocrx_word' id='word_1_565' title='bbox 2207 3952 2440 4020; x_wconf 85' lang='lat' dir='ltr'><strong>ipsarum</strong></span> <span class='ocrx_word' id='word_1_566' title='bbox 2469 3958 2524 4004; x_wconf 89' lang='lat' dir='ltr'><strong>et</strong></span> <span class='ocrx_word' id='word_1_567' title='bbox 2559 3950 2785 4020; x_wconf 88' lang='lat' dir='ltr'><strong>patriam</strong></span> <span class='ocrx_word' id='word_1_568' title='bbox 2832 3957 2887 4002; x_wconf 88' lang='lat' dir='ltr'><strong>et</strong></span> <span class='ocrx_word' id='word_1_569' title='bbox 2928 3947 3301 4003; x_wconf 86' lang='lat' dir='ltr'><strong>educationem</strong></span> <span class='ocrx_word' id='word_1_570' title='bbox 3350 3959 3405 4003; x_wconf 92' lang='lat' dir='ltr'><strong>et</strong></span> <span class='ocrx_word' id='word_1_571' title='bbox 3457 3947 3558 4003; x_wconf 88' lang='lat' dir='ltr'><strong>alia</strong></span> <span class='ocrx_word' id='word_1_572' title='bbox 3611 3958 3809 4005; x_wconf 86' lang='lat' dir='ltr'><strong>cuncta</strong></span> 
     </span>
    </p>
   </div>
   <div class='ocr_carea' id='block_1_70' title="bbox 2205 4040 3811 4120">
    <p class='ocr_par' dir='ltr' id='par_1_70' title="bbox 2205 4040 3811 4120">
     <span class='ocr_line' id='line_1_70' title="bbox 2205 4040 3811 4120; baseline -0.002 -20"><span class='ocrx_word' id='word_1_573' title='bbox 2205 4049 2634 4120; x_wconf 61' lang='lat' dir='ltr'><strong>commemorgut</strong></span> <span class='ocrx_word' id='word_1_574' title='bbox 2662 4059 2676 4097; x_wconf 90' lang='lat'>:</span> <span class='ocrx_word' id='word_1_575' title='bbox 2705 4057 2806 4096; x_wconf 89' lang='lat' dir='ltr'><strong>nos</strong></span> <span class='ocrx_word' id='word_1_576' title='bbox 2830 4048 3008 4095; x_wconf 88' lang='lat' dir='ltr'><strong>autem</strong></span> <span class='ocrx_word' id='word_1_577' title='bbox 3055 4040 3100 4094; x_wconf 89' lang='lat' dir='ltr'><strong>si</strong></span> <span class='ocrx_word' id='word_1_578' title='bbox 3132 4040 3541 4110; x_wconf 75' lang='lat' dir='ltr'><strong>interrogemur,</strong></span> <span class='ocrx_word' id='word_1_579' title='bbox 3579 4050 3704 4110; x_wconf 92' lang='lat' dir='ltr'><strong>quot</strong></span> <span class='ocrx_word' id='word_1_580' title='bbox 3751 4051 3811 4096; x_wconf 81' lang='lat' dir='ltr'><strong>et</strong></span> 
     </span>
    </p>
   </div>
   <div class='ocr_carea' id='block_1_71' title="bbox 2204 4129 3808 4207">
    <p class='ocr_par' dir='ltr' id='par_1_71' title="bbox 2204 4129 3808 4207">
     <span class='ocr_line' id='line_1_71' title="bbox 2204 4129 3808 4207; baseline -0.001 -18"><span class='ocrx_word' id='word_1_581' title='bbox 2204 4152 2325 4207; x_wconf 72' lang='lat' dir='ltr'><strong>quae</strong></span> <span class='ocrx_word' id='word_1_582' title='bbox 2350 4136 2498 4190; x_wconf 84' lang='lat' dir='ltr'><strong>Pauli</strong></span> <span class='ocrx_word' id='word_1_583' title='bbox 2523 4135 2632 4188; x_wconf 89' lang='lat' dir='ltr'><strong>sint</strong></span> <span class='ocrx_word' id='word_1_584' title='bbox 2651 4132 2915 4202; x_wconf 86' lang='lat' dir='ltr'><strong>epistolae,</strong></span> <span class='ocrx_word' id='word_1_585' title='bbox 2946 4145 3014 4186; x_wconf 90' lang='lat' dir='ltr'><strong>ne</strong></span> <span class='ocrx_word' id='word_1_586' title='bbox 3040 4145 3321 4186; x_wconf 89' lang='lat' dir='ltr'><strong>numerum</strong></span> <span class='ocrx_word' id='word_1_587' title='bbox 3352 4129 3568 4199; x_wconf 84' lang='lat' dir='ltr'><strong>quidem</strong></span> <span class='ocrx_word' id='word_1_588' title='bbox 3601 4132 3808 4189; x_wconf 88' lang='lat' dir='ltr'><strong>scimus</strong></span> 
     </span>
    </p>
   </div>
   <div class='ocr_carea' id='block_1_72' title="bbox 2204 4220 3810 4297">
    <p class='ocr_par' dir='ltr' id='par_1_72' title="bbox 2204 4220 3810 4297">
     <span class='ocr_line' id='line_1_72' title="bbox 2204 4220 3810 4297; baseline -0.001 -16"><span class='ocrx_word' id='word_1_589' title='bbox 2204 4228 2527 4297; x_wconf 83' lang='lat' dir='ltr'><strong>exprimere.</strong></span> <span class='ocrx_word' id='word_1_590' title='bbox 2561 4223 2714 4292; x_wconf 84' lang='lat' dir='ltr'><strong>Quod</strong></span> <span class='ocrx_word' id='word_1_591' title='bbox 2738 4223 2781 4278; x_wconf 90' lang='lat' dir='ltr'><strong>si</strong></span> <span class='ocrx_word' id='word_1_592' title='bbox 2811 4222 2921 4279; x_wconf 89' lang='lat' dir='ltr'><strong>sint</strong></span> <span class='ocrx_word' id='word_1_593' title='bbox 2949 4220 3190 4277; x_wconf 90' lang='lat' dir='ltr'><strong>nonnulli</strong></span> <span class='ocrx_word' id='word_1_594' title='bbox 3208 4222 3296 4293; x_wconf 92' lang='lat' dir='ltr'><strong>qui</strong></span> <span class='ocrx_word' id='word_1_595' title='bbox 3322 4237 3603 4278; x_wconf 86' lang='lat' dir='ltr'><strong>numerum</strong></span> <span class='ocrx_word' id='word_1_596' title='bbox 3635 4239 3810 4280; x_wconf 84' lang='lat' dir='ltr'><strong>nove-</strong></span> 
     </span>
    </p>
   </div>
   <div class='ocr_carea' id='block_1_73' title="bbox 2205 4314 3810 4388">
    <p class='ocr_par' dir='ltr' id='par_1_73' title="bbox 2205 4314 3810 4388">
     <span class='ocr_line' id='line_1_73' title="bbox 2205 4314 3810 4388; baseline 0.001 -16"><span class='ocrx_word' id='word_1_597' title='bbox 2205 4323 2337 4381; x_wconf 76' lang='lat' dir='ltr'><strong>rint;</strong></span> <span class='ocrx_word' id='word_1_598' title='bbox 2357 4333 2600 4388; x_wconf 78' lang='lat' dir='ltr'><strong>quamam</strong></span> <span class='ocrx_word' id='word_1_599' title='bbox 2633 4325 2813 4371; x_wconf 91' lang='lat' dir='ltr'><strong>tamen</strong></span> <span class='ocrx_word' id='word_1_600' title='bbox 2861 4315 3025 4369; x_wconf 88' lang='lat' dir='ltr'><strong>urbes</strong></span> <span class='ocrx_word' id='word_1_601' title='bbox 3053 4314 3308 4383; x_wconf 86' lang='lat' dir='ltr'><strong>epistolas</strong></span> <span class='ocrx_word' id='word_1_602' title='bbox 3362 4315 3689 4384; x_wconf 89' lang='lat' dir='ltr'><strong>acceperint,</strong></span> <span class='ocrx_word' id='word_1_603' title='bbox 3758 4319 3810 4374; x_wconf 91' lang='lat' dir='ltr'><strong>si</strong></span> 
     </span>
    </p>
   </div>
   <div class='ocr_carea' id='block_1_74' title="bbox 2205 4405 3809 4478">
    <p class='ocr_par' dir='ltr' id='par_1_74' title="bbox 2205 4405 3809 4478">
     <span class='ocr_line' id='line_1_74' title="bbox 2205 4405 3809 4478; baseline 0.001 -16"><span class='ocrx_word' id='word_1_604' title='bbox 2205 4409 2618 4477; x_wconf 73' lang='lat' dir='ltr'><strong>interrogentur,</strong></span> <span class='ocrx_word' id='word_1_605' title='bbox 2652 4406 2776 4478; x_wconf 89' lang='lat' dir='ltr'><strong>quid</strong></span> <span class='ocrx_word' id='word_1_606' title='bbox 2805 4407 2874 4462; x_wconf 88' lang='lat' dir='ltr'><strong>sit</strong></span> <span class='ocrx_word' id='word_1_607' title='bbox 2921 4405 3356 4476; x_wconf 87' lang='lat' dir='ltr'><strong>respondendum</strong></span> <span class='ocrx_word' id='word_1_608' title='bbox 3403 4407 3668 4475; x_wconf 76' lang='lat' dir='ltr'><strong>ignorant.</strong></span> <span class='ocrx_word' id='word_1_609' title='bbox 3708 4410 3809 4464; x_wconf 82' lang='lat' dir='ltr'><strong>At-</strong></span> 
     </span>
    </p>
   </div>
   <div class='ocr_carea' id='block_1_75' title="bbox 2204 4496 3807 4570">
    <p class='ocr_par' dir='ltr' id='par_1_75' title="bbox 2204 4496 3807 4570">
     <span class='ocr_line' id='line_1_75' title="bbox 2204 4496 3807 4570; baseline 0.001 -16"><span class='ocrx_word' id='word_1_610' title='bbox 2204 4515 2309 4570; x_wconf 90' lang='lat' dir='ltr'><strong>que</strong></span> <span class='ocrx_word' id='word_1_611' title='bbox 2339 4501 2507 4553; x_wconf 85' lang='lat' dir='ltr'><strong>bomo</strong></span> <span class='ocrx_word' id='word_1_612' title='bbox 2547 4497 2762 4569; x_wconf 86' lang='lat' dir='ltr'><strong>quidem</strong></span> <span class='ocrx_word' id='word_1_613' title='bbox 2791 4496 3067 4554; x_wconf 86' lang='lat' dir='ltr'><strong>eunuchus</strong></span> <span class='ocrx_word' id='word_1_614' title='bbox 3113 4505 3168 4550; x_wconf 89' lang='lat' dir='ltr'><strong>et</strong></span> <span class='ocrx_word' id='word_1_615' title='bbox 3204 4496 3467 4551; x_wconf 87' lang='lat' dir='ltr'><strong>barbarus</strong></span> <span class='ocrx_word' id='word_1_616' title='bbox 3506 4497 3807 4555; x_wconf 89' lang='lat' dir='ltr'><strong>innumeris</strong></span> 
     </span>
    </p>
   </div>
   <div class='ocr_carea' id='block_1_76' title="bbox 2203 4575 3806 4662">
    <p class='ocr_par' dir='ltr' id='par_1_76' title="bbox 2203 4575 3806 4662">
     <span class='ocr_line' id='line_1_76' title="bbox 2203 4575 3806 4662; baseline 0 -16"><span class='ocrx_word' id='word_1_617' title='bbox 2203 4593 2347 4647; x_wconf 82' lang='lat' dir='ltr'><strong>cutis</strong></span> <span class='ocrx_word' id='word_1_618' title='bbox 2407 4575 2743 4662; x_wconf 66' lang='lat' dir='ltr'><strong>negotiisque</strong></span> <span class='ocrx_word' id='word_1_619' title='bbox 2794 4591 3080 4644; x_wconf 89' lang='lat' dir='ltr'><strong>distractus</strong></span> <span class='ocrx_word' id='word_1_620' title='bbox 3135 4588 3467 4654; x_wconf 87' lang='lat' dir='ltr'><strong>innumeris,</strong></span> <span class='ocrx_word' id='word_1_621' title='bbox 3525 4589 3594 4642; x_wconf 86' lang='lat' dir='ltr'><strong>ita</strong></span> <span class='ocrx_word' id='word_1_622' title='bbox 3650 4588 3806 4646; x_wconf 89' lang='lat' dir='ltr'><strong>libris</strong></span> 
     </span>
    </p>
   </div>
   <div class='ocr_carea' id='block_1_77' title="bbox 2201 4679 3804 4749">
    <p class='ocr_par' dir='ltr' id='par_1_77' title="bbox 2201 4679 3804 4749">
     <span class='ocr_line' id='line_1_77' title="bbox 2201 4679 3804 4749; baseline -0.001 -12"><span class='ocrx_word' id='word_1_623' title='bbox 2201 4685 2390 4739; x_wconf 78' lang='lat' dir='ltr'><strong>allixus</strong></span> <span class='ocrx_word' id='word_1_624' title='bbox 2430 4693 2568 4749; x_wconf 87' lang='lat' dir='ltr'><strong>erat,</strong></span> <span class='ocrx_word' id='word_1_625' title='bbox 2622 4692 2680 4737; x_wconf 90' lang='lat' dir='ltr'><strong>ut</strong></span> <span class='ocrx_word' id='word_1_626' title='bbox 2725 4698 2792 4736; x_wconf 90' lang='lat' dir='ltr'><strong>ne</strong></span> <span class='ocrx_word' id='word_1_627' title='bbox 2839 4680 3046 4734; x_wconf 88' lang='lat' dir='ltr'><strong>itiner&#39;s</strong></span> <span class='ocrx_word' id='word_1_628' title='bbox 3083 4679 3297 4749; x_wconf 85' lang='lat' dir='ltr'><strong>quidem</strong></span> <span class='ocrx_word' id='word_1_629' title='bbox 3349 4691 3588 4749; x_wconf 89' lang='lat' dir='ltr'><strong>tempore</strong></span> <span class='ocrx_word' id='word_1_630' title='bbox 3631 4681 3804 4737; x_wconf 80' lang='lat' dir='ltr'><strong>inter-</strong></span> 
     </span>
    </p>
   </div>
   <div class='ocr_carea' id='block_1_78' title="bbox 2201 4772 3804 4847">
    <p class='ocr_par' dir='ltr' id='par_1_78' title="bbox 2201 4772 3804 4847">
     <span class='ocr_line' id='line_1_78' title="bbox 2201 4772 3804 4847; baseline 0 -17"><span class='ocrx_word' id='word_1_631' title='bbox 2201 4778 2521 4847; x_wconf 75' lang='lat' dir='ltr'><strong>quiesceret,</strong></span> <span class='ocrx_word' id='word_1_632' title='bbox 2552 4775 2645 4830; x_wconf 90' lang='lat' dir='ltr'><strong>sed</strong></span> <span class='ocrx_word' id='word_1_633' title='bbox 2673 4776 2725 4829; x_wconf 93' lang='lat' dir='ltr'><strong>in</strong></span> <span class='ocrx_word' id='word_1_634' title='bbox 2769 4790 2934 4829; x_wconf 85' lang='lat' dir='ltr'><strong>curru</strong></span> <span class='ocrx_word' id='word_1_635' title='bbox 2990 4773 3184 4829; x_wconf 86' lang='lat' dir='ltr'><strong>sedens</strong></span> <span class='ocrx_word' id='word_1_636' title='bbox 3231 4773 3542 4843; x_wconf 67' lang='lat' dir='ltr'><strong>diligentem</strong></span> <span class='ocrx_word' id='word_1_637' title='bbox 3581 4772 3804 4830; x_wconf 86' lang='lat' dir='ltr'><strong>lectioni</strong></span> 
     </span>
    </p>
   </div>
   <div class='ocr_carea' id='block_1_79' title="bbox 2203 4864 3804 4940">
    <p class='ocr_par' dir='ltr' id='par_1_79' title="bbox 2203 4864 3804 4940">
     <span class='ocr_line' id='line_1_79' title="bbox 2203 4864 3804 4940; baseline -0.002 -14"><span class='ocrx_word' id='word_1_638' title='bbox 2203 4871 2493 4940; x_wconf 73' lang='lat' dir='ltr'><strong>Scriptura:</strong></span> <span class='ocrx_word' id='word_1_639' title='bbox 2551 4882 2767 4939; x_wconf 86' lang='lat' dir='ltr'><strong>operam</strong></span> <span class='ocrx_word' id='word_1_640' title='bbox 2821 4866 2974 4921; x_wconf 89' lang='lat' dir='ltr'><strong>daret</strong></span> <span class='ocrx_word' id='word_1_641' title='bbox 3024 4864 3174 4937; x_wconf 80' lang='lat' dir='ltr'><strong>(Act.</strong></span> <span class='ocrx_word' id='word_1_642' title='bbox 3216 4864 3269 4920; x_wconf 86' lang='lat'><strong>8.</strong></span> <span class='ocrx_word' id='word_1_643' title='bbox 3314 4864 3403 4919; x_wconf 72' lang='lat'><strong>27.</strong></span> <span class='ocrx_word' id='word_1_644' title='bbox 3453 4864 3623 4936; x_wconf 73' lang='lat' dir='ltr'><strong>seqq.)</strong></span> <span class='ocrx_word' id='word_1_645' title='bbox 3658 4882 3670 4918; x_wconf 91' lang='lat'><strong>:</strong></span> <span class='ocrx_word' id='word_1_646' title='bbox 3701 4882 3804 4922; x_wconf 80' lang='lat' dir='ltr'><strong>nos</strong></span> 
     </span>
    </p>
   </div>
   <div class='ocr_carea' id='block_1_80' title="bbox 2201 4955 3802 5032">
    <p class='ocr_par' dir='ltr' id='par_1_80' title="bbox 2201 4955 3802 5032">
     <span class='ocr_line' id='line_1_80' title="bbox 2201 4955 3802 5032; baseline -0.007 -17"><span class='ocrx_word' id='word_1_647' title='bbox 2201 4972 2379 5017; x_wconf 90' lang='lat' dir='ltr'><strong>autem</strong></span> <span class='ocrx_word' id='word_1_648' title='bbox 2419 4963 2508 5032; x_wconf 85' lang='lat' dir='ltr'><strong>qui</strong></span> <span class='ocrx_word' id='word_1_649' title='bbox 2541 4977 2607 5015; x_wconf 90' lang='lat' dir='ltr'><strong>ne</strong></span> <span class='ocrx_word' id='word_1_650' title='bbox 2633 4959 2849 5012; x_wconf 91' lang='lat' dir='ltr'><strong>minima</strong></span> <span class='ocrx_word' id='word_1_651' title='bbox 2877 4957 3090 5028; x_wconf 84' lang='lat' dir='ltr'><strong>quidem</strong></span> <span class='ocrx_word' id='word_1_652' title='bbox 3124 4964 3273 5025; x_wconf 85' lang='lat' dir='ltr'><strong>parte</strong></span> <span class='ocrx_word' id='word_1_653' title='bbox 3315 4955 3455 5010; x_wconf 87' lang='lat' dir='ltr'><strong>illius</strong></span> <span class='ocrx_word' id='word_1_654' title='bbox 3494 4957 3802 5026; x_wconf 51' lang='lat' dir='ltr'><strong>occupati».</strong></span> 
     </span>
    </p>
   </div>
   <div class='ocr_carea' id='block_1_81' title="bbox 2201 5044 3800 5120">
    <p class='ocr_par' dir='ltr' id='par_1_81' title="bbox 2201 5044 3800 5120">
     <span class='ocr_line' id='line_1_81' title="bbox 2201 5044 3800 5120; baseline -0.004 -13"><span class='ocrx_word' id='word_1_655' title='bbox 2201 5069 2326 5107; x_wconf 89' lang='lat' dir='ltr'><strong>num</strong></span> <span class='ocrx_word' id='word_1_656' title='bbox 2360 5066 2630 5120; x_wconf 76' lang='lat' dir='ltr'><strong>urgemur,</strong></span> <span class='ocrx_word' id='word_1_657' title='bbox 2656 5048 2737 5103; x_wconf 78' lang='lat' dir='ltr'><strong>vel</strong></span> <span class='ocrx_word' id='word_1_658' title='bbox 2768 5048 2896 5117; x_wconf 87' lang='lat' dir='ltr'><strong>ipsis</strong></span> <span class='ocrx_word' id='word_1_659' title='bbox 2923 5046 3227 5100; x_wconf 90' lang='lat' dir='ltr'><strong>nominibus</strong></span> <span class='ocrx_word' id='word_1_660' title='bbox 3253 5044 3596 5113; x_wconf 83' lang='lat' dir='ltr'><strong>cpistolarunt</strong></span> <span class='ocrx_word' id='word_1_661' title='bbox 3625 5053 3800 5100; x_wconf 73' lang='lat' dir='ltr'><strong>teneo</strong></span> 
     </span>
    </p>
   </div>
   <div class='ocr_carea' id='block_1_82' title="bbox 2198 5133 3799 5210">
    <p class='ocr_par' dir='ltr' id='par_1_82' title="bbox 2198 5133 3799 5210">
     <span class='ocr_line' id='line_1_82' title="bbox 2198 5133 3799 5210; baseline -0.006 -14"><span class='ocrx_word' id='word_1_662' title='bbox 2198 5159 2338 5206; x_wconf 88' lang='lat' dir='ltr'><strong>nmr,</strong></span> <span class='ocrx_word' id='word_1_663' title='bbox 2368 5141 2527 5210; x_wconf 90' lang='lat' dir='ltr'><strong>idque</strong></span> <span class='ocrx_word' id='word_1_664' title='bbox 2560 5155 2680 5195; x_wconf 88' lang='lat' dir='ltr'><strong>cum</strong></span> <span class='ocrx_word' id='word_1_665' title='bbox 2723 5137 2942 5207; x_wconf 78' lang='lat' dir='ltr'><strong>singulis</strong></span> <span class='ocrx_word' id='word_1_666' title='bbox 2971 5136 3160 5190; x_wconf 76' lang='lat' dir='ltr'><strong>diebus</strong></span> <span class='ocrx_word' id='word_1_667' title='bbox 3191 5133 3471 5188; x_wconf 89' lang='lat' dir='ltr'><strong>dominicis</strong></span> <span class='ocrx_word' id='word_1_668' title='bbox 3513 5133 3614 5187; x_wconf 85' lang='lat' dir='ltr'><strong>huc</strong></span> <span class='ocrx_word' id='word_1_669' title='bbox 3668 5150 3799 5190; x_wconf 85' lang='lat' dir='ltr'><strong>con-</strong></span> 
     </span>
    </p>
   </div>
   <div class='ocr_carea' id='block_1_83' title="bbox 2201 5223 3795 5295">
    <p class='ocr_par' dir='ltr' id='par_1_83' title="bbox 2201 5223 3795 5295">
     <span class='ocr_line' id='line_1_83' title="bbox 2201 5223 3795 5295; baseline -0.005 -9"><span class='ocrx_word' id='word_1_670' title='bbox 2201 5235 2503 5295; x_wconf 86' lang='lat' dir='ltr'><strong>vcniamus,</strong></span> <span class='ocrx_word' id='word_1_671' title='bbox 2550 5239 2602 5284; x_wconf 89' lang='lat' dir='ltr'><strong>et</strong></span> <span class='ocrx_word' id='word_1_672' title='bbox 2647 5228 2813 5282; x_wconf 86' lang='lat' dir='ltr'><strong>sacris</strong></span> <span class='ocrx_word' id='word_1_673' title='bbox 2848 5225 3164 5279; x_wconf 86' lang='lat' dir='ltr'><strong>lectionibus</strong></span> <span class='ocrx_word' id='word_1_674' title='bbox 3192 5223 3471 5278; x_wconf 68' lang='lat' dir='ltr'><strong>audiendis</strong></span> <span class='ocrx_word' id='word_1_675' title='bbox 3518 5238 3795 5278; x_wconf 87' lang='lat' dir='ltr'><strong>vacemus.</strong></span> 
     </span>
    </p>
   </div>
   <div class='ocr_carea' id='block_1_84' title="bbox 2202 5314 3796 5384">
    <p class='ocr_par' dir='ltr' id='par_1_84' title="bbox 2202 5314 3796 5384">
     <span class='ocr_line' id='line_1_84' title="bbox 2202 5314 3796 5384; baseline -0.006 -6"><span class='ocrx_word' id='word_1_676' title='bbox 2202 5322 2394 5378; x_wconf 72' lang='lat' dir='ltr'><strong>Verum</strong></span> <span class='ocrx_word' id='word_1_677' title='bbox 2437 5322 2578 5376; x_wconf 87' lang='lat' dir='ltr'><strong>enim</strong></span> <span class='ocrx_word' id='word_1_678' title='bbox 2631 5334 2758 5373; x_wconf 88' lang='lat' dir='ltr'><strong>vero</strong></span> <span class='ocrx_word' id='word_1_679' title='bbox 2790 5335 2854 5371; x_wconf 88' lang='lat' dir='ltr'><strong>ne</strong></span> <span class='ocrx_word' id='word_1_680' title='bbox 2888 5318 2938 5370; x_wconf 92' lang='lat' dir='ltr'><strong>in</strong></span> <span class='ocrx_word' id='word_1_681' title='bbox 2974 5317 3140 5370; x_wconf 82' lang='lat' dir='ltr'><strong>solam</strong></span> <span class='ocrx_word' id='word_1_682' title='bbox 3174 5314 3645 5384; x_wconf 69' lang='lat' dir='ltr'><strong>reprehensionem</strong></span> <span class='ocrx_word' id='word_1_683' title='bbox 3676 5330 3796 5369; x_wconf 88' lang='lat' dir='ltr'><strong>scr-</strong></span> 
     </span>
    </p>
   </div>
   <div class='ocr_carea' id='block_1_85' title="bbox 2199 5408 3798 5482">
    <p class='ocr_par' dir='ltr' id='par_1_85' title="bbox 2199 5408 3798 5482">
     <span class='ocr_line' id='line_1_85' title="bbox 2199 5408 3798 5482; baseline -0.004 -13"><span class='ocrx_word' id='word_1_684' title='bbox 2199 5432 2410 5469; x_wconf 83' lang='lat' dir='ltr'><strong>tnonem</strong></span> <span class='ocrx_word' id='word_1_685' title='bbox 2461 5412 2853 5482; x_wconf 77' lang='lat' dir='ltr'><strong>impendamus,</strong></span> <span class='ocrx_word' id='word_1_686' title='bbox 2906 5425 3001 5480; x_wconf 80' lang='lat' dir='ltr'><strong>age</strong></span> <span class='ocrx_word' id='word_1_687' title='bbox 3055 5408 3428 5464; x_wconf 84' lang='lat' dir='ltr'><strong>salutationem</strong></span> <span class='ocrx_word' id='word_1_688' title='bbox 3462 5409 3647 5476; x_wconf 86' lang='lat' dir='ltr'><strong>ipsam,</strong></span> <span class='ocrx_word' id='word_1_689' title='bbox 3678 5424 3798 5478; x_wconf 72' lang='lat' dir='ltr'><strong>qua:</strong></span> 
     </span>
    </p>
   </div>
   <div class='ocr_carea' id='block_1_86' title="bbox 2197 5499 3794 5575">
    <p class='ocr_par' dir='ltr' id='par_1_86' title="bbox 2197 5499 3794 5575">
     <span class='ocr_line' id='line_1_86' title="bbox 2197 5499 3794 5575; baseline -0.006 -14"><span class='ocrx_word' id='word_1_690' title='bbox 2197 5519 2591 5575; x_wconf 69' lang='lat' dir='ltr'><strong>supervacanea</strong></span> <span class='ocrx_word' id='word_1_691' title='bbox 2624 5504 2832 5556; x_wconf 82' lang='lat' dir='ltr'><strong>videtur</strong></span> <span class='ocrx_word' id='word_1_692' title='bbox 2861 5515 2979 5555; x_wconf 84' lang='lat' dir='ltr'><strong>esse</strong></span> <span class='ocrx_word' id='word_1_693' title='bbox 3022 5509 3182 5569; x_wconf 84' lang='lat' dir='ltr'><strong>atque</strong></span> <span class='ocrx_word' id='word_1_694' title='bbox 3222 5499 3543 5568; x_wconf 62' lang='lat' dir='ltr'><strong>itnpurtuna,</strong></span> <span class='ocrx_word' id='word_1_695' title='bbox 3595 5500 3645 5552; x_wconf 90' lang='lat' dir='ltr'><strong>in</strong></span> <span class='ocrx_word' id='word_1_696' title='bbox 3678 5515 3794 5552; x_wconf 82' lang='lat' dir='ltr'><strong>tne-</strong></span> 
     </span>
    </p>
   </div>
   <div class='ocr_carea' id='block_1_87' title="bbox 2197 5590 3796 5660">
    <p class='ocr_par' dir='ltr' id='par_1_87' title="bbox 2197 5590 3796 5660">
     <span class='ocr_line' id='line_1_87' title="bbox 2197 5590 3796 5660; baseline -0.004 -9"><span class='ocrx_word' id='word_1_697' title='bbox 2197 5599 2342 5652; x_wconf 81' lang='lat' dir='ltr'><strong>dium</strong></span> <span class='ocrx_word' id='word_1_698' title='bbox 2387 5596 2734 5651; x_wconf 87' lang='lat' dir='ltr'><strong>adducamus.</strong></span> <span class='ocrx_word' id='word_1_699' title='bbox 2790 5593 2844 5646; x_wconf 82' lang='lat' dir='ltr'><strong>Si</strong></span> <span class='ocrx_word' id='word_1_700' title='bbox 2901 5593 3041 5647; x_wconf 82' lang='lat' dir='ltr'><strong>enim</strong></span> <span class='ocrx_word' id='word_1_701' title='bbox 3097 5590 3413 5660; x_wconf 74' lang='lat' dir='ltr'><strong>explicetur,</strong></span> <span class='ocrx_word' id='word_1_702' title='bbox 3477 5604 3530 5644; x_wconf 79' lang='lat' dir='ltr'><strong>ct</strong></span> <span class='ocrx_word' id='word_1_703' title='bbox 3596 5592 3796 5645; x_wconf 72' lang='lat' dir='ltr'><strong>utilitas</strong></span> 
     </span>
    </p>
   </div>
   <div class='ocr_carea' id='block_1_88' title="bbox 2199 5685 3792 5760">
    <p class='ocr_par' dir='ltr' id='par_1_88' title="bbox 2199 5685 3792 5760">
     <span class='ocr_line' id='line_1_88' title="bbox 2199 5685 3792 5760; baseline -0.008 -13"><span class='ocrx_word' id='word_1_704' title='bbox 2199 5691 2532 5756; x_wconf 75' lang='lat' dir='ltr'><strong>ostendatur,</strong></span> <span class='ocrx_word' id='word_1_705' title='bbox 2565 5703 2720 5760; x_wconf 80' lang='lat' dir='ltr'><strong>quam</strong></span> <span class='ocrx_word' id='word_1_706' title='bbox 2750 5686 2885 5757; x_wconf 59' lang='lat' dir='ltr'><strong>parit</strong></span> <span class='ocrx_word' id='word_1_707' title='bbox 2919 5685 2984 5742; x_wconf 88' lang='lat' dir='ltr'><strong>iis</strong></span> <span class='ocrx_word' id='word_1_708' title='bbox 3027 5687 3113 5758; x_wconf 89' lang='lat' dir='ltr'><strong>qui</strong></span> <span class='ocrx_word' id='word_1_709' title='bbox 3143 5685 3424 5758; x_wconf 68' lang='lat' dir='ltr'><strong>diligenter</strong></span> <span class='ocrx_word' id='word_1_710' title='bbox 3447 5685 3792 5748; x_wconf 72' lang='lat' dir='ltr'><strong>attenderint,</strong></span> 
     </span>
    </p>
   </div>
  </div>
