4080 6428
213 394 312 454 ιω

210 519 319 564 uim
367 503 542 578 majus
580 517 765 562 eorum
822 501 1028 558 crimen
1073 499 1354 572 apparebit
1398 505 1452 553 et
1495 495 1688 566 culpa,
1729 495 1821 563 qui

211 610 389 659 tantos
407 609 763 656 contemnunt
792 597 1097 660 thesauros,
1121 606 1172 650 et
1196 594 1504 665 spiritu-des
1527 608 1557 645 e
1576 587 1823 644 manibus

210 709 343 764 opes
361 693 644 763 abjiciunt.
671 691 930 761 Qnaanam
955 691 1115 759 igitur
1143 697 1226 742 est
1254 685 1534 741 salutatio?
1565 682 1822 744 Salutate,

213 787 404 858 inquit,
439 769 733 841 Priscillam
758 794 805 838 et
827 783 1060 848 Aquilam
1082 781 1341 849 adjutores
1367 794 1504 832 meos
1530 777 1580 831 in
1609 775 1826 829 Domino

213 880 404 948 (Rom.
434 877 522 933 l6.
572 875 668 948 3).
712 874 902 930 Nonne
957 874 1169 928 videtur
1217 870 1356 925 nuda
1403 868 1647 940 quadam
1706 880 1829 921 csse

213 969 500 1030 salutatio.
555 982 732 1038 neque
780 965 1070 1037 quidquam
1114 978 1366 1034 magnum
1428 971 1521 1016 aut
1567 959 1826 1014 eximium

213 1059 366 1114 nobis
392 1058 672 1114 indicare?
697 1059 811 1128 Age
854 1057 1013 1128 igitur
1059 1056 1111 1111 in
1135 1070 1254 1110 eam
1283 1054 1453 1108 solam
1487 1061 1652 1107 totam
1689 1049 1828 1104 hanc

213 1149 724 1205 sermocinationem
756 1147 1130 1219 impendamus
1157 1163 1172 1200 :
1203 1147 1313 1200 imo
1371 1158 1501 1199 vero
1556 1159 1623 1198 ne
1669 1141 1831 1197 hodie

213 1240 432 1311 quidem
476 1241 777 1310 poterimus
805 1238 959 1293 vobis
988 1237 1256 1292 involutas
1283 1235 1493 1305 exiguis
1531 1233 1651 1289 istis
1679 1232 1830 1288 voci-

216 1335 314 1388 bus
341 1333 618 1403 explicare
639 1333 958 1393 sententias.
983 1331 1076 1386 sed
1111 1331 1164 1385 in
1195 1330 1428 1385 alterum
1469 1327 1612 1385 diem
1645 1342 1828 1383 rescr-

212 1441 343 1480 vare
371 1425 528 1481 vobis
554 1440 777 1481 necesse
804 1434 886 1479 est
907 1423 1421 1495 contemplationum
1447 1421 1686 1491 copiam,
1712 1435 1832 1489 qua:

213 1538 280 1578 ex
309 1522 473 1592 hujus
509 1522 717 1592 exigua:
746 1519 1085 1575 salutationis
1132 1517 1567 1573 consideratione
1611 1529 1836 1570 nascen-

215 1624 323 1670 tur.
349 1614 537 1685 Neque
555 1615 698 1668 enim
724 1624 887 1667 totam
913 1612 1056 1667 illam
1101 1623 1356 1666 enarrare
1378 1608 1559 1672 statui,
1589 1606 1683 1661 sed
1715 1621 1829 1674 par-

219 1717 328 1763 tem
350 1707 471 1777 ejus
501 1717 557 1762 et
589 1707 796 1760 initium
831 1716 991 1775 atque
1019 1703 1302 1760 exordium
1327 1709 1533 1756 tantum
1562 1717 1576 1753 :
1602 1696 1839 1753 Salutate

226 1798 522 1855 Priscillam
552 1809 600 1854 et
636 1797 896 1869 Aquilam.

290 1891 344 1946 2.
367 1892 499 1959 Quae
516 1892 566 1944 in
586 1891 680 1944 hac
691 1891 998 1945 salutatione
1009 1898 1126 1942 sunt
1142 1885 1535 1942 consideranda.
1556 1884 1656 1957 Opi
1660 1886 1780 1954 βία
1791 1893 1838 1938 et

223 2000 473 2056 pauperes
485 1983 676 2038 salutat
698 1979 1173 2035 Paulum—Primo
1185 1978 1402 2050 quidem
1422 1977 1568 2032 Pauli
1589 1977 1836 2031 virtutem

221 2079 555 2133 admiremur
566 2084 796 2145 oportet,
817 2073 958 2149 quod
983 2089 1105 2129 cum
1124 2073 1196 2127 illi
1218 2073 1381 2127 totius
1398 2071 1544 2127 orbis
1573 2079 1838 2125 terrarum

221 2178 362 2224 esset
379 2181 509 2223 cura
523 2165 832 2222 commissa.
853 2172 910 2218 et
923 2169 1652 2230 terram,mare,cunetasque
1663 2160 1841 2216 civita-

222 2274 435 2332 tesqua:
457 2261 559 2320 sub
577 2259 711 2316 cado
729 2270 872 2322 sunt,
887 2266 942 2313 et
957 2258 1216 2312 barbaros
1231 2264 1285 2312 et
1312 2255 1552 2317 Gnaeos.
1571 2264 1624 2309 et
1650 2263 1727 2308 tot
1749 2269 1842 2324 po-

225 2355 378 2425 pulos
400 2368 586 2409 secum
614 2351 1007 2415 circumferret,
1030 2348 1167 2405 adeo
1191 2349 1259 2404 de
1277 2349 1392 2403 viro
1416 2365 1521 2402 uno
1542 2346 1718 2418 deque
1737 2363 1840 2402 una

229 2445 453 2499 muliere
481 2444 748 2499 s'allicitus
775 2451 958 2508 esset;
1016 2441 1258 2496 secundo
1301 2440 1404 2496 hoc
1455 2440 1582 2495 item
1636 2441 1839 2494 miran-

227 2536 374 2600 dum,
399 2551 562 2607 quam
586 2535 822 2605 vigilanti
847 2549 912 2590 ac
930 2533 1166 2589 sollicito
1193 2543 1336 2589 esset
1359 2534 1539 2588 animo
1560 2533 1838 2604 prmditus,

228 2630 312 2697 qui
344 2628 718 2682 non‘bmnium
759 2626 918 2682 simul
944 2635 1172 2690 tantum,
1205 2625 1299 2682 sed
1349 2634 1407 2682 et
1455 2625 1700 2695 privatim
1728 2625 1842 2680 sin-

229 2719 473 2789 gulorum
507 2734 572 2773 ex
592 2717 778 2789 probis
805 2726 859 2773 et
885 2717 1098 2773 eximiis
1129 2716 1523 2771 recordaretur.
1550 2715 1668 2770 .lam
1699 2716 1840 2767 enim

233 2810 887 2882 tmt'sulesEcclesiarum
939 2810 990 2866 id
1042 2825 1203 2880 agere
1258 2809 1387 2864 nihil
1443 2824 1574 2864 sane
1624 2809 1841 2872 mirum,

229 2921 352 2960 cum
409 2915 464 2960 et
496 2905 758 2959 tumultus
799 2904 872 2958 illi
919 2904 1088 2960 sedati
1138 2904 1265 2968 sint,
1318 2912 1372 2957 et
1419 2902 1578 2958 unius
1615 2903 1846 2956 civitatis

143 3023 148 3028 ·
231 3007 436 3052 tantum
465 3012 652 3052 coram
680 2997 1018 3064 susceperint
1051 3014 1062 3049 :
1097 3005 1207 3050 tum
1255 3011 1382 3049 vero
1423 3011 1527 3049 non
1581 2996 1848 3066 periculo.

231 3107 348 3146 rum
379 3100 586 3145 tantum
611 3089 942 3158 magnitudo,
989 3089 1084 3143 sed
1133 3100 1190 3144 et
1241 3088 1448 3143 itineris
1480 3086 1845 3157 intercapedo,

233 3195 284 3240 et
329 3183 623 3240 multitudo
664 3199 937 3248 curarum,
984 3191 1038 3236 et
1063 3182 1300 3236 continui
1335 3181 1548 3244 ﬂuctus,
1594 3181 1847 3254 quodque

231 3295 332 3330 non
366 3293 584 3346 semper
627 3275 768 3345 apud
799 3290 992 3330 omnes
1041 3275 1256 3329 assidue
1307 3283 1629 3338 moraretur,
1686 3283 1848 3343 atque

229 3370 327 3423 alia
379 3372 530 3437 plura
579 3376 828 3437 poterant
872 3368 1036 3422 etiam
1090 3366 1246 3422 valde
1301 3380 1458 3422 caros
1509 3381 1541 3421 e
1587 3366 1846 3421 memoria

230 3471 504 3516 excutere.
569 3458 952 3514 Verumtamen
994 3458 1094 3514 bos
1158 3475 1263 3514 non
1305 3467 1678 3514 excuSserunt.
1729 3457 1848 3525 Quo

234 3551 449 3606 tandem
486 3561 642 3619 tacto
683 3567 789 3606 non
817 3551 1028 3606 excussi
1069 3551 1232 3607 sunt?
1271 3549 1354 3606 0b
1385 3551 1532 3605 l‘auli
1568 3549 1846 3620 magnani-

229 3634 479 3698 mitatem
511 3658 575 3698 ac
621 3643 883 3698 fervidam
928 3643 1305 3714 sinceramque
1332 3645 1498 3715 ipsius
1547 3645 1846 3699 caritatem.

235 3733 321 3793 Sic
347 3736 496 3792 enim
520 3737 686 3807 menti
716 3737 832 3805 ejus
879 3737 1235 3802 inhaerebant,
1265 3748 1322 3792 ut
1345 3748 1400 3794 et
1446 3738 1499 3792 in
1530 3738 1697 3792 literis
1724 3752 1847 3792 ere-

237 3829 385 3882 bram
415 3842 605 3882 eorum
635 3827 818 3883 fecerit
865 3828 1216 3883 mentionem.
1248 3829 1354 3885 Sed
1398 3829 1676 3884 videamus
1728 3829 1844 3900 qui-

237 3935 357 3974 nam
382 3919 457 3973 illi
489 3918 782 3990 qualesque
812 3919 1025 3975 tandem
1069 3929 1272 3986 essent,
1327 3922 1414 3992 qui
1449 3921 1672 3976 Paulum
1715 3921 1849 3975 adeo

235 4012 334 4067 sibi
357 4012 752 4082 manciparant,
805 4023 858 4068 et
895 4014 960 4068 ad
993 4030 1232 4070 amorem
1291 4031 1447 4070 suum
1494 4017 1846 4086 pellexerunt.

237 4100 371 4158 Num
404 4101 638 4159 fortasse
682 4105 931 4160 consules
976 4107 1136 4176 aliqui
1191 4106 1272 4162 vel
1331 4108 1569 4177 magistri
1619 4110 1847 4164 militum

234 4204 390 4250 erant
413 4202 469 4248 et
497 4193 760 4264 praefecti,
791 4198 876 4251 vel
908 4197 960 4250 in
981 4198 1158 4268 aliqua
1188 4198 1384 4252 illustri
1413 4199 1673 4269 dignitate
1712 4216 1846 4256 con-

236 4283 429 4350 stituti,
476 4285 560 4338 vel
599 4284 792 4356 opibus
841 4287 1295 4352 circumfluentes,
1351 4289 1550 4358 quique
1578 4291 1848 4347 civitati-in

235 4376 526 4449 regerent?
549 4377 693 4434 Nihil
725 4378 831 4434 tale
872 4388 1050 4449 potest
1079 4379 1282 4445 afferri,
1320 4382 1413 4436 sed
1458 4383 1615 4452 plane
1637 4391 1848 4440 contra-

236 4469 411 4535 rium,
466 4483 731 4540 pauperes
782 4479 836 4525 et
888 4470 1068 4539 egeni,
1123 4471 1322 4542 quique
1377 4491 1542 4542 opere
1594 4491 1847 4533 manuum

236 4561 434 4616 victum
461 4570 789 4631 qumrerent.
823 4561 988 4616 Erant
1011 4563 1182 4629 enim,
1205 4563 1398 4634 inquit,
1446 4569 1850 4625 scenofactotim

235 4653 547 4725 artia(Act.
605 4655 692 4710 18.
725 4653 833 4724 3):
865 4670 1042 4725 neque
1091 4656 1311 4711 Paulum
1363 4659 1613 4728 pudebat,
1677 4677 1852 4730 neque

236 4746 633 4818 augustissima!
658 4749 864 4805 civitati
890 4750 1197 4821 populoque
1225 4752 1506 4816 magnifice
1531 4754 1599 4808 de
1627 4769 1686 4809 se
1725 4770 1851 4810 sen-

237 4837 388 4892 tienti
420 4838 620 4908 probro
646 4853 769 4895 esse
791 4839 1044 4906 ducebat,
1092 4840 1138 4894 si
1187 4841 1413 4910 opiﬁces
1458 4843 1582 4900 illos
1628 4846 1849 4900 salutari

230 4925 465 4998 jubet-et,
512 4943 693 4998 neque
727 4929 1079 5000 ignominiam
1135 4932 1241 4987 illis
1286 4933 1510 4989 conﬂari
1564 4951 1629 4990 ex
1663 4951 1758 4992 sua
1796 4939 1848 4993 in

234 5019 357 5076 illos
378 5022 620 5078 amicitia
644 5024 862 5093 putabat
894 5043 908 5079 :
939 5025 1016 5079 sic
1041 5040 1235 5082 omnes
1261 5037 1372 5081 tum
1415 5033 1675 5103 temporis
1718 5047 1846 5087 eru~

231 5111 447 5183 dierat,
498 5125 559 5170 ut
608 5113 679 5171 de
721 5131 782 5172 se
823 5115 1068 5174 modeste
1124 5118 1509 5192 moderateque
1563 5127 1846 5180 sentirent.

231 5206 390 5278 Atqui
424 5221 525 5263 nos
549 5222 698 5279 sepe
718 5209 760 5264 si
791 5212 1120 5281 propinquos
1147 5213 1307 5282 paulo
1329 5215 1588 5270 tenuioris
1620 5215 1849 5273 fortunate

229 5297 568 5362 habeamus.
618 5299 688 5354 ab
743 5300 960 5355 illorum
1031 5302 1394 5360 familiaritate
1449 5306 1845 5373 aliborrcmus,

229 5389 494 5463 uobisque
524 5391 725 5462 probro
753 5391 1031 5457 ducimus,
1092 5395 1136 5450 si
1189 5396 1406 5466 quando
1460 5398 1672 5454 illorum
1721 5416 1848 5470 pro-

233 5481 953 5562 pinqui'deprchendamur;
983 5474 1181 5540 Paulus
1206 5502 1335 5542 vero
1381 5504 1487 5543 non
1519 5489 1610 5554 ita,
1641 5492 1733 5545 sed
1783 5508 1846 5548 ea

231 5584 289 5626 re
331 5588 550 5645 quoque
591 5575 886 5647 gloriatur,
946 5593 1047 5633 nec
1095 5580 1405 5637 hominibus
1445 5590 1650 5638 tantum
1707 5587 1848 5644 illius

231 5667 427 5732 astatis,
455 5666 550 5724 sed
583 5667 747 5723 etiam
789 5669 1042 5725 omnibus
1069 5674 1299 5741 posteris
1324 5677 1532 5730 curavit
1580 5691 1642 5732 us
1686 5677 1830 5732 inno-

231 5766 483 5826 κιαι-ει,
541 5759 684 5822 inter
731 5761 900 5831 ipsius
940 5763 1146 5817 amicos
1197 5763 1320 5820 illos
1371 5766 1844 5824 tabernaculorum

227 5849 451 5917 opilio“
485 5850 692 5922 primoa
720 5851 904 5910 fuisse.
947 5853 1133 5928 Neque
1176 5857 1305 5913 mihi
1346 5859 1622 5931 quisquam
1676 5860 1841 5930 dicat,

1033 382 1096 442 IN
1132 383 1357 448 lLl.UD,
1399 373 1768 438 SALUTATE
1811 369 2221 432 PRISCILLAM
2264 373 2352 432 ΕΤ
2392 373 2727 446 AQUILAM.
2773 375 2812 432 Ι.

3433 376 3535 438 190

1933 488 2070 556 Quid
2100 505 2228 544 vero
2261 505 2514 558 magnum
2552 491 2838 558 mirumve,
2871 489 2916 547 si
2943 492 3143 567 ipsum,
3177 491 3268 564 qui
3297 493 3543 552 eatudcm

1933 594 2102 637 artem
2134 583 2421 647 factitaret,
2449 584 2690 654 ejusdem
2717 584 2917 655 opificii
2941 586 3274 642 consortium
3305 602 3412 642 nun
3443 602 3545 658 pu-

1935 674 2281 744 deretlouid
2312 676 2436 731 ais?
2469 675 2581 732 lloc
2609 677 2753 754 enim
2791 678 2966 748 ipsum
2995 678 3211 748 plurimi
3238 677 3546 762 faciendum

1934 778 2012 821 est
2043 775 2098 822 et
2132 767 2490 825 admiratione
2519 767 2762 840 dignum.
2795 767 2912 824 Non
2937 769 3080 824 enim
3112 783 3208 826 eos
3255 770 3345 841 qui
3391 769 3550 825 clari-

1937 868 2100 912 tatem
2147 871 2372 929 possnnt
2412 871 2838 916 commemorare
2867 861 3130 932 majorum
3183 876 3337 931 teque
3386 860 3553 930 pudet

1938 950 2284 1022 inferiorum,
2306 961 2466 1023 atque
2498 952 2617 1007 illos
2650 952 2739 1024 qui
2771 953 2822 1007 in
2853 952 3043 1008 eadem
3070 953 3200 1008 olim
3223 954 3364 1024 vulgi
3420 953 3551 1008 fa-ce

1932 1043 2222 1114 jacuerint,
2253 1055 2308 1100 et
2346 1045 2414 1100 ad
2445 1045 2710 1103 illustrem
2740 1053 2804 1102 at:
2846 1046 3082 1103 nobilem
3129 1048 3307 1103 subito
3355 1051 3554 1103 iuerint

1936 1136 2250 1208 dignitatem
2278 1139 2471 1194 evecti.
2505 1138 2673 1195 Porro
2703 1139 2837 1196 nihil
2866 1139 3031 1196 fuisse
3072 1141 3334 1196 illustrius
3389 1141 3553 1196 Paulo

1939 1232 2024 1286 vel
2054 1232 2308 1297 nobilius,
2338 1233 2434 1289 sed
2462 1234 2594 1306 ipsis
2631 1249 2755 1289 eum
2800 1236 3014 1305 regibus
3041 1234 3207 1292 fuisse
3241 1237 3551 1301 clariorem,

1938 1324 2134 1392 cuivis,
2164 1334 2247 1380 sat
2277 1326 2412 1391 scio,
2464 1325 2807 1382 manifestum
2859 1337 2965 1384 est.
3015 1328 3148 1383 Nam
3177 1329 3266 1399 qui
3292 1318 3554 1383 daimoni-

1942 1413 2043 1470 bus
2070 1415 2390 1486 imperabat,
2413 1418 2503 1487 qui
2536 1427 2780 1474 mortuos
2802 1419 3117 1486 suscitabat,
3145 1421 3234 1492 qui
3264 1423 3379 1475 solo
3400 1421 3557 1492 jussu

1941 1521 2216 1564 excmcare
2241 1517 2450 1580 poterat
2481 1519 2537 1565 et
2563 1523 2740 1566 cteeos
2780 1525 2996 1576 sanare,
3025 1511 3177 1581 cujus
3205 1523 3382 1568 vestes
3409 1529 3558 1568 tuor-

1943 1601 2134 1658 borum
2175 1615 2348 1674 genus
2390 1618 2553 1658 omne
2590 1601 2957 1675 depellebant.
2986 1604 3126 1660 haud
3155 1604 3396 1670 dubium,
3427 1609 3556 1678 quin

1944 1715 2050 1754 non
2080 1699 2192 1770 jam
2217 1697 2403 1766 homo,
2429 1699 2524 1756 sed
2549 1701 2772 1772 angelus
2803 1700 2872 1757 de
2926 1702 3060 1756 catlo
3088 1701 3340 1772 delapsus
3367 1719 3558 1759 cense-

1943 1801 2112 1847 retur.

2019 1883 2280 1940 Nobilitas
2310 1884 2447 1941 unde
2474 1896 2734 1940 nascatur.
2763 1884 2880 1941 Non
2907 1896 2980 1940 est
3011 1887 3400 1957 vituperandum
3449 1905 3554 1940 ηιαι

1947 1978 2263 2032 lrimonium.
2303 2007 2376 2018 —-
2419 1977 2805 2034 Verumtamen
2852 1979 2977 2034 licet
3039 1979 3092 2034 in
3164 1981 3560 2035 existimatione

1948 2078 2095 2124 tanta
2119 2078 2284 2134 esset,
2320 2077 2379 2124 et
2406 2068 2604 2140 ubique
2629 2069 2994 2138 admirationi,
3024 2079 3082 2125 et
3109 2070 3162 2125 in
3193 2086 3564 2142 quascumque

1947 2177 2006 2216 se
2035 2175 2160 2216 oras
2187 2162 2484 2228 conferret,
2518 2177 2709 2219 omnes
2729 2164 2794 2216 ad
2831 2177 2889 2217 se
2917 2173 3277 2230 converteret,
3311 2166 3562 2221 taberna-

1948 2255 2195 2308 culorum
2241 2254 2496 2324 ;opificem
2558 2271 2665 2311 non
2711 2257 3106 2322 erubescebat,
3153 2272 3254 2313 nec
3303 2257 3560 2314 honorem

1949 2360 2135 2399 eorum
2169 2344 2412 2399 imminui
2454 2345 2735 2413 censebat,
2785 2347 2875 2416 qui
2909 2348 2961 2402 in
3004 2348 3357 2414 dignitatibus
3401 2351 3564 2405 tantis

1949 2445 2103 2491 erant
2143 2451 2208 2493 ac
2265 2437 2667 2508 magistratibus
2715 2440 3016 2495 constituti.
3054 2441 3360 2497 Verisimile
3405 2459 3561 2498 nam-

1951 2543 2056 2596 que
2075 2537 2158 2582 cst
2176 2528 2370 2583 multos
2389 2528 2441 2584 in
2468 2528 2701 2586 Ecclesia
2727 2530 2892 2586 fuisse
2918 2531 3279 2587 Romanorum
3305 2533 3562 2598 illustres,

1951 2633 2085 2689 quos
2114 2619 2340 2691 cogebat
2369 2635 2629 2692 pauperes
2657 2622 2775 2676 illos
2806 2623 3062 2679 salutare.
3091 2622 3323 2681 Noverat
3344 2626 3562 2696 quippe.

1954 2723 2176 2768 noverat
2202 2713 2370 2781 probe
2398 2730 2503 2770 non
2547 2731 2710 2785 opum
2751 2717 3122 2786 splendorem,
3177 2734 3351 2789 neque
3403 2733 3564 2788 pecu-

1955 2805 2160 2860 niarum
2193 2805 2545 2872 affluentiam,
2590 2809 2687 2864 sed
2747 2826 2957 2866 morum
3004 2813 3322 2868 modestiam
3379 2830 3566 2884 parere

1955 2898 2287 2954 nobilitatem
2341 2901 2519 2955 solere
2551 2901 2766 2972 :itaque
2829 2903 2902 2957 illi
2934 2904 3023 2974 qui
3055 2903 3154 2959 liae
3191 2908 3378 2976 privati
3406 2918 3564 2972 sunt,

1953 2989 2048 3044 sed
2091 2989 2355 3059 majorum
2409 2992 2656 3047 claritate
2711 2993 3065 3062 superbittnt,
3119 3000 3336 3053 nomine
3389 3009 3566 3070 potius

1957 3080 2250 3134 nobilitatis
2281 3081 2444 3144 nudo,
2490 3098 2596 3137 non
2627 3098 2686 3138 re
2718 3085 2830 3153 ipsa
2876 3087 3171 3156 gloriantur
3203 3106 3213 3142 :
3257 3091 3364 3146 imo
3390 3093 3564 3161 ipsum

1958 3187 2150 3225 nomen
2184 3171 2499 3244 plerumque
2521 3173 2876 3234 subtrahitur.
2901 3179 2943 3230 si
2982 3179 3103 3247 quis
3133 3181 3199 3234 ad
3238 3184 3568 3252 antiquiores

1957 3262 2216 3317 nobilium
2251 3263 2474 3318 istorum
2517 3265 2750 3334 majores
2779 3269 3107 3325 ascenderit.
3145 3271 3279 3327 Nam
3325 3290 3448 3329 eum
3478 3281 3567 3346 qui

1955 3354 2136 3408 clarus
2161 3364 2214 3410 et
2263 3353 2486 3410 illustris
2516 3364 2619 3424 est,
2648 3373 2709 3412 ac
2743 3359 2976 3414 nobilem
3018 3376 3448 3423 commemorare
3474 3385 3568 3438 pa-

1958 3456 2093 3502 trem
2123 3457 2176 3500 et
2207 3463 2364 3501 avum
2414 3457 2628 3517 potest,
2667 3452 2711 3504 si
2744 3454 3045 3507 accuratius
3073 3458 3372 3524 examines,
3405 3462 3567 3517 vilem

1956 3539 2263 3606 quempiam
2307 3548 2362 3592 et
2407 3539 2698 3595 obscurum
2753 3558 3010 3611 proavum
3044 3545 3296 3604 habuisse
3331 3527 3575 3625 νεῖαι-μέ

1956 3631 2256 3698 compcries
2287 3648 2300 3684 :
2327 3633 2777 3704 quemadmodum
2809 3644 2864 3690 et
2891 3652 3075 3692 eorum
3113 3645 3199 3709 qui
3235 3652 3420 3698 tenues
3447 3661 3571 3703 esse

1958 3720 2229 3784 videntur,
2278 3722 2322 3775 si
2375 3734 2544 3777 lorum
2595 3740 2766 3793 genus
2815 3730 3074 3799 paulatim
3120 3748 3336 3788 sursum
3386 3753 3572 3796 versus

1956 3813 2298 3870 ascendendo
2332 3819 2789 3888 pcrvestigemus,
2847 3823 3130 3891 pra'fectos
3187 3837 3239 3881 et
3287 3833 3569 3901 magistros

1960 3907 2186 3960 militum
2212 3923 2354 3980 Stttpe
2376 3907 2642 3968 habuisse
2683 3913 2919 3982 majores
2947 3917 3300 3985 inveniemus,
3336 3927 3425 3993 qui
3456 3939 3568 3980 tan-

1959 4001 2079 4053 dem
2109 4002 2162 4056 in
2192 4003 2559 4071 rqttisones‘et
2603 4006 2857 4066 subulcus
2884 4012 3130 4066 conversi
3184 4012 3400 4070 fuerint.
3441 4018 3572 4086 Qnre

1958 4109 2078 4148 cum
2107 4096 2381 4163 explorata
2413 4096 2580 4152 Paulo
2599 4108 2792 4155 essent
2824 4102 3025 4165 omnia,
3056 4119 3160 4159 non
3196 4123 3442 4178 magnam
3479 4113 3573 4166 lio-

1961 4204 2076 4241 rum
2118 4191 2381 4242 rationem
2415 4189 2670 4258 habebat,
2716 4192 2811 4247 sed
2843 4195 3037 4248 animm
3070 4198 3268 4252 tobilit.
3295 4207 3398 4254 tem
3422 4219 3572 4271 qna:-

1961 4283 2129 4343 rebat.
2157 4297 2218 4341 ac
2249 4292 2496 4347 ca-teros,
2525 4294 2580 4338 tit
2602 4284 2741 4339 hanc
2765 4285 2977 4355 plurimi
3021 4287 3288 4354 facerent,
3336 4295 3572 4348 instrue-

1961 4377 2068 4430 bat.
2127 4375 2260 4430 llint:
2316 4376 2476 4445 igitur
2521 4393 2627 4431 non
2692 4379 3019 4434 mediocrem
3068 4381 3281 4436 interim
3337 4385 3569 4443 fructum

1962 4470 2320 4538 pet-cipimus,
2375 4481 2433 4522 ut
2479 4470 2681 4524 vilioris
2728 4471 2954 4527 fortuna:
2996 4472 3272 4530 hominum
3329 4495 3430 4537 nos
3471 4483 3575 4536 mi-

1961 4563 2102 4617 nime
2131 4563 2347 4632 pudeat,
2403 4573 2459 4618 ut
2511 4565 2706 4619 animm
2766 4567 3018 4620 virtutem
3069 4568 3464 4640 disqnitamns,
3517 4584 3576 4635 ut

1958 4664 2178 4710 externa
2212 4656 2390 4709 omnia
2419 4656 2612 4726 quibus
2657 4656 2894 4712 ditamur
2936 4661 3204 4729 superflua
3261 4673 3314 4718 et
3364 4666 3572 4722 inutilia

1958 4763 2150 4803 censea
2159 4763 2294 4803 ηιιιι.

2032 4842 2084 4896 3.
2119 4840 2274 4894 Aliud
2306 4856 2518 4911 quoque
2561 4842 2765 4897 lucrum
2816 4859 3099 4912 poSsumus
3156 4847 3257 4902 hoc
3297 4849 3567 4906 nihilomi-

1960 4949 2061 4989 nus
2122 4934 2249 4989 ltinc
2289 4934 2605 5005 decerpere,
2655 4936 2801 5006 quod
2847 4937 2892 4992 si
2922 4938 3026 4992 rite
3058 4950 3330 5009 peractum
3357 4958 3385 4996 a
3417 4944 3573 4998 nobis

1961 5028 2139 5091 fuerit,
2163 5028 2328 5082 vitam
2360 5028 2601 5084 maxime
2629 5038 2868 5084 nostram
2899 5039 3100 5086 tuetur.
3132 5033 3413 5100 Quodnam
3445 5037 3570 5092 illud

1961 5120 2176 5174 tandem
2216 5121 2337 5176 est?
2382 5119 2451 5177 Ut
2499 5135 2569 5176 ne
2621 5123 2930 5194 eonjugiutn
2965 5123 3355 5195 vituperemus,
3397 5145 3572 5200 neque

1961 5212 2114 5267 nobis
2139 5212 2473 5268 obstaculum
2502 5223 2556 5269 et
2601 5213 3049 5285 impedimentum
3091 5232 3213 5274 esse
3251 5221 3571 5277 arbitremur

1960 5303 2011 5358 in
2066 5305 2170 5368 via,
2225 5321 2343 5375 qum
2397 5305 2463 5360 ad
2510 5307 2763 5362 virtutem
2803 5292 3042 5373 deducit;
3073 5324 3297 5367 uxorem
3328 5313 3567 5380 habere

1962 5396 2100 5453 ﬁlios
2129 5398 2384 5461 educare,
2429 5399 2612 5454 domui
2643 5414 2899 5470 pratesse,
2941 5411 3110 5458 artem
3138 5401 3403 5462 factitare.
3434 5405 3572 5465 Ecce

1961 5490 2047 5546 hic
2077 5507 2291 5562 quoque
2329 5493 2410 5547 vir
2440 5504 2556 5549 erat
2585 5503 2642 5550 et
2693 5494 2910 5560 mulier,
2940 5504 2994 5550 et
3020 5494 3253 5552 officinis
3282 5514 3572 5569 prmeraut,

1958 5595 2014 5642 et
2039 5597 2210 5642 artem
2251 5586 2584 5656 factitabant,
2616 5595 2673 5645 et
2722 5584 3102 5660 perfectiorem
3133 5591 3303 5647 multo
3332 5593 3572 5662 probitao

1961 5686 2068 5734 tem
2123 5693 2334 5733 morum
2383 5679 2732 5749 exhibebant,
2773 5696 2935 5752 quam
2993 5681 3082 5753 qui
3136 5683 3188 5738 in
3235 5689 3578 5743 monasteriis

1958 5767 2179 5840 degunt.
2233 5768 2390 5828 Unde
2434 5770 2485 5827 id
2532 5772 2782 5829 constat?
2827 5771 2910 5830 Ex
2955 5774 3021 5829 iis
3045 5774 3224 5830 verbis
3258 5774 3455 5846 quibus
3479 5793 3575 5835 eos

1961 5861 2158 5922 Paulus
2184 5862 2493 5936 alloquitur,
2532 5865 2618 5922 vel
2645 5864 2824 5936 potius
2865 5880 2974 5923 non
3004 5881 3072 5924 ex
3124 5865 3191 5923 iis
3236 5867 3434 5941 quibus
3482 5882 3579 5926 eos
