4080 6404
539 352 631 408 191

1247 338 1306 396 S.
1347 330 1625 404 JOANNIS
1660 326 2134 391 CHRYSOSTOIII
2173 327 2490 385 ARCIIIEP.
2531 326 3064 386 CONSTANTINOP.

538 473 622 520 est
671 461 993 533 alloquutus,
1048 456 1144 515 sed
1188 455 1349 512 etiam
1373 466 1441 508 ex
1469 451 1556 518 iis,
1604 449 1795 520 quibus
1821 461 1915 503 eos
1940 452 2120 516 postea
2228 442 2319 498 sed
2348 442 2642 499 Priscillam
2681 451 2735 499 et
2774 441 3039 514 Aquilam.
3071 440 3181 499 Nec
3221 442 3339 498 sine
3379 456 3538 499 causa
3573 444 3624 500 id
3652 444 3813 514 τρεῖς,

536 553 859 612 sestitnoniis
884 545 1294 606 commendavit.
1333 543 1466 601 Cum
1492 542 1634 598 enim
1657 539 1886 595 dixisset
1914 556 1928 591 :
1964 536 2124 593 Salu-

540 653 643 697 tate
682 641 974 697 Priscillam
1001 647 1049 695 et
1076 635 1334 707 Aquilam,
1365 633 1577 689 illorum
1604 629 1767 687 etiam
1810 626 2123 698 dignitatem

541 734 754 804 adjecit.
779 730 947 799 Qum
972 741 1103 783 vero
1124 722 1337 780 tandem
1354 723 1379 778 2
1399 721 1515 778 Non
1545 720 1679 776 dixit
1704 718 1897 773 divites
1924 724 1977 771 et
2005 714 2125 769 illu-

544 837 682 879 stres
703 833 755 877 et
776 819 1013 884 nobiles;
1036 816 1131 874 sed
1162 814 1323 887 quid?
1361 812 1631 885 Adjutores
1654 825 1787 865 meos
1804 808 1858 862 in
1888 805 2123 861 Domino.

535 913 683 969 Nihil
708 920 885 966 autem
915 924 1038 965 eum
1063 907 1165 962 hoc
1207 903 1440 961 conferri
1478 907 1671 972 potest,
1703 896 1844 969 quod
1869 896 1935 951 ad
1960 896 2131 951 virtu-

534 1006 613 1061 tis
638 999 1153 1059 commendationem
1177 998 1368 1052 attinet
1396 1012 1410 1049 :
1434 1008 1531 1048 nec
1556 1003 1762 1047 tantum
1790 1004 1857 1045 ex
1884 987 2005 1053 hoc,
2034 986 2128 1042 sed

543 1106 599 1151 et
642 1108 708 1151 ex
737 1092 972 1165 ecquod
1027 1090 1168 1161 apud
1217 1092 1362 1159 ipsos
1416 1083 1671 1142 manserit
1716 1096 1822 1137 non
1866 1092 2033 1136 unum
2079 1084 2135 1133 et.

537 1187 682 1240 «lues
701 1194 758 1241 et
786 1195 893 1240 tres
918 1182 1057 1247 dies,
1088 1179 1182 1237 sed
1212 1179 1346 1234 duos
1381 1190 1551 1232 annos
1576 1174 1830 1243 integros,
1884 1170 2132 1225 virtutem

538 1277 764 1332 illorum
819 1282 1066 1346 spectare
1135 1282 1435 1342 possumus.
1494 1265 1625 1321 Nam
1686 1260 2133 1335 quemadmodum

548 1368 835 1424 saeculares
854 1364 1188 1436 magistratus
1220 1359 1360 1432 apud
1384 1358 1518 1414 viles
1539 1364 1605 1420 et
1633 1354 1871 1426 abiectos
1891 1351 2137 1408 homines

542 1476 661 1517 non
688 1459 975 1531 dignantur
1012 1454 1300 1519 divertere,
1346 1451 1441 1509 sed
1496 1449 1807 1520 magniﬁcas
1852 1445 2136 1502 illustrium

542 1548 903 1623 quorundam
937 1547 1173 1603 virorum
1222 1543 1412 1600 domos
1438 1551 1706 1613 quaerunt,
1747 1554 1816 1594 ne
1868 1537 2139 1608 dignitatis

555 1656 668 1699 sua
696 1639 1001 1712 magnitudo
1046 1652 1231 1695 eorum
1272 1650 1303 1691 a
1342 1633 1536 1705 quibus
1577 1631 1911 1703 excipiuntur
1938 1627 2142 1682 vilitate

549 1733 780 1790 laedatur
811 1750 826 1788 :
852 1732 926 1787 ita
960 1740 1171 1801 quoque
1223 1727 1486 1785 iaciebant
1529 1723 1789 1798 apostoli;
1844 1734 1949 1777 non
2002 1718 2141 1789 apud

557 1822 747 1878 obvios
783 1820 997 1891 quosvis
1025 1819 1447 1890 hospitahantur,
1478 1815 1573 1871 sed
1607 1821 1667 1869 ut
1689 1813 1765 1868 illi
1796 1809 2144 1881 magniﬁcen-

554 1912 689 1979 tiam
710 1910 929 1976 ‘xcdium,
957 1910 1036 1965 sic
1075 1909 1267 1963 animae
1294 1907 1543 1963 virtutem
1569 1904 1657 1961 isti
1681 1901 2043 1974 requirebant,
2092 1908 2145 1953 et

557 2004 838 2075 diligenter
877 2000 1123 2071 quaesitis
1141 1998 1241 2053 sibi
1271 1994 1637 2064 familiaribus,
1663 1991 1803 2066 apud
1831 2005 1924 2048 eos
1958 1989 2144 2046 diver-

556 2093 764 2149 tehant.
796 2091 929 2147 Nam
956 2097 1012 2147 et
1037 2104 1066 2143 a
1098 2088 1315 2145 Christo
1338 2088 1442 2141 lata
1471 2087 1557 2142 lex
1583 2094 1699 2141 erat
1720 2098 1839 2155 qum
1862 2082 1965 2137 hoc
1988 2080 2147 2152 jube-

563 2186 674 2240 hat.
694 2181 759 2237 In
772 2190 1135 2253 quantamque
1148 2179 1313 2245 enim,
1340 2178 1531 2248 inquit,
1553 2174 1802 2231 civitatem
1827 2181 1917 2227 aut
1943 2170 2148 2226 domant

558 2275 900 2343 intrcsa'itt's,
930 2274 1252 2345 interrogate,
1286 2270 1399 2343 quia
1430 2270 1495 2323 in.
1540 2284 1601 2324 ea
1650 2267 1833 2339 dignus
1874 2264 1961 2330 sit,
2000 2271 2046 2317 et
2079 2259 2151 2315 ibi

560 2378 761 2425 manete
790 2365 952 2442 (Luc.
980 2364 1036 2422 9.
1066 2364 1161 2436 4).
1191 2361 1356 2434 igitur
1398 2360 1564 2417 Paulo
1606 2359 1748 2430 digni
1802 2365 1959 2414 erant
2000 2353 2089 2411 isti
2129 2368 2146 2407 :

560 2462 707 2533 quod
736 2462 779 2516 si
808 2459 993 2526 Paulo,
1021 2457 1224 2529 angelis
1247 2463 1403 2512 erant
1425 2453 1592 2525 digni.
1625 2452 1738 2524 Ego
1768 2465 1896 2507 vero
1919 2450 2153 2506 domun—

560 2552 739 2609 culatn
768 2550 909 2606 illam
934 2556 990 2605 et
1014 2548 1203 2604 czelum
1226 2554 1282 2603 et
1308 2545 1602 2601 Ecclesiam
1623 2541 1880 2598 audacter
1907 2542 2149 2613 appella-

564 2645 692 2699 rim.
715 2627 816 2700 [ibi
862 2641 1006 2697 enim
1038 2638 1392 2702 Pauluserat,
1421 2636 1493 2691 ibi
1528 2635 1689 2690 etiam
1716 2631 1963 2688 Christus
1990 2641 2109 2687 erat
2135 2650 2149 2689 :

568 2736 649 2788 An
690 2731 1102 2803 experimentum,
1155 2728 1346 2798 inquit,
1394 2724 1623 2797 queritis
1672 2725 1799 2794 ejus,
1850 2722 1937 2793 qui
1982 2722 2036 2778 in
2071 2739 2153 2778 nte

560 2828 815 2897 loquitur,
836 2823 1023 2880 Christi
1048 2821 1137 2894 (2.
1178 2820 1296 2877 Cor.
1325 2820 1415 2875 15.
1437 2818 1472 2875 5
1495 2817 1553 2888 )l
1579 2815 1679 2873 Ubi
1706 2824 1885 2871 autem
1914 2810 2155 2871 Christus

565 2927 709 2983 crat,
735 2917 860 2972 illuc
885 2918 1045 2971 etiam
1068 2913 1371 2984 lrequenter
1391 2908 1565 2978 angeli
1595 2907 1937 2964 ventitabant.

642 3007 948 3064 Sanctorum
972 3019 1073 3059 non
1097 3002 1262 3059 cantio
1284 3009 1512 3065 tantum,
1545 2998 1635 3053 sed
1666 3006 1713 3051 et
1752 2997 1855 3052 vita
1892 2996 2055 3051 docet.
2083 3026 2158 3037 —

566 3100 741 3155 Porro
762 3096 853 3167 qui
880 3096 1089 3166 seipsos
1112 3102 1271 3149 antea
1301 3090 1447 3147 Pauli
1489 3090 1635 3146 cuitu
1660 3103 1724 3145 ac
1754 3088 2054 3145 ministerio
2073 3088 2158 3143 di-

562 3205 703 3261 gnos
729 3189 1089 3260 praebuerant,
1116 3185 1289 3257 cogita
1308 3183 1494 3256 quales
1518 3188 1821 3249 evaserant,
1846 3179 1974 3236 dum
2004 3180 2157 3237 annis

563 3281 776 3337 duobus
800 3294 921 3334 cum
952 3278 1045 3333 illo
1071 3276 1350 3347 degerent,
1375 3282 1431 3329 et
1461 3271 1698 3326 habitum
1718 3270 1835 3342 ejus
1854 3312 1868 3333 ,
1902 3278 1957 3327 et
1992 3270 2163 3327 inces-

570 3388 688 3428 sum
719 3380 773 3426 ct
799 3378 1071 3441 aspectum
1091 3407 1111 3435 ,
1133 3376 1188 3423 et
1214 3366 1440 3421 vestiunt
1470 3362 1686 3419 modum
1706 3404 1721 3428 ,
1751 3370 1806 3416 et
1850 3362 2155 3432 ingressus,

502 3526 515 3538 ν
566 3473 627 3519 et
652 3475 899 3532 egressus
917 3498 933 3524 ,
971 3468 1029 3514 et
1058 3459 1160 3513 alia
1183 3466 1373 3513 cuncta
1399 3454 1768 3509 observarent.
1799 3450 2071 3522 Siquidem
2102 3451 2156 3505 in

571 3555 771 3613 metis
795 3568 899 3608 non
926 3551 1087 3609 verba
1110 3558 1335 3616 tantum,
1366 3562 1540 3616 neque
1566 3546 1808 3602 doctrina
1831 3555 1888 3601 et
1913 3543 2160 3600 cohorta-

570 3648 748 3702 tiones
766 3684 781 3710 ,
811 3642 905 3699 sed
934 3649 991 3699 et
1030 3642 1231 3711 reliqua
1258 3641 1435 3696 omnis
1460 3640 1582 3693 vitte
1606 3637 1945 3692 conversatio
1974 3636 2039 3690 ad
2065 3651 2159 3691 eos

569 3737 628 3792 in
654 3733 987 3805 pltilosOphia
1020 3731 1216 3787 suilicit
1251 3727 1575 3787 erudiendos
1598 3768 1612 3793 ,
1636 3728 1725 3798 qui
1752 3726 1951 3783 fuerint
1983 3734 2158 3781 atten-

571 3826 759 3880 tiorcs.
784 3823 976 3879 Veniat
1001 3822 1092 3877 tibi
1121 3822 1177 3876 in
1204 3827 1436 3877 mentem
1463 3818 1619 3891 quale
1642 3825 1789 3895 esset
1810 3817 2029 3873 Paulum
2051 3832 2162 3871 cer-

574 3930 706 3971 nere
726 3956 742 3982 ,
768 3924 822 3970 et
840 3912 1123 3985 prandium
1151 3919 1451 3969 sstmentem
1469 3952 1484 3979 ,
1512 3919 1567 3966 et
1588 3908 2075 3979 reprehendentem
2106 3919 2158 3962 et

570 4007 942 4062 cohortantem
996 4012 1052 4059 et
1092 4010 1372 4069 orantem,
1402 4010 1458 4055 et
1502 4000 1770 4071 iacrymas
1816 3998 2158 4065 fundentem,

578 4108 860 4151 exeuntem
891 4103 946 4149 et
972 4094 1349 4149 introeuntem.
1393 4091 1448 4146 Si
1479 4091 1653 4157 enim,
1684 4104 1807 4145 cum
1837 4090 2162 4159 quatuorde-

574 4188 683 4243 cim
728 4195 931 4240 tantum
979 4182 1137 4239 nobis
1184 4188 1386 4237 restent
1413 4180 1653 4248 epistola:
1682 4220 1696 4245 ,
1732 4194 2159 4249 quoquoversum

577 4291 676 4347 per
697 4275 882 4330 orbem
908 4281 1173 4329 terrarum
1202 4269 1321 4326 illas
1348 4267 1774 4325 circumferimus
1799 4286 1812 4321 :
1845 4269 1933 4337 qui
1962 4267 2159 4322 fontem

576 4365 847 4429 habebant
885 4361 1231 4432 epistularum
1256 4401 1271 4425 ,
1297 4359 1387 4430 qui
1416 4358 1650 4429 linguam
1688 4356 1837 4411 orbis
1863 4365 2122 4411 terrarum
2144 4397 2160 4421 ,

580 4454 673 4522 qui
710 4455 888 4508 lumen
920 4451 1311 4517 Ecclesiarum,
1338 4448 1427 4519 qui
1471 4447 1593 4504 ﬁdei
1620 4445 2046 4514 fundamentum,
2073 4447 2163 4518 qui

579 4547 883 4601 columnam
908 4552 964 4601 et
986 4544 1379 4600 ﬁrmamentum
1400 4542 1669 4606 veritatis,
1693 4540 1881 4612 quales
1909 4554 2014 4596 non
2041 4554 2169 4595 eva-

578 4636 709 4692 dere
740 4644 993 4707 possent,
1031 4633 1159 4690 dum
1187 4648 1310 4689 cum
1356 4631 1459 4688 hoc
1504 4633 1697 4703 angelo
1724 4632 2001 4688 viverent?
2031 4630 2163 4687 Nam

580 4728 628 4783 si
656 4738 830 4781 veStes
854 4726 970 4795 ejus
999 4724 1329 4779 daemonibus
1354 4731 1509 4779 erant
1537 4722 1918 4788 formidabiles,
1947 4730 2170 4778 tantam-

580 4834 684 4889 que
718 4818 823 4870 vim
850 4814 1168 4871 obtinebant
1191 4855 1207 4880 ,
1234 4813 1614 4871 habitationem
1644 4829 1765 4870 cum
1796 4814 1889 4869 illo
1913 4824 2164 4885 quantam

583 4924 688 4963 non
718 4906 946 4976 Spiritus
970 4906 1195 4976 gratiam
1219 4905 1512 4962 conciliare
1559 4905 1797 4975 potuisse
1840 4904 2165 4960 credendum

576 5010 661 5054 est
691 5002 706 5068 (
730 4999 842 5051 Act.
870 4997 953 5053 l9.
981 4997 1115 5070 ην
1143 4993 1276 5052 Cum
1296 5000 1444 5052 enim
1471 4996 1621 5053 Pauli
1644 4997 1818 5054 cubile
1843 5009 2123 5053 cernerent
2150 5039 2165 5063 ,

581 5108 700 5145 cum
744 5089 1072 5159 stragulum,
1100 5103 1225 5148 cum
1262 5090 1662 5154 calceamenta,
1698 5106 1877 5146 nonne
1920 5090 2021 5146 hoc
2064 5091 2169 5145 illis

578 5183 851 5239 sufﬁciens
876 5181 976 5236 fuit
1004 5197 1066 5236 ac
1086 5191 1402 5253 perpetuum
1435 5181 1501 5237 ad
1540 5188 2002 5252 compunctionem
2034 5183 2166 5237 inci-

579 5274 913 5328 tamentum?
942 5268 1002 5329 Si
1026 5275 1169 5329 enim
1196 5274 1467 5330 daemones
1506 5274 1671 5344 ipsius
1703 5274 2010 5329 vestimenta
2043 5290 2167 5343 pcr-

582 5366 996 5435 hurrcscebant,
1024 5366 1193 5422 multo
1224 5367 1391 5429 magis
1422 5366 1607 5421 fideles
1627 5408 1642 5425 .
1668 5376 1721 5421 et
1752 5366 1839 5435 qui
1883 5380 2003 5421 cum
2052 5366 2169 5436 ipso

579 5457 845 5528 degebant
867 5496 883 5524 ,
910 5473 1033 5512 cum
1077 5472 1140 5513 ea
1184 5468 1469 5514 cernerent
1491 5500 1506 5521 .
1535 5458 2045 5528 compungebantur.
2077 5460 2170 5515 Est

580 5550 739 5604 etiam
786 5546 916 5602 illud
961 5563 1139 5616 operte
1186 5549 1414 5618 pretium
1459 5544 1888 5613 scrutarifquam
1935 5548 2004 5605 ob
2042 5563 2171 5603 cau-

581 5655 693 5695 sam
718 5683 734 5707 ,
766 5653 887 5695 cum
916 5653 1010 5694 eos
1057 5640 1347 5705 salutaret,
1380 5640 1673 5696 Priscillam
1718 5642 1910 5699 marito
1947 5649 2170 5709 antepo-

581 5734 763 5787 suerit.
785 5732 900 5787 Non
923 5732 1066 5787 enim
1090 5732 1241 5799 dixit,
1256 5732 1491 5789 Stlutate
1509 5732 1751 5805 Aquilam
1773 5741 1828 5787 et
1853 5731 2166 5799 Priscillam,

2229 533 2321 589 sed
2348 534 2490 605 quod
2521 534 2707 605 majori
2736 549 2855 591 eam
2884 533 3081 601 sciret,
3112 548 3271 605 quam
3304 535 3509 602 virum,
3539 537 3815 605 praditam

2230 622 2395 679 fuisse
2422 624 2636 694 pietate.
2660 626 2832 695 Atque
2855 623 2958 680 hoc
2982 637 3088 679 non
3112 638 3233 681 esse
3250 624 3611 695 conjecturam
3636 666 3651 690 ,
3673 625 3817 695 quod

2231 728 2260 768 a
2286 730 2371 770 me
2399 714 2600 770 dictum
2628 724 2733 784 est,
2762 730 2827 771 ex
2856 714 3003 771 Actis
3028 713 3153 770 licet
3176 728 3519 785 cognoscere.
3543 713 3819 786 Siquidem

2234 802 2447 874 Apollo,
2473 803 2646 859 virum
2676 802 3014 875 eloquentem
3043 804 3175 859 etin
3202 803 3494 875 Scripturis
3524 812 3820 874 potentem,

2234 885 2428 957 quique
2452 884 2673 941 Joannis
2697 894 2899 941 tantum
2927 886 3187 957 baptisma
3214 887 3436 954 sciebat,
3461 885 3577 944 haec
3601 902 3722 943 cum
3744 902 3829 943 as.

2235 976 2570 1048 sumpsisset,
2593 977 2836 1046 exposuit
2860 976 2938 1031 illi
2957 976 3096 1031 viam
3116 976 3231 1042 Dei,
3252 984 3307 1031 et
3332 974 3628 1046 perfectum
3650 976 3826 1046 magi-

2237 1072 2404 1122 strum
2434 1066 2667 1124 reddidit
2690 1066 2933 1140 (lienis.
2960 1065 3052 1123 24.
3084 1065 3198 1131 25).
3230 1065 3345 1122 Non
3373 1066 3518 1146 enim
3543 1066 3678 1133 illis,
3704 1080 3827 1138 qum

2237 1157 2599 1228 apostolorum
2639 1166 2794 1214 aetate
2833 1157 3118 1225 vivebant,
3150 1157 3464 1213 mulieribus
3490 1166 3644 1214 erant
3684 1173 3830 1214 cura

2238 1262 2359 1317 quae
2387 1263 2530 1304 nunc
2554 1259 2676 1304 sunt
2704 1248 2840 1313 istis,
2872 1256 2929 1303 ut
2958 1246 3254 1318 splendidis
3289 1248 3531 1304 vestibus
3570 1249 3830 1311 amician-

2240 1347 2360 1405 tur,
2384 1349 2439 1395 et
2464 1339 2747 1411 pigmentis
2784 1354 2847 1395 ac
2884 1339 3017 1395 lucis
3047 1339 3237 1396 faciem
3265 1354 3415 1395 suam
3439 1338 3827 1407 condecorent,

2241 1445 2361 1500 quae
2388 1431 2531 1487 viros
2548 1445 2673 1487 suos
2702 1438 2895 1486 vexant
2922 1444 2985 1486 ac
3011 1438 3277 1502 premunt,
3298 1439 3603 1502 coguntque
3622 1439 3831 1489 vestem

2245 1521 2610 1591 pretiosiorem
2640 1521 2830 1577 vicinas
2852 1531 3002 1577 veste
3028 1520 3128 1577 sibi
3149 1535 3418 1587 coemere,
3450 1522 3629 1579 mulos
3652 1522 3832 1591 albos,

2244 1619 2301 1666 et
2325 1610 2487 1665 frena
2513 1598 2787 1679 deaurata,
2813 1610 3126 1681 obsequium
3154 1611 3545 1679 cunuchorum,
3576 1627 3835 1686 magnum

2244 1702 2555 1757 ancillarum
2582 1716 2800 1774 gregem
2840 1710 2896 1758 et
2936 1702 3196 1773 reliquam
3223 1716 3443 1758 omnem
3480 1718 3731 1776 pompam
3762 1704 3841 1762 ri-

2246 1792 2474 1847 diculam
2521 1808 2534 1845 :
2579 1791 2675 1848 sed
2717 1790 2804 1847 his
2846 1792 3096 1847 omnibus
3140 1792 3478 1861 amendatis,
3509 1803 3565 1850 et
3606 1809 3842 1851 excusso

2248 1882 2516 1938 mundano
2536 1881 2673 1939 fastu
2703 1899 2864 1939 unum
2888 1883 3017 1939 illud
3047 1883 3221 1940 solum
3251 1884 3593 1956 quaerebant,
3620 1896 3679 1943 ut
3703 1901 3841 1944 eon-

2249 1983 2420 2032 sortes
2438 1975 2629 2032 ﬁerent
2644 1975 3029 2045 apostolorum,
3048 1982 3105 2032 et
3122 1974 3360 2046 ejusdem
3376 1992 3498 2033 cum
3520 1976 3624 2033 illis
3643 1977 3843 2048 prada:

2252 2067 2556 2138 participes.
2587 2066 2705 2137 Quo
2726 2065 2786 2122 ﬁt
2815 2076 2874 2122 ut
2902 2082 3006 2124 non
3046 2067 3163 2125 haec
3190 2069 3362 2125 solum
3392 2069 3513 2126 talis
3549 2079 3714 2137 esset,
3742 2084 3844 2127 ve-

2252 2172 2370 2213 rum
2410 2158 2571 2213 etiam
2609 2172 2798 2214 omnes
2826 2157 3065 2230 reliquae.
3094 2157 3227 2215 Nam
3267 2158 3418 2217 etde
3460 2147 3679 2217 Perside
3708 2175 3843 2233 qna-

2252 2251 2375 2306 dam
2401 2250 2551 2321 dicit,
2584 2249 2712 2319 Qua
2738 2251 2952 2306 multum
2983 2251 3227 2307 laboravit
3257 2267 3380 2323 erga
3404 2267 3497 2307 nos
3522 2252 3710 2323 (Rom.
3745 2253 3841 2311 l6.

2258 2344 2381 2416 12),
2409 2352 2464 2401 et
2488 2343 2705 2400 Mariam
2742 2358 2805 2400 ac
2842 2344 3195 2416 Tryphaenam
3222 2346 3295 2401 ob
3324 2343 3586 2416 ejusmodi
3631 2342 3847 2400 labores

2258 2436 2465 2501 laudat,
2496 2434 2639 2507 quod
2662 2450 2785 2492 cum
2818 2436 3074 2508 apostolis
3108 2436 3414 2492 laborarent
3432 2476 3448 2503 ,
3477 2444 3534 2493 et
3558 2436 3623 2492 ad
3653 2436 3846 2493 eadem

2256 2528 2529 2584 subeunda
2554 2529 2847 2587 certamina
2874 2544 2935 2585 se
2953 2529 3310 2601 aecingerent.
3338 2529 3446 2587 Sed
3472 2530 3563 2601 qni
3593 2530 3670 2595 ﬁt,
3700 2539 3758 2587 ut
3776 2531 3848 2587 ad

2259 2620 2594 2677 Timotheum
2623 2621 2866 2679 scribens
2890 2622 3068 2689 dicat,
3096 2620 3307 2677 Mulieri
3343 2632 3513 2679 autem
3540 2625 3721 2679 docere
3742 2639 3849 2681 non

2271 2710 2502 2781 permitto
2526 2752 2541 2776 ,
2569 2726 2730 2783 neque
2763 2710 3015 2766 dominari
3050 2711 3102 2766 in
3139 2711 3301 2766 virum
3331 2712 3348 2782 (
3374 2713 3424 2767 1.
3458 2712 3590 2768 Tim.
3612 2712 3668 2767 2.
3693 2712 3761 2769 12
3784 2716 3805 2785 )
3827 2720 3853 2769 't

2264 2799 2488 2870 Quando
2509 2800 2631 2870 pius
2656 2808 2737 2856 est
2762 2800 2862 2869 vir,
2876 2809 2929 2856 et
2948 2801 3186 2857 eamdem
3210 2802 3520 2873 religionem
3546 2803 3851 2874 proﬁtetur,

2262 2890 2586 2959 eteiusdem
2616 2892 2883 2963 particeps
2930 2900 3012 2948 est
3060 2892 3372 2962 sapientiai:
3415 2892 3630 2964 quando
3666 2904 3853 2952 autem

2259 2983 2499 3039 inﬁdelis
2526 2994 2608 3041 est
2632 2992 2693 3040 et
2726 2992 2908 3050 errat,
2936 2984 3105 3054 ipsam
3132 2983 3357 3040 docendi
3386 2986 3704 3041 auctoritate
3740 3002 3854 3042 non

2263 3077 2453 3146 privat.
2481 3074 2643 3131 Certe
2666 3090 2787 3130 cum
2817 3073 2885 3129 ad
2911 3073 3219 3130 Corinthios
3248 3074 3528 3140 scriberet,
3558 3076 3633 3130 ait
3662 3093 3676 3132 :
3710 3075 3777 3130 Et
3808 3076 3855 3131 si

2261 3182 2361 3234 qua
2386 3166 2566 3219 mulier
2595 3164 2743 3219 habet
2776 3164 2936 3219 virum
2961 3164 3247 3233 inﬁdelem,
3279 3182 3381 3219 non
3418 3166 3636 3220 dimittat
3678 3166 3852 3223 illum.

2268 3255 2415 3312 Unde
2445 3257 2578 3312 enim
2601 3257 2701 3310 scis
2718 3296 2735 3324 ,
2759 3256 2959 3323 mulier,
2984 3256 3028 3311 si
3052 3256 3215 3309 virum
3239 3262 3432 3311 solvunt
3453 3258 3609 3327 {acies
3633 3258 3709 3329 (1.
3727 3257 3854 3317 Cor.

2263 3350 2316 3404 7.
2345 3351 2431 3405 l3.
2468 3348 2596 3420 l6)?
2625 3347 2742 3415 Quo
2769 3362 2900 3403 vero
2924 3356 3078 3418 pacto
3102 3346 3217 3403 ﬁeri
3249 3356 3460 3419 potest,
3490 3357 3548 3405 ut
3571 3350 3761 3405 mulier
3782 3350 3856 3407 ﬁ-

2262 3440 2396 3496 delis
2426 3440 2596 3495 virum
2628 3438 2893 3495 inﬁdelem
2916 3437 3120 3493 salvum
3155 3437 3351 3495 l‘aciatl
3380 3439 3655 3497 instruens
3687 3442 3859 3498 nimi-

2265 3546 2381 3586 rum
2420 3530 2566 3585 illum
2592 3538 2646 3586 et
2668 3529 2867 3585 docens
2896 3539 3055 3600 atque
3095 3529 3162 3585 ad
3201 3528 3359 3586 ﬁdem
3384 3529 3652 3587 adducens
3670 3573 3686 3599 ,
3716 3532 3861 3590 sicut

2263 3632 2319 3677 et
2348 3623 2448 3677 ista
2480 3620 2719 3677 Priscilla
2750 3620 2961 3691 Apollo.
2991 3620 3262 3691 Alioquin,
3290 3635 3411 3676 cum
3448 3620 3612 3690 dicit,
3644 3620 3861 3679 Mulieri

2264 3715 2442 3768 docere
2468 3730 2570 3768 non
2599 3712 2850 3784 permitto,
2872 3711 2940 3767 de
2963 3712 3295 3767 institutione
3321 3726 3441 3782 quas
3470 3711 3528 3767 ﬁt
3552 3727 3585 3769 ο
3603 3723 3859 3785 suggestu

2267 3802 2533 3874 loquitur,
2558 3803 2626 3859 de
2652 3816 2899 3858 sermone
2932 3802 3022 3873 qui
3052 3800 3279 3857 habetur
3302 3800 3370 3857 ad
3401 3804 3653 3873 populum
3675 3845 3689 3867 .
3719 3814 3862 3862 etut

2266 3893 2632 3949 sacerdotibus
2678 3908 2745 3949 ex
2797 3892 2975 3949 ofﬁcio
3021 3892 3279 3948 incumbit
3319 3910 3333 3946 :
3381 3894 3624 3963 privatim
3673 3905 3859 3951 autem

2272 3983 2539 4039 cohortari
2582 3992 2638 4041 et
2680 3982 2961 4038 consilium
3003 3984 3133 4038 dare
3154 4029 3163 4045 ,
3183 3997 3290 4038 non
3335 3982 3629 4053 prohibuit.
3670 3985 3861 4057 Neque

2267 4075 2432 4142 enim,
2456 4074 2500 4129 si
2526 4072 2629 4129 hoc
2654 4072 2977 4143 prohibitum
3003 4071 3208 4141 fuisset,
3238 4073 3377 4129 hanc
3411 4089 3533 4145 qua:
3572 4075 3623 4131 id
3649 4078 3865 4147 pmti-

2269 4175 2406 4221 terat
2431 4165 2810 4221 collaudasset.

2338 4257 2393 4311 4.
2426 4256 2660 4311 Audiant
2684 4256 2804 4323 viri,
2834 4254 3050 4311 audiant
3073 4264 3129 4312 et
3158 4256 3256 4312 ista
3279 4256 3532 4313 mulieres
3562 4275 3576 4312 :
3610 4258 3714 4314 illa:
3740 4260 3863 4329 qui-

2270 4346 2392 4401 dem
2418 4388 2434 4415 ,
2462 4357 2521 4402 ut
2546 4363 2664 4404 eam
2702 4347 3011 4415 imitentur,
3036 4363 3155 4419 qum
3192 4363 3353 4405 sexus
3390 4350 3630 4421 ejusdem
3654 4362 3772 4419 est,
3801 4364 3865 4411 et

2273 4444 2477 4492 naturae
2514 4437 2830 4500 cognatione
2866 4438 3192 4508 conjuncta:
3225 4438 3279 4495 hi
3309 4455 3471 4506 vero,
3518 4457 3587 4498 ne
3633 4444 3864 4502 muliere

2275 4529 2651 4585 imbecilliores
2680 4539 2989 4600 appareant.
3044 4529 3214 4596 Quam
3264 4532 3406 4587 enim
3452 4536 3859 4591 excusationem

2275 4622 2612 4688 habebimus,
2638 4616 2799 4693 quam
2826 4623 3035 4679 veniam
3067 4625 3490 4695 impetrabimus,
3522 4628 3565 4682 si
3591 4644 3712 4684 cum
3735 4640 3863 4686 tan-

2272 4724 2384 4770 tum
2405 4716 2566 4770 animi
2588 4715 2839 4781 studium,
2865 4724 3170 4787 tantamque
3192 4716 3579 4788 philosophiam
3606 4722 3864 4779 mulieres

2271 4809 2636 4877 exhibuerint,
2668 4823 2766 4864 nos
2793 4824 3007 4879 semper
3033 4808 3215 4864 mundi
3237 4810 3379 4865 afﬁxi
3401 4812 3628 4881 negotiis
3656 4812 3867 4869 haerea-

2275 4901 2420 4957 musl
2438 4901 2562 4956 Hzec
2582 4901 2789 4957 discant
2804 4910 2859 4956 et
2880 4902 3217 4971 magistratus
3236 4908 3291 4955 et
3312 4901 3521 4970 privati,
3538 4911 3591 4958 et
3612 4905 3869 4961 sacerdo-

2276 5004 2377 5062 tes,
2399 5005 2452 5050 et
2476 4994 2566 5067 qui
2584 4995 2633 5049 in
2660 4994 2849 5049 Ordine
2874 4993 3129 5047 laicorum
3150 5002 3451 5060 versantur,
3472 5004 3525 5053 ut
3548 4995 3619 5049 illi
3644 4997 3864 5066 quidem

2274 5084 2467 5140 divites
2498 5085 2626 5138 tanti
2668 5100 2772 5139 non
2805 5082 2997 5137 faciant
3016 5124 3031 5148 ,
3057 5097 3228 5153 neque
3248 5082 3492 5139 illustres
3521 5084 3709 5141 domos
3734 5102 3863 5156 per-

2275 5186 2562 5247 sequantur
2581 5218 2595 5239 .
2624 5176 2716 5231 sed
2746 5176 2993 5229 virtutem
3033 5189 3154 5228 cum
3195 5184 3506 5245 paupertate
3533 5176 3830 5248 disquirant
3855 5224 3872 5249 ,

2276 5284 2449 5339 neque
2489 5268 2864 5339 pauperiorum
2898 5264 3118 5319 fratrum
3145 5264 3266 5320 illos
3304 5264 3531 5335 pudeat,
3564 5283 3740 5339 neque
3784 5281 3868 5324 ta-

2275 5364 2682 5419 bernaculorum
2713 5363 2980 5434 opiﬁcem,
3008 5370 3065 5417 et
3088 5361 3396 5423 curiarium.
3418 5372 3474 5421 et
3504 5376 3757 5434 purpura:
3788 5362 3870 5415 in-

2276 5454 2513 5508 stitnrem
2534 5494 2547 5517 ,
2578 5462 2633 5507 et
2652 5454 2898 5509 aerarium
2927 5452 3265 5516 amittentes,
3289 5465 3384 5505 eos
3412 5452 3500 5521 qui
3527 5450 3868 5520 magistratus

2276 5556 2468 5611 gerunt
2509 5546 2681 5600 colant
2714 5564 2725 5598 :
2757 5546 2845 5616 qni
2878 5560 3003 5599 vero
3034 5544 3223 5614 privati
3250 5552 3413 5607 sunt,
3437 5557 3505 5597 ne
3527 5557 3586 5597 se
3615 5543 3865 5613 impediri

2278 5645 2499 5709 putent,
2528 5650 2630 5707 quc
2676 5639 2850 5692 minus
2891 5645 3105 5691 sanctos
3137 5635 3437 5706 excipiant,
3464 5633 3558 5689 sed
3598 5649 3870 5693 memores

2278 5732 2464 5799 vidum,
2500 5746 2619 5801 qua:
2650 5728 2853 5786 Heliam
2881 5729 3139 5799 suscepit,
3171 5744 3293 5783 cum
3322 5728 3396 5784 illi
3427 5728 3609 5783 larius:
3639 5728 3877 5799 pugillus.
