4080 6390
299 270 395 325 193

292 385 469 442 solum
511 388 820 452 suppeteret
856 377 873 449 (
905 378 959 433 5.
991 376 1120 448 Reg.
1158 376 1244 431 Π.
1268 375 1353 431 i0.
1383 376 1518 446 sqq.)
1540 418 1554 440 ,
1584 384 1631 430 et
1676 375 1900 428 istorum

292 477 379 546 qui
404 474 627 531 Paulum
650 472 717 528 ad
742 471 882 528 duos
912 483 1085 525 annos
1117 469 1382 538 hospitem
1412 468 1683 532 aluerunt,
1712 465 1904 520 domos

293 567 474 637 egenis
500 567 746 635 aperiant
765 608 779 629 ,
810 573 864 619 et
888 561 1069 618 omnia
1102 560 1405 631 hospitibus
1432 560 1741 615 communia
1779 571 1903 613 esse

291 661 479 725 velint,
503 673 624 729 qum
650 656 945 727 possident.
971 654 1091 711 Noli
1117 654 1261 709 enim
1290 651 1392 708 hoc
1422 650 1555 705 mibi
1580 649 1761 723 dicere
1779 690 1795 715 ,
1828 648 1906 703 fa-

296 748 476 805 inulos
531 749 626 804 tibi
672 748 848 804 nullos
895 760 1058 812 esse,
1091 745 1181 815 qui
1229 744 1545 800 inserviant.
1579 742 1729 797 Licet
1757 740 1902 796 enim

294 841 524 897 haberes
546 838 880 903 innumeros.
914 836 1159 908 prtceipit
1190 836 1349 901 Dens,
1378 844 1437 889 ut
1466 848 1561 905 per
1584 842 1637 889 te
1662 834 1778 904 ipse
1802 834 1903 887 ho-

290 931 598 1001 spitalitatis
638 928 873 985 fructum
898 929 1179 998 decerpas.
1216 928 1502 997 Propterea
1546 924 1742 981 Paulus
1780 940 1902 981 eum

291 1024 572 1079 mulierem
619 1023 834 1079 viduam
875 1022 1277 1092 alloqueretur,
1306 1035 1536 1091 eamque
1583 1020 1900 1090 hospitalem

290 1130 411 1171 esse
455 1116 671 1186 iuberet
694 1158 710 1182 ,
744 1130 854 1170 non
884 1128 981 1184 per
1008 1113 1143 1168 alias
1164 1153 1180 1179 ,
1221 1111 1331 1168 sed:
1359 1128 1457 1183 pz‘r
1500 1113 1734 1182 seipsam
1768 1120 1824 1167 ut
1850 1110 1902 1165 id

286 1218 476 1281 ageret
503 1209 806 1281 imperavit.
836 1207 975 1264 Cum
1003 1207 1146 1262 enim
1172 1206 1439 1277 dixisset,
1480 1206 1543 1262 Si
1572 1205 1794 1276 hospitio
1825 1222 1901 1261 rev

286 1304 442 1373 cepit,
467 1302 681 1373 adjecit,
716 1301 779 1357 Si
802 1310 1097 1357 sanctorum
1122 1300 1274 1372 pedes
1300 1300 1423 1355 facit
1452 1300 1532 1370 (Ι.
1559 1297 1691 1353 Tim.
1712 1298 1765 1355 5.
1787 1297 1900 1370 10).

286 1395 405 1451 Non
433 1396 571 1451 dixit
590 1437 604 1460 ,
628 1392 684 1451 Si
726 1395 983 1466 pecunias
1010 1393 1264 1464 expendit
1284 1436 1298 1456 ,
1334 1407 1538 1463 neque,
1568 1390 1623 1448 Si
1650 1390 1863 1446 famulis
1882 1433 1900 1458 ,

289 1497 348 1541 nt
380 1486 433 1541 id
478 1494 729 1557 agerent,
761 1486 1087 1556 imperavit,
1120 1484 1217 1540 sed
1237 1526 1252 1550 ,
1283 1484 1342 1541 Si
1374 1499 1469 1555 per
1498 1499 1557 1539 se
1586 1483 1755 1553 ipsam
1800 1483 1903 1537 hoc

288 1581 558 1651 priestitit.
588 1580 879 1651 Propterea
900 1588 955 1635 et
985 1576 1279 1645 Abraham,
1309 1576 1395 1632 cui
1422 1577 1648 1631 trecenti
1674 1584 1727 1629 et
1752 1584 1904 1632 octo-

286 1672 467 1727 decim
496 1680 651 1726 erant
681 1669 955 1726 vernaculi
980 1711 995 1735 ,
1024 1669 1092 1725 ad
1131 1684 1350 1740 gregem
1394 1669 1509 1738 ipse
1547 1668 1817 1738 perrexit,
1846 1675 1902 1721 et

286 1764 775 1835 vitulum'gestavit
794 1806 807 1826 ,
846 1774 900 1820 et
931 1764 1036 1818 alia
1066 1771 1255 1819 cuncta
1298 1762 1595 1819 ministeria
1618 1760 1787 1824 obiit,
1818 1771 1901 1815 at-

284 1872 389 1926 que
417 1871 645 1912 uxorem
668 1856 719 1910 in
748 1856 1083 1912 consortium
1111 1854 1382 1911 fructuum
1412 1854 1794 1925 hospitalitatis
1812 1853 1901 1910 ad-

285 1949 464 2005 scivit.
496 1948 788 2019 Propterea
818 1961 1035 2020 quoque
1060 1947 1321 2003 Dominus
1348 1956 1537 2003 noster
1556 1945 1716 2003 Jesus
1744 1944 1902 2003 Chri-

282 2048 399 2096 stus
450 2049 509 2095 et
557 2041 610 2095 in
663 2040 929 2111 praesepio
982 2040 1259 2105 nascitur,
1310 2048 1369 2096 et
1412 2039 1463 2094 in
1521 2038 1686 2095 domo
1739 2049 1895 2095 natus

284 2134 584 2199 educatur,
616 2146 793 2204 neque
832 2131 1047 2188 adultus
1092 2132 1279 2188 habuit
1310 2132 1399 2187 ubi
1434 2141 1596 2201 caput
1628 2146 1785 2187 suum
1813 2146 1898 2187 re-

282 2222 628 2291 ciin:iret,'ut
655 2227 740 2281 his
764 2212 1017 2282 omnibus
1047 2234 1099 2280 te
1125 2225 1364 2292 doceret,
1395 2233 1452 2280 ut
1479 2238 1566 2279 res
1599 2224 1752 2279 istius
1774 2222 1897 2279 vitae

281 2312 593 2390 splendidas
620 2318 687 2374 ad
726 2328 1002 2390 stuporem
1032 2334 1099 2374 ne
1126 2319 1339 2373 mireris
1361 2359 1376 2385 ,
1410 2316 1505 2373 sed
1539 2316 1740 2372 vilioris
1766 2331 1897 2372 eon-

281 2410 508 2467 ditionis
536 2421 749 2466 amator
776 2410 974 2481 ubique
1004 2410 1100 2473 sis,
1132 2423 1197 2464 ac
1227 2408 1555 2479 paupertatis
1582 2407 1857 2463 studiosus
1876 2448 1890 2472 ,

280 2518 443 2573 Optun
494 2502 879 2558 abundantiam
928 2503 1131 2567 evitcs,
1176 2509 1231 2555 et
1279 2500 1422 2554 intus
1472 2500 1655 2555 ornari
1712 2514 1889 2556 cures.

284 2594 469 2650 Omnis
496 2595 696 2665 quippe
722 2593 891 2666 gloria
910 2594 1033 2663 [ilic
1062 2594 1195 2665 regis
1220 2592 1281 2646 ab
1304 2594 1440 2648 intus
1463 2590 1637 2661 (Psat.
1661 2594 1751 2649 Η.
1777 2592 1892 2663 ﬂ),

280 2688 454 2760 inquit
482 2688 787 2758 Scriptura.
822 2685 878 2742 Si
913 2686 1190 2757 proposito
1218 2684 1382 2739 animi
1416 2686 1487 2738 tui
1517 2685 1894 2754 hospitalitatis

280 2794 471 2834 amans
498 2778 573 2833 sis
599 2820 613 2844 ,
642 2792 857 2833 omnem
893 2776 1277 2847 hoSpitalitutis
1306 2774 1517 2831 thecam
1552 2776 1739 2842 habes,
1770 2775 1895 2832 licet

280 2871 500 2925 obolum
530 2880 735 2925 tantum
772 2868 1046 2939 possideas
1074 2890 1085 2923 :
1117 2870 1197 2922 sin
1228 2878 1407 2921 autem
1441 2867 1765 2921 inhumanus
1794 2869 1889 2932 sis,

279 2974 332 3019 et
363 2963 609 3031 hospites
637 2960 836 3027 oderis,
863 2962 985 3016 licet
1013 2960 1311 3014 innumeris
1339 2958 1499 3013 rebus
1524 2958 1889 3024 circumiiuas,

281 3055 445 3109 nimis
479 3062 705 3123 angusta
732 3034 817 3107 est
852 3068 947 3122 pro
976 3050 1273 3121 peregrinis
1298 3050 1491 3105 domus
1516 3060 1624 3105 tua.
1648 3049 1765 3105 Non
1800 3052 1898 3103 ha—

280 3147 441 3201 bebat
474 3146 575 3202 ista
607 3146 779 3202 lectos
813 3159 1037 3216 argento
1067 3154 1287 3200 ornatos
1308 3185 1323 3210 ,
1373 3144 1467 3199 sed
1497 3159 1763 3201 summam
1798 3144 1893 3199 ha-

280 3238 442 3293 bcbat
468 3238 771 3292 castitatem
802 3258 816 3293 :
845 3252 949 3291 non
980 3236 1212 3290 habebat
1253 3237 1568 3307 stragulum,
1595 3237 1691 3293 sed
1730 3238 1893 3293 animi

282 3330 561 3398 proposito
610 3338 726 3383 erat
761 3338 1041 3383 mansueto
1070 3336 1123 3382 et
1157 3327 1403 3399 hoSpitaii
1438 3350 1451 3384 :
1482 3344 1586 3383 non
1618 3329 1896 3387 columnas

280 3418 517 3475 habebat
550 3418 816 3489 fulgentes
843 3461 858 3486 ,
886 3420 979 3473 sed
1020 3420 1214 3473 animae
1240 3418 1696 3489 pulchritudinem
1724 3419 1896 3476 habe-

281 3513 372 3569 bat
409 3513 732 3569 cmicantem
768 3533 781 3569 :
816 3528 922 3568 non
971 3529 1243 3568 marmore
1287 3516 1621 3570 convestitos
1664 3515 1896 3571 habebat

284 3606 542 3675 parietes,
578 3621 685 3660 non
725 3606 955 3675 gemmis
982 3604 1295 3661 distinctum
1348 3608 1711 3676 pavimentum
1736 3649 1753 3675 ,
1800 3610 1895 3663 sed

283 3700 395 3766 ipsa
429 3698 666 3767 Spiritus
718 3708 837 3754 erat
881 3700 1161 3770 templum.
1212 3700 1335 3756 limo
1386 3700 1621 3757 laudavit
1662 3703 1891 3768 Paulus,

284 3790 401 3845 h:ee
430 3790 737 3855 adamavit;
769 3800 987 3861 propter
1026 3792 1139 3847 hsce
1165 3808 1287 3847 cum
1320 3792 1373 3847 in
1411 3794 1616 3849 aedibus
1653 3795 1719 3849 ad
1761 3796 1896 3850 duos

282 3895 456 3936 annos
480 3891 849 3937 commoratus
866 3892 1039 3945 esset,
1070 3883 1193 3938 inde
1219 3898 1326 3938 non
1356 3887 1617 3940 recessit:
1649 3897 1893 3957 propter-

282 3990 345 4029 ea
379 3974 621 4029 meminit
656 3990 871 4045 semper
901 3976 1137 4044 ipsorum
1160 4020 1174 4041 ,
1196 3991 1491 4049 eorumque
1536 3980 1893 4036 laudationem

286 4067 540 4122 eximiam
574 4066 679 4122 illis
706 4068 944 4122 contexit
970 4076 1025 4122 et
1068 4068 1348 4123 mirificam
1370 4112 1385 4136 ,
1417 4086 1525 4125 non
1558 4082 1615 4125 ut
1640 4072 1896 4129 clariores

282 4158 404 4213 illos
431 4158 643 4224 reddat,
678 4158 771 4214 sed
799 4167 857 4213 ut
878 4168 1105 4214 caeteros
1135 4161 1200 4214 ad
1232 4161 1479 4217 eumdem
1510 4164 1683 4217 zelum
1711 4179 1897 4220 accen-

280 4250 397 4315 dat,
429 4251 615 4319 eisque
642 4252 996 4321 persuadeat,
1027 4261 1084 4307 ut
1104 4253 1293 4307 beatos
1320 4254 1632 4323 praedicent,
1666 4272 1770 4312 non
1801 4273 1894 4313 eos

280 4345 373 4412 qui
410 4342 604 4398 divites
645 4352 797 4409 sunt,
830 4359 1003 4414 neque
1034 4345 1122 4415 qtti
1157 4354 1355 4415 gerunt
1391 4348 1732 4416 magistratus
1757 4391 1772 4415 ,
1800 4350 1894 4405 sed

280 4439 371 4505 qui
405 4435 697 4505 hospitales
728 4445 783 4490 et
813 4436 1189 4492 misericordes
1233 4447 1394 4504 sunt,
1428 4450 1485 4495 et
1514 4440 1750 4511 benigni,
1774 4444 1894 4514 qui-

281 4542 389 4598 que
414 4528 633 4582 mulzam
665 4543 792 4595 erga
824 4539 1039 4584 sanctos
1060 4530 1321 4587 exhibent
1345 4534 1677 4590 comitatem.

356 4621 411 4676 5.
445 4618 698 4692 Epilogus
728 4623 974 4677 sermonis
1011 4633 1059 4677 et
1101 4625 1382 4679 cohortatio
1411 4628 1621 4681 moralis
1662 4628 1731 4680 ad
1769 4643 1896 4699 Opus

280 4728 549 4766 manuum.
602 4712 721 4767 Non
765 4714 905 4768 debet
942 4718 1047 4768 nos'
1073 4715 1263 4784 pudere
1289 4715 1480 4771 laboris
1510 4726 1556 4770 et
1590 4719 1782 4789 opiﬁcit'
1828 4751 1897 4760 —

280 4805 411 4861 ii.ec
452 4806 612 4875 igitur
653 4805 774 4861 cuin
808 4821 907 4860 nos
934 4822 1149 4877 quoque
1187 4823 1252 4863 ex
1279 4809 1379 4864 hac
1402 4810 1725 4867 salutatione
1755 4814 1896 4869 didi-

279 4899 557 4962 cerimus,
591 4898 846 4966 operibus
903 4898 1031 4967 ipsis
1080 4900 1355 4968 specimen
1400 4916 1587 4956 eorum
1634 4904 1893 4969 edamus,

282 5004 458 5057 neque
494 4988 687 5057 divites
721 4998 924 5044 temere
949 4990 1138 5045 beatos
1160 4991 1535 5061 prtcdicemus,
1565 5010 1738 5066 neque
1765 5013 1901 5071 ρςιυτ

282 5096 439 5149 peres
483 5080 874 5149 viiipendnmus
897 5121 912 5146 ,
948 5096 1119 5151 neque
1167 5097 1266 5138 nos
1294 5082 1490 5152 pudeat
1530 5086 1724 5140 artium
1752 5128 1765 5152 ,
1799 5104 1899 5143 nec

280 5171 555 5242 opificium
585 5174 839 5239 probrum
870 5187 992 5227 esse
1021 5172 1301 5239 ducamus,
1330 5174 1423 5228 sed
1451 5176 1616 5230 otium
1638 5220 1651 5243 ,
1684 5188 1737 5231 et
1766 5180 1896 5233 nulli

280 5262 621 5332 occupationi
651 5279 862 5318 vacare.
892 5264 947 5320 Si
994 5266 1137 5318 enim
1181 5267 1434 5335 probrum
1465 5281 1610 5323 esset
1650 5276 1894 5340 operari,

282 5372 390 5409 non
418 5357 753 5411 exercuisset
778 5368 951 5412 artem
978 5358 1241 5423 ejusmodi
1272 5361 1467 5416 P.:ulus
1496 5406 1507 5425 ,
1544 5380 1716 5433 neque.
1742 5382 1803 5421 ea
1834 5371 1897 5423 u'e

284 5462 443 5501 causa
480 5449 650 5517 magis
678 5448 937 5518 gloriatus
964 5460 1128 5513 esset,
1160 5450 1228 5505 ita
1258 5450 1441 5505 dicens
1469 5472 1479 5505 :
1509 5457 1569 5508 Si
1590 5458 1721 5509 enim
1748 5474 1899 5511 evan-

284 5543 600 5611 gelisuecro,
637 5560 736 5595 non
783 5554 855 5595 est
900 5545 1020 5596 mihi
1062 5545 1247 5613 gloria.
1287 5545 1412 5610 Qua:
1438 5558 1510 5599 cal
1552 5565 1669 5619 ergo
1711 5567 1895 5603 meram

287 5648 393 5686 mea
409 5632 434 5684 7
456 5630 523 5687 Ut
547 5634 859 5703 evangelium
884 5636 1167 5703 pra'dicans
1187 5638 1292 5688 sine
1314 5649 1519 5706 sumptu
1550 5658 1733 5705 portant
1756 5659 1896 5696 cvan-

291 5718 477 5790 gciium
513 5719 699 5777 Christi
739 5723 828 5794 (ί.
864 5724 980 5780 Cor.
1012 5726 1062 5780 9.
1100 5726 1181 5783 10.
1213 5727 1333 5798 i8).
1380 5728 1534 5795 Quod
1566 5731 1608 5784 si
1640 5733 1889 5803 probrum

1049 261 1116 316 lN
1154 260 1379 327 lLLUl),
1422 257 1785 317 SALUTATE
1827 255 2239 313 PRISCILLAH
2282 255 2370 312 ΕΤ
2411 255 2744 327 Αρυιιωί.
2784 256 2807 315 i

3523 262 3626 320 ﬁt

2015 376 2158 424 esset
2178 382 2648 441 urs,nequaqnam
2680 371 2887 441 eoeqtti
2917 386 3031 427 non
3060 382 3433 444 opt-rarentur,
3462 377 3624 453 etiam

2014 460 2341 518 manducare
2387 465 2646 518 vetuisset
2691 462 2785 533 (Ξ.
2819 462 2994 519 Thess.
3017 466 3070 519 3.
3099 464 3165 521 l0
3198 468 3236 535 ).
3270 466 3454 521 Solum
3482 480 3633 524 enim

2013 561 2293 621 peceatum
2327 563 2408 609 est
2436 555 2692 615 probrum
2734 573 2745 608 :
2778 568 2835 610 at
2865 556 2997 611 illud
3026 572 3090 613 ex
3119 559 3229 613 otio
3262 558 3412 614 nasci
3442 562 3583 617 solet
3610 606 3623 626 ,

2013 659 2111 700 nec
2138 660 2302 699 unum
2331 656 2425 701 aut
2463 647 2570 701 duo
2610 650 2693 703 vel
2724 650 2820 703 tria
2850 657 3079 715 tantum,
3114 650 3209 707 sed
3256 652 3435 725 omnis
3464 654 3627 710 simul

2012 736 2349 806 improbitas.
2379 739 2672 811 Propterea
2716 744 2933 813 sapiens
2974 745 3138 800 etiam
3180 743 3401 817 quidam
3440 757 3625 803 osten-

2009 825 2146 883 dens
2172 842 2389 885 omnem
2421 831 2680 885 malitiam
2710 833 2961 889 docuisse
3000 835 3169 890 otium
3194 878 3211 904 ,
3255 846 3311 892 et
3342 837 3505 894 verba
3549 839 3622 892 fa-

2008 918 2157 973 ciens
2182 918 2251 975 tie
2280 922 2453 977 servis
2477 924 2551 977 ait
2581 941 2593 977 :
2628 923 2774 978 Mitte
2799 926 2945 980 illum
2968 926 3022 981 in
3048 928 3416 998 operationem,
3445 948 3508 986 ne
3530 948 3622 985 oa-

2008 1020 2085 1064 cet
2111 1010 2129 1081 (
2157 1009 2321 1066 Eccli.
2348 1014 2436 1069 35.
2468 1013 2585 1085 28).
2615 1016 2768 1082 Quod
2805 1033 2836 1073 e
2862 1018 2949 1072 .im
2981 1028 3064 1073 est
3091 1018 3317 1077 fraznum
3352 1038 3524 1094 equo,
3572 1025 3621 1079 id

2008 1111 2093 1157 est
2116 1117 2253 1174 opus
2292 1117 2501 1161 natura:
2530 1121 2747 1163 nosmc.
2772 1109 2829 1165 Si
2857 1108 3058 1167 bonum
3089 1113 3216 1185 quid
3240 1127 3383 1181 esset
3414 1119 3584 1172 otium
3603 1161 3622 1181 .

2008 1195 2190 1251 omnia
2218 1196 2337 1253 sine
2360 1210 2604 1256 semente
2631 1213 2687 1257 et
2710 1203 3035 1273 agricultura
3065 1215 3207 1263 terra
3251 1209 3574 1279 produceret
3603 1229 3619 1266 :

2006 1287 2154 1358 atqui
2182 1289 2315 1345 nihil
2339 1290 2447 1348 tale
2484 1305 2721 1363 pra-stat.
2745 1296 2886 1353 Olim
2928 1298 3089 1370 igitur
3123 1309 3321 1359 terram
3359 1304 3633 1361 inaratato

2006 1375 2149 1434 ferre
2173 1389 2366 1437 cuncta
2394 1387 2653 1455 pra-cepit
2680 1388 2818 1444 Deus
2853 1406 2866 1443 :
2893 1389 3007 1460 jam
3029 1407 3160 1449 vero
3185 1410 3293 1449 non
3336 1399 3405 1450 ita
3446 1396 3574 1454 fecit
3600 1438 3620 1464 ,

2007 1468 2105 1525 sed
2131 1479 2187 1526 et
2210 1471 2378 1530 boves
2395 1478 2621 1547 jungere
2639 1520 2654 1543 ,
2682 1489 2737 1534 et
2764 1496 3037 1539 vomerem
3070 1484 3304 1553 trahere,
3328 1497 3383 1543 et
3408 1490 3619 1545 sulcum

2006 1562 2226 1631 dueere,
2256 1575 2312 1623 et
2338 1580 2523 1625 semen
2550 1570 2752 1641 jacere,
2780 1583 2941 1646 atque
2966 1576 3089 1632 aliis
3120 1578 3303 1635 multis
3328 1583 3503 1638 modis
3522 1598 3623 1639 co-

2006 1654 2123 1711 lere
2159 1667 2213 1713 et
2257 1658 2419 1715 vitem
2449 1669 2504 1717 et
2527 1662 2752 1719 arbores
2776 1675 2833 1721 et
2876 1669 3084 1726 semina
3114 1669 3422 1729 hominibus
3451 1676 3620 1746 impc-

2007 1748 2169 1815 ravit,
2200 1759 2259 1805 ut
2286 1753 2617 1822 operationis
2640 1758 2927 1828 occupatio
2945 1770 3182 1817 mentem
3208 1778 3418 1828 eorum,
3446 1766 3620 1836 quise

2004 1840 2261 1912 operibus
2285 1856 2624 1915 exercerem,
2663 1848 2730 1905 ab
2758 1852 2903 1907 omni
2934 1853 3278 1923 improbitate
3311 1870 3612 1915 revocaret.

2009 1932 2279 2003 Principio
2297 1936 2535 2005 quidem,
2563 1948 2618 1995 ut
2644 1944 2938 2011 potentiam
2966 1960 3118 2001 suam
3137 1950 3470 2018 ostenderet,
3489 1952 3619 2007 efre-

2002 2023 2075 2076 cit
2100 2032 2159 2077 ut
2173 2025 2353 2081 omnia
2369 2028 2486 2084 sine
2506 2032 2703 2086 nostris
2722 2031 2995 2092 laboribus
3018 2040 3389 2108 provenirent:
3416 2042 3621 2097 Genui-

2004 2124 2235 2170 netsnnn
2255 2126 2387 2173 terra
2405 2118 2612 2175 herbam
2634 2125 2758 2194 [teni
2777 2123 2929 2196 (Gen.
2954 2127 3005 2182 i.
3028 2128 3141 2199 ii),
3160 2129 3349 2202 inquit,
3366 2142 3419 2187 et
3435 2137 3619 2191 statim

2001 2217 2195 2265 cuncta
2224 2212 2523 2269 vernabant
2544 2232 2559 2279 ;
2584 2226 2768 2287 postea
2795 2233 2926 2272 vero
2952 2234 3057 2275 non
3086 2222 3195 2289 ita;
3220 2225 3313 2280 sed
3336 2235 3388 2279 et
3408 2238 3619 2282 nostro-

2002 2315 2120 2354 rum
2149 2300 2391 2358 laborum
2420 2319 2582 2375 opera
2616 2308 2777 2377 jussit
2809 2310 2895 2365 illa
2926 2326 2957 2366 θ
2993 2322 3133 2368 terra
3158 2314 3409 2384 produci,
3436 2327 3491 2371 ut
3532 2320 3618 2373 di-

1999 2404 2120 2447 scas
2142 2392 2211 2448 ob
2230 2395 2512 2451 utilitatem
2530 2408 2582 2452 et
2597 2400 2941 2457 commodum
2970 2414 3213 2461 nostrum
3238 2408 3472 2463 laborem
3496 2428 3621 2466 0538

2001 2484 2292 2542 invectum.
2314 2490 2391 2545 Ac
2416 2489 2629 2545 videtur
2644 2493 2859 2563 quidem
2888 2510 3047 2564 pmna
3064 2506 3119 2553 et
3147 2499 3464 2569 supplicium
3497 2518 3617 2559 esse

1998 2593 2120 2632 cum
2142 2581 2295 2635 audis
2326 2599 2340 2637 :
2368 2580 2435 2636 In
2460 2589 2647 2640 sudore
2672 2588 2839 2643 vultus
2866 2592 2942 2643 tui
2961 2594 3174 2647 vesceris
3196 2610 3327 2665 pane
3349 2606 3433 2649 tuo
3457 2598 3614 2669 (Cm.

2000 2669 2055 2726 5.
2091 2670 2179 2744 t9)
2219 2692 2232 2728 :
2271 2689 2331 2729 re
2364 2686 2542 2732 autem
2574 2694 2700 2734 vera
2727 2682 2976 2752 quiedam
3008 2695 3089 2740 est
3119 2688 3412 2743 admonitio
3441 2703 3493 2745 ct
3524 2710 3616 2746 ca-

1998 2764 2248 2835 stigatio,
2295 2780 2350 2823 et
2393 2772 2710 2840 vulnerum,
2754 2790 2871 2845 qua:
2918 2789 3195 2847 peccatum
3232 2782 3459 2849 inﬂixit,
3494 2802 3611 2841 me-

1999 2856 2139 2910 dela.
2169 2857 2339 2927 Quam
2362 2864 2432 2916 ob
2452 2879 2669 2920 causam
2692 2877 2746 2921 et
2765 2867 2960 2925 Paulus
2981 2873 3308 2941 operabatur
3333 2889 3613 2945 perpetuo,

2001 2964 2107 3002 non
2152 2950 2382 3008 interdiu
2424 2962 2630 3009 tantum
2652 2998 2665 3021 ,
2700 2959 2795 3013 sed
2826 2960 2986 3015 etiam
3018 2962 3130 3031 ipsa
3156 2974 3314 3019 nocte
3346 2985 3357 3018 :
3393 2972 3534 3037 quod
3564 2982 3616 3025 ct

2004 3038 2118 3109 ipse
2143 3040 2381 3097 clamans
2408 3052 2633 3101 testatur
2661 3064 2673 3095 :
2709 3046 2873 3103 Nocte
2893 3052 3026 3104 enim
3049 3063 3095 3106 et
3122 3054 3206 3107 die
3226 3072 3493 3124 oper-antes
3516 3106 3527 3124 ,
3555 3082 3617 3117 ne

2000 3149 2145 3202 quem
2166 3142 2381 3188 restraint
2400 3153 2724 3207 gravaremus
2745 3139 2791 3202 (l
2806 3140 3003 3199 .Tltess.
3025 3144 3061 3198 2
3100 3144 3179 3215 9).
3195 3145 3377 3219 Neque
3398 3168 3523 3205 vero
3548 3164 3616 3207 tc-

2003 3240 2151 3281 mere
2194 3227 2596 3299 delectationis,
2642 3242 2735 3288 aut
2768 3237 3045 3314 recreandi
3090 3241 3255 3296 animi
3290 3258 3449 3298 causa
3481 3263 3613 3314 opus

2002 3319 2295 3386 tractabat,
2340 3320 2401 3375 si:
2420 3330 2479 3376 ut
2524 3324 2675 3378 multi
2722 3324 2946 3393 fratres,
2992 3312 3087 3385 sed
3144 3340 3291 3387 tanto
3332 3348 3391 3389 se
3434 3312 3615 3392 Iulum:

2001 3412 2285 3468 exercebat
2306 3458 2321 3480 ,
2357 3423 2413 3470 ut
2448 3426 2503 3471 et
2532 3419 2744 3474 exteris
2774 3421 3013 3477 subsidio
3053 3438 3176 3481 esse
3216 3439 3417 3497 posset.
3447 3432 3527 3485 Ad
3555 3450 3613 3484 ea

2001 3505 2136 3556 enim
2173 3522 2287 3574 qua:
2326 3507 2450 3561 mihi
2474 3524 2604 3579 opus
2631 3522 2774 3565 erant
2792 3552 2808 3577 ,
2839 3521 2886 3568 et
2914 3514 2975 3569 iis
2999 3516 3089 3585 qui
3115 3534 3309 3573 mecum
3337 3532 3453 3575 sunt
3472 3565 3486 3587 ,
3518 3526 3584 3575 mi

2002 3594 2343 3650 nistrat-erunt
2364 3615 2546 3654 manus
2572 3601 2680 3655 ista:
2702 3602 2942 3673 (Act.20.
2961 3605 3076 3675 54).
3106 3607 3278 3665 Homo
3298 3613 3387 3680 qui
3412 3613 3587 3667 dannt»

2004 3685 2160 3740 nibus
2208 3689 2535 3758 imperabat,
2581 3695 2671 3765 qui
2699 3694 2889 3749 doctor
2908 3707 3023 3752 erat
3050 3701 3198 3755 orbis
3221 3711 3589 3771 lerl‘aftilli,Cf.

2002 3780 2241 3833 omnium
2263 3822 2276 3841 ,
2306 3781 2395 3851 qui
2430 3792 2629 3839 terram
2660 3788 2934 3855 incolunt,
2959 3789 3131 3847 fuerat
3152 3809 3278 3849 cura
3300 3800 3581 3854 comntissu

2002 3870 2092 3939 qui
2133 3881 2353 3927 cunctas
2390 3875 2491 3927 sub
2520 3876 2637 3931 sole
2667 3881 2868 3947 positas
2897 3881 3165 3939 Ecciesias
3188 3929 3200 3951 ,
3228 3897 3287 3942 et
3310 3892 3533 3959 pupuios
3563 3908 3611 3945 ex

2004 3962 2249 4017 nationes
2269 4005 2282 4026 ,
2316 3972 2369 4019 et
2414 3966 2575 4023 urbes
2604 3984 2817 4030 summa
2842 3975 3207 4034 sollicitudine
3234 3984 3485 4048 curabat,
3516 4001 3611 4037 t|0~

2003 4066 2089 4109 c:e
2109 4062 2165 4109 et
2190 4055 2275 4110 die
2304 4058 2627 4127 operabatur
2648 4102 2662 4126 ,
2691 4076 2754 4118 ac
2782 4078 2851 4118 ne
2882 4067 3146 4122 tantillum
3175 4071 3388 4141 quidem
3419 4074 3485 4127 ab
3511 4075 3615 4129 illis

2005 4145 2281 4202 laboribus
2316 4150 2637 4221 reSpirabat.
2676 4154 2786 4210 Nos
2823 4172 2951 4211 vero
2972 4200 2984 4222 ,
3013 4162 3209 4229 quibus
3233 4178 3301 4217 ne
3334 4166 3611 4220 millesima

2003 4240 2219 4308 quidem
2258 4242 2401 4298 illius
2438 4259 2689 4301 curarum
2728 4263 2852 4317 pars
2883 4250 3176 4318 incumbit,
3213 4255 3293 4309 vel
3323 4258 3498 4325 potius
3526 4260 3615 4327 qui

2006 4347 2073 4387 ne
2112 4344 2291 4389 mente
2318 4337 2533 4406 quidem
2561 4353 2651 4393 eas
2678 4354 2871 4409 capere
2902 4357 3186 4411 possumus
3210 4387 3225 4412 ,
3264 4347 3318 4401 in
3348 4350 3458 4403 otio
3488 4365 3611 4420 per.

2007 4436 2170 4494 petuo
2211 4429 2381 4483 vitam
2415 4429 2680 4487 ducimus.
2726 4435 2842 4501 Qua
2876 4452 3008 4492 vero
3047 4438 3193 4509 digni
3232 4445 3612 4510 excusatione.

2006 4519 2092 4573 vel
2120 4536 2221 4590 qua
2255 4521 2466 4577 tandem
2497 4526 2649 4580 venia
2672 4528 3013 4585 censebimur
3032 4532 3054 4585 ?
3075 4530 3203 4589 Dtde
3224 4548 3411 4590 cuncta
3446 4538 3496 4591 in
3519 4555 3614 4609 ge-

2006 4630 2106 4668 nus
2148 4615 2437 4672 humanum
2480 4622 2615 4674 mala
2653 4621 3029 4692 dimanarunt,
3073 4628 3214 4697 quod
3262 4634 3411 4685 multi
3461 4634 3511 4686 in
3552 4646 3618 4689 eo

2005 4710 2297 4765 maximum
2326 4712 2493 4768 decus
2516 4730 2638 4769 esse
2668 4717 2897 4787 positum
2922 4722 3282 4789 arbitrentur,
3310 4736 3366 4778 ut
3387 4740 3509 4779 suas
3535 4745 3620 4779 ur-

2007 4810 2087 4857 tes
2129 4803 2348 4860 minime
2389 4814 2654 4875 tractent,
2696 4820 2748 4865 ct
2778 4826 2989 4866 summo
3019 4813 3117 4868 sibi
3146 4815 3355 4871 crimini
3383 4820 3573 4873 ducant
3603 4863 3616 4878 .

2006 4893 2050 4947 si
2088 4909 2272 4949 earum
2316 4898 2559 4967 peritiam
2593 4916 2701 4969 prie
2732 4918 2791 4957 se
2823 4902 3016 4959 ferant.
3049 4906 3127 4959 Ac
3158 4906 3380 4963 Paulum
3402 4912 3616 4980 quidue:

2007 5003 2113 5042 non
2158 4991 2319 5059 pudet
2363 4992 2521 5047 simul
2562 5005 2615 5048 et
2650 4998 2919 5067 scalprum
2971 5015 3131 5054 manu
3162 5010 3423 5069 tractare,
3457 5007 3609 5074 polita~

2006 5102 2271 5141 censuere
2296 5131 2309 5151 ,
2358 5098 2411 5141 et
2455 5088 2597 5143 viros
2636 5090 2834 5161 alloqui
2882 5092 2933 5145 itt
2969 5093 3228 5163 dignitate
3255 5099 3579 5153 constitutos

2008 5178 2100 5231 sed
2152 5189 2206 5231 ct
2249 5196 2305 5233 re
2348 5180 2433 5234 illa
2482 5181 2846 5250 gloriabatur,
2888 5199 3008 5237 cum
3042 5184 3107 5239 ad
3137 5202 3260 5241 eum
3290 5188 3387 5242 viri
3418 5190 3544 5243 clari
3573 5203 3619 5242 γι

2008 5271 2243 5325 i1.lustrcs
2282 5273 2624 5327 ventitarent.
2671 5274 2855 5343 Neque
2898 5286 3103 5331 tantum
3144 5278 3258 5334 hare
3285 5280 3434 5333 illum
3466 5297 3622 5351 ageic

2010 5378 2113 5415 non
2159 5364 2409 5431 pudebat,
2450 5365 2542 5419 sed
2586 5366 2744 5419 etiam
2779 5366 2831 5420 in
2863 5368 3106 5437 epistolis
3134 5370 3245 5425 suis
3271 5380 3539 5443 tamquam
3572 5374 3621 5425 iu

2010 5470 2151 5507 aereo
2200 5458 2386 5523 cippo,
2441 5473 2599 5526 quam
2652 5458 2995 5527 proﬁteretur
3038 5470 3246 5525 artem,
3296 5463 3619 5533 divulgabat.

2009 5544 2163 5613 Quod
2196 5548 2353 5617 igitur
2380 5548 2445 5604 ab
2474 5550 2624 5603 initio
2655 5551 2949 5620 didicerat,
2983 5553 3109 5609 illud
3138 5564 3189 5609 et
3212 5565 3398 5627 postea
3428 5568 3624 5610 iratiu-

2009 5638 2130 5705 bat,
2163 5638 2319 5709 idque
2349 5651 2627 5711 postquam
2665 5642 2832 5697 fuerat
2864 5648 3077 5699 tertium
3108 5657 3290 5715 ruptus
3315 5648 3363 5701 in
3396 5649 3583 5701 ca-iuiu
3609 5692 3621 5709 ,

2012 5742 2291 5801 postquam
2337 5734 2626 5793 ttdnslatus
2664 5734 2837 5793 fuerat
2877 5738 2927 5793 in
2958 5738 3267 5811 paradisum
3292 5783 3305 5809 ,
3338 5750 3625 5813 postquam
