4080 6422
301 309 403 366 197

293 423 420 477 dum
447 415 863 494 apostolicarum
909 412 1135 468 vestium
1185 411 1411 465 multum
1457 409 1612 465 nobis
1650 406 1899 463 conferre

294 510 539 567 utilitatis
576 526 589 562 :
622 507 717 564 sed
744 522 866 561 cum
899 504 1001 559 hoc
1027 504 1180 571 dico,
1224 503 1409 558 incidit
1440 503 1568 556 milli
1620 501 1703 556 lex
1745 516 1905 571 quam

298 602 540 659 Christus
571 602 780 670 posuit,
808 597 994 652 dicens
1025 614 1036 650 :
1083 594 1203 650 Non
1230 595 1484 665 possidete
1509 610 1690 646 aurum
1711 634 1725 653 ,
1751 607 1910 663 neque

296 702 580 764 argentum,
608 706 765 761 neque
790 705 861 744 ws
888 689 938 742 in
969 690 1111 742 sonis
1148 691 1341 752 vestn's,
1375 702 1535 756 neque
1554 686 1751 738 calceos
1775 724 1788 746 ,
1821 700 1909 737 ne-

294 800 389 849 que
414 778 609 854 uirgam
628 783 683 835 in
705 781 784 835 aia
811 780 1023 850 (Matth.
1063 780 1147 834 10.
1188 778 1244 835 9.
1275 778 1379 847 10)
1404 796 1415 830 :
1443 776 1782 831 manifestum
1813 790 1909 829 au-

296 888 401 932 tem
434 887 519 931 est
549 875 765 930 Petrum
793 872 1045 927 habuisse
1071 871 1329 925 sandalio.
1358 868 1510 926 Unde
1535 884 1655 933 cum
1682 866 1905 937 angelus

294 983 416 1023 eum
466 966 829 1021 dormientem
879 964 1178 1027 excitaret,
1212 974 1264 1016 et
1291 977 1322 1015 e
1366 975 1584 1014 carcere
1614 958 1903 1021 educeret,

293 1062 369 1115 ait
397 1077 411 1113 :
439 1059 623 1114 Calcea
645 1069 693 1113 te
719 1058 971 1111 widaliis
998 1058 1096 1109 tuis
1121 1099 1135 1119 ,
1159 1066 1209 1109 et
1234 1054 1499 1109 circumda
1526 1054 1614 1107 tibi
1634 1054 1905 1108 vestimen-

296 1163 401 1204 tum
430 1159 595 1215 tuum,
623 1157 668 1203 et
690 1163 894 1218 sequere
920 1163 998 1200 me
1028 1144 1163 1217 (Act.
1190 1145 1276 1199 12.
1312 1142 1391 1217 8).
1416 1144 1483 1199 Et
1505 1143 1703 1199 Paulus
1717 1141 1904 1198 Timo-

297 1241 423 1297 theo
444 1240 629 1295 scribit
658 1257 670 1290 :
699 1237 950 1291 Penulam
972 1253 1124 1309 quam
1153 1236 1336 1305 reliqui
1372 1234 1576 1289 Troade
1602 1234 1743 1303 apud
1773 1232 1903 1286 Car-

296 1351 415 1406 pam
441 1310 599 1399 ,‘cam
626 1332 790 1385 venies
817 1329 967 1396 a/I'er,
992 1340 1039 1384 et
1065 1330 1242 1395 libros,
1273 1330 1557 1398 prtzsertim
1585 1328 1905 1381 membranas

296 1426 371 1499 (ἰ.
401 1424 531 1479 Tim.
556 1426 609 1479 4.
642 1425 749 1493 15).
767 1424 905 1491 Quid
927 1423 1102 1477 dicis?
1125 1422 1371 1477 Christus
1393 1421 1544 1491 jubet
1571 1436 1676 1474 nou
1704 1419 1905 1474 habere

294 1519 539 1581 calceos,
577 1525 629 1568 tu
657 1525 835 1568 autem
865 1513 1113 1583 penulam
1152 1514 1339 1578 babes,
1369 1521 1421 1567 et
1451 1512 1588 1565 alius
1612 1510 1850 1565 sandalio
1882 1509 1905 1563 τ

294 1607 445 1676 Quod
495 1607 538 1660 si
588 1605 639 1660 hi
670 1616 858 1660 tenues
905 1604 1115 1676 quidam
1145 1616 1359 1668 essent,
1390 1604 1647 1673 magistro
1673 1617 1778 1656 non
1812 1615 1905 1669 per

295 1699 473 1755 omnia
496 1699 954 1767 obtemperantes,
979 1696 1122 1750 nulla
1138 1706 1251 1750 erat
1278 1696 1361 1749 hic
1380 1695 1623 1751 facienda
1645 1694 1901 1765 qumstio:

294 1789 388 1845 sed
417 1805 538 1844 cum
570 1788 670 1859 ipsi
700 1788 955 1858 prmcipui
987 1788 1113 1854 sint,
1136 1802 1200 1842 ac
1230 1787 1486 1856 primates
1506 1787 1901 1858 apostolorum,

292 1893 343 1936 et
372 1883 584 1935 animos
621 1895 749 1935 suas
789 1880 1198 1950 impenderent,
1228 1879 1552 1950 Christoque
1581 1895 1679 1950 per
1720 1880 1903 1936 omnia

290 1972 604 2043 obedirent,
637 1979 694 2027 et
745 1970 943 2027 Paulus
985 1987 1095 2025 non
1142 1972 1316 2025 solum
1372 1972 1633 2041 imperata
1682 1970 1901 2037 fecerit,

293 2064 392 2119 sed
416 2072 471 2119 et
495 2050 659 2133 supra
690 2072 985 2118 seammata
1008 2064 1305 2128 saltaverit;
1327 2079 1557 2133 cumque
1589 2064 1906 2134 prmciperet

293 2172 357 2210 es
400 2156 692 2228 Evangelia
722 2155 1044 2222 viwndum,
1091 2155 1288 2210 victum
1336 2156 1450 2225 ipse
1501 2156 1751 2211 manibus
1792 2155 1904 2212 suis

290 2247 598 2316 quaisiverit
628 2288 643 2312 ,
701 2248 852 2317 plus,
901 2263 1060 2319 quam
1114 2249 1439 2318 imperatum
1496 2259 1648 2316 erat,
1698 2247 1903 2307 faciens

290 2339 366 2407 (1.
398 2337 518 2393 Cor.
552 2340 606 2393 4.
655 2338 739 2393 l2.
770 2339 886 2393 Act.
917 2339 1009 2394 20.
1042 2340 1111 2397 51
1141 2340 1185 2413 ),
1224 2340 1425 2396 idcirco
1448 2340 1667 2411 dignum
1696 2351 1816 2410 est,
1845 2350 1906 2403 ut

290 2447 596 2497 qna-ramus
616 2474 629 2494 ,
666 2446 833 2501 quare
859 2433 948 2501 qui
980 2432 1032 2486 in
1064 2432 1317 2487 omnibus
1366 2433 1581 2488 Christo
1611 2434 1902 2503 parebant.

293 2522 379 2575 hic
408 2522 585 2592 legem
613 2521 729 2590 ejus
758 2521 1043 2576 vidcantur
1072 2522 1372 2593 transgredi
1404 2523 1428 2577 τ
1456 2524 1524 2577 At
1549 2537 1658 2577 non
1697 2537 1757 2579 re
1789 2523 1905 2594 ipsa

289 2612 779 2681 transgrediuntur.
816 2612 913 2667 Hic
938 2628 1121 2668 sermo
1150 2630 1256 2667 non
1304 2614 1356 2669 in
1409 2614 1514 2671 hoc
1553 2615 1729 2671 solum
1757 2615 1903 2672 utilis

289 2705 427 2766 erit,
475 2712 531 2757 ut
575 2712 901 2758 excusentur
939 2704 1108 2758 sancti
1142 2704 1248 2768 illi,
1281 2705 1379 2759 sed
1423 2714 1478 2760 ut
1519 2714 1577 2761 et
1620 2705 1904 2777 gentilium

287 2798 649 2852 obstruantur
674 2812 789 2851 ora.
824 2796 1267 2867 Quandoquidem
1311 2799 1463 2853 multi
1494 2798 1775 2855 viduarum
1805 2799 1905 2856 do-

287 2904 407 2944 mos
432 2888 813 2944 subvertente:
832 2930 846 2953 ,
878 2889 1153 2959 orphanos
1171 2888 1437 2944 nudantes
1457 2931 1473 2956 ,
1498 2891 1708 2961 ipsique
1725 2892 1902 2946 omni-

286 2981 387 3035 bus
426 2980 620 3036 alienis
643 2979 981 3035 abundantes
1002 3022 1018 3048 ,
1050 2990 1105 3035 et
1136 2981 1277 3051 lupis
1314 2980 1483 3037 nihilo
1515 2982 1806 3052 meliores,
1830 2998 1899 3040 es

285 3076 585 3144 alienisque
614 3072 892 3129 laboribus
917 3074 1194 3141 viventes,
1236 3090 1359 3128 cum
1392 3073 1575 3130 vident
1622 3074 1898 3137 interdum

285 3166 525 3221 lldelium
556 3165 766 3235 aliquos
789 3165 1032 3236 pluribus
1055 3167 1126 3219 ob
1154 3166 1379 3235 :egritud
1397 3166 1540 3221 inem
1560 3167 1743 3223 vestiri
1765 3169 1901 3225 ami-

281 3258 420 3312 culis
440 3300 454 3323 ,
480 3256 739 3311 continuo
779 3256 935 3311 nobis
964 3258 1137 3326 legem
1169 3256 1369 3311 Christi
1398 3257 1695 3327 objiciunt,
1738 3268 1794 3314 et
1818 3258 1896 3315 di-

240 3380 243 3385 -
282 3360 415 3403 cunt
450 3368 463 3403 :
496 3346 690 3402 Nonne
720 3348 974 3418 praecepit
1021 3347 1173 3402 vobis
1213 3345 1494 3413 Christus,
1547 3364 1616 3404 ne
1656 3347 1900 3405 habeatis

282 3442 419 3498 duas
451 3442 661 3496 tunicas
682 3481 696 3503 ,
730 3441 815 3495 vel
843 3440 1207 3495 calceamenta
1243 3440 1391 3505 (Luc.
1436 3441 1487 3497 9.
1524 3441 1624 3512 δη
1665 3441 1898 3510 01101110-

282 3535 356 3590 do
383 3550 516 3605 ergo
543 3550 637 3587 vos
665 3534 836 3603 legem
870 3533 1014 3587 illam
1047 3533 1468 3602 prtevaricamini
1489 3534 1513 3586 ?
1534 3532 1599 3588 Et
1625 3543 1742 3603 post
1761 3532 1894 3604 haec,

281 3642 404 3683 eum
456 3610 671 3681 abunde
721 3625 939 3680 lratrem
990 3624 1245 3690 riserint,
1295 3633 1350 3680 et
1395 3624 1810 3691 subsannarint,
1844 3635 1899 3687 et

283 3722 497 3791 probris
546 3718 862 3782 aﬂ‘ecerint,
917 3717 1222 3773 discedunt.
1275 3716 1441 3788 Igitur
1468 3733 1536 3772 ne
1565 3718 1691 3771 talia
1734 3718 1895 3782 liam,

280 3831 381 3886 age
410 3826 464 3870 et
493 3815 709 3869 illorum
737 3815 1053 3869 obturemns
1081 3812 1493 3883 impudentiam.
1524 3814 1590 3868 Et
1617 3828 1899 3883 possemus

280 3906 496 3977 quidem
523 3906 592 3960 ab
619 3907 697 3960 eis
724 3906 879 3959 facile
900 3906 1147 3969 liberari,
1177 3905 1221 3958 si
1253 3905 1355 3958 hoc
1385 3920 1548 3959 unum
1575 3906 1655 3959 eis
1686 3905 1897 3960 dicere—

283 4014 423 4052 mus.
456 3998 627 4066 Quale
659 3996 803 4052 hoc?
835 3996 892 4051 Si
919 3996 1195 4051 Christum
1226 4006 1282 4050 ut
1311 3995 1414 4051 lide
1434 3996 1654 4065 dignum
1677 3998 1896 4067 probas,

282 4090 478 4144 merito
525 4089 642 4145 h:ec
694 4089 885 4158 objicis
907 4132 922 4156 ,
956 4097 1007 4143 et
1042 4104 1071 4142 a
1120 4088 1277 4142 nobis
1303 4089 1501 4158 quouis
1531 4106 1542 4142 :
1575 4089 1657 4142 sin
1710 4091 1757 4143 ei
1790 4105 1899 4144 non

281 4180 460 4236 credis
482 4224 496 4243 ,
528 4197 697 4251 quare
733 4182 905 4250 legem
932 4181 1050 4251 ejus
1080 4180 1308 4250 opponis
1334 4181 1356 4232 ?
1386 4181 1453 4233 At
1477 4182 1693 4250 quando
1736 4196 1896 4235 accu-

280 4288 406 4327 sare
432 4288 530 4326 nos
557 4272 640 4326 vis
662 4313 676 4335 ,
719 4271 914 4342 dignus
946 4270 1038 4325 tibi
1067 4272 1277 4325 videtur
1306 4270 1410 4325 llde
1441 4271 1712 4341 lcgislator
1735 4270 1897 4326 Chri-

279 4374 398 4417 stus
434 4382 449 4418 :
492 4349 708 4432 quando
752 4376 930 4416 autem
963 4378 1085 4417 eum
1132 4362 1386 4415 admirari
1434 4370 1650 4432 oportet
1698 4371 1752 4416 et
1800 4362 1895 4417 ad—

280 4469 460 4519 Orarc,
490 4453 687 4507 nullius
712 4462 794 4507 est
819 4452 961 4521 apud
990 4463 1040 4507 te
1071 4453 1327 4507 momenti
1345 4453 1505 4506 totius
1531 4454 1681 4507 orbis
1710 4454 1895 4507 Domi-

282 4548 434 4601 nus?

350 4638 408 4693 2.
452 4638 681 4692 Solvitur
708 4637 939 4707 quaestio,
970 4653 1064 4690 cur
1092 4636 1322 4691 Christus
1342 4637 1556 4708 jusserit
1586 4653 1686 4690 non
1715 4637 1900 4691 habere

283 4732 413 4785 duas
460 4731 679 4783 tunicas.
720 4758 783 4768 —-
815 4728 1010 4782 Verum
1059 4745 1127 4783 ne
1180 4731 1297 4784 haec
1343 4730 1519 4799 inopia
1566 4729 1898 4784 delensionis

283 4822 467 4877 dicere
497 4835 596 4875 nos
626 4829 833 4890 putent,
864 4820 929 4874 ad
978 4819 1300 4875 solutionem
1329 4820 1469 4890 ejus,
1497 4821 1639 4892 quod
1684 4836 1896 4891 quaere-

286 4917 462 4980 batur,
496 4916 797 4969 veniamus.
844 4914 1101 4981 Quaenam
1133 4928 1263 4984 ergo
1286 4916 1388 4967 erit
1418 4913 1662 4969 solutio?
1696 4915 1896 4969 Viden-

286 5010 412 5063 dum
438 5015 524 5063 est
551 5008 602 5060 in
635 5007 963 5077 bujusmodi,
996 5007 1212 5075 quibus,
1235 5016 1289 5060 et
1316 5005 1552 5075 quando,
1572 5014 1808 5075 etquare
1834 5022 1896 5062 ea

286 5100 531 5154 Christus
557 5099 860 5167 imperavit.
892 5096 1009 5152 Non
1035 5098 1180 5153 enim
1217 5098 1409 5159 obiter,
1436 5108 1489 5152 et
1536 5096 1677 5152 nude
1719 5098 1897 5165 inqui-

289 5190 449 5246 renda
478 5200 605 5245 sunt
646 5188 759 5244 haec
789 5207 802 5243 :
833 5189 926 5243 sed
968 5204 1146 5258 opera:
1182 5191 1412 5258 pretium
1459 5190 1617 5243 fuerit
1654 5190 1813 5243 simul
1845 5202 1900 5245 et

290 5298 596 5352 personam,
627 5292 681 5337 et
710 5293 939 5351 tempus,
969 5289 1022 5335 et
1047 5296 1264 5335 causam
1318 5292 1371 5334 et
1401 5282 1579 5335 omnia
1632 5282 1746 5336 haec
1785 5282 1901 5336 dili-

288 5386 476 5445 genter
499 5376 845 5443 perscrutari.
870 5374 965 5429 llis
1015 5375 1157 5429 enim
1189 5374 1476 5446 diligenter
1519 5376 1895 5439 consideratis,

292 5468 649 5529 inveniemus,
682 5466 824 5537 quod
856 5468 966 5537 ipsa
1011 5482 1119 5521 non
1171 5467 1278 5521 sint
1319 5468 1567 5521 omnibus
1616 5469 1897 5537 imperata,

276 5561 380 5617 sed
426 5560 559 5614 solis
609 5560 903 5629 apostolis:
931 5569 986 5615 et
1028 5574 1199 5628 neque
1242 5561 1343 5613 illis
1391 5562 1441 5611 in
1492 5575 1671 5623 mune,
1699 5560 1794 5615 sed
1832 5562 1899 5614 ad

292 5651 664 5721 praescriptum
710 5660 762 5703 et
788 5653 1201 5706 deterniinatum
1236 5662 1466 5721 tempus.
1506 5653 1568 5705 l‘lt
1620 5652 1761 5704 unde,
1794 5652 1896 5707 hoc

295 5743 635 5800 manifestum
666 5744 686 5793 Ῥ
739 5743 809 5797 Ex
865 5744 1019 5797 dictis
1068 5746 1194 5815 ipsis
1234 5766 1243 5799 :
1280 5746 1502 5812 ctenim,
1536 5746 1735 5800 vetitis
1763 5746 1898 5802 duo—

1089 295 1153 352 IN
1195 293 1424 363 ILLUD,
1466 291 1833 351 SALUTATE
1876 289 2282 347 PlilSClLl.A.\l
2326 290 2413 348 ΕΤ
2455 290 2786 360 AQUILAM.
2830 290 2893 347 II.
3540 290 3640 346 l93

2017 407 2194 462 decim
2224 406 2521 477 discipulis,
2550 406 2687 461 dixit
2716 406 2795 461 eis
2822 423 2835 460 :
2870 404 2936 460 In
2966 405 3100 459 ciant
3120 403 3359 461 Gentium
3388 419 3451 461 ne
3502 403 3642 457 abic-

2013 502 2154 564 ritis,
2188 510 2237 553 et
2266 500 2316 553 in
2346 500 2596 553 civitatem
2621 499 3073 553 Samaritanorum
3104 513 3169 553 ne
3195 494 3522 552 intramitis.
3558 492 3638 547 Ite

2015 592 2182 663 potius
2227 592 2296 643 ad
2340 608 2454 645 oves
2494 591 2677 644 domus
2706 588 2876 645 Israel
2921 605 3034 660 qut:
3072 588 3327 661 perierunt
3359 587 3643 655 :in/irmos

2012 692 2185 735 curate
2203 722 2218 747 ,
2251 681 2475 751 leprosos
2499 680 2760 743 inundate,
2790 678 3045 733 da’inonia
3073 678 3240 749 ejicite
3262 694 3279 731 :
3300 678 3459 748 gratis
3484 690 3633 729 accc-'-

2013 774 2179 844 pistis,
2208 774 2365 843 gratis
2394 772 2511 826 date
2541 788 2560 825 :
2589 788 2653 826 ne
2677 771 2977 841 possidens
3012 786 3192 826 aurum
3232 770 3309 821 vel
3338 777 3629 840 argentum.

2013 870 2089 920 sel
2113 883 2183 920 tes
2208 868 2260 919 in
2290 866 2432 919 sonis
2462 866 2637 919 vestris
2678 862 3138 935 (Mattli.l0.6-9).
3166 860 3397 917 Adtende
3426 872 3624 929 quanta

2014 958 2252 1027 magistri
2282 957 2567 1026 sapientia,
2601 955 2875 1027 quomodo
2904 955 3023 1009 leve
3059 954 3160 1008 hoc
3185 961 3508 1024 praweptum
3550 952 3621 1003 re.

2012 1049 2169 1103 cerit.
2223 1046 2356 1102 Nam
2398 1064 2519 1101 cum
2551 1047 2700 1117 prius
2734 1045 2960 1102 dixisset
2987 1062 3001 1099 :
3033 1042 3281 1114 Inﬁrmus
3325 1054 3521 1109 curate,
3552 1044 3618 1096 le—

2013 1157 2192 1212 prosos
2240 1141 2478 1193 mandate
2504 1180 2517 1203 ,
2551 1140 2809 1193 dmmoncs
2837 1138 3002 1209 rjicite
3023 1134 3132 1209 (Ib.
3158 1153 3206 1191 υ.
3230 1135 3309 1203 8),
3345 1150 3618 1203 magnam-

2013 1248 2118 1300 que
2144 1230 2223 1285 eis
2253 1230 2478 1300 gratiam
2502 1230 2798 1284 liberaliter
2825 1228 3084 1292 dedisset,
3120 1238 3245 1282 tunc
3272 1227 3487 1282 tandem
3511 1224 3629 1279 hzec

2014 1321 2316 1391 imperavit,
2348 1321 2599 1374 nimirum
2633 1330 3004 1390 paupertatem
3033 1320 3310 1389 signormn
3362 1326 3628 1387 potestate

2014 1413 2186 1469 lex-em
2217 1424 2273 1468 et
2316 1413 2527 1467 facilem
2557 1413 2805 1468 reddens.
2840 1412 3025 1483 Neque
3056 1428 3118 1465 ex
3156 1412 3241 1466 his
3269 1412 3443 1465 solum
3466 1452 3480 1475 ,
3531 1410 3628 1463 sed

2012 1521 2076 1559 ex
2110 1505 2290 1559 multis
2338 1504 2458 1560 aliis
2512 1506 2851 1559 manifestum
2897 1513 3001 1569 est,
3030 1504 3158 1559 solis
3184 1502 3464 1572 discipulis
3507 1516 3629 1556 esse

2013 1597 2354 1666 imperatum.
2386 1595 2519 1650 Nam
2552 1604 2606 1649 et
2648 1594 2906 1666 virgines,
2934 1595 3058 1664 quia
3112 1594 3293 1648 oleum
3338 1593 3389 1646 iu
3427 1593 3629 1659 lampa-

2012 1687 2172 1741 dibus
2199 1687 2314 1742 suis
2340 1702 2447 1741 non
2483 1686 2773 1762 habebant,
2805 1686 3013 1755 punivit
3064 1684 3282 1757 (Matth.
3309 1683 3402 1740 25.
3434 1685 3624 1753 l-li):

2014 1790 2069 1835 et
2099 1780 2237 1835 alios
2260 1796 2476 1850 quoque
2517 1780 2696 1851 arguit
2734 1789 2788 1835 et
2832 1780 3096 1850 increpat,
3128 1779 3251 1849 quia
3294 1779 3625 1834 esurientem

2015 1871 2188 1941 ipsum
2233 1871 2508 1935 viderunt,
2539 1881 2595 1927 et
2621 1887 2730 1926 non
2781 1879 3065 1943 paverunt,
3095 1878 3151 1926 et
3184 1870 3461 1925 sitientem
3515 1883 3625 1924 non

2011 1972 2267 2033 putarunt
2295 1961 2405 2034 (Ib.
2458 1980 2503 2017 υ.
2534 1964 2623 2019 LI.
2652 1962 2812 2034 sqq.).
2846 1962 3016 2017 Porro
3054 1962 3101 2016 is
3128 1962 3214 2016 cui
3264 1976 3372 2016 non
3421 1968 3509 2016 est
3548 1974 3625 2016 es

2011 2070 2186 2127 neque
2232 2058 2661 2113 caleeamentum
2687 2099 2703 2123 ,
2733 2062 2829 2112 sed
2886 2072 2992 2112 una
3045 2066 3253 2111 tantum
3282 2056 3469 2123 vestis,
3493 2072 3628 2126 quo-

2011 2148 2173 2203 modo
2201 2148 2363 2203 alium
2413 2164 2657 2220 pascere,
2688 2147 2960 2220 quomodo
2988 2148 3189 2205 nudum
3218 2151 3417 2206 vestire
3438 2191 3452 2215 ,
3490 2165 3625 2220 quo-

2011 2237 2175 2293 modo
2205 2239 2474 2309 hospitem
2505 2242 2555 2294 in
2583 2238 2803 2295 domum
2851 2241 3105 2296 inducere
3148 2240 3391 2310 poterit?
3417 2239 3523 2296 Sed
3554 2241 3621 2296 ad

2010 2328 2128 2385 bazc
2153 2340 2209 2385 et
2234 2329 2452 2386 aliunde
2478 2332 2682 2386 clarum
2712 2347 2835 2387 esse
2876 2340 3112 2404 poterat.
3148 2330 3280 2389 Nam
3328 2332 3625 2390 accedente

2009 2433 2065 2480 et
2120 2424 2337 2480 dicente
2384 2424 2662 2496 quodam:
2698 2424 2973 2498 Magister,
3019 2425 3144 2497 quid
3191 2424 3428 2495 faciendo
3468 2425 3625 2479 vitam

2009 2526 2254 2572 teternam
2299 2517 2566 2587 possidebo
2618 2516 2833 2593 (Matth.
2882 2518 2969 2575 19.
3018 2517 3147 2589 l6)?
3185 2532 3308 2574 cum
3357 2517 3622 2573 recensita

2009 2618 2197 2666 essent
2225 2613 2427 2675 omnia,
2460 2626 2580 2681 quin
2614 2612 2665 2665 in
2689 2612 2809 2682 lege
2840 2618 3132 2687 praecepta,
3156 2618 3212 2666 et
3241 2609 3333 2665 ille
3355 2609 3625 2665 curiosius

2011 2713 2459 2775 percontaretur,
2506 2714 2562 2761 et
2614 2704 2820 2760 diceret
2869 2723 2881 2757 :
2938 2703 3064 2761 Hec
3092 2706 3266 2760 onmia
3312 2706 3507 2759 servavi
3558 2706 3624 2759 ab

2010 2794 2357 2851 adolescentia
2408 2813 2557 2863 mea,
2591 2796 2718 2867 quid
2765 2797 2937 2851 adhuc
2987 2798 3115 2852 mihi
3167 2796 3350 2852 deest?
3374 2797 3506 2852 dicit
3552 2796 3620 2851 ad

2008 2887 2209 2957 ipsum,
2242 2884 2303 2943 Si
2328 2886 2401 2941 vis
2426 2888 2678 2956 perfectus
2696 2905 2827 2953 esse.
2853 2888 2999 2953 rade,
3030 2896 3191 2943 senae
3217 2904 3334 2953 aute
3366 2888 3541 2953 habes,
3572 2899 3622 2942 et

2006 2978 2078 3033 da
2128 2978 2474 3049 pauperibus,
2515 2988 2562 3035 et
2613 2980 2731 3034 aeni
2754 3022 2767 3045 ,
2803 2997 3011 3053 sequere
3049 2998 3128 3035 me
3151 2979 3260 3054 (lb.
3309 2997 3357 3034 υ.
3383 2979 3475 3037 20.
3501 2980 3619 3052 21).

2010 3070 2108 3129 llic
2154 3071 2201 3126 si
2247 3072 2541 3142 praecipere
2578 3072 2857 3140 voluisset,
2886 3073 3173 3143 oportebat
3202 3073 3303 3129 hoc
3354 3074 3621 3144 principio

2005 3164 2210 3228 dicere,
2240 3172 2295 3219 et
2320 3162 2493 3235 legem
2534 3162 2585 3218 in
2627 3163 2819 3219 ordine
2861 3173 3251 3236 praceptorum
3300 3178 3535 3235 ponere,
3568 3175 3623 3220 et

2008 3272 2117 3311 non
2155 3264 2429 3327 tamquam
2469 3255 2755 3311 consilium
2803 3265 2857 3310 et
2907 3256 3341 3313 exhortationem
3372 3272 3619 3313 narrare.

2008 3350 2300 3405 Enimvero
2345 3366 2467 3404 cum
2513 3349 2665 3415 dicit,
2705 3349 2880 3404 Nolite
2908 3351 3165 3419 possidere
3194 3366 3399 3417 aurum,
3427 3350 3507 3404 vel
3533 3366 3621 3403 ar-

2006 3449 2210 3513 gentum
2257 3440 2477 3509 (Matth.
2520 3441 2607 3496 10.
2636 3441 2716 3511 9),
2752 3440 3067 3510 imperando
3117 3440 3277 3506 dicit;
3305 3456 3427 3496 cum
3486 3458 3616 3498 vero

2006 3535 2156 3599 dicit,
2194 3532 2256 3588 Si
2284 3534 2357 3586 vis
2381 3538 2636 3605 perfectus
2665 3532 2999 3603 esse(Matth.
3028 3534 3117 3588 19.
3140 3533 3260 3605 21),
3288 3533 3622 3591 consulendo

2006 3634 2061 3679 et
2090 3625 2433 3679 admonendo
2462 3625 2612 3679 dicit.
2646 3624 2760 3679 Non
2792 3635 2873 3679 est
2912 3636 3093 3680 autem
3124 3626 3288 3693 idem,
3311 3626 3616 3693 consulere,

2006 3725 2059 3770 et
2088 3716 2261 3785 legem
2290 3730 2510 3785 ponere.
2537 3715 2667 3769 Nam
2691 3717 2782 3785 qui
2811 3716 2983 3785 legem
3012 3716 3218 3783 statuit,
3246 3718 3417 3773 modis
3442 3720 3621 3774 omni.

2007 3808 2106 3861 bns
2148 3808 2263 3861 lieri
2302 3808 2414 3861 vult
2462 3808 2604 3877 quod
2653 3808 2889 3878 prmeipit
2923 3826 2936 3862 :
2966 3810 3056 3878 qui
3110 3825 3239 3863 vero
3281 3796 3516 3866 consulit
3565 3822 3621 3869 et

2006 3898 2347 3963 adhortatur,
2375 3903 2656 3953 sententiae
2686 3910 2741 3953 et
2771 3900 2995 3954 arbitrio
3021 3901 3284 3957 auditoris
3315 3903 3616 3973 permittit,

2006 4000 2064 4044 ut
2091 4006 2155 4046 ex
2183 3989 2341 4045 dictis
2372 3990 2512 4057 quod
2543 3977 2771 4045 voluerit
2796 3992 2995 4061 eligat,
3029 3993 3212 4063 sicque
3243 3994 3615 4051 faciendorum

2005 4083 2285 4137 dominum
2311 4083 2609 4137 auditorem
2641 4084 2912 4153 relinquit.
2941 4084 3229 4153 PrOpterea
3267 4102 3373 4140 non
3404 4084 3617 4157 simpli-

2004 4177 2139 4230 citer
2166 4175 2319 4238 dixit,
2368 4174 2538 4238 Vade,
2560 4176 2715 4228 υιιηιίε
2741 4191 2854 4241 quia
2884 4176 3057 4243 habes,
3088 4192 3155 4232 ne
3198 4177 3248 4232 id
3297 4180 3465 4250 legem
3496 4194 3619 4237 esse

2008 4277 2225 4339 putares
2256 4286 2268 4321 :
2304 4268 2396 4323 sed
2430 4269 2740 4339 quomodo?
2772 4269 2832 4322 Si
2886 4270 2959 4321 vis
3008 4274 3261 4340 perfectus
3286 4286 3425 4336 esse,
3454 4272 3615 4340 sude,

2003 4365 2163 4417 vende
2178 4361 2299 4434 ante
2324 4364 2475 4417 habes
2498 4361 2711 4435 (Matth.
2745 4362 2831 4417 19.
2865 4363 2957 4433 21)
2983 4379 2997 4415 :
3032 4372 3089 4417 ut
3110 4364 3286 4419 discas
3310 4367 3366 4419 in
3394 4365 3619 4422 arbitrio

2004 4454 2336 4510 audientium
2370 4469 2458 4509 res
2486 4470 2627 4510 esse.

2080 4545 2201 4600 Non
2233 4562 2430 4614 semper
2458 4548 2567 4616 lege
2598 4546 2842 4616 obstringi
2867 4545 3022 4601 voluit
3049 4545 3282 4602 Christus
3308 4549 3610 4619 rliscipulos.

2030 4668 2076 4677 -
2104 4636 2373 4706 Apostolis
2409 4637 2542 4691 solis
2589 4652 2717 4707 ergo
2763 4636 2880 4691 hinc
2934 4637 3101 4692 fuisse
3132 4646 3395 4707 pra-cepta
3445 4641 3618 4709 palam

2004 4740 2087 4785 est
2110 4745 2125 4794 ;
2149 4743 2333 4783 verum
2362 4728 2589 4799 qumstio
2621 4728 2857 4783 nondum
2885 4730 3057 4785 soluta
3090 4740 3195 4785 est.
3240 4731 3372 4786 Nam
3402 4734 3445 4787 si
3476 4749 3616 4803 pra:-

2005 4830 2159 4890 eepta
2183 4830 2308 4875 sunt
2337 4820 2452 4875 ha:c
2481 4820 2610 4875 solis
2648 4821 2939 4891 apostolis,
2970 4836 3067 4875 cur
3089 4820 3225 4891 jussi
3260 4839 3367 4878 non
3416 4823 3617 4881 habere

2004 4916 2238 4977 calceos,
2259 4912 2345 4969 vel
2363 4913 2607 4981 geminas
2634 4922 2833 4976 vestes,
2863 4913 3069 4967 inventi
3097 4922 3225 4968 sunt
3248 4914 3386 4969 alius
3412 4914 3613 4972 habere

2007 5006 2269 5071 sandalia,
2298 5006 2435 5059 alius
2474 5019 2605 5059 vero
2654 5004 2945 5073 penulam?
2975 5003 3114 5073 Quid
3166 5004 3327 5075 igitur
3375 5007 3444 5061 ad
3497 5006 3615 5065 h;ec

2011 5100 2285 5155 dicemus?
2339 5097 2590 5153 Christus
2640 5113 2815 5168 neque
2870 5099 3145 5169 apostolos
3188 5109 3404 5171 semper
3457 5100 3617 5173 hujus

2007 5194 2143 5263 legis
2170 5193 2491 5247 necessitate
2516 5192 2774 5261 obstringi
2807 5192 3002 5255 voluit,
3036 5192 3130 5247 sed
3162 5206 3258 5247 eos
3282 5194 3520 5251 absolvit
3550 5195 3617 5249 ab

2009 5284 2111 5339 hac
2146 5285 2281 5354 lege,
2310 5299 2431 5338 cum
2454 5285 2561 5353 jam
2593 5284 2658 5338 ad
2682 5284 2972 5338 salutarem
3003 5298 3220 5338 crucem
3254 5285 3426 5341 iturus
3448 5297 3599 5343 esset

2009 5379 2074 5438 Et
2105 5378 2245 5433 unde
2270 5377 2374 5432 hoc
2402 5378 2607 5447 liquet?
2642 5378 2718 5430 Ex
2754 5378 3045 5432 Salvatoris
3079 5379 3421 5435 sermonibus
3479 5380 3613 5435 Nam

2008 5473 2313 5543 passionem
2344 5484 2693 5539 aggressurus
2719 5512 2733 5534 ,
2769 5470 2971 5524 vocatis
3017 5470 3121 5524 illis
3168 5470 3336 5535 dixit,
3368 5470 3495 5526 Cum
3521 5490 3607 5528 eos

2008 5564 2254 5620 mitterem
2277 5561 2383 5613 sine
2410 5560 2674 5628 marsnpio
2699 5570 2744 5613 et
2767 5576 2910 5630 pera,
2938 5561 3199 5631 aliquidue
3220 5564 3391 5617 deerat
3413 5565 3437 5619 .’
3472 5565 3533 5617 At
3560 5565 3615 5619 hi

2009 5660 2369 5725 respondentes
2410 5652 2647 5705 dixerunt
2680 5668 2698 5705 :
2743 5651 2911 5705 Nihil.
2939 5650 3060 5722 Ipse
3091 5664 3257 5705 autem
3282 5653 3475 5707 dicebat
3500 5656 3610 5715 eis;

2015 5746 2115 5803 Sed
2142 5768 2258 5805 mm;
2305 5746 2387 5814 qui
2416 5745 2557 5798 habet
2584 5746 2921 5815 nmrsnpium,
2954 5746 3121 5814 tollat,
3146 5755 3191 5799 et
3216 5763 3387 5817 peram
3418 5764 3433 5801 :
3457 5758 3503 5803 εξ
3527 5743 3615 5815 q‘ti
