4080 6424
468 289 577 349 199

465 427 568 470 non
594 413 764 478 liabet,
794 410 979 469 vendat
1021 417 1207 465 suam
1249 421 1417 471 suntut,
1446 414 1496 460 et
1541 410 1790 459 mormur
1832 397 2065 473 gladium

464 502 624 578 (Lac.
649 501 742 560 22.
764 500 855 559 35.
876 498 992 566 36):
1013 497 1133 556 iam
1175 494 1315 552 lorte
1359 493 1517 551 dicet-
1549 492 1764 564 aliquis,
1789 487 2066 560 apostolos

466 593 685 664 quidem
729 591 815 649 his
851 588 1012 647 dictis
1056 602 1089 644 a
1138 585 1370 645 ct'imine
1420 583 1697 641 absolutos
1728 598 1744 636 :
1771 580 1870 636 sed
1926 578 2065 634 ultra

467 685 746 757 qmrritnr,
772 695 943 753 quare
967 677 1216 737 Christus
1248 674 1515 734 contraria
1558 670 1909 745 praceperit:
1938 682 2063 724 nam

467 773 738 845 interdum
770 772 921 839 dicit,
950 767 1359 842 Nepossideatis
1380 780 1555 839 peram
1580 761 1796 837 (lattlt.
1815 759 1903 818 l0.
1932 758 2061 832 id):

467 865 736 921 interdum
764 872 970 931 autem,
999 861 1102 932 Qui
1134 861 1281 917 liabet
1321 858 1667 929 mammam,
1695 854 1870 919 tollat,
1896 862 1947 908 et
1972 868 2065 924 pe-

465 972 578 1011 ram
608 954 761 1030 (Lac.
791 955 885 1009 22.
917 953 1032 1029 38).
1050 954 1228 1022 Quare
1247 951 1350 1006 hoc
1379 948 1543 1004 fecit?
1570 947 1713 1004 Sane
1737 946 1854 1002 haec
1878 944 2065 1000 admo-

463 1047 594 1102 dum
643 1045 803 1117 digne
852 1044 979 1101 fecit
1021 1058 1118 1101 sua
1161 1042 1447 1112 sapientia,
1478 1050 1933 1109 curaque,quam
1966 1048 2066 1106 pro

467 1138 746 1209 discipulis
772 1135 1013 1209 gerebat.
1044 1134 1128 1190 Ab
1154 1132 1309 1189 initio
1337 1132 1482 1188 enitn
1514 1130 1618 1187 hoc
1646 1127 1963 1201 imperavit,
2009 1135 2068 1181 ut

465 1246 633 1302 opera
682 1240 740 1286 et
782 1226 1156 1299 experimento
1213 1223 1470 1295 potentia:
1519 1237 1633 1279 suae
1682 1220 2065 1275 documentum

464 1324 773 1393 acciperent
796 1358 816 1387 ,
857 1333 923 1375 ac
945 1316 1141 1375 deinde
1165 1331 1288 1372 cum
1317 1313 1510 1375 ﬁducia
1539 1328 1636 1385 per
1664 1319 1834 1366 totum
1878 1308 2065 1365 orbem

467 1426 733 1471 terrarum
797 1419 1166 1484 peragraran
1225 1408 1422 1463 Verum
1474 1405 1565 1461 ubi
1608 1404 1723 1475 jam
1769 1401 2064 1474 potentiam

465 1506 634 1579 ipsius
683 1510 1055 1577 agnoverunt,
1081 1501 1287 1571 optavit
1326 1511 1384 1554 ut
1410 1506 1467 1554 et
1508 1497 1610 1568 ipsi
1633 1512 1699 1550 ex
1751 1509 1813 1550 se
1853 1492 2067 1547 virtutis

464 1599 740 1672 specimen
770 1598 1092 1667 pra-herent,
1123 1608 1298 1665 neque
1322 1592 1469 1664 ipsos
1494 1590 1561 1646 ad
1589 1590 1748 1644 tinem
1777 1601 1947 1657 usque
1972 1602 2067 1657 ge-

466 1700 613 1746 stare
664 1688 873 1753 voluit;
901 1686 997 1741 sed
1043 1686 1187 1756 ipsos
1226 1698 1372 1754 sape
1419 1681 1675 1752 exposuit
1718 1676 2070 1749 permisitque

466 1794 595 1836 suas
646 1778 791 1834 ferre
838 1778 1197 1842 tentationes,
1243 1790 1312 1831 ne
1355 1773 1559 1831 scilicet
1608 1780 1867 1843 perpetuo
1908 1768 2067 1831 otiosi

466 1870 766 1927 residerent
797 1887 812 1923 :
840 1880 894 1925 ct
914 1867 1370 1940 quemadmodum
1405 1865 1495 1937 qui
1526 1873 1697 1920 artem
1725 1860 1943 1917 natandi
1970 1860 2069 1915 do-

464 1972 610 2026 cent,
642 1956 1246 2033 principio'suppositis
1284 1960 1533 2014 manibus
1580 1955 1748 2011 multa
1794 1954 2068 2024 diligentia

467 2050 763 2123 discipulos
790 2050 1044 2124 gestant;
1076 2060 1199 2121 post
1247 2064 1410 2104 unum
1444 2058 1621 2104 autem
1655 2054 1711 2102 et
1737 2047 1966 2102 alterum
2011 2052 2071 2100 et

468 2142 685 2198 tertium
711 2140 857 2198 diem
904 2141 1177 2197 subtracta
1225 2139 1449 2195 dextera
1494 2133 1603 2193 illis
1632 2137 1982 2208 praecipiunt,
2011 2144 2070 2190 ut

465 2236 677 2307 seipsos
696 2234 909 2306 juvent.
940 2243 995 2289 et
1026 2247 1410 2301 nonnunquam
1439 2230 1559 2303 illos
1585 2244 1874 2300 parumper
1899 2228 2068 2297 mergi

467 2329 686 2396 sinunt,
732 2328 801 2381 ita
853 2335 913 2382 ut
948 2336 1006 2381 ct
1064 2328 1289 2379 multum
1332 2321 1618 2394 salsuginis
1672 2322 1924 2376 sorbeam
1957 2321 2065 2373 :ita

466 2433 600 2476 sttne
626 2428 683 2475 et
709 2434 829 2475 cunt
873 2418 1154 2491 discipulis
1202 2417 1316 2473 suis
1357 2416 1605 2471 Christus
1654 2414 1899 2469 faciebat.
1934 2411 2067 2467 Nam

469 2512 625 2568 initio
673 2512 804 2567 nihil
843 2526 939 2567 eos
998 2511 1106 2581 pati
1151 2507 1385 2575 sinebat,
1417 2508 1501 2564 vel
1558 2521 1777 2578 parvum
1816 2506 1898 2560 vel
1951 2519 2067 2559 ma-

469 2620 658 2676 gnum,
686 2604 781 2659 sed
816 2604 1011 2675 ultique
1038 2602 1227 2657 aderat
1256 2601 1526 2665 muniens,
1555 2610 1612 2655 et
1654 2598 2071 2655 circumvallztns

469 2710 589 2763 eos,
622 2695 926 2766 faciensque
956 2703 1012 2749 ut
1032 2694 1211 2749 omnia
1234 2693 1466 2748 ubertim
1491 2692 1568 2747 eis
1588 2691 1872 2745 afﬂuerent
1901 2707 1912 2741 :
1944 2704 2068 2744 cutn

471 2803 603 2845 vero
632 2797 841 2859 tempus
872 2797 1053 2853 esset,
1076 2798 1134 2841 ut
1159 2786 1465 2841 virilitatem
1512 2798 1665 2837 suam
1696 2782 1795 2851 ipsi
1824 2781 2067 2835 declara-

471 2891 615 2948 rent,
658 2878 923 2935 subtraxit
962 2876 1233 2934 Iiodicum
1261 2875 1470 2947 gratiae,
1501 2872 1825 2945 praecipiens
1860 2872 1941 2927 eis
1962 2911 1977 2935 ,
2012 2878 2069 2924 ut

468 2972 632 3028 etiam
664 2985 759 3041 per
802 2970 1013 3039 seipsos
1051 2968 1216 3022 multa
1252 2966 1592 3037 perlicerent.
1624 2964 1797 3034 Atque
1829 2962 1967 3017 hanc
1997 2961 2070 3016 ob

469 3077 717 3126 cattsatn,
744 3076 867 3116 cum
908 3059 1315 3135 non’habebant
1342 3056 1555 3111 calceos
1577 3096 1593 3122 ,
1628 3055 1711 3108 vel
1731 3069 1921 3110 zonam
1942 3094 1956 3118 ,
1986 3053 2071 3107 vel

473 3155 746 3219 baculum,
771 3152 856 3207 vel
882 3166 987 3215 tos,
1011 3149 1143 3204 nihil
1169 3150 1248 3204 eis
1272 3147 1458 3203 dcet-at
1491 3164 1505 3201 :
1538 3146 1668 3201 dicit
1711 3146 1854 3199 enim
1874 3185 1891 3211 ,
1929 3142 2071 3197 Num

470 3246 666 3317 aliquid
698 3245 836 3299 vobis
870 3243 1030 3314 defuit
1050 3241 1077 3296 1
1105 3238 1175 3294 Et
1204 3239 1563 3313 respondentes
1605 3237 1844 3292 dixerunt
1874 3249 1892 3289 :
1922 3232 2072 3287 Nihil

474 3338 638 3410 (Ibid.
682 3353 727 3391 υ.
765 3336 880 3405 35).
908 3334 1026 3403 Quo
1075 3341 1318 3401 tempore
1369 3339 1548 3385 autem
1601 3327 1845 3400 permisit
1877 3327 1989 3391 eis,
2015 3332 2073 3379 ut

472 3429 801 3499 marsupium
835 3427 1093 3481 haberent
1122 3434 1176 3479 et
1222 3437 1406 3493 peram
1450 3432 1507 3476 et
1545 3421 1792 3483 calceos,
1826 3418 2069 3472 invenie-

470 3524 667 3578 bantur
700 3530 755 3574 et
783 3521 1105 3582 esurientes,
1138 3524 1192 3571 et
1217 3515 1484 3580 sitientes,
1508 3522 1562 3569 et
1585 3512 1710 3566 nudi
1732 3511 2068 3566 incedentes.

474 3612 629 3669 Unde
659 3610 946 3680 liquidum,
976 3605 1119 3676 quod
1145 3607 1342 3675 passim
1374 3616 1471 3659 eos
1496 3602 1787 3673 periclitari
1814 3611 1869 3656 et
1906 3600 2070 3669 afﬂigi

470 3708 668 3762 sineret
697 3721 713 3759 :
744 3716 957 3772 nempe,
992 3707 1049 3753 ut
1073 3696 1377 3752 mercedem
1404 3694 1635 3766 aliquam
1674 3693 1953 3749 haberent.
1982 3693 2070 3748 Sic

471 3797 723 3853 videlicet
750 3808 880 3849 aves
904 3791 1081 3864 pullos
1118 3804 1247 3843 suos
1300 3787 1554 3842 foventes
1591 3785 1797 3840 tamdiu
1843 3786 1896 3839 in
1944 3784 2071 3839 nido

470 3888 685 3954 sedent,
713 3884 888 3941 donec
917 3882 1129 3937 illorum
1172 3879 1369 3950 pluma:
1408 3877 1748 3942 increscant;
1781 3890 1915 3946 quas
1942 3876 2070 3930 dum

471 3982 765 4038 increvisse
788 3976 1038 4040 viderint,
1072 3975 1296 4044 illosque
1323 3984 1505 4026 aerem
1545 3984 1733 4025 secare
1760 3983 1948 4039 posse,
1977 3982 2072 4023 eos

473 4073 703 4144 primum
754 4069 897 4123 circa
947 4064 1129 4121 nidum
1181 4063 1407 4116 volitare
1433 4060 1653 4127 docent,
1688 4073 1870 4129 poStea
1915 4060 2073 4129 paulo

472 4164 683 4235 longius
708 4178 723 4215 :
752 4160 905 4215 initio
930 4172 1025 4213 eos
1050 4165 1343 4223 sequuntur
1371 4160 1421 4207 et
1454 4158 1787 4221 supportant,
1810 4150 1936 4206 dein
1973 4152 2073 4205 ad-

475 4254 729 4309 miniculo
755 4266 853 4304 suo
882 4258 1022 4304 totos
1046 4248 1359 4301 destituunt.
1385 4244 1458 4297 Ita
1482 4242 1715 4298 faciebat
1737 4253 1790 4297 et
1805 4242 2072 4298 Christus.

480 4343 532 4401 lu
566 4342 848 4399 Palaestina
874 4340 1041 4406 enim,
1069 4337 1219 4408 quasi
1258 4338 1309 4389 in
1343 4334 1468 4389 nido
1498 4334 1801 4389 nutricabat
1837 4334 2075 4404 discipu-

477 4439 599 4501 los;
631 4445 683 4491 et
714 4444 994 4505 postquam
1033 4447 1126 4487 eos
1157 4429 1339 4484 volare
1370 4428 1552 4481 docuit
1590 4442 1859 4497 pmsens,
1886 4437 1940 4481 et
1983 4443 2077 4498 ge-

477 4542 665 4594 stans,
733 4526 946 4582 tandem
990 4522 1193 4578 dimisit
1234 4536 1366 4586 eos,
1398 4529 1455 4574 ut
1506 4520 1747 4574 volarent
1798 4518 1851 4574 in
1907 4528 2075 4573 totum

478 4623 688 4683 orbem,
714 4618 840 4673 dato
865 4617 945 4671 eis
966 4614 1237 4675 mandato,
1263 4623 1317 4666 ut
1339 4625 1460 4667 sese
1486 4610 1776 4666 identidem
1803 4610 2071 4680 juvarcnt.

482 4712 547 4767 3t
573 4707 718 4781 quod
750 4708 853 4762 hoc
876 4719 1060 4761 verum
1087 4704 1190 4770 sit,
1216 4702 1465 4771 qttodque
1513 4700 1636 4757 ideo
1683 4716 1781 4757 eos
1821 4702 2073 4757 omnibus

481 4800 750 4867 nudatos,
788 4807 845 4853 et
882 4812 984 4853 una
1043 4805 1249 4850 tantum
1303 4802 1452 4848 veste
1494 4793 1717 4847 amictos
1770 4792 1992 4859 miserit,
2021 4802 2077 4848 et

478 4895 684 4964 absque
708 4889 905 4947 calceis
941 4886 1219 4942 ambulare
1245 4885 1488 4956 jusserit,
1520 4891 1577 4938 ut
1623 4898 1776 4967 suam
1820 4885 2070 4941 virtutem

481 4997 536 5043 et
564 4984 857 5056 potentiam
904 4987 1320 5049 cognoscerent.
1352 4977 1498 5031 clare
1544 4976 1814 5040 sciemus,
1859 4979 1903 5029 si
1945 4977 2075 5032 illud

480 5078 685 5132 dictum
733 5071 1035 5127 audiamus.
1081 5067 1198 5123 Non
1246 5066 1389 5122 enim
1443 5065 1758 5136 simpliciter
1800 5066 2069 5131 dixiteis,

484 5168 681 5225 Tollite
708 5163 1039 5235 marsupium
1060 5169 1115 5215 et
1138 5173 1360 5230 peram;
1384 5156 1477 5214 sed
1502 5158 1739 5228 priorum
1763 5161 2076 5214 memoriam

483 5255 783 5315 refricando
803 5254 882 5309 sic
904 5252 1118 5309 dicebat
1138 5292 1152 5315 ,
1180 5249 1310 5305 Cum
1339 5250 1586 5304 mitterem
1614 5266 1701 5305 vos
1726 5252 1837 5305 sine
1874 5268 2075 5306 marsu-

483 5353 569 5423 pio
602 5360 648 5405 et
683 5364 825 5420 pera,
852 5345 1110 5418 aliquidue
1143 5344 1316 5398 deerat
1336 5344 1362 5398 2
1386 5344 1487 5398 hoc
1535 5351 1638 5409 est,
1676 5358 1856 5399 nonne
1897 5346 2076 5399 omnia

488 5440 719 5496 ubertim
750 5436 906 5491 vobis
925 5435 1251 5501 afﬂuebant,
1285 5434 1557 5505 multaque
1594 5435 1841 5505 largitate
1865 5435 2077 5491 frueba-

484 5532 658 5590 mini?
680 5528 788 5589 Sed
812 5543 953 5584 nunc
976 5528 1098 5583 volo
1114 5542 1211 5583 vos
1228 5543 1323 5599 per
1348 5542 1443 5581 vos
1461 5526 1606 5597 ipsos
1628 5537 1924 5586 certare.ct
1945 5544 2077 5599 pau-

489 5625 753 5689 pertatem
792 5620 1029 5691 experiri
1055 5637 1070 5686 ;
1101 5630 1155 5676 et
1197 5630 1483 5691 eapropter
1528 5620 1643 5690 lege
1675 5620 1838 5690 priori
1877 5622 2077 5676 obstri-

493 5723 607 5772 ctos
643 5714 789 5785 nolo,
816 5714 910 5773 sed
940 5714 1189 5785 permitto
1209 5753 1223 5778 ,
1250 5723 1303 5767 ut
1334 5721 1389 5767 et
1419 5711 1742 5782 marsupium
1789 5723 1840 5769 ct
1888 5730 2075 5779 peram

1216 290 1275 351 8.
1313 286 1593 350 JOANNIS
1628 275 2110 345 (ιιιῐιῑεοετοιι
2149 275 2469 340 ARCHIEP.
2510 282 3052 341 CONSTANTINOP.

2173 394 2435 465 habeatis,
2468 406 2524 453 ut
2554 413 2623 455 ne
2666 398 2817 468 quasi
2865 412 2961 468 per
3006 397 3237 453 inanima
3272 395 3625 453 instrumenta
3676 413 3775 467 per
3840 446 3843 447 ν

2172 492 2277 547 vos'
2296 494 2508 563 operari
2539 493 2854 559 existimer;
2883 491 2978 548 sed
3021 500 3079 549 et
3125 505 3222 547 vos
3252 498 3486 549 vestram
3531 490 3760 561 philoso-

2171 582 2351 654 phiam
2376 585 2633 641 exhibere
2657 592 2891 657 Oportet.

2244 675 2297 733 δ.
2335 674 2489 744 Quod
2513 677 2559 731 si
2579 675 2755 732 adhuc
2778 674 2916 732 dicis
2945 691 2961 731 :
2989 676 3069 731 An
3098 690 3207 731 non
3238 675 3414 743 major
3439 672 3553 730 visa
3584 671 3775 728 fuisset

2169 765 2378 836 gratia,
2410 765 2456 819 si
2483 780 2701 837 semper
2728 764 2803 820 ita
2836 765 3039 821 versati
3066 764 3293 820 essent?
3323 762 3525 819 Verum
3566 776 3673 819 non
3704 771 3772 818 tta

2171 855 2381 926 probati
2425 853 2692 913 fuissent:
2723 854 2771 912 si
2820 854 2965 912 enim
3010 856 3213 911 nullam
3254 854 3345 911 vel
3384 853 3734 910 afﬂictionem
3757 893 3773 918 ,

2170 946 2257 1002 vel
2284 946 2518 1018 inopiam
2535 988 2552 1014 ,
2576 947 2663 1004 vel
2702 948 3173 1018 persequutionem
3195 987 3211 1012 ,
3234 946 3322 1003 vel
3346 946 3647 1019 angustiam
3678 960 3769 1000 cx-

2174 1039 2311 1108 perti
2340 1048 2560 1106 essent,
2604 1040 2935 1098 mansissent
2974 1038 3153 1109 ignavi
3190 1048 3248 1096 et
3287 1039 3473 1111 pigri:
3504 1053 3649 1095 nunc
3678 1052 3773 1093 au-

2175 1140 2308 1199 tem,
2356 1146 2465 1186 non
2515 1130 2690 1187 solum
2742 1130 2971 1203 gratiam
3023 1129 3226 1186 Christi
3278 1129 3543 1198 relueere,
3573 1128 3670 1186 sed
3720 1141 3778 1186 et

2170 1222 2509 1278 subditorum
2540 1223 2913 1294 probationem
2949 1220 3195 1279 exhiberi
3228 1220 3461 1289 volebat,
3492 1235 3561 1276 ne
3589 1228 3776 1292 postea

2171 1315 2389 1387 quidam
2419 1315 2601 1371 dicere
2647 1326 2906 1386 possent,
2933 1330 3030 1373 eos
3055 1314 3188 1371 nihil
3212 1331 3243 1370 a
3272 1314 3468 1387 seipsis
3496 1315 3739 1370 attulisse
3756 1353 3776 1382 ,

2170 1407 2266 1461 sed
2294 1406 2431 1462 facta
2460 1421 2583 1463 esse
2607 1407 2785 1462 omnia
2810 1406 3011 1463 auxilio
3038 1407 3156 1463 Dei.
3190 1406 3404 1462 Poterat
3448 1406 3592 1466 enim
3635 1407 3777 1461 Deus

2171 1512 2268 1555 eos
2292 1514 2461 1569 usque
2510 1497 2579 1554 ad
2626 1497 2786 1554 linem
2811 1498 2956 1554 inea
2979 1498 3306 1554 abundantia
3334 1497 3606 1553 custodire
3636 1513 3651 1552 :
3680 1495 3777 1553 sed

2171 1590 2344 1645 noluit
2385 1590 2457 1645 ob
2499 1590 2708 1655 varias,
2741 1590 3183 1659 necessariasque
3209 1602 3432 1654 causas,
3457 1603 3590 1658 quas
3632 1602 3780 1657 stupe

2171 1684 2377 1739 caritati
2410 1691 2606 1739 vestrm
2649 1676 2905 1737 diximus.
2941 1680 3054 1738 Una
3084 1682 3301 1751 quidem
3331 1681 3447 1736 huic
3491 1689 3577 1736 est
3616 1695 3777 1750 quam

2172 1776 2409 1833 diximus
2441 1794 2456 1833 :
2484 1775 2586 1831 alia
2639 1786 2819 1832 autem
2873 1776 2975 1837 hac
3018 1792 3126 1831 non
3162 1776 3360 1842 minor,
3390 1786 3449 1831 ut
3499 1776 3780 1831 modestia:

2173 1868 2571 1924 assuetierent:
2625 1870 2780 1923 tertia
2821 1882 2989 1933 vero,
3034 1874 3095 1922 ut
3132 1882 3199 1923 ne
3244 1867 3417 1937 major
3464 1866 3572 1922 illis
3616 1881 3779 1938 quam

2176 1960 2483 2016 hominibus
2522 1960 2772 2027 debetur,
2804 1960 2977 2016 honor
3019 1960 3387 2016 exhiberetur.
3431 1958 3618 2030 Itaque
3653 1975 3779 2031 pro—

2176 2060 2293 2121 pter
2321 2052 2455 2115 haec,
2488 2061 2543 2106 et
2569 2051 2652 2105 his
2673 2051 2841 2106 multo
2870 2052 3022 2122 plura
3045 2093 3059 2117 ,
3083 2066 3203 2107 cum
3233 2051 3593 2121 permissurus
3629 2059 3781 2106 esset

2173 2140 2253 2196 eis
2287 2141 2451 2196 multa
2485 2143 2851 2211 inexspectata
2897 2140 3148 2197 accidere
3171 2182 3187 2208 ,
3215 2142 3384 2195 noluit
3427 2142 3659 2210 priorem
3702 2140 3781 2196 le-

2171 2246 2292 2299 gem
2325 2240 2433 2287 tam
2462 2240 2665 2287 arctam
2691 2248 2931 2299 manere,
2966 2232 3061 2287 sed
3088 2232 3206 2302 ejus
3236 2232 3591 2302 philosophiae
3620 2246 3781 2287 seve-

2174 2327 2385 2380 ritatem
2431 2325 2673 2381 nonnihil
2724 2324 3003 2390 relaxavit,
3038 2334 3094 2379 ut
3137 2335 3192 2380 et
3235 2326 3306 2378 ita
3360 2340 3466 2378 non
3508 2331 3656 2378 esset
3698 2324 3781 2379 eis

2173 2418 2353 2487 gravis
2399 2426 2456 2472 et
2508 2417 2864 2482 intolgrabilis
2910 2418 3050 2483 vita,
3106 2416 3152 2471 si
3217 2429 3364 2485 saepe
3416 2415 3766 2485 derelinque-

2176 2518 2386 2577 rentur,
2413 2521 2468 2565 et
2494 2508 2653 2564 simul
2682 2508 2871 2563 duram
2926 2508 3070 2563 illam
3127 2508 3302 2578 legem
3352 2522 3569 2562 scrvare
3614 2522 3783 2578 coge-

2176 2610 2383 2657 rentur.
2416 2600 2682 2668 Quoniam
2725 2608 2908 2655 autem
2950 2600 3235 2671 Oportebat
3273 2598 3505 2654 obscure
3536 2599 3785 2669 preposi-

2178 2704 2288 2750 tum
2313 2694 2510 2750 clarius
2539 2693 2758 2761 docere,
2792 2692 2994 2749 idcirco
3025 2700 3307 2763 postquam
3355 2691 3527 2756 dixit,
3562 2690 3664 2756 Qui
3690 2692 3787 2744 Ita-

2175 2786 2254 2839 bet
2282 2785 2617 2856 marsupium,
2649 2783 2817 2851 tollat,
2850 2794 2897 2839 et
2943 2801 3118 2853 peram
3145 2800 3164 2838 :
3196 2783 3410 2852 subjicit
3430 2825 3445 2849 ,
3477 2782 3542 2836 Et
3564 2784 3651 2854 qui
3680 2800 3784 2837 non

2177 2874 2359 2941 habet,
2384 2877 2566 2930 vendat
2594 2886 2779 2930 uestem
2808 2891 2978 2939 suam,
3009 2884 3056 2929 et
3091 2884 3222 2928 emat
3264 2874 3493 2945 gladium
3514 2872 3664 2946 (Luc.
3687 2872 3784 2929 22.

2179 2967 2296 3039 56).
2324 2966 2591 3036 Quidnam
2622 2966 2762 3021 hoc?
2792 2970 3055 3022 Armatne
3084 2966 3379 3035 discipulos
3409 2967 3497 3036 qui
3520 2965 3651 3021 dicit
3678 2984 3693 3019 :
3722 2966 3789 3021 Si

2179 3058 2292 3128 quis
2331 3067 2379 3112 te
2420 3058 2720 3127 percusserit
2766 3058 2818 3111 in
2873 3058 3133 3110 dexteram
3160 3056 3443 3122 maxillam,
3476 3068 3607 3111 certe
3649 3057 3696 3111 ei
3739 3068 3787 3112 et

2176 3152 2390 3205 alteram
2414 3149 2627 3221 (Matth.
2650 3150 2704 3205 5.
2733 3149 2826 3216 39,
2844 3160 2890 3202 et
2919 3147 3047 3203 Luc.
3070 3150 3123 3205 6.
3148 3148 3267 3219 29).
3298 3148 3400 3218 Qui
3428 3150 3706 3220 pmeepit,
3729 3158 3790 3204 ut

2180 3240 2565 3298 benedicamus
2590 3242 2674 3306 iis,
2699 3240 2788 3311 qui
2818 3256 2917 3295 nos
2942 3241 3204 3295 conviciis
3233 3240 3528 3309 lacessunt,
3548 3238 3790 3295 feramus

2180 3334 2474 3401 laedentes,
2505 3347 2724 3390 oremus
2760 3347 2859 3402 pro
2906 3331 3376 3403 persequentibus,
3406 3345 3552 3385 nunc
3572 3328 3788 3385 armati

2177 3432 2460 3496 artuatque
2511 3438 2621 3479 uno
2696 3432 2902 3477 tantum
2950 3423 3177 3493 gladio?
3233 3422 3299 3478 Et
3345 3422 3618 3492 quomodo
3671 3420 3789 3478 h-‘EC

2178 3516 2375 3571 rationi
2404 3529 2644 3570 consona
2692 3515 2863 3569 sunt?
2890 3512 3027 3570 Nam
3078 3514 3125 3569 si
3176 3514 3399 3569 omnino
3442 3513 3609 3569 armis
3643 3528 3787 3583 opus

2176 3616 2315 3675 erat,
2338 3623 2444 3663 non
2472 3609 2591 3663 solo
2610 3607 2812 3679 gladio,
2836 3607 2934 3663 sed
2960 3616 3016 3662 et
3043 3617 3218 3672 scuto,
3249 3618 3306 3663 et
3322 3608 3497 3678 galea,
3518 3616 3575 3663 et
3597 3623 3756 3663 crura

2178 3701 2316 3755 libus
2332 3715 2543 3755 armare
2568 3701 2874 3771 oportebat.
2895 3700 2963 3755 Et
2988 3700 3254 3770 profecto,
3281 3702 3326 3756 si
3351 3702 3587 3756 humano
3615 3716 3767 3758 more

2180 3790 2299 3845 haec
2320 3790 2636 3861 dispensare
2651 3798 2706 3846 et
2730 3805 2891 3861 agere
2923 3791 3204 3857 voluisset,
3219 3790 3359 3861 apud
3380 3806 3478 3847 vos
3504 3790 3790 3849 ridiculum

2180 3897 2286 3937 non
2305 3890 2421 3937 erat
2438 3882 2541 3938 hoc
2562 3882 2917 3952 praeceptum?
2927 3881 3369 3954 Quandoquidem
3394 3883 3519 3939 licet
3534 3892 3789 3939 sexcenta

2180 3974 2231 4029 id
2251 3990 2421 4046 genus
2445 3990 2595 4029 arma
2614 3974 2981 4045 possedissent
2994 3975 3251 4031 adversus
3274 3984 3351 4031 tot
3370 3977 3591 4031 insidias
3610 3986 3665 4033 et
3688 3977 3790 4031 im-

2183 4073 2339 4135 petus
2369 4065 2688 4135 populorum
2709 4105 2725 4130 ,
2773 4073 3121 4137 tyrannorum
3139 4108 3155 4133 ,
3191 4067 3486 4133 ctvitatum,
3510 4076 3748 4138 genttmn
3766 4106 3791 4136 ,

2178 4156 2448 4226 quomodo
2468 4157 2534 4213 iis
2548 4157 2875 4228 potentiores
2891 4155 3119 4213 fuissent
3134 4156 3381 4214 undecim
3393 4156 3418 4211 l
3430 4157 3567 4213 Num
3585 4159 3792 4229 potuis-

2184 4257 2300 4302 sent
2319 4248 2505 4303 audire
2520 4264 2708 4305 vocem
2728 4249 3084 4306 hinnientium
3107 4249 3395 4321 equorum?
3419 4264 3596 4305 annon
3611 4251 3697 4307 vel
3719 4253 3788 4307 ad

2184 4339 2357 4392 solum
2388 4339 2658 4395 exercitus
2690 4349 2968 4409 aspectum
3008 4339 3291 4396 conterriti
3317 4349 3505 4397 essent
3540 4342 3639 4397 viri
3676 4358 3790 4400 non

2184 4430 2286 4483 nisi
2309 4430 2364 4483 in
2387 4430 2591 4501 stagnis
2611 4439 2665 4485 et
2692 4429 3005 4487 ﬂuminibus
3038 4438 3095 4487 et
3122 4431 3316 4487 lembis
3342 4433 3581 4487 versati?
3601 4434 3783 4501 Quare

2185 4536 2313 4591 ergo
2344 4520 2447 4576 hoc
2471 4521 2644 4579 dicit?
2668 4522 2977 4577 Judceorum
3022 4524 3245 4578 insidias
3271 4523 3510 4580 indicare
3532 4525 3788 4596 volebat,

2187 4611 2413 4681 illosque
2454 4613 2629 4684 ipsum
2679 4612 3169 4682 compreltensuros
3210 4628 3377 4668 esse:
3411 4614 3569 4685 idque
3615 4617 3789 4673 mani-

2184 4704 2320 4759 feste
2370 4703 2549 4759 dicere
2588 4703 2836 4769 nolebat,
2868 4702 2965 4759 sed
3003 4718 3101 4773 per
3129 4703 3452 4775 aenigmata,
3491 4722 3559 4761 ne
3591 4708 3789 4763 iterum

2183 4797 2654 4851 conturbarentur.
2688 4794 2872 4866 Itaque
2902 4794 3041 4849 sicut
3069 4810 3192 4849 cum
3222 4794 3378 4851 audis
3403 4795 3677 4853 Christum
3707 4801 3791 4855 di-

2185 4898 2449 4963 centem:
2504 4886 2655 4955 Quod
2704 4885 2919 4941 audistis
2966 4885 3019 4939 in
3062 4902 3258 4951 aurem,
3316 4887 3590 4956 prcdicale
3637 4906 3792 4960 super

2184 4990 2312 5033 tecta
2333 4995 2353 5034 :
2377 4990 2425 5034 et
2447 4978 2584 5049 quod
2602 4976 2815 5032 audistis
2844 4978 2895 5031 in
2927 4976 3163 5043 tenebris,
3187 4977 3340 5032 dicite
3358 4978 3410 5031 in
3434 4981 3545 5035 luce
3568 4980 3787 5051 (Matth.

2186 5072 2271 5127 10.
2308 5070 2399 5137 27,
2425 5082 2470 5124 et
2496 5069 2627 5122 Luc.
2648 5067 2737 5123 12.
2763 5068 2819 5139 5)
2846 5083 2862 5135 ;
2890 5082 3000 5123 non
3029 5068 3302 5139 intelligis,
3331 5071 3482 5139 quasi
3512 5073 3790 5141 prmcipiat

2185 5164 2389 5220 relictis
2420 5162 2550 5216 loris
2571 5169 2627 5216 et
2654 5161 2827 5216 triviis
2854 5174 2950 5216 eos
2976 5174 3141 5231 super
3181 5169 3322 5216 tecta
3350 5160 3547 5217 debere
3591 5164 3789 5234 pracdi-

2185 5272 2347 5323 care;
2380 5270 2555 5326 neque
2608 5256 2751 5310 enim
2800 5254 2853 5310 id
2895 5254 3137 5311 fecerunt
3196 5255 3440 5325 discipuli
3473 5273 3486 5309 :
3518 5258 3613 5313 sed
3660 5274 3789 5313 cum

2185 5349 2355 5416 dicit,
2384 5348 2555 5419 Super
2578 5358 2729 5412 tecta,
2761 5356 2816 5403 et
2854 5346 2921 5402 In
2951 5347 3085 5413 luce,
3120 5348 3371 5403 ﬁduciam
3400 5356 3454 5403 et
3482 5348 3786 5406 libertatem

2189 5440 2398 5511 publice
2426 5439 2750 5510 prtedicandi
2782 5439 3058 5506 insinuat;
3090 5454 3214 5494 cum
3243 5452 3374 5493 vero
3402 5437 3532 5494 dicit
3551 5478 3569 5504 ,
3590 5438 3659 5495 In
3681 5457 3786 5496 au-

2187 5548 2293 5587 rem
2346 5541 2401 5587 et
2438 5530 2504 5585 In
2549 5531 2801 5598 tenebris,
2836 5529 3138 5599 significat,
3170 5539 3227 5584 ut
3273 5529 3469 5599 ubique
3519 5539 3788 5588 terrarum

2190 5632 2427 5690 narrent,
2453 5622 2670 5693 quodin
2697 5637 2854 5691 parva
2886 5622 3068 5676 mundi
3100 5630 3268 5691 parte,
3300 5632 3354 5676 ct
3390 5620 3442 5675 in
3473 5636 3580 5674 uno
3607 5620 3785 5677 l’at‘te-

2192 5716 2346 5773 stina:
2372 5716 2490 5771 loco
2516 5715 2813 5771 audierant.
2862 5713 3046 5785 Neque
3074 5714 3216 5769 enim
3266 5714 3320 5769 in
3367 5712 3604 5771 tenebris
3631 5723 3689 5772 et
3727 5714 3787 5772 in
