4080 6396
227 351 329 409 θοι

226 474 417 519 aurem
464 457 545 514 eis
570 451 911 527 loquebatur,
945 448 1041 506 sed
1079 461 1225 517 sa‘pe
1267 446 1322 500 In
1373 441 1498 498 altis
1547 437 1840 527 montibus,

227 563 282 607 et
314 552 368 605 in
400 526 710 620 synagogis.
755 543 832 598 lta
859 547 918 597 et
961 538 1050 594 hic
1094 537 1354 605 intellige.
1398 532 1531 588 Nam
1587 529 1729 584 sicut
1756 526 1844 620 ibi

224 617 513 699 audienies
552 617 712 698 tecta.
744 633 852 689 alio
896 629 1058 686 modo
1113 625 1502 687 intelleximus,
1534 623 1604 677 ita
1655 628 1708 675 et
1755 617 1845 674 bic

225 750 350 792 eum
377 733 590 807 gladios
620 727 870 784 audimus
889 765 904 789 ,
935 739 1005 779 ne
1035 731 1282 793 putemus
1308 733 1434 774 eum
1474 714 1704 807 iussisse
1744 711 1844 766 ba-

225 828 342 884 beri
369 805 613 897 gladios,
645 819 741 875 sed
795 831 892 888 per
935 813 1146 888 gladios
1196 809 1501 865 insinuasse
1560 805 1846 860 imminere

227 919 478 983 insidias,
503 925 557 971 et
585 925 865 984 passurum
895 923 954 966 se
983 922 1014 962 a
1041 903 1242 962 Judazis
1271 918 1386 973 qum
1417 911 1474 955 et
1523 912 1712 969 passus
1736 903 1842 952 est.

227 1015 408 1083 Atque
457 1010 562 1063 hoc
599 1023 662 1062 ex
713 1001 1066 1072 sequentibus
1110 994 1452 1052 manifestum
1500 1001 1599 1046 est.
1625 989 1756 1044 Nam
1790 995 1848 1042 ut

226 1105 362 1158 dixit
408 1097 698 1156 emendum
735 1093 998 1167 gladium,
1031 1105 1155 1146 mox
1208 1086 1404 1156 adjecit
1433 1103 1446 1139 :
1475 1083 1608 1149 Quia
1649 1088 1846 1154 oportet

228 1192 507 1264 sdimplm’
554 1207 615 1244 ea
647 1203 763 1261 qua:
800 1187 865 1240 de
914 1201 994 1238 me
1039 1191 1157 1236 sunt
1197 1175 1564 1248 scripta(Luc.
1589 1174 1841 1264 22.57),

229 1263 386 1356 Quod
404 1300 522 1340 cum
552 1281 735 1352 iniquis
761 1284 1029 1348 reputatae
1061 1287 1175 1327 aut
1217 1268 1371 1340 (lsai.
1402 1264 1579 1324 53.12
1606 1268 1644 1335 ).
1678 1263 1844 1318 Disci-

227 1380 368 1450 pulis
395 1385 576 1433 autem
607 1369 929 1434 dicentibus,
960 1365 1060 1420 Hic
1074 1367 1312 1421 suntduo
1337 1359 1519 1450 gladii,
1550 1367 1603 1414 et
1626 1372 1739 1450 non
1761 1358 1844 1409 in-

227 1444 596 1542 ielligentibus
622 1464 672 1519 id
701 1459 844 1534 quod
861 1459 1064 1514 dictum
1095 1454 1293 1518 fuerat,
1316 1452 1411 1518 ait,
1436 1449 1585 1542 Satis
1597 1458 1669 1502 est
1687 1444 1840 1542 (Luc.

221 1562 321 1618 22.
346 1535 468 1630 :58).
503 1554 739 1613 Tametsi
780 1566 892 1606 non
937 1551 1071 1604 satis
1095 1554 1213 1602 erat
1241 1562 1254 1598 :
1285 1557 1459 1613 neque
1501 1539 1646 1595 enim
1677 1535 1844 1630 solle-

223 1627 439 1712 cissent—
451 1651 536 1707 vel
558 1648 688 1710 duo,
704 1644 788 1700 vel
813 1651 942 1708 tres,
967 1639 1049 1695 vel
1073 1650 1312 1699 centum,
1327 1634 1373 1689 si
1395 1633 1631 1687 humano
1645 1627 1845 1685 auxilio

226 1761 326 1802 eos
355 1745 434 1801 uti
465 1741 767 1804 voluisset;
798 1733 942 1807 quod
972 1733 1016 1786 si
1047 1730 1219 1786 noluit
1245 1741 1342 1783 eos
1383 1725 1619 1781 humano
1651 1720 1843 1792 pnesi-

225 1837 323 1894 dio
349 1835 425 1891 uti
455 1876 470 1899 ,
501 1843 623 1888 sunt
653 1829 835 1898 utique
861 1835 918 1881 ct
948 1824 1001 1878 lii
1032 1822 1140 1878 duo
1168 1817 1450 1891 stiperllui.
1484 1813 1716 1870 Proinde
1758 1813 1846 1866 hic

229 1930 463 2000 :enigma
511 1940 617 1979 non
643 1918 928 1992 exposuit;
960 1915 1010 1970 id
1040 1913 1183 1986 quod
1227 1926 1373 1983 satpe
1422 1909 1600 1963 facere
1649 1907 1844 2000 depre-

230 1995 528 2080 henditur,
565 2023 620 2068 ut
654 2011 866 2082 quoties
919 2007 1061 2062 dicta
1111 2005 1291 2058 minus
1337 2000 1641 2069 intelligunt
1687 1995 1846 2051 disci-

229 2091 366 2184 puli,
397 2106 616 2164 eventui
669 2117 848 2158 rerum
889 2099 1152 2153 dictorum
1194 2092 1609 2162 intelligentiam
1658 2087 1845 2155 eXpIa-

232 2179 466 2260 nandam
515 2196 824 2266 relinquens
849 2233 864 2258 ,
896 2197 1198 2260 prtetereat.
1229 2185 1304 2239 lta
1336 2193 1389 2239 et
1425 2181 1553 2236 alibi
1583 2179 1727 2235 facit.
1771 2179 1846 2233 De

233 2291 634 2350 resurrectione
684 2285 826 2342 enim
882 2283 1187 2344 disserens,
1234 2278 1312 2331 sic
1363 2274 1576 2330 dicebat
1607 2288 1620 2326 :
1657 2272 1849 2327 Solvite

233 2387 484 2457 templum
512 2383 607 2436 hoc
626 2422 642 2447 ,
669 2389 714 2434 et
744 2379 796 2430 in
844 2375 1003 2429 tribus
1047 2373 1224 2427 diebus
1250 2371 1479 2424 excitabo
1506 2365 1638 2457 illud
1662 2362 1842 2438 (Ιοαη.

231 2481 289 2535 2.
322 2455 415 2545 l0)
446 2495 459 2530 :
495 2487 548 2530 et
601 2487 708 2526 non
740 2467 1110 2537 intelligebaut
1139 2460 1388 2531 discipuli
1433 2459 1559 2530 quid
1607 2455 1846 2523 diceret,

231 2577 374 2630 sicut
414 2581 468 2628 et
519 2564 846 2637 evangelista
890 2568 1139 2623 testatur,
1169 2556 1354 2610 dicens
1386 2572 1398 2608 :
1431 2551 1652 2618 Quando
1682 2559 1850 2603 autem

231 2666 512 2724 resurrexit
545 2661 720 2725 Iesus,
747 2655 1067 2712 crediderunt
1123 2648 1267 2706 verba
1308 2649 1436 2718 ejus,
1482 2653 1528 2700 et
1560 2643 1850 2710 Scriptura

232 2759 343 2826 (Ib.
373 2773 421 2809 υ.
453 2753 572 2825 22).
608 2751 674 2806 Et
701 2751 893 2803 iterum
936 2744 1062 2798 alibi
1096 2759 1108 2795 :
1153 2740 1397 2794 Nondum
1437 2740 1571 2792 enim
1602 2735 1845 2798 sciebant,

229 2851 372 2924 quod
397 2847 656 2917 oportebat
684 2845 850 2912 ipsum
873 2857 901 2894 e
921 2837 1132 2892 mortuis
1159 2849 1418 2904 resurgere
1443 2829 1622 2904 (Joau.
1645 2829 1735 2883 20.
1769 2829 1846 2898 9).

306 2945 359 2998 Δ.
393 2940 501 2996 Sed
523 2936 748 3007 quzestio
764 2934 893 2988 satis
911 2932 1084 2985 soluta
1104 2938 1202 2982 est.
1225 2926 1333 2981 Nos
1347 2939 1488 2980 nunc
1505 2923 1568 2977 ad
1589 2923 1849 2991 reliquam

231 3032 578 3092 salutationis
627 3037 830 3100 partem
878 3037 1189 3078 sermonem
1235 3018 1535 3073 ﬂectamus.
1583 3013 1850 3080 Quidnam

233 3145 366 3202 ergo
411 3133 496 3181 est
533 3164 548 3190 ,
580 3121 719 3193 quod
769 3117 971 3173 dictum
998 3124 1122 3180 est,
1171 3122 1225 3167 et
1277 3109 1416 3165 unde
1449 3109 1588 3162 istuc
1625 3106 1854 3177 digressi

233 3198 468 3279 sumus?
498 3214 794 3273 Priscillam
839 3221 890 3265 et
921 3207 1165 3277 Aquilam
1200 3206 1386 3260 beatos
1412 3202 1645 3256 diximus
1665 3243 1679 3266 ,
1711 3198 1854 3268 quod

235 3333 361 3373 cum
392 3311 562 3369 Paulo
591 3307 895 3363 habitarent
918 3344 930 3366 ,
964 3300 1251 3370 diligenter
1280 3297 1620 3350 addiscentes
1649 3307 1854 3346 morem

235 3410 452 3469 habitus
477 3414 533 3461 et
558 3403 1067 3457 calceamentorum,
1102 3403 1261 3462 atque
1286 3389 1464 3444 omnia
1495 3402 1615 3457 qua!
1640 3385 1852 3454 agebat.

238 3503 373 3557 lliuc
418 3496 572 3552 nobis
622 3503 776 3547 enata
826 3498 910 3543 est
941 3486 1168 3556 quceslio
1204 3502 1215 3536 :
1249 3482 1402 3548 cujus
1446 3480 1614 3549 gratia
1643 3476 1858 3532 Christo

239 3591 560 3664 prohibente
591 3581 794 3653 aliquid
832 3586 1026 3650 pneter
1059 3591 1217 3628 unam
1265 3581 1464 3625 vestem
1495 3570 1680 3624 haberi
1709 3610 1724 3634 ,
1758 3567 1857 3621 visi

238 3662 365 3740 sunt
417 3680 472 3736 hi
533 3677 733 3732 habere
780 3669 1017 3728 sandalio
1067 3679 1120 3722 et
1162 3663 1462 3736 penulam?
1497 3662 1563 3716 Et
1609 3673 1861 3714 sermone

239 3778 670 3832 demonstratum
700 3774 781 3821 est
809 3806 823 3828 .
854 3761 1130 3830 apostolos
1179 3757 1261 3811 his
1294 3754 1494 3810 utendo
1536 3755 1706 3824 legero
1751 3765 1858 3806 non

240 3879 610 3938 transgressos
657 3875 820 3925 esse,
867 3855 961 3912 sed
995 3855 1280 3922 diligenter
1343 3850 1683 3902 observasse.
1737 3845 1860 3898 lliec

241 3936 420 4014 autem
445 3954 776 4012 dicebamus,
809 3965 915 4002 non
944 3958 998 3999 ut
1023 3960 1119 3999 vos
1145 3943 1209 3995 ad
1233 3938 1627 3995 coacervandas
1650 3936 1863 3990 divitias

241 4051 692 4106 exhortarcmur,
729 4051 778 4095 et
813 4048 1232 4109 provocarenius
1266 4042 1320 4086 ut
1344 4032 1458 4101 plus
1487 4045 1646 4100 quam
1678 4044 1866 4082 ncces-

242 4143 377 4199 sitas
400 4138 653 4211 postulat,
677 4132 1016 4205 possidentis,
1042 4130 1138 4184 sed
1156 4132 1206 4183 in
1236 4137 1484 4198 promptu
1517 4129 1623 4180 sint
1644 4142 1763 4193 qua:
1781 4126 1857 4179 in-

247 4237 501 4292 ﬁdelibus
587 4241 768 4284 nostra
828 4226 1125 4281 ridentibus
1193 4220 1587 4292 respondeatis.
1648 4216 1864 4272 Etenim

244 4331 492 4388 Clu-istos
535 4325 869 4396 superiorem
902 4321 1070 4388 legem
1121 4316 1373 4376 solvens.
1427 4330 1532 4367 non
1560 4311 1722 4382 jussit
1769 4324 1866 4364 nos

248 4423 448 4478 habere
476 4409 692 4482 domos,
716 4427 924 4474 servos,
947 4411 1136 4469 lectos,
1163 4422 1285 4462 vasa
1309 4412 1582 4474 argentea,
1613 4403 1691 4456 vel
1713 4399 1868 4471 quid-

248 4516 391 4586 piam
442 4513 635 4567 borum
667 4525 681 4562 :
709 4505 804 4561 sed
851 4518 949 4557 nos
975 4518 1003 4556 a
1036 4504 1181 4570 prius
1227 4500 1494 4554 dictorum
1546 4495 1868 4550 necessitate

247 4608 450 4663 liberos
479 4617 604 4659 esse
633 4598 818 4654 voluit.
850 4595 1006 4651 llnde
1050 4603 1104 4648 et
1148 4592 1344 4646 Paulus
1387 4591 1463 4644 sic
1500 4588 1826 4643 admonebat
1850 4623 1874 4652 φ

247 4699 480 4756 dicens:
515 4691 774 4748 Habentes
819 4689 1006 4743 victum
1053 4695 1098 4738 et
1145 4693 1454 4756 tegumenta,
1512 4681 1590 4734 liis
1648 4679 1870 4734 contenti

249 4787 466 4855 sum!“
493 4788 547 4843 ί.
571 4783 704 4839 Tim.
722 4781 773 4838 6.
796 4785 829 4836 8
855 4780 898 4850 ).
917 4778 1286 4834 Tribueudum
1306 4774 1447 4829 enim
1479 4773 1794 4844 egentibus,
1823 4771 1867 4821 si

251 4881 376 4954 quid
402 4879 528 4936 usui
553 4885 741 4932 nostro
768 4877 1047 4942 superest‘:
1072 4869 1124 4925 id
1150 4867 1291 4938 quod
1323 4866 1562 4922 Priscilla
1593 4873 1648 4918 tt
1678 4864 1869 4933 Aquila

254 4987 512 5046 perquam
542 4967 787 5026 studiose
832 4963 1117 5019 iaciebant.
1150 4960 1218 5015 Et
1243 4958 1444 5014 ideirco
1471 4973 1567 5012 eos
1611 4956 1790 5010 laudat
1817 4962 1872 5010 et

253 5067 553 5124 admiratur
581 5059 880 5133 apostolus,
913 5056 1124 5124 insigne
1156 5054 1373 5108 illorum
1405 5050 1739 5121 praeonium
1770 5065 1868 5119 ap-

256 5171 482 5228 ponens.
510 5152 649 5209 Nam
679 5159 738 5206 ut
763 5149 898 5204 dixit
919 5190 932 5211 ,
967 5146 1206 5204 Salutate
1230 5141 1530 5199 Priscillam
1555 5153 1601 5197 et
1629 5141 1872 5212 Aquilam

256 5249 582 5323 cooperarios
624 5261 766 5300 meos
804 5244 859 5297 in
903 5241 1128 5297 Domino
1168 5238 1367 5311 (Rom.
1419 5236 1507 5290 16.
1555 5236 1665 5319 5),
1708 5237 1872 5290 etiam

257 5358 471 5401 causam
513 5337 666 5413 ponit
704 5345 864 5392 tantm
891 5333 1152 5389 caritatis.
1185 5329 1451 5398 Qualem?
1480 5327 1580 5394 Qui
1617 5344 1708 5398 pro
1736 5344 1867 5392 mea,

263 5440 371 5502 ait,
403 5437 582 5492 anima
638 5432 880 5486 cervicem
929 5444 1074 5482 suam
1114 5442 1428 5498 supposuere
1475 5422 1662 5495 (Ibid.
1694 5437 1744 5476 υ.
1771 5419 1870 5490 ι).

270 5529 447 5600 Igitur,
479 5526 624 5582 dicet
657 5523 885 5577 fortasse
909 5520 1102 5590 aliquis
1123 5562 1138 5583 ,
1169 5519 1268 5572 hac
1294 5517 1361 5573 de
1385 5531 1547 5571 causa
1578 5529 1674 5569 eos
1699 5512 1876 5583 diligis

264 5631 313 5674 et
343 5632 495 5673 amas
522 5614 546 5668 τ
577 5614 808 5670 Maxime
837 5631 847 5665 :
891 5612 1014 5682 quia
1050 5609 1167 5665 etsi
1203 5609 1251 5662 id
1297 5625 1458 5662 unum
1491 5607 1726 5678 egissent
1747 5645 1760 5670 ,
1793 5603 1874 5657 vel

267 5710 388 5762 hinc
414 5705 573 5761 laude
602 5703 749 5774 digni
779 5712 952 5756 erant.
976 5701 1076 5768 Qui
1098 5700 1240 5754 enim
1264 5699 1454 5753 ducem
1484 5694 1754 5751 exercitus
1772 5693 1877 5748 sal-

267 5815 388 5856 vum
418 5799 542 5854 iecit
564 5841 578 5864 ,
605 5807 662 5854 et
689 5794 887 5850 milites
914 5793 1040 5850 fecit
1071 5791 1253 5847 salvos
1283 5807 1296 5844 :
1321 5791 1409 5861 qui
1442 5787 1710 5846 medicum
1739 5787 1872 5843 libe-

988 336 1054 395 ΙΝ
1097 331 1326 400 ιιιυο,
1365 324 1736 390 SALUTATE
1777 319 2186 387 PRISCILLAM
2228 326 2318 385 ET
2359 325 2697 396 AQUILAM.
2742 325 2804 383 ll.

3453 327 3563 382 202

1966 437 2104 492 ravit
2131 438 2408 508 periculis,
2439 447 2496 496 et
2524 437 2816 494 liberantes
2843 437 3046 494 morbis
3075 437 3142 494 ad
3167 439 3451 497 sanitatem
3483 458 3568 497 re-

1952 526 2109 582 duxit
2126 545 2136 577 :
2154 529 2243 600 qui
2266 531 2678 600 gubernatorem
2696 528 2946 585 ﬂuctibus
2961 529 3179 599 eripuit,
3196 547 3383 586 navem
3403 541 3568 588 totam

1952 633 2016 672 ex
2046 620 2204 675 undis
2229 621 2474 678 liberavit
2494 639 2509 676 :
2527 622 2606 678 sic
2631 622 2815 694 utique
2835 622 2925 693 qui
2957 623 3270 696 magistrum
3298 625 3444 679 orbis
3468 625 3569 682 sal-

1954 719 2164 774 varunt,
2187 722 2237 766 et
2268 727 2365 781 pro
2381 711 2524 766 illius
2540 711 2713 767 salute
2729 713 3045 784 sanguinem
3071 729 3226 770 suum
3241 713 3565 784 ell'uderuut,

1951 801 2100 856 orbis
2125 817 2339 873 quoque
2370 803 2536 859 totius
2563 803 2781 860 luerunt
2828 804 3234 870 benefactores,
3266 816 3450 876 utpote
3476 809 3569 878 qui

1955 907 2054 947 sua
2095 910 2222 964 erga
2273 905 2661 965 praeceptorem
2694 896 3029 966 providentia
3057 895 3352 968 discipulos
3379 915 3568 955 omnes

1952 986 2303 1038 servaverint.
2333 985 2402 1041 Ut
2421 995 2602 1042 autem
2629 987 2827 1054 discas,
2858 1002 2954 1044 eos
2976 1002 3083 1043 non
3105 987 3278 1044 solum
3301 1004 3424 1060 erga
3451 1005 3567 1042 ma-

1949 1075 2175 1144 gistrum
2215 1075 2347 1131 tales
2380 1075 2544 1132 fuisse
2567 1119 2582 1143 ,
2611 1077 2706 1133 sed
2737 1087 2793 1133 et
2821 1077 3077 1133 fratribus
3105 1078 3349 1135 eamdem
3379 1095 3567 1136 curam

1957 1167 2288 1236 impendisse
2316 1211 2329 1234 ,
2362 1170 2483 1224 audi
2506 1171 2810 1241 sequentia.
2835 1169 2966 1226 Nam
2999 1187 3122 1227 cum
3152 1171 3376 1228 dixisset
3403 1213 3417 1237 ,
3457 1173 3584 1226 Pro-

1950 1262 2122 1314 anima
2157 1280 2265 1314 mea
2317 1264 2565 1318 cervicem
2619 1275 3038 1336 supposuerunt,
3085 1264 3326 1335 adjecit:
3374 1266 3569 1334 Quibus

1951 1369 2052 1404 nou
2079 1369 2171 1423 ego
2199 1355 2338 1410 solus
2364 1357 2554 1426 gratias
2581 1373 2681 1428 ago
2706 1397 2720 1421 ,
2751 1356 2843 1410 sed
2870 1367 2918 1411 et
2961 1373 3136 1412 omnes
3163 1355 3408 1412 Ecclesitz
3447 1375 3569 1430 gen-

1951 1447 2096 1501 tium.
2144 1449 2278 1518 Quid
2327 1451 2446 1504 ais?
2487 1449 2867 1507 Tentoriorum
2913 1449 3199 1520 upilicibus
3234 1491 3250 1517 ,
3315 1452 3568 1522 pauperi-

1953 1539 2054 1594 bus
2075 1581 2090 1607 ,
2122 1543 2451 1609 artiﬁcibus,
2484 1544 2677 1614 quibus
2708 1543 2838 1598 nihil
2871 1554 3066 1614 praeter
3093 1545 3292 1599 victum
3321 1561 3573 1600 necessa-

1955 1631 2094 1688 rium
2147 1635 2491 1706 suppetebat,
2540 1650 2734 1690 omnes
2779 1634 3037 1690 Ecclesia:
3083 1635 3322 1706 gentium
3370 1637 3574 1704 gratias

1951 1724 2161 1795 agunt?
2212 1723 2279 1780 Et
2309 1725 2436 1796 quid
2483 1735 2686 1778 tantum
2727 1723 2836 1779 duo
2867 1723 2940 1780 illi
2986 1724 3246 1792 prodesse
3287 1734 3574 1796 potuerunt

1955 1827 2033 1873 tot
2062 1817 2359 1873 Ecclesiis?
2390 1832 2494 1887 qua
2545 1832 2708 1887 opum
2753 1816 3076 1870 abundantia
3103 1856 3120 1883 ,
3169 1832 3271 1887 qua
3323 1817 3573 1886 potentia:

1955 1908 2345 1979 magnitudine,
2380 1923 2487 1978 quo
2519 1907 2660 1977 apud
2698 1906 2972 1978 principes
3001 1905 3192 1962 favore
3219 1907 3576 1962 claruerunt?

1954 2001 2126 2069 (lpum
2154 1999 2368 2070 quidem
2399 1999 2749 2061 abundantia,
2783 2007 2838 2052 et
2863 1997 3123 2068 potentia,
3155 2008 3207 2051 et
3233 1997 3403 2068 gratia
3432 1997 3576 2068 apud

1958 2095 2282 2160 imperantes
2307 2092 2436 2145 nihil
2462 2091 2764 2154 valuerunt,
2802 2090 2894 2143 sed
2927 2101 3038 2144 erat
3088 2090 3187 2153 eis,
3216 2089 3303 2158 qui
3327 2091 3577 2145 omnibus

1957 2187 2128 2250 major
2176 2193 2258 2238 est
2290 2226 2303 2250 ,
2336 2183 2550 2238 animus
2576 2185 2640 2237 ad
2672 2183 2903 2252 pericula
2949 2182 3238 2237 admodum
3273 2194 3572 2252 promptus.

1959 2279 2090 2331 lline
2130 2289 2210 2332 cst
2244 2277 2386 2347 quod
2417 2275 2485 2330 de
2516 2277 2699 2330 multis
2727 2277 2863 2329 bene
2891 2285 3200 2329 meruerunt
3227 2316 3241 2339 ,
3275 2274 3578 2344 multosque

1957 2376 2263 2424 servarunt.
2297 2367 2484 2438 Neque
2510 2368 2655 2422 enim
2689 2367 2943 2421 Ecclesiis
2971 2375 3076 2420 tam
3111 2364 3368 2435 prodesse
3400 2365 3578 2419 valent

1957 2462 2150 2514 divites
2179 2460 2249 2514 illi
2286 2458 2468 2514 fastosi
2491 2498 2506 2523 ,
2541 2468 2599 2512 ut
2627 2472 2890 2527 pauperes
2920 2457 3266 2528 magnanimi.
3297 2455 3465 2511 Nemo
3491 2456 3574 2508 dio

1957 2565 2100 2605 «tum
2132 2553 2231 2607 hoc
2265 2553 2487 2605 iniretur
2518 2568 2528 2605 :
2562 2565 2746 2604 verum
2780 2549 2922 2603 enim
2964 2558 3087 2612 est,
3123 2548 3266 2618 quod
3299 2548 3526 2604 dicimus
3552 2591 3566 2612 ,

1958 2647 2007 2701 id
2035 2661 2116 2716 pte
2150 2647 2311 2703 rebus
2345 2644 2473 2716 ipsis
2503 2643 2887 2715 comprobatur
2918 2663 2930 2699 :
2963 2657 3084 2699 nam
3113 2646 3294 2698 multa:
3324 2651 3449 2699 sunt
3494 2643 3575 2694 di-

1960 2743 2080 2795 vitis
2119 2742 2381 2795 molestias
2412 2749 2464 2794 et
2495 2739 2754 2808 pericula.
2796 2739 2973 2794 Timet
3006 2755 3102 2809 pro
3134 2739 3328 2805 domo,
3367 2755 3462 2808 pro
3497 2741 3575 2792 fa-

1961 2836 2118 2888 mulis
2147 2877 2158 2899 ,
2191 2849 2286 2904 pro
2317 2834 2458 2903 agris
2484 2873 2496 2895 ,
2546 2849 2642 2901 pro
2673 2833 2867 2902 Opibus
2891 2873 2905 2897 ,
2937 2848 3004 2886 ue
3046 2834 3165 2904 quis
3196 2834 3393 2903 aliquid
3423 2849 3485 2888 ex
3517 2835 3580 2890 iis

1960 2928 2188 2981 auferat.
2223 2925 2286 2978 Et
2317 2925 2403 2994 qui
2447 2925 2738 2978 multorum
2772 2934 2854 2977 est
2884 2923 3167 2988 dominus,
3201 2924 3339 2978 idem
3387 2926 3585 2979 multo-

1962 3034 2078 3070 rum
2106 3031 2294 3069 Servus
2325 3031 2445 3070 esse
2469 3016 2695 3085 cogitur.
2728 3015 2938 3086 Pauper
2967 3023 3148 3070 autem
3173 3015 3257 3069 his
3277 3018 3579 3085 expeditus,

1963 3118 2016 3162 et
2044 3108 2186 3162 curis
2218 3108 2470 3162 omnibus
2499 3121 2712 3168 carens,
2747 3106 2830 3161 leo
2857 3114 2961 3172 est,
2989 3107 3164 3177 ignem
3200 3108 3388 3177 Spirat,
3420 3124 3585 3179 gese-

1966 3217 2088 3255 roso
2110 3210 2163 3256 et
2189 3199 2310 3254 forti
2336 3209 2418 3255 est
2443 3199 2645 3266 animo,
2669 3199 2736 3254 de
2757 3200 3008 3254 omnibus
3029 3215 3148 3258 sese
3170 3202 3404 3270 expedit,
3431 3203 3585 3259 facile

1964 3295 2143 3347 omnia
2170 3292 2302 3364 agit,
2335 3309 2454 3363 qua:
2479 3291 2734 3364 prodesse
2757 3300 2981 3362 possunt
3012 3292 3286 3358 Eeelesiis,
3318 3294 3429 3347 sive
3451 3309 3585 3364 opus

1964 3388 2110 3441 situt
2137 3395 2426 3458 arguantur
2455 3385 2640 3457 aliqui,
2673 3385 2789 3439 sive
2822 3391 2877 3438 ut
2907 3385 3254 3456 iuerepentur
3277 3426 3291 3450 ,
3325 3385 3438 3441 sive
3466 3401 3588 3440 sex-

1965 3491 2122 3538 centa
2153 3491 2370 3552 prepter
2390 3480 2662 3536 Christum
2685 3495 2848 3548 opera
2877 3478 3153 3534 subeunda
3183 3480 3287 3532 sint
3322 3497 3335 3533 :
3364 3495 3426 3534 ac
3453 3495 3588 3549 qun-

1968 3574 2109 3628 uiam
2140 3574 2306 3628 semel
2335 3573 2496 3626 vitam
2528 3571 2770 3640 deSpexit
2802 3579 3124 3640 pra-sentem
3147 3613 3162 3638 ,
3193 3585 3383 3641 magna
3408 3569 3586 3625 facili-

1971 3676 2080 3721 tate
2105 3665 2320 3720 conlieit
2346 3665 2546 3720 omnia.
2581 3661 2719 3730 Quid
2747 3663 2891 3717 enim
2926 3661 3160 3725 timeret,
3187 3661 3292 3726 die,
3327 3662 3589 3717 obsecro?

1967 3758 2104 3812 Num
2135 3773 2200 3811 ne
2227 3772 2359 3828 Opes
2386 3755 2503 3827 ejus
2541 3754 2901 3810 aufemutur?
2942 3751 3054 3808 lloc
3085 3768 3244 3808 nemo
3275 3752 3456 3808 dicere
3495 3769 3591 3825 po-

1971 3853 2114 3908 terit.
2147 3851 2284 3906 Num
2322 3865 2390 3905 ue
2422 3849 2655 3919 pellatur
2681 3863 2712 3903 e
2745 3847 2956 3917 patria?
2987 3846 3093 3902 Sed
3123 3848 3400 3902 universus
3445 3848 3591 3902 orbis

1972 3953 2235 4006 terrarum
2261 3942 2307 3996 ei
2356 3941 2546 3996 civitas
2575 3949 2658 3994 est
2687 3940 2704 3971 ⁸
2725 3939 2749 3994 ?
2772 3937 2905 3993 Num
2955 3954 3023 3994 ne
3065 3941 3185 4009 quis
3229 3939 3509 3993 imminuat
3538 3939 3590 3993 ei

1974 4035 2198 4091 delicias
2233 4047 2286 4089 et
2317 4032 2666 4089 satellitium?
2695 4030 2801 4086 Sed
2831 4032 2914 4085 his
2950 4030 3203 4086 omnibus
3227 4031 3406 4086 valere
3427 4031 3594 4102 jussis

1975 4127 2024 4180 in
2063 4126 2197 4179 ea-lo
2249 4125 2491 4189 habitat,
2537 4132 2589 4178 et
2621 4123 2686 4176 ad
2732 4123 2962 4176 futuram
2998 4119 3215 4177 festinat
3263 4123 3448 4175 vitam.
3477 4122 3592 4175 Non

1974 4217 2353 4286 depreeabitur
2383 4217 2534 4280 item,
2568 4215 2611 4268 si
2645 4215 2822 4268 anima
2867 4215 2978 4283 ipsa
3012 4212 3272 4269 tradenda
3301 4215 3391 4278 sit,
3426 4223 3478 4267 et
3508 4214 3591 4268 ei-

1975 4310 2275 4371 luudendus
2295 4323 2350 4361 sa
2393 4307 2531 4378 guis.
2561 4306 2692 4360 lline
2714 4313 2817 4373 est,
2845 4305 2988 4376 quod
3011 4306 3131 4360 talis
3157 4304 3318 4360 etiam
3343 4315 3593 4376 ettyran-

1977 4405 2059 4457 uis
2081 4444 2098 4468 ,
2125 4409 2180 4455 et
2205 4399 2453 4469 regibus.
2481 4407 2535 4453 et
2567 4397 2776 4466 pOpuIis
2803 4437 2816 4461 ,
2849 4405 2904 4451 et
2931 4395 3184 4450 omnibus
3213 4403 3486 4466 potentior
3515 4409 3596 4450 est

1976 4512 2039 4552 ac
2066 4494 2248 4550 ditior.
2282 4491 2347 4545 Et
2376 4498 2430 4543 ut
2455 4487 2656 4553 discas,
2679 4486 2821 4557 quod
2851 4502 2976 4543 vere
2999 4485 3137 4550 hac,
3158 4494 3213 4540 et
3240 4501 3347 4542 non
3372 4486 3597 4541 adulan-

1978 4599 2060 4644 ter
2089 4586 2195 4641 sint
2218 4581 2382 4644 diota,
2413 4589 2468 4635 et
2497 4577 2639 4649 quod
2664 4577 2753 4664 qui
2781 4577 2914 4632 nihil
2947 4577 3243 4648 possident,
3269 4575 3322 4632 bi
3354 4580 3596 4634 omnium

1977 4679 2237 4734 lilierrimi
2259 4675 2366 4729 sint
2392 4673 2458 4727 ad
2489 4668 2816 4742 loquendum
2851 4689 2863 4724 :
2896 4682 3027 4740 quot
3053 4668 3246 4725 divites
3276 4682 3430 4725 erant
3461 4681 3598 4725 tetu-

1979 4787 2110 4844 pore
2139 4766 2386 4833 llet‘odis,
2410 4774 2541 4837 quot
2571 4762 2866 4835 potentes?
2893 4771 2948 4817 et
2976 4762 3096 4832 quis
3125 4762 3176 4817 in
3209 4762 3444 4817 medium
3473 4778 3598 4834 pro-

1980 4860 2171 4932 rupit?
2215 4858 2337 4930 quis
2396 4866 2682 4928 tyranuum
2736 4852 3031 4922 increpavit
3057 4850 3082 4907 ?
3108 4855 3229 4923 quis
3255 4864 3595 4925 οοιιιθιιῳωε

1979 4956 2128 5026 leges
2159 4954 2248 5007 Dei
2279 4951 2420 5006 ultus
2447 4958 2529 5004 est
2555 4948 2578 5001 ?
2603 4947 2836 5001 Divitum
2865 4945 3083 5017 quidem
3112 4946 3313 5011 nullus,
3345 4946 3441 5002 sed
3474 4963 3601 5017 pau-

1980 5064 2077 5120 per
2105 5048 2196 5102 ille
2226 5055 2279 5098 ct
2307 5056 2484 5113 inops,
2514 5043 2606 5111 qui
2637 5053 2808 5111 neque
2837 5039 3033 5093 lectum
3059 5079 3076 5105 ,
3105 5051 3281 5108 neque
3319 5053 3564 5094 mensam
3583 5081 3599 5102 ,

1983 5155 2158 5215 neque
2188 5145 2388 5191 tectum
2421 5132 2654 5188 habebat
2687 5147 2699 5185 :
2729 5131 2818 5186 ille
2842 5171 2859 5195 ,
2892 5129 3148 5200 inquam,
3181 5129 3488 5185 solitudinis
3518 5132 3600 5184 iu-

1982 5231 2224 5303 quilinus
2254 5226 2491 5283 Joannes
2513 5265 2528 5291 ,
2563 5223 2653 5278 ille
2691 5221 2840 5277 solus
2868 5230 2923 5278 et
2951 5219 3154 5292 primus
3181 5221 3327 5275 omni
3360 5221 3605 5280 libertate

1985 5334 2270 5396 tyranuum
2308 5316 2515 5388 arguit,
2564 5323 2618 5370 et
2662 5313 2997 5369 adulterinas
3036 5312 3250 5382 nuptias
3274 5311 3480 5368 detexit
3505 5355 3521 5379 ,
3553 5325 3606 5368 et

1985 5414 2340 5490 pmentibus
2369 5409 2620 5466 omnibus
2649 5422 2712 5464 ac
2740 5404 3090 5462 audientibus
3111 5405 3454 5475 pronuntiata
3483 5421 3608 5460 seu-

1985 5508 2151 5568 tentia
2166 5520 2290 5562 eum
2308 5500 2706 5565 condemnavit.
2735 5499 2800 5555 Et
2821 5506 2944 5554 ante
2969 5497 3114 5554 hunc
3138 5511 3365 5568 magnus
3389 5511 3606 5568 quoque

2046 5729 2066 5761 ⁸
2099 5722 2319 5790 anilla
2340 5723 2565 5786 margine
2587 5721 2659 5771 sic
2681 5717 2855 5781 habet,
2878 5715 2966 5771 sed
2991 5727 3137 5769 totum
3161 5710 3372 5780 patriam
3399 5724 3588 5783 reputat

1984 5799 2307 5848 caestuum
2331 5792 2421 5838 εει.
