4080 6400
1297 301 1353 359 8.
1394 299 1671 359 JOANNlS
1704 299 2182 359 εηῐιῑεοδτυιιι
2225 301 2542 361 ARCIlIEP.
2582 302 3115 368 CONSTANTINOP.

3715 318 3825 377 τοι

514 413 713 480 llelias,
728 412 821 486 qui
845 411 977 470 nihil
994 421 1188 487 prater
1207 412 1438 469 meloten
1459 412 1788 483 possidebat,
1817 411 2037 483 impium
2062 422 2118 466 et
2224 411 2284 470 Si
2310 417 2431 484 quis
2451 418 2673 475 fratrum
2702 422 2933 492 cuipiam
2973 422 3277 492 maledicit,
3304 439 3334 479 a
3362 417 3634 485 sacrarum
3679 430 3846 487 Seri-

519 506 987 577 prtevaricatorem
1013 504 1165 560 illum
1193 503 1381 561 Achab
1410 505 1564 560 solus
1582 504 1806 561 viriliter
1835 503 2111 574 corripuit.

508 594 655 652 Nihil
684 597 826 653 enim
855 593 1107 665 loquendi
1146 594 1451 651 libertatem
1476 635 1495 663 ,
1539 606 1595 651 et
1619 595 1672 650 in
1701 610 1880 650 rerum
1922 593 2114 649 discri-

512 686 660 745 mina
681 686 928 744 ﬁduciam
952 686 1024 742 ita
1046 686 1269 756 praebet,
1298 686 1428 742 nihil
1452 686 1697 742 homines
1724 688 1861 741 adeo
1882 685 2115 741 munitos

505 787 560 833 ct
589 776 756 832 fortes
780 774 967 843 efﬁcit,
1012 786 1071 831 ut
1101 776 1234 831 nihil
1271 791 1397 847 poss
1421 777 1551 831 dere
1571 817 1589 841 ,
1618 785 1675 831 et
1700 775 1861 830 nullis
1887 775 2114 831 sat-ula-

507 870 655 925 ribus
696 868 1047 924 circumvolvi
1081 870 1333 941 negotiis.
1366 872 1543 938 Atque
1565 868 1739 934 adeo,
1772 869 1817 923 sl
1846 867 1966 938 quis
2007 869 2115 923 vir-

504 968 670 1015 tutem
682 960 903 1016 multam
919 961 1192 1029 possidere
1204 960 1741 1029 cupit,paupertatem
1752 957 2110 1027 amplexetur,

503 1060 831 1122 praesentem
863 1052 1028 1106 vitam
1055 1050 1339 1121 despiciat,
1370 1050 1504 1104 nihil
1534 1063 1658 1105 esse
1687 1057 1833 1118 putet
1858 1059 2108 1103 mortem.

503 1141 601 1196 llic
627 1156 734 1197 non
757 1141 939 1197 solum
967 1141 1086 1211 plus
1108 1155 1267 1212 quam
1300 1140 1494 1196 divites
1524 1150 1579 1194 ct
1604 1140 1902 1209 principes,
1932 1140 2027 1195 sed
2055 1150 2111 1195 et

502 1232 624 1302 plus
644 1248 803 1305 quam
832 1247 988 1305 reges
1014 1232 1115 1304 ipsi
1148 1232 1405 1290 Ecclesiis
1445 1232 1699 1305 prodesse
1728 1233 1943 1305 poterit.
1977 1232 2109 1288 Nam

512 1338 801 1397 regnantes
830 1326 905 1382 illi
930 1337 984 1383 et
1010 1326 1347 1383 abundantes
1376 1334 1726 1398 quaecumque
1768 1325 2006 1391 faciunt,
2057 1325 2107 1381 id

503 1417 697 1487 opibus
714 1417 915 1477 {miunt
942 1435 957 1473 :
985 1416 1073 1473 hic
1098 1426 1279 1474 autem
1302 1432 1491 1489 magna
1514 1418 1825 1487 plerumque
1853 1427 2107 1487 operatur

501 1523 593 1578 per
619 1509 864 1579 pericula
893 1520 951 1565 et
992 1519 1222 1565 mortem
1269 1510 1462 1580 ipsam.
1502 1509 1717 1577 Quanto
1761 1515 1941 1563 autem
1971 1521 2106 1563 auro

497 1602 643 1657 οιηηί
685 1604 973 1672 pretiosior
1000 1612 1084 1658 est
1127 1602 1387 1675 sanguis,
1437 1610 1587 1657 tanto
1629 1609 1915 1673 paupertas
1942 1616 2104 1672 quam

497 1695 828 1752 abundantia
860 1697 1072 1752 melior.

569 1830 619 1885 5.
664 1829 821 1885 Tales
849 1828 1065 1901 quidam
1092 1837 1248 1885 erant
1274 1828 1349 1884 illi
1397 1828 1546 1883 l‘auli
1590 1827 1832 1899 hospites
1860 1826 2101 1882 Priscilla

502 1934 559 1981 et
582 1925 796 1997 Aquila,
820 1926 907 1995 qui
929 1940 1092 1997 opum
1118 1926 1377 1982 carebant
1403 1925 1750 1991 abundantia,
1778 1934 1833 1983 et
1853 1926 2104 1982 omnibus

494 2014 698 2072 divitiis
741 2016 1145 2089 locupletiorem
1170 2018 1409 2073 animum
1436 2018 1782 2089 possidebant
1806 2061 1824 2086 ,
1871 2032 2100 2078 mortem

494 2116 871 2177 exspectantes
896 2106 1157 2179 quotidie,
1190 2107 1243 2163 in
1268 2106 1419 2164 cede
1447 2116 1504 2164 et
1529 2110 1789 2180 sanguine
1816 2110 2059 2167 viventes
2083 2153 2098 2178 ,

496 2206 659 2269 atque
682 2207 946 2270 perpetuo
967 2197 1281 2272 martyrium
1312 2199 1601 2272 patientes.
1634 2198 1757 2257 Ideo
1783 2216 1872 2257 res
1900 2212 2099 2258 nostra:

493 2290 601 2346 illis
625 2292 956 2361 temporibus
977 2290 1261 2358 ﬂorebant,
1288 2293 1411 2363 quia
1434 2295 1512 2348 sic
1536 2293 1782 2364 discipuli
1806 2297 2095 2366 magistris,

491 2390 547 2438 et
574 2382 812 2454 magistri
843 2382 1121 2454 discipulis
1145 2380 1381 2456 colligati
1404 2394 1580 2441 erant.
1610 2385 1741 2441 Nam
1768 2386 1964 2443 Paulus
1993 2387 2097 2445 hoc

492 2487 601 2528 non
624 2474 797 2530 solum
818 2474 886 2531 de
914 2474 1017 2541 his,
1046 2474 1142 2531 sed
1164 2475 1306 2531 etde
1331 2475 1514 2531 multis
1542 2475 1661 2532 aliis
1686 2486 1932 2534 testatur.
1963 2478 2095 2535 Nam

493 2563 756 2629 llebrzeis,
788 2573 844 2621 et
862 2565 1439 2623 'l'hessaloniccnsibus
1468 2609 1485 2634 ,
1518 2576 1571 2624 et
1603 2567 1808 2624 Galatia
1829 2570 2093 2637 scribens,

489 2658 683 2712 asserit
706 2672 896 2714 omnes
918 2659 1100 2714 multis
1129 2660 1517 2716 tentationibus
1544 2659 1794 2730 afﬂictos,
1825 2672 1880 2717 et
1901 2663 2096 2719 indicat

490 2746 545 2802 in
572 2748 814 2817 epistolis
842 2750 954 2806 suis
985 2749 1131 2819 ipsos
1156 2749 1307 2821 pelli,
1338 2750 1508 2821 patria
1538 2752 1810 2820 excidere,
1838 2755 2089 2810 substan-

492 2838 592 2893 tias
619 2839 848 2910 perdere
873 2882 889 2906 ,
914 2850 969 2895 et
990 2840 1056 2894 ad
1087 2844 1399 2912 sanguinem
1427 2856 1593 2913 usque
1619 2844 1905 2913 periclitari
1942 2863 1954 2901 :
1984 2856 2090 2903 tota

490 2945 677 2985 eorum
723 2931 828 2985 vita
876 2932 927 2985 itt
971 2933 1228 3003 gravibus
1271 2933 1656 2990 certaminibus
1683 2944 1842 3003 erat,
1870 2946 1925 2992 ct
1965 2939 2092 3009 ipsis

491 3022 721 3076 mutilari
744 3023 1000 3079 membris
1022 3040 1116 3089 pro
1134 3026 1553 3094 praeceptoribus
1572 3042 1676 3083 non
1700 3028 2089 3087 detrectabant.

492 3110 643 3168 Unde
670 3111 874 3169 Calatis
902 3116 1145 3171 scribens
1168 3156 1183 3180 ,
1230 3116 1364 3171 dicit
1394 3134 1411 3172 ι
1436 3116 1616 3173 Testor
1640 3122 1772 3174 enim
1796 3164 1812 3188 ,
1859 3125 2017 3192 quod,
2049 3127 2091 3180 si

492 3202 726 3276 possibile
754 3205 932 3275 {uisset
958 3248 972 3268 ,
996 3208 1167 3260 oculos
1195 3221 1384 3262 vestros
1427 3207 1636 3276 effossos
1665 3212 1789 3266 mihi
1829 3214 2093 3272 dedissetis

491 3293 705 3360 (Colat.
735 3296 790 3350 ι.
812 3295 933 3368 l5).
958 3297 1017 3351 Et
1048 3297 1349 3370 Epapltram
1377 3302 1465 3371 qui
1487 3298 1723 3359 Colossis
1744 3313 1876 3369 erat,
1903 3308 2091 3364 eadem

490 3386 559 3443 de
586 3403 645 3442 re
673 3387 851 3442 laudnt
884 3388 967 3443 his
1006 3391 1181 3447 verbis
1213 3408 1228 3444 :
1260 3390 1553 3463 Egrotauit
1580 3410 1739 3465 usque
1761 3398 1830 3449 ad
1859 3409 2088 3466 mortem,

489 3491 538 3537 et
568 3479 707 3537 Deus
733 3482 840 3550 eius
869 3481 1104 3537 misertus
1131 3494 1204 3538 est
1232 3488 1261 3538 :‘
1280 3501 1380 3539 non
1409 3485 1573 3540 solum
1602 3498 1773 3543 autem
1819 3490 1929 3558 eius
1954 3532 1969 3556 ,
2001 3493 2091 3546 sed

486 3582 532 3627 et
554 3575 670 3638 mei,
689 3590 751 3628 ne
771 3575 1025 3629 tristitiam
1046 3593 1197 3646 super
1216 3577 1471 3632 tristitiam
1499 3568 1731 3633 haberem
1752 3582 2011 3654 (Philipp.
2033 3584 2087 3640 2.

485 3665 555 3721 27
580 3666 616 3738 ).
668 3664 769 3722 Ubi
809 3668 952 3721 clare
982 3666 1317 3723 demonstrat
1346 3685 1405 3724 se
1428 3669 1548 3737 jure
1588 3670 1893 3728 habiturum
1928 3675 2090 3730 luisse

484 3756 725 3812 dolorem
754 3758 822 3813 de
865 3767 1037 3814 morte
1081 3758 1345 3831 discipuli.
1393 3758 1851 3833 CujusAvirtutem
1896 3767 2088 3823 alicubi

486 3848 733 3903 omnibus
760 3848 948 3903 iterum
980 3848 1179 3921 detegit
1206 3828 1410 3918 dicens,
1440 3828 1660 3910 Ᾰερεῖσὶι
1683 3857 1927 3924 usquead
1954 3875 2081 3913 mor-

486 3947 605 4003 tem,
638 3938 863 4007 neglecta
887 3940 1056 3993 anima
1081 3957 1195 4005 sua,
1220 3951 1276 3995 stt
1302 3944 1551 4013 impleret,
1578 3946 1715 4012 quod
1735 3948 1787 3999 in
1816 3949 1954 4004 vobis
1972 3968 2090 4020 erga

488 4044 567 4081 nu
582 4029 751 4082 deerat
772 4029 1105 4083 ministerium
1138 4030 1395 4102 (Philipp.
1420 4033 1475 4086 2.
1499 4034 1615 4104 50).
1644 4034 1782 4101 Quid
1808 4038 1913 4093 Illis
1936 4039 2093 4096 fuerit

488 4112 735 4188 beatius,
767 4120 894 4193 quid
939 4132 1118 4177 autem
1155 4123 1309 4177 nobis
1324 4122 1583 4179 Imiserius
1609 4126 1632 4179 ἲ
1660 4127 2089 4199 quandoquidem

488 4213 562 4269 illi
589 4214 900 4286 sanguinem
948 4224 1003 4271 et
1028 4215 1259 4270 animam
1296 4231 1393 4285 pro
1425 4219 1843 4288 praeceptoribus
1873 4222 2091 4291 proluu-

486 4303 687 4358 debant
709 4345 726 4370 ,
756 4319 855 4359 nos
897 4316 1074 4361 autem
1106 4321 1279 4376 neque
1327 4306 1547 4361 verbum
1589 4324 1686 4379 pro
1717 4313 2093 4370 communibus

489 4396 728 4465 patribus
744 4396 990 4451 emittere
1010 4396 1291 4464 audemus,
1314 4398 1406 4453 sed
1431 4413 1552 4453 cum
1572 4400 1850 4457 audiamus
1868 4404 1949 4459 eis
1974 4421 2088 4460 ma-

486 4485 644 4542 ledici
667 4524 685 4553 ,
728 4495 784 4543 ct
824 4486 1077 4543 conviciis
1103 4503 1196 4543 eos
1227 4488 1567 4545 dehonestari
1591 4530 1607 4557 ,
1638 4500 1691 4546 et
1720 4506 1750 4546 a
1779 4493 1913 4561 suis,
1941 4503 1996 4551 et
2021 4496 2091 4552 ab

487 4577 679 4634 alienis
695 4619 711 4643 ,
742 4578 1125 4637 maledicentes
1151 4593 1328 4650 neque
1355 4581 1780 4652 compescimus,
1806 4598 1979 4657 neque
2005 4602 2090 4643 rep

487 4667 885 4740 prebendimus,
921 4685 1094 4740 neque
1121 4669 1485 4740 prohibemus.

561 4802 825 4871 Quantum
847 4804 912 4858 sit
936 4812 1194 4875 peccatum
1209 4802 1455 4861 Ecclesia:
1472 4807 1746 4865 rectoribus
1767 4810 2086 4869 maledicere.

487 4925 559 4938 --
577 4894 790 4953 Utinam
812 4912 881 4951 ne
900 4896 1000 4968 ipsi
1022 4897 1179 4968 primi
1201 4898 1583 4956 maledicorum
1606 4901 1791 4960 simus.
1819 4904 1959 4963 Sane
1981 4923 2087 4963 non

487 4998 635 5045 tanta
663 4990 733 5045 ab
756 4989 1059 5046 infidelibus
1078 4993 1314 5047 convicia
1337 5002 1392 5047 et
1414 4994 1627 5064 probra,
1648 5007 1843 5067 quanta
1865 5000 1917 5055 in
1945 5002 2092 5071 prin-

488 5081 642 5150 cipes
667 5080 737 5135 ab
762 5081 861 5146 iis,
902 5082 993 5153 qui
1042 5082 1193 5137 nobis
1212 5082 1384 5151 juncti
1423 5085 1681 5155 religione
1704 5096 1762 5143 et
1789 5087 1973 5147 tideles
2006 5092 2088 5146 vi-

482 5169 707 5237 dentur,
740 5171 967 5242 proferri
994 5172 1258 5229 videmus.
1290 5173 1438 5231 Ultra
1468 5176 1553 5232 hic
1580 5193 1881 5248 quaeremus
1900 5225 1915 5248 ,
1945 5184 2088 5241 unde

488 5272 640 5318 tanta
672 5262 899 5334 ignavia,
928 5274 985 5319 et
1006 5264 1145 5320 unde
1173 5265 1259 5320 hic
1282 5266 1495 5336 pictatis
1518 5279 1861 5342 contemptus
1885 5277 2084 5341 evenit,

485 5355 631 5425 quod
660 5356 739 5412 sic
770 5356 1032 5412 hostiliter
1054 5373 1176 5427 erga
1208 5368 1385 5428 patres
1409 5370 1623 5417 nostros
1649 5364 1815 5419 simus
1838 5366 2053 5425 aﬂ’ectit

488 5446 627 5504 Nihil
658 5449 896 5519 profecto
926 5451 1179 5520 estquod
1226 5451 1520 5508 Ecclesiam
1566 5454 1661 5510 Dci
1712 5456 1781 5511 ita
1825 5458 2085 5516 destitue-

487 5552 552 5593 re
601 5552 659 5594 et
701 5538 1029 5607 dissolvere,
1080 5542 1210 5597 nihil
1246 5543 1388 5613 quod
1423 5544 1494 5598 ita
1544 5542 1701 5602 facile
1740 5552 2087 5617 pessumdare

492 5630 681 5699 possit,
710 5639 768 5685 ut
794 5630 1010 5702 quando
1033 5630 1282 5704 discipuli
1308 5636 1601 5707 magistris,
1632 5647 1687 5693 et
1710 5640 1951 5709 patribus
1969 5642 2083 5711 lilii,

492 5731 549 5778 tt
586 5722 907 5794 principibus
928 5723 1164 5793 subditi,
1197 5741 1303 5781 non
1339 5742 1534 5799 magno
1581 5728 1761 5789 studio
1788 5732 2080 5793 eohterent.

2225 518 2501 573 pturarum
2533 508 2764 567 lectione
2803 513 3123 569 excluditur.
3157 514 3226 571 Ut
3253 517 3375 585 quid
3399 520 3544 574 enim
3574 524 3825 586 manus,

2220 599 2296 653 ait
2322 599 2481 665 Deus,
2502 611 2853 659 testamentum
2881 622 3047 661 meum
3062 624 3223 675 peros
3238 620 3381 665 tum
3400 609 3572 681 (Ptol.
3598 614 3832 670 49.16)?

2220 700 2276 745 et
2298 706 2458 747 musa
2494 694 2667 764 posita
2704 696 2833 754 dicit
2863 698 3098 755 =Sedens
3120 710 3300 755 contra
3328 702 3541 772 fratrem
3568 714 3712 759 tum
3743 708 3828 760 lo-

2218 782 2453 847 quebaris
2477 781 2641 853 (Ibid.
2672 802 2720 840 υ.
2738 786 2865 858 .10).
2898 788 3117 845 Patrem
3152 806 3282 847 vero
3303 792 3641 863 spiritualem
3663 810 3831 851 acea-

2218 885 2345 927 sans
2371 914 2388 939 ,
2435 880 2488 928 te
2530 875 2748 945 dignum
2799 888 3055 948 reputas,
3087 881 3178 951 qui
3219 881 3285 936 ad
3334 883 3515 938 divina
3560 887 3828 942 vestibula

2216 962 2480 1020 accedas?
2507 964 2789 1034 Quomodo
2812 968 2915 1025 hoc
2936 972 3235 1041 congruetl
3257 972 3391 1029 Nam
3422 975 3466 1030 si
3496 976 3825 1033 maledicen-

2217 1064 2299 1111 tes
2328 1055 2464 1125 patri
2490 1058 2575 1113 vel
2594 1059 2751 1115 matri
2778 1069 2953 1117 morte
2972 1062 3276 1119 moriuntur
3293 1066 3592 1122 secundum
3620 1070 3806 1140 legem

2216 1144 2238 1215 (
2254 1142 2426 1200 Exod.
2457 1146 2550 1202 2|.
2584 1149 2715 1220 Π),
2748 1151 2892 1222 quali
2915 1151 3121 1223 judicio
3143 1153 3336 1225 dignus
3363 1157 3468 1212 erit
3491 1199 3509 1225 ,
3536 1160 3628 1229 qui
3655 1161 3820 1218 male-

2200 1236 2395 1295 dicere
2427 1240 2592 1297 audet
2627 1241 2709 1309 ei,
2738 1244 2829 1315 qui
2859 1246 3171 1315 parentibus
3216 1247 3321 1304 illis
3362 1254 3531 1321 magis
3559 1266 3807 1311 necessa-

2214 1330 2327 1385 rius
2353 1340 2458 1400 est,
2483 1343 2540 1388 et
2566 1335 2761 1391 melior
2779 1336 2804 1389 ?
2822 1338 3019 1394 Annon
3049 1339 3220 1407 timet,
3240 1355 3308 1397 ne
3328 1342 3535 1412 aperiat
3563 1359 3623 1400 se
3650 1353 3820 1415 terra,

2204 1431 2267 1477 ‘et
2296 1424 2470 1494 ipsum
2495 1426 2801 1496 absorbeat,
2830 1428 2915 1485 v‘el
2936 1428 3140 1488 fulmen
3166 1447 3401 1504 superne
3421 1434 3682 1494 decidens
3698 1454 3823 1495 ma-

2212 1514 2439 1572 ledicam
2479 1517 2622 1594 illam
2668 1520 2902 1593 linguam
2929 1523 3251 1582 comburat?
3278 1526 3395 1583 Non
3424 1528 3656 1597 audisti,
3688 1533 3822 1603 quid

2209 1622 2366 1678 passa
2386 1610 2454 1665 sit
2482 1611 2644 1669 Mosis
2666 1628 2823 1670 soror
2845 1656 2860 1682 ,
2892 1617 3118 1689 principi
3142 1619 3473 1678 maledicens
3492 1620 3517 1676 τ
3539 1625 3821 1695 quomodo

2210 1698 2345 1754 facta
2366 1700 2436 1756 sit
2461 1702 2755 1770 immunda,
2776 1704 3025 1761 inciderit
3053 1707 3107 1763 in
3134 1708 3365 1781 lepram,
3392 1724 3660 1769 summam
3686 1728 3814 1771 sos-

2210 1793 2818 1868 tinueritignominiam,
2846 1797 3014 1856 lratre
3043 1800 3214 1858 Deum
3236 1797 3439 1871 orante,
3458 1806 3671 1861 veniam
3699 1823 3813 1864 non

2206 1886 2532 1953 obtinuerit;
2555 1889 2766 1945 tametsi
2794 1889 2882 1946 illa
2911 1891 3023 1961 ipsa
3049 1904 3215 1960 esset,
3242 1910 3363 1967 qua:
3391 1906 3638 1954 sanctum
3666 1899 3816 1956 illum

2205 1990 2565 2049 exposuerat,
2596 1992 2652 2039 et
2687 1997 2786 2053 pro
2819 1985 2936 2055 ejus
2972 1985 3292 2045 educatione
3321 1989 3375 2045 id
3411 1989 3666 2047 eﬂ’ecerat
3695 2033 3712 2059 ,
3752 2000 3814 2049 ut

2206 2073 2324 2141 ejus
2351 2082 2525 2128 mater
2554 2073 2607 2127 in
2652 2074 2914 2131 nutricem
2947 2087 3315 2134 assumeretur
3340 2119 3356 2147 ,
3388 2094 3445 2135 et
3487 2096 3555 2136 ne
3598 2083 3817 2151 puellus

2205 2161 2257 2216 in
2282 2162 2565 2218 barbarico
2581 2164 2701 2219 sinu
2726 2166 3057 2222 enutriretur
3079 2184 3094 2234 ;
3122 2166 3318 2224 deinde
3338 2184 3468 2225 vero
3490 2171 3816 2231 feminarum

2202 2254 2472 2310 exercitus
2514 2254 2624 2310 dux
2665 2255 2763 2311 fuit
2805 2256 2947 2313 sicut
2992 2257 3169 2315 Moses
3209 2261 3483 2327 virorum;
3511 2276 3814 2335 omnesque

2201 2359 2322 2401 cum
2363 2347 2458 2402 illo
2492 2346 2612 2403 tulit
2652 2362 2921 2405 aerumnas
2949 2390 2966 2416 ,
2996 2365 3125 2408 vere
3151 2365 3307 2407 soror
3336 2352 3503 2410 Ilosis
3535 2354 3808 2412 existens:

2201 2446 2569 2494 verumtamen
2603 2454 2725 2494 cum
2752 2440 3074 2507 maledixit,
3105 2441 3239 2498 nihil
3271 2443 3321 2498 ei
3349 2444 3668 2514 profuerunt
3693 2446 3812 2503 hmc

2201 2529 2381 2581 omnia
2401 2527 2467 2583 ad
2489 2528 2848 2600 effugiendam
2878 2531 3011 2586 iram
3046 2533 3174 2589 Dei:
3203 2534 3299 2590 sed
3344 2550 3443 2591 nec
3470 2535 3647 2592 Moses
3674 2580 3689 2602 ,
3710 2553 3804 2608 qut

2202 2625 2407 2671 tantum
2436 2619 2691 2689 populum
2719 2661 2736 2687 ,
2782 2629 2907 2693 post
2936 2622 3207 2694 ingentem
3239 2625 3383 2681 illam
3422 2626 3753 2697 impietatem
3787 2670 3805 2697 ,

2200 2708 2451 2777 precibus
2470 2711 2806 2781 expiaverat,
2840 2726 2942 2783 pro
2966 2728 3155 2772 sorore
3178 2717 3487 2787 supplicans
3513 2726 3569 2774 et
3588 2721 3805 2778 veniam

2203 2806 2413 2869 petens,
2443 2801 2657 2871 placare
2686 2802 2854 2859 Deum
2878 2805 3071 2875 potuit,
3101 2805 3197 2862 sed
3227 2806 3297 2862 ab
3323 2822 3390 2863 eo
3415 2808 3574 2865 valde
3599 2809 3689 2865 ilia
3718 2811 3807 2866 in-

2196 2900 2448 2961 crepatur
2472 2910 2485 2946 :
2514 2907 2624 2963 quo
2660 2894 2931 2952 discamus
2954 2904 3011 2952 et
3044 2912 3145 2953 nos
3173 2938 3189 2963 ,
3212 2908 3471 2970 quantum
3503 2901 3705 2957 malum
3732 2901 3808 2958 sit

2198 2982 2528 3053 principibus
2554 2985 2876 3044 maledicere
2903 3030 2921 3058 ,
2950 2997 3006 3045 et
3035 2988 3106 3046 de
3130 2990 3357 3046 aliorum
3383 2991 3628 3064 judicare
3673 2997 3803 3052 vita.

2196 3072 2409 3129 Etenim
2432 3075 2485 3131 in
2510 3076 2599 3132 die
2619 3077 2712 3133 illo
2735 3092 2842 3135 non
2866 3080 3042 3136 solum
3068 3080 3137 3137 de
3163 3081 3229 3137 iis
3256 3097 3387 3154 quae
3417 3099 3518 3140 nos
3544 3087 3798 3157 peccavi-

2200 3181 2339 3233 mus,
2366 3165 2462 3222 sed
2487 3167 2629 3222 etde
2653 3169 2735 3234 iis,
2752 3170 2823 3225 ob
2847 3186 2967 3241 quae
2990 3172 3044 3226 in
3062 3171 3197 3228 alios
3217 3174 3539 3231 sententiam
3560 3176 3805 3244 tulimus,

2196 3257 2417 3313 omnino
2439 3258 2701 3328 judicabit
2727 3275 2827 3317 nos
2856 3262 3015 3318 Deus.
3034 3262 3104 3319 Et
3131 3264 3276 3334 quod
3301 3278 3445 3337 stt-pc
3469 3275 3658 3323 natura
3681 3268 3809 3331 levo

2197 3358 2478 3417 peccatum
2510 3359 2615 3417 est,
2648 3350 2751 3407 hoc
2776 3368 2939 3422 grave
2966 3361 3021 3409 et
3060 3370 3167 3410 non
3209 3355 3523 3428 ignoscibile
3553 3358 3649 3427 dt,
3672 3360 3805 3418 dum

2198 3451 2428 3513 peccans
2470 3440 2538 3496 de
2580 3441 2686 3497 alio
2707 3442 2933 3512 judicat.
2976 3444 3139 3501 Forte
3162 3462 3268 3502 non
3295 3448 3428 3505 satis
3466 3450 3637 3507 claret
3658 3454 3808 3523 quod

2194 3529 2450 3598 diximus,
2483 3532 2644 3604 igitur
2662 3534 2860 3591 clarius
2886 3534 3151 3592 dicemus.
3184 3536 3433 3595 Peccavit
3458 3542 3654 3613 aliquis
3684 3584 3700 3610 ,
3750 3554 3809 3601 et

2197 3622 2359 3676 alium
2383 3623 2528 3679 idem
2554 3625 2982 3683 committentem
3008 3637 3284 3698 peccatum
3302 3630 3723 3691 condemnavit:
3755 3636 3805 3693 is

2196 3711 2255 3765 in
2277 3711 2367 3795 die
2408 3712 2504 3769 illo
2542 3714 2699 3771 valde
2723 3730 2910 3772 amaro
2936 3731 3043 3773 non
3070 3733 3188 3773 eam
3215 3734 3430 3790 pinnam
3458 3723 3569 3780 luet
3595 3765 3611 3787 ,
3638 3741 3803 3797 quam

2196 3789 2401 3872 peccati
2432 3815 2617 3860 natura
2635 3808 2899 3878 exposcit,
2918 3809 3012 3865 sed
3038 3789 3297 3882 majorem
3323 3829 3484 3886 quam
3505 3789 3802 3887 duplicem,

2194 3907 2248 3951 et
2266 3897 2529 3967 triplicem
2552 3914 2567 3952 :
2586 3914 2694 3955 non
2711 3901 2855 3959 enim
2874 3901 3017 3972 quod
3040 3902 3154 3973 ipse
3176 3907 3499 3975 peccaverit,
3528 3908 3623 3965 sed
3652 3912 3803 3981 quod

2198 3987 2249 4042 in
2278 3988 2441 4043 alium
2469 3988 2721 4046 similiter
2760 3990 2967 4063 lapsum
3001 4002 3108 4049 tam
3146 4011 3365 4067 gravem
3409 4000 3679 4056 calculum
3708 4011 3803 4057 tu-

2200 4079 2323 4135 lerit
2345 4121 2363 4148 ,
2406 4083 2728 4153 supplicium
2760 4084 2839 4140 illi
2865 4084 3158 4143 destinabit
3202 4086 3361 4145 Deus.
3390 4090 3459 4145 Et
3480 4090 3585 4148 hoc
3608 4109 3799 4151 verum

2194 4186 2333 4237 esse,
2363 4185 2431 4229 ex
2457 4172 2523 4229 iis
2551 4189 2674 4244 quae
2716 4173 2831 4245 jam
2862 4176 3009 4233 lactat
3029 4188 3157 4234 sunt
3182 4189 3238 4235 et
3265 4183 3609 4253 contigerunt
3634 4225 3650 4250 ,
3681 4186 3806 4242 cla-

2194 4265 2343 4329 rius,
2382 4273 2443 4319 ut
2493 4268 2713 4336 promisi
2748 4308 2765 4334 ,
2804 4268 3213 4328 demonstrabo.
3260 4273 3395 4329 Nam
3452 4274 3804 4350 Pharisaus,

2194 4357 2441 4426 quamvis
2469 4357 2582 4428 ipse
2606 4359 2739 4415 nihil
2767 4372 3123 4431 peccaverat,
3155 4364 3250 4420 sed
3280 4375 3333 4421 et
3353 4366 3501 4437 justo
3537 4368 3748 4426 vixerat
3778 4411 3800 4439 ,

2194 4458 2250 4503 et
2279 4450 2442 4504 multa
2479 4451 2547 4506 de
2579 4467 2641 4507 se
2664 4452 2802 4508 bona
2844 4454 3141 4525 praedicare
3194 4467 3403 4527 p0terat
3425 4477 3441 4515 :
3465 4461 3588 4531 quia
3617 4470 3803 4521 tamen

2190 4540 2537 4622 publicanum
2559 4552 2855 4614 raptorem,
2882 4561 3129 4615 avarum,
3163 4560 3215 4605 et
3243 4551 3638 4622 iniquissimum
3660 4568 3801 4611 aon-

2193 4616 2488 4699 demnavit,
2517 4641 2693 4691 tantas
2721 4634 2868 4691 dedit
2891 4652 3108 4707 pinnas,
3139 4650 3197 4694 ut
3225 4640 3291 4695 ad
3321 4616 3643 4712 supplictum
3680 4660 3799 4700 ma-

2191 4722 2300 4793 jus,
2327 4739 2488 4795 quam
2512 4726 2799 4796 publicano
2820 4727 3117 4785 debebatur
3135 4772 3150 4796 ,
3186 4742 3495 4789 reservatus
3524 4735 3594 4791 sit
3618 4735 3638 4806 (
3662 4734 3799 4792 Lac.

2196 4815 2286 4873 l8.
2328 4816 2400 4872 ιο
2420 4847 2452 4860 —
2480 4818 2589 4885 tl).
2618 4818 2771 4886 Quod
2798 4820 2843 4875 si
2874 4820 2943 4888 is,
2971 4822 3063 4892 qui
3094 4823 3224 4878 nihil
3249 4826 3486 4893 peccavit
3516 4868 3536 4895 ,
3573 4835 3631 4884 et
3670 4843 3801 4898 pae-

2193 4915 2404 4963 cantem
2452 4907 2654 4973 alium,
2708 4909 2799 4980 qui
2841 4911 3163 4969 manifestus
3204 4924 3321 4969 erat
3363 4912 3614 4972 omnibus
3640 4958 3658 4985 ,
3690 4919 3799 4976 levi

2192 4998 2357 5055 verbo
2384 4999 2797 5067 condemnavit,
2828 4994 3035 5057 tantum
3052 5003 3153 5059 sibi
3176 5007 3399 5060 attraxit
3424 5009 3747 5078 supplicium
3778 5030 3793 5065 :

2193 5090 2287 5161 qui
2313 5091 2539 5161 multum
2578 5093 2822 5165 quotidie
2868 5108 3187 5165 peccamus,
3238 5100 3574 5171 aliorumque
3623 5105 3793 5158 vitam

2194 5184 2620 5240 eondemnamus
2639 5227 2654 5251 ,
2686 5187 2850 5242 etiam
2878 5188 2997 5245 aliis
3033 5190 3339 5261 ignotorum
3362 5234 3375 5258 ,
3405 5194 3579 5265 cogita
3619 5209 3799 5266 quaa-

2196 5284 2303 5330 tam
2332 5275 2717 5333 sustinebimus
2739 5292 2975 5347 penam,
3006 5282 3278 5352 quomodo
3298 5286 3445 5339 omni
3469 5286 3622 5341 venia
3650 5288 3800 5343 exei-

2194 5366 2405 5425 demus.
2435 5368 2504 5424 In
2527 5385 2628 5440 quo
2653 5372 2788 5426 enim
2822 5371 3023 5443 judicio
3048 5376 3299 5445 judicatis
3328 5417 3345 5445 ,
3381 5378 3554 5449 inquit
3582 5420 3598 5444 ,
3631 5389 3678 5434 at
3704 5394 3797 5437 eos

2186 5461 2549 5533 judicabimini
2578 5462 2792 5535 (Matth.
2823 5464 2875 5519 7.
2893 5463 2977 5538 ε).

2265 5552 2318 5607 6.
2348 5551 2576 5624 Pr0pter
2602 5552 2717 5609 haec
2760 5553 2945 5625 utique
2972 5564 3025 5613 et
3050 5556 3296 5628 supplico
3324 5600 3340 5625 ,
3370 5573 3598 5640 precor,
3629 5568 3684 5616 et
3703 5576 3801 5618 ex-

2194 5646 2405 5713 hortor,
2436 5655 2496 5702 ut
2526 5646 2595 5702 ah
2620 5645 2724 5704 hac
2758 5648 2896 5703 mala
2921 5650 3309 5708 consuetudine
3335 5651 3626 5709 desistatis.
3650 5653 3799 5713 Nihil

2196 5739 2341 5796 enim
2366 5739 2682 5798 nocebsmus'
2710 5740 3119 5814 sacerdotibus,
3144 5744 3342 5817 quibu
3366 5745 3671 5807 maludscim'
3677 5761 3742 5805 us
3771 5786 3795 5819 ,
