4088 6408
171 302 247 358 109
828 296 897 354 IN
937 296 1162 363 ILLUD,
1203 295 1526 353 PROPTER
1566 289 2112 353 FURNICATIONES
2151 296 2465 365 UXOREAI,
2507 294 2659 354 ETC.
2701 294 2742 353 1.

166 416 292 469 etiam
310 419 567 466 eructant.
600 409 845 479 Exempli
870 423 1053 472 causa,
1086 409 1131 464 si
1158 409 1212 464 in
1237 407 1501 463 theatrum
1532 421 1722 461 ascen-

163 503 299 563 deris,
328 512 379 556 et
404 502 736 556 meretricius
762 502 1061 558 cantilenas
1085 501 1377 565 audiveris,
1410 500 1531 554 talia
1564 498 1722 569 plane

162 593 288 647 verba
312 592 360 647 iu
388 592 691 654 proximum
718 593 879 647 etiam
910 593 1178 648 eructabis
1218 611 1231 646 :
1260 591 1403 661 quod
1435 592 1480 645 si
1520 590 1586 644 ad
1626 604 1720 644 ec-

162 685 345 739 clesiam
376 683 601 738 veniens
640 684 931 753 spirituaiis
972 683 1237 754 particeps
1267 684 1431 738 fueris
1457 682 1721 748 lectionis,

155 776 381 845 ejusmodi
412 761 571 831 erunt
596 774 757 831 etiam
789 792 908 846 qua:
933 776 1217 832 eructahis.
1255 776 1546 844 Propterea
1586 788 1721 843 quio-

154 886 238 940 quc
258 868 460 924 dicebat
483 868 771 939 propheta,
803 866 1065 923 Eructaeit
1092 884 1182 921 cor
1215 885 1377 919 meum
1404 867 1605 920 verbum
1633 866 1723 919 bo-

151 969 346 1027 sunt,ut
372 975 576 1015 mensas
620 965 801 1030 dapes,
857 975 958 1031 qua
1002 959 1275 1015 frui-batur
1301 972 1515 1027 semper
1567 956 1723 1011 nobis

148 1051 442 1107 ostenderet.
494 1050 608 1105 Hoc
654 1052 817 1106 etiam
870 1052 1151 1115 incitatus,
1199 1064 1299 1103 nos
1345 1047 1722 1102 cohttrtabatur

147 1144 215 1200 bis
240 1144 403 1199 verbis
434 1152 589 1199 utens
621 1143 819 1199 Paulus
852 1161 865 1197 :
902 1143 1079 1197 Omnis
1119 1158 1283 1196 sermo
1332 1140 1497 1195 multis
1540 1156 1604 1194 ea:
1632 1155 1722 1193 ore

144 1247 281 1290 vestro
306 1254 403 1291 non
428 1237 691 1309 procedat,
718 1237 809 1290 sed
832 1236 1006 1306 siquis
1030 1236 1192 1289 bonus
1214 1234 1377 1306 (Eph.
1420 1236 1471 1289 ι.
1510 1233 1622 1305 29).
1652 1234 1718 1289 Et

143 1332 243 1399 quis
266 1339 344 1385 est
382 1330 591 1397 malus,
625 1329 771 1385 dicet
815 1328 1049 1399 aliquis?
1096 1327 1153 1384 Si
1204 1327 1402 1382 bonum
1441 1326 1713 1394 didiceris,

144 1430 237 1474 tum
260 1422 414 1476 etiam
445 1420 648 1476 malum
677 1420 843 1482 scies,
883 1434 1009 1475 nam
1039 1420 1107 1474 ad
1133 1419 1533 1474 distinctionem
1576 1419 1717 1474 illius

141 1509 263 1567 hunc
291 1510 484 1580 posuit.
506 1510 637 1580 Quis
665 1526 795 1583 ergo
827 1511 1000 1567 bonus
1024 1510 1116 1577 sit,
1138 1526 1247 1565 non
1277 1511 1378 1567 erit
1402 1525 1540 1582 opus
1568 1520 1622 1564 ut
1649 1524 1714 1565 ex

140 1618 213 1659 me
233 1603 403 1659 discas
432 1622 447 1657 :
492 1604 609 1674 ipse
636 1604 835 1675 quippe
864 1604 1019 1660 nobis
1051 1606 1170 1673 ejus
1198 1613 1441 1658 naturam
1475 1601 1717 1658 declara-

140 1694 217 1747 vit.
246 1693 372 1749 Cum
406 1695 553 1751 enim
598 1695 841 1759 dixisset.
889 1695 953 1751 Si
995 1696 1109 1766 quis
1150 1695 1331 1763 bonus,
1376 1695 1591 1766 adjecit,
1634 1694 1717 1751 Ad

138 1784 497 1852 diﬁc-stionem
519 1784 765 1841 Ecclesia!
783 1785 995 1858 (1554.),
1024 1786 1221 1842 bonum
1248 1802 1372 1841 eum
1388 1802 1510 1842 esse
1528 1797 1712 1843 osten—

140 1876 269 1941 dens,
308 1878 394 1948 qui
424 1878 654 1934 ardificat
696 1878 1020 1949 proximum.
1064 1876 1137 1934 Ut
1182 1879 1343 1950 igitur
1388 1878 1433 1933 is
1462 1878 1550 1948 qui
1579 1878 1712 1933 tedi-

141 1967 273 2033 tieat,
312 1966 484 2023 bonus
509 1977 594 2024 est
636 1969 756 2025 :ita
798 1969 889 2040 qui
924 1967 1173 2037 destruit,
1212 1968 1385 2025 malus
1422 1978 1476 2025 et
1516 1984 1713 2040 pravus

138 2067 220 2111 εει.

196 2148 382 2222 Lingua
403 2153 657 2223 modo
678 2153 973 2209 coercenda.
1002 2185 1072 2196 —
1099 2146 1169 2210 Εἰ
1196 2162 1250 2209 ιιι
1278 2155 1455 2225 igitur,
1472 2153 1695 2211 dilectis-

137 2241 270 2307 sime,
299 2244 343 2297 si
370 2244 589 2314 quidem
616 2246 720 2301 tale
745 2246 872 2317 quid
908 2246 1148 2317 proferre
1187 2249 1381 2317 possis,
1421 2247 1565 2318 quod
1593 2262 1711 2302 mc-

140 2333 297 2389 lioretn
324 2335 553 2391 reddere
584 2339 752 2407 possit
779 2338 1099 2404 auditorem,
1134 2354 1201 2392 ne
1232 2339 1467 2394 retineas
1490 2339 1710 2395 verbum

138 2426 179 2477 iu
204 2434 431 2499 tempore
456 2430 648 2485 salutis
677 2448 689 2483 :
719 2431 860 2501 quod
906 2432 949 2486 si
1001 2431 1129 2486 nihil
1174 2433 1279 2487 tale
1316 2441 1585 2503 suppetat,
1616 2431 1710 2487 sed

138 2532 272 2585 prava
312 2529 517 2577 tantum
546 2531 599 2578 et
634 2532 885 2593 corrupta
917 2524 1101 2587 verba,
1138 2534 1275 2591 tace,
1315 2541 1381 2579 ne
1410 2526 1711 2595 proximum

135 2622 344 2666 accuses.
380 2611 480 2672 Hie
504 2614 650 2668 enim
684 2615 857 2668 malus
877 2624 969 2671 est
987 2629 1189 2679 sermo,
1218 2630 1319 2670 nec
1356 2615 1588 2671 mdificat
1613 2632 1710 2671 au-

133 2698 364 2767 dientem,
392 2703 487 2759 sed
514 2704 797 2760 subvertit.
829 2706 952 2761 Sive
977 2706 1120 2760 enim
1148 2706 1225 2761 illi
1256 2722 1398 2761 curm
1419 2708 1490 2761 sit
1520 2708 1707 2773 virtus,

132 2789 174 2843 in
209 2795 504 2861 superbiam
555 2797 749 2865 saepius
778 2796 999 2852 effertur
1027 2815 1041 2851 :
1082 2798 1197 2854 sive
1238 2798 1309 2854 sit
1340 2799 1579 2869 ignavus,
1611 2814 1709 2854 ne-

129 2881 389 2952 gligentior
408 2885 616 2941 evadit.
658 2886 716 2943 Si
759 2896 911 2958 turpe
950 2888 1255 2958 prolaturus
1283 2889 1357 2943 sis
1385 2889 1608 2943 verbum
1638 2903 1703 2944 ac

127 2973 408 3044 ridiculum,
432 2986 576 3034 tace.
602 2978 735 3034 Nam
776 2988 831 3037 et
855 2980 944 3035 hic
973 2980 1145 3037 malus
1168 2990 1252 3037 est
1286 2996 1491 3050 sermo,
1520 2998 1629 3053 quo
1656 2993 1710 3039 et

128 3062 167 3117 is
191 3065 272 3134 qui
297 3064 445 3133 dicit,
474 3078 532 3124 et
572 3070 618 3125 is
654 3070 743 3141 qui
785 3071 933 3126 audit
970 3071 1280 3127 lasciviores
1308 3072 1623 3142 redduntur,
1654 3084 1710 3129 et

129 3152 172 3206 in
191 3171 497 3229 unoquoque
525 3174 709 3229 prava:
751 3161 986 3217 libidinis
1026 3162 1448 3217 inﬂammantur.
1498 3162 1568 3220 Ut
1612 3164 1708 3235 igi-

131 3255 201 3301 tur
224 3247 349 3319 ignis
366 3252 681 3308 alimentum
708 3253 846 3324 ligna
873 3264 999 3309 sunt
1025 3264 1079 3309 et
1103 3265 1394 3321 sarmenta,
1428 3258 1501 3312 ita
1528 3273 1706 3327 prava:

130 3340 448 3408 cogitationes
477 3344 655 3401 verbis
700 3346 935 3401 aluntur.
975 3346 1179 3404 idcirco
1223 3365 1328 3404 non
1366 3350 1547 3407 omnia
1586 3368 1706 3420 qua:

131 3441 281 3489 mente
306 3451 607 3505 versamus,
640 3440 860 3495 omnino
891 3440 1068 3511 eloqui
1105 3456 1204 3495 nos
1228 3450 1441 3512 oportet
1468 3462 1480 3497 :
1514 3446 1608 3499 sed
1638 3461 1703 3501 ex

130 3521 222 3590 ipsa
250 3538 419 3586 mente
448 3546 643 3601 pravas
680 3532 1001 3603 cupiditates
1028 3550 1349 3606 omnemque
1376 3538 1576 3593 fcedam
1607 3555 1703 3595 co-

128 3616 403 3683 gitationem
430 3624 715 3680 eliminare
754 3626 1077 3681 studendum
1112 3637 1212 3683 est.
1238 3628 1390 3697 Quod
1417 3631 1461 3685 si
1490 3632 1705 3701 quando

128 3708 257 3763 nobis
280 3727 373 3768 nec
401 3716 745 3784 opinantibus
768 3726 952 3788 turpes
993 3718 1307 3789 irrepseriut
1337 3722 1703 3777 ratiocinatio-

128 3813 224 3866 nes,
245 3816 527 3876 numquam
555 3822 648 3863 eas
679 3808 857 3880 lingua
892 3810 1202 3876 efferamus,
1235 3814 1329 3869 sed
1356 3816 1568 3871 silentio
1588 3818 1701 3873 suf-

127 3889 351 3950 focemus.
394 3897 529 3953 Nam
566 3908 622 3954 et
654 3900 845 3956 bellus:
887 3917 951 3957 ac
980 3915 1260 3974 serpentes
1309 3907 1353 3961 si
1389 3910 1601 3978 quando
1647 3912 1700 3965 in

123 3982 291 4043 fus~atn
319 3991 637 4060 inciderint,
683 4003 738 4050 et
766 3995 968 4052 exitum
995 3998 1281 4067 quemdam
1307 4017 1519 4055 sursum
1554 4003 1703 4058 inve-

123 4080 304 4146 nerint,
355 4084 747 4153 ascendentes,
796 4087 1087 4145 ferociores
1134 4082 1399 4157 evadunt;
1458 4094 1599 4163 quod
1654 4097 1699 4151 si

120 4168 341 4229 deorsum
387 4178 658 4233 ceuclusa:
699 4188 959 4250 perpetuo
1003 4185 1314 4249 manserint,
1353 4188 1497 4241 onmi
1539 4188 1699 4244 modo

120 4263 388 4328 perduntur
427 4269 589 4325 facile
615 4278 775 4340 atque
806 4274 1242 4331 exterminantur
1271 4295 1283 4331 :
1318 4280 1395 4334 sic
1443 4280 1695 4337 nimirum

118 4362 157 4405 et
184 4371 345 4423 pravae
379 4363 755 4431 cogitationes,
785 4365 829 4419 si
856 4367 1072 4435 quidem
1104 4369 1339 4439 aliquem
1373 4386 1468 4440 per
1502 4388 1563 4427 os
1600 4389 1697 4429 no-

117 4453 262 4501 strunt
318 4453 520 4507 exitum
587 4456 965 4511 nanciscantur
1065 4459 1373 4515 interiorem
1424 4461 1692 4518 flammam

116 4541 383 4596 accendunt
414 4562 427 4597 :
461 4545 548 4599 sin
576 4554 754 4600 autem
774 4563 881 4603 .eas
911 4564 1011 4619 per
1038 4551 1309 4606 silentium
1340 4555 1691 4621 concluseris,

116 4629 465 4691 imbecilliores
496 4637 650 4701 fiunt,
674 4648 728 4693 et
750 4650 1021 4711 tamquam
1052 4642 1190 4699 fame
1211 4644 1471 4701 confecta:
1498 4662 1593 4717 per
1620 4648 1693 4701 si-

113 4720 331 4791 lentium,
361 4729 614 4783 celeriter
644 4731 695 4784 in
726 4742 907 4789 mente
949 4735 1273 4790 moriuntur.
1309 4738 1491 4807 itaque
1520 4740 1561 4793 si
1587 4756 1689 4811 qua

113 4821 153 4866 te
178 4817 416 4886 cogitatio
449 4820 621 4890 turpis
643 4816 877 4890 invadat',
920 4841 1095 4895 neque
1128 4836 1284 4897 turpe
1313 4829 1533 4883 verbum
1576 4832 1691 4886 elo-

109 4908 285 4973 quaris,
332 4911 495 4965 etiam
539 4913 882 4981 cupiditatem
922 4917 1253 4989 exstingues.
1303 4918 1416 4973 Non
1463 4930 1548 4977 est
1594 4920 1688 4975 tibi

111 5010 241 5053 mens
267 5004 506 5058 munda?
535 5002 735 5067 Saltem
778 5006 1033 5062 mundum
1070 5009 1144 5065 sit
1170 5026 1252 5073 os,
1305 5027 1476 5081 neque
1516 5013 1683 5069 lutum

114 5085 230 5144 foras
254 5092 454 5160 ejicias,
487 5110 557 5150 ne
579 5104 635 5151 ct
669 5097 832 5151 alium
877 5107 934 5153 et
981 5108 1033 5154 te
1073 5100 1246 5170 ipsum
1273 5101 1532 5159 offendas.
1567 5104 1685 5160 Non

114 5179 229 5234 enim
248 5182 317 5237 illi
345 5194 553 5240 tantum
574 5187 663 5256 qui
683 5187 886 5253 dicunt,
918 5190 1012 5244 sed
1035 5193 1195 5247 etiam
1224 5193 1298 5247 illi
1323 5196 1411 5265 qui
1438 5196 1681 5264 audiunt,

116 5271 274 5327 multas
296 5276 622 5332 contrahunt
644 5278 855 5346 sordes,
882 5280 1009 5335 dum
1038 5282 1127 5337 alii
1158 5286 1329 5354 turpia
1369 5286 1679 5356 loquuntur.

112 5357 365 5430 Propterea
390 5368 665 5425 cohortari
697 5378 751 5425 et
791 5374 1076 5428 consulere
1106 5389 1209 5429 non
1242 5376 1452 5444 desino,
1487 5389 1548 5433 ut
1575 5396 1680 5436 non

110 5452 253 5509 solum
277 5461 341 5515 ab
368 5462 633 5532 ejusmodi
662 5464 841 5519 verbis
876 5465 1183 5534 eil‘erendis,
1216 5468 1309 5523 sed
1341 5476 1525 5535 etiam,
1552 5471 1680 5528 dum

110 5546 162 5600 ab
184 5551 289 5607 aliis
308 5556 619 5620 efferuntur,
662 5558 943 5613 audiendis
987 5560 1373 5629 abstineamus,
1403 5573 1456 5619 et
1485 5566 1679 5622 divinae

111 5636 190 5705 irai
216 5656 419 5715 semper
447 5648 649 5703 addicti
679 5649 865 5703 simus.
898 5652 998 5717 Qui
1024 5652 1169 5707 enim
1200 5653 1463 5723 ejusmodi
1494 5657 1672 5723 fuerit,

111 5725 267 5791 hostus
303 5752 332 5791 a
378 5739 639 5812 propheta
684 5740 1049 5812 prxdicatur:
1098 5744 1284 5801 Beatus
1310 5748 1415 5815 vir,
1457 5756 1677 5823 quitum

3330 295 3444 357 210

1841 406 1963 458 abii:
2004 407 2055 461 in
2097 410 2310 464 consilio
2355 410 2649 479 impiorum,
2680 418 2727 464 et
2767 409 2819 464 in
2864 409 2944 464 ria
2973 418 3295 481 peccatorum
3341 427 3444 466 non

1838 507 1992 560 stetit,
2025 509 2073 553 et
2094 501 2147 553 in
2181 500 2426 555 cathedra
2452 501 2753 573 pestilentia
2781 516 2882 555 non
2910 500 3042 555 sedit
3069 515 3089 555 :
3107 502 3197 555 sed
3243 502 3295 555 in
3334 502 3443 574 lege

1838 587 2047 642 Domini
2076 592 2309 646 voluntas
2334 593 2465 661 ejus,
2494 602 2541 646 et
2575 592 2627 647 in
2653 591 2763 663 lege
2786 593 2897 662 ejus
2922 592 3246 647 meditabitur
3276 593 3357 647 die
3382 610 3443 647 ac

1836 692 1977 735 nocte
2003 680 2174 755 (Psal.
2204 682 2331 737 1.1.
2356 682 2438 754 2).
3328 730 3329 733 η

1905 770 1961 825 2.
1993 776 2169 844 Atque
2208 774 2259 827 in
2294 772 2533 843 profanis
2552 772 2769 844 quidem
2800 774 3175 842 conventibus,
3196 775 3301 830 etsi
3339 774 3439 829 ali-

1831 863 1959 932 quid
2002 862 2232 920 fortasse
2259 865 2383 919 boni
2411 865 2701 935 aliquando
2728 866 2947 934 dicitur,
2979 868 3068 923 vix
3099 878 3277 922 tamen
3304 869 3443 923 inter

1832 956 1996 1009 multa
2020 971 2180 1025 prava
2210 974 2372 1011 unum
2396 956 2668 1030 quidpiam
2694 958 2921 1029 probum
2945 958 3183 1030 plerique
3210 959 3441 1029 loquun-

1832 1054 1958 1100 tur:
1990 1047 2117 1103 dum
2162 1036 2554 1104 autemsacraa
2601 1049 2850 1121 leguntur
2893 1049 3223 1121 Scriptum,
3279 1050 3440 1121 plane

1826 1141 2154 1195 contrarium
2178 1141 2390 1196 evenit:
2415 1142 2617 1198 nullum
2640 1156 2947 1197 sermonem
2980 1156 3206 1212 pravum
3226 1142 3437 1209 audies,

1825 1244 2015 1285 omnes
2052 1231 2245 1286 salutis
2290 1247 2354 1286 ac
2404 1232 2757 1303 philosophiae
2810 1231 3195 1303 modestiaeque
3226 1232 3435 1302 plenos,

1824 1319 2125 1390 cujusmodi
2155 1330 2281 1377 sunt
2299 1338 2421 1393 qua:
2446 1322 2709 1379 hodierno
2729 1322 2821 1378 die
2848 1332 2975 1379 sunt
2997 1324 3151 1379 lecta.
3177 1322 3433 1393 Qumnant

1824 1411 1911 1465 illa
1944 1414 2143 1482 porro?
2165 1411 2244 1467 De
2259 1412 2440 1485 quibus
2468 1423 2635 1469 autem
2658 1414 2932 1485 scripsistis
2947 1414 3094 1483 mihi,
3120 1414 3315 1487 inquit,
3344 1415 3431 1471 bo-

1823 1517 1948 1555 num
1972 1512 2046 1557 est
2084 1502 2281 1557 [ceruini
2321 1503 2587 1559 mulierem
2611 1520 2715 1559 non
2761 1514 2967 1577 tangere
2988 1519 3009 1560 :
3032 1492 3239 1576 propter
3265 1507 3429 1579 [orni-

1822 1594 2044 1648 cationes
2071 1604 2242 1650 suam
2286 1595 2628 1665 unusquisque
2668 1611 2816 1650 suam
2858 1612 3075 1650 uxorem
3118 1596 3301 1652 habeat
3321 1635 3339 1663 ,
3386 1606 3435 1651 et

1821 1700 2135 1757 unaquaque
2161 1702 2313 1741 suum
2340 1686 2506 1741 virum
2532 1687 2607 1756 (1.
2653 1684 2777 1743 Cor.
2823 1686 2878 1741 7.
2909 1686 2963 1742 1.
2988 1686 3067 1757 2).
3108 1686 3189 1743 De
3235 1688 3435 1759 nuptiis

1822 1778 1967 1850 leges
1988 1780 2163 1835 sancit
2188 1779 2409 1851 Paulus,
2439 1794 2616 1853 neque
2642 1796 2768 1837 eum
2800 1780 2984 1853 pudet,
3007 1796 3107 1839 nec
3132 1782 3429 1849 erubescit;

1820 1885 1883 1926 ac
1913 1873 2110 1927 merito
2136 1886 2288 1927 sane.
2319 1870 2379 1929 Si
2405 1873 2549 1927 enim
2577 1875 2778 1943 nuptiis
2811 1873 3079 1935 honorem
3104 1873 3297 1930 detulit
3321 1873 3430 1929 Do-

1819 1963 1999 2019 minus
2026 1963 2166 2034 ejus,
2194 1978 2293 2020 nec
2320 1963 2533 2020 illarum
2559 1979 2683 2020 eum
2705 1958 2914 2035 puduit,
2944 1964 3039 2020 sed
3063 1972 3119 2021 et
3144 1966 3434 2036 praemia

1818 2069 1917 2110 sua
1962 2071 2076 2111 rem
2127 2056 2443 2123 exornavit,
2482 2063 2538 2112 et
2588 2071 2812 2112 munere
2853 2055 3165 2127 :siquidem
3208 2072 3431 2112 munera

1818 2150 2046 2205 contulit
2065 2152 2305 2205 omnium
2332 2150 2589 2218 maxima,
2608 2166 2731 2206 cum
2752 2166 2905 2222 aqua:
2930 2160 3179 2206 naturam
3200 2152 3428 2207 mutavit

1820 2243 1874 2298 in
1899 2244 2123 2299 vinum:
2154 2244 2247 2315 qui
2273 2246 2538 2315 potuisset
2566 2244 2765 2314 pudere
2791 2247 3011 2301 servm
3036 2245 3183 2315 leges
3217 2243 3285 2299 de
3330 2260 3431 2301 nu-

1820 2336 1944 2405 ptiis
1973 2334 2156 2391 ferre?
2188 2334 2304 2391 Non
2336 2336 2479 2391 enim
2510 2351 2596 2391 res
2626 2336 2764 2391 mala
2786 2345 2913 2392 sunt
2939 2338 3161 2409 nuptiar,
3186 2336 3282 2393 sed
3310 2352 3429 2392 ma-

1820 2429 1869 2483 la
1918 2444 2005 2485 res
2058 2429 2422 2496 adulterium,
2484 2432 2624 2485 mala
2688 2445 2775 2486 res
2830 2429 3116 2486 fornicatio
3164 2448 3178 2485 :
3228 2431 3430 2501 nuptias

1818 2536 1949 2577 vero
1992 2534 2232 2592 praesens
2284 2530 2411 2577 sunt
2463 2521 2726 2578 adversus
2774 2521 3187 2579 fornicationem
3246 2536 3428 2579 reme-

1816 2614 1987 2669 dium.

1890 2704 2108 2778 Nuptia
2141 2707 2397 2778 quomodo
2439 2705 2773 2761 celebranda.
2806 2703 3072 2761 Invenitur
3106 2706 3163 2761 in
3206 2705 3424 2762 lascivas

1815 2816 2031 2869 pompas
2058 2801 2376 2871 nuptiarum.
2409 2828 2475 2839 —
2498 2798 2576 2854 Ne
2599 2800 2760 2870 igitur
2786 2799 3067 2856 diabolicis
3095 2813 3185 2856 eas
3209 2801 3425 2872 pompis

1814 2887 2237 2944 dehonestemus
2268 2906 2282 2944 :
2307 2888 2403 2944 sed
2424 2888 2568 2961 quod
2594 2888 2793 2944 factum
2830 2899 2915 2945 est
2948 2904 2979 2943 a
3024 2890 3233 2945 civibus
3259 2888 3425 2945 Cana:

1814 2980 2072 3048 Galilaaaa,
2104 2982 2197 3037 flat
2218 2992 2275 3040 et
2302 2982 2371 3038 ab
2396 2983 2462 3039 iis
2493 2982 2584 3053 qui
2610 2998 2751 3037 nunc
2776 2981 2980 3037 ducunt
3006 2996 3239 3053 uxores,
3266 2982 3425 3039 Chri-

1813 3080 1957 3126 stum
1987 3070 2222 3127 habeant
2264 3071 2318 3129 in
2353 3072 2532 3128 medio
2559 3073 2858 3127 sedentem.
2885 3073 3007 3141 Quo
3030 3088 3162 3130 vero
3188 3082 3346 3145 pacto
3370 3074 3424 3129 id

1814 3164 1929 3219 fieri
1962 3172 2159 3234 potest,
2188 3164 2399 3237 inquit?
2440 3165 2544 3221 Per
2572 3165 2720 3235 ipsos
2748 3165 3079 3222 sacerdotes.
3120 3164 3221 3234 Qui
3264 3167 3419 3234 enim,

1812 3254 2003 3325 inquit,
2035 3256 2213 3327 recipit
2239 3272 2347 3322 eos,
2378 3273 2459 3311 me
2500 3257 2677 3327 recipit
2710 3256 2927 3329 (Matth.
2958 3257 3046 3313 10.
3070 3257 3184 3327 40).
3216 3257 3269 3314 Si
3293 3272 3424 3330 ergo

1810 3346 2083 3401 diabolum
2151 3348 2429 3417 abegeris,
2507 3348 2552 3403 si
2600 3348 2937 3403 meretricias
2983 3350 3314 3416 cantilenas,
3364 3360 3425 3405 et

1812 3438 2004 3493 molles
2047 3447 2258 3503 cautus,
2306 3438 2660 3494 immodestas
2701 3440 2965 3508 choreas,
3008 3441 3174 3496 verba
3218 3442 3417 3513 turpia,

1810 3529 2129 3585 diabolicam
2175 3545 2450 3601 pompam,
2496 3531 2808 3597 tumultum,
2861 3531 3030 3587 risum
3076 3532 3327 3599 effusum,
3367 3544 3424 3589 et

1810 3624 2071 3691 reliquam
2128 3624 2509 3695 turpitudinetn
2569 3625 2912 3691 amandaris,
2958 3636 3175 3683 sanctos
3234 3636 3418 3683 autem

1808 3713 2008 3770 Christi
2036 3730 2224 3771 servos
2266 3716 2658 3782 introduxeris,
2688 3714 2937 3772 Christus
2966 3732 3063 3787 per
3092 3720 3237 3788 ipsos
3261 3719 3421 3790 plano

1808 3808 1980 3864 aderit
2022 3824 2145 3863 eum
2175 3817 2349 3864 matre
2390 3824 2485 3864 sua
2517 3817 2572 3863 et
2618 3808 2893 3864 fratribus.
2927 3808 3245 3881 Quicumque
3270 3812 3415 3867 enim

1808 3901 2003 3969 fecerit,
2036 3901 2227 3971 inquit,
2249 3902 2558 3956 voluntatem
2583 3899 2757 3956 Patris
2783 3902 2900 3967 mei,
2928 3902 3038 3971 ipse
3064 3918 3205 3957 meus
3234 3907 3415 3974 frater,

1806 4003 1854 4047 et
1898 4009 2042 4048 soror
2078 4004 2127 4047 et
2170 4004 2330 4049 mater
2370 4003 2443 4050 est
2477 3992 2694 4066 (Matth.
2740 3994 2827 4049 12.
2870 3994 2985 4066 50).
3017 3996 3141 4051 Scio
3164 3997 3415 4067 equidetn

1804 4102 2022 4153 gravem
2065 4085 2382 4155 quibusdam
2424 4094 2480 4141 et
2518 4086 2802 4142 molestum
2833 4086 3004 4143 videri
3041 4103 3159 4158 me,
3190 4089 3317 4145 dum
3345 4092 3414 4147 ad

1807 4180 1923 4233 haec
1945 4195 2040 4234 vos
2065 4179 2273 4243 hortor,
2312 4188 2367 4234 et
2392 4180 2667 4250 antiquam
2716 4194 2903 4235 reseco
2940 4181 3411 4238 consuetudinem.

1803 4271 1943 4326 Nihil
1972 4281 2147 4327 tamen
2175 4272 2314 4326 istud
2336 4287 2497 4337 curo;
2523 4286 2697 4342 neque
2721 4273 2863 4327 cnim
2887 4282 2993 4326 tam
3020 4274 3189 4343 gratia
3207 4282 3409 4340 vestra,

1803 4382 1962 4435 quam
1991 4366 2219 4419 utilitate
2251 4364 2485 4434 indigeo,
2534 4380 2640 4418 non
2672 4365 3017 4433 applausibus
3047 4375 3101 4419 et
3143 4365 3409 4431 laudibus,

1802 4457 1895 4511 sed
1927 4458 2077 4511 lucro
2099 4466 2151 4511 et
2182 4455 2540 4526 philosophia.
2568 4456 2750 4525 Neque
2777 4448 3218 4526 milti'quisquam
3239 4457 3406 4522 dicat,

1800 4548 2133 4602 consuetudo
2154 4556 2237 4601 est
2267 4566 2278 4600 :
2314 4547 2401 4600 ubi
2434 4556 2709 4615 peccatum
2749 4546 3121 4611 committitur,
3146 4547 3255 4601 noli
3278 4562 3411 4602 cou-

1800 4641 2100 4696 suetudinis
2152 4641 2481 4694 mentionem
2524 4639 2739 4704 facere;
2792 4639 2888 4695 sed
2924 4640 2971 4694 si
3010 4641 3227 4710 quidem
3268 4643 3405 4697 maia

1798 4734 1903 4786 sint
1932 4748 2050 4801 qua:
2080 4741 2359 4801 geruntur,
2393 4732 2514 4786 licet
2540 4731 2757 4801 antiqua
2788 4731 2857 4785 sit
2886 4732 3245 4797 consuetudo,
3277 4735 3408 4789 tolle

1798 4824 1943 4878 illam
1978 4844 1989 4875 :
2027 4825 2071 4877 si
2116 4824 2254 4877 mala
2297 4839 2401 4877 non
2446 4824 2571 4889 sint,
2609 4824 2735 4876 licet
2769 4826 3105 4879 consuetudo
3151 4842 3257 4881 non
3297 4828 3397 4894 sit,

1797 4918 2043 4973 introduc
2087 4918 2230 4972 illam
2274 4926 2329 4972 et
2374 4916 2587 4970 invehe.
2632 4915 2899 4971 Czrterum
2960 4920 3234 4989 antiquam
3294 4937 3401 4976 nntt

1797 5009 1962 5065 fuisse
1994 5009 2457 5075 consuetudinem,
2486 5018 2543 5063 ut
2575 5018 2681 5063 tam
2723 5018 2907 5078 turpes
2948 5025 3036 5065 res
3063 5010 3277 5078 flerent,
3306 5015 3399 5069 sed

1793 5106 2059 5158 invectam
2102 5101 2387 5171 quamdam
2437 5100 2604 5155 fuisse
2650 5102 2963 5164 novitatem,
2996 5118 3314 5173 cognosces,
3354 5108 3401 5161 si

1792 5194 2134 5259 recorderis,
2193 5209 2301 5263 quo
2346 5202 2502 5264 pacto
2549 5194 2766 5247 duxerit
2826 5209 3049 5249 uxorem
3098 5194 3399 5253 Rebeccam

1791 5287 1960 5353 isaac,
1984 5304 2090 5359 quo
2117 5294 2275 5358 pacto
2300 5286 2467 5343 Jacob
2493 5286 2806 5343 Racltelem.
2838 5286 2973 5342 Nam
3007 5293 3062 5341 et
3090 5288 3397 5356 nuptiarum

1791 5380 2038 5437 meminit
2066 5380 2275 5434 illarum
2319 5380 2616 5449 Scriptura,
2660 5388 2715 5435 et
2756 5393 2864 5449 quo
2906 5390 3065 5450 pacto
3110 5378 3307 5434 fuerint
3347 5378 3398 5433 in

1790 5473 1933 5529 mdes
1964 5487 2285 5543 sponsorum
2318 5472 2403 5526 ita:
2432 5487 2647 5543 sponsas
2685 5472 2931 5527 deductas
2977 5480 3178 5536 narrat,
3222 5486 3400 5542 neque

1789 5567 1895 5622 tale
1933 5565 2221 5636 quidquam
2261 5545 2678 5632 commemorat;
2708 5565 2803 5621 sed
2843 5565 3149 5621 convivium
3179 5564 3396 5635 quidem

1788 5669 1841 5716 ct
1876 5659 2152 5729 prandium
2184 5659 2343 5713 solito
2368 5658 2972 5725 lautiusinstruxerunt,
2993 5666 3047 5714 et
3069 5660 3398 5729 propinquos

1789 5753 1854 5808 ad
1886 5752 2096 5824 nuptias
2124 5752 2414 5810 invitarunt
2448 5770 2461 5810 :
2498 5754 2639 5813 tibiae
2669 5769 2797 5811 vero
2829 5768 2892 5810 ac
2922 5752 3139 5823 ﬁstulae,
3172 5752 3397 5825 cymba-
