4088 6404
638 319 735 376 ΩΗ
1419 321 1475 376 S.
1516 317 1793 375 .lOANNlS
1828 318 2306 378 CllRYSOS'l'OMl
2346 318 2667 389 ARCUIEP.
2708 315 3249 376 CONSTANTINOP.

639 437 713 504 la,
736 446 790 491 et
821 436 1123 492 temulentze
1161 436 1490 502 saltationes,
1533 448 1597 491 ac
1624 434 1828 506 reliqua
1866 434 2043 489 omnis
2076 431 2233 501 hujus

644 526 899 598 temporis
927 525 1195 597 turpitudo
1237 525 1419 587 procul
1466 525 1671 580 aberat.
1716 515 1785 580 At
1821 531 2016 579 nostra:
2061 522 2235 577 aetatis

644 616 890 672 homines
917 626 971 673 et
999 616 1226 687 hymnos
1258 616 1310 670 in
1351 613 1615 671 Venerem
1660 613 1921 696 saltando‘
1939 622 2158 679 canunt,
2181 621 2238 667 et

646 709 902 767 adulteria
931 708 1123 777 multa,
1150 716 1208 764 et
1236 709 1541 781 nuptiarum
1576 708 1912 772 violatioues,
1937 715 1992 761 et
2019 704 2235 775 illegiti-

644 814 764 856 ruos
788 813 1017 865 amores,
1042 798 1361 870 illicitosqne
1388 799 1558 854 coitus
1577 797 1619 865 ',
1641 808 1693 853 et
1714 796 1813 851 alia
1831 795 2056 866 plurima
2079 795 2236 865 plena

645 890 934 962 impietatis
963 898 1017 945 et
1047 890 1353 961 ignominia:
1396 890 1601 943 cantica
1648 887 1739 941 illo
1782 885 1869 941 die
1912 894 2131 952 canunt,
2182 894 2237 939 et

646 994 767 1053 post
792 982 1104 1037 ebrietatem
1149 996 1214 1036 ac
1262 989 1461 1035 tantam
1505 975 1881 1048 turpitudinem
1911 991 2032 1031 cum
2058 974 2236 1031 verbis

647 1074 916 1131 obscaenis
938 1074 1144 1145 publice
1168 1086 1418 1143 sponsam
1442 1070 1729 1127 deducunt.
1760 1069 1877 1135 Quo
1900 1069 2058 1139 igitur
2084 1076 2238 1137 pacto

648 1165 943 1220 castitatem
972 1162 1041 1217 ab
1088 1163 1175 1217 illa
1221 1161 1411 1231 exigis,
1457 1176 1675 1231 qumso,
1719 1174 1841 1213 cum
1866 1159 1975 1229 jam
2003 1174 2029 1210 a
2062 1158 2238 1227 primo

651 1255 739 1311 die
765 1254 832 1309 ad
866 1262 1065 1308 tantam
1108 1252 1493 1324 impudentiam
1524 1253 1664 1306 illam
1696 1250 1929 1315 erudias;
1958 1259 2011 1304 et
2039 1250 2092 1303 in
2120 1248 2237 1327 ejus

652 1353 937 1416 conspectu
968 1360 1030 1399 ea
1059 1344 1171 1398 ﬁeri
1205 1360 1265 1398 ac
1292 1343 1395 1398 dici
1431 1358 1609 1409 cures,
1638 1356 1757 1412 quae
1784 1355 1956 1412 neque
1995 1338 2074 1394 fas
2110 1340 2181 1393 sit
2207 1354 2238 1394 a

652 1438 832 1508 probis
873 1437 1153 1507 mancipiis
1188 1435 1401 1491 audiri?
1448 1434 1578 1490 Tam
1619 1435 1869 1489 diuturno
1898 1441 2140 1502 tempore
2165 1430 2241 1485 la.

651 1528 859 1584 beravit
893 1538 1061 1597 pater,
1092 1527 1217 1582 dum
1249 1526 1510 1596 vi.ginem
1538 1539 1661 1580 cum
1690 1533 1859 1578 matre
1886 1530 2149 1587 servaret,
2183 1531 2241 1575 nt

652 1634 825 1689 neque
845 1617 1071 1685 diceret,
1116 1633 1289 1687 neque
1327 1617 1593 1673 dicentem
1634 1615 1795 1669 alium
1838 1613 2104 1685 quoddam
2136 1613 2242 1668 tale

653 1711 873 1787 verbum
900 1710 1126 1775 audiret,
1152 1720 1205 1765 ct
1225 1711 1513 1771 conc'aria,
1536 1718 1588 1763 et
1608 1722 1878 1781 gynaecea,
1902 1716 1956 1763 et
1971 1706 2240 1773 custodes,

653 1811 708 1857 et
729 1801 943 1873 januas,
971 1811 1021 1855 et
1053 1810 1253 1865 vectes,
1283 1810 1336 1855 et
1373 1800 1708 1870 vespertinus
1734 1812 2048 1871 progressus
2068 1840 2082 1861 ,
2110 1803 2245 1851 etut

655 1889 878 1954 Ιιοιιὶίιιί.
910 1904 977 1945 ne
997 1890 1412 1959 propinquorum
1444 1890 1656 1960 quidem
1684 1890 1775 1944 ulli
1806 1903 1864 1944 se
1900 1887 2243 1958 spectandam

654 1980 895 2049 oll‘erret,
935 1990 989 2035 et
1027 1981 1128 2034 alia
1158 1981 1343 2047 multa,
1374 1989 1430 2036 et
1469 1982 1551 2035 his
1582 1981 1729 2050 plura
1774 1980 2058 2049 diligenter
2084 1993 2245 2034 accn-

654 2071 825 2134 rabat,
856 2081 910 2127 et
937 2081 990 2127 tu
1027 2073 1247 2127 veniens
1276 2081 1467 2126 cuncta
1498 2072 1585 2127 illa
1626 2086 1732 2125 uno
1769 2070 1857 2126 die
1900 2069 2153 2133 eﬂ'udisti,
2182 2086 2246 2126 ac

657 2177 752 2228 per
781 2163 1116 2217 inhonestam
1149 2163 1291 2217 illam
1331 2178 1577 2233 pompam
1608 2162 1846 2226 elfeciSti,
1880 2170 1937 2216 nt
1965 2161 2247 2229 impudens

656 2254 830 2318 ﬂeret,
858 2263 910 2308 et
936 2253 1095 2308 verba
1140 2253 1425 2325 depravata
1455 2255 1507 2308 in
1537 2269 1745 2323 sponsa:
1789 2254 2019 2307 animam
2049 2251 2245 2307 infudi-

659 2345 761 2398 sti?
787 2344 974 2399 Nonne
998 2345 1120 2400 inde
1138 2361 1257 2415 quae
1284 2354 1577 2415 sequuntur
1599 2346 1733 2399 mala
1754 2345 2112 2414 proveniunt?
2141 2361 2245 2400 non

662 2434 787 2491 inde
830 2434 1088 2489 adulteria
1134 2444 1187 2490 et
1236 2436 1567 2506 zelotypiml
1612 2450 1790 2490 nonne
1840 2434 1964 2491 inde
2019 2435 2244 2490 liliorum

661 2528 934 2591 orbitates,
980 2527 1283 2593 viduitates,
1315 2536 1370 2584 et
1411 2528 1676 2581 immaturi
1726 2536 2003 2597 parentum
2035 2527 2247 2582 obitus?

663 2620 794 2675 Cum
823 2621 965 2675 enim
994 2619 1264 2675 daemones
1303 2621 1547 2674 cantibus
1589 2620 1696 2674 illis
1726 2618 1916 2674 invites
1939 2659 1956 2686 ,
2000 2633 2121 2673 cum
2156 2631 2262 2687 per

660 2713 912 2766 obscmna
940 2710 1100 2766 verba
1120 2710 1461 2780 cupiditatem
1494 2710 1702 2766 illorum
1728 2711 1963 2779 expleas,
1992 2724 2113 2765 cum
2146 2710 2245 2765 mi-

663 2816 782 2855 mos
807 2810 860 2856 et
884 2800 1218 2856 ell'emlnatos
1246 2801 1299 2856 in
1328 2800 1470 2856 aedes
1496 2802 1802 2857 introducas
1830 2809 1882 2856 et
1911 2809 2078 2855 totum
2100 2801 2248 2860 thea-

663 2903 827 2957 trum,
860 2906 978 2947 cum
1001 2892 1367 2948 meretricibus
1393 2892 1609 2947 domum
1630 2891 1921 2962 compleas,
1950 2900 2005 2947 et
2023 2890 2244 2959 efﬁcias,

662 2993 721 3037 ut
750 2990 895 3038 totus
938 2983 1047 3038 illic
1087 2982 1389 3039 dmmonum
1434 2992 1604 3040 castus
1647 2982 1904 3051 lasciviat,
1941 2982 2067 3053 quid
2109 2984 2243 3047 sani,

660 3088 865 3142 quasso,
890 3072 1142 3145 deinceps
1170 3082 1320 3143 potes
1345 3072 1696 3143 exspectare?
1714 3072 1827 3139 Qua
1848 3088 1975 3128 vero
2000 3072 2066 3127 de
2087 3087 2248 3127 causa

663 3174 720 3221 et
770 3165 1073 3219 sacerdotes
1117 3164 1408 3219 introducis
1432 3205 1450 3232 ,
1491 3178 1611 3219 cum
1656 3174 1869 3233 postero
1897 3164 1983 3220 die
2023 3164 2145 3219 talia
2176 3164 2251 3219 sis

665 3258 1102 3327 perpetraturus?
1131 3255 1225 3311 Vis
1253 3255 1695 3327 magnificentiam
1728 3256 2047 3313 fructuosam
2080 3268 2251 3312 osten-

666 3347 819 3403 tare?
850 3347 989 3403 Voca
1037 3363 1329 3418 pauperum
1368 3347 1581 3403 choros.
1630 3347 1735 3403 Sed
1780 3345 2156 3403 verecundaris
2195 3359 2251 3403 ct

664 3438 971 3507 erubescis?
1017 3438 1083 3493 Et
1126 3437 1252 3508 quid
1307 3438 1407 3493 hac
1446 3437 1773 3493 absurditate
1814 3436 1987 3510 pejus,
2033 3452 2156 3495 cum
2196 3439 2248 3493 in

668 3530 812 3586 mdes
840 3529 1109 3585 diabolum
1155 3530 1447 3600 pelliciens,
1482 3530 1608 3584 nihil
1642 3538 1798 3600 turpe
1840 3540 1891 3585 te
1926 3546 2085 3601 agere
2127 3546 2251 3586 cen-

663 3635 808 3689 Scas,
838 3638 957 3677 cum
989 3636 1115 3676 vero
1144 3621 1413 3677 Christum
1441 3621 1753 3677 inducturus
1786 3622 1880 3689 sis,
1927 3621 2250 3677 erubescas?

671 3712 905 3770 Utenim
949 3714 1340 3770 introeuntibus
1379 3715 1699 3786 pauperibus
1725 3714 1939 3771 advenit
1984 3712 2247 3783 Christus,

668 3807 740 3859 ita
767 3821 887 3860 cum
919 3806 1106 3861 molles
1130 3821 1192 3861 ac
1216 3807 1362 3861 mimi
1394 3806 1617 3861 choreas
1659 3807 1766 3861 illic
1796 3806 2013 3872 ducunt,
2041 3807 2251 3862 lascivit

669 3898 723 3951 in
750 3896 925 3950 medio
957 3896 1165 3950 illorum
1196 3896 1454 3951 diabolus.
1488 3900 1657 3967 Atque
1684 3912 1751 3951 ex
1784 3898 1887 3953 illis
1918 3898 2130 3967 quidem
2158 3912 2252 3965 ex-

668 3987 847 4056 pensis
876 3986 1075 4041 nullutn
1122 3987 1348 4047 lucrum.
1392 3987 1485 4042 sed
1528 3998 1581 4043 et
1628 3988 1852 4044 multum
1898 3989 2068 4045 oritur
2096 3988 2251 4043 dam-

668 4091 796 4132 num
825 4095 835 4129 :
866 4092 929 4129 ex
958 4075 1041 4131 his
1056 4088 1229 4132 autem
1259 4079 1557 4147 sumptibus
1587 4080 1802 4132 multam
1832 4080 1935 4132 cito
1952 4078 2251 4134 mercedem

668 4167 983 4235 reportabis.
1014 4169 1170 4238 Atqui
1203 4169 1376 4221 nullus
1406 4183 1586 4222 eorum
1618 4168 1705 4239 qui
1738 4168 1789 4222 in
1818 4169 1950 4223 urbe
1976 4177 2121 4237 sunt,
2151 4168 2253 4225 hoc

668 4260 950 4329 praestitit?
979 4258 1057 4314 Tu
1085 4275 1213 4314 vero
1252 4261 1445 4329 incipe,
1470 4272 1522 4315 et
1565 4261 1830 4330 praeclara:
1862 4262 2007 4317 istius
2035 4276 2253 4319 consue-

670 4348 867 4403 tudinis
892 4359 1079 4403 auctor
1117 4365 1235 4410 esse
1258 4351 1538 4417 contende,
1574 4360 1627 4405 ut
1658 4366 1774 4407 eam
1805 4353 1895 4406 tibi
1924 4354 2121 4423 posteri
2160 4369 2251 4408 ae-

668 4449 874 4510 ceptam
906 4439 1095 4499 ferant.
1127 4442 1277 4506 Quod
1310 4441 1353 4494 si
1383 4442 1661 4499 tumuletur
1691 4442 1899 4510 aliquis,
1922 4452 1977 4496 et
2019 4444 2253 4498 imitetur

669 4532 805 4587 hanc
830 4533 1287 4597 consuetudinem,
1331 4533 1398 4587 ad
1429 4549 1521 4588 eos
1563 4535 1651 4605 qui
1701 4535 2117 4603 interrogabnnt,
2165 4536 2251 4589 di-

666 4639 791 4677 cere
820 4631 1071 4691 poterunt
1098 4632 1342 4691 nepotes,
1370 4639 1432 4678 ac
1473 4634 1721 4693 nepotum
1766 4624 1878 4690 lilii,
1914 4625 2059 4679 illum
2091 4626 2251 4681 talem

669 4714 809 4768 hanc
834 4714 1086 4782 optimam
1109 4714 1279 4784 legem
1307 4715 1534 4783 primum
1565 4715 1850 4777 invexisse.
1890 4715 1947 4769 Si
1985 4716 2125 4770 enim
2156 4731 2253 4771 ex—

668 4806 833 4862 terius
860 4806 911 4858 in
930 4804 1329 4871 certaminibus,
1353 4806 1477 4861 dum
1510 4806 1752 4866 convivia
1783 4805 2138 4872 instruuntur,
2162 4807 2252 4878 qui

666 4897 871 4955 inutilia
903 4895 1001 4955 ista
1024 4912 1241 4957 munera
1272 4897 1481 4966 publica
1516 4898 1773 4966 majorem
1804 4897 1869 4952 ad
1912 4899 2256 4969 magniﬁcen-

669 4990 794 5047 tiam
827 4988 1166 5057 provexerint
1186 5029 1199 5053 ,
1224 5003 1253 5041 a
1284 4988 1436 5058 vulgo
1461 4990 1798 5054 celebrantur
1825 5006 1837 5042 :
1882 4990 2047 5052 multo
2088 4990 2267 5059 magis

668 5084 720 5137 in
752 5082 854 5137 hoc
881 5082 1093 5151 publico
1120 5096 1341 5137 munere
1366 5081 1626 5151 spirituali
1654 5082 1940 5135 laudabunt
1966 5098 2173 5147 omnes,
2199 5094 2255 5138 et

665 5172 891 5243 gratiam
920 5172 1189 5228 habebunt
1210 5173 1277 5237 ei,
1308 5173 1397 5243 qui
1426 5172 1744 5242 principium
1771 5172 1909 5233 istud
1940 5175 2253 5243 praeclarum

668 5265 1041 5331 introduxerit,
1067 5266 1222 5335 eique
1247 5264 1452 5320 laudem
1483 5264 1812 5327 liberalitatis
1843 5266 1943 5321 hoc
1980 5277 2029 5324 et
2058 5270 2255 5329 utilitas

670 5369 775 5411 tetn
808 5359 1061 5427 nequiret.
1092 5356 1223 5419 Nam
1261 5361 1304 5412 si
1335 5371 1387 5412 et
1410 5358 1596 5413 hocab
1620 5358 1740 5414 aliis
1769 5372 2037 5429 peractum
2075 5363 2252 5429 fuerit,

668 5447 763 5502 libi
794 5448 882 5518 qui
909 5448 1110 5518 primus
1137 5448 1339 5504 semina
1366 5449 1537 5519 iecisti
1566 5451 1832 5507 fructuum
1860 5452 2089 5519 illorum,
2117 5471 2256 5510 mer-

668 5539 855 5595 cedem
888 5540 1123 5610 prol‘erct
1154 5558 1168 5595 :
1194 5541 1296 5597 hoc
1318 5552 1372 5597 et
1412 5551 1464 5599 te
1485 5544 1592 5605 cito
1618 5554 1893 5617 parentem
1913 5546 2128 5615 efficiet,
2153 5545 2255 5607 hoc

724 5692 910 5768 illlam,
948 5689 1541 5768 illicitosquc‘coituijafi
1578 5698 1719 5768 piget;
1750 5700 2031 5768 ἀθέσμους),
2062 5705 2243 5758 desunt

664 5758 711 5803 la
751 5753 924 5820 Editis,
951 5754 1039 5805 sed
1068 5753 1311 5808 habentur
1336 5755 1384 5807 in
1412 5753 1600 5808 duobus
1636 5753 1747 5813 Mss.

3819 309 3935 366 Si!

2349 441 2403 487 et
2429 430 2612 487 liberis
2631 431 2826 487 auxilio
2848 430 2974 499 erit,
2993 428 3298 498 efﬁcietque
3318 434 3617 498 utsponsns
3637 437 3758 482 cum
3779 436 3941 492 upon.

2343 537 2402 579 sa
2427 532 2799 583 consenescat.
2826 522 2894 580 Ut
2916 521 3059 577 enim
3092 518 3434 592 peccantibus
3459 516 3765 588 fretptenter
3788 511 3941 568 Deun

2348 616 2702 673 comminatur
2721 614 2907 670 dicens
2927 634 2941 672 :
2965 612 3128 668 Erunt
3153 612 3250 682 ﬁlii
3275 610 3425 666 vestri
3455 608 3659 681 pupilli,
3678 617 3729 662 et
3750 622 3938 662 mra

2343 715 2521 761 vestra
2545 705 2711 759 vidua
2742 701 2937 775 (Exod.
2964 701 3055 756 22.
3079 701 3173 772 26)
3208 720 3221 756 :
3266 702 3345 757 sic
3373 700 3474 755 illis
3498 698 3588 769 qui
3609 697 3665 753 in
3683 696 3940 753 omnibus

2343 795 2443 867 ipsi
2472 796 2725 851 obedinnt
2758 804 2813 851 et
2848 804 3180 852 senectutem
3205 795 3411 851 beatam
3435 802 3489 849 et
3520 791 3697 848 omnia
3722 804 3845 846 cum
3870 802 3939 844 ea

2342 903 2404 943 se
2422 887 2672 943 daturum
2702 889 2840 942 bona
2868 888 3167 958 pollicetur.

2415 979 2469 1035 5.
2496 980 2561 1033 Et
2586 993 2715 1034 vero
2745 978 2965 1034 Paulum
3000 991 3282 1049 possuntus
3308 975 3411 1031 hoc
3435 974 3701 1031 dicentem
3724 969 3939 1039 audire,

2344 1085 2488 1139 sa-pe
2528 1070 2839 1125 immaturas
2876 1079 3076 1125 mortes
3120 1082 3151 1122 a
3199 1066 3543 1123 multitudine
3592 1071 3942 1136 peccatorum

2345 1160 2535 1214 allatas
2564 1169 2703 1215 esse.
2731 1158 2859 1215 Ideo
2880 1160 3047 1224 enim,
3079 1159 3265 1229 inquit,
3296 1158 3427 1212 inter
3446 1172 3531 1211 vos
3554 1155 3702 1209 miti
3721 1154 3937 1224 inﬁrmi,

2346 1262 2393 1308 ει
2415 1252 2686 1307 imbecilles
2705 1293 2720 1319 ,
2753 1262 2801 1307 et
2830 1253 3089 1307 dormitm!
3116 1250 3264 1304 multi
3292 1248 3341 1321 (l
3373 1248 3491 1305 Cor.
3518 1250 3609 1304 Η.
3642 1248 3763 1319 30).
3792 1246 3940 1302 Pau-

2347 1360 2504 1417 peres
2530 1354 2729 1412 autem,
2757 1346 2802 1401 si
2822 1345 3144 1412 nutriantur,
3172 1342 3303 1398 nihil
3333 1342 3551 1398 evenire
3588 1340 3695 1396 tale
3719 1336 3945 1410 pennit-

2349 1444 2481 1502 tere,
2511 1435 2603 1490 sed
2631 1435 2874 1505 quamvis
2898 1433 3228 1504 inopinatum
3247 1431 3371 1502 quid
3401 1429 3621 1497 incidat,
3640 1427 3944 1484 remedium

2350 1526 2471 1581 illos
2500 1525 2758 1582 adhibere
2783 1524 3281 1597 praesentissimum,
3304 1538 3369 1578 ex
3395 1538 3457 1577 ea
3482 1522 3655 1593 puella
3674 1532 3948 1590 cognosce

2349 1631 2470 1688 qua:
2499 1617 2551 1672 in
2576 1616 2746 1689 .loppe
2775 1615 3102 1671 morabatur.
3141 1613 3272 1670 Nam
3302 1623 3357 1668 et
3388 1612 3528 1671 hanc
3552 1621 3819 1667 mortuam
3854 1606 3947 1678 ja-

2350 1721 2561 1763 ccntem
2604 1708 3014 1763 circumstantes
3068 1719 3330 1777 pauperes
3370 1704 3462 1774 qui
3504 1703 3573 1759 ab
3618 1717 3682 1757 ea
3731 1699 3947 1757 nutrie-

2352 1797 2565 1863 bantur,
2582 1806 2635 1853 et
2654 1798 2927 1870 plorantes
2944 1797 3263 1864 excitarunt,
3279 1806 3332 1850 et
3356 1794 3424 1850 ad
3446 1795 3605 1850 vitam
3623 1799 3953 1849 revocarunt

2355 1889 2487 1962 (Act.
2502 1887 2536 1944 9
2573 1888 2641 1944 56
2656 1900 2703 1943 et
2718 1889 2875 1959 sqq.).
2898 1887 3071 1943 Tanto
3087 1886 3362 1941 viduarum
3380 1893 3437 1941 et
3459 1899 3751 1957 pauperum
3767 1881 3953 1937 oratio

2352 1980 2463 2035 risu
2508 1990 2561 2035 et
2596 1979 2793 2035 chorea
2842 1980 2989 2035 omni
3025 1990 3107 2034 est
3130 1979 3336 2035 utilior.
3386 1977 3483 2032 llic
3526 1990 3631 2030 uno
3670 1975 3759 2030 die
3785 1973 3955 2029 durat

2351 2070 2654 2139 delectatio,
2686 2072 2795 2127 illic
2819 2071 3069 2143 perennis
3097 2080 3181 2128 est
3206 2079 3459 2143 quaestus.
3481 2068 3663 2140 Cogita
3685 2075 3952 2137 quantum

2357 2163 2483 2218 illud
2514 2165 2581 2219 sit
2611 2173 2688 2220 tot
2716 2164 3179 2221 benedictionibus
3209 2172 3457 2219 onustam
3478 2174 3730 2233 sponsam
3760 2161 3953 2229 sponsi

2353 2254 2572 2311 domum
2626 2256 2870 2311 introire.
2922 2255 3128 2324 Quibus
3179 2254 3393 2312 eoi-onis
3431 2252 3789 2324 splendidiora
3838 2269 3954 2307 non

2352 2355 2475 2401 sunt
2502 2348 2599 2402 ista
2619 2346 2644 2400 ‘i
2663 2347 2855 2418 quibus
2876 2363 2983 2401 non
2999 2346 3201 2402 divitiis
3230 2344 3483 2403 utilium?
3506 2359 3627 2399 cum
3651 2352 3837 2399 contra
3862 2340 3958 2397 hic

2355 2453 2473 2493 mos
2502 2437 2797 2494 hodiernus
2824 2448 3081 2494 extremae
3104 2438 3175 2493 sit
3192 2436 3497 2493 dementiae.
3521 2434 3773 2504 Quamvis
3800 2436 3957 2489 enim

2356 2545 2456 2585 nec
2484 2545 2641 2601 pinna
2662 2574 2677 2599 ,
2710 2545 2811 2586 nec
2836 2530 3189 2602 supplicium,
3229 2530 3294 2586 iis
3320 2530 3409 2601 qui
3432 2538 3541 2585 tatn
3574 2528 3859 2583 inhoneste
3894 2540 3959 2581 se

2354 2630 2576 2692 gerunt,
2612 2622 2935 2687 immineret,
2982 2622 3156 2692 cogita
3198 2631 3452 2691 quantum
3492 2618 3810 2692 supplicium
3843 2618 3956 2686 sit,

2357 2714 2515 2767 tantis
2538 2711 2836 2768 maledictis
2864 2711 3168 2783 proscindi,
3194 2712 3389 2782 populo
3414 2720 3711 2781 spectante,
3742 2711 3957 2766 cunctis

2354 2806 2711 2872 audientibus,
2737 2806 2804 2861 ab
2831 2805 3136 2861 hominibus
3158 2806 3319 2860 ebriis
3339 2814 3393 2860 et
3415 2813 3594 2861 mente
3619 2803 3953 2875 depravatis.

2354 2896 2487 2953 Nam
2520 2913 2780 2969 pauperes
2804 2897 3019 2970 quidem
3044 2940 3059 2962 ,
3102 2898 3191 2953 ubi
3218 2897 3344 2968 quid
3373 2897 3696 2967 acceperint,
3727 2896 3960 2952 benedi-

2354 2999 2499 3060 cunt,
2537 2990 2738 3045 infinita
2770 2990 2909 3045 bona
2940 2998 3229 3063 precantur
3262 3008 3275 3042 :
3307 2988 3383 3044 illi
3412 3004 3538 3044 vero
3564 2997 3686 3059 post
3722 2989 3962 3044 ebrieta-

2357 3093 2486 3149 tem,
2515 3092 2635 3153 post
2664 3084 3010 3138 voracitatem
3028 3124 3043 3149 ,
3072 3094 3261 3137 omnes
3289 3080 3638 3143 dicteriorum
3665 3079 3860 3136 sordes
3901 3080 3957 3135 in

2358 3190 2547 3230 eorum
2592 3175 2766 3246 capita
2807 3174 3122 3239 elfundunt,
3155 3174 3244 3243 qui
3288 3172 3687 3228 matrimonium
3733 3181 3965 3227 contra-7

2359 3266 2511 3330 bunt,
2543 3276 2599 3321 et
2628 3265 2947 3321 diabolicum
2977 3274 3250 3321 certamen
3294 3264 3433 3318 inter
3468 3278 3529 3319 se
3556 3262 3825 3335 quoddam
3876 3264 3960 3318 in-

2366 3357 2596 3411 stituunt
2626 3375 2639 3411 :
2667 3366 2723 3412 et
2751 3357 2901 3426 quasi
2932 3365 3113 3411 essent
3151 3354 3347 3409 inimici
3378 3354 3466 3424 qui
3496 3355 3843 3418 conveniunt,
3879 3356 3961 3409 sic

2357 3449 2568 3505 illorum
2599 3450 2883 3519 propinqui
2904 3449 3267 3503 ccrtantinter
3295 3462 3355 3502 se
3397 3454 3516 3500 uter
3556 3445 3709 3516 plura
3736 3445 3807 3501 de
3846 3446 3961 3501 illis

2356 3541 2445 3611 qui
2474 3539 2723 3610 conjugio
2754 3539 3091 3609 copulantur,
3123 3536 3279 3592 fanda
3311 3546 3365 3592 et
3395 3536 3621 3595 nefanda
3650 3537 3845 3606 probra
3878 3538 3964 3593 ef-

2357 3634 2545 3699 futiet;
2575 3642 2628 3687 et
2661 3631 3003 3687 adversarios
3044 3631 3356 3685 imitantur:
3387 3637 3545 3698 atque
3582 3627 3697 3683 ha-c
3737 3629 3961 3692 illorum

2357 3726 2496 3781 inter
2540 3740 2598 3781 se
2625 3725 2899 3780 contentio
2946 3722 3145 3788 efﬁcit;
3201 3732 3258 3777 ut
3308 3736 3429 3776 cum
3471 3734 3665 3790 sponsa
3723 3734 3963 3789 sponsus

2357 3831 2568 3872 summo
2600 3818 2800 3886 pudore
2825 3816 3179 3872 suﬂundatur.

2428 3908 2731 3964 Damianum
2758 3909 2980 3980 impulsu
3006 3909 3133 3977 ﬁunt
3159 3907 3250 3962 illa
3278 3907 3471 3961 omnia.
3518 3904 3703 3959 Mimos
3722 3916 3770 3959 et
3794 3905 3963 3960 salta-

2360 4010 2491 4057 tores
2515 4009 2651 4054 arcet
2679 4017 2711 4053 a
2741 4000 2947 4069 nuptiis.
2973 4027 3043 4039 —-
3066 4001 3145 4054 An
3180 4001 3339 4070 igitur
3377 4001 3533 4054 aliam
3554 4041 3571 4067 ,
3599 4014 3783 4071 qumso
3813 4039 3829 4064 ,
3862 3998 3964 4053 de-

2338 4094 2801 4151 monstrationem
2845 4093 3223 4164 requiremus,
3271 4103 3331 4149 ut
3375 4094 3491 4149 lucc
3530 4094 3708 4149 omnia
3738 4092 3809 4148 ab
3854 4094 3964 4148 illis

2360 4186 2475 4242 ﬁeri
2517 4187 2728 4256 dicique
2772 4184 3075 4241 dmmonum
3107 4186 3340 4257 impulsu
3382 4190 3631 4242 constet?
3668 4185 3802 4253 Quis
3827 4201 3964 4256 ergo

2358 4277 2610 4348 deinceps
2658 4278 2923 4347 ambiget,
2970 4281 3096 4348 quin
3131 4278 3246 4333 lucc
3278 4279 3456 4332 omnia
3498 4276 3627 4332 fiant
3660 4277 3729 4331 ab
3755 4277 3863 4331 illis
3894 4292 3963 4332 ac

2358 4372 2623 4438 dicantur,
2666 4371 2995 4427 daemonibus
3034 4371 3240 4424 animas
3280 4385 3466 4424 eorum
3514 4370 3963 4438 impellentibus?

2360 4463 2530 4518 Nemo
2560 4466 2717 4534 plane
2748 4483 2764 4541 ς
2796 4465 3059 4535 siquidem
3087 4464 3349 4534 ejusmodi
3379 4474 3505 4518 sunt
3535 4463 3736 4518 diaboli
3770 4478 3955 4518 remu-

2360 4557 2660 4611 nerationes
2684 4597 2699 4621 ,
2730 4557 3119 4625 cavillationes,
3150 4558 3458 4621 ebrietates,
3491 4566 3545 4613 et
3581 4558 3773 4610 anima:
3820 4555 3959 4610 deli-

2360 4648 2517 4701 rium.
2560 4646 2711 4713 Quod
2759 4648 2803 4701 si
2835 4648 2955 4718 quis
2998 4663 3102 4713 eo,
3153 4647 3296 4718 quod
3320 4647 3508 4702 borum
3550 4646 3667 4702 loco
3689 4661 3959 4717 pauperes

2362 4740 2791 4807 introducuntur,
2824 4744 3003 4797 omine
3031 4742 3386 4805 deterreatur,
3416 4750 3473 4797 et
3500 4740 3820 4799 calamitatis
3849 4741 3954 4795 hoc

2362 4833 2613 4887 indicium
2644 4848 2763 4889 esse
2792 4834 2964 4901 dicat,
2994 4835 3039 4888 is
3066 4834 3168 4889 hoc
3196 4834 3356 4889 etiam
3387 4831 3591 4901 discat,
3624 4846 3730 4886 non
3754 4846 3958 4903 paupe.

2361 4940 2450 4980 res
2487 4938 2551 4979 ac
2586 4924 2771 4979 viduas
2791 4925 2859 4978 ali
2882 4966 2898 4991 ,
2946 4926 3039 4981 sed
3075 4925 3267 4981 molles
3308 4939 3371 4979 ac
3396 4924 3705 4982 meretrices
3728 4964 3745 4989 ,
3776 4923 3959 4977 omnis

2362 5016 2622 5071 molestia:
2646 5025 2805 5086 atque
2831 5017 3235 5071 innumerorum
3258 5031 3377 5071 esse
3405 5013 3666 5069 malorum
3695 5011 3956 5067 indicium

2361 5121 2410 5167 et
2443 5111 2937 5181 portentum.Stcpe
2954 5125 3185 5180 namque
3214 5111 3464 5165 meretrix
3488 5109 3598 5180 jam
3625 5108 3693 5164 ab
3721 5108 3815 5163 illo
3838 5110 3959 5180 ipso

2362 5203 2447 5259 die
2470 5220 2532 5258 ex
2565 5204 2748 5259 amicis
2777 5219 3033 5273 sponsum
3064 5204 3331 5273 captivum
3361 5203 3636 5273 abripiens
3656 5202 3909 5258 discessit
3934 5244 3950 5268 ,

2360 5313 2597 5352 amorem
2626 5312 2749 5368 erga
2771 5312 3022 5367 sponsam
3050 5295 3323 5361 exStinxit,
3366 5294 3793 5350 benevolentiam
3824 5293 3957 5348 sub-

2361 5389 2484 5443 dole
2512 5390 2747 5452 avertit,
2797 5387 3139 5442 dilectionem
3164 5425 3181 5453 ,
3217 5396 3502 5456 antequam
3546 5384 3954 5449 accenderetur,

2361 5480 2637 5544 dissolvit,
2666 5490 2719 5535 et
2758 5479 3004 5535 adulterii
3043 5494 3225 5534 semen
3266 5478 3471 5546 injecit.
3521 5476 3646 5532 limo
3691 5476 3955 5546 pertime-

2363 5587 2515 5628 scere
2541 5580 2717 5640 patres
2743 5571 2999 5641 oportuit,
3028 5569 3128 5625 ctsi
3155 5568 3287 5625 nihil
3309 5566 3450 5622 aliud
3482 5576 3645 5632 esset,
3671 5578 3735 5621 ac
3762 5564 3959 5618 miluos

2363 5675 2419 5721 ct
2466 5665 2747 5720 saltatores
2801 5664 3103 5734 nuptiarum
3157 5663 3398 5733 ingressu
3456 5659 3765 5731 prohibere.
3819 5659 3956 5714 Sunt

2365 5772 2507 5817 enim
2525 5757 2775 5818 mstituta:
2795 5757 3013 5829 nuptisc,
3040 5770 3145 5813 non
3164 5763 3219 5811 ut
3243 5754 3598 5823 lasciviautus,
3622 5766 3721 5809 uec
3740 5760 3798 5807 ut
3818 5765 3954 5808 scor-
