4088 6400
407 331 507 388 'IJI

405 455 489 515 είς
513 447 638 508 τοὺς
669 442 886 513 γάμους
906 455 919 470 °
956 437 1112 494 αὒλοὶ
1131 436 1210 501 δδ,
1259 437 1543 508 σύριγγες,
1589 434 1685 515 καὶ
1712 429 1993 515 κύμϐαλα,

413 512 504 587 καὶ
522 529 592 584 16
626 512 819 596 οίνὼδη
842 533 862 556 ³
884 521 1253 591 σκιρτήματα.
1276 519 1372 572 καὶ
1392 520 1426 588 ὴ
1455 514 1617 586 λοιπὴ
1651 515 1685 586 ὴ
1706 512 1812 596 νῦν
1825 513 1998 582 ἀσχη-

414 613 620 687 μοσύνη
647 595 1061 664 πᾶσαὴποδὼν
1091 599 1180 675 ἦν.
1206 606 1266 657 Ol
1289 603 1345 656 δέ
1376 603 1464 687 ἐφ’
1489 599 1650 672 ἡμῶν
1672 599 1768 687 καὶ
1789 595 2002 687 ῦμνους

412 677 496 760 λίς
515 677 617 766 τὴν
654 690 976 762 ’Δφροδίτην
1000 687 1186 759 ᾅδουσι
1228 683 1569 766 χορεύοντες,
1608 681 1702 735 καὶ
1751 677 2000 766 μοιχείας

413 759 634 842 πολλάς,
660 759 982 843 καλ-γάμων
1011 769 1335 839 διαφθοράς,
1368 769 1464 820 καὶ
1490 765 1702 838 ῐρωτας
1759 759 2003 832 παρανό-

415 877 570 932 μους,
607 859 701 914 καὶ
731 855 908 928 μίξεις
932 852 1226 922 ἀθέσμους,
1251 851 1346 904 καὶ
1377 848 1548 905 πολλά
1565 848 1729 932 ἔτερα
1747 843 2002 932 ἀσεϐείας

413 927 509 1000 καὶ
563 927 825 1012 αἰσχύνης
875 938 1116 1009 γέμοντα
1150 936 1372 1008 ᾅσματα
1405 935 1528 987 κατ’
1563 931 1783 1000 έκείνην
1813 927 2002 1003 ᾅδουσι

411 1029 511 1098 τὴν
541 1025 774 1097 ἡμέραν,
806 1021 902 1076 καὶ
935 1019 1075 1091 μετά
1108 1018 1279 1090 μέθην
1317 1018 1413 1071 καὶ
1451 1015 1722 1084 τοσαύτην
1757 1013 2004 1098 ἀσχημο-

412 1095 592 1179 σύνην
626 1095 693 1161 δι’
741 1103 984 1176 αἰσχρῶν
1041 1103 1307 1174 ῥημάτων
1355 1100 1596 1172 δημοσίᾳ.
1633 1098 1733 1169 τὴν
1781 1095 2003 1179 νύμφην

412 1177 776 1262 πομπεύουσι.
821 1186 947 1250 Πῶς
974 1182 1068 1240 οὖν
1109 1183 1282 1255 αὐτὴν
1332 1185 1589 1247 ἀπαιτεῖς
1620 1177 2000 1262 σωφροσύην,

411 1259 535 1328 εἰπέ
568 1290 678 1344 μοι,
733 1272 814 1334 είς
838 1267 1110 1339 τοσαύτην
1159 1265 1439 1321 ἀναίδειαν
1475 1265 1540 1318 ἐκ
1577 1262 1804 1344 πρώτης
1831 1259 2003 1344 αὐτὴν

413 1342 780 1426 παιδοτριϐῶν
832 1353 932 1422 τῆς
991 1350 1231 1422 ἡμέρας,
1288 1349 1384 1401 καὶ
1438 1342 1881 1426 παρασκευάζων
1915 1343 2002 1394 ἐπ’

412 1439 600 1508 ὕψεσιν
618 1425 797 1505 αὐτῆς
827 1434 921 1488 καὶ
945 1433 1190 1501 γίνεσθαι
1212 1432 1308 1485 καὶ
1331 1428 1588 1500 λέγεσθαι
1613 1427 1805 1491 ταῦτα,
1841 1425 2005 1508 ἀῗμηο

411 1507 471 1574 δὲ
505 1517 815 1580 σπουδαίοις
843 1514 1200 1587 ἀνδραπόδοις
1235 1511 1468 1568 ἀκοῦσαι
1505 1511 1704 1581 θέμις;
1736 1507 2006 1561 Τοσοῦτον

413 1603 608 1676 χρόνον
630 1602 889 1654 ἐπόνεσεν
911 1600 940 1652 6
969 1596 1154 1667 πατὴρ
1173 1595 1313 1667 μετά
1341 1595 1442 1664 τῆς
1483 1592 1699 1676 μητρὸς
1721 1590 2004 1676 φυλάττων

411 1671 514 1756 την
551 1684 841 1756 παρθένον,
870 1680 1015 1734 ὥστε
1045 1681 1187 1750 μήτε
1219 1679 1417 1740 είπεϊν,
1448 1680 1586 1748 μήτε
1615 1675 1808 1746 ἐτέρου
1839 1671 2005 1727 ἀκοῦ-

415 1784 506 1821 σαι
522 1765 773 1836 λέγοντός
788 1763 965 1818 τιτῶν
985 1760 1246 1816 τοιούτων
1269 1759 1554 1832 ῥημάτων,
1579 1759 1674 1813 καὶ
1704 1757 2004 1828 θαλάμους,

414 1851 510 1904 καὶ
530 1845 996 1923 γυναικωνίτιδος.
1035 1845 1130 1898 καὶ
1349 1842 1622 1913 φύλακας,
1684 1841 1780 1894 καὶ
1809 1839 2001 1912 θύρας,

414 1934 511 1989 καὶ
563 1931 818 2008 μοχλοὺς,
867 1929 964 1987 καὶ
989 1929 1090 1992 τὰς
1153 1929 1212 1980 ἐν
1247 1925 1462 1998 ἐσπέρα
1499 1924 1786 2008 προόδους,
1823 1925 1918 2008 καί
1939 1923 2006 2008 16

415 2017 606 2088 μηδενὶ
635 2006 933 2083 φαίνεσθαι
976 2011 1114 2087 μηδὲ
1147 2009 1256 2064 τῶν
1293 2009 1644 2080 ἐπιτηδείων,
1705 2007 1801 2061 καὶ
1836 2006 2006 2060 πολλά

409 2100 577 2173 ῑτερα
597 2098 821 2152 πλείονα
837 2095 1042 2150 τούτων
1057 2093 1610 2166 πραγματευόμενος,
1626 2092 1722 2144 καὶ
1744 2091 1808 2143 σὺ
1827 2092 2006 2144 πάντα

412 2185 599 2239 ἐκεῖνα
656 2183 714 2235 ἐν
777 2180 876 2252 μιᾷ
919 2177 1090 2231 ελθὼν
1141 2175 1360 2247 ἐξέχεας
1406 2174 1610 2246 ἡμέρᾳ,
1651 2173 2007 2244 ἀναίσχυντον

413 2267 584 2336 αὐτὴν
604 2262 1044 2336 παρασκευάζων
1074 2259 1331 2329 γενέσθαι
1366 2257 1454 2311 διὰ
1486 2257 1588 2327 τῆς
1632 2257 1831 2327 ἀτίμου
1861 2272 2006 2326 πομ-

413 2349 524 2417 πῆς
553 2349 790 2418 ἐκείνης,
814 2345 910 2400 καὶ
947 2341 1321 2414 διεφθαρμένα
1348 2342 1572 2412 ῥήματα
1601 2341 1678 2402 είς
1703 2339 1802 2410 τὴν
1826 2339 2007 2409 ψυχὴν

411 2431 647 2497 εἰσάγων
671 2429 768 2500 τῆς
797 2427 1052 2496 νύμφης;
1089 2425 1204 2478 Ούκ
1256 2422 1511 2477 ἐντεῦθεν
1556 2423 1626 2476 τὰ
1662 2421 1799 2492 μετά
1834 2419 2009 2474 ταῦτα

411 2515 593 2578 and;
625 2513 726 2565 ούκ
778 2509 1032 2563 ἐντεῦθεν
1067 2508 1307 2578 μοιχεῖαι
1357 2507 1453 2559 καί
1500 2505 1867 2573 ζηλοτυπίαις
1907 2505 2007 2558 οὐκ

409 2595 663 2654 ἐντεῦθεν
695 2592 946 2648 ἀπαιδίαι
996 2593 1090 2644 καὶ
1119 2594 1339 2661 χηρεῖαι
1389 2590 1483 2642 καί
1512 2589 1772 2660 όρφανίαι
1795 2589 2004 2658 ἀώροις

411 2679 584 2730 Ὅταν
612 2677 723 2747 γὰρ
757 2677 884 2737 τοὺς
915 2674 1179 2743 δαίμονας
1230 2671 1401 2743 καλῇς
1435 2672 1524 2724 διά
1552 2670 1663 2724 τῶν
1697 2671 1960 2742 ᾀσμάτων
1989 2710 2003 2734 ,

409 2763 540 2814 ὅταν
557 2761 655 2829 τὴν
675 2758 901 2812 ἐκείνων
931 2757 1228 2827 ἐπιθυμίαν
1253 2755 1479 2826 πληροῖς
1499 2755 1588 2811 διὰ
1626 2754 1734 2807 τῶν
1764 2753 2006 2825 αίσχρῶν

415 2844 695 2914 ῥημάτων,
728 2843 856 2896 ὅταν
892 2841 1094 2910 μίμους
1129 2838 1226 2892 καλ⁵
1257 2838 1537 2907 μαλακοὺς
1569 2841 1650 2905 είς
1694 2837 1793 2908 τὴν
1825 2837 2005 2890 οίκίαν

411 2926 638 2996 είσάγῃς
671 2925 765 2978 καὶ
795 2923 860 2977 16
893 2923 1118 2992 θέατρον
1151 2919 1321 2984 ἀπαν,
1361 2921 1489 2974 ὅταν
1542 2918 1759 2988 πορνῶν
1789 2918 2006 2989 ἐμπλή-

411 3025 513 3082 σῃς
543 3009 643 3078 τὴν
677 3007 819 3060 οἰκία
835 3024 876 3062 δ.
901 3005 996 3059 καὶ⁵
1023 3005 1133 3057 τῶν
1168 3004 1442 3074 δαιμόνων
1478 3002 1777 3073 ὀλόκληρον
1820 3019 2003 3072 παρα-

409 3091 683 3162 σκευάσῃς
704 3090 823 3142 ἐκεῖ
839 3089 1102 3159 κωμᾶσαι
1135 3086 1227 3139 τὸν
1257 3087 1441 3156 χορὸν,
1475 3084 1527 3139 τί
1559 3086 1867 3156 προσδοκᾷς
1895 3085 2005 3138 λοι-

409 3174 511 3226 πὸν
541 3173 712 3242 ὑγιὲς,
737 3170 858 3224 είπέ
893 3187 1020 3240 μοις
1055 3167 1215 3231 Τίνος
1245 3168 1301 3221 δὲ
1331 3169 1520 3222 ἱνεκεν
1555 3169 1650 3221 καὶ
1684 3169 1866 3239 ἱερέας
1887 3171 2002 3222 είσο

409 3257 584 3324 ἀγεις,
635 3252 845 3324 μέλλων
884 3255 950 3322 τῇ
986 3250 1255 3323 ὑστεραία
1301 3250 1530 3306 τοιαῦτα
1565 3249 1778 3315 τελεῖν,
1814 3251 2002 3306 Βούλει

408 3337 724 3408 φιλοτιμίαν
774 3332 1151 3398 ἐπιδείξασθαι
1200 3333 1393 3404 κέρδος
1447 3333 1715 3404 ἔχουσανς
1757 3333 2004 3388 Κάλεσον

405 3420 602 3491 χοροὺς
620 3420 890 3489 πενήτων.
925 3418 1068 3470 Ἀλλ’
1083 3416 1322 3493 αἰσχύνῃ
1340 3417 1575 3480 πάντως,
1599 3418 1696 3471 καὶ
1718 3417 2000 3488 ἐρυθριᾷς

407 3505 521 3558 Kal
543 3503 595 3555 1l
624 3503 831 3572 ταύτης
861 3502 961 3570 τῆς
987 3500 1213 3568 ἀλογίας
1243 3502 1444 3572 χεῖρον,
1469 3503 1599 3554 ὃταν
1633 3500 1724 3559 τὸν
1761 3501 1858 3572 μέν
1884 3501 2002 3556 διά-

407 3587 566 3640 ϐολον
605 3585 780 3639 ῑλκων
806 3587 886 3649 είς
910 3585 1010 3656 τὴν
1063 3584 1265 3648 οἰκίαν,
1309 3583 1477 3654 μηδὲν
1502 3583 1732 3656 νομίζῃς
1773 3584 2000 3656 αἰσχρὸν

407 3671 605 3736 ποιεῖν,
634 3670 727 3722 τὸν
755 3668 812 3721 δέ
863 3668 1102 3739 Χριστὸν
1136 3667 1350 3738 μέλλων
1381 3667 1650 3734 εἰσάγειν,
1708 3667 1996 3740 ἐρυθριᾷςς

409 3755 622 3824 Ὠσπερ
657 3751 768 3822 γάρ
819 3753 1068 3821 πενήτων
1099 3751 1378 3804 εἰσιόντων
1411 3753 1439 3804 6
1492 3751 1730 3822 Χριστὸς
1759 3743 2000 3823 παραγί-

405 3853 581 3899 νεται,
632 3835 776 3888 οῦτω
812 3833 1071 3904 μαλακῶν
1101 3835 1195 3887 καὶ
1224 3835 1406 3904 μίμων
1455 3834 1575 3886 ἐκεῖ
1608 3833 1944 3904 χορευόντων
1973 3837 2001 3888 ό

405 3917 651 3981 διάϐολος
672 3921 731 3972 έν
756 3916 834 3987 τῷ
865 3917 1017 3986 μέσῳ
1054 3915 1329 3987 κωμάζει.
1365 3916 1477 3969 Καὶ
1505 3916 1614 3969 ἀπὸ
1642 3918 1741 3987 μὲν
1768 3917 1866 3988 τῆς
1903 3917 1998 3971 δα-

406 4003 582 4072 πάνης
610 4000 824 4070 ἐκείνης
845 3998 1038 4069 κέρδος
1065 3999 1240 4063 οὐδὲν,
1273 3999 1408 4052 ἀλλά
1459 4000 1556 4052 καὶ
1586 4000 1756 4070 πολλὴ
1797 4000 1997 4068 γένοιτ’

404 4083 472 4139 ἂν
510 4086 543 4154 ἡ
572 4081 743 4154 βλάϐη
765 4099 777 4113 ·
811 4080 920 4136 ἀπὸ
945 4081 1002 4135 δὲ
1032 4080 1238 4134 τούτων
1268 4081 1377 4135 τῶν
1423 4080 1798 4152 ἀναλωμάτων
1830 4083 1998 4136 πολύν

404 4185 528 4222 τινα
554 4165 699 4237 λήψῃ
725 4166 816 4218 τὸν
842 4164 1034 4235 μισθὸν
1078 4165 1309 4235 ταχέως.
1359 4164 1518 4218 Ἀλλά
1547 4167 1725 4230 οὐδεὶς
1771 4168 1864 4219 ἐπὶ
1897 4168 1997 4237 τῆς

408 4252 616 4313 πόλεως
653 4246 812 4302 τοῦτο
857 4248 1189 4320 είργάσατο;
1235 4247 1396 4301 Ἀλλά
1426 4251 1489 4302 σὺ
1520 4247 1789 4321 κατάρξαι
1825 4251 1997 4304 σπού-

403 4334 567 4388 δασον
600 4332 695 4385 xal
723 4331 967 4404 ἀρχηγὸς
999 4329 1256 4404 γενέσθαι
1294 4331 1393 4401 τῆς
1424 4331 1599 4402 καλῆς
1631 4332 1839 4399 ταύτης
1873 4350 1997 4387 συν-

403 4415 613 4488 ηθείας,
649 4415 737 4468 ἵνα
788 4416 885 4470 καὶ
921 4415 971 4467 οἱ
1021 4415 1161 4484 μετά
1213 4412 1388 4467 ταῦτα
1419 4415 1501 4478 είς
1555 4416 1615 4468 σὲ
1649 4415 1992 4486 ἀναφέρωσι.

404 4502 523 4556 Κᾶν
557 4498 779 4573 ζηλὼδῃ
805 4515 908 4562 τις,
943 4497 1046 4552 κᾶν
1076 4499 1390 4570 μιμήσηται
1416 4497 1576 4552 τοῦτο
1599 4499 1661 4552 τὸ
1689 4499 1830 4564 έθος,
1857 4500 1995 4571 προς

399 4587 528 4647 τοὺς
560 4583 915 4650 ἐξετάζοντας
961 4581 1145 4647 ἕξουσι
1195 4583 1374 4650 λέγειν
1410 4585 1457 4636 οἱ
1486 4582 1701 4651 ἔγγονοι
1729 4584 1821 4636 καὶ
1847 4586 1896 4635 οί
1934 4584 1995 4649 ἐξ

401 4669 664 4739 ἐγγόνων,
694 4669 776 4723 ὅτι
809 4665 866 4720 ’0
885 4667 1030 4721 δεῖνα
1055 4669 1147 4720 τὸν
1180 4664 1344 4718 καλὸν
1367 4664 1558 4718 τοῦτον
1583 4665 1748 4735 νόμον
1774 4665 1994 4736 πρῶτος

399 4754 716 4823 εἰσήγαγεν.
749 4749 814 4802 El
869 4748 977 4818 γάρ
1022 4748 1118 4800 ἐπὶ
1149 4747 1256 4823 τῶν
1286 4747 1488 4813 ἔξωθεν
1518 4747 1765 4815 ἀγώνων,
1794 4750 1852 4801 ἐν
1879 4751 1994 4813 τοῖς

403 4818 750 4904 συμποσίοις,
781 4832 831 4884 οί
863 4831 1000 4900 πρὸς
1026 4831 1088 4884 16
1131 4818 1545 4902 φίλοτιμότερον
1571 4831 1670 4893 16;
1695 4832 1991 4902 ἀνονήτους

400 4917 602 4981 ταύτας
625 4915 969 4984 λειτουργίας
986 4913 1294 4986 ἐξάγοντες,
1321 4914 1473 4984 παρά
1507 4913 1717 4966 πολλῶν
1752 4913 1986 4984 ᾅδονται·

402 4999 585 5069 πολλῷ
621 4997 821 5069 μᾶλλον
855 4997 949 5049 ἐπὶ
974 4996 1069 5066 τῆς
1099 4997 1444 5068 λειτουργίας
1477 4996 1577 5066 τῆς
1609 4998 1991 5068 πνευματικῆς

401 5084 643 5152 ἀπαντες
687 5079 1086 5141 ἐπαινέσονται,
1136 5080 1228 5134 καὶ
1273 5081 1434 5152 χάριν
1475 5079 1874 5150 ὁμολογήσουσι
1911 5081 1990 5152 τῷ

401 5166 606 5236 πρώτῳ
655 5163 753 5234 τὴν
795 5163 1117 5235 θαυμαστὴν
1166 5165 1374 5235 ταύτην
1401 5165 1578 5235 ἀρχὴν
1613 5165 1987 5233 είσαγαγόντι,

397 5254 497 5306 καὶ
525 5251 679 5304 έσται
700 5249 760 5302 τὸ
788 5247 921 5301 αὐτὸ
943 5249 1035 5300 καὶ
1069 5247 1360 5314 φιλοτιμία
1390 5248 1484 5301 καὶ
1511 5249 1721 5318 κέρδος.
1743 5249 1854 5303 Kal
1880 5249 1989 5320 γάρ

397 5335 488 5402 ὑφ’
513 5334 719 5406 ἐτέρων
743 5331 901 5384 τοῦτο
930 5330 1386 5401 κατορθούμενον,
1415 5333 1519 5394 σοὶ,
1545 5331 1624 5401 τῷ
1655 5331 1857 5403 πρώτῳ
1889 5351 1990 5402 φυ-

395 5417 738 5488 τευσαμένῳ,
767 5415 876 5470 τῶν
907 5415 1137 5485 καρπῶν
1163 5416 1388 5469 ἐκείνων
1417 5415 1555 5469 οίσει
1585 5416 1684 5486 τὴν
1707 5417 1946 5488 ἀμοιϐήν
1971 5435 1984 5448 ο

394 5500 556 5556 τοῦτό
580 5517 639 5554 σε
665 5501 760 5554 καὶ
793 5498 1006 5570 πατέρα
1039 5499 1256 5570 ποιήσει
1285 5499 1518 5570 ταχέως,
1549 5500 1709 5554 τοῦτο
1751 5502 1844 5554 καὶ
1880 5501 1987 5555 τῶν

391 5579 730 5652 τικτομένων
759 5581 1146 5651 προστήσεται,
1200 5580 1296 5634 καὶ
1323 5580 1416 5633 τὸν
1445 5581 1678 5651 νυμφίον
1699 5585 1766 5654 τῇ
1799 5583 1984 5654 νύμφη
2031 5613 2066 5645 μ

458 5704 810 5769 σείονοιιοιὶ
856 5713 910 5758 ει
949 5706 1120 5758 Iord.
1171 5707 1336 5761 ﬂonlf.
1364 5709 1537 5761 vlliosc
1583 5707 1785 5769 οἶμώδη.
1830 5707 1979 5759 Sui].

392 5777 446 5824 ει
468 5769 576 5821 cod.
599 5768 695 5820 768
714 5769 887 5829 ὀνώδη.
908 5769 1039 5820 Ενῐτ.

1130 326 1201 382 IN
1239 324 1476 391 ILLUD,
1519 319 1840 380 PROPTER
1871 311 2434 375 FORNICA'NONES
2490 311 2802 384 CLEOREH,
2840 312 2995 372 ETC.
3021 309 3077 372 1.

3583 303 3698 364 Ili

2103 431 2598 505 συγκαταγηράσαι
2641 429 3083 504 παρασκευάσει.
3141 426 3356 501 Ὥσπερ
3411 423 3522 501 γάρ
3577 431 3697 496 τοῖς

2101 520 2510 592 ἁμαρτάνουσιν
2559 519 2777 574 ἀπειλεῖ
2813 515 3055 590 συνεχῶς
3102 518 3132 570 6
3163 515 3322 584 Θεδς,
3369 516 3565 586 λέγων,
3607 516 3695 572 δτι

2104 607 2393 661 Ἔσονται
2421 609 2476 661 οί
2501 607 2618 662 υίοί
2652 605 2820 676 ὑμῶν
2872 603 3147 675 ὀρφανοί.
3176 603 3277 660 καί
3309 607 3371 660 σί
3414 604 3698 675 γυναῖκες

2101 690 2272 764 ὑμῶν
2295 692 2504 762 χῆραι·
2548 693 2692 748 οὕτω
2719 695 2816 749 καὶ
2853 696 2966 758 τοῖς
2993 694 3054 747 ἐν
3073 692 3292 748 ’ἀιεασιν
3328 691 3482 764 αὐτῷ
3506 691 3695 748 πειθο-

2105 781 2288 851 μένοις
2341 782 2438 836 καὶ
2469 783 2650 855 γῆρας
2683 781 2916 855 λιπαρὸν
2965 781 3063 837 καὶ
3101 782 3284 838 πάντα
3310 781 3452 854 μετά
3483 780 3694 836 τούτων

2101 870 2301 926 δώσειν
2329 873 2674 944 ὑπισχνεῖται
2703 872 2772 926 τά
2798 871 2977 941 ἀγαθά

2176 973 2394 1042 γ’.⁶Καὶ
2417 973 2632 1027 Παύλου
2661 973 2719 1027 δέ
2759 971 2908 1028 ιστιν
2944 970 3180 1027 ἀκοῦσαι
3208 969 3371 1026 τοῦτο
3411 969 3693 1039 λέγοντος,

2104 1058 2188 1115 δτι
2219 1061 2488 1125 θανάτους
2512 1060 2728 1134 ἀώρους
2753 1060 3013 1126 πολλάκις
3031 1059 3452 1134 ἀμαρτημάτων
3471 1056 3698 1130 ἐποίησε

2105 1150 2330 1222 πλῆθος.
2361 1151 2465 1206 Διὰ
2492 1151 2671 1206 τοῦτο
2686 1150 2816 1224 γάρ,
2836 1149 3024 1221 φησὶν,
3039 1147 3266 1219 ένύμῒν
3285 1145 3506 1204 πολλοὶ
3525 1145 3700 1202 6008-

2103 1239 2231 1306 γεῖς
2263 1240 2368 1294 καί
2400 1239 2717 1309 ἇρῤωστοι,
2739 1239 2841 1295 καί
2873 1236 3195 1310 κοιμῶνται
3224 1236 3442 1292 ἱκανοί.
3475 1236 3600 1288 ’Ότι
3636 1233 3699 1289 δὲ

2105 1328 2338 1400 πένητες
2354 1328 2682 1400 τρεφόμενοι
2702 1329 2855 1383 οὐδέν
2877 1325 3120 1382 τοιοῦτον
3139 1327 3333 1395 ἀφιάσι
3369 1310 3696 1396 συμπεσέῖν,

2105 1418 2264 1485 ἀλλά,
2292 1418 2394 1474 κᾶν
2410 1417 2634 1492 γένηταί
2653 1436 2707 1472 τι
2730 1418 2840 1472 τῶν
2864 1418 3165 1490 ἀδοκήτων,
3182 1415 3448 1486 ταχίστην
3464 1413 3702 1483 ἐπάγου-

2107 1523 2191 1560 σιν
2212 1505 2362 1580 [197]
2383 1505 2550 1562 αὑτοῦ
2567 1507 2666 1578 τὴν
2681 1506 2989 1579 διόρθωσιν,
3011 1505 3121 1560 ἀπὺ
3139 1505 3240 1576 τῆς
3257 1504 3429 1574 κόρης
3456 1501 3696 1574 μάνθανε

2103 1595 2205 1665 τῆς
2228 1597 2286 1648 ἐν
2315 1596 2527 1667 Ἰόππῃ.
2556 1595 2666 1650 Kal
2691 1595 2803 1666 γάρ
2825 1593 3031 1665 ταύτην
3051 1591 3184 1646 ποτέ
3211 1591 3416 1664 νεκρὰν
3438 1589 3700 1660 κειμένην

2107 1683 2467 1756 περιστάντες
2502 1684 2553 1736 0l
2587 1682 2911 1755 τρεφόμενοι
2934 1681 3167 1750 πένητες
3196 1679 3292 1732 καὶ
3322 1676 3699 1751 δακρύσαντες

2105 1769 2441 1842 ἀνέστησαν,
2496 1769 2592 1824 καὶ
2626 1770 2762 1841 πρὸς
2811 1767 2957 1838 ζωὴν
2996 1769 3368 1839 ἐπανήγαγον.
3425 1761 3698 1820 Τοσοῦτον

2105 1857 2242 1928 εὐχὴ
2267 1857 2452 1931 χηρῶν
2482 1862 2576 1911 καὶ
2599 1858 2848 1930 πενήτων
2864 1856 3100 1926 γέλωτος
3123 1855 3326 1919 παντὸς
3357 1854 3456 1908 καὶ
3479 1851 3702 1925 χορείας

2107 1944 2226 1998 ἐστὶ
2273 1944 2689 2017 χρησιμωτέρα.
2735 1943 3006 2000 Ἐνταῦθα
3058 1944 3197 2016 πρὸς
3241 1940 3369 2014 μίαν
3418 1941 3636 2013 ἡμέραν
3663 1938 3700 2010 η

2105 2031 2322 2104 τέρψις,
2356 2034 2476 2086 ἐκεῖ
2504 2032 2753 2104 διηνεκὲς
2801 2033 2866 2087 16
2911 2032 3121 2103 κέρδος.
3173 2030 3460 2102 Ἐννόησον
3511 2026 3701 2099 ἡλίκον

2108 2121 2226 2173 ἐστὶ
2271 2119 2540 2183 τοσαύτας
2575 2120 2670 2174 ἐπὶ
2705 2120 2808 2191 τῆς
2857 2117 3101 2189 κεφαλῆς
3133 2117 3387 2187 εὐλογίας
3421 2113 3702 2170 λαϐοῦσαν

2108 2207 2206 2279 τὴν
2238 2208 2484 2280 νύμφην,
2521 2211 2602 2272 είς
2632 2210 2732 2281 τὴν
2775 2209 2956 2264 οίκίαν
3003 2207 3235 2262 είσιέναι
3287 2203 3383 2261 τοῦ
3435 2205 3697 2277 νυμφίου.

2109 2297 2297 2350 Πόσων
2332 2296 2612 2366 στεφάνων
2636 2296 2812 2349 ταῦτα
2859 2296 3195 2366 σεμνότερας
3225 2294 3394 2349 πόσου
3423 2293 3703 2365 χρησιμώ-

2106 2399 2240 2453 τερα
2274 2382 2544 2445 πλούτου;
2576 2383 2654 2447 ώς
2685 2383 2755 2437 τά
2787 2399 2852 2452 γε
2889 2382 2985 2436 νῦν
3017 2381 3280 2453 γινόμενα
3326 2381 3564 2452 ἐσχάτης
3594 2398 3700 2434 πα-

2111 2469 2415 2543 ραπληξίας
2462 2470 2558 2523 καὶ
2608 2469 3040 2541 παραφροσυνης
3097 2469 3267 2524 ἐστίν.
3313 2469 3376 2521 El
3423 2467 3534 2538 γάρ
3563 2467 3701 2538 μηδὲ

2107 2558 2350 2622 κόλασις,
2386 2556 2520 2628 μηδέ
2545 2557 2790 2628 τιμωρία
2841 2573 2928 2620 τις
2981 2555 3161 2610 ἔκειτο
3197 2557 3310 2619 τοῖς
3356 2553 3427 2609 τά
3471 2555 3701 2610 τοιαῦτα

2105 2644 2530 2716 ἀσχημονοῦσιν,
2578 2644 2831 2716 ἐννόησον
2861 2645 2994 2714 ὅσης
3035 2643 3155 2698 ἐστὶ
3181 2643 3475 2714 τιμωρίας,
3508 2643 3702 2714 ἀνέχε-

2109 2734 2234 2787 σθαι
2283 2733 2582 2796 τοσαύταις
2638 2731 3006 2803 πλυνομένους
3061 2729 3385 2803 λοιδορίαις,
3439 2730 3698 2804 δημοσίᾳ,

2107 2822 2327 2875 πάντων
2373 2821 2703 2883 ἀκουόντων,
2741 2818 2848 2873 ὑπὸ
2896 2819 3204 2892 ἀνθρώπων
3245 2819 3556 2892 μεθυόντων
3604 2819 3702 2874 καὶ

2104 2907 2520 2980 διεφθαρμένων
2558 2909 2650 2962 16v
2677 2907 2823 2962 νοῦν.
2851 2909 2914 2961 Ol
2946 2909 3044 2977 μὲν
3070 2907 3181 2979 γάρ
3221 2909 3452 2979 πένητες
3485 2906 3702 2978 λαμϐάο

2105 3012 2289 3060 νοντες
2322 2996 2633 3065 εύλογοῦσι,
2668 2995 2840 3066 μυρία
2865 2995 3304 3065 συνεύχονταιτά
3337 2994 3696 3063 ἀγαθάοέκετ-

2104 3104 2186 3140 νοι
2223 3085 2281 3138 δὲ
2312 3085 2454 3154 μετὰ
2479 3084 2580 3154 τὴν
2627 3082 2822 3153 μέθην,
2859 3081 2998 3152 μετά
3027 3081 3127 3155 τὴν
3156 3081 3489 3154 ἀδηφαγίαν,
3521 3083 3702 3140 πάντα

2106 3171 2368 3244 βόρϐορον
2442 3169 2762 3240 κωμμάτων
2794 3168 2936 3223 κατά
2968 3167 3069 3238 τῆς
3101 3168 3211 3222 τῶν
3240 3169 3565 3241 γαμούντων
3605 3190 3704 3227 κα-

2103 3262 2360 3333 ταχέουσι
2388 3261 2653 3330 κεφαλῆς,
2686 3259 2919 3330 ἀμιλλάν
2946 3276 3070 3313 τινα
3094 3258 3410 3333 διαϐολικὴν
3445 3261 3584 3334 πρὸς
3612 3264 3705 3318 ἀλ.

2101 3348 2299 3420 λήλους
2353 3349 2593 3418 ἔχοντες·
2646 3349 2742 3403 καὶ
2797 3346 3052 3419 καθάπερ
3119 3346 3328 3419 ἐχθρῶν
3374 3347 3548 3402 δντων
3586 3348 3701 3404 τῶν

2105 3441 2417 3504 συνιόντων,
2443 3435 2615 3500 οὕτως
2638 3435 2688 3488 οί
2728 3436 3105 3505 προσήκοντες
3138 3436 3326 3500 αὐτοῖς
3347 3436 3699 3508 φιλοτιμοῦνο

2100 3543 2192 3580 ται
2223 3525 2364 3598 πρὸς
2393 3524 2680 3596 ἀλλήλους,
2737 3525 2795 3577 ἐν
2819 3523 2898 3594 τῷ
2927 3523 3069 3595 ρητά
3115 3524 3210 3578 καὶ
3249 3524 3468 3596 ἄρρητα
3514 3525 3701 3594 λέγειν

2099 3613 2281 3685 ὀνείδη
2315 3611 2568 3684 περὶτῶν
2597 3613 2918 3684 γημάντων,
2959 3611 3202 3682 μιμῆσαι
3253 3614 3379 3676 τοὺς
3408 3614 3697 3668 ἀντιτετα-

2101 3702 2358 3773 γμένους·
2389 3703 2484 3754 καὶ
2510 3703 2544 3773 η
2563 3701 2700 3772 πρὸς
2729 3700 2999 3771 ἀλλήλους
3014 3699 3223 3754 τούτων
3249 3700 3552 3769 φιλονεικία
3575 3704 3698 3773 μεθ’

2101 3789 2410 3862 ὑπερϐολῆς
2458 3788 2678 3859 ἀπάσης
2730 3788 2824 3842 τὸν
2869 3787 3105 3859 νυμφίον
3155 3787 3294 3860 μετά
3343 3789 3443 3860 τῆς
3477 3790 3698 3863 νύμφης

2101 3879 2560 3950 καταισχύνεσθαι
2583 3879 3022 3950 παρασκευάζει.

2169 3981 2298 4056 Ἃρ*
2345 3981 2440 4039 οὖν
2484 3985 2681 4057 ἑτέραν
2720 3982 3037 4056 ζητήσομεν
3083 3981 3378 4051 ἀπόδειξιν,
3423 3986 3546 4040 εἰπέ
3577 4004 3694 4056 μοι,

2098 4075 2208 4134 τῶν
2256 4077 2531 4147 δαιμόνων
2576 4075 2876 4130 κινούντων
2906 4075 3004 4138 16;
3039 4075 3265 4129 ἐκείνων
3293 4075 3474 4147 ψυχὰς
3522 4077 3697 4133 ταῦτα

2099 4171 2195 4224 καὶ
2225 4170 2470 4240 γίνεσθαι
2503 4169 2600 4223 καὶ
2632 4167 2892 4237 λέγεσθαι
2924 4168 3053 4239 παρ’
3085 4167 3300 4233 αύτῶν;
3326 4169 3423 4231 Τίς
3446 4165 3540 4222 οὖν
3582 4169 3695 4239 ἀμο

2100 4263 2429 4334 φισϐητήσει
2460 4263 2670 4328 λοιπὸν,
2699 4263 2782 4317 ὅτι
2798 4261 3069 4332 δαιμόνων
3101 4260 3396 4315 κινούντων
3425 4261 3522 4325 τάς
3549 4261 3697 4314 ἐκεί-

2097 4375 2205 4411 νων
2224 4357 2404 4427 ψυχάς
2424 4357 2518 4410 καὶ
2549 4356 2775 4425 λέγεται
2797 4354 2971 4408 ταῦτα
3001 4353 3180 4406 πάντα
3205 4353 3301 4406 καὶ
3331 4353 3544 4420 γίνεται
3563 4353 3693 4426 παρ’

2096 4450 2350 4514 ἐκείνων;
2381 4449 2495 4502 Οὐκ
2523 4449 2672 4502 έστιν
2695 4447 2896 4510 οὐδείς·
2931 4446 3027 4499 καὶ
3056 4445 3167 4520 γάρ
3184 4442 3433 4498 τοιαῦται
3454 4445 3550 4498 τοῦ
3573 4446 3693 4499 δια-

2095 4542 2254 4596 ϐόλου
2282 4543 2339 4596 al
2371 4541 2690 4606 ἀντιδόσεις,
2721 4540 3002 4612 λοιδορίαι,
3041 4543 3136 4594 καὶ
3167 4540 3351 4610 μέθαι,
3385 4541 3480 4594 καὶ
3514 4558 3694 4614 παρα-

2096 4633 2341 4706 φροσύνη
2360 4634 2562 4704 ψυχῆς.
2594 4634 2658 4686 Εί
2682 4633 2739 4686 δέ
2761 4650 2843 4696 τις
2867 4632 3172 4696 οίωνέζοιτο
3206 4633 3266 4685 16
3291 4631 3533 4702 πένητας
3571 4631 3694 4686 ἀντὶ

2093 4726 2299 4780 τούτων
2329 4724 2667 4795 εἰσάγεσθαι,
2697 4725 2792 4780 καὶ
2809 4725 3098 4796 συμφορᾶς
3111 4724 3261 4792 λέγοι
3282 4720 3422 4778 εἶναι
3446 4723 3692 4796 σύμϐολα

2093 4819 2288 4882 ταῦτα,
2324 4818 2545 4888 μαθέτω
2577 4817 2673 4870 καὶ
2703 4817 2883 4880 τοῦτο,
2913 4817 2996 4869 ὃτι
3037 4817 3099 4869 ού
3134 4817 3194 4869 16
3226 4816 3466 4886 πένητας
3494 4816 3691 4888 τρέφε-

2093 4909 2220 4963 σθαι
2254 4908 2346 4962 καὶ
2375 4911 2569 4978 χήρας,
2598 4906 2738 4961 ἀλλά
2764 4907 2824 4962 16
2844 4907 3122 4977 μαλακοὺς
3163 4906 3256 4960 καὶ
3286 4906 3512 4978 πόρνας,
3530 4907 3692 4962 τοῦτο

2090 5002 2311 5072 ἀπάσης
2356 5001 2550 5070 ἀηδίας
2584 5002 2680 5053 καὶ
2733 4999 2945 5071 μυρίων
2991 5002 3109 5055 ἐστὶ
3169 4998 3445 5070 σύμϐολον
3476 5001 3687 5054 κακῶν.

2091 5094 2362 5155 Πολλάκις
2409 5093 2513 5164 γάρ
2549 5092 2642 5144 ἀπ’
2677 5091 2850 5160 αὐτῆς
2887 5090 2990 5160 τῆς
3035 5091 3252 5162 ἡμέρας
3276 5093 3340 5144 ἐκ
3378 5093 3486 5144 τῶν
3518 5093 3689 5162 φίλων

2088 5187 2180 5240 τὸν
2212 5185 2446 5257 νυμφίον
2481 5181 2832 5253 αἰχμάλωτον
2865 5179 3108 5234 λαϐοῦσα
3139 5180 3385 5250 ἀπῆλθεν
3416 5183 3449 5251 ἡ
3489 5181 3686 5252 πόρνη,

2091 5281 2186 5334 καὶ
2219 5279 2309 5332 τὸν
2336 5277 2513 5348 ἔρωτα
2538 5276 2626 5328 τὸν
2662 5274 2798 5345 πρὸς
2826 5273 2925 5344 τὴν
2956 5272 3178 5344 νύμφην
3212 5273 3426 5337 ἔσϐεσε,
3462 5274 3555 5325 καὶ
3587 5273 3688 5343 τὴν

2090 5371 2306 5425 εῦνοιαν
2327 5369 2592 5439 ὑπέσυρε,
2623 5369 2720 5421 καὶ
2753 5367 2854 5437 τὴν
2879 5366 3123 5434 ἀγάπην,
3180 5365 3310 5436 πρὶν
3359 5363 3687 5434 ἐξαφθῆναι,

2089 5464 2375 5530 κατέλυσε,
2406 5464 2500 5516 καὶ
2533 5461 2778 5534 μοιχείας
2806 5459 3144 5538 ἐγκατέϐαλε
3168 5457 3482 5528 σπέρματα.
3503 5457 3688 5510 Ταῦτα

2089 5558 2386 5612 δεδοικέναι
2418 5557 2546 5620 τοὺς
2573 5555 2816 5628 πατέρας
2840 5537 3027 5626 ἐχρῆν,
3065 5554 3114 5606 εί
3143 5551 3237 5606 καὶ
3273 5551 3444 5622 μηδὲν
3476 5551 3686 5621 ἕτερον,

2089 5651 2183 5705 καὶ
2219 5649 2450 5706 κωλύειν
2481 5649 2592 5702 τῶν
2631 5651 2814 5721 μίμων
2849 5649 2944 5702 καὶ
2971 5647 3082 5701 τῶν
3106 5645 3460 5719 ὀρχουμένων
3477 5643 3578 5709 τὰς
3605 5646 3688 5709 είς

2088 5749 2214 5813 τους
2237 5747 2450 5819 γάμους
2478 5745 2803 5818 παρουσίας.
2844 5743 3027 5815 Γάμος
3043 5741 3174 5815 γὰρ,
3201 5740 3301 5812 οὐχ
3333 5740 3420 5794 ἴνα
3437 5736 3685 5808 6111;33-
