  <div class='ocr_page' id='page_1' title='image "/cluster/home/n/w/nwhite01/storage/ocr_20150623/51/ien.35556001660786/219.png"; bbox 0 0 4088 6400; ppageno 0'>
   <div class='ocr_carea' id='block_1_1' title="bbox 550 278 659 336">
    <p class='ocr_par' dir='ltr' id='par_1_1' title="bbox 550 278 659 336">
     <span class='ocr_line' id='line_1_1' title="bbox 550 278 659 336; baseline 0.009 -1"><span class='ocrx_word' id='word_1_1' title='bbox 550 278 659 336; x_wconf 62' lang='grc'><strong>115</strong></span> 
     </span>
    </p>
   </div>
   <div class='ocr_carea' id='block_1_2' title="bbox 554 386 2145 455">
    <p class='ocr_par' dir='ltr' id='par_1_2' title="bbox 554 386 2145 455">
     <span class='ocr_line' id='line_1_2' title="bbox 554 386 2145 455; baseline -0.007 -6"><span class='ocrx_word' id='word_1_2' title='bbox 554 393 822 451; x_wconf 80' lang='lat' dir='ltr'><strong>rationem</strong></span> <span class='ocrx_word' id='word_1_3' title='bbox 856 391 1089 450; x_wconf 82' lang='lat' dir='ltr'><strong>reddes:</strong></span> <span class='ocrx_word' id='word_1_4' title='bbox 1115 390 1161 447; x_wconf 87' lang='lat' dir='ltr'><strong>si</strong></span> <span class='ocrx_word' id='word_1_5' title='bbox 1187 391 1487 448; x_wconf 70' lang='lat' dir='ltr'><strong>castitatem</strong></span> <span class='ocrx_word' id='word_1_6' title='bbox 1526 389 1859 446; x_wconf 83' lang='lat' dir='ltr'><strong>imminueris</strong></span> <span class='ocrx_word' id='word_1_7' title='bbox 1883 431 1899 455; x_wconf 93' lang='lat'><strong>,</strong></span> <span class='ocrx_word' id='word_1_8' title='bbox 1934 386 2073 443; x_wconf 87' lang='lat' dir='ltr'><strong>Deus</strong></span> <span class='ocrx_word' id='word_1_9' title='bbox 2114 396 2145 437; x_wconf 88' lang='lat' dir='ltr'><strong>a</strong></span> 
     </span>
    </p>
   </div>
   <div class='ocr_carea' id='block_1_3' title="bbox 555 483 2148 559">
    <p class='ocr_par' dir='ltr' id='par_1_3' title="bbox 555 483 2148 559">
     <span class='ocr_line' id='line_1_3' title="bbox 555 483 2148 559; baseline -0.004 -16"><span class='ocrx_word' id='word_1_10' title='bbox 555 494 610 543; x_wconf 86' lang='lat' dir='ltr'><strong>te</strong></span> <span class='ocrx_word' id='word_1_11' title='bbox 632 499 820 559; x_wconf 68' lang='lat' dir='ltr'><strong>pinnas</strong></span> <span class='ocrx_word' id='word_1_12' title='bbox 844 486 1025 556; x_wconf 90' lang='lat' dir='ltr'><strong>exiget</strong></span> <span class='ocrx_word' id='word_1_13' title='bbox 1052 526 1068 549; x_wconf 91' lang='lat'><strong>,</strong></span> <span class='ocrx_word' id='word_1_14' title='bbox 1094 485 1207 551; x_wconf 86' lang='lat' dir='ltr'><strong>&#39;qui</strong></span> <span class='ocrx_word' id='word_1_15' title='bbox 1235 483 1446 554; x_wconf 91' lang='lat' dir='ltr'><strong>nuptias</strong></span> <span class='ocrx_word' id='word_1_16' title='bbox 1490 483 1800 546; x_wconf 86' lang='lat' dir='ltr'><strong>introduxit,</strong></span> <span class='ocrx_word' id='word_1_17' title='bbox 1847 492 1899 538; x_wconf 88' lang='lat' dir='ltr'><strong>et</strong></span> <span class='ocrx_word' id='word_1_18' title='bbox 1927 496 2148 538; x_wconf 88' lang='lat' dir='ltr'><strong>uxorem</strong></span> 
     </span>
    </p>
   </div>
   <div class='ocr_carea' id='block_1_4' title="bbox 547 573 2148 646">
    <p class='ocr_par' dir='ltr' id='par_1_4' title="bbox 547 573 2148 646">
     <span class='ocr_line' id='line_1_4' title="bbox 547 573 2148 646; baseline 0.001 -17"><span class='ocrx_word' id='word_1_19' title='bbox 547 578 648 634; x_wconf 81' lang='lat' dir='ltr'><strong>tibi</strong></span> <span class='ocrx_word' id='word_1_20' title='bbox 686 576 925 633; x_wconf 74' lang='lat' dir='ltr'><strong>tradidit.</strong></span> <span class='ocrx_word' id='word_1_21' title='bbox 957 576 1130 646; x_wconf 80' lang='lat' dir='ltr'><strong>Atque</strong></span> <span class='ocrx_word' id='word_1_22' title='bbox 1159 574 1262 630; x_wconf 87' lang='lat' dir='ltr'><strong>hoc</strong></span> <span class='ocrx_word' id='word_1_23' title='bbox 1299 590 1486 630; x_wconf 85' lang='lat' dir='ltr'><strong>verum</strong></span> <span class='ocrx_word' id='word_1_24' title='bbox 1532 590 1655 631; x_wconf 76' lang='lat' dir='ltr'><strong>esse</strong></span> <span class='ocrx_word' id='word_1_25' title='bbox 1700 573 1921 646; x_wconf 72' lang='lat' dir='ltr'><strong>colliges</strong></span> <span class='ocrx_word' id='word_1_26' title='bbox 1949 589 2013 630; x_wconf 91' lang='lat' dir='ltr'><strong>ex</strong></span> <span class='ocrx_word' id='word_1_27' title='bbox 2044 574 2108 630; x_wconf 88' lang='lat' dir='ltr'><strong>iis</strong></span> <span class='ocrx_word' id='word_1_28' title='bbox 2132 614 2148 639; x_wconf 92' lang='lat'><strong>,</strong></span> 
     </span>
    </p>
   </div>
   <div class='ocr_carea' id='block_1_5' title="bbox 550 665 2153 737">
    <p class='ocr_par' dir='ltr' id='par_1_5' title="bbox 550 665 2153 737">
     <span class='ocr_line' id='line_1_5' title="bbox 550 665 2153 737; baseline 0.002 -19"><span class='ocrx_word' id='word_1_29' title='bbox 550 681 673 737; x_wconf 67' lang='lat' dir='ltr'><strong>qna</strong></span> <span class='ocrx_word' id='word_1_30' title='bbox 720 665 789 723; x_wconf 89' lang='lat' dir='ltr'><strong>de</strong></span> <span class='ocrx_word' id='word_1_31' title='bbox 831 666 1091 722; x_wconf 75' lang='lat' dir='ltr'><strong>adulteris</strong></span> <span class='ocrx_word' id='word_1_32' title='bbox 1128 668 1205 721; x_wconf 91' lang='lat' dir='ltr'><strong>ait</strong></span> <span class='ocrx_word' id='word_1_33' title='bbox 1243 666 1442 723; x_wconf 85' lang='lat' dir='ltr'><strong>Paulus</strong></span> <span class='ocrx_word' id='word_1_34' title='bbox 1469 685 1483 722; x_wconf 89' lang='lat'>:</span> <span class='ocrx_word' id='word_1_35' title='bbox 1516 666 1616 735; x_wconf 84' lang='lat' dir='ltr'><strong>Qui</strong></span> <span class='ocrx_word' id='word_1_36' title='bbox 1644 667 1775 722; x_wconf 73' lang='lat' dir='ltr'><strong>enim</strong></span> <span class='ocrx_word' id='word_1_37' title='bbox 1798 667 2023 736; x_wconf 78' lang='lat' dir='ltr'><strong>spernit.</strong></span> <span class='ocrx_word' id='word_1_38' title='bbox 2050 684 2153 721; x_wconf 76' lang='lat' dir='ltr'><strong>non</strong></span> 
     </span>
    </p>
   </div>
   <div class='ocr_carea' id='block_1_6' title="bbox 552 756 2154 829">
    <p class='ocr_par' dir='ltr' id='par_1_6' title="bbox 552 756 2154 829">
     <span class='ocr_line' id='line_1_6' title="bbox 552 756 2154 829; baseline 0.002 -19"><span class='ocrx_word' id='word_1_39' title='bbox 552 756 808 812; x_wconf 65' lang='lat' dir='ltr'><strong>mm:</strong></span> <span class='ocrx_word' id='word_1_40' title='bbox 832 757 1057 826; x_wconf 81' lang='lat' dir='ltr'><strong>aperuit,</strong></span> <span class='ocrx_word' id='word_1_41' title='bbox 1088 758 1176 812; x_wconf 77' lang='lat' dir='ltr'><strong>sed</strong></span> <span class='ocrx_word' id='word_1_42' title='bbox 1204 756 1365 813; x_wconf 81' lang='lat' dir='ltr'><strong>Deum</strong></span> <span class='ocrx_word' id='word_1_43' title='bbox 1383 796 1401 824; x_wconf 89' lang='lat'><strong>,</strong></span> <span class='ocrx_word' id='word_1_44' title='bbox 1424 758 1514 829; x_wconf 79' lang='lat' dir='ltr'><strong>qui</strong></span> <span class='ocrx_word' id='word_1_45' title='bbox 1549 758 1686 814; x_wconf 73' lang='lat' dir='ltr'><strong>dedit</strong></span> <span class='ocrx_word' id='word_1_46' title='bbox 1713 757 1968 827; x_wconf 81' lang='lat' dir='ltr'><strong>Spiritum</strong></span> <span class='ocrx_word' id='word_1_47' title='bbox 2003 774 2154 813; x_wconf 80' lang='lat' dir='ltr'><strong>suum</strong></span> 
     </span>
    </p>
   </div>
   <div class='ocr_carea' id='block_1_7' title="bbox 551 846 2154 921">
    <p class='ocr_par' dir='ltr' id='par_1_7' title="bbox 551 846 2154 921">
     <span class='ocr_line' id='line_1_7' title="bbox 551 846 2154 921; baseline 0.004 -23"><span class='ocrx_word' id='word_1_48' title='bbox 551 854 787 901; x_wconf 83' lang='lat' dir='ltr'><strong>sauctuiu</strong></span> <span class='ocrx_word' id='word_1_49' title='bbox 813 846 867 901; x_wconf 80' lang='lat' dir='ltr'><strong>iu</strong></span> <span class='ocrx_word' id='word_1_50' title='bbox 896 848 1033 902; x_wconf 69' lang='lat' dir='ltr'><strong>vobis</strong></span> <span class='ocrx_word' id='word_1_51' title='bbox 1061 848 1148 921; x_wconf 85' lang='lat' dir='ltr'><strong>(l.</strong></span> <span class='ocrx_word' id='word_1_52' title='bbox 1182 847 1357 903; x_wconf 82' lang='lat' dir='ltr'><strong>Thess.</strong></span> <span class='ocrx_word' id='word_1_53' title='bbox 1384 850 1438 904; x_wconf 67' lang='grc' dir='ltr'><strong>Α.</strong></span> <span class='ocrx_word' id='word_1_54' title='bbox 1470 846 1561 921; x_wconf 78' lang='lat'><strong>8).</strong></span> <span class='ocrx_word' id='word_1_55' title='bbox 1596 847 1755 904; x_wconf 82' lang='lat' dir='ltr'><strong>Vides</strong></span> <span class='ocrx_word' id='word_1_56' title='bbox 1778 863 1939 920; x_wconf 88' lang='lat' dir='ltr'><strong>quam</strong></span> <span class='ocrx_word' id='word_1_57' title='bbox 1967 850 2154 905; x_wconf 90' lang='lat' dir='ltr'><strong>multis</strong></span> 
     </span>
    </p>
   </div>
   <div class='ocr_carea' id='block_1_8' title="bbox 548 936 2151 1009">
    <p class='ocr_par' dir='ltr' id='par_1_8' title="bbox 548 936 2151 1009">
     <span class='ocr_line' id='line_1_8' title="bbox 548 936 2151 1009; baseline 0.006 -22"><span class='ocrx_word' id='word_1_58' title='bbox 548 936 736 993; x_wconf 90' lang='lat' dir='ltr'><strong>verbis</strong></span> <span class='ocrx_word' id='word_1_59' title='bbox 777 949 1057 994; x_wconf 87' lang='lat' dir='ltr'><strong>ostensum</strong></span> <span class='ocrx_word' id='word_1_60' title='bbox 1101 954 1171 995; x_wconf 92' lang='lat' dir='ltr'><strong>ex</strong></span> <span class='ocrx_word' id='word_1_61' title='bbox 1205 938 1477 1009; x_wconf 83' lang='lat' dir='ltr'><strong>Scriptura</strong></span> <span class='ocrx_word' id='word_1_62' title='bbox 1515 939 1587 996; x_wconf 88' lang='lat' dir='ltr'><strong>sit</strong></span> <span class='ocrx_word' id='word_1_63' title='bbox 1624 939 1945 996; x_wconf 84' lang='lat' dir='ltr'><strong>adulterium</strong></span> <span class='ocrx_word' id='word_1_64' title='bbox 1986 955 2111 996; x_wconf 85' lang='lat' dir='ltr'><strong>esse</strong></span> <span class='ocrx_word' id='word_1_65' title='bbox 2134 982 2151 1008; x_wconf 90' lang='lat'><strong>,</strong></span> 
     </span>
    </p>
   </div>
   <div class='ocr_carea' id='block_1_9' title="bbox 553 1030 2149 1107">
    <p class='ocr_par' dir='ltr' id='par_1_9' title="bbox 553 1030 2149 1107">
     <span class='ocr_line' id='line_1_9' title="bbox 553 1030 2149 1107; baseline 0.003 -24"><span class='ocrx_word' id='word_1_66' title='bbox 553 1042 667 1084; x_wconf 87' lang='lat' dir='ltr'><strong>non</strong></span> <span class='ocrx_word' id='word_1_67' title='bbox 694 1031 865 1085; x_wconf 86' lang='lat' dir='ltr'><strong>solum</strong></span> <span class='ocrx_word' id='word_1_68' title='bbox 892 1031 1159 1107; x_wconf 21' lang='lat' dir='ltr'><strong>sirmarito</strong></span> <span class='ocrx_word' id='word_1_69' title='bbox 1181 1031 1421 1099; x_wconf 84' lang='lat' dir='ltr'><strong>junctam</strong></span> <span class='ocrx_word' id='word_1_70' title='bbox 1453 1030 1755 1099; x_wconf 83' lang='lat' dir='ltr'><strong>mulierem,</strong></span> <span class='ocrx_word' id='word_1_71' title='bbox 1789 1030 1884 1087; x_wconf 87' lang='lat' dir='ltr'><strong>sed</strong></span> <span class='ocrx_word' id='word_1_72' title='bbox 1913 1033 2074 1087; x_wconf 91' lang='lat' dir='ltr'><strong>etiam</strong></span> <span class='ocrx_word' id='word_1_73' title='bbox 2104 1034 2149 1087; x_wconf 90' lang='lat' dir='ltr'><strong>si</strong></span> 
     </span>
    </p>
   </div>
   <div class='ocr_carea' id='block_1_10' title="bbox 560 1124 2156 1195">
    <p class='ocr_par' dir='ltr' id='par_1_10' title="bbox 560 1124 2156 1195">
     <span class='ocr_line' id='line_1_10' title="bbox 560 1124 2156 1195; baseline 0.001 -17"><span class='ocrx_word' id='word_1_74' title='bbox 560 1124 807 1195; x_wconf 79' lang='lat' dir='ltr'><strong>quamvis</strong></span> <span class='ocrx_word' id='word_1_75' title='bbox 862 1124 1198 1179; x_wconf 82' lang='lat' dir='ltr'><strong>meretricem</strong></span> <span class='ocrx_word' id='word_1_76' title='bbox 1242 1132 1552 1195; x_wconf 75' lang='lat' dir='ltr'><strong>corrumpat</strong></span> <span class='ocrx_word' id='word_1_77' title='bbox 1600 1124 1647 1180; x_wconf 88' lang='lat' dir='ltr'><strong>is</strong></span> <span class='ocrx_word' id='word_1_78' title='bbox 1694 1126 1783 1195; x_wconf 87' lang='lat' dir='ltr'><strong>qui</strong></span> <span class='ocrx_word' id='word_1_79' title='bbox 1826 1126 1897 1181; x_wconf 91' lang='lat' dir='ltr'><strong>sit</strong></span> <span class='ocrx_word' id='word_1_80' title='bbox 1936 1126 2156 1195; x_wconf 90' lang='lat' dir='ltr'><strong>junctus</strong></span> 
     </span>
    </p>
   </div>
   <div class='ocr_carea' id='block_1_11' title="bbox 562 1211 2152 1286">
    <p class='ocr_par' dir='ltr' id='par_1_11' title="bbox 562 1211 2152 1286">
     <span class='ocr_line' id='line_1_11' title="bbox 562 1211 2152 1286; baseline 0.003 -18"><span class='ocrx_word' id='word_1_81' title='bbox 562 1214 755 1275; x_wconf 82' lang='lat' dir='ltr'><strong>uxori?</strong></span> <span class='ocrx_word' id='word_1_82' title='bbox 773 1211 906 1267; x_wconf 82' lang='lat' dir='ltr'><strong>Nam</strong></span> <span class='ocrx_word' id='word_1_83' title='bbox 929 1213 1377 1284; x_wconf 83' lang='lat' dir='ltr'><strong>quemadmodum</strong></span> <span class='ocrx_word' id='word_1_84' title='bbox 1400 1213 1665 1271; x_wconf 85' lang='lat' dir='ltr'><strong>adulterio</strong></span> <span class='ocrx_word' id='word_1_85' title='bbox 1687 1214 1849 1286; x_wconf 90' lang='lat' dir='ltr'><strong>pollui</strong></span> <span class='ocrx_word' id='word_1_86' title='bbox 1873 1216 2152 1272; x_wconf 87' lang='lat' dir='ltr'><strong>mulierem</strong></span> 
     </span>
    </p>
   </div>
   <div class='ocr_carea' id='block_1_12' title="bbox 562 1304 2158 1378">
    <p class='ocr_par' dir='ltr' id='par_1_12' title="bbox 562 1304 2158 1378">
     <span class='ocr_line' id='line_1_12' title="bbox 562 1304 2158 1378; baseline 0.003 -18"><span class='ocrx_word' id='word_1_87' title='bbox 562 1304 790 1360; x_wconf 85' lang='lat' dir='ltr'><strong>dicimus</strong></span> <span class='ocrx_word' id='word_1_88' title='bbox 811 1345 828 1370; x_wconf 95' lang='lat'><strong>,</strong></span> <span class='ocrx_word' id='word_1_89' title='bbox 883 1306 998 1359; x_wconf 89' lang='lat' dir='ltr'><strong>sive</strong></span> <span class='ocrx_word' id='word_1_90' title='bbox 1033 1319 1155 1359; x_wconf 87' lang='lat' dir='ltr'><strong>cum</strong></span> <span class='ocrx_word' id='word_1_91' title='bbox 1190 1318 1369 1371; x_wconf 90' lang='lat' dir='ltr'><strong>servo,</strong></span> <span class='ocrx_word' id='word_1_92' title='bbox 1398 1304 1512 1360; x_wconf 83' lang='lat' dir='ltr'><strong>sive</strong></span> <span class='ocrx_word' id='word_1_93' title='bbox 1538 1320 1661 1361; x_wconf 87' lang='lat' dir='ltr'><strong>cum</strong></span> <span class='ocrx_word' id='word_1_94' title='bbox 1689 1305 1793 1362; x_wconf 89' lang='lat' dir='ltr'><strong>alio</strong></span> <span class='ocrx_word' id='word_1_95' title='bbox 1818 1321 2158 1378; x_wconf 87' lang='lat' dir='ltr'><strong>quocumque</strong></span> 
     </span>
    </p>
   </div>
   <div class='ocr_carea' id='block_1_13' title="bbox 562 1394 2157 1466">
    <p class='ocr_par' dir='ltr' id='par_1_13' title="bbox 562 1394 2157 1466">
     <span class='ocr_line' id='line_1_13' title="bbox 562 1394 2157 1466; baseline 0.003 -16"><span class='ocrx_word' id='word_1_96' title='bbox 562 1402 785 1466; x_wconf 87' lang='lat' dir='ltr'><strong>peccet:</strong></span> <span class='ocrx_word' id='word_1_97' title='bbox 811 1395 890 1450; x_wconf 92' lang='lat' dir='ltr'><strong>sic</strong></span> <span class='ocrx_word' id='word_1_98' title='bbox 912 1396 1074 1450; x_wconf 87' lang='lat' dir='ltr'><strong>etiam</strong></span> <span class='ocrx_word' id='word_1_99' title='bbox 1105 1396 1276 1449; x_wconf 86' lang='lat' dir='ltr'><strong>virum</strong></span> <span class='ocrx_word' id='word_1_100' title='bbox 1306 1394 1627 1451; x_wconf 85' lang='lat' dir='ltr'><strong>adulterium</strong></span> <span class='ocrx_word' id='word_1_101' title='bbox 1660 1399 1995 1454; x_wconf 87' lang='lat' dir='ltr'><strong>committere</strong></span> <span class='ocrx_word' id='word_1_102' title='bbox 2019 1399 2157 1455; x_wconf 89' lang='lat' dir='ltr'><strong>dici-</strong></span> 
     </span>
    </p>
   </div>
   <div class='ocr_carea' id='block_1_14' title="bbox 567 1487 2157 1563">
    <p class='ocr_par' dir='ltr' id='par_1_14' title="bbox 567 1487 2157 1563">
     <span class='ocr_line' id='line_1_14' title="bbox 567 1487 2157 1563; baseline 0.003 -19"><span class='ocrx_word' id='word_1_103' title='bbox 567 1501 684 1544; x_wconf 87' lang='lat' dir='ltr'><strong>n.us</strong></span> <span class='ocrx_word' id='word_1_104' title='bbox 703 1528 719 1552; x_wconf 90' lang='lat'><strong>,</strong></span> <span class='ocrx_word' id='word_1_105' title='bbox 752 1487 866 1543; x_wconf 82' lang='lat' dir='ltr'><strong>sive</strong></span> <span class='ocrx_word' id='word_1_106' title='bbox 890 1501 1013 1542; x_wconf 90' lang='lat' dir='ltr'><strong>cum</strong></span> <span class='ocrx_word' id='word_1_107' title='bbox 1042 1487 1292 1544; x_wconf 83' lang='lat' dir='ltr'><strong>ancillula</strong></span> <span class='ocrx_word' id='word_1_108' title='bbox 1314 1528 1329 1553; x_wconf 95' lang='lat'><strong>,</strong></span> <span class='ocrx_word' id='word_1_109' title='bbox 1371 1489 1485 1543; x_wconf 83' lang='lat' dir='ltr'><strong>sive</strong></span> <span class='ocrx_word' id='word_1_110' title='bbox 1521 1505 1643 1545; x_wconf 91' lang='lat' dir='ltr'><strong>cum</strong></span> <span class='ocrx_word' id='word_1_111' title='bbox 1672 1506 2007 1563; x_wconf 88' lang='lat' dir='ltr'><strong>quocumque</strong></span> <span class='ocrx_word' id='word_1_112' title='bbox 2037 1492 2157 1547; x_wconf 90' lang='lat' dir='ltr'><strong>vul-</strong></span> 
     </span>
    </p>
   </div>
   <div class='ocr_carea' id='block_1_15' title="bbox 564 1576 2161 1654">
    <p class='ocr_par' dir='ltr' id='par_1_15' title="bbox 564 1576 2161 1654">
     <span class='ocr_line' id='line_1_15' title="bbox 564 1576 2161 1654; baseline 0.006 -26"><span class='ocrx_word' id='word_1_113' title='bbox 564 1576 677 1649; x_wconf 79' lang='lat' dir='ltr'><strong>gari</strong></span> <span class='ocrx_word' id='word_1_114' title='bbox 705 1585 887 1633; x_wconf 84' lang='lat' dir='ltr'><strong>scorto</strong></span> <span class='ocrx_word' id='word_1_115' title='bbox 914 1594 1137 1634; x_wconf 88' lang='lat' dir='ltr'><strong>uxorem</strong></span> <span class='ocrx_word' id='word_1_116' title='bbox 1167 1579 1369 1636; x_wconf 79' lang='lat' dir='ltr'><strong>habens</strong></span> <span class='ocrx_word' id='word_1_117' title='bbox 1395 1579 1668 1636; x_wconf 88' lang='lat' dir='ltr'><strong>libidinem</strong></span> <span class='ocrx_word' id='word_1_118' title='bbox 1695 1581 1928 1652; x_wconf 86' lang='lat' dir='ltr'><strong>expleat.</strong></span> <span class='ocrx_word' id='word_1_119' title='bbox 1960 1581 2037 1638; x_wconf 85' lang='lat' dir='ltr'><strong>Ne</strong></span> <span class='ocrx_word' id='word_1_120' title='bbox 2062 1582 2161 1654; x_wconf 84' lang='lat' dir='ltr'><strong>igi-</strong></span> 
     </span>
    </p>
   </div>
   <div class='ocr_carea' id='block_1_16' title="bbox 567 1668 2162 1742">
    <p class='ocr_par' dir='ltr' id='par_1_16' title="bbox 567 1668 2162 1742">
     <span class='ocr_line' id='line_1_16' title="bbox 567 1668 2162 1742; baseline 0.004 -20"><span class='ocrx_word' id='word_1_121' title='bbox 567 1678 653 1722; x_wconf 88' lang='lat' dir='ltr'><strong>tur</strong></span> <span class='ocrx_word' id='word_1_122' title='bbox 676 1668 905 1724; x_wconf 84' lang='lat' dir='ltr'><strong>salutem</strong></span> <span class='ocrx_word' id='word_1_123' title='bbox 934 1677 1170 1725; x_wconf 81' lang='lat' dir='ltr'><strong>nostram</strong></span> <span class='ocrx_word' id='word_1_124' title='bbox 1197 1671 1528 1742; x_wconf 82' lang='lat' dir='ltr'><strong>negligamus</strong></span> <span class='ocrx_word' id='word_1_125' title='bbox 1550 1711 1565 1733; x_wconf 91' lang='lat'><strong>.</strong></span> <span class='ocrx_word' id='word_1_126' title='bbox 1613 1684 1749 1728; x_wconf 92' lang='lat' dir='ltr'><strong>neve</strong></span> <span class='ocrx_word' id='word_1_127' title='bbox 1776 1683 2013 1728; x_wconf 87' lang='lat' dir='ltr'><strong>nostram</strong></span> <span class='ocrx_word' id='word_1_128' title='bbox 2044 1675 2162 1728; x_wconf 88' lang='lat' dir='ltr'><strong>ani-</strong></span> 
     </span>
    </p>
   </div>
   <div class='ocr_carea' id='block_1_17' title="bbox 564 1759 2160 1833">
    <p class='ocr_par' dir='ltr' id='par_1_17' title="bbox 564 1759 2160 1833">
     <span class='ocr_line' id='line_1_17' title="bbox 564 1759 2160 1833; baseline 0.006 -21"><span class='ocrx_word' id='word_1_129' title='bbox 564 1774 709 1813; x_wconf 88' lang='lat' dir='ltr'><strong>mam</strong></span> <span class='ocrx_word' id='word_1_130' title='bbox 755 1774 850 1828; x_wconf 91' lang='lat' dir='ltr'><strong>per</strong></span> <span class='ocrx_word' id='word_1_131' title='bbox 886 1759 990 1815; x_wconf 85' lang='lat' dir='ltr'><strong>hoc</strong></span> <span class='ocrx_word' id='word_1_132' title='bbox 1041 1770 1316 1830; x_wconf 88' lang='lat' dir='ltr'><strong>peccatum</strong></span> <span class='ocrx_word' id='word_1_133' title='bbox 1364 1762 1581 1817; x_wconf 80' lang='lat' dir='ltr'><strong>diabolo</strong></span> <span class='ocrx_word' id='word_1_134' title='bbox 1623 1778 1974 1833; x_wconf 78' lang='lat' dir='ltr'><strong>exponamus.</strong></span> <span class='ocrx_word' id='word_1_135' title='bbox 2024 1764 2160 1821; x_wconf 89' lang='lat' dir='ltr'><strong>Ilinc</strong></span> 
     </span>
    </p>
   </div>
   <div class='ocr_carea' id='block_1_18' title="bbox 564 1850 2164 1923">
    <p class='ocr_par' dir='ltr' id='par_1_18' title="bbox 564 1850 2164 1923">
     <span class='ocr_line' id='line_1_18' title="bbox 564 1850 2164 1923; baseline 0.004 -19"><span class='ocrx_word' id='word_1_136' title='bbox 564 1850 709 1904; x_wconf 85' lang='lat' dir='ltr'><strong>enim</strong></span> <span class='ocrx_word' id='word_1_137' title='bbox 730 1850 1041 1923; x_wconf 68' lang='lat' dir='ltr'><strong>innumera:</strong></span> <span class='ocrx_word' id='word_1_138' title='bbox 1078 1850 1401 1908; x_wconf 79' lang='lat' dir='ltr'><strong>familiarum</strong></span> <span class='ocrx_word' id='word_1_139' title='bbox 1443 1854 1690 1910; x_wconf 90' lang='lat' dir='ltr'><strong>oriuntur</strong></span> <span class='ocrx_word' id='word_1_140' title='bbox 1728 1855 2075 1921; x_wconf 88' lang='lat' dir='ltr'><strong>eversiones,</strong></span> <span class='ocrx_word' id='word_1_141' title='bbox 2108 1866 2164 1913; x_wconf 91' lang='lat' dir='ltr'><strong>et</strong></span> 
     </span>
    </p>
   </div>
   <div class='ocr_carea' id='block_1_19' title="bbox 564 1941 2163 2017">
    <p class='ocr_par' dir='ltr' id='par_1_19' title="bbox 564 1941 2163 2017">
     <span class='ocr_line' id='line_1_19' title="bbox 564 1941 2163 2017; baseline 0.004 -19"><span class='ocrx_word' id='word_1_142' title='bbox 564 1941 705 1998; x_wconf 86' lang='lat' dir='ltr'><strong>bella</strong></span> <span class='ocrx_word' id='word_1_143' title='bbox 747 1942 1025 1999; x_wconf 90' lang='lat' dir='ltr'><strong>innumera</strong></span> <span class='ocrx_word' id='word_1_144' title='bbox 1064 1963 1079 1999; x_wconf 92' lang='lat'><strong>:</strong></span> <span class='ocrx_word' id='word_1_145' title='bbox 1125 1944 1251 2001; x_wconf 87' lang='lat' dir='ltr'><strong>hinc</strong></span> <span class='ocrx_word' id='word_1_146' title='bbox 1274 1946 1330 2001; x_wconf 84' lang='lat' dir='ltr'><strong>iit</strong></span> <span class='ocrx_word' id='word_1_147' title='bbox 1355 1989 1370 2013; x_wconf 97' lang='lat'><strong>,</strong></span> <span class='ocrx_word' id='word_1_148' title='bbox 1418 1956 1477 2001; x_wconf 90' lang='lat' dir='ltr'><strong>ut</strong></span> <span class='ocrx_word' id='word_1_149' title='bbox 1516 1948 1713 2003; x_wconf 86' lang='lat' dir='ltr'><strong>caritas</strong></span> <span class='ocrx_word' id='word_1_150' title='bbox 1754 1947 2062 2017; x_wconf 83' lang='lat' dir='ltr'><strong>dilabatur,</strong></span> <span class='ocrx_word' id='word_1_151' title='bbox 2109 1959 2163 2005; x_wconf 91' lang='lat' dir='ltr'><strong>et</strong></span> 
     </span>
    </p>
   </div>
   <div class='ocr_carea' id='block_1_20' title="bbox 566 2034 2164 2111">
    <p class='ocr_par' dir='ltr' id='par_1_20' title="bbox 566 2034 2164 2111">
     <span class='ocr_line' id='line_1_20' title="bbox 566 2034 2164 2111; baseline 0.007 -22"><span class='ocrx_word' id='word_1_152' title='bbox 566 2034 936 2090; x_wconf 84' lang='lat' dir='ltr'><strong>benevolentia</strong></span> <span class='ocrx_word' id='word_1_153' title='bbox 975 2036 1341 2094; x_wconf 84' lang='lat' dir='ltr'><strong>subtrahatur.</strong></span> <span class='ocrx_word' id='word_1_154' title='bbox 1398 2038 1533 2095; x_wconf 81' lang='lat' dir='ltr'><strong>Nam</strong></span> <span class='ocrx_word' id='word_1_155' title='bbox 1580 2050 1639 2094; x_wconf 91' lang='lat' dir='ltr'><strong>ut</strong></span> <span class='ocrx_word' id='word_1_156' title='bbox 1676 2039 1793 2096; x_wconf 77' lang='lat' dir='ltr'><strong>ﬁeri</strong></span> <span class='ocrx_word' id='word_1_157' title='bbox 1834 2042 2058 2111; x_wconf 90' lang='lat' dir='ltr'><strong>nequit,</strong></span> <span class='ocrx_word' id='word_1_158' title='bbox 2105 2052 2164 2100; x_wconf 90' lang='lat' dir='ltr'><strong>ut</strong></span> 
     </span>
    </p>
   </div>
   <div class='ocr_carea' id='block_1_21' title="bbox 567 2125 2160 2204">
    <p class='ocr_par' dir='ltr' id='par_1_21' title="bbox 567 2125 2160 2204">
     <span class='ocr_line' id='line_1_21' title="bbox 567 2125 2160 2204; baseline 0.006 -24"><span class='ocrx_word' id='word_1_159' title='bbox 567 2125 731 2181; x_wconf 89' lang='lat' dir='ltr'><strong>homo</strong></span> <span class='ocrx_word' id='word_1_160' title='bbox 754 2137 933 2183; x_wconf 86' lang='lat' dir='ltr'><strong>castus</strong></span> <span class='ocrx_word' id='word_1_161' title='bbox 964 2144 1185 2185; x_wconf 90' lang='lat' dir='ltr'><strong>uxorem</strong></span> <span class='ocrx_word' id='word_1_162' title='bbox 1224 2130 1456 2201; x_wconf 74' lang='lat' dir='ltr'><strong>negligat</strong></span> <span class='ocrx_word' id='word_1_163' title='bbox 1483 2146 1737 2203; x_wconf 87' lang='lat' dir='ltr'><strong>umquam</strong></span> <span class='ocrx_word' id='word_1_164' title='bbox 1768 2147 1833 2189; x_wconf 91' lang='lat' dir='ltr'><strong>ac</strong></span> <span class='ocrx_word' id='word_1_165' title='bbox 1859 2132 2160 2204; x_wconf 85' lang='lat' dir='ltr'><strong>despiciat:</strong></span> 
     </span>
    </p>
   </div>
   <div class='ocr_carea' id='block_1_22' title="bbox 565 2217 2161 2297">
    <p class='ocr_par' dir='ltr' id='par_1_22' title="bbox 565 2217 2161 2297">
     <span class='ocr_line' id='line_1_22' title="bbox 565 2217 2161 2297; baseline 0.006 -26"><span class='ocrx_word' id='word_1_166' title='bbox 565 2217 647 2297; x_wconf 81' lang='lat' dir='ltr'><strong>sic</strong></span> <span class='ocrx_word' id='word_1_167' title='bbox 674 2234 848 2289; x_wconf 89' lang='lat' dir='ltr'><strong>neque</strong></span> <span class='ocrx_word' id='word_1_168' title='bbox 876 2218 993 2275; x_wconf 79' lang='lat' dir='ltr'><strong>ﬁeri</strong></span> <span class='ocrx_word' id='word_1_169' title='bbox 1024 2230 1222 2291; x_wconf 84' lang='lat' dir='ltr'><strong>potest,</strong></span> <span class='ocrx_word' id='word_1_170' title='bbox 1256 2232 1312 2276; x_wconf 91' lang='lat' dir='ltr'><strong>ut</strong></span> <span class='ocrx_word' id='word_1_171' title='bbox 1342 2223 1503 2277; x_wconf 89' lang='lat' dir='ltr'><strong>homo</strong></span> <span class='ocrx_word' id='word_1_172' title='bbox 1533 2224 1896 2297; x_wconf 79' lang='lat' dir='ltr'><strong>intemperans</strong></span> <span class='ocrx_word' id='word_1_173' title='bbox 1920 2233 1974 2280; x_wconf 90' lang='lat' dir='ltr'><strong>et</strong></span> <span class='ocrx_word' id='word_1_174' title='bbox 2000 2225 2161 2281; x_wconf 65' lang='lat' dir='ltr'><strong>lascio</strong></span> 
     </span>
    </p>
   </div>
   <div class='ocr_carea' id='block_1_23' title="bbox 569 2315 2161 2387">
    <p class='ocr_par' dir='ltr' id='par_1_23' title="bbox 569 2315 2161 2387">
     <span class='ocr_line' id='line_1_23' title="bbox 569 2315 2161 2387; baseline 0.007 -23"><span class='ocrx_word' id='word_1_175' title='bbox 569 2326 666 2366; x_wconf 90' lang='lat' dir='ltr'><strong>vus</strong></span> <span class='ocrx_word' id='word_1_176' title='bbox 695 2328 917 2368; x_wconf 89' lang='lat' dir='ltr'><strong>uxorem</strong></span> <span class='ocrx_word' id='word_1_177' title='bbox 948 2327 1098 2369; x_wconf 89' lang='lat' dir='ltr'><strong>suam</strong></span> <span class='ocrx_word' id='word_1_178' title='bbox 1125 2315 1326 2387; x_wconf 89' lang='lat' dir='ltr'><strong>diligat,</strong></span> <span class='ocrx_word' id='word_1_179' title='bbox 1357 2315 1427 2371; x_wconf 89' lang='lat' dir='ltr'><strong>sit</strong></span> <span class='ocrx_word' id='word_1_180' title='bbox 1456 2316 1581 2373; x_wconf 92' lang='lat' dir='ltr'><strong>licet</strong></span> <span class='ocrx_word' id='word_1_181' title='bbox 1609 2318 1848 2373; x_wconf 89' lang='lat' dir='ltr'><strong>omnium</strong></span> <span class='ocrx_word' id='word_1_182' title='bbox 1878 2316 2161 2375; x_wconf 75' lang='lat' dir='ltr'><strong>formosis-</strong></span> 
     </span>
    </p>
   </div>
   <div class='ocr_carea' id='block_1_24' title="bbox 569 2401 2162 2474">
    <p class='ocr_par' dir='ltr' id='par_1_24' title="bbox 569 2401 2162 2474">
     <span class='ocr_line' id='line_1_24' title="bbox 569 2401 2162 2474; baseline 0.007 -17"><span class='ocrx_word' id='word_1_183' title='bbox 569 2401 870 2458; x_wconf 85' lang='lat' dir='ltr'><strong>sima.Nam</strong></span> <span class='ocrx_word' id='word_1_184' title='bbox 894 2420 957 2459; x_wconf 89' lang='lat' dir='ltr'><strong>ex</strong></span> <span class='ocrx_word' id='word_1_185' title='bbox 980 2406 1226 2462; x_wconf 83' lang='lat' dir='ltr'><strong>castitate</strong></span> <span class='ocrx_word' id='word_1_186' title='bbox 1250 2409 1445 2463; x_wconf 87' lang='lat' dir='ltr'><strong>caritas</strong></span> <span class='ocrx_word' id='word_1_187' title='bbox 1464 2409 1653 2474; x_wconf 89' lang='lat' dir='ltr'><strong>oritur,</strong></span> <span class='ocrx_word' id='word_1_188' title='bbox 1680 2425 1747 2465; x_wconf 90' lang='lat' dir='ltr'><strong>cx</strong></span> <span class='ocrx_word' id='word_1_189' title='bbox 1778 2410 2001 2468; x_wconf 83' lang='lat' dir='ltr'><strong>caritate</strong></span> <span class='ocrx_word' id='word_1_190' title='bbox 2022 2412 2162 2468; x_wconf 89' lang='lat' dir='ltr'><strong>bona</strong></span> 
     </span>
    </p>
   </div>
   <div class='ocr_carea' id='block_1_25' title="bbox 568 2494 2163 2573">
    <p class='ocr_par' dir='ltr' id='par_1_25' title="bbox 568 2494 2163 2573">
     <span class='ocr_line' id='line_1_25' title="bbox 568 2494 2163 2573; baseline 0.008 -25"><span class='ocrx_word' id='word_1_191' title='bbox 568 2494 869 2550; x_wconf 88' lang='lat' dir='ltr'><strong>innumera.</strong></span> <span class='ocrx_word' id='word_1_192' title='bbox 896 2495 1000 2551; x_wconf 79' lang='lat' dir='ltr'><strong>Fac</strong></span> <span class='ocrx_word' id='word_1_193' title='bbox 1023 2496 1185 2567; x_wconf 87' lang='lat' dir='ltr'><strong>igitur</strong></span> <span class='ocrx_word' id='word_1_194' title='bbox 1211 2497 1447 2568; x_wconf 88' lang='lat' dir='ltr'><strong>lapideas</strong></span> <span class='ocrx_word' id='word_1_195' title='bbox 1474 2501 1731 2557; x_wconf 87' lang='lat' dir='ltr'><strong>mulieres</strong></span> <span class='ocrx_word' id='word_1_196' title='bbox 1756 2502 1992 2573; x_wconf 90' lang='lat' dir='ltr'><strong>reliquas</strong></span> <span class='ocrx_word' id='word_1_197' title='bbox 2020 2505 2163 2560; x_wconf 89' lang='lat' dir='ltr'><strong>arbi-</strong></span> 
     </span>
    </p>
   </div>
   <div class='ocr_carea' id='block_1_26' title="bbox 569 2585 2165 2663">
    <p class='ocr_par' dir='ltr' id='par_1_26' title="bbox 569 2585 2165 2663">
     <span class='ocr_line' id='line_1_26' title="bbox 569 2585 2165 2663; baseline 0.008 -22"><span class='ocrx_word' id='word_1_198' title='bbox 569 2588 747 2652; x_wconf 88' lang='lat' dir='ltr'><strong>treris,</strong></span> <span class='ocrx_word' id='word_1_199' title='bbox 777 2601 897 2643; x_wconf 92' lang='lat' dir='ltr'><strong>cum</strong></span> <span class='ocrx_word' id='word_1_200' title='bbox 926 2590 1223 2663; x_wconf 84' lang='lat' dir='ltr'><strong>intelligas,</strong></span> <span class='ocrx_word' id='word_1_201' title='bbox 1275 2592 1320 2647; x_wconf 91' lang='lat' dir='ltr'><strong>si</strong></span> <span class='ocrx_word' id='word_1_202' title='bbox 1353 2591 1565 2649; x_wconf 86' lang='lat' dir='ltr'><strong>lascivis</strong></span> <span class='ocrx_word' id='word_1_203' title='bbox 1587 2595 1756 2650; x_wconf 87' lang='lat' dir='ltr'><strong>oculis</strong></span> <span class='ocrx_word' id='word_1_204' title='bbox 1782 2585 2011 2653; x_wconf 79' lang='lat' dir='ltr'><strong>alienam</strong></span> <span class='ocrx_word' id='word_1_205' title='bbox 2042 2613 2165 2653; x_wconf 87' lang='lat' dir='ltr'><strong>mu-</strong></span> 
     </span>
    </p>
   </div>
   <div class='ocr_carea' id='block_1_27' title="bbox 571 2677 2165 2757">
    <p class='ocr_par' dir='ltr' id='par_1_27' title="bbox 571 2677 2165 2757">
     <span class='ocr_line' id='line_1_27' title="bbox 571 2677 2165 2757; baseline 0.007 -25"><span class='ocrx_word' id='word_1_206' title='bbox 571 2677 757 2733; x_wconf 88' lang='lat' dir='ltr'><strong>lierem</strong></span> <span class='ocrx_word' id='word_1_207' title='bbox 800 2679 1057 2735; x_wconf 88' lang='lat' dir='ltr'><strong>intuearis</strong></span> <span class='ocrx_word' id='word_1_208' title='bbox 1093 2683 1206 2737; x_wconf 82' lang='lat' dir='ltr'><strong>sive</strong></span> <span class='ocrx_word' id='word_1_209' title='bbox 1250 2684 1515 2753; x_wconf 88' lang='lat' dir='ltr'><strong>publicam</strong></span> <span class='ocrx_word' id='word_1_210' title='bbox 1537 2685 1650 2740; x_wconf 88' lang='lat' dir='ltr'><strong>sive</strong></span> <span class='ocrx_word' id='word_1_211' title='bbox 1671 2685 1913 2757; x_wconf 82' lang='lat' dir='ltr'><strong>junctam</strong></span> <span class='ocrx_word' id='word_1_212' title='bbox 1942 2688 2078 2753; x_wconf 90' lang='lat' dir='ltr'><strong>viro,</strong></span> <span class='ocrx_word' id='word_1_213' title='bbox 2113 2696 2165 2743; x_wconf 90' lang='lat' dir='ltr'><strong>te</strong></span> 
     </span>
    </p>
   </div>
   <div class='ocr_carea' id='block_1_28' title="bbox 572 2768 2165 2834">
    <p class='ocr_par' dir='ltr' id='par_1_28' title="bbox 572 2768 2165 2834">
     <span class='ocr_line' id='line_1_28' title="bbox 572 2768 2165 2834; baseline 0.008 -12"><span class='ocrx_word' id='word_1_214' title='bbox 572 2768 937 2825; x_wconf 82' lang='lat' dir='ltr'><strong>adulterorum</strong></span> <span class='ocrx_word' id='word_1_215' title='bbox 991 2772 1203 2828; x_wconf 88' lang='lat' dir='ltr'><strong>crimini</strong></span> <span class='ocrx_word' id='word_1_216' title='bbox 1254 2774 1545 2830; x_wconf 75' lang='lat' dir='ltr'><strong>obnoxium</strong></span> <span class='ocrx_word' id='word_1_217' title='bbox 1596 2792 1715 2832; x_wconf 88' lang='lat' dir='ltr'><strong>esse</strong></span> <span class='ocrx_word' id='word_1_218' title='bbox 1764 2776 1985 2834; x_wconf 77' lang='lat' dir='ltr'><strong>factum.</strong></span> <span class='ocrx_word' id='word_1_219' title='bbox 2038 2776 2165 2834; x_wconf 71' lang='lat' dir='ltr'><strong>Haec</strong></span> 
     </span>
    </p>
   </div>
   <div class='ocr_carea' id='block_1_29' title="bbox 571 2861 2165 2940">
    <p class='ocr_par' dir='ltr' id='par_1_29' title="bbox 571 2861 2165 2940">
     <span class='ocr_line' id='line_1_29' title="bbox 571 2861 2165 2940; baseline 0.006 -23"><span class='ocrx_word' id='word_1_220' title='bbox 571 2861 668 2917; x_wconf 84' lang='lat' dir='ltr'><strong>tibi</strong></span> <span class='ocrx_word' id='word_1_221' title='bbox 689 2862 793 2933; x_wconf 86' lang='lat' dir='ltr'><strong>ipsi</strong></span> <span class='ocrx_word' id='word_1_222' title='bbox 821 2864 1059 2934; x_wconf 87' lang='lat' dir='ltr'><strong>quotidie</strong></span> <span class='ocrx_word' id='word_1_223' title='bbox 1084 2867 1243 2922; x_wconf 88' lang='lat' dir='ltr'><strong>verba</strong></span> <span class='ocrx_word' id='word_1_224' title='bbox 1266 2868 1451 2923; x_wconf 90' lang='lat' dir='ltr'><strong>occine</strong></span> <span class='ocrx_word' id='word_1_225' title='bbox 1474 2885 1491 2925; x_wconf 90' lang='lat'><strong><em>:</em></strong></span> <span class='ocrx_word' id='word_1_226' title='bbox 1515 2869 1655 2940; x_wconf 89' lang='lat' dir='ltr'><strong>quod</strong></span> <span class='ocrx_word' id='word_1_227' title='bbox 1687 2870 1734 2925; x_wconf 89' lang='lat' dir='ltr'><strong>si</strong></span> <span class='ocrx_word' id='word_1_228' title='bbox 1759 2870 1985 2926; x_wconf 85' lang='lat' dir='ltr'><strong>alterius</strong></span> <span class='ocrx_word' id='word_1_229' title='bbox 2027 2886 2165 2927; x_wconf 88' lang='lat' dir='ltr'><strong>uxo-</strong></span> 
     </span>
    </p>
   </div>
   <div class='ocr_carea' id='block_1_30' title="bbox 570 2953 2166 3031">
    <p class='ocr_par' dir='ltr' id='par_1_30' title="bbox 570 2953 2166 3031">
     <span class='ocr_line' id='line_1_30' title="bbox 570 2953 2166 3031; baseline 0.008 -22"><span class='ocrx_word' id='word_1_230' title='bbox 570 2953 647 3010; x_wconf 86' lang='lat' dir='ltr'><strong>ris</strong></span> <span class='ocrx_word' id='word_1_231' title='bbox 677 2954 730 3010; x_wconf 87' lang='lat' dir='ltr'><strong>in</strong></span> <span class='ocrx_word' id='word_1_232' title='bbox 758 2967 809 3012; x_wconf 89' lang='lat' dir='ltr'><strong>te</strong></span> <span class='ocrx_word' id='word_1_233' title='bbox 848 2957 1049 3013; x_wconf 86' lang='lat' dir='ltr'><strong>sentias</strong></span> <span class='ocrx_word' id='word_1_234' title='bbox 1078 2959 1422 3029; x_wconf 89' lang='lat' dir='ltr'><strong>cupiditatem</strong></span> <span class='ocrx_word' id='word_1_235' title='bbox 1462 2961 1844 3031; x_wconf 87' lang='lat' dir='ltr'><strong>exardescere,</strong></span> <span class='ocrx_word' id='word_1_236' title='bbox 1886 2979 1951 3021; x_wconf 92' lang='lat' dir='ltr'><strong>ac</strong></span> <span class='ocrx_word' id='word_1_237' title='bbox 1971 2964 2166 3023; x_wconf 89' lang='lat' dir='ltr'><strong>deinde</strong></span> 
     </span>
    </p>
   </div>
   <div class='ocr_carea' id='block_1_31' title="bbox 571 3043 2169 3130">
    <p class='ocr_par' dir='ltr' id='par_1_31' title="bbox 571 3043 2169 3130">
     <span class='ocr_line' id='line_1_31' title="bbox 571 3043 2169 3130; baseline 0.009 -29"><span class='ocrx_word' id='word_1_238' title='bbox 571 3046 751 3102; x_wconf 83' lang='lat' dir='ltr'><strong>minus</strong></span> <span class='ocrx_word' id='word_1_239' title='bbox 778 3048 980 3106; x_wconf 78' lang='lat' dir='ltr'><strong>idcirco</strong></span> <span class='ocrx_word' id='word_1_240' title='bbox 1006 3049 1100 3105; x_wconf 86' lang='lat' dir='ltr'><strong>tibi</strong></span> <span class='ocrx_word' id='word_1_241' title='bbox 1138 3058 1283 3106; x_wconf 90' lang='lat' dir='ltr'><strong>tuam</strong></span> <span class='ocrx_word' id='word_1_242' title='bbox 1329 3068 1551 3109; x_wconf 86' lang='lat' dir='ltr'><strong>uxorem</strong></span> <span class='ocrx_word' id='word_1_243' title='bbox 1589 3043 1844 3125; x_wconf 75' lang='lat' dir='ltr'><strong>placere,</strong></span> <span class='ocrx_word' id='word_1_244' title='bbox 1893 3058 2169 3130; x_wconf 87' lang='lat' dir='ltr'><strong>ingressus</strong></span> 
     </span>
    </p>
   </div>
   <div class='ocr_carea' id='block_1_32' title="bbox 573 3141 2167 3223">
    <p class='ocr_par' dir='ltr' id='par_1_32' title="bbox 573 3141 2167 3223">
     <span class='ocr_line' id='line_1_32' title="bbox 573 3141 2167 3223; baseline 0.009 -28"><span class='ocrx_word' id='word_1_245' title='bbox 573 3141 829 3197; x_wconf 84' lang='lat' dir='ltr'><strong>conclave</strong></span> <span class='ocrx_word' id='word_1_246' title='bbox 848 3182 864 3207; x_wconf 94' lang='lat'><strong>,</strong></span> <span class='ocrx_word' id='word_1_247' title='bbox 908 3141 1104 3199; x_wconf 84' lang='lat' dir='ltr'><strong>librum</strong></span> <span class='ocrx_word' id='word_1_248' title='bbox 1136 3142 1278 3199; x_wconf 90' lang='lat' dir='ltr'><strong>hunc</strong></span> <span class='ocrx_word' id='word_1_249' title='bbox 1296 3146 1518 3212; x_wconf 90' lang='lat' dir='ltr'><strong>evolve,</strong></span> <span class='ocrx_word' id='word_1_250' title='bbox 1549 3145 1879 3223; x_wconf 84' lang='lat' dir='ltr'><strong>Paulumque</strong></span> <span class='ocrx_word' id='word_1_251' title='bbox 1907 3152 2167 3210; x_wconf 86' lang='lat' dir='ltr'><strong>adhibens</strong></span> 
     </span>
    </p>
   </div>
   <div class='ocr_carea' id='block_1_33' title="bbox 574 3234 2166 3311">
    <p class='ocr_par' dir='ltr' id='par_1_33' title="bbox 574 3234 2166 3311">
     <span class='ocr_line' id='line_1_33' title="bbox 574 3234 2166 3311; baseline 0.008 -23"><span class='ocrx_word' id='word_1_252' title='bbox 574 3234 1021 3301; x_wconf 85' lang='lat' dir='ltr'><strong>interventorem,</strong></span> <span class='ocrx_word' id='word_1_253' title='bbox 1047 3250 1111 3289; x_wconf 86' lang='lat' dir='ltr'><strong>ac</strong></span> <span class='ocrx_word' id='word_1_254' title='bbox 1136 3236 1228 3291; x_wconf 89' lang='lat' dir='ltr'><strong>tibi</strong></span> <span class='ocrx_word' id='word_1_255' title='bbox 1258 3234 1374 3293; x_wconf 62' lang='lat' dir='ltr'><strong>huic</strong></span> <span class='ocrx_word' id='word_1_256' title='bbox 1396 3238 1559 3294; x_wconf 89' lang='lat' dir='ltr'><strong>verba</strong></span> <span class='ocrx_word' id='word_1_257' title='bbox 1586 3237 1893 3311; x_wconf 79' lang='lat' dir='ltr'><strong>frequenter</strong></span> <span class='ocrx_word' id='word_1_258' title='bbox 1914 3244 2166 3311; x_wconf 83' lang='lat' dir='ltr'><strong>occinens</strong></span> 
     </span>
    </p>
   </div>
   <div class='ocr_carea' id='block_1_34' title="bbox 572 3321 1167 3395">
    <p class='ocr_par' dir='ltr' id='par_1_34' title="bbox 572 3321 1167 3395">
     <span class='ocr_line' id='line_1_34' title="bbox 572 3321 1167 3395; baseline 0.002 -17"><span class='ocrx_word' id='word_1_259' title='bbox 572 3321 841 3378; x_wconf 79' lang='lat' dir='ltr'><strong>ﬂammam</strong></span> <span class='ocrx_word' id='word_1_260' title='bbox 870 3327 1167 3395; x_wconf 88' lang='lat' dir='ltr'><strong>exstingue.</strong></span> 
     </span>
    </p>
   </div>
   <div class='ocr_carea' id='block_1_35' title="bbox 646 3410 2169 3496">
    <p class='ocr_par' dir='ltr' id='par_1_35' title="bbox 646 3410 2169 3496">
     <span class='ocr_line' id='line_1_35' title="bbox 646 3410 2169 3496; baseline 0.01 -30"><span class='ocrx_word' id='word_1_261' title='bbox 646 3410 796 3467; x_wconf 80' lang='lat' dir='ltr'><strong>Nihil</strong></span> <span class='ocrx_word' id='word_1_262' title='bbox 820 3417 1018 3484; x_wconf 85' lang='lat' dir='ltr'><strong>turpius</strong></span> <span class='ocrx_word' id='word_1_263' title='bbox 1047 3417 1153 3470; x_wconf 76' lang='lat' dir='ltr'><strong>viro</strong></span> <span class='ocrx_word' id='word_1_264' title='bbox 1179 3427 1446 3475; x_wconf 86' lang='lat' dir='ltr'><strong>scortante.</strong></span> <span class='ocrx_word' id='word_1_265' title='bbox 1464 3450 1538 3461; x_wconf 92' lang='lat'><strong>--</strong></span> <span class='ocrx_word' id='word_1_266' title='bbox 1561 3420 1651 3477; x_wconf 92' lang='lat' dir='ltr'><strong>Sic</strong></span> <span class='ocrx_word' id='word_1_267' title='bbox 1678 3421 1770 3479; x_wconf 83' lang='lat' dir='ltr'><strong>ﬂet</strong></span> <span class='ocrx_word' id='word_1_268' title='bbox 1798 3432 1856 3480; x_wconf 91' lang='lat' dir='ltr'><strong>ut</strong></span> <span class='ocrx_word' id='word_1_269' title='bbox 1882 3434 1937 3480; x_wconf 89' lang='lat' dir='ltr'><strong>et</strong></span> <span class='ocrx_word' id='word_1_270' title='bbox 1964 3426 2169 3496; x_wconf 88' lang='lat' dir='ltr'><strong>gratior</strong></span> 
     </span>
    </p>
   </div>
   <div class='ocr_carea' id='block_1_36' title="bbox 573 3503 2159 3585">
    <p class='ocr_par' dir='ltr' id='par_1_36' title="bbox 573 3503 2159 3585">
     <span class='ocr_line' id='line_1_36' title="bbox 573 3503 2159 3585; baseline 0.009 -28"><span class='ocrx_word' id='word_1_271' title='bbox 573 3503 666 3559; x_wconf 89' lang='lat' dir='ltr'><strong>tibi</strong></span> <span class='ocrx_word' id='word_1_272' title='bbox 690 3520 901 3560; x_wconf 88' lang='lat' dir='ltr'><strong>rursum</strong></span> <span class='ocrx_word' id='word_1_273' title='bbox 926 3505 1101 3561; x_wconf 82' lang='lat' dir='ltr'><strong>futura</strong></span> <span class='ocrx_word' id='word_1_274' title='bbox 1124 3508 1195 3563; x_wconf 89' lang='lat' dir='ltr'><strong>sit</strong></span> <span class='ocrx_word' id='word_1_275' title='bbox 1216 3524 1370 3575; x_wconf 89' lang='lat' dir='ltr'><strong>uxor,</strong></span> <span class='ocrx_word' id='word_1_276' title='bbox 1399 3524 1521 3565; x_wconf 89' lang='lat' dir='ltr'><strong>cum</strong></span> <span class='ocrx_word' id='word_1_277' title='bbox 1547 3513 1696 3568; x_wconf 86' lang='lat' dir='ltr'><strong>nulla</strong></span> <span class='ocrx_word' id='word_1_278' title='bbox 1721 3514 1984 3585; x_wconf 84' lang='lat' dir='ltr'><strong>cupiditas</strong></span> <span class='ocrx_word' id='word_1_279' title='bbox 2014 3527 2159 3573; x_wconf 89' lang='lat' dir='ltr'><strong>tuam</strong></span> 
     </span>
    </p>
   </div>
   <div class='ocr_carea' id='block_1_37' title="bbox 570 3594 2165 3677">
    <p class='ocr_par' dir='ltr' id='par_1_37' title="bbox 570 3594 2165 3677">
     <span class='ocr_line' id='line_1_37' title="bbox 570 3594 2165 3677; baseline 0.011 -28"><span class='ocrx_word' id='word_1_280' title='bbox 570 3609 696 3664; x_wconf 84' lang='lat' dir='ltr'><strong>erga</strong></span> <span class='ocrx_word' id='word_1_281' title='bbox 727 3594 871 3649; x_wconf 87' lang='lat' dir='ltr'><strong>illam</strong></span> <span class='ocrx_word' id='word_1_282' title='bbox 918 3595 1341 3654; x_wconf 85' lang='lat' dir='ltr'><strong>benevolentiam</strong></span> <span class='ocrx_word' id='word_1_283' title='bbox 1385 3601 1711 3658; x_wconf 80' lang='lat' dir='ltr'><strong>labefactet:</strong></span> <span class='ocrx_word' id='word_1_284' title='bbox 1745 3620 1919 3677; x_wconf 89' lang='lat' dir='ltr'><strong>neque</strong></span> <span class='ocrx_word' id='word_1_285' title='bbox 1960 3616 2165 3665; x_wconf 87' lang='lat' dir='ltr'><strong>tantum</strong></span> 
     </span>
    </p>
   </div>
   <div class='ocr_carea' id='block_1_38' title="bbox 570 3686 2167 3765">
    <p class='ocr_par' dir='ltr' id='par_1_38' title="bbox 570 3686 2167 3765">
     <span class='ocr_line' id='line_1_38' title="bbox 570 3686 2167 3765; baseline 0.013 -27"><span class='ocrx_word' id='word_1_286' title='bbox 570 3686 774 3755; x_wconf 85' lang='lat' dir='ltr'><strong>gratior</strong></span> <span class='ocrx_word' id='word_1_287' title='bbox 816 3688 917 3742; x_wconf 91' lang='lat' dir='ltr'><strong>erit</strong></span> <span class='ocrx_word' id='word_1_288' title='bbox 946 3705 1101 3757; x_wconf 86' lang='lat' dir='ltr'><strong>uxor,</strong></span> <span class='ocrx_word' id='word_1_289' title='bbox 1130 3692 1223 3746; x_wconf 89' lang='lat' dir='ltr'><strong>sed</strong></span> <span class='ocrx_word' id='word_1_290' title='bbox 1272 3700 1326 3746; x_wconf 88' lang='lat' dir='ltr'><strong>tu</strong></span> <span class='ocrx_word' id='word_1_291' title='bbox 1353 3708 1565 3765; x_wconf 86' lang='lat' dir='ltr'><strong>quoque</strong></span> <span class='ocrx_word' id='word_1_292' title='bbox 1593 3695 1867 3753; x_wconf 86' lang='lat' dir='ltr'><strong>honestior</strong></span> <span class='ocrx_word' id='word_1_293' title='bbox 1908 3715 1972 3756; x_wconf 90' lang='lat' dir='ltr'><strong>ac</strong></span> <span class='ocrx_word' id='word_1_294' title='bbox 2000 3717 2167 3757; x_wconf 80' lang='lat' dir='ltr'><strong>venu-</strong></span> 
     </span>
    </p>
   </div>
   <div class='ocr_carea' id='block_1_39' title="bbox 571 3778 2167 3862">
    <p class='ocr_par' dir='ltr' id='par_1_39' title="bbox 571 3778 2167 3862">
     <span class='ocr_line' id='line_1_39' title="bbox 571 3778 2167 3862; baseline 0.012 -31"><span class='ocrx_word' id='word_1_295' title='bbox 571 3778 705 3832; x_wconf 90' lang='lat' dir='ltr'><strong>stior</strong></span> <span class='ocrx_word' id='word_1_296' title='bbox 728 3792 851 3849; x_wconf 74' lang='lat' dir='ltr'><strong>esse</strong></span> <span class='ocrx_word' id='word_1_297' title='bbox 876 3778 1159 3837; x_wconf 83' lang='lat' dir='ltr'><strong>videberis.</strong></span> <span class='ocrx_word' id='word_1_298' title='bbox 1189 3782 1331 3839; x_wconf 82' lang='lat' dir='ltr'><strong>Nihil</strong></span> <span class='ocrx_word' id='word_1_299' title='bbox 1377 3788 1518 3841; x_wconf 91' lang='lat' dir='ltr'><strong>enim</strong></span> <span class='ocrx_word' id='word_1_300' title='bbox 1544 3797 1627 3843; x_wconf 90' lang='lat' dir='ltr'><strong>est</strong></span> <span class='ocrx_word' id='word_1_301' title='bbox 1646 3829 1661 3853; x_wconf 94' lang='lat'><strong>,</strong></span> <span class='ocrx_word' id='word_1_302' title='bbox 1689 3790 1839 3845; x_wconf 79' lang='lat' dir='ltr'><strong>mihi!</strong></span> <span class='ocrx_word' id='word_1_303' title='bbox 1867 3794 2024 3862; x_wconf 89' lang='lat' dir='ltr'><strong>p‘ane</strong></span> <span class='ocrx_word' id='word_1_304' title='bbox 2051 3804 2167 3849; x_wconf 87' lang='lat' dir='ltr'><strong>tur-</strong></span> 
     </span>
    </p>
   </div>
   <div class='ocr_carea' id='block_1_40' title="bbox 573 3866 2166 3941">
    <p class='ocr_par' dir='ltr' id='par_1_40' title="bbox 573 3866 2166 3941">
     <span class='ocr_line' id='line_1_40' title="bbox 573 3866 2166 3941; baseline 0.014 -22"><span class='ocrx_word' id='word_1_305' title='bbox 573 3866 692 3935; x_wconf 85' lang='lat' dir='ltr'><strong>pius</strong></span> <span class='ocrx_word' id='word_1_306' title='bbox 741 3868 979 3934; x_wconf 88' lang='lat' dir='ltr'><strong>homine,</strong></span> <span class='ocrx_word' id='word_1_307' title='bbox 1029 3872 1121 3941; x_wconf 91' lang='lat' dir='ltr'><strong>qui</strong></span> <span class='ocrx_word' id='word_1_308' title='bbox 1171 3885 1446 3931; x_wconf 87' lang='lat' dir='ltr'><strong>contracto</strong></span> <span class='ocrx_word' id='word_1_309' title='bbox 1491 3881 1833 3936; x_wconf 88' lang='lat' dir='ltr'><strong>matrimonio</strong></span> <span class='ocrx_word' id='word_1_310' title='bbox 1878 3894 2166 3941; x_wconf 79' lang='lat' dir='ltr'><strong>scortntur.</strong></span> 
     </span>
    </p>
   </div>
   <div class='ocr_carea' id='block_1_41' title="bbox 572 3958 2167 4045">
    <p class='ocr_par' dir='ltr' id='par_1_41' title="bbox 572 3958 2167 4045">
     <span class='ocr_line' id='line_1_41' title="bbox 572 3958 2167 4045; baseline 0.013 -32"><span class='ocrx_word' id='word_1_311' title='bbox 572 3958 691 4015; x_wconf 80' lang='lat' dir='ltr'><strong>Non</strong></span> <span class='ocrx_word' id='word_1_312' title='bbox 718 3962 857 4016; x_wconf 91' lang='lat' dir='ltr'><strong>enim</strong></span> <span class='ocrx_word' id='word_1_313' title='bbox 882 3978 1060 4018; x_wconf 88' lang='lat' dir='ltr'><strong>coram</strong></span> <span class='ocrx_word' id='word_1_314' title='bbox 1093 3980 1282 4023; x_wconf 86' lang='lat' dir='ltr'><strong>socero</strong></span> <span class='ocrx_word' id='word_1_315' title='bbox 1308 3977 1534 4035; x_wconf 88' lang='lat' dir='ltr'><strong>tantum,</strong></span> <span class='ocrx_word' id='word_1_316' title='bbox 1565 3984 1619 4027; x_wconf 94' lang='lat' dir='ltr'><strong>et</strong></span> <span class='ocrx_word' id='word_1_317' title='bbox 1658 3975 1869 4041; x_wconf 88' lang='lat' dir='ltr'><strong>amicis,</strong></span> <span class='ocrx_word' id='word_1_318' title='bbox 1902 3986 1957 4032; x_wconf 93' lang='lat' dir='ltr'><strong>et</strong></span> <span class='ocrx_word' id='word_1_319' title='bbox 1973 3978 2167 4045; x_wconf 87' lang='lat' dir='ltr'><strong>obviis,</strong></span> 
     </span>
    </p>
   </div>
   <div class='ocr_carea' id='block_1_42' title="bbox 572 4051 2169 4137">
    <p class='ocr_par' dir='ltr' id='par_1_42' title="bbox 572 4051 2169 4137">
     <span class='ocr_line' id='line_1_42' title="bbox 572 4051 2169 4137; baseline 0.013 -31"><span class='ocrx_word' id='word_1_320' title='bbox 572 4051 667 4107; x_wconf 89' lang='lat' dir='ltr'><strong>sed</strong></span> <span class='ocrx_word' id='word_1_321' title='bbox 696 4054 854 4109; x_wconf 90' lang='lat' dir='ltr'><strong>etiam</strong></span> <span class='ocrx_word' id='word_1_322' title='bbox 886 4070 1067 4111; x_wconf 90' lang='lat' dir='ltr'><strong>coram</strong></span> <span class='ocrx_word' id='word_1_323' title='bbox 1096 4059 1267 4115; x_wconf 80' lang='lat' dir='ltr'><strong>servis</strong></span> <span class='ocrx_word' id='word_1_324' title='bbox 1298 4061 1428 4131; x_wconf 78' lang='lat' dir='ltr'><strong>ipsis</strong></span> <span class='ocrx_word' id='word_1_325' title='bbox 1452 4066 1741 4121; x_wconf 87' lang='lat' dir='ltr'><strong>erubescit.</strong></span> <span class='ocrx_word' id='word_1_326' title='bbox 1782 4067 1967 4137; x_wconf 84' lang='lat' dir='ltr'><strong>Neque</strong></span> <span class='ocrx_word' id='word_1_327' title='bbox 1996 4072 2169 4128; x_wconf 87' lang='lat' dir='ltr'><strong>solum</strong></span> 
     </span>
    </p>
   </div>
   <div class='ocr_carea' id='block_1_43' title="bbox 572 4147 2170 4232">
    <p class='ocr_par' dir='ltr' id='par_1_43' title="bbox 572 4147 2170 4232">
     <span class='ocr_line' id='line_1_43' title="bbox 572 4147 2170 4232; baseline 0.014 -37"><span class='ocrx_word' id='word_1_328' title='bbox 572 4152 656 4196; x_wconf 85' lang='lat' dir='ltr'><strong>est</strong></span> <span class='ocrx_word' id='word_1_329' title='bbox 683 4147 783 4199; x_wconf 87' lang='lat' dir='ltr'><strong>hoc</strong></span> <span class='ocrx_word' id='word_1_330' title='bbox 819 4147 1039 4214; x_wconf 89' lang='lat' dir='ltr'><strong>malum,</strong></span> <span class='ocrx_word' id='word_1_331' title='bbox 1070 4150 1163 4204; x_wconf 86' lang='lat' dir='ltr'><strong>sed</strong></span> <span class='ocrx_word' id='word_1_332' title='bbox 1194 4152 1379 4219; x_wconf 88' lang='lat' dir='ltr'><strong>etiam,</strong></span> <span class='ocrx_word' id='word_1_333' title='bbox 1417 4156 1561 4225; x_wconf 82' lang='lat' dir='ltr'><strong>quod</strong></span> <span class='ocrx_word' id='word_1_334' title='bbox 1591 4158 1757 4225; x_wconf 89' lang='lat' dir='ltr'><strong>ipsius</strong></span> <span class='ocrx_word' id='word_1_335' title='bbox 1785 4159 1977 4216; x_wconf 87' lang='lat' dir='ltr'><strong>domus</strong></span> <span class='ocrx_word' id='word_1_336' title='bbox 2011 4178 2170 4232; x_wconf 83' lang='lat' dir='ltr'><strong>aspe-</strong></span> 
     </span>
    </p>
   </div>
   <div class='ocr_carea' id='block_1_44' title="bbox 573 4234 2168 4319">
    <p class='ocr_par' dir='ltr' id='par_1_44' title="bbox 573 4234 2168 4319">
     <span class='ocr_line' id='line_1_44' title="bbox 573 4234 2168 4319; baseline 0.014 -33"><span class='ocrx_word' id='word_1_337' title='bbox 573 4242 691 4287; x_wconf 88' lang='lat' dir='ltr'><strong>ctus</strong></span> <span class='ocrx_word' id='word_1_338' title='bbox 738 4234 1075 4306; x_wconf 86' lang='lat' dir='ltr'><strong>injucundior</strong></span> <span class='ocrx_word' id='word_1_339' title='bbox 1106 4242 1245 4305; x_wconf 88' lang='lat' dir='ltr'><strong>erit,</strong></span> <span class='ocrx_word' id='word_1_340' title='bbox 1278 4258 1436 4319; x_wconf 81' lang='lat' dir='ltr'><strong>quam</strong></span> <span class='ocrx_word' id='word_1_341' title='bbox 1464 4248 1697 4315; x_wconf 75' lang='lat' dir='ltr'><strong>carceris</strong></span> <span class='ocrx_word' id='word_1_342' title='bbox 1741 4248 1998 4319; x_wconf 83' lang='lat' dir='ltr'><strong>cujusvis,</strong></span> <span class='ocrx_word' id='word_1_343' title='bbox 2047 4269 2168 4309; x_wconf 87' lang='lat' dir='ltr'><strong>cum</strong></span> 
     </span>
    </p>
   </div>
   <div class='ocr_carea' id='block_1_45' title="bbox 573 4325 2171 4407">
    <p class='ocr_par' dir='ltr' id='par_1_45' title="bbox 573 4325 2171 4407">
     <span class='ocr_line' id='line_1_45' title="bbox 573 4325 2171 4407; baseline 0.014 -27"><span class='ocrx_word' id='word_1_344' title='bbox 573 4325 804 4382; x_wconf 83' lang='lat' dir='ltr'><strong>amicam</strong></span> <span class='ocrx_word' id='word_1_345' title='bbox 833 4336 959 4385; x_wconf 87' lang='lat' dir='ltr'><strong>ante</strong></span> <span class='ocrx_word' id='word_1_346' title='bbox 988 4331 1172 4385; x_wconf 89' lang='lat' dir='ltr'><strong>oculos</strong></span> <span class='ocrx_word' id='word_1_347' title='bbox 1219 4336 1445 4400; x_wconf 86' lang='lat' dir='ltr'><strong>positam</strong></span> <span class='ocrx_word' id='word_1_348' title='bbox 1504 4336 1729 4407; x_wconf 82' lang='lat' dir='ltr'><strong>habeat,</strong></span> <span class='ocrx_word' id='word_1_349' title='bbox 1778 4356 1842 4397; x_wconf 88' lang='lat' dir='ltr'><strong>ac</strong></span> <span class='ocrx_word' id='word_1_350' title='bbox 1870 4345 2171 4403; x_wconf 90' lang='lat' dir='ltr'><strong>meretricis</strong></span> 
     </span>
    </p>
   </div>
   <div class='ocr_carea' id='block_1_46' title="bbox 574 4420 1534 4491">
    <p class='ocr_par' dir='ltr' id='par_1_46' title="bbox 574 4420 1534 4491">
     <span class='ocr_line' id='line_1_46' title="bbox 574 4420 1534 4491; baseline 0.007 -18"><span class='ocrx_word' id='word_1_351' title='bbox 574 4432 787 4486; x_wconf 84' lang='lat' dir='ltr'><strong>semper</strong></span> <span class='ocrx_word' id='word_1_352' title='bbox 809 4420 1092 4491; x_wconf 89' lang='lat' dir='ltr'><strong>imaginem</strong></span> <span class='ocrx_word' id='word_1_353' title='bbox 1115 4434 1297 4481; x_wconf 89' lang='lat' dir='ltr'><strong>mente</strong></span> <span class='ocrx_word' id='word_1_354' title='bbox 1322 4426 1534 4483; x_wconf 78' lang='lat' dir='ltr'><strong>verset?</strong></span> 
     </span>
    </p>
   </div>
   <div class='ocr_carea' id='block_1_47' title="bbox 649 4508 2173 4593">
    <p class='ocr_par' dir='ltr' id='par_1_47' title="bbox 649 4508 2173 4593">
     <span class='ocr_line' id='line_1_47' title="bbox 649 4508 2173 4593; baseline 0.012 -28"><span class='ocrx_word' id='word_1_355' title='bbox 649 4508 803 4565; x_wconf 77' lang='lat' dir='ltr'><strong>5.Vis</strong></span> <span class='ocrx_word' id='word_1_356' title='bbox 826 4518 881 4565; x_wconf 90' lang='lat' dir='ltr'><strong>tu</strong></span> <span class='ocrx_word' id='word_1_357' title='bbox 903 4513 1415 4586; x_wconf 77' lang='lat' dir='ltr'><strong>probeintelligere,</strong></span> <span class='ocrx_word' id='word_1_358' title='bbox 1433 4527 1688 4593; x_wconf 77' lang='lat' dir='ltr'><strong>quantum</strong></span> <span class='ocrx_word' id='word_1_359' title='bbox 1717 4523 1787 4577; x_wconf 90' lang='lat' dir='ltr'><strong>sit</strong></span> <span class='ocrx_word' id='word_1_360' title='bbox 1806 4523 1906 4580; x_wconf 91' lang='lat' dir='ltr'><strong>hoc</strong></span> <span class='ocrx_word' id='word_1_361' title='bbox 1928 4526 2125 4585; x_wconf 87' lang='lat' dir='ltr'><strong>malum</strong></span> <span class='ocrx_word' id='word_1_362' title='bbox 2148 4529 2173 4584; x_wconf 67' lang='grc' dir='ltr'>ἲ</span> 
     </span>
    </p>
   </div>
   <div class='ocr_carea' id='block_1_48' title="bbox 573 4597 2171 4689">
    <p class='ocr_par' dir='ltr' id='par_1_48' title="bbox 573 4597 2171 4689">
     <span class='ocr_line' id='line_1_48' title="bbox 573 4597 2171 4689; baseline 0.014 -37"><span class='ocrx_word' id='word_1_363' title='bbox 573 4597 759 4670; x_wconf 85' lang='lat' dir='ltr'><strong>Cogita</strong></span> <span class='ocrx_word' id='word_1_364' title='bbox 804 4604 1013 4671; x_wconf 89' lang='lat' dir='ltr'><strong>qualem</strong></span> <span class='ocrx_word' id='word_1_365' title='bbox 1039 4603 1237 4661; x_wconf 89' lang='lat' dir='ltr'><strong>ducant</strong></span> <span class='ocrx_word' id='word_1_366' title='bbox 1270 4608 1455 4676; x_wconf 88' lang='lat' dir='ltr'><strong>vitam,</strong></span> <span class='ocrx_word' id='word_1_367' title='bbox 1479 4611 1567 4681; x_wconf 82' lang='lat' dir='ltr'><strong>qui</strong></span> <span class='ocrx_word' id='word_1_368' title='bbox 1593 4626 1719 4667; x_wconf 89' lang='lat' dir='ltr'><strong>suas</strong></span> <span class='ocrx_word' id='word_1_369' title='bbox 1757 4629 1953 4671; x_wconf 79' lang='lat' dir='ltr'><strong>uxores</strong></span> <span class='ocrx_word' id='word_1_370' title='bbox 1981 4614 2171 4689; x_wconf 85' lang='lat' dir='ltr'><strong>suspe-</strong></span> 
     </span>
    </p>
   </div>
   <div class='ocr_carea' id='block_1_49' title="bbox 465 4689 2174 4781">
    <p class='ocr_par' dir='ltr' id='par_1_49' title="bbox 465 4689 2174 4781">
     <span class='ocr_line' id='line_1_49' title="bbox 465 4689 2174 4781; baseline 0.013 -38"><span class='ocrx_word' id='word_1_371' title='bbox 465 4777 472 4781; x_wconf 59' lang='lat'>_</span> <span class='ocrx_word' id='word_1_372' title='bbox 575 4700 689 4745; x_wconf 87' lang='lat' dir='ltr'><strong>ctas</strong></span> <span class='ocrx_word' id='word_1_373' title='bbox 716 4689 933 4757; x_wconf 70' lang='lat' dir='ltr'><strong>habent,</strong></span> <span class='ocrx_word' id='word_1_374' title='bbox 962 4708 1069 4765; x_wconf 91' lang='lat' dir='ltr'><strong>quo</strong></span> <span class='ocrx_word' id='word_1_375' title='bbox 1096 4705 1251 4765; x_wconf 83' lang='lat' dir='ltr'><strong>pacto</strong></span> <span class='ocrx_word' id='word_1_376' title='bbox 1276 4696 1579 4769; x_wconf 78' lang='lat' dir='ltr'><strong>injucundze</strong></span> <span class='ocrx_word' id='word_1_377' title='bbox 1622 4702 1727 4763; x_wconf 88' lang='lat' dir='ltr'><strong>illis</strong></span> <span class='ocrx_word' id='word_1_378' title='bbox 1752 4706 1863 4765; x_wconf 89' lang='lat' dir='ltr'><strong>sint</strong></span> <span class='ocrx_word' id='word_1_379' title='bbox 1898 4721 2059 4777; x_wconf 72' lang='lat' dir='ltr'><strong>escae,</strong></span> <span class='ocrx_word' id='word_1_380' title='bbox 2083 4707 2174 4765; x_wconf 85' lang='lat' dir='ltr'><strong>in-</strong></span> 
     </span>
    </p>
   </div>
   <div class='ocr_carea' id='block_1_50' title="bbox 577 4782 2172 4869">
    <p class='ocr_par' dir='ltr' id='par_1_50' title="bbox 577 4782 2172 4869">
     <span class='ocr_line' id='line_1_50' title="bbox 577 4782 2172 4869; baseline 0.016 -34"><span class='ocrx_word' id='word_1_381' title='bbox 577 4782 791 4852; x_wconf 83' lang='lat' dir='ltr'><strong>jucundi</strong></span> <span class='ocrx_word' id='word_1_382' title='bbox 844 4794 1019 4855; x_wconf 88' lang='lat' dir='ltr'><strong>potus.</strong></span> <span class='ocrx_word' id='word_1_383' title='bbox 1074 4785 1302 4843; x_wconf 82' lang='lat' dir='ltr'><strong>Vencnis</strong></span> <span class='ocrx_word' id='word_1_384' title='bbox 1346 4806 1530 4847; x_wconf 90' lang='lat' dir='ltr'><strong>mensa</strong></span> <span class='ocrx_word' id='word_1_385' title='bbox 1572 4795 1781 4857; x_wconf 86' lang='lat' dir='ltr'><strong>videtur</strong></span> <span class='ocrx_word' id='word_1_386' title='bbox 1824 4811 2066 4869; x_wconf 83' lang='lat' dir='ltr'><strong>scatere,</strong></span> <span class='ocrx_word' id='word_1_387' title='bbox 2119 4814 2172 4861; x_wconf 80' lang='lat' dir='ltr'><strong>et</strong></span> 
     </span>
    </p>
   </div>
   <div class='ocr_carea' id='block_1_51' title="bbox 582 4877 2174 4954">
    <p class='ocr_par' dir='ltr' id='par_1_51' title="bbox 582 4877 2174 4954">
     <span class='ocr_line' id='line_1_51' title="bbox 582 4877 2174 4954; baseline 0.017 -28"><span class='ocrx_word' id='word_1_388' title='bbox 582 4884 855 4944; x_wconf 84' lang='lat' dir='ltr'><strong>tamquam</strong></span> <span class='ocrx_word' id='word_1_389' title='bbox 897 4877 1122 4932; x_wconf 89' lang='lat' dir='ltr'><strong>exitium</strong></span> <span class='ocrx_word' id='word_1_390' title='bbox 1174 4878 1394 4935; x_wconf 88' lang='lat' dir='ltr'><strong>domum</strong></span> <span class='ocrx_word' id='word_1_391' title='bbox 1426 4881 1632 4954; x_wconf 74' lang='lat' dir='ltr'><strong>fugiunt</strong></span> <span class='ocrx_word' id='word_1_392' title='bbox 1674 4890 1833 4950; x_wconf 80' lang='lat' dir='ltr'><strong>malis</strong></span> <span class='ocrx_word' id='word_1_393' title='bbox 1875 4892 2174 4953; x_wconf 79' lang='lat' dir='ltr'><strong>innumeris</strong></span> 
     </span>
    </p>
   </div>
   <div class='ocr_carea' id='block_1_52' title="bbox 580 4965 2169 5055">
    <p class='ocr_par' dir='ltr' id='par_1_52' title="bbox 580 4965 2169 5055">
     <span class='ocr_line' id='line_1_52' title="bbox 580 4965 2169 5055; baseline 0.013 -35"><span class='ocrx_word' id='word_1_394' title='bbox 580 4965 987 5023; x_wconf 87' lang='lat' dir='ltr'><strong>redundantem.</strong></span> <span class='ocrx_word' id='word_1_395' title='bbox 1020 4968 1135 5025; x_wconf 79' lang='lat' dir='ltr'><strong>Non</strong></span> <span class='ocrx_word' id='word_1_396' title='bbox 1169 4971 1274 5028; x_wconf 86' lang='lat' dir='ltr'><strong>illis</strong></span> <span class='ocrx_word' id='word_1_397' title='bbox 1302 4990 1543 5042; x_wconf 90' lang='lat' dir='ltr'><strong>somnus,</strong></span> <span class='ocrx_word' id='word_1_398' title='bbox 1572 4994 1679 5037; x_wconf 85' lang='lat' dir='ltr'><strong>non</strong></span> <span class='ocrx_word' id='word_1_399' title='bbox 1702 4996 1804 5035; x_wconf 82' lang='lat' dir='ltr'><strong>nox</strong></span> <span class='ocrx_word' id='word_1_400' title='bbox 1831 4994 1913 5040; x_wconf 87' lang='lat' dir='ltr'><strong>est</strong></span> <span class='ocrx_word' id='word_1_401' title='bbox 1939 4986 2169 5055; x_wconf 85' lang='lat' dir='ltr'><strong>placida,</strong></span> 
     </span>
    </p>
   </div>
   <div class='ocr_carea' id='block_1_53' title="bbox 580 5060 2172 5139">
    <p class='ocr_par' dir='ltr' id='par_1_53' title="bbox 580 5060 2172 5139">
     <span class='ocr_line' id='line_1_53' title="bbox 580 5060 2172 5139; baseline 0.018 -28"><span class='ocrx_word' id='word_1_402' title='bbox 580 5072 685 5112; x_wconf 88' lang='lat' dir='ltr'><strong>non</strong></span> <span class='ocrx_word' id='word_1_403' title='bbox 712 5060 1003 5115; x_wconf 87' lang='lat' dir='ltr'><strong>amicorum</strong></span> <span class='ocrx_word' id='word_1_404' title='bbox 1030 5077 1368 5135; x_wconf 75' lang='lat' dir='ltr'><strong>congressus,</strong></span> <span class='ocrx_word' id='word_1_405' title='bbox 1397 5082 1502 5123; x_wconf 93' lang='lat' dir='ltr'><strong>non</strong></span> <span class='ocrx_word' id='word_1_406' title='bbox 1531 5070 1629 5139; x_wconf 86' lang='lat' dir='ltr'><strong>ipsi</strong></span> <span class='ocrx_word' id='word_1_407' title='bbox 1652 5072 1784 5131; x_wconf 84' lang='lat' dir='ltr'><strong>radii</strong></span> <span class='ocrx_word' id='word_1_408' title='bbox 1806 5076 2009 5135; x_wconf 80' lang='lat' dir='ltr'><strong>salares</strong></span> <span class='ocrx_word' id='word_1_409' title='bbox 2033 5097 2047 5134; x_wconf 90' lang='lat'><strong>:</strong></span> <span class='ocrx_word' id='word_1_410' title='bbox 2077 5080 2172 5139; x_wconf 74' lang='lat' dir='ltr'><strong>sed</strong></span> 
     </span>
    </p>
   </div>
   <div class='ocr_carea' id='block_1_54' title="bbox 577 5152 2170 5229">
    <p class='ocr_par' dir='ltr' id='par_1_54' title="bbox 577 5152 2170 5229">
     <span class='ocr_line' id='line_1_54' title="bbox 577 5152 2170 5229; baseline 0.016 -25"><span class='ocrx_word' id='word_1_411' title='bbox 577 5152 643 5206; x_wconf 84' lang='lat' dir='ltr'><strong>ab</strong></span> <span class='ocrx_word' id='word_1_412' title='bbox 672 5152 788 5222; x_wconf 89' lang='lat' dir='ltr'><strong>ipso</strong></span> <span class='ocrx_word' id='word_1_413' title='bbox 815 5155 1017 5214; x_wconf 86' lang='lat' dir='ltr'><strong>lumine</strong></span> <span class='ocrx_word' id='word_1_414' title='bbox 1044 5171 1103 5212; x_wconf 87' lang='lat' dir='ltr'><strong>se</strong></span> <span class='ocrx_word' id='word_1_415' title='bbox 1123 5157 1321 5215; x_wconf 80' lang='lat' dir='ltr'><strong>oﬂ&#39;eudi</strong></span> <span class='ocrx_word' id='word_1_416' title='bbox 1350 5170 1554 5229; x_wconf 88' lang='lat' dir='ltr'><strong>putant,</strong></span> <span class='ocrx_word' id='word_1_417' title='bbox 1581 5179 1687 5221; x_wconf 89' lang='lat' dir='ltr'><strong>non</strong></span> <span class='ocrx_word' id='word_1_418' title='bbox 1722 5176 1828 5222; x_wconf 68' lang='lat' dir='ltr'><strong>tum</strong></span> <span class='ocrx_word' id='word_1_419' title='bbox 1856 5170 2029 5227; x_wconf 83' lang='lat' dir='ltr'><strong>solum</strong></span> <span class='ocrx_word' id='word_1_420' title='bbox 2046 5189 2170 5229; x_wconf 86' lang='lat' dir='ltr'><strong>cuin</strong></span> 
     </span>
    </p>
   </div>
   <div class='ocr_carea' id='block_1_55' title="bbox 577 5245 2169 5327">
    <p class='ocr_par' dir='ltr' id='par_1_55' title="bbox 577 5245 2169 5327">
     <span class='ocr_line' id='line_1_55' title="bbox 577 5245 2169 5327; baseline 0.018 -29"><span class='ocrx_word' id='word_1_421' title='bbox 577 5245 843 5302; x_wconf 87' lang='lat' dir='ltr'><strong>adulterio</strong></span> <span class='ocrx_word' id='word_1_422' title='bbox 874 5249 1033 5317; x_wconf 89' lang='lat' dir='ltr'><strong>pollui</strong></span> <span class='ocrx_word' id='word_1_423' title='bbox 1060 5268 1277 5309; x_wconf 85' lang='lat' dir='ltr'><strong>uxorein</strong></span> <span class='ocrx_word' id='word_1_424' title='bbox 1320 5257 1569 5325; x_wconf 89' lang='lat' dir='ltr'><strong>viderint,</strong></span> <span class='ocrx_word' id='word_1_425' title='bbox 1618 5261 1712 5317; x_wconf 88' lang='lat' dir='ltr'><strong>sed</strong></span> <span class='ocrx_word' id='word_1_426' title='bbox 1748 5265 1908 5322; x_wconf 84' lang='lat' dir='ltr'><strong>etiam</strong></span> <span class='ocrx_word' id='word_1_427' title='bbox 1964 5284 2086 5327; x_wconf 89' lang='lat' dir='ltr'><strong>cum</strong></span> <span class='ocrx_word' id='word_1_428' title='bbox 2116 5271 2169 5326; x_wconf 91' lang='lat' dir='ltr'><strong>in</strong></span> 
     </span>
    </p>
   </div>
   <div class='ocr_carea' id='block_1_56' title="bbox 578 5341 2167 5429">
    <p class='ocr_par' dir='ltr' id='par_1_56' title="bbox 578 5341 2167 5429">
     <span class='ocr_line' id='line_1_56' title="bbox 578 5341 2167 5429; baseline 0.02 -38"><span class='ocrx_word' id='word_1_429' title='bbox 578 5341 1020 5410; x_wconf 66' lang='lat' dir='ltr'><strong>qualemcumque</strong></span> <span class='ocrx_word' id='word_1_430' title='bbox 1062 5349 1419 5413; x_wconf 87' lang='lat' dir='ltr'><strong>suspicionem</strong></span> <span class='ocrx_word' id='word_1_431' title='bbox 1466 5354 1609 5411; x_wconf 91' lang='lat' dir='ltr'><strong>illius</strong></span> <span class='ocrx_word' id='word_1_432' title='bbox 1670 5358 1841 5429; x_wconf 80' lang='lat' dir='ltr'><strong>culpa:</strong></span> <span class='ocrx_word' id='word_1_433' title='bbox 1906 5368 2167 5423; x_wconf 88' lang='lat' dir='ltr'><strong>venerint.</strong></span> 
     </span>
    </p>
   </div>
   <div class='ocr_carea' id='block_1_57' title="bbox 583 5431 2173 5524">
    <p class='ocr_par' dir='ltr' id='par_1_57' title="bbox 583 5431 2173 5524">
     <span class='ocr_line' id='line_1_57' title="bbox 583 5431 2173 5524; baseline 0.021 -41"><span class='ocrx_word' id='word_1_434' title='bbox 583 5431 724 5524; x_wconf 75' lang='lat' dir='ltr'><strong>idem</strong></span> <span class='ocrx_word' id='word_1_435' title='bbox 755 5433 999 5491; x_wconf 89' lang='lat' dir='ltr'><strong>accidere</strong></span> <span class='ocrx_word' id='word_1_436' title='bbox 1046 5448 1099 5493; x_wconf 92' lang='lat' dir='ltr'><strong>et</strong></span> <span class='ocrx_word' id='word_1_437' title='bbox 1129 5443 1277 5497; x_wconf 89' lang='lat' dir='ltr'><strong>uxori</strong></span> <span class='ocrx_word' id='word_1_438' title='bbox 1309 5453 1457 5514; x_wconf 82' lang='lat' dir='ltr'><strong>puta,</strong></span> <span class='ocrx_word' id='word_1_439' title='bbox 1508 5464 1629 5503; x_wconf 89' lang='lat' dir='ltr'><strong>cum</strong></span> <span class='ocrx_word' id='word_1_440' title='bbox 1660 5468 1687 5504; x_wconf 89' lang='lat' dir='ltr'><strong>a</strong></span> <span class='ocrx_word' id='word_1_441' title='bbox 1735 5456 1971 5524; x_wconf 83' lang='lat' dir='ltr'><strong>quolibet</strong></span> <span class='ocrx_word' id='word_1_442' title='bbox 2002 5459 2053 5514; x_wconf 91' lang='lat' dir='ltr'><strong>id</strong></span> <span class='ocrx_word' id='word_1_443' title='bbox 2078 5477 2173 5515; x_wconf 85' lang='lat' dir='ltr'><strong>au-</strong></span> 
     </span>
    </p>
   </div>
   <div class='ocr_carea' id='block_1_58' title="bbox 574 5522 2171 5607">
    <p class='ocr_par' dir='ltr' id='par_1_58' title="bbox 574 5522 2171 5607">
     <span class='ocr_line' id='line_1_58' title="bbox 574 5522 2171 5607; baseline 0.021 -33"><span class='ocrx_word' id='word_1_444' title='bbox 574 5522 793 5589; x_wconf 84' lang='lat' dir='ltr'><strong>diverit,</strong></span> <span class='ocrx_word' id='word_1_445' title='bbox 827 5526 909 5581; x_wconf 92' lang='lat' dir='ltr'><strong>vel</strong></span> <span class='ocrx_word' id='word_1_446' title='bbox 937 5527 1095 5583; x_wconf 84' lang='lat' dir='ltr'><strong>etiam</strong></span> <span class='ocrx_word' id='word_1_447' title='bbox 1124 5530 1284 5589; x_wconf 77' lang='lat' dir='ltr'><strong>fuerit</strong></span> <span class='ocrx_word' id='word_1_448' title='bbox 1326 5540 1628 5607; x_wconf 86' lang='lat' dir='ltr'><strong>suspicata,</strong></span> <span class='ocrx_word' id='word_1_449' title='bbox 1660 5552 1712 5597; x_wconf 92' lang='lat' dir='ltr'><strong>te</strong></span> <span class='ocrx_word' id='word_1_450' title='bbox 1752 5522 1962 5603; x_wconf 81' lang='lat' dir='ltr'><strong>mulieri</strong></span> <span class='ocrx_word' id='word_1_451' title='bbox 1993 5566 2171 5607; x_wconf 87' lang='lat' dir='ltr'><strong>mere-</strong></span> 
     </span>
    </p>
   </div>
   <div class='ocr_carea' id='block_1_59' title="bbox 586 5614 2170 5710">
    <p class='ocr_par' dir='ltr' id='par_1_59' title="bbox 586 5614 2170 5710">
     <span class='ocr_line' id='line_1_59' title="bbox 586 5614 2170 5710; baseline 0.02 -42"><span class='ocrx_word' id='word_1_452' title='bbox 586 5614 704 5710; x_wconf 75' lang='lat' dir='ltr'><strong>trici</strong></span> <span class='ocrx_word' id='word_1_453' title='bbox 732 5618 962 5710; x_wconf 39' lang='lat' dir='ltr'><strong>lci-psum</strong></span> <span class='ocrx_word' id='word_1_454' title='bbox 1009 5622 1299 5681; x_wconf 85' lang='lat' dir='ltr'><strong>addixisse.</strong></span> <span class='ocrx_word' id='word_1_455' title='bbox 1352 5628 1475 5685; x_wconf 67' lang='lat' dir='ltr'><strong>llaec</strong></span> <span class='ocrx_word' id='word_1_456' title='bbox 1518 5634 1657 5701; x_wconf 87' lang='lat' dir='ltr'><strong>apud</strong></span> <span class='ocrx_word' id='word_1_457' title='bbox 1714 5645 1765 5690; x_wconf 89' lang='lat' dir='ltr'><strong>tc</strong></span> <span class='ocrx_word' id='word_1_458' title='bbox 1796 5641 2035 5710; x_wconf 87' lang='lat' dir='ltr'><strong>cogitans</strong></span> <span class='ocrx_word' id='word_1_459' title='bbox 2065 5660 2170 5699; x_wconf 88' lang='lat' dir='ltr'><strong>non</strong></span> 
     </span>
    </p>
   </div>
   <div class='ocr_carea' id='block_1_60' title="bbox 582 5701 2169 5809">
    <p class='ocr_par' dir='ltr' id='par_1_60' title="bbox 582 5701 2169 5809">
     <span class='ocr_line' id='line_1_60' title="bbox 582 5701 2169 5809; baseline 0.026 -56"><span class='ocrx_word' id='word_1_460' title='bbox 582 5701 840 5764; x_wconf 85' lang='lat' dir='ltr'><strong>adulteria</strong></span> <span class='ocrx_word' id='word_1_461' title='bbox 893 5721 1097 5773; x_wconf 84' lang='lat' dir='ltr'><strong>tantum</strong></span> <span class='ocrx_word' id='word_1_462' title='bbox 1129 5716 1276 5791; x_wconf 79' lang='lat' dir='ltr'><strong>iuge,</strong></span> <span class='ocrx_word' id='word_1_463' title='bbox 1317 5722 1412 5779; x_wconf 88' lang='lat' dir='ltr'><strong>sed</strong></span> <span class='ocrx_word' id='word_1_464' title='bbox 1441 5724 1599 5783; x_wconf 81' lang='lat' dir='ltr'><strong>etiam</strong></span> <span class='ocrx_word' id='word_1_465' title='bbox 1622 5701 1991 5801; x_wconf 68' lang='lat' dir='ltr'><strong>suspiciones:</strong></span> <span class='ocrx_word' id='word_1_466' title='bbox 2026 5738 2169 5809; x_wconf 87' lang='lat' dir='ltr'><strong>quod</strong></span> 
     </span>
    </p>
   </div>
   <div class='ocr_carea' id='block_1_61' title="bbox 1272 267 3103 334">
    <p class='ocr_par' dir='ltr' id='par_1_61' title="bbox 1272 267 3103 334">
     <span class='ocr_line' id='line_1_61' title="bbox 1272 267 3103 334; baseline -0.003 0"><span class='ocrx_word' id='word_1_467' title='bbox 1272 277 1331 333; x_wconf 79' lang='lat'><strong>8.</strong></span> <span class='ocrx_word' id='word_1_468' title='bbox 1370 274 1649 334; x_wconf 74' lang='lat' dir='ltr'><strong>JOANNIS</strong></span> <span class='ocrx_word' id='word_1_469' title='bbox 1685 267 2171 329; x_wconf 72' lang='lat' dir='ltr'><strong>CllBYSOSTOMI</strong></span> <span class='ocrx_word' id='word_1_470' title='bbox 2209 270 2524 329; x_wconf 78' lang='lat' dir='ltr'><strong>ARCHIEP.</strong></span> <span class='ocrx_word' id='word_1_471' title='bbox 2564 268 3103 331; x_wconf 77' lang='lat' dir='ltr'><strong>CONSTANTINOP.</strong></span> 
     </span>
    </p>
   </div>
   <div class='ocr_carea' id='block_1_62' title="bbox 3747 276 3855 334">
    <p class='ocr_par' dir='ltr' id='par_1_62' title="bbox 3747 276 3855 334">
     <span class='ocr_line' id='line_1_62' title="bbox 3747 276 3855 334; baseline 0.019 -2"><span class='ocrx_word' id='word_1_472' title='bbox 3747 276 3855 334; x_wconf 69' lang='grc'><strong>216</strong></span> 
     </span>
    </p>
   </div>
   <div class='ocr_carea' id='block_1_63' title="bbox 2260 383 3853 457">
    <p class='ocr_par' dir='ltr' id='par_1_63' title="bbox 2260 383 3853 457">
     <span class='ocr_line' id='line_1_63' title="bbox 2260 383 3853 457; baseline 0.004 -20"><span class='ocrx_word' id='word_1_473' title='bbox 2260 383 2305 437; x_wconf 90' lang='lat' dir='ltr'><strong>si</strong></span> <span class='ocrx_word' id='word_1_474' title='bbox 2335 384 2603 441; x_wconf 90' lang='lat' dir='ltr'><strong>immerito</strong></span> <span class='ocrx_word' id='word_1_475' title='bbox 2647 386 2970 457; x_wconf 76' lang='lat' dir='ltr'><strong>suspicetur,</strong></span> <span class='ocrx_word' id='word_1_476' title='bbox 3021 386 3173 457; x_wconf 87' lang='lat' dir='ltr'><strong>placa</strong></span> <span class='ocrx_word' id='word_1_477' title='bbox 3197 385 3341 443; x_wconf 87' lang='lat' dir='ltr'><strong>illam</strong></span> <span class='ocrx_word' id='word_1_478' title='bbox 3371 396 3426 445; x_wconf 84' lang='lat' dir='ltr'><strong>et</strong></span> <span class='ocrx_word' id='word_1_479' title='bbox 3449 388 3633 446; x_wconf 87' lang='lat' dir='ltr'><strong>verbis</strong></span> <span class='ocrx_word' id='word_1_480' title='bbox 3678 389 3853 446; x_wconf 75' lang='lat' dir='ltr'><strong>necte.</strong></span> 
     </span>
    </p>
   </div>
   <div class='ocr_carea' id='block_1_64' title="bbox 2259 476 3857 552">
    <p class='ocr_par' dir='ltr' id='par_1_64' title="bbox 2259 476 3857 552">
     <span class='ocr_line' id='line_1_64' title="bbox 2259 476 3857 552; baseline 0.004 -19"><span class='ocrx_word' id='word_1_481' title='bbox 2259 476 2375 533; x_wconf 80' lang='lat' dir='ltr'><strong>Non</strong></span> <span class='ocrx_word' id='word_1_482' title='bbox 2406 478 2551 535; x_wconf 88' lang='lat' dir='ltr'><strong>enim</strong></span> <span class='ocrx_word' id='word_1_483' title='bbox 2574 480 2699 535; x_wconf 91' lang='lat' dir='ltr'><strong>odio</strong></span> <span class='ocrx_word' id='word_1_484' title='bbox 2728 481 2809 535; x_wconf 73' lang='lat' dir='ltr'><strong>vel</strong></span> <span class='ocrx_word' id='word_1_485' title='bbox 2856 480 2991 535; x_wconf 80' lang='lat' dir='ltr'><strong>fastu</strong></span> <span class='ocrx_word' id='word_1_486' title='bbox 3024 480 3273 551; x_wconf 87' lang='lat' dir='ltr'><strong>impulsa,</strong></span> <span class='ocrx_word' id='word_1_487' title='bbox 3322 479 3419 537; x_wconf 85' lang='lat' dir='ltr'><strong>sed</strong></span> <span class='ocrx_word' id='word_1_488' title='bbox 3446 498 3555 552; x_wconf 72' lang='lat' dir='ltr'><strong>pm</strong></span> <span class='ocrx_word' id='word_1_489' title='bbox 3586 483 3748 537; x_wconf 88' lang='lat' dir='ltr'><strong>nimia</strong></span> <span class='ocrx_word' id='word_1_490' title='bbox 3779 480 3857 539; x_wconf 81' lang='lat' dir='ltr'><strong>tul</strong></span> 
     </span>
    </p>
   </div>
   <div class='ocr_carea' id='block_1_65' title="bbox 2258 570 3861 645">
    <p class='ocr_par' dir='ltr' id='par_1_65' title="bbox 2258 570 3861 645">
     <span class='ocr_line' id='line_1_65' title="bbox 2258 570 3861 645; baseline 0.001 -19"><span class='ocrx_word' id='word_1_491' title='bbox 2258 586 2386 626; x_wconf 89' lang='lat' dir='ltr'><strong>cura</strong></span> <span class='ocrx_word' id='word_1_492' title='bbox 2415 570 2466 625; x_wconf 88' lang='lat' dir='ltr'><strong>id</strong></span> <span class='ocrx_word' id='word_1_493' title='bbox 2511 570 2658 638; x_wconf 75' lang='lat' dir='ltr'><strong>facit,</strong></span> <span class='ocrx_word' id='word_1_494' title='bbox 2683 572 2933 644; x_wconf 86' lang='lat' dir='ltr'><strong>quodque</strong></span> <span class='ocrx_word' id='word_1_495' title='bbox 2977 572 3048 631; x_wconf 85' lang='lat' dir='ltr'><strong>ds</strong></span> <span class='ocrx_word' id='word_1_496' title='bbox 3089 588 3186 629; x_wconf 91' lang='lat' dir='ltr'><strong>sua</strong></span> <span class='ocrx_word' id='word_1_497' title='bbox 3224 573 3566 645; x_wconf 70' lang='lat' dir='ltr'><strong>possessione</strong></span> <span class='ocrx_word' id='word_1_498' title='bbox 3610 572 3765 630; x_wconf 85' lang='lat' dir='ltr'><strong>valde</strong></span> <span class='ocrx_word' id='word_1_499' title='bbox 3788 573 3861 628; x_wconf 86' lang='lat' dir='ltr'><strong>ti-</strong></span> 
     </span>
    </p>
   </div>
   <div class='ocr_carea' id='block_1_66' title="bbox 2261 661 3859 737">
    <p class='ocr_par' dir='ltr' id='par_1_66' title="bbox 2261 661 3859 737">
     <span class='ocr_line' id='line_1_66' title="bbox 2261 661 3859 737; baseline 0.002 -20"><span class='ocrx_word' id='word_1_500' title='bbox 2261 671 2423 718; x_wconf 85' lang='lat' dir='ltr'><strong>meat.</strong></span> <span class='ocrx_word' id='word_1_501' title='bbox 2454 661 2734 719; x_wconf 72' lang='lat' dir='ltr'><strong>Possesslo</strong></span> <span class='ocrx_word' id='word_1_502' title='bbox 2760 665 2959 736; x_wconf 87' lang='lat' dir='ltr'><strong>quippe</strong></span> <span class='ocrx_word' id='word_1_503' title='bbox 2981 665 3153 737; x_wconf 80' lang='lat' dir='ltr'><strong>ipsius</strong></span> <span class='ocrx_word' id='word_1_504' title='bbox 3176 674 3279 731; x_wconf 89' lang='lat' dir='ltr'><strong>est,</strong></span> <span class='ocrx_word' id='word_1_505' title='bbox 3309 674 3367 721; x_wconf 86' lang='lat' dir='ltr'><strong>ut</strong></span> <span class='ocrx_word' id='word_1_506' title='bbox 3393 677 3521 722; x_wconf 88' lang='lat' dir='ltr'><strong>ante</strong></span> <span class='ocrx_word' id='word_1_507' title='bbox 3547 664 3660 721; x_wconf 76' lang='lat' dir='ltr'><strong>dixi</strong></span> <span class='ocrx_word' id='word_1_508' title='bbox 3683 706 3701 731; x_wconf 95' lang='lat'><strong>,</strong></span> <span class='ocrx_word' id='word_1_509' title='bbox 3729 680 3859 721; x_wconf 88' lang='lat' dir='ltr'><strong>cor-</strong></span> 
     </span>
    </p>
   </div>
   <div class='ocr_carea' id='block_1_67' title="bbox 2260 758 3860 830">
    <p class='ocr_par' dir='ltr' id='par_1_67' title="bbox 2260 758 3860 830">
     <span class='ocr_line' id='line_1_67' title="bbox 2260 758 3860 830; baseline 0.001 -20"><span class='ocrx_word' id='word_1_510' title='bbox 2260 770 2359 826; x_wconf 88' lang='lat' dir='ltr'><strong>pus</strong></span> <span class='ocrx_word' id='word_1_511' title='bbox 2388 764 2559 823; x_wconf 90' lang='lat' dir='ltr'><strong>tuum,</strong></span> <span class='ocrx_word' id='word_1_512' title='bbox 2582 766 2637 812; x_wconf 91' lang='lat' dir='ltr'><strong>et</strong></span> <span class='ocrx_word' id='word_1_513' title='bbox 2665 758 2937 827; x_wconf 86' lang='lat' dir='ltr'><strong>possessio</strong></span> <span class='ocrx_word' id='word_1_514' title='bbox 2963 774 3141 814; x_wconf 88' lang='lat' dir='ltr'><strong>rerum</strong></span> <span class='ocrx_word' id='word_1_515' title='bbox 3173 759 3423 817; x_wconf 77' lang='lat' dir='ltr'><strong>omnium.</strong></span> <span class='ocrx_word' id='word_1_516' title='bbox 3442 758 3860 830; x_wconf 72' lang='lat' dir='ltr'><strong>pretieshsima.</strong></span> 
     </span>
    </p>
   </div>
   <div class='ocr_carea' id='block_1_68' title="bbox 2258 848 3858 924">
    <p class='ocr_par' dir='ltr' id='par_1_68' title="bbox 2258 848 3858 924">
     <span class='ocr_line' id='line_1_68' title="bbox 2258 848 3858 924; baseline -0.001 -17"><span class='ocrx_word' id='word_1_517' title='bbox 2258 850 2377 907; x_wconf 80' lang='lat' dir='ltr'><strong>Noli</strong></span> <span class='ocrx_word' id='word_1_518' title='bbox 2399 866 2528 923; x_wconf 83' lang='lat' dir='ltr'><strong>ergo</strong></span> <span class='ocrx_word' id='word_1_519' title='bbox 2553 852 2607 907; x_wconf 89' lang='lat' dir='ltr'><strong>in</strong></span> <span class='ocrx_word' id='word_1_520' title='bbox 2628 867 2689 907; x_wconf 89' lang='lat' dir='ltr'><strong>re</strong></span> <span class='ocrx_word' id='word_1_521' title='bbox 2717 853 2948 912; x_wconf 83' lang='lat' dir='ltr'><strong>maxima</strong></span> <span class='ocrx_word' id='word_1_522' title='bbox 2977 852 3122 909; x_wconf 84' lang='lat' dir='ltr'><strong>illam</strong></span> <span class='ocrx_word' id='word_1_523' title='bbox 3150 852 3369 919; x_wconf 66' lang='lat' dir='ltr'><strong>ludere,</strong></span> <span class='ocrx_word' id='word_1_524' title='bbox 3397 866 3572 924; x_wconf 88' lang='lat' dir='ltr'><strong>neque</strong></span> <span class='ocrx_word' id='word_1_525' title='bbox 3597 849 3755 907; x_wconf 85' lang='lat' dir='ltr'><strong>letale</strong></span> <span class='ocrx_word' id='word_1_526' title='bbox 3780 848 3858 906; x_wconf 88' lang='lat' dir='ltr'><strong>illi</strong></span> 
     </span>
    </p>
   </div>
   <div class='ocr_carea' id='block_1_69' title="bbox 2260 934 3858 1014">
    <p class='ocr_par' dir='ltr' id='par_1_69' title="bbox 2260 934 3858 1014">
     <span class='ocr_line' id='line_1_69' title="bbox 2260 934 3858 1014; baseline 0 -16"><span class='ocrx_word' id='word_1_527' title='bbox 2260 942 2454 998; x_wconf 87' lang='lat' dir='ltr'><strong>vulnus</strong></span> <span class='ocrx_word' id='word_1_528' title='bbox 2498 941 2729 1014; x_wconf 76' lang='lat' dir='ltr'><strong>inﬂigas.</strong></span> <span class='ocrx_word' id='word_1_529' title='bbox 2782 942 3041 1012; x_wconf 81' lang='lat' dir='ltr'><strong>Quamvis</strong></span> <span class='ocrx_word' id='word_1_530' title='bbox 3106 943 3250 1000; x_wconf 79' lang='lat' dir='ltr'><strong>enim</strong></span> <span class='ocrx_word' id='word_1_531' title='bbox 3298 934 3446 998; x_wconf 78' lang='lat' dir='ltr'><strong>illam</strong></span> <span class='ocrx_word' id='word_1_532' title='bbox 3506 952 3858 999; x_wconf 72' lang='lat' dir='ltr'><strong>contemnas.</strong></span> 
     </span>
    </p>
   </div>
   <div class='ocr_carea' id='block_1_70' title="bbox 2264 1031 3864 1106">
    <p class='ocr_par' dir='ltr' id='par_1_70' title="bbox 2264 1031 3864 1106">
     <span class='ocr_line' id='line_1_70' title="bbox 2264 1031 3864 1106; baseline 0 -14"><span class='ocrx_word' id='word_1_533' title='bbox 2264 1037 2429 1092; x_wconf 88' lang='lat' dir='ltr'><strong>Deum</strong></span> <span class='ocrx_word' id='word_1_534' title='bbox 2460 1046 2636 1091; x_wconf 89' lang='lat' dir='ltr'><strong>tamen</strong></span> <span class='ocrx_word' id='word_1_535' title='bbox 2664 1034 2834 1093; x_wconf 88' lang='lat' dir='ltr'><strong>debes</strong></span> <span class='ocrx_word' id='word_1_536' title='bbox 2864 1037 3054 1091; x_wconf 88' lang='lat' dir='ltr'><strong>timere</strong></span> <span class='ocrx_word' id='word_1_537' title='bbox 3080 1033 3347 1106; x_wconf 86' lang='lat' dir='ltr'><strong>ejusmodi</strong></span> <span class='ocrx_word' id='word_1_538' title='bbox 3371 1034 3661 1090; x_wconf 83' lang='lat' dir='ltr'><strong>criminum</strong></span> <span class='ocrx_word' id='word_1_539' title='bbox 3688 1031 3864 1092; x_wconf 74' lang='lat' dir='ltr'><strong>vindi-</strong></span> 
     </span>
    </p>
   </div>
   <div class='ocr_carea' id='block_1_71' title="bbox 2261 1124 3862 1199">
    <p class='ocr_par' dir='ltr' id='par_1_71' title="bbox 2261 1124 3862 1199">
     <span class='ocr_line' id='line_1_71' title="bbox 2261 1124 3862 1199; baseline -0.002 -16"><span class='ocrx_word' id='word_1_540' title='bbox 2261 1142 2401 1194; x_wconf 90' lang='lat' dir='ltr'><strong>cem,</strong></span> <span class='ocrx_word' id='word_1_541' title='bbox 2430 1138 2486 1184; x_wconf 92' lang='lat' dir='ltr'><strong>et</strong></span> <span class='ocrx_word' id='word_1_542' title='bbox 2532 1129 2621 1199; x_wconf 91' lang='lat' dir='ltr'><strong>qui</strong></span> <span class='ocrx_word' id='word_1_543' title='bbox 2664 1128 2855 1183; x_wconf 85' lang='lat' dir='ltr'><strong>talibus</strong></span> <span class='ocrx_word' id='word_1_544' title='bbox 2897 1125 3107 1182; x_wconf 89' lang='lat' dir='ltr'><strong>delictis</strong></span> <span class='ocrx_word' id='word_1_545' title='bbox 3154 1124 3492 1182; x_wconf 87' lang='lat' dir='ltr'><strong>intolerabile</strong></span> <span class='ocrx_word' id='word_1_546' title='bbox 3540 1124 3862 1197; x_wconf 83' lang='lat' dir='ltr'><strong>supplicium</strong></span> 
     </span>
    </p>
   </div>
   <div class='ocr_carea' id='block_1_72' title="bbox 2262 1215 3866 1288">
    <p class='ocr_par' dir='ltr' id='par_1_72' title="bbox 2262 1215 3866 1288">
     <span class='ocr_line' id='line_1_72' title="bbox 2262 1215 3866 1288; baseline -0.002 -15"><span class='ocrx_word' id='word_1_547' title='bbox 2262 1218 2642 1274; x_wconf 88' lang='lat' dir='ltr'><strong>comminatur.</strong></span> <span class='ocrx_word' id='word_1_548' title='bbox 2692 1218 2895 1273; x_wconf 85' lang='lat' dir='ltr'><strong>Eorum</strong></span> <span class='ocrx_word' id='word_1_549' title='bbox 2942 1218 3106 1281; x_wconf 90' lang='lat' dir='ltr'><strong>enim,</strong></span> <span class='ocrx_word' id='word_1_550' title='bbox 3132 1216 3222 1288; x_wconf 91' lang='lat' dir='ltr'><strong>qui</strong></span> <span class='ocrx_word' id='word_1_551' title='bbox 3250 1216 3373 1273; x_wconf 84' lang='lat' dir='ltr'><strong>talia</strong></span> <span class='ocrx_word' id='word_1_552' title='bbox 3423 1225 3731 1285; x_wconf 84' lang='lat' dir='ltr'><strong>perpetrare</strong></span> <span class='ocrx_word' id='word_1_553' title='bbox 3758 1215 3866 1271; x_wconf 90' lang='lat' dir='ltr'><strong>sint</strong></span> 
     </span>
    </p>
   </div>
   <div class='ocr_carea' id='block_1_73' title="bbox 2262 1305 3869 1380">
    <p class='ocr_par' dir='ltr' id='par_1_73' title="bbox 2262 1305 3869 1380">
     <span class='ocr_line' id='line_1_73' title="bbox 2262 1305 3869 1380; baseline -0.003 -16"><span class='ocrx_word' id='word_1_554' title='bbox 2262 1310 2402 1379; x_wconf 88' lang='lat' dir='ltr'><strong>ausi,</strong></span> <span class='ocrx_word' id='word_1_555' title='bbox 2430 1310 2623 1380; x_wconf 81' lang='lat' dir='ltr'><strong>inquit,</strong></span> <span class='ocrx_word' id='word_1_556' title='bbox 2666 1309 2858 1365; x_wconf 80' lang='lat' dir='ltr'><strong>Vermis</strong></span> <span class='ocrx_word' id='word_1_557' title='bbox 2879 1324 2981 1363; x_wconf 79' lang='lat' dir='ltr'><strong>non</strong></span> <span class='ocrx_word' id='word_1_558' title='bbox 3006 1308 3271 1373; x_wconf 86' lang='lat' dir='ltr'><strong>morietur,</strong></span> <span class='ocrx_word' id='word_1_559' title='bbox 3301 1316 3349 1363; x_wconf 88' lang='lat' dir='ltr'><strong>et</strong></span> <span class='ocrx_word' id='word_1_560' title='bbox 3375 1306 3509 1378; x_wconf 80' lang='lat' dir='ltr'><strong>ignis</strong></span> <span class='ocrx_word' id='word_1_561' title='bbox 3542 1322 3645 1360; x_wconf 77' lang='lat' dir='ltr'><strong>non</strong></span> <span class='ocrx_word' id='word_1_562' title='bbox 3672 1305 3869 1360; x_wconf 68' lang='lat' dir='ltr'><strong>aratiu-</strong></span> 
     </span>
    </p>
   </div>
   <div class='ocr_carea' id='block_1_74' title="bbox 2263 1395 3870 1473">
    <p class='ocr_par' dir='ltr' id='par_1_74' title="bbox 2263 1395 3870 1473">
     <span class='ocr_line' id='line_1_74' title="bbox 2263 1395 3870 1473; baseline -0.004 -19"><span class='ocrx_word' id='word_1_563' title='bbox 2263 1410 2444 1473; x_wconf 73' lang='lat' dir='ltr'><strong>guetur</strong></span> <span class='ocrx_word' id='word_1_564' title='bbox 2467 1399 2660 1472; x_wconf 71' lang='lat' dir='ltr'><strong>(Nare.</strong></span> <span class='ocrx_word' id='word_1_565' title='bbox 2682 1400 2737 1455; x_wconf 86' lang='lat'><strong>9.</strong></span> <span class='ocrx_word' id='word_1_566' title='bbox 2767 1398 2879 1470; x_wconf 72' lang='lat' dir='ltr'><strong>b5).</strong></span> <span class='ocrx_word' id='word_1_567' title='bbox 2909 1396 3066 1467; x_wconf 85' lang='lat' dir='ltr'><strong>Quod</strong></span> <span class='ocrx_word' id='word_1_568' title='bbox 3090 1396 3135 1452; x_wconf 91' lang='lat' dir='ltr'><strong>si</strong></span> <span class='ocrx_word' id='word_1_569' title='bbox 3159 1412 3268 1452; x_wconf 89' lang='lat' dir='ltr'><strong>non</strong></span> <span class='ocrx_word' id='word_1_570' title='bbox 3303 1395 3593 1451; x_wconf 85' lang='lat' dir='ltr'><strong>admodum</strong></span> <span class='ocrx_word' id='word_1_571' title='bbox 3626 1402 3870 1467; x_wconf 79' lang='lat' dir='ltr'><strong>pungunt</strong></span> 
     </span>
    </p>
   </div>
   <div class='ocr_carea' id='block_1_75' title="bbox 2266 1484 3866 1559">
    <p class='ocr_par' dir='ltr' id='par_1_75' title="bbox 2266 1484 3866 1559">
     <span class='ocr_line' id='line_1_75' title="bbox 2266 1484 3866 1559; baseline -0.006 -10"><span class='ocrx_word' id='word_1_572' title='bbox 2266 1503 2321 1549; x_wconf 89' lang='lat' dir='ltr'><strong>te</strong></span> <span class='ocrx_word' id='word_1_573' title='bbox 2341 1493 2539 1557; x_wconf 81' lang='lat' dir='ltr'><strong>futura,</strong></span> <span class='ocrx_word' id='word_1_574' title='bbox 2573 1499 2809 1547; x_wconf 87' lang='lat' dir='ltr'><strong>terreant</strong></span> <span class='ocrx_word' id='word_1_575' title='bbox 2831 1498 2883 1544; x_wconf 89' lang='lat' dir='ltr'><strong>te</strong></span> <span class='ocrx_word' id='word_1_576' title='bbox 2902 1488 3092 1543; x_wconf 91' lang='lat' dir='ltr'><strong>saltem</strong></span> <span class='ocrx_word' id='word_1_577' title='bbox 3120 1487 3429 1559; x_wconf 71' lang='lat' dir='ltr'><strong>prtesentia.</strong></span> <span class='ocrx_word' id='word_1_578' title='bbox 3461 1486 3612 1543; x_wconf 68' lang='lat' dir='ltr'><strong>Multi</strong></span> <span class='ocrx_word' id='word_1_579' title='bbox 3641 1484 3866 1557; x_wconf 86' lang='lat' dir='ltr'><strong>quidem</strong></span> 
     </span>
    </p>
   </div>
   <div class='ocr_carea' id='block_1_76' title="bbox 2264 1576 3871 1653">
    <p class='ocr_par' dir='ltr' id='par_1_76' title="bbox 2264 1576 3871 1653">
     <span class='ocr_line' id='line_1_76' title="bbox 2264 1576 3871 1653; baseline -0.006 -13"><span class='ocrx_word' id='word_1_580' title='bbox 2264 1596 2414 1641; x_wconf 89' lang='lat' dir='ltr'><strong>certe</strong></span> <span class='ocrx_word' id='word_1_581' title='bbox 2464 1583 2702 1649; x_wconf 89' lang='lat' dir='ltr'><strong>illorum,</strong></span> <span class='ocrx_word' id='word_1_582' title='bbox 2755 1582 2846 1653; x_wconf 88' lang='lat' dir='ltr'><strong>qui</strong></span> <span class='ocrx_word' id='word_1_583' title='bbox 2891 1581 3261 1638; x_wconf 90' lang='lat' dir='ltr'><strong>meretricibus</strong></span> <span class='ocrx_word' id='word_1_584' title='bbox 3311 1580 3611 1646; x_wconf 65' lang='lat' dir='ltr'><strong>adhaerent,</strong></span> <span class='ocrx_word' id='word_1_585' title='bbox 3663 1579 3716 1633; x_wconf 91' lang='lat' dir='ltr'><strong>in</strong></span> <span class='ocrx_word' id='word_1_586' title='bbox 3764 1576 3871 1632; x_wconf 91' lang='lat' dir='ltr'><strong>bac</strong></span> 
     </span>
    </p>
   </div>
   <div class='ocr_carea' id='block_1_77' title="bbox 2263 1670 3870 1744">
    <p class='ocr_par' dir='ltr' id='par_1_77' title="bbox 2263 1670 3870 1744">
     <span class='ocr_line' id='line_1_77' title="bbox 2263 1670 3870 1744; baseline -0.007 -9"><span class='ocrx_word' id='word_1_587' title='bbox 2263 1678 2426 1735; x_wconf 89' lang='lat' dir='ltr'><strong>etiam</strong></span> <span class='ocrx_word' id='word_1_588' title='bbox 2474 1676 2581 1731; x_wconf 85' lang='lat' dir='ltr'><strong>vita</strong></span> <span class='ocrx_word' id='word_1_589' title='bbox 2607 1675 2732 1730; x_wconf 90' lang='lat' dir='ltr'><strong>mali</strong></span> <span class='ocrx_word' id='word_1_590' title='bbox 2758 1674 2897 1730; x_wconf 90' lang='lat' dir='ltr'><strong>male</strong></span> <span class='ocrx_word' id='word_1_591' title='bbox 2924 1674 3235 1744; x_wconf 85' lang='lat' dir='ltr'><strong>perierunt,</strong></span> <span class='ocrx_word' id='word_1_592' title='bbox 3262 1672 3491 1728; x_wconf 87' lang='lat' dir='ltr'><strong>curiosis</strong></span> <span class='ocrx_word' id='word_1_593' title='bbox 3518 1670 3870 1726; x_wconf 80' lang='lat' dir='ltr'><strong>meretricum</strong></span> 
     </span>
    </p>
   </div>
   <div class='ocr_carea' id='block_1_78' title="bbox 2266 1761 3883 1839">
    <p class='ocr_par' dir='ltr' id='par_1_78' title="bbox 2266 1761 3883 1839">
     <span class='ocr_line' id='line_1_78' title="bbox 2266 1761 3883 1839; baseline -0.005 -14"><span class='ocrx_word' id='word_1_594' title='bbox 2266 1770 2473 1825; x_wconf 89' lang='lat' dir='ltr'><strong>insidiis</strong></span> <span class='ocrx_word' id='word_1_595' title='bbox 2496 1767 2762 1839; x_wconf 86' lang='lat' dir='ltr'><strong>oppressi.</strong></span> <span class='ocrx_word' id='word_1_596' title='bbox 2787 1766 2921 1822; x_wconf 90' lang='lat' dir='ltr'><strong>Dum</strong></span> <span class='ocrx_word' id='word_1_597' title='bbox 2942 1765 3086 1821; x_wconf 87' lang='lat' dir='ltr'><strong>enim</strong></span> <span class='ocrx_word' id='word_1_598' title='bbox 3104 1765 3206 1821; x_wconf 84' lang='lat' dir='ltr'><strong>ilhc</strong></span> <span class='ocrx_word' id='word_1_599' title='bbox 3223 1763 3556 1820; x_wconf 88' lang='lat' dir='ltr'><strong>contendunt</strong></span> <span class='ocrx_word' id='word_1_600' title='bbox 3580 1778 3611 1818; x_wconf 89' lang='lat' dir='ltr'><strong>a</strong></span> <span class='ocrx_word' id='word_1_601' title='bbox 3632 1761 3883 1833; x_wconf 65' lang='lat' dir='ltr'><strong>legitima</strong></span> 
     </span>
    </p>
   </div>
   <div class='ocr_carea' id='block_1_79' title="bbox 2267 1856 3872 1928">
    <p class='ocr_par' dir='ltr' id='par_1_79' title="bbox 2267 1856 3872 1928">
     <span class='ocr_line' id='line_1_79' title="bbox 2267 1856 3872 1928; baseline -0.006 -9"><span class='ocrx_word' id='word_1_602' title='bbox 2267 1877 2435 1919; x_wconf 83' lang='lat' dir='ltr'><strong>uxore</strong></span> <span class='ocrx_word' id='word_1_603' title='bbox 2476 1876 2541 1917; x_wconf 91' lang='lat' dir='ltr'><strong>ac</strong></span> <span class='ocrx_word' id='word_1_604' title='bbox 2560 1859 2905 1917; x_wconf 89' lang='lat' dir='ltr'><strong>matrimonio</strong></span> <span class='ocrx_word' id='word_1_605' title='bbox 2934 1859 3121 1928; x_wconf 76' lang='lat' dir='ltr'><strong>juncta</strong></span> <span class='ocrx_word' id='word_1_606' title='bbox 3163 1858 3311 1914; x_wconf 92' lang='lat' dir='ltr'><strong>illum</strong></span> <span class='ocrx_word' id='word_1_607' title='bbox 3351 1856 3613 1921; x_wconf 84' lang='lat' dir='ltr'><strong>alienare,</strong></span> <span class='ocrx_word' id='word_1_608' title='bbox 3660 1870 3872 1925; x_wconf 87' lang='lat' dir='ltr'><strong>suoque</strong></span> 
     </span>
    </p>
   </div>
   <div class='ocr_carea' id='block_1_80' title="bbox 2266 1947 3875 2028">
    <p class='ocr_par' dir='ltr' id='par_1_80' title="bbox 2266 1947 3875 2028">
     <span class='ocr_line' id='line_1_80' title="bbox 2266 1947 3875 2028; baseline -0.005 -17"><span class='ocrx_word' id='word_1_609' title='bbox 2266 1971 2451 2012; x_wconf 88' lang='lat' dir='ltr'><strong>amore</strong></span> <span class='ocrx_word' id='word_1_610' title='bbox 2478 1956 2686 2028; x_wconf 90' lang='lat' dir='ltr'><strong>penitus</strong></span> <span class='ocrx_word' id='word_1_611' title='bbox 2731 1953 2880 2020; x_wconf 88' lang='lat' dir='ltr'><strong>illum</strong></span> <span class='ocrx_word' id='word_1_612' title='bbox 2908 1953 3220 2009; x_wconf 89' lang='lat' dir='ltr'><strong>devinctum</strong></span> <span class='ocrx_word' id='word_1_613' title='bbox 3256 1960 3461 2014; x_wconf 89' lang='lat' dir='ltr'><strong>tenere,</strong></span> <span class='ocrx_word' id='word_1_614' title='bbox 3508 1947 3789 2020; x_wconf 66' lang='lat' dir='ltr'><strong>prastigiis</strong></span> <span class='ocrx_word' id='word_1_615' title='bbox 3815 1956 3875 2003; x_wconf 92' lang='lat' dir='ltr'><strong>et</strong></span> 
     </span>
    </p>
   </div>
   <div class='ocr_carea' id='block_1_81' title="bbox 2269 2038 3876 2113">
    <p class='ocr_par' dir='ltr' id='par_1_81' title="bbox 2269 2038 3876 2113">
     <span class='ocr_line' id='line_1_81' title="bbox 2269 2038 3876 2113; baseline -0.007 -9"><span class='ocrx_word' id='word_1_616' title='bbox 2269 2047 2719 2104; x_wconf 88' lang='lat' dir='ltr'><strong>incantationibus</strong></span> <span class='ocrx_word' id='word_1_617' title='bbox 2743 2056 2983 2112; x_wconf 90' lang='lat' dir='ltr'><strong>utuntur,</strong></span> <span class='ocrx_word' id='word_1_618' title='bbox 3005 2043 3263 2100; x_wconf 86' lang='lat' dir='ltr'><strong>amatoria</strong></span> <span class='ocrx_word' id='word_1_619' title='bbox 3292 2051 3482 2113; x_wconf 78' lang='lat' dir='ltr'><strong>parant</strong></span> <span class='ocrx_word' id='word_1_620' title='bbox 3507 2038 3787 2104; x_wconf 78' lang='lat' dir='ltr'><strong>veneﬁcia,</strong></span> <span class='ocrx_word' id='word_1_621' title='bbox 3816 2046 3876 2095; x_wconf 86' lang='lat' dir='ltr'><strong>et</strong></span> 
     </span>
    </p>
   </div>
   <div class='ocr_carea' id='block_1_82' title="bbox 2267 2130 3876 2195">
    <p class='ocr_par' dir='ltr' id='par_1_82' title="bbox 2267 2130 3876 2195">
     <span class='ocr_line' id='line_1_82' title="bbox 2267 2130 3876 2195; baseline -0.006 0"><span class='ocrx_word' id='word_1_622' title='bbox 2267 2140 2463 2195; x_wconf 78' lang='lat' dir='ltr'><strong>multas</strong></span> <span class='ocrx_word' id='word_1_623' title='bbox 2518 2139 2926 2195; x_wconf 81' lang='lat' dir='ltr'><strong>fascinationum</strong></span> <span class='ocrx_word' id='word_1_624' title='bbox 2978 2135 3215 2192; x_wconf 79' lang='lat' dir='ltr'><strong>fallacias</strong></span> <span class='ocrx_word' id='word_1_625' title='bbox 3268 2142 3501 2189; x_wconf 90' lang='lat' dir='ltr'><strong>texunt:</strong></span> <span class='ocrx_word' id='word_1_626' title='bbox 3544 2133 3624 2188; x_wconf 92' lang='lat' dir='ltr'><strong>sic</strong></span> <span class='ocrx_word' id='word_1_627' title='bbox 3673 2130 3876 2188; x_wconf 85' lang='lat' dir='ltr'><strong>deinde</strong></span> 
     </span>
    </p>
   </div>
   <div class='ocr_carea' id='block_1_83' title="bbox 2266 2221 3876 2301">
    <p class='ocr_par' dir='ltr' id='par_1_83' title="bbox 2266 2221 3876 2301">
     <span class='ocr_line' id='line_1_83' title="bbox 2266 2221 3876 2301; baseline -0.005 -14"><span class='ocrx_word' id='word_1_628' title='bbox 2266 2246 2388 2287; x_wconf 90' lang='lat' dir='ltr'><strong>cum</strong></span> <span class='ocrx_word' id='word_1_629' title='bbox 2418 2231 2570 2286; x_wconf 92' lang='lat' dir='ltr'><strong>illum</strong></span> <span class='ocrx_word' id='word_1_630' title='bbox 2598 2230 2650 2285; x_wconf 92' lang='lat' dir='ltr'><strong>in</strong></span> <span class='ocrx_word' id='word_1_631' title='bbox 2681 2245 2903 2301; x_wconf 88' lang='lat' dir='ltr'><strong>gravem</strong></span> <span class='ocrx_word' id='word_1_632' title='bbox 2932 2228 3179 2284; x_wconf 88' lang='lat' dir='ltr'><strong>morbum</strong></span> <span class='ocrx_word' id='word_1_633' title='bbox 3223 2226 3579 2297; x_wconf 84' lang='lat' dir='ltr'><strong>conjecerint,</strong></span> <span class='ocrx_word' id='word_1_634' title='bbox 3632 2222 3748 2279; x_wconf 88' lang='lat' dir='ltr'><strong>dira</strong></span> <span class='ocrx_word' id='word_1_635' title='bbox 3781 2221 3876 2279; x_wconf 86' lang='lat' dir='ltr'><strong>lue</strong></span> 
     </span>
    </p>
   </div>
   <div class='ocr_carea' id='block_1_84' title="bbox 2269 2312 3877 2393">
    <p class='ocr_par' dir='ltr' id='par_1_84' title="bbox 2269 2312 3877 2393">
     <span class='ocr_line' id='line_1_84' title="bbox 2269 2312 3877 2393; baseline -0.007 -14"><span class='ocrx_word' id='word_1_636' title='bbox 2269 2334 2598 2393; x_wconf 86' lang='lat' dir='ltr'><strong>correptum.</strong></span> <span class='ocrx_word' id='word_1_637' title='bbox 2631 2321 2788 2392; x_wconf 90' lang='lat' dir='ltr'><strong>longa</strong></span> <span class='ocrx_word' id='word_1_638' title='bbox 2820 2319 2939 2375; x_wconf 90' lang='lat' dir='ltr'><strong>tabe</strong></span> <span class='ocrx_word' id='word_1_639' title='bbox 2964 2327 3343 2390; x_wconf 64' lang='lat' dir='ltr'><strong>«insumptum</strong></span> <span class='ocrx_word' id='word_1_640' title='bbox 3368 2325 3425 2373; x_wconf 92' lang='lat' dir='ltr'><strong>et</strong></span> <span class='ocrx_word' id='word_1_641' title='bbox 3460 2314 3755 2372; x_wconf 85' lang='lat' dir='ltr'><strong>innumeris</strong></span> <span class='ocrx_word' id='word_1_642' title='bbox 3773 2312 3877 2368; x_wconf 90' lang='lat' dir='ltr'><strong>ob—</strong></span> 
     </span>
    </p>
   </div>
   <div class='ocr_carea' id='block_1_85' title="bbox 2268 2405 3878 2482">
    <p class='ocr_par' dir='ltr' id='par_1_85' title="bbox 2268 2405 3878 2482">
     <span class='ocr_line' id='line_1_85' title="bbox 2268 2405 3878 2482; baseline -0.004 -13"><span class='ocrx_word' id='word_1_643' title='bbox 2268 2423 2447 2470; x_wconf 90' lang='lat' dir='ltr'><strong>rutum</strong></span> <span class='ocrx_word' id='word_1_644' title='bbox 2496 2412 2692 2481; x_wconf 88' lang='lat' dir='ltr'><strong>malis,</strong></span> <span class='ocrx_word' id='word_1_645' title='bbox 2741 2411 2899 2482; x_wconf 89' lang='lat' dir='ltr'><strong>hujus</strong></span> <span class='ocrx_word' id='word_1_646' title='bbox 2952 2411 3087 2466; x_wconf 89' lang='lat' dir='ltr'><strong>lucis</strong></span> <span class='ocrx_word' id='word_1_647' title='bbox 3138 2424 3300 2466; x_wconf 86' lang='lat' dir='ltr'><strong>usura</strong></span> <span class='ocrx_word' id='word_1_648' title='bbox 3349 2409 3579 2480; x_wconf 88' lang='lat' dir='ltr'><strong>privant.</strong></span> <span class='ocrx_word' id='word_1_649' title='bbox 3626 2406 3682 2463; x_wconf 88' lang='lat' dir='ltr'><strong>Si</strong></span> <span class='ocrx_word' id='word_1_650' title='bbox 3732 2405 3878 2462; x_wconf 77' lang='lat' dir='ltr'><strong>forte</strong></span> 
     </span>
    </p>
   </div>
   <div class='ocr_carea' id='block_1_86' title="bbox 2268 2494 3875 2577">
    <p class='ocr_par' dir='ltr' id='par_1_86' title="bbox 2268 2494 3875 2577">
     <span class='ocr_line' id='line_1_86' title="bbox 2268 2494 3875 2577; baseline -0.006 -16"><span class='ocrx_word' id='word_1_651' title='bbox 2268 2505 2567 2577; x_wconf 89' lang='lat' dir='ltr'><strong>gehennam</strong></span> <span class='ocrx_word' id='word_1_652' title='bbox 2595 2520 2700 2559; x_wconf 88' lang='lat' dir='ltr'><strong>non</strong></span> <span class='ocrx_word' id='word_1_653' title='bbox 2734 2501 3079 2567; x_wconf 75' lang='lat' dir='ltr'><strong>reformidas,</strong></span> <span class='ocrx_word' id='word_1_654' title='bbox 3108 2502 3180 2555; x_wconf 90' lang='lat' dir='ltr'><strong>mi</strong></span> <span class='ocrx_word' id='word_1_655' title='bbox 3218 2499 3403 2567; x_wconf 88' lang='lat' dir='ltr'><strong>homo,</strong></span> <span class='ocrx_word' id='word_1_656' title='bbox 3432 2498 3728 2570; x_wconf 58' lang='lat' dir='ltr'><strong>praestigias</strong></span> <span class='ocrx_word' id='word_1_657' title='bbox 3756 2494 3875 2551; x_wconf 84' lang='lat' dir='ltr'><strong>illa-</strong></span> 
     </span>
    </p>
   </div>
   <div class='ocr_carea' id='block_1_87' title="bbox 2270 2586 3876 2663">
    <p class='ocr_par' dir='ltr' id='par_1_87' title="bbox 2270 2586 3876 2663">
     <span class='ocr_line' id='line_1_87' title="bbox 2270 2586 3876 2663; baseline -0.006 -10"><span class='ocrx_word' id='word_1_658' title='bbox 2270 2612 2388 2653; x_wconf 88' lang='lat' dir='ltr'><strong>rum</strong></span> <span class='ocrx_word' id='word_1_659' title='bbox 2413 2594 2723 2651; x_wconf 75' lang='lat' dir='ltr'><strong>reformida.</strong></span> <span class='ocrx_word' id='word_1_660' title='bbox 2746 2593 2881 2649; x_wconf 89' lang='lat' dir='ltr'><strong>Cum</strong></span> <span class='ocrx_word' id='word_1_661' title='bbox 2910 2594 3053 2647; x_wconf 89' lang='lat' dir='ltr'><strong>enim</strong></span> <span class='ocrx_word' id='word_1_662' title='bbox 3090 2606 3187 2663; x_wconf 89' lang='lat' dir='ltr'><strong>per</strong></span> <span class='ocrx_word' id='word_1_663' title='bbox 3210 2590 3476 2645; x_wconf 89' lang='lat' dir='ltr'><strong>luxuriam</strong></span> <span class='ocrx_word' id='word_1_664' title='bbox 3498 2590 3656 2644; x_wconf 85' lang='lat' dir='ltr'><strong>istam</strong></span> <span class='ocrx_word' id='word_1_665' title='bbox 3686 2586 3876 2643; x_wconf 88' lang='lat' dir='ltr'><strong>divino</strong></span> 
     </span>
    </p>
   </div>
   <div class='ocr_carea' id='block_1_88' title="bbox 2270 2679 3875 2760">
    <p class='ocr_par' dir='ltr' id='par_1_88' title="bbox 2270 2679 3875 2760">
     <span class='ocr_line' id='line_1_88' title="bbox 2270 2679 3875 2760; baseline -0.007 -16"><span class='ocrx_word' id='word_1_666' title='bbox 2270 2687 2521 2760; x_wconf 61' lang='lat' dir='ltr'><strong>praesidio</strong></span> <span class='ocrx_word' id='word_1_667' title='bbox 2566 2698 2617 2745; x_wconf 90' lang='lat' dir='ltr'><strong>te</strong></span> <span class='ocrx_word' id='word_1_668' title='bbox 2662 2685 2973 2757; x_wconf 89' lang='lat' dir='ltr'><strong>privaveris,</strong></span> <span class='ocrx_word' id='word_1_669' title='bbox 2998 2693 3053 2742; x_wconf 91' lang='lat' dir='ltr'><strong>et</strong></span> <span class='ocrx_word' id='word_1_670' title='bbox 3077 2682 3279 2740; x_wconf 63' lang='lat' dir='ltr'><strong>caelesti</strong></span> <span class='ocrx_word' id='word_1_671' title='bbox 3304 2680 3504 2737; x_wconf 88' lang='lat' dir='ltr'><strong>auxilio</strong></span> <span class='ocrx_word' id='word_1_672' title='bbox 3530 2679 3875 2751; x_wconf 86' lang='lat' dir='ltr'><strong>spoliaveris,</strong></span> 
     </span>
    </p>
   </div>
   <div class='ocr_carea' id='block_1_89' title="bbox 2272 2772 3878 2844">
    <p class='ocr_par' dir='ltr' id='par_1_89' title="bbox 2272 2772 3878 2844">
     <span class='ocr_line' id='line_1_89' title="bbox 2272 2772 3878 2844; baseline -0.005 -9"><span class='ocrx_word' id='word_1_673' title='bbox 2272 2790 2380 2835; x_wconf 90' lang='lat' dir='ltr'><strong>tum</strong></span> <span class='ocrx_word' id='word_1_674' title='bbox 2408 2780 2662 2835; x_wconf 87' lang='lat' dir='ltr'><strong>audacter</strong></span> <span class='ocrx_word' id='word_1_675' title='bbox 2681 2777 2937 2835; x_wconf 87' lang='lat' dir='ltr'><strong>invadens</strong></span> <span class='ocrx_word' id='word_1_676' title='bbox 2960 2784 3018 2834; x_wconf 88' lang='lat' dir='ltr'><strong>te</strong></span> <span class='ocrx_word' id='word_1_677' title='bbox 3038 2776 3317 2843; x_wconf 90' lang='lat' dir='ltr'><strong>meretrix,</strong></span> <span class='ocrx_word' id='word_1_678' title='bbox 3344 2789 3577 2844; x_wconf 87' lang='lat' dir='ltr'><strong>suosque</strong></span> <span class='ocrx_word' id='word_1_679' title='bbox 3596 2772 3878 2828; x_wconf 63' lang='lat' dir='ltr'><strong>daemones</strong></span> 
     </span>
    </p>
   </div>
   <div class='ocr_carea' id='block_1_90' title="bbox 2269 2866 3879 2934">
    <p class='ocr_par' dir='ltr' id='par_1_90' title="bbox 2269 2866 3879 2934">
     <span class='ocr_line' id='line_1_90' title="bbox 2269 2866 3879 2934; baseline -0.004 -7"><span class='ocrx_word' id='word_1_680' title='bbox 2269 2872 2536 2929; x_wconf 70' lang='lat' dir='ltr'><strong>advocatis</strong></span> <span class='ocrx_word' id='word_1_681' title='bbox 2565 2870 2778 2927; x_wconf 84' lang='lat' dir='ltr'><strong>laminis</strong></span> <span class='ocrx_word' id='word_1_682' title='bbox 2804 2878 2858 2927; x_wconf 90' lang='lat' dir='ltr'><strong>et</strong></span> <span class='ocrx_word' id='word_1_683' title='bbox 2884 2868 3133 2924; x_wconf 87' lang='lat' dir='ltr'><strong>amuletis</strong></span> <span class='ocrx_word' id='word_1_684' title='bbox 3155 2866 3410 2923; x_wconf 82' lang='lat' dir='ltr'><strong>adhibitis</strong></span> <span class='ocrx_word' id='word_1_685' title='bbox 3428 2908 3444 2932; x_wconf 91' lang='lat'><strong>,</strong></span> <span class='ocrx_word' id='word_1_686' title='bbox 3475 2866 3693 2934; x_wconf 79' lang='lat' dir='ltr'><strong>suisque</strong></span> <span class='ocrx_word' id='word_1_687' title='bbox 3731 2873 3879 2920; x_wconf 86' lang='lat' dir='ltr'><strong>strn-</strong></span> 
     </span>
    </p>
   </div>
   <div class='ocr_carea' id='block_1_91' title="bbox 2270 2959 3879 3029">
    <p class='ocr_par' dir='ltr' id='par_1_91' title="bbox 2270 2959 3879 3029">
     <span class='ocr_line' id='line_1_91' title="bbox 2270 2959 3879 3029; baseline -0.004 -10"><span class='ocrx_word' id='word_1_688' title='bbox 2270 2964 2371 3019; x_wconf 90' lang='lat' dir='ltr'><strong>ctis</strong></span> <span class='ocrx_word' id='word_1_689' title='bbox 2412 2962 2621 3019; x_wconf 90' lang='lat' dir='ltr'><strong>insidiis</strong></span> <span class='ocrx_word' id='word_1_690' title='bbox 2664 2959 2915 3017; x_wconf 83' lang='lat' dir='ltr'><strong>facillime</strong></span> <span class='ocrx_word' id='word_1_691' title='bbox 2937 2959 3170 3016; x_wconf 89' lang='lat' dir='ltr'><strong>salutem</strong></span> <span class='ocrx_word' id='word_1_692' title='bbox 3214 2967 3361 3014; x_wconf 90' lang='lat' dir='ltr'><strong>tuam</strong></span> <span class='ocrx_word' id='word_1_693' title='bbox 3390 2965 3680 3029; x_wconf 86' lang='lat' dir='ltr'><strong>expugnat,</strong></span> <span class='ocrx_word' id='word_1_694' title='bbox 3716 2966 3879 3027; x_wconf 88' lang='lat' dir='ltr'><strong>teque</strong></span> 
     </span>
    </p>
   </div>
   <div class='ocr_carea' id='block_1_92' title="bbox 2272 3045 3877 3125">
    <p class='ocr_par' dir='ltr' id='par_1_92' title="bbox 2272 3045 3877 3125">
     <span class='ocr_line' id='line_1_92' title="bbox 2272 3045 3877 3125; baseline -0.004 -16"><span class='ocrx_word' id='word_1_695' title='bbox 2272 3054 2485 3125; x_wconf 90' lang='lat' dir='ltr'><strong>probris</strong></span> <span class='ocrx_word' id='word_1_696' title='bbox 2503 3052 2792 3109; x_wconf 90' lang='lat' dir='ltr'><strong>obnoxium</strong></span> <span class='ocrx_word' id='word_1_697' title='bbox 2812 3068 2876 3109; x_wconf 93' lang='lat' dir='ltr'><strong>ac</strong></span> <span class='ocrx_word' id='word_1_698' title='bbox 2891 3051 3173 3107; x_wconf 88' lang='lat' dir='ltr'><strong>ridendum</strong></span> <span class='ocrx_word' id='word_1_699' title='bbox 3196 3049 3467 3118; x_wconf 84' lang='lat' dir='ltr'><strong>omnibus,</strong></span> <span class='ocrx_word' id='word_1_700' title='bbox 3492 3050 3579 3120; x_wconf 90' lang='lat' dir='ltr'><strong>qui</strong></span> <span class='ocrx_word' id='word_1_701' title='bbox 3599 3045 3877 3105; x_wconf 87' lang='lat' dir='ltr'><strong>civitatem</strong></span> 
     </span>
    </p>
   </div>
   <div class='ocr_carea' id='block_1_93' title="bbox 2274 3140 3878 3217">
    <p class='ocr_par' dir='ltr' id='par_1_93' title="bbox 2274 3140 3878 3217">
     <span class='ocr_line' id='line_1_93' title="bbox 2274 3140 3878 3217; baseline -0.004 -17"><span class='ocrx_word' id='word_1_702' title='bbox 2274 3146 2536 3210; x_wconf 89' lang='lat' dir='ltr'><strong>incolunt,</strong></span> <span class='ocrx_word' id='word_1_703' title='bbox 2570 3145 2851 3216; x_wconf 86' lang='lat' dir='ltr'><strong>propinat,</strong></span> <span class='ocrx_word' id='word_1_704' title='bbox 2880 3154 2939 3198; x_wconf 91' lang='lat' dir='ltr'><strong>ut</strong></span> <span class='ocrx_word' id='word_1_705' title='bbox 2989 3158 3089 3198; x_wconf 90' lang='lat' dir='ltr'><strong>nec</strong></span> <span class='ocrx_word' id='word_1_706' title='bbox 3117 3142 3192 3198; x_wconf 82' lang='lat' dir='ltr'><strong>illi</strong></span> <span class='ocrx_word' id='word_1_707' title='bbox 3245 3140 3567 3197; x_wconf 88' lang='lat' dir='ltr'><strong>calamitatis</strong></span> <span class='ocrx_word' id='word_1_708' title='bbox 3620 3154 3878 3217; x_wconf 83' lang='lat' dir='ltr'><strong>umquam</strong></span> 
     </span>
    </p>
   </div>
   <div class='ocr_carea' id='block_1_94' title="bbox 2273 3230 3877 3304">
    <p class='ocr_par' dir='ltr' id='par_1_94' title="bbox 2273 3230 3877 3304">
     <span class='ocr_line' id='line_1_94' title="bbox 2273 3230 3877 3304; baseline -0.006 -9"><span class='ocrx_word' id='word_1_709' title='bbox 2273 3248 2379 3295; x_wconf 77' lang='lat' dir='ltr'><strong>tua:</strong></span> <span class='ocrx_word' id='word_1_710' title='bbox 2417 3239 2764 3294; x_wconf 86' lang='lat' dir='ltr'><strong>miseratione</strong></span> <span class='ocrx_word' id='word_1_711' title='bbox 2816 3244 3150 3293; x_wconf 86' lang='lat' dir='ltr'><strong>moveantur.</strong></span> <span class='ocrx_word' id='word_1_712' title='bbox 3191 3235 3320 3304; x_wconf 84' lang='lat' dir='ltr'><strong>Quis</strong></span> <span class='ocrx_word' id='word_1_713' title='bbox 3348 3233 3491 3289; x_wconf 90' lang='lat' dir='ltr'><strong>enim</strong></span> <span class='ocrx_word' id='word_1_714' title='bbox 3536 3230 3877 3297; x_wconf 72' lang='lat' dir='ltr'><strong>miserebitur,</strong></span> 
     </span>
    </p>
   </div>
   <div class='ocr_carea' id='block_1_95' title="bbox 2271 3316 3883 3403">
    <p class='ocr_par' dir='ltr' id='par_1_95' title="bbox 2271 3316 3883 3403">
     <span class='ocr_line' id='line_1_95' title="bbox 2271 3316 3883 3403; baseline -0.005 -16"><span class='ocrx_word' id='word_1_715' title='bbox 2271 3316 2446 3403; x_wconf 80' lang='lat' dir='ltr'><strong>inquit</strong></span> <span class='ocrx_word' id='word_1_716' title='bbox 2474 3374 2490 3397; x_wconf 90' lang='lat'><strong>,</strong></span> <span class='ocrx_word' id='word_1_717' title='bbox 2516 3331 2822 3387; x_wconf 75' lang='lat' dir='ltr'><strong>incantatur:</strong></span> <span class='ocrx_word' id='word_1_718' title='bbox 2844 3346 2879 3386; x_wconf 83' lang='lat' dir='ltr'><strong>s</strong></span> <span class='ocrx_word' id='word_1_719' title='bbox 2902 3339 3131 3399; x_wconf 81' lang='lat' dir='ltr'><strong>serpente</strong></span> <span class='ocrx_word' id='word_1_720' title='bbox 3159 3343 3416 3401; x_wconf 86' lang='lat' dir='ltr'><strong>percusso,</strong></span> <span class='ocrx_word' id='word_1_721' title='bbox 3457 3336 3506 3381; x_wconf 82' lang='lat' dir='ltr'><strong>et</strong></span> <span class='ocrx_word' id='word_1_722' title='bbox 3530 3323 3762 3380; x_wconf 74' lang='lat' dir='ltr'><strong>omnibus</strong></span> <span class='ocrx_word' id='word_1_723' title='bbox 3790 3322 3883 3393; x_wconf 80' lang='lat' dir='ltr'><strong>qui</strong></span> 
     </span>
    </p>
   </div>
   <div class='ocr_carea' id='block_1_96' title="bbox 2272 3414 3885 3494">
    <p class='ocr_par' dir='ltr' id='par_1_96' title="bbox 2272 3414 3885 3494">
     <span class='ocr_line' id='line_1_96' title="bbox 2272 3414 3885 3494; baseline -0.002 -17"><span class='ocrx_word' id='word_1_724' title='bbox 2272 3422 2689 3494; x_wconf 75' lang='lat' dir='ltr'><strong>apprOpinquaut</strong></span> <span class='ocrx_word' id='word_1_725' title='bbox 2710 3421 2881 3477; x_wconf 86' lang='lat' dir='ltr'><strong>bestiis</strong></span> <span class='ocrx_word' id='word_1_726' title='bbox 2912 3414 3103 3491; x_wconf 74' lang='lat' dir='ltr'><strong>(Eccli.</strong></span> <span class='ocrx_word' id='word_1_727' title='bbox 3138 3419 3221 3475; x_wconf 77' lang='grc'><strong>12.</strong></span> <span class='ocrx_word' id='word_1_728' title='bbox 3252 3419 3389 3491; x_wconf 74' lang='lat' dir='ltr'><strong>l3)?</strong></span> <span class='ocrx_word' id='word_1_729' title='bbox 3417 3419 3689 3475; x_wconf 60' lang='lat' dir='ltr'><strong>Praetereo</strong></span> <span class='ocrx_word' id='word_1_730' title='bbox 3710 3417 3885 3489; x_wconf 79' lang='lat' dir='ltr'><strong>jactu-</strong></span> 
     </span>
    </p>
   </div>
   <div class='ocr_carea' id='block_1_97' title="bbox 2274 3509 3882 3585">
    <p class='ocr_par' dir='ltr' id='par_1_97' title="bbox 2274 3509 3882 3585">
     <span class='ocr_line' id='line_1_97' title="bbox 2274 3509 3882 3585; baseline -0.002 -15"><span class='ocrx_word' id='word_1_731' title='bbox 2274 3530 2390 3570; x_wconf 88' lang='lat' dir='ltr'><strong>ram</strong></span> <span class='ocrx_word' id='word_1_732' title='bbox 2420 3513 2791 3585; x_wconf 90' lang='lat' dir='ltr'><strong>pecuniarum,</strong></span> <span class='ocrx_word' id='word_1_733' title='bbox 2820 3523 2875 3569; x_wconf 90' lang='lat' dir='ltr'><strong>et</strong></span> <span class='ocrx_word' id='word_1_734' title='bbox 2903 3512 3242 3585; x_wconf 88' lang='lat' dir='ltr'><strong>quotidianas</strong></span> <span class='ocrx_word' id='word_1_735' title='bbox 3266 3510 3623 3582; x_wconf 88' lang='lat' dir='ltr'><strong>suspiciones,</strong></span> <span class='ocrx_word' id='word_1_736' title='bbox 3654 3509 3882 3580; x_wconf 76' lang='lat' dir='ltr'><strong>fastum,</strong></span> 
     </span>
    </p>
   </div>
   <div class='ocr_carea' id='block_1_98' title="bbox 2273 3602 3885 3677">
    <p class='ocr_par' dir='ltr' id='par_1_98' title="bbox 2273 3602 3885 3677">
     <span class='ocr_line' id='line_1_98' title="bbox 2273 3602 3885 3677; baseline -0.002 -16"><span class='ocrx_word' id='word_1_737' title='bbox 2273 3606 2658 3677; x_wconf 83' lang='lat' dir='ltr'><strong>arrogantiam,</strong></span> <span class='ocrx_word' id='word_1_738' title='bbox 2677 3603 3055 3669; x_wconf 87' lang='lat' dir='ltr'><strong>contumelias,</strong></span> <span class='ocrx_word' id='word_1_739' title='bbox 3083 3603 3281 3675; x_wconf 92' lang='lat' dir='ltr'><strong>quibus</strong></span> <span class='ocrx_word' id='word_1_740' title='bbox 3300 3602 3497 3658; x_wconf 88' lang='lat' dir='ltr'><strong>stultos</strong></span> <span class='ocrx_word' id='word_1_741' title='bbox 3540 3610 3739 3658; x_wconf 88' lang='lat' dir='ltr'><strong>vexant</strong></span> <span class='ocrx_word' id='word_1_742' title='bbox 3761 3617 3885 3658; x_wconf 83' lang='lat' dir='ltr'><strong>me-</strong></span> 
     </span>
    </p>
   </div>
   <div class='ocr_carea' id='block_1_99' title="bbox 2274 3694 3887 3769">
    <p class='ocr_par' dir='ltr' id='par_1_99' title="bbox 2274 3694 3887 3769">
     <span class='ocr_line' id='line_1_99' title="bbox 2274 3694 3887 3769; baseline -0.001 -14"><span class='ocrx_word' id='word_1_743' title='bbox 2274 3700 2522 3763; x_wconf 85' lang='lat' dir='ltr'><strong>retrices,</strong></span> <span class='ocrx_word' id='word_1_744' title='bbox 2554 3714 2674 3769; x_wconf 74' lang='lat' dir='ltr'><strong>qua:</strong></span> <span class='ocrx_word' id='word_1_745' title='bbox 2719 3697 2888 3753; x_wconf 90' lang='lat' dir='ltr'><strong>multo</strong></span> <span class='ocrx_word' id='word_1_746' title='bbox 2916 3706 3040 3752; x_wconf 87' lang='lat' dir='ltr'><strong>sunt</strong></span> <span class='ocrx_word' id='word_1_747' title='bbox 3070 3697 3373 3760; x_wconf 87' lang='lat' dir='ltr'><strong>acerbiora,</strong></span> <span class='ocrx_word' id='word_1_748' title='bbox 3405 3711 3565 3766; x_wconf 88' lang='lat' dir='ltr'><strong>quam</strong></span> <span class='ocrx_word' id='word_1_749' title='bbox 3591 3697 3638 3750; x_wconf 90' lang='lat' dir='ltr'><strong>si</strong></span> <span class='ocrx_word' id='word_1_750' title='bbox 3682 3694 3887 3753; x_wconf 88' lang='lat' dir='ltr'><strong>millies</strong></span> 
     </span>
    </p>
   </div>
   <div class='ocr_carea' id='block_1_100' title="bbox 2275 3786 3889 3859">
    <p class='ocr_par' dir='ltr' id='par_1_100' title="bbox 2275 3786 3889 3859">
     <span class='ocr_line' id='line_1_100' title="bbox 2275 3786 3889 3859; baseline -0.002 -14"><span class='ocrx_word' id='word_1_751' title='bbox 2275 3790 2436 3845; x_wconf 83' lang='lat' dir='ltr'><strong>fuerit</strong></span> <span class='ocrx_word' id='word_1_752' title='bbox 2462 3805 2608 3844; x_wconf 87' lang='lat' dir='ltr'><strong>mors</strong></span> <span class='ocrx_word' id='word_1_753' title='bbox 2635 3787 2961 3859; x_wconf 87' lang='lat' dir='ltr'><strong>oppetenda.</strong></span> <span class='ocrx_word' id='word_1_754' title='bbox 2998 3789 3171 3858; x_wconf 82' lang='lat' dir='ltr'><strong>Atque</strong></span> <span class='ocrx_word' id='word_1_755' title='bbox 3200 3802 3423 3843; x_wconf 87' lang='lat' dir='ltr'><strong>uxorem</strong></span> <span class='ocrx_word' id='word_1_756' title='bbox 3461 3786 3677 3858; x_wconf 82' lang='lat' dir='ltr'><strong>quidem</strong></span> <span class='ocrx_word' id='word_1_757' title='bbox 3707 3801 3889 3859; x_wconf 71' lang='lat' dir='ltr'><strong>saepe-</strong></span> 
     </span>
    </p>
   </div>
   <div class='ocr_carea' id='block_1_101' title="bbox 2276 3880 3891 3951">
    <p class='ocr_par' dir='ltr' id='par_1_101' title="bbox 2276 3880 3891 3951">
     <span class='ocr_line' id='line_1_101' title="bbox 2276 3880 3891 3951; baseline 0.001 -15"><span class='ocrx_word' id='word_1_758' title='bbox 2276 3897 2522 3945; x_wconf 89' lang='lat' dir='ltr'><strong>numero,</strong></span> <span class='ocrx_word' id='word_1_759' title='bbox 2553 3896 2622 3937; x_wconf 89' lang='lat' dir='ltr'><strong>ne</strong></span> <span class='ocrx_word' id='word_1_760' title='bbox 2646 3882 2691 3935; x_wconf 90' lang='lat' dir='ltr'><strong>si</strong></span> <span class='ocrx_word' id='word_1_761' title='bbox 2716 3881 2935 3936; x_wconf 91' lang='lat' dir='ltr'><strong>verbum</strong></span> <span class='ocrx_word' id='word_1_762' title='bbox 2956 3880 3173 3951; x_wconf 88' lang='lat' dir='ltr'><strong>quidem</strong></span> <span class='ocrx_word' id='word_1_763' title='bbox 3192 3881 3476 3936; x_wconf 88' lang='lat' dir='ltr'><strong>molestum</strong></span> <span class='ocrx_word' id='word_1_764' title='bbox 3503 3880 3723 3946; x_wconf 86' lang='lat' dir='ltr'><strong>dixerit,</strong></span> <span class='ocrx_word' id='word_1_765' title='bbox 3738 3880 3891 3938; x_wconf 80' lang='lat' dir='ltr'><strong>ferre</strong></span> 
     </span>
    </p>
   </div>
   <div class='ocr_carea' id='block_1_102' title="bbox 2277 3972 3889 4043">
    <p class='ocr_par' dir='ltr' id='par_1_102' title="bbox 2277 3972 3889 4043">
     <span class='ocr_line' id='line_1_102' title="bbox 2277 3972 3889 4043; baseline 0.001 -16"><span class='ocrx_word' id='word_1_766' title='bbox 2277 3982 2451 4043; x_wconf 89' lang='lat' dir='ltr'><strong>potes,</strong></span> <span class='ocrx_word' id='word_1_767' title='bbox 2484 3988 2550 4028; x_wconf 94' lang='lat' dir='ltr'><strong>ac</strong></span> <span class='ocrx_word' id='word_1_768' title='bbox 2578 3974 2917 4029; x_wconf 83' lang='lat' dir='ltr'><strong>meretricem</strong></span> <span class='ocrx_word' id='word_1_769' title='bbox 2948 3976 3111 4028; x_wconf 86' lang='lat' dir='ltr'><strong>etiam</strong></span> <span class='ocrx_word' id='word_1_770' title='bbox 3138 3974 3305 4043; x_wconf 88' lang='lat' dir='ltr'><strong>alapis</strong></span> <span class='ocrx_word' id='word_1_771' title='bbox 3334 3984 3385 4029; x_wconf 91' lang='lat' dir='ltr'><strong>te</strong></span> <span class='ocrx_word' id='word_1_772' title='bbox 3413 3972 3712 4030; x_wconf 63' lang='lat' dir='ltr'><strong>cedentem</strong></span> <span class='ocrx_word' id='word_1_773' title='bbox 3744 3973 3889 4029; x_wconf 88' lang='lat' dir='ltr'><strong>ado-</strong></span> 
     </span>
    </p>
   </div>
   <div class='ocr_carea' id='block_1_103' title="bbox 2278 4063 3889 4136">
    <p class='ocr_par' dir='ltr' id='par_1_103' title="bbox 2278 4063 3889 4136">
     <span class='ocr_line' id='line_1_103' title="bbox 2278 4063 3889 4136; baseline 0.002 -17"><span class='ocrx_word' id='word_1_774' title='bbox 2278 4079 2384 4119; x_wconf 83' lang='lat' dir='ltr'><strong>ras.</strong></span> <span class='ocrx_word' id='word_1_775' title='bbox 2436 4063 2549 4119; x_wconf 85' lang='lat' dir='ltr'><strong>Non</strong></span> <span class='ocrx_word' id='word_1_776' title='bbox 2577 4072 2631 4119; x_wconf 92' lang='lat' dir='ltr'><strong>te</strong></span> <span class='ocrx_word' id='word_1_777' title='bbox 2661 4063 2842 4134; x_wconf 82' lang='lat' dir='ltr'><strong>pudet,</strong></span> <span class='ocrx_word' id='word_1_778' title='bbox 2892 4078 2993 4120; x_wconf 89' lang='lat' dir='ltr'><strong>nec</strong></span> <span class='ocrx_word' id='word_1_779' title='bbox 3034 4063 3333 4130; x_wconf 85' lang='lat' dir='ltr'><strong>erubescis,</strong></span> <span class='ocrx_word' id='word_1_780' title='bbox 3379 4079 3481 4121; x_wconf 82' lang='lat' dir='ltr'><strong>nec</strong></span> <span class='ocrx_word' id='word_1_781' title='bbox 3507 4073 3664 4136; x_wconf 87' lang='lat' dir='ltr'><strong>optas</strong></span> <span class='ocrx_word' id='word_1_782' title='bbox 3693 4074 3751 4119; x_wconf 92' lang='lat' dir='ltr'><strong>ut</strong></span> <span class='ocrx_word' id='word_1_783' title='bbox 3786 4065 3889 4122; x_wconf 89' lang='lat' dir='ltr'><strong>tibi</strong></span> 
     </span>
    </p>
   </div>
   <div class='ocr_carea' id='block_1_104' title="bbox 2276 4157 3890 4229">
    <p class='ocr_par' dir='ltr' id='par_1_104' title="bbox 2276 4157 3890 4229">
     <span class='ocr_line' id='line_1_104' title="bbox 2276 4157 3890 4229; baseline 0 -15"><span class='ocrx_word' id='word_1_784' title='bbox 2276 4158 2515 4214; x_wconf 81' lang='lat' dir='ltr'><strong>dehiscat</strong></span> <span class='ocrx_word' id='word_1_785' title='bbox 2539 4159 2721 4214; x_wconf 80' lang='lat' dir='ltr'><strong>terra?</strong></span> <span class='ocrx_word' id='word_1_786' title='bbox 2744 4158 2843 4227; x_wconf 86' lang='lat' dir='ltr'><strong>Qui</strong></span> <span class='ocrx_word' id='word_1_787' title='bbox 2867 4158 3068 4229; x_wconf 90' lang='lat' dir='ltr'><strong>poteris</strong></span> <span class='ocrx_word' id='word_1_788' title='bbox 3091 4157 3158 4213; x_wconf 91' lang='lat' dir='ltr'><strong>ad</strong></span> <span class='ocrx_word' id='word_1_789' title='bbox 3174 4158 3459 4214; x_wconf 89' lang='lat' dir='ltr'><strong>ecclesiam</strong></span> <span class='ocrx_word' id='word_1_790' title='bbox 3487 4160 3695 4225; x_wconf 87' lang='lat' dir='ltr'><strong>venire,</strong></span> <span class='ocrx_word' id='word_1_791' title='bbox 3720 4169 3890 4229; x_wconf 89' lang='lat' dir='ltr'><strong>atque</strong></span> 
     </span>
    </p>
   </div>
   <div class='ocr_carea' id='block_1_105' title="bbox 2278 4251 3890 4323">
    <p class='ocr_par' dir='ltr' id='par_1_105' title="bbox 2278 4251 3890 4323">
     <span class='ocr_line' id='line_1_105' title="bbox 2278 4251 3890 4323; baseline 0.001 -18"><span class='ocrx_word' id='word_1_792' title='bbox 2278 4252 2333 4306; x_wconf 91' lang='lat' dir='ltr'><strong>in</strong></span> <span class='ocrx_word' id='word_1_793' title='bbox 2356 4253 2543 4309; x_wconf 61' lang='lat' dir='ltr'><strong>calum</strong></span> <span class='ocrx_word' id='word_1_794' title='bbox 2582 4267 2771 4308; x_wconf 90' lang='lat' dir='ltr'><strong>manus</strong></span> <span class='ocrx_word' id='word_1_795' title='bbox 2812 4252 3143 4309; x_wconf 79' lang='lat' dir='ltr'><strong>extendere?</strong></span> <span class='ocrx_word' id='word_1_796' title='bbox 3170 4267 3278 4323; x_wconf 93' lang='lat' dir='ltr'><strong>quo</strong></span> <span class='ocrx_word' id='word_1_797' title='bbox 3327 4251 3543 4307; x_wconf 90' lang='lat' dir='ltr'><strong>tandem</strong></span> <span class='ocrx_word' id='word_1_798' title='bbox 3569 4265 3665 4308; x_wconf 88' lang='lat' dir='ltr'><strong>ore</strong></span> <span class='ocrx_word' id='word_1_799' title='bbox 3712 4251 3890 4307; x_wconf 88' lang='lat' dir='ltr'><strong>Deum</strong></span> 
     </span>
    </p>
   </div>
   <div class='ocr_carea' id='block_1_106' title="bbox 2279 4342 3889 4417">
    <p class='ocr_par' dir='ltr' id='par_1_106' title="bbox 2279 4342 3889 4417">
     <span class='ocr_line' id='line_1_106' title="bbox 2279 4342 3889 4417; baseline 0 -18"><span class='ocrx_word' id='word_1_800' title='bbox 2279 4342 2597 4413; x_wconf 80' lang='lat' dir='ltr'><strong>invocabis,</strong></span> <span class='ocrx_word' id='word_1_801' title='bbox 2627 4360 2737 4417; x_wconf 69' lang='lat' dir='ltr'><strong>Quo</strong></span> <span class='ocrx_word' id='word_1_802' title='bbox 2776 4346 3117 4401; x_wconf 87' lang='lat' dir='ltr'><strong>meretricem</strong></span> <span class='ocrx_word' id='word_1_803' title='bbox 3157 4344 3430 4401; x_wconf 90' lang='lat' dir='ltr'><strong>osculatus</strong></span> <span class='ocrx_word' id='word_1_804' title='bbox 3482 4343 3581 4401; x_wconf 76' lang='lat' dir='ltr'><strong>es?</strong></span> <span class='ocrx_word' id='word_1_805' title='bbox 3620 4343 3738 4399; x_wconf 86' lang='lat' dir='ltr'><strong>Non</strong></span> <span class='ocrx_word' id='word_1_806' title='bbox 3788 4354 3889 4413; x_wconf 91' lang='lat' dir='ltr'><strong>tu,</strong></span> 
     </span>
    </p>
   </div>
   <div class='ocr_carea' id='block_1_107' title="bbox 2277 4436 3887 4510">
    <p class='ocr_par' dir='ltr' id='par_1_107' title="bbox 2277 4436 3887 4510">
     <span class='ocr_line' id='line_1_107' title="bbox 2277 4436 3887 4510; baseline 0.002 -22"><span class='ocrx_word' id='word_1_807' title='bbox 2277 4451 2481 4507; x_wconf 63' lang='lat' dir='ltr'><strong>quasso,</strong></span> <span class='ocrx_word' id='word_1_808' title='bbox 2512 4437 2688 4504; x_wconf 87' lang='lat' dir='ltr'><strong>times,</strong></span> <span class='ocrx_word' id='word_1_809' title='bbox 2720 4451 2823 4495; x_wconf 92' lang='lat' dir='ltr'><strong>nec</strong></span> <span class='ocrx_word' id='word_1_810' title='bbox 2847 4438 3237 4510; x_wconf 87' lang='lat' dir='ltr'><strong>perhorrescis,</strong></span> <span class='ocrx_word' id='word_1_811' title='bbox 3270 4451 3339 4493; x_wconf 88' lang='lat' dir='ltr'><strong>ne</strong></span> <span class='ocrx_word' id='word_1_812' title='bbox 3364 4436 3581 4508; x_wconf 87' lang='lat' dir='ltr'><strong>quando</strong></span> <span class='ocrx_word' id='word_1_813' title='bbox 3606 4444 3755 4491; x_wconf 89' lang='lat' dir='ltr'><strong>tuum</strong></span> <span class='ocrx_word' id='word_1_814' title='bbox 3786 4452 3887 4492; x_wconf 84' lang='lat' dir='ltr'><strong>ca-</strong></span> 
     </span>
    </p>
   </div>
   <div class='ocr_carea' id='block_1_108' title="bbox 2279 4528 3893 4603">
    <p class='ocr_par' dir='ltr' id='par_1_108' title="bbox 2279 4528 3893 4603">
     <span class='ocr_line' id='line_1_108' title="bbox 2279 4528 3893 4603; baseline 0 -19"><span class='ocrx_word' id='word_1_815' title='bbox 2279 4539 2376 4601; x_wconf 90' lang='lat' dir='ltr'><strong>put</strong></span> <span class='ocrx_word' id='word_1_816' title='bbox 2396 4530 2681 4603; x_wconf 83' lang='lat' dir='ltr'><strong>impudens</strong></span> <span class='ocrx_word' id='word_1_817' title='bbox 2700 4529 2768 4585; x_wconf 89' lang='lat' dir='ltr'><strong>de</strong></span> <span class='ocrx_word' id='word_1_818' title='bbox 2787 4530 2922 4587; x_wconf 70' lang='lat' dir='ltr'><strong>caelo</strong></span> <span class='ocrx_word' id='word_1_819' title='bbox 2940 4529 3219 4600; x_wconf 88' lang='lat' dir='ltr'><strong>delapsum</strong></span> <span class='ocrx_word' id='word_1_820' title='bbox 3240 4528 3443 4585; x_wconf 77' lang='lat' dir='ltr'><strong>fulmen</strong></span> <span class='ocrx_word' id='word_1_821' title='bbox 3461 4529 3893 4594; x_wconf 68' lang='lat' dir='ltr'><strong>exurattouam—</strong></span> 
     </span>
    </p>
   </div>
   <div class='ocr_carea' id='block_1_109' title="bbox 2278 4619 3893 4691">
    <p class='ocr_par' dir='ltr' id='par_1_109' title="bbox 2278 4619 3893 4691">
     <span class='ocr_line' id='line_1_109' title="bbox 2278 4619 3893 4691; baseline 0.001 -17"><span class='ocrx_word' id='word_1_822' title='bbox 2278 4622 2358 4677; x_wconf 83' lang='lat' dir='ltr'><strong>vis</strong></span> <span class='ocrx_word' id='word_1_823' title='bbox 2404 4635 2626 4678; x_wconf 82' lang='lat' dir='ltr'><strong>uxorem</strong></span> <span class='ocrx_word' id='word_1_824' title='bbox 2675 4628 2843 4685; x_wconf 89' lang='lat' dir='ltr'><strong>tuam,</strong></span> <span class='ocrx_word' id='word_1_825' title='bbox 2893 4636 3053 4691; x_wconf 92' lang='lat' dir='ltr'><strong>quam</strong></span> <span class='ocrx_word' id='word_1_826' title='bbox 3100 4620 3273 4676; x_wconf 84' lang='lat' dir='ltr'><strong>al&#39;llcis</strong></span> <span class='ocrx_word' id='word_1_827' title='bbox 3329 4619 3563 4689; x_wconf 86' lang='lat' dir='ltr'><strong>injuria,</strong></span> <span class='ocrx_word' id='word_1_828' title='bbox 3617 4621 3785 4687; x_wconf 87' lang='lat' dir='ltr'><strong>celes,</strong></span> <span class='ocrx_word' id='word_1_829' title='bbox 3829 4628 3893 4677; x_wconf 89' lang='lat' dir='ltr'><strong>at</strong></span> 
     </span>
    </p>
   </div>
   <div class='ocr_carea' id='block_1_110' title="bbox 2280 4710 3889 4784">
    <p class='ocr_par' dir='ltr' id='par_1_110' title="bbox 2280 4710 3889 4784">
     <span class='ocr_line' id='line_1_110' title="bbox 2280 4710 3889 4784; baseline -0.002 -15"><span class='ocrx_word' id='word_1_830' title='bbox 2280 4712 2580 4769; x_wconf 88' lang='lat' dir='ltr'><strong>insomnem</strong></span> <span class='ocrx_word' id='word_1_831' title='bbox 2611 4713 2758 4767; x_wconf 91' lang='lat' dir='ltr'><strong>illum</strong></span> <span class='ocrx_word' id='word_1_832' title='bbox 2792 4713 3007 4769; x_wconf 91' lang='lat' dir='ltr'><strong>oculum</strong></span> <span class='ocrx_word' id='word_1_833' title='bbox 3037 4727 3325 4784; x_wconf 88' lang='lat' dir='ltr'><strong>numquam</strong></span> <span class='ocrx_word' id='word_1_834' title='bbox 3364 4711 3566 4768; x_wconf 89' lang='lat' dir='ltr'><strong>celabis</strong></span> <span class='ocrx_word' id='word_1_835' title='bbox 3593 4730 3608 4767; x_wconf 87' lang='lat'><strong>:</strong></span> <span class='ocrx_word' id='word_1_836' title='bbox 3638 4710 3889 4784; x_wconf 88' lang='lat' dir='ltr'><strong>quando-</strong></span> 
     </span>
    </p>
   </div>
   <div class='ocr_carea' id='block_1_111' title="bbox 2277 4804 3889 4879">
    <p class='ocr_par' dir='ltr' id='par_1_111' title="bbox 2277 4804 3889 4879">
     <span class='ocr_line' id='line_1_111' title="bbox 2277 4804 3889 4879; baseline -0.001 -18"><span class='ocrx_word' id='word_1_837' title='bbox 2277 4808 2493 4879; x_wconf 87' lang='lat' dir='ltr'><strong>quidem</strong></span> <span class='ocrx_word' id='word_1_838' title='bbox 2525 4808 2767 4862; x_wconf 89' lang='lat' dir='ltr'><strong>adultero</strong></span> <span class='ocrx_word' id='word_1_839' title='bbox 2794 4806 2892 4872; x_wconf 90' lang='lat' dir='ltr'><strong>illi,</strong></span> <span class='ocrx_word' id='word_1_840' title='bbox 2923 4807 3013 4877; x_wconf 90' lang='lat' dir='ltr'><strong>qui</strong></span> <span class='ocrx_word' id='word_1_841' title='bbox 3036 4805 3271 4871; x_wconf 84' lang='lat' dir='ltr'><strong>dicebat,</strong></span> <span class='ocrx_word' id='word_1_842' title='bbox 3304 4804 3545 4860; x_wconf 73' lang='lat' dir='ltr'><strong>Tenebris</strong></span> <span class='ocrx_word' id='word_1_843' title='bbox 3565 4806 3889 4860; x_wconf 68' lang='lat' dir='ltr'><strong>circumdant</strong></span> 
     </span>
    </p>
   </div>
   <div class='ocr_carea' id='block_1_112' title="bbox 2280 4895 3891 4972">
    <p class='ocr_par' dir='ltr' id='par_1_112' title="bbox 2280 4895 3891 4972">
     <span class='ocr_line' id='line_1_112' title="bbox 2280 4895 3891 4972; baseline -0.001 -18"><span class='ocrx_word' id='word_1_844' title='bbox 2280 4917 2382 4968; x_wconf 86' lang='lat' dir='ltr'><strong>me,</strong></span> <span class='ocrx_word' id='word_1_845' title='bbox 2411 4910 2455 4954; x_wconf 89' lang='lat' dir='ltr'><strong>et</strong></span> <span class='ocrx_word' id='word_1_846' title='bbox 2478 4900 2713 4972; x_wconf 86' lang='lat' dir='ltr'><strong>parietes,</strong></span> <span class='ocrx_word' id='word_1_847' title='bbox 2739 4898 2861 4965; x_wconf 83' lang='lat' dir='ltr'><strong>quid</strong></span> <span class='ocrx_word' id='word_1_848' title='bbox 2890 4914 3060 4953; x_wconf 76' lang='lat' dir='ltr'><strong>vereor</strong></span> <span class='ocrx_word' id='word_1_849' title='bbox 3087 4897 3274 4970; x_wconf 85' lang='lat' dir='ltr'><strong>(Eccli.</strong></span> <span class='ocrx_word' id='word_1_850' title='bbox 3294 4898 3387 4953; x_wconf 73' lang='lat'><strong>23.</strong></span> <span class='ocrx_word' id='word_1_851' title='bbox 3406 4895 3501 4968; x_wconf 71' lang='lat'><strong>26)</strong></span> <span class='ocrx_word' id='word_1_852' title='bbox 3520 4896 3544 4951; x_wconf 72' lang='grc' dir='ltr'><strong><em>τ</em></strong></span> <span class='ocrx_word' id='word_1_853' title='bbox 3562 4896 3891 4953; x_wconf 82' lang='lat' dir='ltr'><strong>contradixit</strong></span> 
     </span>
    </p>
   </div>
   <div class='ocr_carea' id='block_1_113' title="bbox 2277 4988 3889 5064">
    <p class='ocr_par' dir='ltr' id='par_1_113' title="bbox 2277 4988 3889 5064">
     <span class='ocr_line' id='line_1_113' title="bbox 2277 4988 3889 5064; baseline -0.002 -16"><span class='ocrx_word' id='word_1_854' title='bbox 2277 4994 2503 5064; x_wconf 79' lang='lat' dir='ltr'><strong>sapicns&#39;</strong></span> <span class='ocrx_word' id='word_1_855' title='bbox 2520 4992 2607 5047; x_wconf 84' lang='lat' dir='ltr'><strong>ille</strong></span> <span class='ocrx_word' id='word_1_856' title='bbox 2630 4991 2708 5047; x_wconf 83' lang='lat' dir='ltr'><strong>sic</strong></span> <span class='ocrx_word' id='word_1_857' title='bbox 2736 4991 2921 5046; x_wconf 68' lang='lat' dir='ltr'><strong>dicens</strong></span> <span class='ocrx_word' id='word_1_858' title='bbox 2944 5006 2959 5045; x_wconf 85' lang='lat'><strong>:</strong></span> <span class='ocrx_word' id='word_1_859' title='bbox 2992 4988 3145 5047; x_wconf 82' lang='lat' dir='ltr'><strong>Oculi</strong></span> <span class='ocrx_word' id='word_1_860' title='bbox 3171 4990 3381 5045; x_wconf 81' lang='lat' dir='ltr'><strong>Domini</strong></span> <span class='ocrx_word' id='word_1_861' title='bbox 3399 4991 3585 5045; x_wconf 74' lang='lat' dir='ltr'><strong>millies</strong></span> <span class='ocrx_word' id='word_1_862' title='bbox 3611 4989 3889 5045; x_wconf 70' lang='lat' dir='ltr'><strong>lucidiora</strong></span> 
     </span>
    </p>
   </div>
   <div class='ocr_carea' id='block_1_114' title="bbox 2277 5080 3888 5157">
    <p class='ocr_par' dir='ltr' id='par_1_114' title="bbox 2277 5080 3888 5157">
     <span class='ocr_line' id='line_1_114' title="bbox 2277 5080 3888 5157; baseline -0.006 -10"><span class='ocrx_word' id='word_1_863' title='bbox 2277 5098 2394 5147; x_wconf 74' lang='lat' dir='ltr'><strong>sum</strong></span> <span class='ocrx_word' id='word_1_864' title='bbox 2420 5087 2544 5155; x_wconf 82' lang='lat' dir='ltr'><strong>sole,</strong></span> <span class='ocrx_word' id='word_1_865' title='bbox 2574 5086 2896 5157; x_wconf 83' lang='lat' dir='ltr'><strong>iuspicientes</strong></span> <span class='ocrx_word' id='word_1_866' title='bbox 2928 5100 3083 5155; x_wconf 85' lang='lat' dir='ltr'><strong>opera</strong></span> <span class='ocrx_word' id='word_1_867' title='bbox 3104 5084 3364 5139; x_wconf 81' lang='lat' dir='ltr'><strong>hominum</strong></span> <span class='ocrx_word' id='word_1_868' title='bbox 3388 5081 3498 5155; x_wconf 85' lang='lat' dir='ltr'><strong>(Ib.</strong></span> <span class='ocrx_word' id='word_1_869' title='bbox 3525 5097 3572 5137; x_wconf 76' lang='lat' dir='ltr'><strong>tt.</strong></span> <span class='ocrx_word' id='word_1_870' title='bbox 3600 5082 3719 5154; x_wconf 69' lang='lat'><strong>28).</strong></span> <span class='ocrx_word' id='word_1_871' title='bbox 3748 5080 3888 5137; x_wconf 75' lang='lat' dir='ltr'><strong>Pro-</strong></span> 
     </span>
    </p>
   </div>
   <div class='ocr_carea' id='block_1_115' title="bbox 2282 5173 3889 5249">
    <p class='ocr_par' dir='ltr' id='par_1_115' title="bbox 2282 5173 3889 5249">
     <span class='ocr_line' id='line_1_115' title="bbox 2282 5173 3889 5249; baseline -0.006 -13"><span class='ocrx_word' id='word_1_872' title='bbox 2282 5189 2397 5249; x_wconf 90' lang='lat' dir='ltr'><strong>pter</strong></span> <span class='ocrx_word' id='word_1_873' title='bbox 2419 5178 2535 5235; x_wconf 77' lang='lat' dir='ltr'><strong>luec</strong></span> <span class='ocrx_word' id='word_1_874' title='bbox 2560 5178 2738 5236; x_wconf 89' lang='lat' dir='ltr'><strong>omnia</strong></span> <span class='ocrx_word' id='word_1_875' title='bbox 2762 5176 3013 5239; x_wconf 86' lang='lat' dir='ltr'><strong>nimirum</strong></span> <span class='ocrx_word' id='word_1_876' title='bbox 3034 5176 3245 5233; x_wconf 89' lang='lat' dir='ltr'><strong>dicebat</strong></span> <span class='ocrx_word' id='word_1_877' title='bbox 3272 5176 3499 5233; x_wconf 87' lang='lat' dir='ltr'><strong>Paulus:</strong></span> <span class='ocrx_word' id='word_1_878' title='bbox 3526 5173 3889 5243; x_wconf 78' lang='lat' dir='ltr'><strong>Uuusquisque</strong></span> 
     </span>
    </p>
   </div>
   <div class='ocr_carea' id='block_1_116' title="bbox 2280 5266 3887 5344">
    <p class='ocr_par' dir='ltr' id='par_1_116' title="bbox 2280 5266 3887 5344">
     <span class='ocr_line' id='line_1_116' title="bbox 2280 5266 3887 5344; baseline -0.001 -19"><span class='ocrx_word' id='word_1_879' title='bbox 2280 5288 2426 5325; x_wconf 82' lang='lat' dir='ltr'><strong>suam</strong></span> <span class='ocrx_word' id='word_1_880' title='bbox 2441 5288 2652 5331; x_wconf 70' lang='lat' dir='ltr'><strong>uxorem</strong></span> <span class='ocrx_word' id='word_1_881' title='bbox 2673 5270 2882 5338; x_wconf 64' lang='lat' dir='ltr'><strong>habent,</strong></span> <span class='ocrx_word' id='word_1_882' title='bbox 2902 5279 2947 5323; x_wconf 95' lang='lat' dir='ltr'><strong>et</strong></span> <span class='ocrx_word' id='word_1_883' title='bbox 2974 5285 3283 5344; x_wconf 74' lang='lat' dir='ltr'><strong>unaqmeque</strong></span> <span class='ocrx_word' id='word_1_884' title='bbox 3306 5269 3467 5323; x_wconf 74' lang='lat' dir='ltr'><strong>virum</strong></span> <span class='ocrx_word' id='word_1_885' title='bbox 3487 5284 3635 5322; x_wconf 75' lang='lat' dir='ltr'><strong>suum</strong></span> <span class='ocrx_word' id='word_1_886' title='bbox 3663 5266 3844 5322; x_wconf 74' lang='lat' dir='ltr'><strong>lubeat</strong></span> <span class='ocrx_word' id='word_1_887' title='bbox 3861 5278 3887 5324; x_wconf 86' lang='lat'><strong><em>:</em></strong></span> 
     </span>
    </p>
   </div>
   <div class='ocr_carea' id='block_1_117' title="bbox 2281 5360 3891 5428">
    <p class='ocr_par' dir='ltr' id='par_1_117' title="bbox 2281 5360 3891 5428">
     <span class='ocr_line' id='line_1_117' title="bbox 2281 5360 3891 5428; baseline -0.003 -8"><span class='ocrx_word' id='word_1_888' title='bbox 2281 5365 2431 5420; x_wconf 70' lang='lat' dir='ltr'><strong>uxori</strong></span> <span class='ocrx_word' id='word_1_889' title='bbox 2479 5366 2555 5419; x_wconf 75' lang='lat' dir='ltr'><strong>vir</strong></span> <span class='ocrx_word' id='word_1_890' title='bbox 2601 5364 2827 5428; x_wconf 74' lang='lat' dir='ltr'><strong>debitam</strong></span> <span class='ocrx_word' id='word_1_891' title='bbox 2874 5363 3265 5424; x_wconf 62' lang='lat' dir='ltr'><strong>benevolentiam</strong></span> <span class='ocrx_word' id='word_1_892' title='bbox 3302 5362 3520 5428; x_wconf 77' lang='lat' dir='ltr'><strong>reddat;</strong></span> <span class='ocrx_word' id='word_1_893' title='bbox 3564 5360 3798 5414; x_wconf 81' lang='lat' dir='ltr'><strong>similiter</strong></span> <span class='ocrx_word' id='word_1_894' title='bbox 3838 5369 3891 5415; x_wconf 83' lang='lat' dir='ltr'><strong>st</strong></span> 
     </span>
    </p>
   </div>
   <div class='ocr_carea' id='block_1_118' title="bbox 2280 5452 3889 5527">
    <p class='ocr_par' dir='ltr' id='par_1_118' title="bbox 2280 5452 3889 5527">
     <span class='ocr_line' id='line_1_118' title="bbox 2280 5452 3889 5527; baseline -0.003 -16"><span class='ocrx_word' id='word_1_895' title='bbox 2280 5474 2412 5512; x_wconf 74' lang='lat' dir='ltr'><strong>uxor</strong></span> <span class='ocrx_word' id='word_1_896' title='bbox 2431 5460 2542 5512; x_wconf 72' lang='grc' dir='ltr'>ικίιο</span> <span class='ocrx_word' id='word_1_897' title='bbox 2561 5456 2638 5527; x_wconf 85' lang='lat' dir='ltr'><strong>(l.</strong></span> <span class='ocrx_word' id='word_1_898' title='bbox 2670 5456 2789 5512; x_wconf 87' lang='lat' dir='ltr'><strong>Cor.</strong></span> <span class='ocrx_word' id='word_1_899' title='bbox 2815 5457 2867 5511; x_wconf 89' lang='lat'><strong>7.</strong></span> <span class='ocrx_word' id='word_1_900' title='bbox 2891 5456 2945 5508; x_wconf 67' lang='grc' dir='ltr'><strong>Ξ.</strong></span> <span class='ocrx_word' id='word_1_901' title='bbox 2972 5456 3049 5526; x_wconf 78' lang='grc'><strong>3).</strong></span> <span class='ocrx_word' id='word_1_902' title='bbox 3086 5455 3189 5512; x_wconf 72' lang='grc' dir='ltr'><strong>κει</strong></span> <span class='ocrx_word' id='word_1_903' title='bbox 3218 5455 3431 5518; x_wconf 75' lang='lat' dir='ltr'><strong>distillat</strong></span> <span class='ocrx_word' id='word_1_904' title='bbox 3460 5470 3491 5510; x_wconf 80' lang='grc' dir='ltr'><strong>α</strong></span> <span class='ocrx_word' id='word_1_905' title='bbox 3523 5452 3671 5508; x_wconf 80' lang='lat' dir='ltr'><strong>labiis</strong></span> <span class='ocrx_word' id='word_1_906' title='bbox 3700 5453 3889 5507; x_wconf 74' lang='lat' dir='ltr'><strong>mulie-</strong></span> 
     </span>
    </p>
   </div>
   <div class='ocr_carea' id='block_1_119' title="bbox 2280 5549 3889 5623">
    <p class='ocr_par' dir='ltr' id='par_1_119' title="bbox 2280 5549 3889 5623">
     <span class='ocr_line' id='line_1_119' title="bbox 2280 5549 3889 5623; baseline -0.002 -18"><span class='ocrx_word' id='word_1_907' title='bbox 2280 5551 2352 5605; x_wconf 87' lang='lat' dir='ltr'><strong>ris</strong></span> <span class='ocrx_word' id='word_1_908' title='bbox 2378 5550 2671 5613; x_wconf 83' lang='lat' dir='ltr'><strong>nteretricis,</strong></span> <span class='ocrx_word' id='word_1_909' title='bbox 2698 5566 2812 5623; x_wconf 72' lang='lat' dir='ltr'><strong>qua</strong></span> <span class='ocrx_word' id='word_1_910' title='bbox 2848 5549 2915 5603; x_wconf 81' lang='lat' dir='ltr'><strong>ad</strong></span> <span class='ocrx_word' id='word_1_911' title='bbox 2942 5558 3137 5621; x_wconf 79' lang='lat' dir='ltr'><strong>tempus</strong></span> <span class='ocrx_word' id='word_1_912' title='bbox 3184 5551 3478 5620; x_wconf 66' lang='lat' dir='ltr'><strong>impingunt,</strong></span> <span class='ocrx_word' id='word_1_913' title='bbox 3496 5550 3669 5619; x_wconf 68' lang='lat' dir='ltr'><strong>[cum</strong></span> <span class='ocrx_word' id='word_1_914' title='bbox 3719 5555 3837 5603; x_wconf 71' lang='lat' dir='ltr'><strong>tuas</strong></span> <span class='ocrx_word' id='word_1_915' title='bbox 3866 5562 3889 5602; x_wconf 89' lang='lat'><strong><em>:</em></strong></span> 
     </span>
    </p>
   </div>
   <div class='ocr_carea' id='block_1_120' title="bbox 2282 5640 3885 5715">
    <p class='ocr_par' dir='ltr' id='par_1_120' title="bbox 2282 5640 3885 5715">
     <span class='ocr_line' id='line_1_120' title="bbox 2282 5640 3885 5715; baseline -0.003 -20"><span class='ocrx_word' id='word_1_916' title='bbox 2282 5655 2457 5715; x_wconf 83' lang='lat' dir='ltr'><strong>postea</strong></span> <span class='ocrx_word' id='word_1_917' title='bbox 2504 5658 2617 5701; x_wconf 70' lang='lat' dir='ltr'><strong>uero</strong></span> <span class='ocrx_word' id='word_1_918' title='bbox 2644 5658 2756 5708; x_wconf 75' lang='lat' dir='ltr'><strong>eam</strong></span> <span class='ocrx_word' id='word_1_919' title='bbox 2795 5641 3101 5699; x_wconf 69' lang='lat' dir='ltr'><strong>anteriorem</strong></span> <span class='ocrx_word' id='word_1_920' title='bbox 3148 5642 3267 5712; x_wconf 78' lang='lat' dir='ltr'><strong>felle</strong></span> <span class='ocrx_word' id='word_1_921' title='bbox 3304 5640 3557 5708; x_wconf 51' lang='lat' dir='ltr'><strong>inuenies,</strong></span> <span class='ocrx_word' id='word_1_922' title='bbox 3600 5650 3649 5706; x_wconf 57' lang='lat' dir='ltr'><strong>et</strong></span> <span class='ocrx_word' id='word_1_923' title='bbox 3675 5650 3885 5704; x_wconf 72' lang='grc' dir='ltr'><strong>πεκωρη</strong></span> 
     </span>
    </p>
   </div>
   <div class='ocr_carea' id='block_1_121' title="bbox 2287 5722 3885 5811">
    <p class='ocr_par' dir='ltr' id='par_1_121' title="bbox 2287 5722 3885 5811">
     <span class='ocr_line' id='line_1_121' title="bbox 2287 5722 3885 5811; baseline -0.002 -19"><span class='ocrx_word' id='word_1_924' title='bbox 2287 5733 2447 5810; x_wconf 77' lang='lat' dir='ltr'><strong>utung</strong></span> <span class='ocrx_word' id='word_1_925' title='bbox 2488 5736 2661 5808; x_wconf 77' lang='lat' dir='ltr'><strong>gladio</strong></span> <span class='ocrx_word' id='word_1_926' title='bbox 2686 5722 2897 5811; x_wconf 73' lang='lat' dir='ltr'><strong>ancipiti</strong></span> <span class='ocrx_word' id='word_1_927' title='bbox 2934 5735 3133 5810; x_wconf 71' lang='lat' dir='ltr'><strong>(Prov.</strong></span> <span class='ocrx_word' id='word_1_928' title='bbox 3166 5737 3220 5794; x_wconf 83' lang='lat'><strong>5.</strong></span> <span class='ocrx_word' id='word_1_929' title='bbox 3252 5737 3308 5793; x_wconf 70' lang='grc' dir='ltr'><strong>δ.</strong></span> <span class='ocrx_word' id='word_1_930' title='bbox 3338 5735 3372 5793; x_wconf 84' lang='lat' dir='ltr'><strong>s</strong></span> <span class='ocrx_word' id='word_1_931' title='bbox 3390 5735 3433 5807; x_wconf 87' lang='lat'><strong>).</strong></span> <span class='ocrx_word' id='word_1_932' title='bbox 3464 5733 3743 5793; x_wconf 79' lang='lat' dir='ltr'><strong>Venenum</strong></span> <span class='ocrx_word' id='word_1_933' title='bbox 3782 5734 3885 5789; x_wconf 82' lang='lat' dir='ltr'><strong>ha-</strong></span> 
     </span>
    </p>
   </div>
  </div>
