4088 6422
403 357 510 416 ﬂ?

408 472 499 526 bet
524 470 770 526 osculum
793 465 1112 532 meretricis,
1150 481 1417 522 venenum
1444 465 1619 522 latens
1645 474 1700 523 et
1735 467 2023 522 abscondi-

405 573 544 619 tum.
574 560 685 618 Cur
725 562 889 632 igitur
914 558 1275 615 damnandam
1303 559 1642 630 persequeris
1670 557 2019 630 voluptatem,

405 672 528 727 qua
552 657 775 714 exitium
796 656 955 725 parit,
974 671 1095 724 qua:
1116 653 1327 724 plagam
1353 651 1514 708 infert
1536 651 2014 717 immedicabilem,

405 760 530 801 cum
558 747 815 802 oblectari
871 745 1066 816 possis,
1094 753 1151 800 et
1199 745 1406 799 nullum
1453 744 1654 798 malum
1703 742 2020 798 incurrere?

409 836 542 894 Cum
572 840 742 894 libera
769 849 823 894 et
873 839 1097 894 honesta
1129 836 1355 893 muliere
1385 837 1542 892 simul
1569 837 1813 905 voluptas
1855 846 1938 891 est
1964 845 2022 892 et

407 932 689 996 securitas,
730 939 787 986 et
807 930 1096 987 delectatio
1132 940 1186 985 ct
1234 930 1428 997 honor,
1461 938 1514 985 et
1541 941 1765 985 ornatus
1799 939 1854 984 et
1880 929 2018 984 bona

407 1023 738 1079 conscientia
778 1041 792 1077 :
845 1024 952 1078 illic
995 1033 1175 1078 autem
1212 1024 1478 1078 acerbitas
1531 1023 1719 1088 multa,
1763 1022 2018 1076 damnum

410 1117 655 1181 multum,
699 1118 970 1171 accusatio
1024 1125 1305 1185 perpetua.
1356 1113 1615 1183 Quamvis
1661 1114 1810 1168 enim
1837 1113 2019 1168 nullus

409 1208 683 1264 hominum
716 1209 942 1273 viderit,
975 1224 1263 1276 numquam
1295 1213 1474 1262 tamen
1501 1221 1758 1262 accusare
1788 1214 1842 1261 te
1870 1205 2018 1258 desi-

407 1309 499 1355 net
522 1300 849 1355 conscientia
871 1298 997 1356 :sed
1026 1312 1364 1368 quocumque
1386 1297 1715 1367 perrexeris,
1747 1305 1799 1351 te
1826 1309 2017 1365 seque-

407 1398 495 1444 tur
517 1405 798 1454 accusans,
832 1399 887 1444 ct
917 1405 1106 1459 magna
1133 1404 1268 1443 voce
1291 1397 1344 1443 te
1383 1402 1712 1458 persequens
1740 1397 2020 1441 accusator

409 1482 528 1535 iste.
557 1480 739 1551 Itaque
765 1481 808 1534 si
851 1481 971 1548 quis
1010 1480 1337 1548 voluptatem
1383 1487 1622 1533 sectetur
1642 1519 1656 1542 ,
1687 1479 1731 1531 is
1758 1491 2016 1548 congres-

406 1585 522 1626 sum
549 1587 668 1626 cum
697 1571 1066 1626 meretricibus
1097 1571 1259 1641 fugiat
1296 1570 1547 1624 maxime.
1585 1568 1724 1623 Nihil
1757 1568 1899 1624 enim
1929 1568 2016 1622 illa

404 1663 798 1717 consuetudine
840 1661 1202 1731 injucundius,
1236 1661 1368 1715 nihil
1399 1661 1492 1715 illo
1525 1674 1815 1730 congressu
1846 1659 2016 1714 mole-

403 1755 560 1819 stius,
590 1753 722 1807 nihil
759 1753 998 1807 moribus
1027 1753 1236 1807 illarum
1279 1752 1575 1806 scelestius.
1612 1751 1795 1803 Cervus
1841 1750 2018 1802 amici-

402 1849 507 1910 tias,
551 1859 597 1902 et
646 1848 820 1918 pullus
863 1848 1144 1918 gratiarum
1173 1855 1377 1898 tuarum
1427 1843 1784 1914 confabulatur
1814 1853 2016 1895 tecum:

399 1941 516 2008 fons
547 1957 694 2009 aqua
724 1949 826 1993 tute
844 1939 907 1991 sit
940 1939 1026 1992 tibi
1056 1940 1171 2008 fons
1209 1935 1392 2004 (Prov.
1421 1937 1475 1991 5.
1509 1937 1593 1990 l9.
1624 1944 1671 1988 et
1703 1933 1833 2002 l5).
1878 1933 2013 1986 Cum

399 2033 470 2086 sit
496 2032 586 2086 tibi
615 2030 737 2086 fons
767 2046 931 2099 purus
955 2072 970 2097 ,
1000 2046 1096 2085 cur
1120 2030 1186 2084 ad
1222 2030 1396 2084 lacum
1425 2028 1533 2082 luto
1562 2028 1778 2098 plenum
1819 2027 2011 2088 curris,

397 2125 700 2192 gehennam
724 2122 957 2176 olentem
979 2130 1034 2176 ct
1049 2121 1368 2190 supplicium
1395 2118 1663 2173 inell'abile
1682 2117 1704 2169 τ
1721 2132 1824 2187 qua
1847 2130 2014 2170 excu-

396 2215 630 2275 satione,
660 2230 762 2284 qua
800 2215 955 2269 venia
983 2213 1176 2284 dignus
1199 2212 1400 2283 puteris
1437 2211 1642 2266 videri?
1669 2211 1724 2263 Si
1751 2210 1893 2263 enim
1922 2209 2014 2278 qui

396 2315 522 2359 ante
551 2313 883 2361 contractum
916 2305 1312 2360 matrimonium
1340 2311 1662 2367 scortantur,
1683 2317 1870 2372 pmnas
1893 2315 2014 2355 sus-

396 2396 590 2462 tinent,
621 2408 675 2454 ct
704 2397 968 2468 supplicio
996 2397 1322 2468 plectuntur,
1354 2398 1492 2449 sicut
1523 2396 1612 2450 ille
1660 2395 1746 2466 qui
1774 2391 2009 2447 sordidis

1638 353 1728 411 DE
1769 354 2066 412 LIBELLO
2105 355 2406 414 BEPUDII.
2454 356 2518 415 ll.

3635 357 3740 416 2l8

2127 476 2243 523 erat
2269 466 2604 524 vestimentis
2646 465 2883 532 indutus,
2917 465 3091 521 multo
3121 467 3292 537 magis
3318 464 3410 536 qui
3464 467 3744 522 matrimo-

2130 559 2223 614 nio
2259 568 2555 614 contracto.
2599 559 2801 630 Duplex
2851 560 2996 614 enim
3038 558 3163 614 inde
3202 573 3266 612 ac
3296 557 3492 630 triplex
3537 561 3744 616 crimen

2129 652 2326 719 oritur,
2380 661 2489 707 tum
2519 653 2644 724 quia
2691 667 2818 707 cum
2844 651 3053 708 deliciis
3084 650 3389 708 fmereutur
3418 695 3434 721 ,
3487 652 3554 708 ad
3585 653 3748 709 lasci-

2127 742 2268 796 viam
2299 743 2446 798 illam
2473 741 2841 812 prosilierunt,
2864 751 2974 796 tum
3004 741 3128 810 quia
3160 755 3266 797 non
3295 743 3459 799 modo
3486 744 3746 800 scortatio

2130 849 2216 890 res
2243 833 2356 897 illa,
2380 833 2477 889 sed
2504 835 2668 889 etiam
2697 833 3023 889 adulterium
3053 843 3327 901 censetur,
3350 833 3496 905 quod
3525 844 3745 904 peccato

2127 928 2318 999 quovis
2340 936 2426 983 est
2445 929 2678 998 gravius.
2704 928 2832 983 Haec
2862 928 3022 998 igitur
3050 935 3106 983 et
3139 928 3295 983 nobis
3320 938 3376 985 et
3426 929 3744 985 mulieribus

2129 1020 2402 1077 inculcare
2429 1037 2536 1075 non
2563 1021 2912 1078 desinamus:
2941 1037 3104 1090 quam
3129 1021 3292 1076 etiam
3317 1022 3386 1076 ob
3411 1037 3628 1077 causam
3658 1021 3745 1079 his

2127 1111 2307 1168 verbis
2335 1113 2636 1168 orationem
2677 1111 2998 1167 concludam
3033 1129 3046 1165 :
3085 1111 3310 1181 Propter
3353 1115 3742 1184 fornicationem

2127 1203 2472 1272 unusquisque
2505 1219 2650 1256 suam
2692 1219 2901 1256 uxorem
2933 1203 3149 1269 habeat,
3176 1212 3224 1257 et
3249 1216 3563 1272 umqquue
3593 1221 3741 1258 suum

2127 1295 2290 1348 virum
2316 1295 2516 1348 habent.
2553 1294 2716 1350 Uhri
2755 1296 2834 1362 ~uir
2855 1295 3076 1349 debitam
3105 1294 3501 1349 benevolentiam
3527 1296 3741 1359 reddat;

2127 1403 2257 1440 αποι-
2285 1387 2518 1440 similiter
2543 1387 2670 1440 viro.
2699 1385 2890 1439 Mulier
2916 1387 2996 1439 sui
3025 1386 3255 1455 corporis
3310 1396 3607 1440 potestatem
3636 1404 3740 1442 non

2127 1476 2296 1542 habet,
2326 1477 2414 1530 sed
2442 1479 2535 1530 vir.
2569 1476 2819 1532 Similiter
2843 1488 3014 1531 autem
3040 1486 3086 1531 et
3113 1483 3190 1532 utr
3224 1479 3303 1531 sui
3341 1480 3570 1548 corporis
3595 1489 3738 1550 pote-

2125 1576 2305 1621 statem
2357 1584 2456 1621 non
2485 1567 2634 1621 habet
2666 1609 2680 1632 ,
2730 1569 2819 1623 sed
2862 1569 3140 1632 mulierll.
3181 1567 3302 1623 Cor.
3348 1571 3400 1622 7.
3429 1568 3568 1640 2-4).
3616 1570 3743 1624 llarc

2127 1661 2288 1716 verba
2315 1661 2556 1716 studiose
2602 1663 2862 1717 memoria
2912 1661 3184 1727 tenentes,
3233 1669 3289 1716 et
3318 1661 3369 1715 in
3417 1660 3557 1728 foro,
3601 1665 3738 1717 etin

2124 1753 2331 1807 (edibus
2355 1796 2368 1817 ,
2397 1763 2452 1808 et
2483 1754 2734 1819 interdiu,
2764 1763 2815 1808 et
2842 1755 3074 1824 vesperi,
3109 1763 3164 1808 et
3194 1754 3260 1808 ad
3311 1770 3576 1820 mensam,
3607 1766 3660 1808 et
3685 1755 3737 1809 in

2126 1844 2286 1908 lecto,
2337 1853 2392 1899 et
2443 1845 2643 1915 ubique
2691 1846 2954 1909 locorum,
2989 1863 3112 1900 eum
3147 1848 3244 1916 ipsi
3296 1862 3356 1901 ea
3390 1847 3736 1912 meditemur,

2127 1946 2238 1991 tum
2288 1938 2541 1992 mulieres
2574 1938 2730 1991 nobis
2775 1939 2956 1993 dicere
2987 1947 3146 2008 atque
3185 1954 3214 1991 a
3248 1939 3402 1992 nobis
3427 1940 3611 1992 audire
3638 1940 3738 1992 do-

2124 2043 2360 2090 ceamus,
2393 2037 2448 2081 ut
2477 2044 2597 2083 cum
2632 2029 2769 2083 hanc
2801 2029 2961 2083 vitam
2988 2039 3138 2084 caste
3176 2029 3592 2093 traduxerimus,
3624 2045 3731 2084 caa-

2125 2119 2299 2172 lorum
2327 2120 2486 2172 etiam
2517 2135 2740 2190 regnum
2765 2135 3183 2190 consequamur,
3213 2122 3382 2190 gratia
3411 2132 3463 2176 et
3492 2122 3740 2190 benigni-

2124 2219 2231 2264 tate
2264 2211 2470 2264 Domini
2518 2212 2686 2266 nostri
2719 2211 2845 2266 .lcsu
2890 2211 3128 2277 Christi,
3178 2227 3276 2282 per
3322 2228 3480 2280 quem
3527 2221 3730 2267 οιειιηι

2121 2317 2228 2368 quo
2259 2300 2424 2368 Patri,
2472 2317 2576 2355 una
2606 2317 2727 2356 cum
2768 2301 2973 2372 Spiritu
3004 2312 3193 2356 sancto
3233 2303 3425 2374 gloria,
3455 2303 3506 2357 in
3537 2305 3734 2360 smcula

2115 2393 2459 2448 sznculorum.
2495 2396 2686 2449 Anien.

1565 2616 1674 2692 IN
1727 2621 2062 2692 ILLUM
2108 2620 2500 2708 LOCUM,

393 2768 640 2812 Ιυιιει
698 2768 1010 2814 Αιιιολτλ
1056 2770 1172 2812 κεί·
1217 2769 1362 2813 ιεθι
1407 2767 1662 2822 QUANTO
1706 2768 2000 2811 TEIIPOBI

2111 2768 2351 2811 ’IXEBIT
2394 2770 2502 2811 VIR
2549 2770 2702 2812 EJUS
2749 2771 2765 2810 2

2815 2770 2871 2812 SI
2921 2771 3138 2815 ΔΒΤΕΠ
3199 2771 3584 2827 DOBHIERIT,
3632 2769 3732 2818 Ι.ῐά

473 2871 640 2914 ιιιιιλ
686 2871 800 2913 EST
848 2870 954 2914 CUI
986 2870 1306 2914 νοιῠηιτ
1349 2869 1629 2924 κυηιιε,
1674 2868 1941 2912 τΔΞΙΤυΙ
1986 2868 2000 2910 l

2111 2867 2369 2912 positivo.
2420 2869 2694 2912 nemon
2740 2870 2961 2918 suum
3009 2871 3124 2914 EST
3167 2855 3221 2914 si
3265 2871 3360 2916 stc
3395 2873 3720 2918 IANSERIT

475 2948 564 3029 (ι.
597 2949 742 3014 Cor.
787 2951 850 3011 7.
898 2951 999 3012 39.
1044 2949 1124 3010 to
1149 2951 1173 3030 )
1220 2958 1326 3030 (η).

1760 3071 1764 3076 ’
1850 3102 2279 3159 Wo

463 3220 516 3273 l.
541 3216 722 3286 Nuper
750 3217 904 3272 nobis
947 3218 1136 3274 beatus
1169 3217 1366 3274 Paulus
1407 3217 1474 3273 de
1507 3217 1778 3288 conjugio,
1815 3218 2002 3288 conju-

388 3309 572 3380 giique
597 3309 806 3378 juribus
843 3309 1012 3380 legem
1057 3311 1194 3372 tulit,
1223 3309 1519 3365 Corinthiis
1565 3311 1642 3366 sic
1667 3309 1911 3366 scribens
1937 3326 2001 3365 ac

388 3401 576 3458 dicens
605 3419 619 3454 :
652 3399 729 3455 De
757 3403 936 3472 quibus
963 3412 1137 3455 autem
1173 3402 1448 3472 scripsistis
1475 3403 1602 3455 milii
1621 3443 1637 3468 ,
1671 3400 1871 3456 Bonum
1895 3418 2003 3456 esse

389 3493 584 3548 honuni
640 3491 903 3548 mulierem
976 3509 1077 3546 non
1121 3505 1326 3563 tangere
1390 3510 1409 3547 :
1449 3503 1655 3563 prapter
1706 3494 2002 3562 fornicatio-

387 3604 501 3640 nem
555 3595 747 3652 autem,
792 3603 937 3640 suam
981 3587 1193 3657 quisque
1246 3603 1463 3640 uxorem
1517 3585 1718 3644 habeat.
1761 3597 1807 3639 et
1848 3602 1998 3641 suum

385 3692 596 3746 qucque
643 3677 808 3730 uirum
873 3678 1054 3731 habent
1107 3677 1196 3748 (l.
1243 3676 1362 3731 Cor.
1403 3679 1455 3731 7.
1518 3679 1569 3731 l.
1635 3677 1733 3748 2).
1794 3678 1998 3746 Eapro-

385 3778 502 3837 pler
555 3778 610 3822 et
659 3783 755 3823 nos
829 3778 996 3823 totum
1051 3784 1356 3822 sermonem
1429 3769 1480 3821 in
1547 3769 1647 3822 hoc
1703 3769 1994 3837 insumpsi-

384 3875 522 3916 tuus.
573 3861 752 3932 Itaque
799 3877 1020 3917 necesse
1045 3869 1128 3917 est
1159 3862 1318 3916 hodie
1360 3862 1427 3916 de
1458 3862 1644 3916 eodem
1677 3870 1994 3931 argumento

383 3951 579 4007 iterum
603 3953 878 4006 vobiscum
905 3951 1197 4018 disserere,
1239 3951 1674 4023 quandoquidem
1705 3953 1771 4007 de
1797 3953 1989 4008 eodem

379 4047 541 4101 etiam
573 4048 688 4114 ipse
719 4045 914 4101 Paulus
954 4045 1111 4101 hodie
1141 4047 1378 4101 disserit.
1410 4046 1704 4101 Audivistis
1754 4049 1895 4101 enim
1931 4047 1993 4101 il-

377 4130 486 4192 lum
513 4137 859 4200 clamantem,
890 4151 954 4191 ac
974 4137 1244 4192 dicentem
1267 4154 1282 4192 :
1315 4137 1506 4191 Mulier
1533 4139 1753 4208 alligata
1781 4149 1853 4192 est
1891 4140 1990 4211 legi

375 4237 565 4299 quanto
610 4238 835 4297 tempore
871 4228 1051 4282 vixerit
1080 4229 1155 4282 vir
1183 4229 1322 4283 illius
1354 4245 1373 4283 :
1402 4230 1447 4282 si
1472 4240 1643 4283 autem
1689 4230 1984 4284 obdormie-

377 4321 445 4374 rit
477 4322 553 4373 vir
601 4320 759 4385 illius,
815 4319 970 4374 libera
1010 4332 1083 4376 est
1127 4322 1208 4374 cui
1237 4322 1447 4375 voluerit
1479 4321 1678 4387 nubere,
1713 4332 1907 4376 tantum
1935 4323 1987 4377 in

376 4409 648 4465 Domino':
686 4411 881 4466 beatior
917 4421 1085 4465 autem
1115 4421 1187 4467 est
1223 4413 1267 4466 si
1311 4413 1384 4467 sic
1413 4414 1672 4478 manserit,
1707 4416 1988 4470 secundum

373 4516 541 4555 meum
568 4501 838 4556 consilium
870 4503 1098 4571 :opt'nor
1132 4514 1300 4558 autem
1349 4505 1486 4574 quod
1529 4513 1576 4557 et
1613 4521 1704 4575 ego
1731 4505 1986 4575 Spiritum

375 4588 476 4644 Dei
527 4591 759 4644 habeant.
819 4592 840 4664 (
869 4590 1005 4646 Ibid.
1051 4608 1100 4645 υ.
1153 4592 1410 4663 59.40).
1469 4593 1769 4664 Sequatnur
1828 4597 1988 4666 igitur

374 4678 527 4734 illum
547 4688 600 4734 et
617 4679 794 4746 hodie,
816 4681 955 4736 etde
978 4684 1076 4737 hac
1093 4683 1468 4753 colloquamnr
1484 4686 1732 4740 materia:
1755 4702 1988 4757 sequen-

374 4780 459 4827 tes
483 4772 626 4826 eniin
651 4771 893 4838 Paulum,
928 4789 1024 4844 per
1043 4790 1165 4829 eum
1190 4786 1244 4829 et
1273 4773 1544 4829 Christum
1578 4776 1750 4844 ipsum
1789 4793 1981 4847 seque-

376 4881 517 4928 mur.
550 4879 617 4921 eo
638 4865 778 4936 quod
820 4865 911 4921 ille
940 4873 1046 4920 non
1077 4868 1445 4936 semetipsum,
1479 4868 1571 4922 sed
1592 4868 1866 4924 Christum
1889 4886 1984 4941 per

374 4956 558 5010 omnia
583 4971 814 5027 sequens
861 4958 1095 5027 scripsit.
1155 4959 1444 5014 Enimvero
1501 4977 1606 5014 non
1636 4972 1720 5017 est
1749 4963 1982 5033 vulgaris

371 5062 484 5111 res,
516 5048 830 5118 conjugium
848 5049 986 5105 bene
1012 5050 1362 5104 constitutum
1398 5068 1410 5102 :
1446 5052 1584 5106 sicut
1607 5055 1767 5108 etiam
1802 5056 1865 5108 iis
1891 5058 1978 5124 qui

362 5137 482 5203 illa,
541 5154 647 5192 non
706 5148 762 5193 ut
815 5129 1045 5207 oportet,
1105 5151 1328 5198 utuntur
1366 5185 1382 5210 ,
1425 5145 1833 5201 innumerorum
1867 5163 1980 5202 ma-

373 5231 547 5286 lorum
582 5233 638 5286 fit
678 5236 924 5289 materia.
955 5235 1091 5292 Nam
1127 5239 1267 5294 sicut
1294 5239 1488 5294 mulier
1513 5240 1742 5310 adjutrix
1771 5254 1874 5307 est,
1908 5244 1976 5298 ita

371 5337 519 5394 saepe
539 5338 594 5380 et
620 5327 941 5384 insidiatrix.
975 5330 1042 5385 Et
1066 5331 1203 5386 sicut
1233 5343 1415 5402 portus
1442 5342 1526 5389 est
1554 5335 1878 5406 conjugium,
1908 5337 1977 5391 ita

370 5423 427 5470 et
457 5431 600 5486 saape
622 5419 950 5489 naufragium
978 5422 1118 5491 parit
1151 5441 1164 5476 :
1190 5439 1295 5477 non
1315 5411 1512 5479 'natura
1541 5414 1657 5490 sua,
1685 5428 1777 5481 sed
1797 5428 1978 5481 animo

371 5522 584 5572 eorum,
613 5509 701 5578 qui
744 5511 834 5566 illo
869 5513 1009 5568 male
1058 5522 1298 5569 utuntur.
1332 5515 1541 5571 Etenim
1565 5517 1652 5587 qui
1681 5519 1975 5573 secundum

369 5611 640 5670 congruas
683 5600 827 5671 leges
881 5603 1009 5658 illud
1063 5605 1336 5672 observat,
1387 5607 1602 5661 deruunt
1655 5616 1708 5663 et
1754 5625 1973 5665 uxorem

372 5704 553 5757 suam,
607 5701 664 5747 ut
692 5693 952 5750 malorum
985 5699 1222 5752 omnium
1247 5715 1364 5769 qua:
1394 5700 1472 5755 vel
1525 5703 1578 5755 in
1605 5701 1742 5771 foro,
1768 5705 1852 5759 vel
1875 5704 1972 5760 ali-

432 5802 509 5862 (ι)
531 5801 712 5856 Collata
735 5819 847 5856 cum
869 5815 976 5858 Mss.
1003 5810 1295 5863 Colbertiuis
1315 5812 1410 5864 970
1435 5820 1486 5865 el
1514 5813 1648 5866 l050.

2114 3221 2236 3276 cubi
2260 3221 2570 3285 obveniunt,
2591 3223 3004 3280 consolatrieem
3026 3241 3088 3281 ac
3105 3227 3466 3285 liberatrleem
3487 3231 3687 3299 reperit
3708 3248 3723 3297 ;

2110 3315 2199 3384 qui
2241 3323 2419 3370 autem
2451 3326 2653 3372 temere
2681 3328 2734 3372 et
2764 3319 3057 3389 vulgariter
3087 3320 3225 3376 hanc
3251 3313 3366 3378 rem
3392 3326 3717 3394 aggreditur,

2109 3405 2321 3459 etiamsi
2363 3407 2526 3466 multa
2545 3407 2599 3462 in
2633 3409 2750 3464 foro
2794 3421 2849 3465 et
2879 3411 3004 3466 alibl
3057 3414 3442 3482 tranquillitate
3475 3415 3717 3482 fruatur,

2110 3497 2386 3566 ingressus
2412 3499 2652 3562 domum,
2685 3503 2935 3572 scapulos
2965 3510 3020 3558 et
3050 3513 3233 3573 petras
3280 3506 3501 3560 videbit.
3535 3508 3716 3578 Itaque

2106 3590 2358 3658 quoniam
2389 3606 2495 3645 non
2527 3589 2596 3646 de
2625 3592 2788 3648 rebus
2839 3595 3143 3665 vulgaribus
3175 3597 3331 3652 nobis
3382 3607 3466 3653 est
3507 3601 3720 3666 pericu-

2107 3682 2238 3750 lum,
2266 3698 2444 3755 operat
2494 3687 2726 3756 pretium
2773 3686 2936 3743 fuerit
2981 3705 3106 3744 cum
3143 3689 3422 3761 diligentia
3453 3691 3610 3747 dictis
3640 3705 3722 3747 at-

2107 3775 2350 3840 tendere,
2379 3786 2434 3832 et
2459 3793 2680 3834 uxorem
2705 3779 3014 3845 ducturum,
3046 3783 3198 3850 juxta
3227 3783 3399 3850 Pauli,
3429 3782 3538 3838 imo
3562 3785 3711 3852 juxta

2103 3863 2300 3920 Christi
2325 3868 2471 3936 leges
2495 3883 2674 3939 agere.
2708 3869 2850 3925 Sane
2871 3871 3094 3938 scimus,
3123 3873 3265 3943 quod
3301 3876 3483 3930 multis
3515 3892 3712 3931 novum

2105 3971 2158 4014 et
2193 3961 2620 4031 inexspeCIatum
2645 3963 2910 4019 videbitur
2925 3964 3068 4034 quod
3097 3966 3326 4021 dicimus
3351 3986 3365 4022 :
3389 3976 3448 4024 at
3473 3979 3717 4039 propter-

2101 4067 2163 4106 ea
2208 4067 2316 4107 non
2347 4055 2538 4115 silebo.
2567 4056 2662 4110 scd
2718 4058 2950 4127 primum
3013 4058 3185 4128 legem
3232 4059 3384 4114 vobis
3435 4063 3630 4132 legam,
3663 4073 3716 4116 εἰ

2099 4144 2224 4199 dein
2253 4145 2447 4217 legem,
2494 4164 2615 4218 qua:
2643 4150 2912 4205 contraria
2940 4150 3174 4218 videtur,
3223 4153 3434 4209 solvere
3461 4159 3705 4209 teut-Aen.

2098 4236 2263 4307 lgitur
2293 4255 2540 4307 quaenam
2579 4251 2661 4295 est
2693 4242 2773 4296 les
2827 4243 2938 4308 illa,
2971 4258 3132 4312 quam
3184 4245 3339 4298 nobis
3387 4246 3581 4303 Paulus
3615 4259 3713 4316 po-

2096 4329 2228 4383 suit?
2261 4330 2470 4395 Mulier,
2500 4331 2688 4402 inquit,
2715 4331 2930 4404 alligata
2967 4344 3042 4387 est
3072 4334 3189 4407 legi.
3220 4335 3443 4405 Oportet
3467 4337 3611 4406 igittn
3651 4350 3710 4391 ut

2099 4421 2323 4477 minime
2370 4432 2670 4492 separetur,
2716 4425 2926 4480 vivente
2971 4426 3108 4493 viro,
3133 4442 3305 4497 neque
3328 4427 3491 4482 alium
3521 4442 3710 4498 super-

2096 4513 2312 4568 inducat
2349 4516 2624 4581 maritum,
2652 4531 2828 4586 neque
2859 4517 3126 4572 secundas
3163 4521 3380 4589 nuptias
3426 4519 3604 4574 adeat.
3635 4520 3706 4575 Et

2093 4606 2216 4660 vide
2243 4613 2442 4676 quanta
2473 4623 2594 4661 cum
2626 4608 2898 4676 diligentia
2947 4609 3232 4664 verborum
3283 4625 3412 4665 usus
3459 4612 3528 4665 sit
3580 4627 3705 4680 pro-

2094 4698 2339 4765 prietate.
2365 4696 2481 4751 Non
2515 4699 2656 4753 enim
2686 4699 2841 4767 dixit,
2883 4699 3168 4754 Cohabitet
3201 4701 3318 4755 viro
3355 4701 3531 4771 quoad
3564 4704 3704 4757 vixe-

2096 4789 2196 4850 rit;
2221 4789 2336 4853 sed,
2367 4789 2556 4844 Mulier
2580 4791 2795 4862 alligata
2825 4801 2896 4845 est
2926 4795 3024 4863 legi
3048 4784 3239 4862 quanto
3267 4803 3491 4863 tempore
3526 4797 3705 4851 vixerit

2091 4881 2167 4934 vir
2196 4882 2336 4934 illius
2364 4898 2384 4934 :
2408 4893 2567 4950 atque
2608 4883 2746 4937 adeo
2799 4885 3007 4938 etiamsi
3051 4884 3290 4940 libellum
3329 4889 3537 4955 repudii
3587 4889 3701 4952 det,

2089 4973 2299 5026 etiamsi
2347 4972 2565 5028 domum
2618 4975 2902 5044 relinquat,
2947 4977 3158 5029 etiamsi
3189 4976 3256 5030 ad
3305 4980 3467 5032 alium
3522 4982 3698 5049 abeat,

2089 5066 2192 5136 legi
2224 5067 2476 5122 adstricta
2504 5067 2852 5138 adulteraque
2881 5081 2982 5128 est.

2163 5157 2282 5211 Non
2312 5159 2426 5212 licet
2467 5160 2790 5228 repudiatur»
2817 5162 3021 5216 ducere.
3062 5162 3222 5235 Leges
3261 5173 3480 5219 externae
3519 5167 3702 5222 divina:

2087 5250 2186 5321 legi
2206 5251 2406 5304 cedunt.
2431 5281 2500 5292 --
2527 5253 2754 5320 Quando
2777 5255 2935 5323 igitur
2962 5256 3047 5309 vir
3072 5256 3270 5325 ejicere
3299 5258 3410 5312 vult
3440 5275 3660 5314 uxorem
3680 5300 3696 5325 ,

2087 5353 2142 5397 et
2173 5359 2305 5398 uxor
2337 5346 2640 5415 relinquere
2666 5347 2836 5400 virum
2860 5387 2874 5412 ,
2901 5346 3060 5417 hujus
3111 5363 3320 5403 memor
3349 5350 3417 5403 sit
3457 5351 3611 5414 dicti,
3647 5361 3702 5405 et

2085 5437 2311 5492 Paulum
2346 5449 2494 5507 putet
2538 5456 2660 5495 esse
2715 5450 3034 5510 praesentem
3058 5484 3072 5507 ,
3117 5452 3171 5497 et
3218 5445 3468 5513 persequi
3503 5459 3560 5497 se
3587 5445 3695 5496 ela-

2087 5531 2283 5586 mando
2332 5541 2387 5584 et
2432 5532 2662 5589 dicendo
2694 5551 2710 5588 :
2740 5533 2930 5588 Mulier
2974 5535 3221 5587 adstricta
3272 5545 3344 5590 est
3397 5537 3513 5608 legi.
3559 5534 3695 5590 Nam
3789 5596 3792 5599 λ

2083 5624 2537 5695 quemadmodum
2569 5626 2711 5680 servi
2741 5626 2964 5695 fugitivi,
2995 5628 3202 5682 etiamsi
3223 5627 3440 5682 domum
3465 5628 3689 5683 herilem

2087 5716 2434 5786 relinquant,
2468 5725 2714 5772 catenam
2748 5732 2928 5772 secum
2961 5719 3183 5772 trahunt
3211 5736 3224 5769 :
3261 5719 3329 5772 ita
3360 5728 3412 5773 et
3442 5718 3695 5774 mulieres

2085 5808 2296 5868 etiamsi
2325 5825 2470 5868 Vll‘os
2498 5811 2837 5882 relinquant,
2874 5799 3045 5883 legem
3092 5799 3417 5882 liabent'pro
3461 5821 3649 5865 catena
3675 5848 3688 5875 ,
