4088 6400
424 295 531 353 ω

430 424 493 468 se
513 418 922 484 persequentem
964 418 1022 465 et
1052 408 1302 464 adulterii
1342 417 1681 464 accusantem
1701 451 1717 475 ,
1749 423 2010 465 accusan-

425 511 535 558 tem
574 502 737 558 etiam
774 516 930 569 eum,
955 500 1048 571 qni
1091 499 1336 566 duxerit,
1381 515 1444 555 ac
1483 500 1749 557 dicentem
1780 519 1793 555 :
1826 500 2014 557 Adhuc

426 603 672 664 superest
710 592 970 655 maritus,
1022 599 1078 647 et
1129 591 1334 646 facinus
1383 593 1487 648 hoc
1540 592 1859 647 adulterium
1908 600 2013 647 est.

431 685 618 742 untur
657 684 790 739 snitu
833 682 1076 738 uim
1110 693 1184 738 est
1230 681 1358 754 legi,
1384 684 1565 753 quoad
1593 684 1773 739 riserit
1804 684 2018 738 ascitus

427 776 584 831 illius.
614 771 684 828 Et
704 773 868 830 omnis
881 774 970 845 qui
990 773 1251 830 dimissam
1266 775 1489 840 duxerit,
1509 774 1787 831 minitatur
1801 773 2013 847 (Matth.

426 868 485 924 5.
519 866 642 940 Si).
686 866 914 937 Quando
956 866 1115 938 igitur
1153 866 1334 922 licebit
1382 865 1460 922 illi
1490 864 1756 920 secundas
1804 866 2018 935 nuptias

425 956 787 1014 contrahere?
813 955 1063 1026 Quando?
1088 955 1235 1011 Tunc
1263 956 1353 1011 ubi
1379 970 1409 1009 a
1434 965 1621 1010 eatena
1650 954 1871 1010 liberata
1897 955 2016 1009 fue-

428 1049 498 1103 rit
520 1087 538 1114 ,
566 1048 784 1119 quando
810 1048 894 1120 vir
944 1047 1224 1105 morietur.
1256 1046 1369 1102 Hoc
1398 1046 1556 1117 igitur
1602 1046 1881 1102 declarans
1911 1062 2018 1101 non

428 1137 835 1207 addidit,.Quod
881 1138 926 1192 si
972 1146 1216 1193 mortuus
1247 1136 1401 1192 fuerit
1435 1136 1517 1191 vir
1543 1137 1711 1200 illius,
1744 1136 1911 1193 libera
1934 1144 2022 1192 est

427 1229 515 1284 cui
544 1228 773 1286 voluerit
794 1229 998 1285 nubere
1021 1246 1037 1285 :
1064 1229 1183 1295 sed,
1208 1229 1272 1286 Si
1298 1238 1465 1284 autem
1483 1230 1744 1285 dormierit
1765 1231 1838 1285 uir
1860 1230 2014 1295 illius,

353 1343 356 1346 θ
428 1321 581 1393 quasi
607 1321 896 1377 consolans
920 1321 1133 1376 viduam
1156 1364 1172 1389 ,
1204 1332 1259 1378 et
1286 1321 1615 1393 persuadens
1641 1336 1857 1378 manere
1880 1322 2020 1392 apud

433 1412 667 1483 priorem
689 1452 706 1477 ,
731 1421 787 1469 et
830 1426 935 1467 non
960 1411 1255 1483 adjungere
1268 1412 1570 1469 secundum
1600 1414 1869 1469 maritum.
1900 1410 2021 1467 Non

430 1512 674 1560 mortuus
696 1513 780 1560 est
801 1545 819 1572 ,
842 1504 1044 1575 inquit,
1070 1504 1154 1558 vir
1181 1514 1304 1559 tuus
1327 1546 1343 1570 ,
1367 1504 1461 1559 sed
1510 1502 1853 1560 obdormivit.
1891 1503 2022 1571 Quis

429 1595 786 1653 dormientem
813 1610 922 1651 non
952 1594 1313 1665 prastolsturt
1336 1594 1626 1663 Propterea
1655 1595 1813 1663 dixit,
1841 1593 1904 1655 Si
1929 1611 2024 1649 su-

432 1696 530 1739 tent
554 1685 834 1751 dormierit,
863 1686 1019 1740 liuere
1042 1693 1116 1740 est
1140 1685 1222 1741 cui
1251 1685 1466 1741 soluerit
1489 1684 1692 1741 nubere.
1719 1684 1837 1741 Non
1861 1684 2018 1750 dixit,

431 1774 646 1843 Nubat,
679 1785 736 1830 nt
764 1792 832 1831 ne
874 1774 1114 1831 videatur
1142 1774 1251 1833 vim
1280 1773 1458 1833 fam
1502 1785 1559 1833 et
1584 1791 1780 1848 cogere
1804 1790 2025 1846 meque

435 1866 708 1936 prohibuit
730 1866 998 1923 volentem
1018 1864 1281 1922 secundas
1308 1867 1523 1938 nuptias
1546 1867 1869 1925 contrahere
1893 1886 1906 1922 :
1930 1856 2027 1923 ue-

430 1973 535 2028 que
555 1957 822 2013 uolentem
844 1955 1157 2013 adhortatus
1184 1966 1288 2023 est,
1306 1958 1402 2015 sed
1424 1958 1596 2030 legem
1617 1959 1764 2032 legit.
1791 1960 1977 2017 dicens
2005 1976 2023 2017 :

434 2048 615 2103 Libera
663 2057 738 2103 est
775 2048 859 2102 cui
901 2048 1113 2103 soluerit
1146 2048 1349 2105 κκδσο.
1383 2049 1631 2111 Uberum
1675 2059 1850 2106 autem
1878 2040 2025 2109 illam

433 2148 557 2211 post
583 2140 680 2196 viri
718 2148 947 2195 mortem
964 2154 1100 2200 esse
1138 2139 1332 2196 factam
1359 2140 1578 2207 dicens,
1609 2142 1881 2208 ostendit,
1911 2158 2029 2198 ser-

436 2247 555 2289 vam
584 2248 702 2289 eam
731 2241 889 2289 antea
915 2237 1090 2295 adhuc
1115 2239 1325 2294 virente
1351 2234 1545 2291 marito
1570 2235 1755 2300 fuisse;
1783 2249 1903 2305 quas
1930 2250 2026 2289 au-

435 2333 546 2382 tem
569 2342 723 2382 serva
742 2336 847 2391 est.
867 2344 930 2385 ac
950 2330 1163 2385 subdita
1180 2329 1309 2400 legi,
1336 2327 1544 2384 etiamsi
1570 2327 1765 2383 millies
1787 2325 2025 2383 libellum

435 2416 641 2485 repudii
670 2418 921 2489 accipiat,
944 2418 1191 2475 adulterii
1236 2418 1489 2489 ligabitur
1515 2416 1654 2487 lege.
1699 2415 1831 2471 Nam
1857 2416 2027 2471 servis

434 2508 648 2578 quidem
681 2509 804 2565 licet
831 2518 1040 2566 mutare
1077 2508 1327 2566 dominos
1354 2510 1626 2573 virentes,
1654 2507 1805 2562 uxori
1847 2514 2025 2561 autem

436 2616 545 2655 non
587 2601 769 2656 licebit
807 2602 953 2656 viros
992 2608 1356 2677 commutare,
1386 2600 1601 2655 vivente
1629 2612 1770 2652 suo:
1804 2611 1924 2651 nam
1974 2593 2027 2651 id

436 2692 754 2747 adulterium
782 2700 949 2748 esset.
993 2691 1071 2748 Ne
1099 2691 1231 2747 mibi
1257 2692 1407 2762 leges
1451 2689 1519 2746 ab
1544 2690 1747 2745 exteris
1784 2686 2029 2743 conditas

437 2783 603 2852 legas.
632 2783 1003 2853 prmeipientes
1042 2781 1157 2837 dari
1207 2780 1447 2838 libellum
1478 2779 1720 2850 repudii,
1748 2787 1804 2833 ct
1823 2776 2026 2835 divelli.

436 2872 620 2944 Neque
645 2874 787 2928 enini
818 2872 968 2943 juxta
996 2871 1114 2928 illas
1136 2870 1471 2942 iudicaturus
1506 2879 1590 2926 est
1619 2880 1672 2925 te
1699 2870 1841 2924 Deus
1862 2870 1914 2922 in
1939 2868 2029 2923 die

438 2964 546 3027 illa,
574 2964 668 3027 sed
699 2962 993 3018 secundum
1018 2977 1110 3017 cas
1130 3003 1147 3027 ,
1176 2976 1309 3033 quas
1329 2962 1445 3030 ipse
1477 2960 1682 3015 statuit.
1728 2959 1901 3015 Etiam
1930 2974 2033 3015 ex-

438 3064 606 3111 ternae
632 3056 779 3126 leges
805 3070 915 3111 non
941 3053 1278 3125 simpliciter,
1310 3068 1409 3108 nec
1435 3052 1680 3108 absolute
1706 3051 1807 3106 hoc
1832 3065 2027 3121 posue-

443 3154 570 3202 runt
599 3162 612 3201 :
645 3160 781 3202 nam
801 3153 860 3202 et
908 3145 1038 3214 ipsae
1069 3143 1296 3215 puniunt
1325 3142 1521 3199 factum
1540 3182 1558 3209 ,
1585 3151 1641 3196 et
1670 3142 1794 3197 hinc
1832 3140 2030 3209 liquet,

442 3251 536 3293 eas
558 3246 836 3306 peccatum
864 3234 1019 3290 valde
1037 3248 1180 3304 aegre
1205 3232 1409 3289 tulisse.
1441 3230 1592 3289 Unde
1615 3246 1733 3288 eam
1751 3271 1768 3296 ,
1791 3245 1912 3301 quae
1932 3246 2032 3284 au-

438 3335 558 3382 ctor
586 3324 744 3382 fuerit
773 3324 980 3394 repudii
998 3332 1017 3391 ‘,
1041 3324 1239 3380 nudam
1264 3333 1319 3379 et
1365 3322 1669 3393 spoliatam,
1694 3320 2034 3377 facultatibus

439 3418 682 3489 ejiciunt,
711 3428 767 3472 et
794 3431 918 3472 eum
944 3430 972 3469 a
1016 3431 1123 3486 quo
1148 3414 1269 3471 data
1301 3412 1460 3469 fuerit
1487 3411 1856 3468 dissolutionis
1878 3425 2034 3466 occa—

439 3509 524 3565 sio
544 3550 560 3575 .
589 3509 752 3565 etiam
806 3508 1115 3563 facultatum
1138 3506 1345 3576 jactura
1389 3505 1650 3576 puniunt,
1676 3513 1731 3559 et
1772 3517 1903 3558 sane
1932 3502 2035 3557 hoc

441 3599 719 3666 facientes,
746 3598 944 3655 factum
971 3596 1097 3653 illud
1120 3613 1227 3652 non
1256 3594 1723 3652 commendabant.

511 3692 568 3747 3.
594 3690 731 3759 Quid
762 3691 948 3762 igitur?
975 3691 1040 3746 Et
1064 3689 1241 3746 loses
1259 3728 1275 3755 ,
1300 3691 1489 3755 aiunt,
1524 3687 1626 3743 hoc
1651 3688 1777 3742 fecit
1807 3703 1822 3739 :
1850 3694 1904 3740 et
1945 3684 2036 3741 ille

446 3792 667 3854 Ρτθβίετ
708 3781 953 3838 “tndem
993 3780 1164 3850 ipsum
1191 3794 1432 3836 causam.
1461 3777 1542 3833 Tu
1571 3792 1701 3849 vero
1730 3776 1853 3831 audi
1874 3775 2035 3844 Chri-

446 3884 589 3928 stum
632 3871 899 3927 dicentem
924 3911 940 3937 ,
972 3869 1094 3925 Nisi
1132 3870 1463 3929 abundaverit
1480 3869 1689 3941 justitia
1726 3876 1888 3922 uestra
1920 3868 2040 3936 plus

446 3980 599 4034 quam
625 3962 922 4018 Scribarum
942 3971 993 4017 et
1015 3961 1397 4016 Pheraeorum
1416 4002 1433 4029 ,
1464 3977 1567 4017 non
1594 3960 1847 4014 iutrabitis
1874 3960 1929 4011 in
1957 3974 2037 4011 re-

448 4070 601 4126 gnum
617 4055 853 4109 calorum
872 4053 1087 4123 (Matth.
1112 4054 1165 4110 5.
1185 4054 1302 4121 20).
1320 4052 1455 4126 Audi
1482 4052 1631 4106 illum
1651 4064 1836 4105 rursus
1849 4051 2038 4105 dicen-

449 4157 557 4201 tem
589 4162 602 4198 :
634 4144 733 4213 Qui
757 4144 1006 4198 dimiserit
1032 4159 1241 4198 urerent
1264 4158 1407 4197 suam
1427 4181 1442 4207 ,
1468 4143 1675 4213 excepta
1714 4156 1869 4194 causa
1894 4139 2044 4193 adul-

451 4238 563 4291 terii
584 4278 600 4301 ,
636 4237 756 4308 facit
805 4237 949 4291 illam
992 4235 1279 4290 adulteram
1320 4234 1433 4302 ﬁeri
1461 4249 1479 4286 :
1506 4245 1554 4287 et
1582 4233 1669 4304 qui
1702 4232 1961 4299 dimissam
1990 4233 2042 4285 in

451 4346 663 4383 uxorem
702 4328 937 4393 duxerit,
978 4328 1176 4381 adulter
1203 4328 1257 4396 fit
1288 4325 1500 4398 (Matth.
1543 4325 1597 4380 li.
1650 4324 1763 4390 32).
1816 4324 2045 4394 Propter

454 4420 556 4474 hoc
600 4418 749 4475 venit
794 4418 1101 4489 unigenitus
1124 4417 1295 4473 Filius
1336 4418 1426 4471 Dei
1453 4457 1469 4482 ,
1508 4427 1727 4486 propter
1773 4418 1875 4472 hoc
1900 4416 2042 4471 servi

458 4512 679 4567 formam
697 4512 1006 4581 assumpsit,
1027 4519 1241 4580 propter
1264 4509 1366 4564 hoc
1385 4509 1696 4578 sanguinem
1715 4506 1894 4563 effudit
1926 4523 2045 4577 prc-

455 4604 683 4670 tiosum,
711 4613 941 4660 mortem
974 4602 1581 4673 destruxit,‘peccatum
1628 4601 1911 4663 exstinxit,
1938 4591 2046 4655 lzir-

455 4694 659 4763 giorem
677 4693 908 4763 Spiritus
933 4694 1155 4763 gratiam
1182 4692 1347 4757 dedit,
1381 4700 1438 4747 ut
1463 4691 1528 4745 ad
1552 4690 1723 4759 majus
1755 4700 1807 4746 te
1835 4692 2049 4761 sapien-

459 4786 546 4840 tia:
589 4784 823 4841 studium
872 4784 1164 4839 induceret.
1198 4784 1345 4840 Alias
1394 4784 1553 4839 etiam
1604 4783 1778 4838 loses
1823 4798 1929 4837 non
1976 4784 2046 4836 ita

460 4876 773 4947 simpliciter
799 4876 971 4945 legem
999 4874 1135 4930 banc
1160 4874 1310 4941 tulit,
1341 4874 1435 4929 sed
1462 4889 1583 4929 cum
1612 4882 1896 4944 cogeretur
1925 4888 2047 4930 sese

460 4976 817 5035 attemperare
860 4980 1045 5021 eorum
1089 4966 1281 5036 quibus
1326 4966 1491 5035 legem
1518 4964 1700 5032 dabat,
1728 4963 2044 5019 inﬁrmitati;

463 5058 595 5113 Nam
626 5058 877 5127 quoniam
906 5058 971 5111 ad
1002 5056 1175 5111 czedes
1201 5056 1431 5128 prompti
1462 5065 1634 5121 erant,
1661 5064 1715 5110 et
1739 5055 1927 5111 domos
1954 5070 2048 5109 co-

462 5158 623 5218 gnato
644 5146 923 5217 replebant
952 5148 1207 5217 sanguine
1229 5190 1243 5214 ,
1275 5158 1329 5203 et
1357 5163 1529 5217 neque
1556 5148 1689 5211 suis,
1720 5163 1892 5217 neque
1918 5148 2051 5203 alie-

465 5239 549 5291 nis
591 5238 910 5306 pareebant,
940 5254 1008 5291 ne
1038 5240 1179 5292 intus
1222 5239 1529 5293 occiderent
1563 5253 1756 5292 uxores
1778 5281 1794 5305 ,
1823 5254 1942 5307 qua:
1964 5240 2048 5293 in-

462 5338 628 5396 grata:
656 5339 807 5383 erant
830 5370 845 5393 ,
880 5332 1129 5399 praecepit
1173 5332 1312 5384 foras
1337 5330 1658 5394 mittendas,
1690 5346 1795 5399 quo
1840 5332 2050 5399 gravius

470 5419 697 5481 malum,
756 5435 945 5488 nempe
1005 5422 1409 5475 liotuicidiorum
1471 5421 1693 5475 facilitas
1749 5422 2045 5475 tolleretur.

468 5510 609 5564 Sane
629 5510 769 5579 quod
794 5511 1069 5566 homicidae.
1090 5514 1302 5579 fuerint,
1327 5515 1446 5567 audi
1476 5513 1760 5582 preplietas
1776 5514 2050 5569 dicentes:

472 5600 815 5669 xEdi/icantes
848 5602 972 5656 Sion
1000 5605 1053 5657 in
1092 5607 1353 5675 sanguine,
1384 5616 1429 5660 el
1459 5606 1489 5656 ι(
1527 5606 1743 5658 rusalem
1774 5606 1823 5657 in
1847 5606 2037 5673 injusti-

470 5698 546 5747 tit's
589 5696 773 5769 (Milli.
818 5697 867 5752 3.
930 5695 1055 5765 10)?
1090 5708 1141 5752 ei
1184 5699 1373 5754 iterum
1408 5718 1419 5751 :
1452 5698 1765 5770 Sanguinem
1806 5698 2044 5767 sanguini

1170 293 1229 351 S.
1265 289 1544 351 JOANNIS
1568 290 2031 350 αιειγδοεωιι

2139 293 2402 354 RCHIEP.
2439 299 2970 361 CONSTANTINOP.
3037 365 3043 370 _

3611 314 3717 373 2‘20

2130 411 2339 465 miscent
2360 410 2513 482 (Osee
2559 413 2612 468 ι.
2640 413 2718 485 Ξ);
2750 426 2804 470 et
2833 417 3265 475 iterum:lanus
3285 430 3463 478 vestris
3475 428 3719 496 sanguine

2128 501 2288 555 nlems
2321 500 2475 573 (Isai
2520 504 2572 559 l.
2600 506 2730 573 15).
2765 506 2829 561 Et
2859 507 3000 578 quod
3039 524 3146 566 non
3168 510 3342 565 solum
3366 523 3553 569 contra
3579 516 3718 570 alie-

2125 608 2264 659 nos,
2320 594 2415 649 sed
2465 596 2624 649 etiam
2679 608 2866 652 contra
2909 614 3040 656 suos
3084 602 3393 669 savierint,
3423 604 3495 658 ita
3542 607 3719 659 mani-

2125 681 2328 738 festans
2369 687 2625 755 propheta
2682 685 2895 743 dicebat
2937 709 2953 745 :
2988 687 3380 747 Immolauerunt
3430 692 3566 763 filios
3601 712 3719 751 suos

2124 782 2171 827 et
2212 774 2349 842 ﬁlias
2398 791 2519 831 suas
2560 776 2826 833 damoniis
2854 777 3026 852 (Psal.
3068 782 3193 838 105.
3247 784 3360 854 37).
3390 784 3491 851 Qui
3538 797 3718 842 autem

2126 878 2232 917 non
2264 866 2554 935 parcebant
2596 866 2813 947 liberis,
2846 870 3028 941 utique
3075 887 3176 927 nec
3216 874 3470 930 uxoribus
3522 889 3720 947 peper-

2125 955 2450 1014 cissenLulJt
2491 973 2562 1014 ne
2606 959 2785 1029 itaque
2814 959 3251 1030 bocaccideret,
3279 963 3407 1019 illud
3455 970 3717 1035 permisit.

2199 1044 2555 1115 lnseparabile
2594 1050 2975 1104 matrimonium
2998 1052 3064 1106 ab
3096 1052 3264 1106 initio.
3293 1083 3364 1094 —
3384 1053 3724 1126 Quapropter

2125 1143 2182 1191 et
2213 1135 2462 1192 Christus
2506 1137 2712 1194 Iudaeis
2738 1141 3068 1212 rogantibus,
3111 1152 3167 1198 et
3209 1144 3511 1201 dicentibus
3543 1165 3557 1199 :
3584 1144 3724 1212 Quo-

2126 1226 2279 1281 modo
2348 1227 2508 1299 igitur
2555 1227 2730 1284 loses
2798 1233 3029 1301 permisit
3072 1234 3198 1288 dare
3246 1234 3470 1290 libellum
3524 1238 3723 1309 repudii

2131 1314 2341 1385 (lculi.
2373 1318 2461 1375 19.
2482 1318 2574 1391 ην
2608 1322 2898 1377 ostendens
2925 1323 3067 1393 quod
3116 1340 3221 1379 non
3249 1328 3575 1382 contrariam
3610 1343 3723 1383 suta

2127 1406 2297 1477 legem
2324 1407 2499 1464 ferens
2539 1409 2611 1464 ita
2653 1413 2950 1484 scripserit,
2982 1414 3125 1470 dixit
3158 1433 3173 1470 :
3201 1415 3367 1471 Moses
3400 1418 3554 1489 juxta
3580 1420 3726 1473 duri-

2127 1498 2248 1550 tiam
2274 1498 2442 1553 cordis
2464 1502 2613 1555 uestri
2633 1501 2871 1572 loquutus
2896 1514 2969 1557 est
2989 1545 3004 1570 ,
3032 1504 3094 1558 ab
3116 1506 3261 1561 initio
3287 1516 3591 1564 autemnon
3617 1517 3726 1564 erat

2127 1587 2200 1641 sic
2226 1586 2389 1661 (Ibid.
2411 1606 2461 1646 ο.
2491 1590 2545 1661 8)
2568 1606 2584 1657 ;
2613 1591 2702 1647 sed
2726 1594 2812 1663 qui
2833 1593 2954 1663 fecit
2978 1594 3041 1648 ab
3070 1596 3239 1664 initio,
3267 1599 3549 1653 masculum
3574 1611 3619 1655 et
3649 1605 3726 1673 [e-

2127 1680 2319 1734 un'uam
2344 1681 2462 1751 fecit
2486 1682 2604 1739 illos
2637 1682 2743 1756 (Ib.
2766 1701 2815 1739 υ.
2839 1686 2916 1755 4).
2945 1686 3002 1743 Si
3032 1687 3135 1743 hoc
3162 1688 3362 1745 bonum
3398 1689 3604 1757 fuisset,
3639 1694 3725 1750 in-

2127 1774 2263 1844 quit,
2293 1789 2398 1828 non
2445 1790 2609 1830 unum
2645 1778 2818 1832 virum
2863 1788 2918 1836 et
2947 1796 3107 1835 uuam
3151 1782 3431 1838 mulierem
3458 1783 3679 1842 fecisset
3704 1826 3721 1850 ,

2130 1866 2225 1922 sed
2272 1882 2380 1924 uno
2416 1867 2588 1922 Adam
2634 1870 2851 1925 condito
2895 1870 3031 1926 duas
3079 1871 3295 1929 fecisset
3348 1876 3632 1941 mulieres.
3677 1876 3723 1932 si

2130 1954 2345 2026 quidem
2391 1957 2651 2013 voluisset
2693 1974 2854 2014 unam
2886 1961 3102 2031 quidem
3132 1964 3255 2033 ejici
3278 2004 3294 2030 ,
3344 1964 3568 2021 alteram
3596 1980 3725 2021 vero

2135 2046 2351 2114 induci;
2386 2062 2526 2103 nunc
2549 2063 2681 2103 vero
2705 2049 2820 2118 ipso
2858 2049 3193 2106 formationis
3244 2052 3406 2108 modo
3436 2054 3607 2123 legem
3642 2054 3727 2108 in-

2130 2138 2303 2205 duxit,
2334 2155 2493 2208 quam
2520 2154 2623 2210 ego
2668 2155 2810 2195 nunc
2858 2142 3059 2197 scribo.
3108 2142 3176 2198 Et
3213 2159 3459 2213 quamam
3484 2154 3571 2201 est
3599 2144 3729 2200 illa?

2131 2226 2259 2283 nec
2283 2229 2496 2299 utique,
2536 2230 2666 2284 Eam
2696 2231 2797 2286 sibi
2840 2232 3065 2302 quisque
3095 2249 3317 2289 uxorein
3373 2246 3553 2291 servet
3581 2251 3727 2291 sem-

2132 2334 2247 2389 per,
2277 2335 2435 2389 quam
2490 2320 2642 2376 initio
2694 2324 2916 2377 sortitus
2968 2333 3069 2379 est.
3122 2326 3245 2381 litec
3296 2326 3379 2381 lex
3435 2328 3727 2399 antiquior,

2132 2426 2291 2482 quam
2320 2411 2407 2467 illa
2454 2412 2520 2468 de
2552 2413 2734 2469 libello
2763 2415 2993 2487 repudii,
3023 2426 3076 2472 et
3119 2428 3288 2480 tanto.
3317 2427 3518 2491 quanto
3558 2419 3729 2476 Adam

2132 2501 2251 2573 ipso
2281 2502 2447 2560 lose.
2496 2506 2561 2560 Et
2590 2506 2791 2577 idcirco
2822 2524 2963 2564 nunc
2993 2510 3124 2564 nihil
3155 2527 3355 2566 uoruu
3395 2519 3595 2576 sector,
3624 2528 3724 2568 ne-

2133 2605 2240 2662 que
2278 2596 2556 2666 peregrina
2597 2596 2763 2653 adero
2806 2598 3022 2655 decreta
3049 2641 3064 2665 ,
3096 2602 3188 2656 sed
3233 2602 3380 2659 Mose
3428 2604 3729 2675 antiquiora

2132 2692 2188 2739 et
2216 2685 2413 2755 priora.
2444 2685 2636 2756 Operae
2688 2697 2868 2744 autem
2910 2692 3137 2759 pretium
3187 2690 3345 2748 fuerit
3382 2702 3439 2749 et
3464 2694 3621 2749 ilosis
3650 2694 3729 2750 Ie-

2130 2788 2253 2844 gem
2284 2775 2450 2841 illam,
2477 2792 2635 2847 quam
2666 2777 2735 2833 de
2779 2778 2879 2834 hac
2907 2795 2965 2836 re
2998 2781 3213 2851 posuit,
3246 2784 3433 2839 audire
3458 2803 3471 2837 :
3496 2783 3560 2840 Si
3579 2785 3728 2855 quis.

2135 2864 2344 2936 inquit,
2374 2869 2622 2936 acceperit
2681 2885 2887 2923 uxorem
2913 2911 2926 2935 ,
2968 2879 3015 2924 et
3053 2871 3347 2927 habitaverit
3389 2890 3503 2928 cum
3546 2875 3660 2935 illa;
3686 2884 3733 2928 et

2133 2957 2251 3023 erit,
2278 2956 2323 3010 si
2343 2973 2443 3010 non
2463 2957 2704 3011 inuenerit
2738 2959 2953 3029 gratiam
2976 2956 3264 3015 coram‘lla
3284 3001 3300 3024 ,
3328 2964 3448 3034 quia
3474 2962 3660 3017 invenit
3680 2964 3733 3017 in

2134 3046 2227 3101 illa
2278 3048 2609 3118 turpitudinis
2636 3066 2783 3115 rem,
2815 3052 2998 3105 scribet
3041 3053 3121 3106 illi
3157 3052 3382 3107 libellum
3421 3055 3656 3124 repudii,
3684 3067 3735 3109 et

2136 3138 2275 3192 dabit
2316 3139 2371 3192 in
2413 3156 2593 3193 manus
2642 3142 2750 3211 ejus
2772 3140 2948 3210 (Deut.
2974 3142 3066 3196 24.
3100 3144 3178 3211 Ι).
3207 3142 3359 3206 Vide.
3402 3160 3507 3200 non
3558 3146 3728 3211 dixit,

2135 3225 2366 3283 Scribito
2396 3236 2451 3283 et
2478 3230 2625 3294 dato,
2653 3230 2745 3285 sed
2764 3232 2918 3302 quid?
2943 3231 3139 3287 Scribet
3159 3234 3237 3288 illi
3259 3236 3484 3290 libellum
3504 3237 3729 3306 repudii,

2137 3327 2185 3371 et
2222 3318 2363 3395 dabit
2405 3320 2459 3373 in
2485 3336 2665 3374 manus
2691 3322 2819 3393 ejus.
2870 3322 3116 3393 Magnum
3157 3333 3337 3379 autem
3384 3325 3523 3380 inter
3552 3326 3654 3381 hoc
3679 3337 3736 3381 et

2137 3407 2269 3463 illud
2293 3408 2581 3464 discrimen
2608 3428 2622 3465 :
2646 3426 2771 3465 nam
2819 3411 3031 3477 dicere,
3066 3412 3280 3468 Scribat
3300 3414 3537 3469 libellum
3568 3431 3730 3485 repu-

2137 3497 2233 3560 dii.
2261 3508 2316 3555 et
2339 3499 2433 3555 det
2460 3500 2511 3555 in
2532 3516 2721 3555 manus
2747 3502 2864 3571 ejus
2886 3544 2902 3568 ,
2928 3502 3166 3571 jubentis
3204 3518 3268 3558 ac
3289 3505 3600 3575 imperantis
3627 3518 3732 3571 est;

2141 3589 2320 3645 dicere
2344 3600 2543 3656 autem,
2576 3593 2771 3648 Scribet
2794 3593 3021 3648 libellum
3056 3596 3276 3665 repudii,
3308 3608 3353 3650 et
3382 3597 3521 3651 dabit
3541 3604 3593 3652 in
3618 3615 3734 3652 nta-

2142 3696 2239 3735 nus
2264 3682 2393 3751 ejus,
2416 3683 2785 3739 annuntiantis
2810 3685 3096 3748 factum,ct
3126 3700 3231 3740 non
3259 3689 3528 3758 propriam
3556 3688 3734 3757 legem

2142 3772 2532 3829 introducentis
2568 3784 2669 3829 est.
2706 3775 2888 3846 igitur,
2919 3775 2980 3831 Si
3000 3778 3130 3847 quis,
3158 3778 3233 3832 ait
3252 3818 3267 3844 ,
3291 3778 3459 3850 ejiciat
3479 3796 3693 3833 uxorem
3717 3820 3734 3845 ,

2143 3872 2188 3919 et
2211 3865 2433 3921 dimittat
2465 3867 2608 3921 illam
2650 3883 2715 3921 ea:
2732 3868 2883 3923 domo
2910 3885 3003 3922 sua
3023 3885 3041 3922 :
3062 3878 3109 3923 et
3138 3887 3253 3924 cunt
3278 3871 3457 3926 abierit
3482 3911 3499 3940 ,
3522 3872 3567 3927 si
3585 3873 3739 3942 fuerit

2143 3956 2291 4009 alteri
2318 3956 2445 4022 uiro,
2478 3968 2524 4010 et
2552 3958 2671 4011 odio
2694 3958 2837 4013 illam
2858 3958 3088 4013 habuerit
3116 3961 3267 4013 etiam
3294 3960 3371 4013 uir
3399 3963 3666 4031 posterior,
3690 3970 3739 4016 et

2144 4048 2402 4117 scripserit
2447 4048 2526 4102 illi
2558 4048 2779 4103 libellum
2801 4044 3002 4120 repudii
3023 4093 3038 4115 ,
3064 4062 3109 4104 et
3130 4052 3323 4105 dederit
3346 4054 3399 4107 in
3424 4070 3604 4108 manus
3627 4056 3740 4124 ejus

2146 4147 2194 4191 et
2213 4140 2404 4193 emittat
2427 4138 2569 4192 illam
2595 4156 2655 4193 ea:
2672 4140 2821 4194 domo
2838 4158 2931 4194 sua
2950 4157 2969 4194 :
2992 4143 3035 4195 si
3059 4152 3285 4196 mortuus
3311 4145 3461 4214 fuerit
3482 4144 3619 4199 illius
3637 4145 3737 4205 air.

2148 4228 2235 4297 qui
2262 4231 2454 4299 accepit
2476 4230 2569 4284 sibi
2588 4232 2727 4284 illam
2755 4247 2963 4285 uxorem
2990 4275 3002 4295 ,
3036 4249 3134 4287 non
3164 4234 3344 4300 poterit
3368 4236 3443 4287 rir
3472 4235 3631 4303 prior,
3652 4233 3741 4305 qui

2151 4320 2409 4373 dimiserat
2437 4321 2581 4373 illum
2600 4362 2614 4384 ,
2638 4321 2876 4375 reducere
2899 4363 2913 4386 ,
2942 4332 2989 4375 et
3020 4323 3247 4391 accipere
3278 4340 3389 4377 eam
3414 4318 3507 4378 sibi
3536 4326 3587 4378 in
3614 4342 3744 4379 uxo-

2148 4428 2254 4465 rem
2282 4411 2388 4481 (Ib.
2428 4430 2476 4466 u.
2503 4412 2643 4485 2.4).
2681 4414 2884 4468 Deinde
2916 4424 3224 4470 monstrans
3265 4431 3322 4471 se
3370 4432 3476 4470 non
3524 4416 3744 4471 laudare

2150 4502 2367 4568 factum,
2392 4519 2574 4573 neque
2596 4504 2913 4573 conjugium,
2932 4520 3053 4559 esse
3076 4516 3259 4575 putare
3279 4546 3293 4571 ,
3322 4505 3414 4560 sed
3449 4502 3742 4560 infirmitati

2150 4610 2336 4651 eorum
2362 4612 2482 4651 sese
2502 4607 2879 4666 attetnpcrare,
2909 4606 3185 4665 postquam
3208 4598 3341 4652 dixit
3376 4618 3388 4651 :
3416 4594 3535 4651 Non
3558 4599 3744 4667 poterit

2153 4686 2229 4739 uir
2252 4687 2390 4755 prior
2414 4688 2641 4756 accipere
2676 4686 2821 4739 illam
2844 4688 2938 4741 sibi
2963 4688 3014 4739 in
3057 4704 3300 4753 uxorem,
3321 4688 3524 4742 addidit
3547 4729 3563 4753 ,
3594 4687 3747 4741 Post-

2153 4793 2301 4847 quam
2327 4778 2525 4846 polluta
2545 4788 2615 4831 est
2635 4776 2739 4849 (Ib.
2771 4793 2817 4830 υ.
2843 4779 2898 4847 Α)
2931 4795 2943 4829 :
2982 4777 3259 4831 declarans
3289 4793 3383 4845 per
3407 4776 3563 4846 hujus
3591 4779 3744 4834 verbi

2158 4868 2398 4932 modum,
2432 4866 2574 4927 quod
2603 4867 2853 4922 secundae
2879 4867 3075 4937 nuptiae
3101 4909 3116 4933 ,
3151 4867 3357 4921 vivente
3383 4869 3563 4937 priore
3591 4869 3707 4923 viro
3726 4911 3743 4935 ,

2157 4958 2379 5028 pollutio
2434 4958 2602 5028 magis
2651 4958 2758 5012 sint
2809 4973 2967 5027 quam
3015 4958 3320 5027 conjugiutn
3354 4966 3610 5027 :propter
3640 4958 3745 5011 hoc

2160 5066 2263 5105 non
2294 5051 2461 5116 dixit,
2493 5051 2780 5119 Postquam
2808 5050 2948 5101 illam
2990 5048 3039 5101 in
3071 5063 3295 5100 uxorem
3320 5046 3551 5101 duxerit.
3582 5044 3749 5100 Vides

2156 5157 2313 5213 quam
2342 5155 2575 5195 consona
2604 5155 2724 5193 cum
2752 5137 2965 5192 Christo
3007 5138 3279 5206 loquatur?
3304 5137 3506 5191 Deinde
3536 5146 3586 5191 et
3619 5153 3746 5190 cau-

2156 5246 2268 5288 sam
2301 5234 2545 5301 apposuit
2570 5272 2587 5296 ,
2618 5229 2767 5290 Quod
2787 5226 3092 5283 abominatio
3130 5231 3192 5282 sit
3221 5245 3392 5281 coram
3421 5227 3528 5282 Deo
3551 5226 3657 5300 (Ib.
3692 5246 3742 5283 tt.

2159 5327 2233 5394 4).
2262 5322 2327 5378 Et
2358 5325 2529 5377 Moses
2556 5316 2770 5389 quidem
2799 5321 2875 5375 sic
2905 5338 2919 5376 :
2952 5320 3206 5389 propheta
3241 5330 3414 5373 autem
3464 5316 3751 5374 Malaeltias

2158 5416 2326 5469 multo
2355 5412 2705 5469 manifestius.
2727 5426 2885 5480 quam
2918 5410 3107 5470 Moses,
3134 5408 3236 5461 hoc
3256 5408 3612 5473 demonstrat;
3642 5409 3751 5461 imo

2160 5510 2335 5579 potius
2365 5520 2473 5558 non
2500 5502 2787 5557 Malacliias
2806 5544 2819 5566 ,
2854 5502 2947 5557 sed
2980 5499 3117 5553 Deus
3146 5516 3239 5567 per
3280 5494 3589 5553 Mulacbiam
3614 5542 3627 5563 ,
3668 5502 3752 5555 his

2163 5601 2358 5654 verbis,
2393 5595 2657 5666 Numquid
2681 5594 2887 5663 dignum
2930 5606 3177 5660 respicere
3218 5591 3285 5643 ad
3314 5588 3623 5656 sacriﬁcium
3664 5610 3782 5660 11-"

2165 5704 2320 5746 sti-mu
2346 5690 2461 5744 ?vel
2483 5692 2701 5758 recipere
2731 5686 3037 5756 acccptubile
3064 5686 3124 5738 de
3153 5683 3383 5738 manibus
3410 5686 3585 5737 vestris
3616 5684 3745 5750 (illo-
