4088 6428
168 5799 179 5828 l

243 381 332 436 ηε

232 501 371 558 kd.
405 498 461 553 2.
492 497 606 568 ιδῃ
633 505 688 552 et
712 511 831 549 cum
863 493 979 550 haec
1009 493 1264 559 dixisset,
1302 491 1472 559 Quare
1493 491 1800 558 dereliquisti
1820 532 1834 558 ,

235 596 332 660 ait,
381 609 592 647 uxorem
647 588 1006 643 adolescentia:
1047 575 1151 641 t'twe
1194 584 1355 657 (Ibid.
1389 601 1438 640 υ.
1474 584 1607 656 ll)?
1656 595 1839 655 postea

240 696 296 738 ut
316 685 568 740 ostendat
596 692 852 753 quantum
881 682 951 736 sit
976 680 1200 743 malum,
1229 689 1283 734 et
1303 694 1463 748 quam
1493 679 1742 748 indignus
1772 679 1844 731 sit

239 778 385 829 otnni
422 778 576 831 venia
605 776 649 828 is
671 775 759 844 qui
791 774 892 827 hoc
919 771 1066 837 fet-it,
1101 772 1153 825 in
1181 771 1533 838 sequentibus
1554 769 1847 823 accusatio-

243 883 361 922 nem
388 850 580 934 auget,
608 867 686 918 sic
713 863 899 918 dicens
929 880 944 920 :
971 861 1038 915 Et
1079 863 1176 916 ista
1202 862 1340 915 socia
1366 873 1452 914 tua
1473 903 1488 926 ,
1511 869 1558 914 et
1593 877 1725 915 uxor
1751 877 1839 928 pa-

244 959 305 1012 cti
333 959 432 1020 uti,
461 966 508 1009 α
535 955 765 1024 reliquie
807 955 1017 1025 spiritus
1039 954 1113 1006 tui
1133 994 1149 1019 ,
1174 963 1218 1006 et
1239 969 1340 1006 non
1366 953 1500 1005 alius
1529 953 1644 1023 fecit
1675 950 1840 1022 (ld.).

247 1048 376 1104 Vide
407 1056 605 1118 quanta
637 1048 857 1119 apponit
894 1047 1008 1116 jura
1037 1063 1052 1110 ;
1078 1046 1308 1116 primum
1338 1055 1585 1110 :etatem,
1615 1045 1799 1100 dicens
1827 1061 1843 1102 :

251 1141 390 1197 Uxor
436 1141 951 1205 adolescentictua';
979 1138 1175 1193 deinde
1222 1139 1538 1192 societatem
1583 1138 1738 1202 vitae,
1767 1137 1848 1190 di-

249 1247 369 1287 cens
403 1251 418 1287 :
453 1232 518 1286 Et
559 1232 657 1285 ista
682 1233 820 1285 socia
850 1243 976 1296 tua;
1000 1240 1182 1298 postea
1215 1230 1436 1285 modum
1465 1229 1807 1292 formationis
1830 1271 1843 1291 ,

248 1327 430 1379 dicens
481 1341 496 1379 :
537 1325 784 1394 Rcliquiw
827 1325 1038 1394 spiritus
1085 1325 1179 1377 tui.
1231 1321 1370 1395 [Non
1407 1323 1551 1377 enim
1591 1322 1660 1377 de
1703 1331 1846 1376 terra

243 1419 470 1471 formata
497 1426 582 1471 est
609 1419 746 1471 sicut
771 1416 958 1478 Adam,
986 1416 1079 1469 sed
1103 1414 1390 1469 deformati
1422 1430 1453 1470 e
1479 1424 1619 1468 terra
1653 1413 1845 1479 latere,

243 1521 296 1562 et
325 1511 427 1564 hoc
455 1520 539 1562 est
563 1509 702 1578 quod
731 1508 878 1570 dicit,
900 1513 1281 1575 ἐγκατάλειμμα,
1307 1506 1368 1559 Et
1388 1506 1616 1575 reliquiae
1635 1506 1848 1578 spiritus

245 1603 314 1653 tui
345 1600 470 1672 (a).]

314 1695 367 1747 5.
402 1693 482 1746 Ad
506 1691 623 1744 lucc
647 1690 850 1754 omnia,
874 1688 1016 1760 quod
1048 1687 1298 1742 omnibus
1321 1688 1425 1742 illis
1454 1687 1628 1758 majus
1660 1686 1841 1749 fuerit,

245 1784 452 1837 accedit
477 1781 774 1836 conditoris
803 1780 1056 1849 dignitas.
1089 1779 1199 1833 Hoc
1221 1781 1363 1832 enini
1392 1780 1656 1848 signiﬁcat
1695 1779 1844 1840 illud,

250 1874 368 1928 Non
414 1876 549 1926 alius
578 1875 719 1943 fecit.
753 1873 867 1926 Non
919 1884 1072 1940 potes
1099 1914 1112 1936 ,
1139 1872 1340 1940 inquit,
1383 1872 1564 1925 dicere
1586 1913 1600 1936 ,
1630 1871 1770 1940 quod
1800 1881 1850 1924 te

245 1966 459 2035 quidem
509 1966 651 2020 Deus
701 1965 856 2030 fecit,
885 1965 1028 2018 illam
1063 1979 1191 2018 vero
1241 1980 1345 2017 non
1376 1965 1515 2017 Deus
1537 2006 1550 2027 ,
1583 1963 1678 2018 sed
1709 1963 1848 2016 alius

243 2059 457 2129 quidam
507 2059 599 2111 illo
632 2057 879 2119 inferior;
909 2057 1002 2111 sed
1033 2073 1169 2111 unus
1200 2068 1255 2111 et
1300 2057 1438 2111 idem
1490 2067 1746 2128 utrosque
1793 2066 1849 2110 ut

243 2160 423 2206 essent
445 2150 736 2219 produxit:
769 2159 823 2203 et
853 2150 920 2202 ita
955 2149 1203 2218 quamvis
1235 2149 1364 2202 nihil
1398 2149 1571 2211 aliud,
1608 2147 1709 2202 hoc
1734 2149 1844 2202 sal-

246 2255 347 2296 tem
379 2241 644 2296 reveritus
668 2284 683 2306 ,
707 2242 984 2293 caritatem
1015 2255 1139 2308 erga
1175 2239 1320 2293 illam
1353 2240 1582 2293 custodi.
1617 2239 1750 2292 Nam
1801 2239 1846 2292 si

241 2350 381 2404 sa’pe
410 2341 513 2387 hoc
545 2333 714 2386 servis
743 2331 1073 2400 litigantibus
1118 2340 1314 2384 mutua:
1342 2330 1652 2385 dilectionis
1683 2346 1844 2383 causa

244 2427 356 2488 fuit,
389 2427 515 2496 quia
552 2427 710 2478 ambo
735 2427 821 2476 uni
846 2432 900 2477 et
921 2423 1094 2476 eidem
1126 2422 1345 2475 domino
1378 2423 1651 2475 serviunt:
1679 2422 1848 2474 inulto

242 2520 406 2588 magis
437 2516 744 2612 nobis)hoc
788 2515 903 2568 fieri
947 2515 1234 2576 convenit,
1260 2513 1476 2583 quando
1517 2515 1764 2567 eumdem
1795 2523 1847 2566 et

239 2604 624 2671 conditorem,
664 2617 718 2660 et
775 2606 1022 2674 upilicem
1082 2605 1296 2674 utrique
1348 2604 1625 2658 habemus.
1653 2605 1844 2658 Vidisti

238 2699 508 2769 quomodo
535 2699 696 2751 etiam
732 2698 783 2750 in
817 2696 992 2750 Veteri
1041 2696 1189 2749 initia
1230 2706 1283 2748 ct
1323 2697 1583 2765 procemia
1614 2695 1727 2750 fere
1754 2711 1842 2747 ac-

237 2793 479 2860 ceperint
510 2805 660 2842 nova:
687 2787 1038 2857 philosOphite
1070 2789 1373 2856 praicepta’l
1400 2788 1532 2841 Nam
1566 2789 1650 2840 tibi
1679 2788 1846 2840 multo

239 2893 480 2950 tempore
506 2883 557 2932 in
593 2883 707 2950 lege
739 2879 932 2932 versati
952 2888 1153 2941 essent,
1182 2887 1236 2930 et
1264 2878 1328 2930 ad
1357 2877 1675 2947 perfectiora
1697 2895 1844 2931 man-

235 2975 356 3029 data
406 2974 638 3027 transire
666 2973 959 3036 deberent,
989 2970 1209 3038 jamque
1239 2981 1552 3039 properaret
1587 2970 1651 3021 ad
1685 2971 1843 3023 liuent

236 3067 477 3134 ipsorum
507 3064 690 3134 politia
718 3104 732 3126 ,
761 3071 1066 3131 opportuno
1111 3069 1353 3128 tempore
1379 3059 1445 3112 ad
1473 3061 1736 3127 ejusmodi
1763 3076 1845 3111 sa-

238 3160 490 3228 pientiam
525 3158 654 3210 illos
680 3153 934 3225 propheta
965 3152 1187 3207 inducit.
1217 3153 1506 3205 Pareamns
1538 3153 1692 3220 igitur
1721 3151 1844 3204 huic

236 3252 387 3304 bona:
419 3251 544 3318 legi,
572 3258 623 3302 et
650 3263 745 3300 nos
777 3247 845 3299 ab
873 3246 1018 3299 omni
1047 3243 1366 3297 confusione
1397 3244 1709 3306 liberemus,
1748 3260 1842 3296 ue-

233 3360 332 3412 que
360 3354 576 3412 nostras
605 3341 904 3409 ejiciamus,
937 3353 1109 3406 neque
1131 3337 1198 3389 ab
1225 3336 1346 3390 aliis
1379 3336 1581 3405 ejectas
1613 3339 1842 3404 recipia-

236 3454 371 3492 mus.
405 3437 539 3490 Natn
581 3450 684 3504 qua
735 3434 868 3486 facie
913 3433 1084 3485 virum
1133 3431 1314 3482 uxoris
1354 3429 1620 3498 aspicies?
1651 3431 1843 3499 quibus

233 3532 400 3585 oculis
428 3530 632 3582 amicos
674 3529 814 3581 illius
844 3536 897 3580 et
925 3525 1188 3578 famulos?
1221 3523 1349 3577 Nam
1383 3525 1426 3577 si
1461 3526 1503 3576 is
1525 3525 1610 3594 qui
1647 3527 1839 3578 mortui

231 3620 496 3690 eunjngis,
529 3615 684 3688 cujus
718 3616 1183 3683 nxoremacccpit,
1207 3616 1494 3684 imaginem
1523 3617 1840 3668 recumben-

231 3723 336 3767 tem
371 3711 565 3764 videt/it
586 3751 600 3776 ,
635 3709 868 3762 afticitur
889 3708 1069 3778 aliquo
1112 3706 1274 3760 modo
1298 3749 1312 3771 ,
1343 3717 1393 3760 et
1434 3709 1665 3774 graviter
1697 3708 1836 3770 fert,

229 3817 291 3856 ac
322 3803 366 3855 si
397 3802 668 3854 viventem
699 3799 951 3852 maritum
977 3798 1154 3850 videat
1180 3797 1296 3866 ejus
1328 3814 1447 3865 qua:
1488 3797 1588 3851 sibi
1621 3797 1838 3851 cohabi-

230 3901 335 3956 t.-it,
368 3891 587 3959 qualent
620 3889 780 3941 vitam
826 3888 1119 3957 aget?quo
1167 3898 1323 3954 pacto
1370 3888 1702 3955 ingredietur
1743 3890 1840 3939 do-

228 3983 412 4036 mum?
439 3996 548 4050 quo
569 3981 772 4046 animo,
806 3979 1000 4049 quibus
1019 3977 1189 4032 oculis
1209 3978 1411 4031 videbit
1439 3980 1583 4031 illius
1617 3995 1835 4033 uxorem

224 4090 374 4129 suam
394 4075 418 4127 ‘l

298 4168 547 4222 Adultera
577 4163 774 4218 nullius
808 4175 878 4217 est
906 4180 1054 4217 uxor.
1093 4193 1164 4202 —
1189 4162 1299 4216 Imo
1334 4179 1507 4232 neque
1539 4162 1701 4227 illius,
1737 4178 1835 4216 uc-

222 4278 324 4331 que
369 4275 523 4314 suam
562 4259 706 4328 juste
736 4258 855 4326 quis
909 4256 1067 4309 talem
1101 4257 1340 4325 appellet
1368 4273 1382 4313 :
1415 4256 1658 4309 adultera
1691 4256 1833 4309 enim

224 4355 426 4408 nullius
454 4362 539 4406 est
568 4366 720 4404 uxor.
763 4349 970 4403 Fefellit
1011 4359 1164 4418 pacta
1193 4365 1313 4417 qtue
1341 4363 1460 4401 cum
1497 4349 1588 4401 illo
1615 4348 1798 4400 habuit
1820 4390 1832 4409 ,

220 4459 273 4503 et
301 4447 368 4501 ad
401 4458 456 4501 te
475 4428 599 4499 cuin
634 4443 871 4496 honestis
912 4443 1119 4511 legibus
1149 4457 1252 4496 non
1284 4443 1449 4496 venit.
1493 4443 1714 4509 Quanta:
1743 4443 1836 4509 igi-

221 4549 306 4592 tur
329 4537 624 4592 detnentite
652 4534 831 4598 fuerit,
858 4549 969 4587 rem
1001 4543 1077 4586 tot
1103 4535 1258 4586 malis
1288 4535 1499 4601 plenam
1533 4535 1584 4586 in
1615 4534 1832 4587 domum

219 4627 517 4683 inducere?
544 4624 682 4679 Num
709 4635 792 4678 est
834 4623 1153 4679 feminarum
1181 4624 1437 4693 penuria?
1469 4625 1675 4691 Quare,
1711 4641 1832 4678 cum

216 4723 400 4776 multa:
428 4721 540 4773 sint
565 4761 579 4784 ,
605 4733 740 4788 quas
769 4718 894 4771 licet
917 4733 1045 4787 pura
1075 4717 1403 4770 conscientia
1435 4729 1485 4770 et
1513 4720 1830 4786 permitten-

216 4817 360 4869 tibus
388 4813 602 4883 legibus
634 4811 863 4876 ducere,
897 4812 960 4863 ad
993 4810 1290 4878 prohibitos
1315 4822 1612 4876 currentes,
1642 4811 1832 4866 domos

214 4907 603 4973 subvertimus,
639 4903 778 4958 bella
812 4903 988 4958 civilia
1015 4904 1340 4967 excitamus,
1373 4917 1435 4956 ac
1465 4904 1701 4973 undique
1728 4906 1830 4956 ini-

214 4999 446 5053 tnicitias
479 4995 638 5050 nobis
663 4995 1014 5049 conciliantes
1040 5036 1054 5058 ,
1091 4993 1386 5047 innumeris
1427 4996 1831 5049 accusatoribus

214 5108 304 5145 ora
337 5090 671 5160 aperientes,
698 5097 936 5140 nostram
965 5087 1127 5139 vitam
1166 5085 1580 5150 dedecoratuus,
1609 5098 1662 5140 et
1688 5090 1828 5157 quod

213 5187 458 5237 muniunt
489 5179 868 5250 gravissimum
896 5188 1008 5242 est,
1043 5179 1354 5232 inevitabile
1403 5181 1721 5248 supplicium
1777 5184 1827 5233 in

213 5278 299 5331 die
319 5274 511 5344 judicii
543 5272 699 5326 nobis
720 5270 1157 5325 acctnnulauuts?
1183 5270 1319 5337 Quid
1350 5272 1491 5324 enim
1520 5272 1762 5325 dicemus
1782 5275 1827 5326 ci

212 5371 306 5440 qni
343 5370 421 5423 .de
450 5366 609 5422 nobis
651 5364 991 5434 judicaturus
1021 5373 1102 5418 est
1129 5406 1142 5429 ,
1171 5364 1387 5432 quando
1421 5366 1592 5434 legem
1629 5364 1678 5418 in
1713 5382 1826 5418 itte-

215 5462 362 5514 dium
409 5459 615 5513 illatam
651 5457 840 5526 legerit
877 5455 1064 5508 dicens
1096 5473 1108 5508 :
1137 5455 1278 5510 Jnssi
1313 5457 1644 5525 repudiatam
1700 5474 1829 5510 uxo-

216 5567 327 5607 rem
361 5567 469 5604 non
512 5549 715 5604 ducere
739 5587 754 5611 ,
787 5548 974 5600 dicens
1007 5549 1054 5600 id
1092 5549 1410 5602 adulterium
1457 5565 1578 5603 esse
1608 5549 1824 5622 (Matth.

215 5645 266 5698 5.
302 5643 420 5712 ΒΞ).
463 5639 750 5708 Quomodo
792 5639 951 5709 igitur
1003 5655 1164 5692 ausus
1210 5656 1270 5692 es
1298 5640 1362 5692 ad
1408 5641 1704 5710 prohibitus
1732 5659 1826 5695 tut-

275 5775 351 5836 (a)
365 5782 479 5825 Haec
499 5786 610 5836 qua:
635 5771 1125 5821 uncinist-lauduntur
1146 5773 1194 5821 in
1210 5781 1374 5824 Graeco
1391 5788 1486 5822 non
1506 5780 1719 5833 exstant,
1737 5791 1829 5827 nec.

215 5839 262 5882 in
285 5845 411 5896 κει..
434 5839 524 5886 sed
552 5841 802 5894 Interprcs
829 5848 1096 5894 anonymns
1123 5836 1170 5882 in
1199 5837 1469 5897 exemplari
1495 5850 1584 5886 suo
1610 5837 1825 5902 legerat.

1460 378 1548 434 DE
1577 377 1864 434 LIBELLO
1904 378 2198 435 REPUDII.
2238 379 2300 436 ll.

3459 380 3567 434 23?.

1957 495 2092 561 ,tias
2119 493 2410 547 accedere?
2437 493 2572 560 Quid
2606 494 2877 558 dit-emus,
2913 495 3039 564 quid
3073 494 3558 565 respondebimus?

1952 585 2250 655 Numquam
2280 586 2424 639 enim
2460 587 2567 641 illic
2612 588 2690 640 fas
2738 598 2993 641 exterrens
3044 588 3190 656 leges
3223 597 3518 656 pra-texere
3545 629 3560 648 .

1953 678 2049 732 sed
2081 680 2446 733 necessarium
2491 687 2573 731 est
2618 686 2859 732 tacentes
2898 690 2952 731 ct
2984 680 3178 748 ligatos
3210 679 3262 732 in
3303 677 3566 748 gehennte

1954 767 2130 838 ignem
2160 769 2372 823 inunitti
2413 785 2535 823 cum
2567 769 2825 823 adulteris
2855 779 2908 823 ct
2950 770 3186 822 alienum
3217 779 3392 822 torum
3415 769 3570 838 inju-

1954 861 2034 916 ria
2062 861 2456 925 afﬁcientibus;
2492 877 2614 916 nam
2643 871 2698 917 et
2737 863 2827 932 qui
2874 862 3141 916 dimiserit
3176 862 3382 931 absque
3404 877 3565 916 causa

1953 953 2160 1025 stupri,
2210 963 2265 1008 et
2315 956 2407 1025 qui
2453 954 2680 1025 ejectam
2725 957 2940 1008 vivente
2983 955 3095 1007 viro
3141 953 3390 1018 duxerit,
3443 967 3566 1006 cum

1954 1044 2123 1114 ejecta
2177 1045 2266 1098 illa
2319 1045 2626 1116 punientur.
2674 1045 2900 1115 Propter
2949 1045 3090 1114 quod
3149 1058 3285 1104 oro,
3337 1045 3566 1097 obsecro

1955 1149 2010 1192 et
2063 1137 2344 1208 supplico,
2403 1154 2470 1192 ne
2520 1138 2618 1192 viri
2674 1138 2929 1192 mulieres
2959 1137 3210 1206 ejiciant,
3239 1151 3413 1206 neque
3445 1150 3566 1187 tutt-

1957 1230 2115 1284 Iieres
2142 1230 2286 1283 viros
2325 1231 2662 1299 relinquant,
2703 1229 2798 1285 sed
2846 1230 3068 1283 audiant
3108 1229 3329 1282 Paulum
3383 1227 3572 1280 dicen-

1957 1329 2066 1374 tem
2101 1335 2117 1374 :
2145 1319 2337 1373 Mulier
2379 1322 2629 1374 adstricta
2675 1332 2744 1374 est
2775 1321 2896 1390 legi,
2925 1331 3117 1389 quanto
3145 1331 3367 1392 tempore
3391 1319 3572 1371 vixerit

1955 1413 2032 1466 air
2075 1415 2207 1482 ejus.
2241 1413 2302 1467 Si
2325 1423 2492 1465 autent
2541 1413 2802 1467 doruiierit
2845 1415 2942 1476 vir,
2975 1414 3132 1467 libera
3178 1413 3272 1466 erit
3321 1411 3404 1464 cui
3443 1413 3572 1465 volet

1956 1503 2178 1570 nubere,
2203 1514 2403 1558 tantum
2429 1507 2482 1559 in
2527 1505 2748 1560 Domino
2777 1507 2853 1578 (l.
2881 1508 3000 1560 (ζον.
3056 1508 3106 1559 7.
3139 1505 3256 1576 59).

2006 1593 2176 1649 Genu:
2198 1609 2269 1650 est
2289 1596 2530 1650 adulterii
2556 1599 2888 1668 conjugatttm
2909 1615 3025 1650 cum
3053 1600 3231 1651 scortis
3255 1597 3474 1650 misceri.
3507 1593 3572 1646 In

1960 1685 2178 1740 Domino
2193 1688 2639 1759 nuberequidsit.-
2653 1689 2874 1756 Qualem
2889 1691 3033 1745 enim
3049 1690 3317 1744 habebunt
3337 1689 3571 1750 veniam,

1956 1779 2043 1844 qui
2064 1779 2228 1832 Paulo
2240 1781 2401 1834 etiam
2417 1782 2680 1835 secundas
2695 1783 3041 1851 permittente
3065 1784 3277 1852 nuptias
3301 1795 3419 1852 puSt
3440 1800 3577 1836 mor-

1957 1877 2063 1924 tem
2093 1871 2356 1940 conjugis,
2380 1881 2646 1926 ettantam
2671 1875 3000 1929 concedente
3025 1878 3260 1945 copiam,
3285 1887 3410 1930 ante
3430 1891 3574 1929 mor-

1957 1969 2061 2014 tem
2089 1961 2425 2015 audenttalia
2459 1963 2670 2017 facere?
2704 1967 2876 2031 Quam
2913 1976 3267 2034 assequentur
3306 1966 3575 2019 defensio-

1957 2069 2101 2118 ncm,
2125 2054 2206 2107 vel
2228 2055 2299 2107 illi
2320 2055 2408 2124 qui
2431 2056 2728 2110 viventibus
2745 2058 2870 2108 viris
2890 2073 3084 2110 uxores
3098 2057 3386 2126 accipiunt,
3413 2059 3495 2110 vel
3521 2057 3573 2110 lii

1956 2145 2042 2212 qui
2058 2145 2122 2197 ad
2140 2146 2344 2213 publica
2365 2157 2539 2199 scorta
2563 2147 2860 2200 accedunt?
2880 2149 3092 2200 Etenim
3110 2158 3161 2201 et
3182 2148 3307 2200 illtid
3330 2159 3409 2201 e~t
3431 2149 3574 2200 adul-

1957 2235 2075 2288 terii
2105 2238 2246 2290 aliud
2265 2253 2454 2305 genus,
2485 2238 2681 2292 habere
2701 2238 2846 2291 douti
2873 2256 3118 2303 uxorem,
3143 2250 3194 2293 et
3228 2238 3358 2292 foris
3379 2240 3574 2292 scortis

1950 2325 2120 2396 jungi.
2181 2327 2312 2381 Nam
2368 2329 2821 2396 quemadmodum
2870 2330 3060 2382 mulier
3111 2329 3314 2382 habens
3358 2331 3570 2394 virum,

1954 2417 2162 2470 etiamsi
2195 2417 2394 2472 famulo
2445 2419 2529 2472 vel
2573 2419 2743 2472 libero
2788 2420 3019 2488 cuipiam
3054 2435 3279 2473 uxorem
3325 2436 3429 2476 non
3476 2421 3574 2473 ha-

1958 2507 2100 2562 benti
2129 2525 2186 2563 se
2214 2521 2470 2578 exponat,
2505 2511 2752 2565 adulterii
2788 2511 2995 2582 legibus
3027 2513 3332 2581 implicatur
3365 2531 3378 2564 :
3413 2513 3490 2566 sic
3517 2524 3575 2566 ct

1956 2599 2035 2650 vir
2061 2600 2182 2652 licet
2231 2600 2297 2653 ad
2347 2601 2564 2671 vulgare
2591 2613 2849 2668 scortum,
2878 2605 2956 2658 vel
2985 2605 3050 2657 ad
3084 2605 3360 2657 mulierem
3388 2606 3571 2668 aliam,

1953 2691 2202 2757 quamvis
2242 2706 2346 2745 non
2379 2682 2668 2746 habentem
2718 2695 2912 2756 virum,
2951 2697 3066 2764 ipse
3115 2711 3334 2749 uxorem
3368 2696 3574 2749 habens

1952 2784 2277 2850 accesserit,
2308 2783 2556 2838 adulterii
2580 2800 2708 2839 reus
2739 2787 3067 2840 censebitur.
3099 2788 3383 2858 Fugiamus
3413 2787 3573 2856 igitur

1951 2885 2003 2927 et
2026 2877 2164 2928 hunc
2193 2877 2438 2930 adulterii
2465 2878 2705 2931 tnodtuu.
2733 2880 2869 2944 Quid
2891 2881 3032 2932 enim
3055 2882 3350 2949 poterimus
3367 2881 3568 2934 dicere.

1952 2965 2076 3034 quid
2113 2967 2236 3019 item
2275 2980 2590 3036 praetexi-rc.
2630 2969 2720 3038 qui
2769 2971 2888 3022 talia
2940 2972 3244 3024 audemus?
3275 2987 3432 3041 quam
3470 2973 3568 3026 ho-

1953 3068 2158 3110 nestam
2205 3061 2605 3113 excusationem
2658 3061 3074 3115 adhibebimus?
3105 3063 3319 3116 Natura:
3366 3078 3570 3117 concu-

1952 3149 2264 3218 pisceutiam
2283 3152 2305 3202 ?
2327 3153 2429 3203 Scal
2458 3152 2609 3204 adest
2624 3152 2839 3220 quidem
2863 3171 3012 3215 uxor,
3043 3171 3161 3224 qtue
3182 3156 3335 3208 nobis
3357 3157 3568 3225 obtigit,

1951 3241 2052 3294 ltac
2083 3259 2177 3296 ttOs
2209 3244 2559 3296 excusitiouc
2595 3246 2832 3311 privatis.
2874 3246 3079 3299 Idcirco
3114 3249 3312 3315 nuptiae
3345 3249 3570 3302 invectae

1949 3349 2092 3402 sunt,
2154 3349 2210 3391 ut
2265 3355 2329 3392 ne
2391 3341 2685 3402 st'orteris;
2743 3340 2850 3392 imo
2889 3358 2992 3392 non
3039 3357 3174 3393 uxi~r
3223 3343 3360 3406 sola,
3397 3344 3489 3396 sed
3517 3354 3571 3396 et

1949 3432 2101 3482 multi
2120 3431 2228 3494 alii,
2248 3432 2334 3499 qui
2352 3431 2616 3491 eamdem,
2640 3449 2798 3500 quant
2824 3449 2940 3495 nos,
2969 3433 3166 3487 habent
3189 3445 3453 3499 naturam,
3473 3438 3570 3489 hac

1950 3537 2048 3574 nos
2075 3522 2282 3589 privant
2314 3526 2486 3573 venia.
2517 3523 2743 3589 Quando
2772 3527 2915 3576 enim
2944 3541 3238 3578 conservus
3263 3536 3403 3585 tuus.
3426 3528 3565 3580 idem

1951 3613 2152 3665 habens
2178 3628 2396 3683 corpus,
2429 3614 2786 3684 eamdemque
2813 3618 3327 3685 Concupisccatiam,
3373 3621 3564 3674 eadem

1949 3709 2270 3760 necessitate
2293 3707 2687 3774 exstimulatus,
2707 3709 2905 3761 nullam
2924 3709 3081 3763 aliam
3102 3711 3244 3765 videt
3261 3713 3559 3776 mulierem,

1947 3800 2038 3852 sed
2071 3811 2245 3852 manet
2279 3816 2372 3854 sua
2401 3801 2513 3853 sola
2547 3811 2856 3867 Contentus,
2891 3804 3100 3872 qualem
3135 3815 3186 3858 tu
3219 3807 3438 3860 habebis
3467 3824 3566 3860 ex-

1944 3894 2298 3956 cusationem,
2323 3894 2814 3960 concupiscentiam
2842 3900 3178 3964 prartexeus?
3208 3900 3272 3951 Et
3297 3900 3420 3968 quid
3442 3900 3564 3953 dico

1948 3984 2207 4038 habentes
2232 4000 2423 4038 uxores
2450 3988 2472 4038 ἶ)
2501 3986 2686 4054 Cogita
2717 3988 2846 4040 mihi
2874 4005 2988 4051 eos,
3015 3992 3100 4058 qui
3136 4007 3349 4060 semper
3377 3996 3428 4045 in
3455 3996 3559 4046 vit-

1942 4077 2164 4144 gini:ate
2191 4077 2458 4142 vixerunt,
2503 4087 2555 4130 ct
2583 4081 2909 4147 contemptis
2943 4082 3139 4149 unptis
3173 4099 3416 4151 magnam
3453 4102 3561 4154 pra:

1943 4184 2002 4222 se
2031 4171 2271 4222 tuleiunt
2301 4173 2708 4223 continentiam.
2743 4173 2873 4223 (lum
2913 4174 3070 4240 igitur
3098 4175 3184 4225 alii
3229 4177 3430 4242 absque
3460 4194 3560 4229 nuc

1947 4262 2069 4329 ptiis
2117 4261 2457 4314 continentes
2511 4263 2650 4321 sint,
2685 4278 2844 4329 quam
2891 4273 2943 4314 tu
2994 4268 3298 4332 assequeris
3351 4265 3558 4319 veniam

1943 4363 2064 4421 post
2086 4355 2298 4420 nuptias
2321 4355 2603 4407 scortans?
2628 4353 2752 4407 H:rc
2779 4367 2830 4407 ct
2857 4355 2954 4407 viri
2981 4368 3027 4408 et
3054 4358 3556 4424 mulieresaudiant,

1941 4457 1992 4496 et
2025 4445 2196 4497 vidua:
2222 4455 2274 4498 et
2301 4456 2476 4513 nupta:
2510 4461 2521 4497 :
2551 4446 2800 4500 omnibus
2831 4449 2972 4500 enini
3008 4448 3201 4501 Paulus
3226 4452 3472 4520 loquitur,
3505 4465 3560 4505 et

1943 4535 2024 4588 lex
2051 4537 2139 4590 illa
2167 4537 2351 4589 dicens
2381 4555 2391 4588 :
2432 4536 2621 4590 Mulier
2642 4538 2971 4592 adstriclacst
3000 4541 3099 4609 legi
3120 4557 3308 4610 quamo
3335 4557 3559 4612 tempore

1942 4629 2117 4681 vixerit
2140 4630 2216 4681 vir
2263 4630 2404 4681 illius
2433 4645 2449 4681 :
2473 4631 2517 4682 si
2545 4641 2714 4682 autem
2741 4632 3022 4695 donuierit,
3057 4633 3214 4684 libera
3239 4645 3312 4687 est
3338 4637 3418 4687 cui
3452 4638 3556 4689 vult

1942 4723 2146 4784 nubere,
2173 4730 2368 4772 tantum
2392 4722 2442 4773 in
2469 4720 2708 4774 Domino.
2738 4723 2802 4775 Et
2831 4723 3150 4778 habentibus
3176 4726 3337 4792 viros,
3366 4740 3419 4781 et
3449 4745 3556 4784 non

1941 4811 2283 4877 habentibus,
2315 4825 2362 4865 et
2391 4813 2582 4876 viduis,
2614 4824 2669 4867 et
2699 4817 2939 4868 secundo
2972 4818 3298 4873 nubentibus
3338 4822 3552 4887 tnarito,

1939 4913 1992 4958 et
2017 4906 2267 4958 omnibus
2310 4905 2629 4974 simpliciter
2655 4923 2833 4962 sermo
2863 4909 2952 4963 ille
2975 4912 3118 4964 utilis
3148 4923 3248 4966 est.
3268 4912 3401 4968 Nam
3434 4889 3578 4986 quas.

1940 4996 2101 5050 habet
2134 4998 2328 5061 virum,
2365 5014 2470 5051 non
2522 4999 2664 5053 volet
2706 5001 2923 5056 vivente
2965 5003 3056 5056 illo
3086 5021 3332 5075 qua-rere
3363 5008 3549 5074 alium,

1937 5089 2162 5140 audiens
2191 5104 2249 5142 se
2280 5091 2492 5143 vivente
2519 5093 2607 5144 illo
2639 5091 2952 5147 adstrictam
2981 5110 3101 5150 esse
3127 5113 3140 5161 ;
3165 5115 3284 5166 qua:
3318 5116 3446 5154 vero
3473 5111 3558 5155 est

1940 5179 2126 5242 libera,
2157 5181 2418 5249 siquidem
2452 5183 2682 5236 Volnerit
2725 5185 2963 5238 secundo
3019 5191 3243 5255 nubere,
3275 5206 3378 5244 non
3425 5194 3556 5245 sim-

1940 5272 2146 5340 pliciter
2178 5289 2350 5342 neque
2381 5284 2582 5329 temere
2614 5276 2714 5331 hoc
2733 5278 2878 5339 facit,
2900 5281 2994 5334 sed
3019 5299 3141 5337 cum
3173 5285 3400 5354 legibus,
3434 5303 3556 5356 quae

1937 5375 2063 5418 sunt
2089 5381 2117 5418 a
2152 5366 2315 5420 Paulo
2345 5369 2552 5436 positae.
2592 5369 2728 5425 Dicit
2751 5373 2894 5426 enim
2927 5393 2938 5426 :
2988 5374 3174 5428 Libera
3227 5389 3300 5430 est
3328 5381 3411 5432 cui
3452 5383 3554 5434 vult

1938 5459 2142 5520 nubere,
2175 5470 2370 5518 tantum
2401 5462 2453 5513 in
2497 5461 2716 5516 Domitio
2751 5465 2768 5535 (
2798 5469 2843 5519 ί.
2875 5465 2995 5520 Cor.
3031 5470 3080 5522 7.
3117 5471 3185 5525 59
3217 5479 3236 5542 )
3263 5489 3274 5524 :
3305 5471 3406 5527 hoc
3448 5485 3553 5543 est,

1935 5568 2056 5606 cum
2089 5553 2418 5607 continentia
2459 5565 2510 5608 et
2537 5555 2836 5611 honestate.
2893 5559 2984 5612 Sin
3018 5562 3248 5618 voluerit
3295 5579 3417 5618 cum
3457 5565 3552 5621 de-

1938 5647 2116 5700 functo
2145 5662 2360 5702 scivare
2389 5649 2610 5712 ftetlcra,
2655 5653 2837 5707 audiet
2867 5656 3131 5724 repositas
3169 5658 3266 5712 sibi
3299 5674 3552 5727 coronas,

1937 5738 2305 5808 majorcmqne
2346 5742 2677 5797 alacritatem
2711 5747 2906 5815 capiet.
2943 5747 3151 5803 Beatior
3177 5750 3428 5816 enimut,
3464 5753 3550 5807 in.

1936 5833 2070 5899 quit,
2101 5834 2142 5884 si
2167 5834 2238 5888 sic
2262 5837 2499 5889 manserit
2528 5836 2547 5906 ιζ
2578 5818 2716 5890 Ἡιὶά.
2756 5856 2800 5891 v.
2842 5841 2964 5907 41))-
