4088 6462
566 337 673 391 225

638 455 689 508 ι.
722 452 877 508 Pauli
918 449 1187 523 sapientia.
1225 447 1392 502 Vidua
1419 449 1612 503 beatior
1658 450 1811 504 etiam
1844 449 1897 504 in
1928 449 2163 517 presenti

1347 335 1404 391 8.
1443 333 1720 395 JOANNIS
1755 333 2229 393 CllleSOSTOMl
2271 334 2591 393 ARCIllEP.
2634 334 3173 394 CONSTANTINOP.

3774 341 3881 396 9'“

2283 458 2338 503 et
2367 450 2649 515 modestia,
2674 465 2738 506 ac
2770 450 2992 521 pietate,
3026 458 3080 505 ut
3112 448 3295 505 munia
3326 449 3380 506 in
3412 451 3639 524 gloriam
3672 451 3765 508 Dei
3796 469 3879 507 ce-

566 544 772 599 ιρι-κιο.
802 543 1095 599 ἱσόηιίεαιόο
1117 550 1295 611 ‘qttom
1342 540 1526 611 turpis.
1551 567 1622 582 —-
1640 539 1802 597 Vides
1852 557 1963 612 quo
2010 552 2166 609 pacto
2274 537 2423 595 dant.
2450 540 2716 608 Quoniam
2740 542 2887 597 enim
2913 536 3110 611 saepius
3129 541 3314 597 multa
3336 543 3591 600 mulieres
3609 544 3888 615 prioribus

562 635 812 690 omnibus
830 647 1012 689 sermo
1031 631 1120 688 ille
1145 631 1310 696 utilis,
1332 639 1388 687 et
1403 645 1463 686 se
1481 630 1549 686 ad
1568 631 1777 686 illarum
1800 631 2162 687 infirmitatem

562 725 816 793 demittit,
839 734 894 780 et
919 726 1048 780 istas
1071 723 1186 779 suis
1206 722 1451 778 laudibus
1474 737 1579 777 non
1605 722 1925 778 defraudatl
1949 723 2161 779 Etenim

559 817 704 885 quod
734 817 802 871 de
832 816 1029 887 nuptiis
1056 824 1112 871 et
1140 815 1443 886 virginitate
1483 812 1631 880 fecit,
1662 814 1763 869 hoc
1789 825 1843 870 et
1870 814 1937 869 de
1964 815 2159 885 priori-

563 909 663 959 bus
688 916 744 961 et
791 904 1040 961 secundis
1097 906 1319 975 nuptiis.
1370 902 1833 971 Quemadmodum
1881 906 2026 960 enim
2056 905 2162 961 illic

562 1009 668 1049 non
689 995 915 1050 exclusit
955 994 1190 1065 nuptias,
1223 1003 1280 1049 ut
1307 1008 1376 1049 ne
1398 1005 1585 1065 gravet
1612 993 1960 1061 inﬁrmiores,
1986 1010 2162 1065 neque

562 1089 935 1144 necessitatem
962 1086 1234 1158 imposuit,
1278 1095 1336 1141 ut
1387 1102 1456 1141 ne
1484 1086 1730 1141 volentes
1776 1086 1829 1141 in
1861 1087 2162 1157 virginitate

560 1180 777 1248 degere,
800 1179 1086 1250 premitis
1099 1179 1314 1235 coronis
1334 1178 1592 1249 spoliaret
1613 1195 1627 1231 :
1653 1179 1747 1233 sed
1773 1178 2161 1235 demonstravit

561 1269 776 1336 quidem
806 1271 971 1327 bonas
1001 1284 1121 1326 esse
1148 1270 1379 1341 nuptias,
1402 1268 1695 1324 declaravit
1740 1278 1918 1324 autem
1968 1269 2156 1325 melio-

564 1373 676 1413 rem
702 1375 823 1417 esse
852 1362 1209 1433 virginitatem
1235 1377 1254 1425 ;
1280 1362 1349 1415 ita
1379 1370 1433 1415 et
1454 1359 1540 1413 hic
1569 1374 1781 1430 quoque
1802 1360 1941 1415 alios
1961 1363 2158 1431 gradus

562 1451 711 1521 ponit
750 1451 927 1520 nobis,
980 1454 1240 1522 majorem
1267 1451 1473 1506 scilicet
1496 1460 1553 1506 et
1600 1450 1967 1506 sublimiorem
1990 1453 2159 1508 altero

562 1546 808 1610 alterum,
838 1559 1031 1616 nempe
1046 1543 1358 1600 viduitatem
1385 1561 1398 1598 :
1422 1544 1648 1599 alterum
1672 1559 1801 1600 vero
1827 1546 2155 1612 inferiorem,

566 1653 758 1707 nempe
811 1638 1079 1694 secundas
1116 1638 1327 1709 nuptias
1370 1655 1383 1691 :
1434 1646 1491 1693 et
1544 1635 1795 1692 fortiores
1847 1636 2063 1707 quidem
2094 1654 2157 1695 ac

560 1728 827 1788 transilire
840 1729 1087 1785 nolentes
1102 1727 1170 1783 ad
1184 1738 1456 1785 certamen
1470 1740 1814 1799 prtcparat,et
1833 1728 2158 1786 infirmiores

557 1821 751 1877 cadere
790 1836 897 1876 non
929 1822 1206 1891 permittit.
1240 1821 1431 1876 Dicens
1459 1822 1601 1874 enim
1634 1839 1647 1877 :
1678 1820 1882 1875 Beatior
1906 1824 2039 1876 enim
2083 1834 2156 1877 est

557 1910 600 1963 si
613 1911 684 1963 sic
700 1911 935 1965 manserit
950 1909 1000 1983 (l
1014 1949 1027 1964 .
1048 1908 1167 1965 Cor.
1185 1912 1239 1965 7.
1264 1910 1376 1977 40),
1397 1920 1538 1965 utne
1559 1922 1715 1981 putes
1737 1911 2021 1966 humanam
2036 1927 2157 1969 esse

558 2004 753 2071 legem,
781 2001 1024 2067 audiens,
1052 1999 1215 2055 Juxta
1239 2017 1403 2055 meum
1419 2002 1707 2065 comitium,
1725 2000 1907 2057 subdit
1928 2020 1940 2055 :
1960 2002 2160 2074 Opinor

555 2102 725 2147 autem
746 2094 881 2163 quod
910 2102 957 2148 et
999 2109 1091 2163 ego
1133 2092 1386 2166 Spiritum
1432 2091 1528 2146 Dei
1571 2093 1801 2147 habeam.
1832 2092 1948 2149 Non
1999 2096 2159 2166 igitur

557 2183 848 2240 humanum
884 2184 1169 2240 consilium
1199 2194 1284 2241 est
1313 2184 1395 2241 vel
1438 2194 1785 2255 pra-ceptum,
1829 2186 1923 2241 sed
1970 2188 2156 2258 gratiae

554 2275 788 2346 Spiritus
815 2276 1079 2331 sententia
1109 2292 1174 2331 ac
1198 2276 1376 2332 divina
1429 2277 1537 2331 lex.
1570 2275 1774 2342 Idcirco
1814 2292 1884 2333 ne
1908 2287 2155 2349 putemus

553 2381 675 2422 esse
698 2366 844 2422 Pauli
873 2366 963 2438 qui
990 2368 1105 2423 haec
1124 2366 1276 2431 dicit,
1303 2367 1397 2422 sed
1427 2366 1660 2437 Spiritus
1686 2369 1877 2435 sancti,
1907 2370 1996 2439 qui
2019 2369 2157 2424 hanc

556 2457 713 2512 nobis
744 2457 915 2528 legem
962 2456 1165 2512 condit.
1218 2457 1371 2525 Quod
1414 2471 1544 2513 vero
1593 2458 1744 2526 dicit,
1798 2457 2015 2528 Opinor,
2048 2473 2153 2514 non

550 2548 705 2619 quasi
756 2548 1003 2603 nesciens
1028 2548 1176 2615 dicit,
1215 2547 1313 2603 sed
1351 2548 1594 2604 modeste
1623 2563 1790 2619 agens
1814 2558 1869 2605 et
1914 2551 2153 2619 seipsum

553 2640 860 2695 humilians.
890 2638 1043 2707 Quod
1069 2649 1249 2694 autem
1277 2639 1481 2695 beatior
1510 2642 1601 2709 sit,
1632 2642 1768 2696 dixit
1796 2640 2029 2712 quidem,
2058 2643 2153 2698 sed

552 2746 659 2784 non
683 2731 900 2800 adjecit,
925 2728 1195 2801 quomodo
1221 2730 1448 2797 beatior,
1498 2731 1783 2786 sufficienti
1813 2734 2153 2788 demonstra-

551 2823 696 2877 tione
714 2821 857 2887 data;
885 2837 1078 2892 nempe
1092 2823 1228 2875 hanc
1250 2835 1308 2875 se
1326 2837 1355 2875 a
1374 2823 1575 2890 Spiritu
1600 2823 1789 2877 afferre
1808 2833 2149 2880 sententiam.

547 2916 700 2983 Quod
756 2916 805 2970 si
836 2915 985 2971 voles
1011 2916 1172 2970 etiam
1218 2916 1515 2969 rationibus
1553 2917 1856 2987 exquirere,
1902 2933 2149 2989 magnam

546 3008 1064 3062 demonsxationum
1081 3005 1292 3075 copiam
1316 3006 1558 3061 invenies
1586 3026 1600 3059 :
1628 3017 1682 3061 et
1711 3007 1915 3063 videbis
1944 3008 2150 3064 beatio-

548 3111 664 3151 rem
691 3112 812 3152 esse
852 3094 1088 3162 viduam,
1142 3111 1248 3151 non
1290 3097 1463 3151 solum
1518 3097 1568 3149 in
1597 3097 1775 3151 futuro
1802 3099 2021 3165 saaculo,
2052 3100 2149 3155 sed

549 3192 712 3243 etiam
755 3190 807 3244 in
839 3199 1105 3259 praesente
1134 3190 1266 3243 vita.
1299 3188 1366 3250 Et
1410 3188 1552 3243 istud
1596 3191 1770 3261 ipsum
1798 3192 2028 3247 maxime
2054 3208 2151 3247 no-

549 3287 701 3332 verat
729 3278 951 3347 Paulus,
978 3278 1030 3332 id
1052 3278 1196 3349 quod
1218 3278 1286 3334 de
1311 3280 1602 3349 virginibus
1624 3280 1939 3337 insinuavit:
1950 3283 2150 3339 Admo-

550 3387 683 3425 nens
708 3371 853 3425 enim
884 3382 938 3425 et
965 3373 1252 3426 consulens
1281 3372 1582 3441 eligendam
1615 3387 1736 3427 esse
1765 3375 2145 3445 virginitatem,

549 3466 626 3517 sic
650 3461 862 3518 dicebat
892 3478 909 3517 '.
938 3462 1134 3532 Opinor
1159 3464 1293 3533 quod
1314 3461 1499 3516 bonum
1520 3463 1584 3517 sit
1601 3464 1790 3518 homini
1812 3470 1883 3521 sic
1901 3483 2008 3520 esse
2022 3484 2147 3537 pro-

549 3556 942 3626 pteriustantem
962 3557 1299 3610 necessitatem
1319 3552 1480 3621 (Ibid.
1514 3571 1563 3610 υ.
1585 3554 1765 3626 ‘26);et
1794 3559 1981 3612 iterum
2018 3577 2031 3613 :
2055 3558 2149 3613 Et-

556 3646 704 3698 iamsi
717 3646 943 3716 nupserit
959 3647 1121 3716 virgo,
1145 3663 1243 3699 non
1268 3647 1485 3715 peccavit
1504 3645 1664 3717 (Ibid.
1681 3664 1726 3700 υ.
1742 3649 1835 3717 56)
1856 3668 1868 3702 :
1891 3649 2146 3719 virginem

552 3737 637 3789 hic
658 3737 844 3791 dicens
865 3750 971 3791 non
991 3752 1108 3791 eam
1131 3753 1252 3808 qua:
1270 3739 1610 3803 renuntiavit,
1630 3742 1722 3793 sed
1739 3756 1857 3795 eam
1873 3743 2148 3799 dumtaxat

552 3844 672 3897 qua:
701 3828 935 3882 nondum
964 3830 1266 3898 coniugium
1306 3841 1523 3899 experta
1564 3842 1646 3887 est
1670 3874 1687 3899 ,
1716 3844 1769 3887 et
1798 3850 1903 3888 non
1954 3838 2145 3891 factam

550 3920 836 3975 obnoxiam
856 3934 1124 3990 perpetuae
1154 3922 1468 3992 virginitatis
1498 3926 1874 3993 promissione.
1902 3926 2145 3982 Tribulu-

550 4017 736 4067 tionem
779 4026 946 4067 autem
976 4016 1028 4067 in
1068 4031 1221 4068 carne
1260 4015 1512 4068 habebunt
1566 4018 1651 4085 qui
1703 4020 1828 4071 tales
1872 4021 1972 4073 sint
2000 4037 2019 4073 :
2056 4038 2147 4091 ego

548 4115 718 4160 autem
743 4104 878 4159 vobis
903 4122 1057 4176 parco
1085 4107 1104 4177 (
1131 4105 1267 4159 Ibid.
1299 4124 1347 4159 ιν.
1371 4105 1522 4175 9.8.).
1571 4107 1685 4162 Uno
1705 4110 1845 4163 enim
1890 4120 1946 4165 et
1996 4112 2146 4167 brevi

554 4198 659 4251 hoc
688 4198 850 4251 verbo
876 4198 1090 4266 reliquit
1114 4196 1333 4251 cci-dato
1358 4198 1611 4263 auditori,
1648 4208 1704 4251 ut
1729 4204 1905 4254 omnia
1933 4204 2148 4274 colligat

547 4300 603 4341 et
630 4288 916 4359 expendat,
947 4287 1164 4341 dolores
1209 4297 1411 4356 (strtus,
1443 4288 1787 4345 educationes
1835 4309 2143 4361 puerorum,

550 4394 757 4443 curant,
777 4378 1132 4443 inﬁrmitates,
1153 4388 1351 4432 mortes
1374 4378 1795 4448 intempestivas,
1818 4383 2142 4451 inimicitias,

547 4472 950 4533 contentiones,
1009 4470 1301 4523 innumeris
1334 4474 1537 4525 servire
1584 4474 1865 4528 sententiis
1896 4515 1911 4540 ,
1954 4476 2147 4534 alienis

547 4562 702 4615 malis
729 4560 1015 4614 obnoxiam
1048 4558 1181 4623 fieri,
1216 4560 1525 4614 innumeras
1557 4562 1795 4616 tristitias
1827 4565 1879 4617 itt
1920 4581 2022 4620 una
2049 4584 2144 4624 sua

548 4654 724 4708 anima
758 4653 1017 4723 recipere.
1038 4653 1387 4733 Abonmibu‘g
1416 4653 1521 4707 illis
1551 4656 1703 4709 tnalis
1725 4657 1998 4724 liberatur,
2027 4675 2145 4729 quae

546 4747 932 4799 continentiam
979 4744 1329 4814 amplexatur,
1362 4754 1567 4801 etcum
1623 4750 1934 4805 liberatione
1986 4767 2016 4806 a
2070 4764 2143 4807 tot

549 4836 871 4905 injucundis,
908 4837 1070 4891 etiam
1103 4838 1154 4891 in
1196 4837 1370 4891 futura
1400 4840 1507 4892 vita
1555 4856 1801 4910 tttagnant
1849 4845 2141 4913 repositam

548 4927 708 4982 habet
733 4930 1058 4983 mercedem.
1096 4929 1218 4982 llaec
1248 4929 1408 4999 igitur
1433 4933 1611 4985 omnia
1646 4934 1898 5000 scientes,
1930 4937 2142 4992 Studea-

548 5034 666 5071 mus
691 5018 905 5087 quidem
937 5019 1121 5087 primis
1134 5020 1336 5088 nuptiis
1364 5035 1485 5075 esse
1510 5026 1767 5078 contenti.
1798 5027 1852 5079 Si
1882 5038 2056 5082 autem
2091 5040 2145 5085 et

544 5110 611 5164 ad
641 5110 902 5165 secundas
922 5111 1275 5179 adspiramus,
1309 5115 1399 5167 liat
1428 5115 1527 5169 hoc
1556 5116 1767 5172 decenti
1798 5120 1954 5174 modo
1976 5132 2025 5176 et
2049 5124 2142 5177 ha-

546 5202 656 5255 bitu
704 5213 755 5256 et
810 5202 1103 5255 secundum
1135 5203 1343 5257 divinas
1394 5205 1558 5274 leges.
1603 5208 1825 5276 PrOpIer
1868 5212 1967 5266 hoc
1991 5216 2138 5269 enim

543 5294 676 5347 dixit
708 5312 721 5347 :
767 5293 945 5346 Libera
967 5306 1037 5346 est
1063 5296 1140 5348 cui
1170 5297 1273 5349 vult
1302 5299 1484 5351 nubere
1512 5311 1605 5353 :et
1630 5303 1897 5369 subdidit,
1926 5304 2140 5360 Tantum

542 5392 591 5440 in
624 5388 839 5441 Domino
864 5386 1025 5457 (Ibid.
1056 5406 1103 5442 υ.
1127 5390 1196 5445 59
1224 5398 1241 5459 )
1274 5408 1286 5441 :
1320 5393 1475 5445 simul
1501 5402 1555 5447 et
1599 5395 1861 5449 licentiam
1906 5399 2059 5465 dans,
2087 5411 2144 5455 et

545 5480 809 5534 licentiam
860 5483 1205 5547 conﬁrmans,
1259 5494 1312 5538 et
1357 5493 1673 5553 potestatem
1711 5492 2031 5557 concedens,
2088 5506 2141 5550 et

549 5570 793 5637 potestati
822 5570 896 5625 illi
919 5571 1151 5642 undique
1176 5574 1318 5642 leges
1346 5590 1408 5629 ac
1431 5576 1687 5631 terminos
1718 5596 1920 5647 ponens
1948 5601 1959 5635 :
1996 5586 2140 5640 vide-

552 5662 673 5713 licet
698 5677 763 5715 ne
794 5665 1021 5731 pollutos
1046 5674 1099 5720 et
1124 5676 1405 5735 corruptos
1434 5668 1576 5723 viros
1625 5671 1677 5723 in
1705 5671 1919 5728 domum
1975 5678 2138 5732 intro-

548 5751 702 5805 dueztt
718 5752 896 5805 tuuliet
915 5766 993 5817 ,ιιι
1015 5766 1254 5827 stuprum
1278 5767 1567 5830 sectantes,
1593 5762 1686 5816 sed
1700 5779 1820 5818 eum
1838 5766 2135 5824 honestate.

2272 631 2399 685 viris
2426 630 2716 696 defunctis,
2759 632 3029 687 adulterio
3054 631 3201 702 prius
3226 634 3520 689 commisso
3547 635 3681 689 alios
3708 634 3880 689 intro-

2270 721 2559 787 duxerunt,
2592 732 2646 778 et
2660 723 2793 777 alias
2812 723 3075 792 ρθμειιιιιι
3091 723 3205 779 vias
3226 725 3603 795 excogitarunt
3624 742 3639 778 :
3665 734 3881 795 propter

2272 811 2374 869 hoc
2393 814 2610 883 adjecit,
2626 812 2848 867 Tantum
2867 814 2917 867 in
2935 811 3182 882 Domino,
3196 823 3254 870 ut
3270 815 3400 870 nihil
3418 816 3607 871 horum
3628 817 3884 873 secundat

2273 905 2471 975 nuptia:
2498 904 2729 961 habeant
2753 920 2768 959 :
2796 905 2877 959 sic
2901 905 3045 959 enim
3088 920 3116 958 a
3168 905 3487 962 criminibus
3526 906 3711 963 libera
3759 921 3885 961 esse

2275 1006 2546 1065 poterunt.
2597 996 2870 1067 Optimutn
2915 996 3060 1051 enim
3109 997 3349 1050 omnium
3384 996 3522 1053 foret
3561 1005 3885 1069 exspectare

2269 1087 2610 1155 defunctum,
2643 1099 2699 1146 et
2724 1104 2943 1145 servare
2977 1088 3123 1158 leges
3142 1103 3262 1143 cmn
3292 1089 3386 1143 illo
3415 1089 3577 1144 initas
3604 1091 3885 1146 continete

2276 1181 2514 1251 tiamque
2536 1182 2759 1251 eligere.
2788 1190 2844 1236 et
2889 1195 3109 1236 manere
3142 1194 3263 1235 cum
3295 1179 3500 1236 relictis
3530 1182 3733 1251 pueris,
3766 1197 3884 1236 ma-

2264 1270 2443 1340 jorem
2495 1269 2588 1325 Dei
2618 1271 3051 1326 benevolentiam
3100 1271 3179 1326 sic
3203 1271 3559 1327 cenciliando.
3592 1272 3658 1327 Et
3700 1274 3746 1327 si
3774 1289 3881 1343 qua

2267 1361 2510 1416 secundo
2540 1361 2744 1417 nubere
2783 1362 2981 1416 marito
3010 1361 3175 1428 volet,
3200 1376 3323 1417 cum
3370 1362 3633 1419 modestia
3678 1377 3742 1418 ac
3779 1363 3883 1418 ho-

2268 1463 2496 1518 nestate,
2528 1463 2582 1508 ct
2618 1452 3017 1508 decentissimis
3044 1453 3253 1524 legibus
3293 1453 3397 1509 hoc
3427 1453 3625 1521 faciat;
3657 1470 3779 1510 nam
3824 1464 3885 1510 et

2268 1546 2371 1599 hoc
2400 1544 2727 1615 permittitur
2752 1562 2764 1598 :
2802 1542 3086 1598 fornicatio
3112 1553 3291 1599 autem
3318 1544 3431 1599 sola
3456 1552 3513 1600 et
3553 1544 3881 1600 adulterium

2265 1637 2634 1706 prohibentur.
2664 1636 2812 1692 lianc
2846 1637 3004 1707 igitur
3031 1636 3295 1708 fugiamus
3325 1647 3382 1693 et
3410 1638 3671 1710 conjuges
3689 1650 3743 1695 et
3764 1655 3879 1695 ca:-

2264 1730 2423 1797 lihes,
2451 1745 2518 1785 tte
2550 1730 2944 1785 dedecorcmus
2973 1730 3137 1783 vitam
3162 1746 3211 1784 nc
3234 1740 3427 1797 stram,
3462 1747 3530 1786 ne
3560 1734 3721 1786 vitam
3747 1747 3878 1803 aga-

2266 1837 2383 1875 mus
2407 1821 2703 1885 ridiculam,
2728 1835 2902 1890 neque
2928 1820 3228 1891 polluatuus
3247 1835 3464 1893 corpus,
3486 1836 3660 1893 neque
3676 1823 3877 1877 malam

2263 1911 2650 1967 conscientiam
2683 1912 2736 1965 in
2783 1920 3019 1965 mentem
3050 1910 3389 1965 inducamus.
3420 1912 3701 1979 Quomodo
3724 1915 3874 1967 enim

2265 2015 2387 2074 post
2413 2002 2856 2059 consuetudinem
2897 2016 3019 2056 cum
3044 2002 3237 2056 scortis
3280 2001 3334 2057 in
3359 2002 3645 2057 ecclesiam
3686 2002 3878 2058 venire

2262 2093 2512 2164 poteris?
2552 2092 2825 2164 quomodo
2867 2107 3061 2148 manus
3086 2132 3102 2157 ,
3140 2092 3332 2163 quibus
3376 2104 3615 2155 scortum
3657 2102 3875 2149 cttntrev

2259 2188 2437 2252 clasti,
2460 2185 2513 2241 in
2535 2186 2723 2242 caelum
2746 2186 3038 2242 extendere
3062 2185 3320 2240 audebis?
3341 2186 3613 2255 quomodo
3635 2186 3874 2258 linguam

2261 2295 2496 2346 movere,
2547 2290 2602 2334 et
2625 2294 2719 2334 ore
2772 2278 2862 2332 illo
2890 2278 3162 2343 invocare,
3192 2291 3301 2343 quo
3328 2288 3568 2332 scortum
3596 2279 3875 2333 osculatus

2259 2388 2320 2429 es
2339 2373 2364 2427 2
2386 2373 2580 2445 quibus
2609 2374 2781 2427 oculis
2811 2372 3105 2427 intueberis
3154 2372 3359 2427 amicos
3389 2370 3771 2427 honestiores?
3801 2371 3875 2428 Et

2260 2465 2386 2536 quid
2416 2466 2537 2520 dico
2562 2466 2801 2520 amicos?
2834 2464 3059 2520 Etiamsi
3088 2466 3270 2519 nullus
3309 2465 3560 2520 conscius
3588 2467 3678 2533 sit,
3705 2474 3767 2519 tu
3789 2475 3874 2521 te-

2261 2556 2435 2627 ipsum
2474 2559 2683 2628 cogeris
2712 2558 2943 2612 maxime
2969 2558 3214 2612 outnium
3242 2556 3439 2612 rubore
3464 2572 3529 2612 ac
3551 2560 3873 2614 confusione

2260 2649 2601 2719 perfundere,
2626 2660 2679 2705 et
2694 2651 2927 2705 maxime
2947 2649 3188 2705 omnium
3226 2663 3426 2718 corpus
3470 2650 3748 2721 proprium
3773 2652 3871 2705 ab-

2257 2742 2503 2796 ominari.
2524 2740 2656 2795 Nam
2683 2744 2725 2796 si
2750 2740 2851 2796 hoc
2868 2758 2974 2795 tton
3000 2751 3166 2808 esset,
3189 2757 3357 2813 quare
3381 2741 3449 2796 ad
3479 2742 3725 2796 balneum
3748 2754 3873 2812 post

2258 2845 2534 2903 peccmum
2568 2834 2695 2888 illud
2717 2833 2927 2888 curris?
2958 2833 3146 2889 Nonne
3167 2836 3287 2904 quia
3321 2836 3467 2888 omni
3492 2835 3608 2888 luto
3630 2836 3869 2890 immun-

2256 2924 2465 2980 diorem
2498 2926 2729 2994 teipsutn
2770 2939 2892 2980 esse
2921 2924 3153 2980 censes?
3193 2928 3365 2993 Quam
3411 2926 3569 2996 igitur
3606 2928 3870 2996 majorem

2258 3015 2610 3070 immunditiis:
2638 3024 2739 3069 tua:
2758 3016 3130 3086 probationeut
3158 3018 3378 3087 quaeris,
3409 3020 3490 3071 vel
3513 3034 3673 3088 quam
3697 3020 3869 3073 Deum

2257 3117 2541 3176 exspectas
2570 3108 2891 3162 sententiam
2930 3107 3202 3173 daturum,
3256 3109 3478 3178 quando
3506 3119 3561 3162 tu
3608 3109 3744 3180 ipse,
3775 3114 3870 3180 qui

2255 3195 2544 3268 deliquisti,
2576 3199 2735 3253 talem
2760 3200 2827 3253 de
2856 3200 3007 3253 lactis
3031 3200 3136 3254 tuis
3162 3202 3486 3254 sententiam
3518 3211 3672 3255 tenes
3700 3202 3724 3256 ?
3806 3244 3810 3247 -

2328 3288 2575 3343 Balneum
2600 3291 2787 3345 eniture
2803 3290 3215 3363 quale.—lgitur
3240 3294 3385 3362 quod
3410 3292 3720 3362 impurosse
3744 3309 3871 3349 esse

2254 3391 2496 3446 censent,
2555 3382 2711 3436 valde
2755 3382 2913 3436 laudo
2939 3392 2993 3437 et
3022 3383 3263 3455 approbo
3294 3400 3308 3449 ;
3339 3384 3482 3454 quod
3527 3397 3706 3440 autem
3755 3402 3868 3440 non

2255 3475 2792 3544 reetumpurilicandi
2812 3476 3034 3531 modum
3069 3477 3323 3544 habeant,
3356 3479 3621 3549 improbo,
3653 3490 3708 3534 et
3730 3497 3861 3550 pru—

2254 3575 2435 3635 pterea
2464 3565 2817 3635 reprehendo.
2862 3567 2995 3622 Nam
3023 3569 3068 3623 si
3114 3552 3411 3640 corporalis
3458 3572 3663 3625 macula
3686 3583 3859 3638 esset,

2248 3659 2370 3728 jure
2384 3659 2697 3714 balneorum
2716 3660 3178 3731 puriﬁcationibus
3187 3677 3382 3733 corpus
3403 3664 3574 3733 ipsum
3590 3666 3674 3719 abl
3683 3682 3866 3731 neres,

2253 3751 2486 3803 animam
2525 3761 2703 3803 autem
2731 3766 2851 3805 cum
2878 3752 3239 3821 coinquinat-is
3265 3764 3320 3808 et
3349 3755 3611 3824 impuram
3650 3756 3864 3821 feceris,

2255 3841 2413 3893 talem
2434 3856 2615 3909 qumre
2632 3842 3202 3913 purilicationetn,quze
3220 3844 3359 3899 illitts
3379 3848 3871 3904 tnaculamabluere

2255 3934 2473 4001 poterit.
2504 3931 2657 3999 Quod
2686 3943 2867 3987 autem
2895 3945 2980 3989 est
3010 3934 3151 3989 illius
3181 3940 3405 3991 macula:
3439 3938 3732 3995 balneum?
3756 3942 3869 3996 Ca-

2257 4024 2350 4077 lidi
2401 4025 2756 4095 lacrymarum
2806 4026 3003 4095 fontes,
3034 4029 3265 4097 gemitus
3307 4045 3337 4083 e
3381 4030 3645 4097 profundo
3684 4033 3871 4086 cordis

2253 4117 2628 4183 ascendentes,
2655 4121 2998 4187 compunctio
3024 4129 3303 4190 perpetua,
3337 4136 3525 4190 preces
3567 4124 3863 4191 continuse,

2254 4208 2629 4281 eleemosynae,
2675 4220 2731 4265 et
2774 4212 3138 4282 clecmosyna:
3193 4213 3375 4283 largae,
3426 4230 3533 4268 non
3562 4214 3697 4269 ultra
3748 4216 3869 4272 bare

2258 4314 2420 4369 Opera
2467 4311 2755 4368 attentare,
2804 4303 3166 4358 condemnare
3214 4306 3360 4374 quod
3407 4304 3604 4361 factum
3637 4317 3743 4362 est.
3789 4308 3868 4365 Ita

2253 4394 2459 4463 pecwti
2510 4405 2697 4449 natura
2727 4395 2985 4462 abluitur,
3024 4398 3102 4452 ita
3138 4408 3465 4469 expurgatur
3491 4399 3686 4456 anima:
3742 4418 3864 4457 nta-

2254 4483 2370 4537 cula
2401 4499 2416 4549 ;
2442 4495 2604 4554 atque
2654 4485 2795 4539 adeo
2826 4487 2870 4539 si
2902 4487 3018 4541 luce
3048 4503 3154 4541 non
3205 4488 3514 4557 fecerimus,
3547 4492 3757 4546 etiamsi
3810 4496 3865 4547 in

2252 4589 2440 4629 onmes
2461 4576 2739 4631 ﬂuminum
2759 4579 2934 4633 fontes
2951 4579 3413 4647 descenderimus,
3438 4597 3613 4653 neque
3636 4599 3862 4653 parvam

2255 4665 2396 4718 illitis
2423 4671 2626 4735 peccati
2659 4677 2865 4736 partem
2910 4669 3183 4739 depellere
3212 4673 3529 4741 poterimus.
3574 4674 3861 4747 luto-quod

2253 4756 2469 4822 melius,
2514 4775 2579 4813 ne
2609 4768 2934 4815 attentcmus
2964 4762 3063 4817 hoc
3088 4763 3449 4820 aheniiuabile
3476 4778 3772 4835 peccatum.
3804 4771 3864 4825 St

2252 4850 2371 4916 quis
2398 4859 2575 4903 autem
2620 4851 2910 4921 aliquando
2947 4860 3318 4926 supplantatus
3351 4856 3530 4922 fuerit,
3581 4858 3698 4914 hmc
3729 4864 3861 4915 sub-

2248 4940 2399 5007 jiciat
2431 4942 2691 5007 remedia,
2740 4946 2886 5013 prius
2908 4949 3223 5014 promittens
3263 4966 3369 5002 ttott
3403 4951 3536 5003 ultra
3565 4966 3624 5005 se
3655 4953 3705 5006 in
3738 4952 3859 5009 h-.ec

2252 5033 2646 5102 prolapsnrum.
2698 5036 2859 5091 Certe
2890 5039 2933 5092 si
2990 5052 3275 5107 peccantes
3319 5044 3865 5101 condemnaverinms

2251 5126 2465 5193 quidem
2516 5143 2603 5193 ea,
2628 5144 2746 5198 (pta:
2782 5129 2892 5197 jam
2926 5129 3170 5195 fecimus,
3205 5136 3395 5189 iterum
3444 5150 3623 5191 autem
3668 5140 3861 5194 eadem

2250 5227 2599 5285 attentemus,
2626 5222 2768 5275 nulla
2792 5224 2893 5276 erit
2921 5223 3309 5292 purilicationis
3333 5230 3553 5282 utilitas.
3586 5232 3683 5295 Qui
3712 5236 3862 5287 enim

2252 5311 2506 5375 abluitur,
2537 5322 2591 5364 et
2616 5312 2805 5365 eodem
2836 5314 2946 5366 luto
2981 5316 3173 5369 iterum
3204 5318 3531 5387 inquinatur,
3562 5331 3616 5374 et
3641 5324 3731 5391 qtti
3763 5324 3862 5377 de-

2251 5404 2467 5457 molitur
2489 5405 2677 5459 iterum
2705 5406 2845 5477 quuzd
2864 5407 3169 5476 aedificavit,
3197 5420 3253 5467 et
3279 5413 3367 5481 qui
3394 5412 3617 5468 mdifieat
3639 5416 3865 5473 iterum.

2252 5504 2307 5547 ιιι
2336 5494 2603 5561 destruat,
2634 5498 2763 5550 nihil
2798 5496 2941 5550 aliud
2986 5500 3111 5555 inde
3153 5501 3287 5556 lucri
3317 5503 3464 5568 facit,
3515 5522 3675 5575 quam
3716 5513 3866 5577 quod

2253 5585 2443 5639 frusmt
2475 5586 2680 5642 laborat
2723 5597 3138 5645 etterumnosus
3167 5602 3267 5647 est.
3304 5596 3465 5663 igitur
3485 5605 3541 5651 et
3567 5614 3666 5651 nos
3708 5616 3778 5654 ne
3813 5604 3865 5653 in

2253 5693 2445 5733 vanum
2498 5687 2553 5733 ct
2594 5680 2786 5735 frustra
2819 5681 2977 5734 vitam
3021 5684 3373 5751 insunnunus,
3427 5688 3600 5756 priora
3643 5704 3862 5761 peccata

2253 5786 2631 5843 expurcemus,
2662 5785 2714 5828 ct
2744 5776 2883 5847 quod
2918 5778 3276 5850 reliquutut'st
3300 5780 3419 5837 vine
3450 5783 3498 5835 in
3532 5783 3863 5841 continentia
