4088 6400
554 278 663 336 225

545 393 638 447 καὶ
660 396 728 464 τῇ
758 392 918 463 λοιπῇ
948 392 1294 465 διαγάγωμεν
1323 394 1492 465 ἀρετῇ
1518 411 1531 425 ·
1600 395 1689 448 ἵνα
1738 395 1956 450 καὶντδν
1997 395 2130 449 Θεὸν

543 474 756 547 ἔχοντες
796 476 982 538 ἵλεων,
1047 478 1147 545 τῆς
1189 474 1466 547 βασιλείας
1514 476 1624 530 τῶν
1667 478 1913 550 οὐρανῶν
1939 478 2131 533 ἐπιτύ-

542 577 759 630 χωμεν,
810 560 992 631 χάριτι
1033 560 1130 612 καῖ
1173 558 1555 631 φιλανθρωπίᾳ
1589 560 1686 613 τοῦ
1734 561 1941 631 Κυρίου
1974 560 2132 631 ήμῶν

1247 283 1306 339 S.
1347 283 1633 341 JOANNIS
1662 287 2149 350 CIIRYSUSTOIII
2181 293 2503 353 ARCHIEP.
2543 296 3093 355 CONSTANTINOP.

2245 394 2423 548 ζιέγσριῦ
2443 395 2707 467 Χριστοῦ,
2727 389 2773 466 ᾧ
2792 398 2825 469 ή
2841 396 2968 463 δόξα
2987 398 3067 461 είς
3085 395 3212 461 τοὺς
3234 393 3434 457 αἰῶνας
3460 391 3570 446 τῶν
3594 388 3826 444 αίώνων.

2315 496 2353 547 μ
2393 496 2443 532 ν.

2315 496 2443 547 μην.

1342 720 3814 750 MM

1383 830 1532 957 [εἰη
1592 894 2177 982 ΕΓΚΩΜΙΟΝ
2230 894 2405 981 ΕΙΣ
2450 887 2982 983 ΜΑΞΙΜΟΝ

1490 1048 1594 1102 Καὶ
1626 1048 1757 1118 περὶ
1791 1047 1899 1105 τοῦ
1928 1050 2107 1116 ποίας
2130 1049 2226 1105 δεῖ
2250 1050 2500 1121 ἄγεσθαι
2533 1050 2850 1121 γυναῖκας.

603 1352 672 1399 α’.
698 1345 819 1396 Ὅτι
848 1344 945 1413 μὲν
972 1343 1307 1414 ἀπελείφθην
1327 1344 1482 1415 ὑμῶν
1506 1349 1570 1417 τῇ
1596 1346 1939 1418 παρελθούσῃ
1968 1346 2133 1400 συνά-

535 1432 635 1495 εει,
657 1428 890 1499 ήλγησαο
908 1428 993 1481 δτι
1023 1428 1081 1480 δὲ
1112 1428 1517 1499 πλουσιωτέρας
1544 1429 1893 1483 ἀπελαύσατε
1924 1428 2129 1499 τραπέ-

533 1514 653 1582 ἕης.
676 1513 875 1583 ἥσθην.
908 1512 967 1564 Ὀ
991 1510 1099 1583 γάρ
1122 1513 1241 1582 μετ’
1266 1510 1399 1583 ἐμοῦ
1417 1512 1509 1565 τὸν
1538 1511 1701 1579 ζυγὸν
1722 1513 1916 1577 ἕλκων,
1942 1512 2043 1581 τήν
2069 1527 2126 1562 τε

530 1595 748 1648 αὔλακα
780 1595 970 1665 πρώην
997 1597 1131 1664 ήμῖν
1165 1594 1415 1664 ἀνέτεμε,
1448 1596 1542 1647 καὶ
1570 1597 1637 1647 τά
1673 1594 1967 1665 σπέρματα
1992 1611 2127 1646 κατ-

532 1678 691 1732 έϐαλε
722 1678 933 1747 δαψιλεῖ
977 1677 1193 1747 γλώττῃ
1213 1716 1226 1738 ,
1270 1677 1364 1728 καὶ
1402 1676 1540 1746 μετά
1570 1676 1771 1746 πολλῆς
1804 1678 1902 1747 τῆς
1934 1679 2129 1746 ἐπιμε-

530 1762 682 1824 λείας
717 1760 1033 1831 ἐγεώργησε
1060 1758 1160 1823 τὰς
1201 1759 1470 1829 ὑμετέρας
1507 1760 1700 1828 ψυχάς.
1738 1758 1924 1812 Εἶδετέ
1953 1758 2127 1827 γλῶτ-

530 1860 630 1897 ταν
664 1842 1153 1913 ἐκκεκαθαρμένην
1174 1882 1187 1905 ,
1232 1842 1504 1909 ἠκούσατε
1541 1841 1699 1909 λόγον
1733 1843 2127 1910 ἀποτετορνευ-

533 1927 727 1996 μένον,
777 1925 1123 1978 ἀπελαύσατε
1158 1924 1353 1988 ῦδατος
1382 1924 1681 1994 ἁλλομένου
1718 1926 1796 1987 είς
1826 1924 1969 1995 ζωήν
1996 1926 2126 1977 αίώ-

529 2024 663 2070 νιον,
696 2007 865 2061 εἴδετε
891 2008 1078 2079 πηγὴν
1106 2008 1386 2077 ποταμοὺς
1419 2008 1672 2074 ἀφιεῖσαν
1698 2005 1922 2076 χρυσίου
1956 2006 2128 2059 καθα-

534 2086 652 2157 ροῦ.
694 2087 930 2154 Λέγεταί
978 2103 1062 2148 τις
1096 2086 1342 2157 ποταμὸς
1379 2085 1604 2155 χρυσίου
1638 2084 1908 2154 ψήγματα
1938 2086 2125 2155 φέρειν

2231 1348 2511 1418 δρότητος.
2548 1350 2805 1419 ’Ἄμεινον
2830 1349 2930 1420 μὲν
2957 1349 3066 1418 γάρ
3096 1348 3384 1422 μηδ’,δλως
3412 1348 3682 1421 ἁμαρτεῖν
3700 1365 3717 1381 ο
3760 1349 3833 1407 ὠ

2234 1430 2430 1500 μικρὸν
2462 1430 2519 1484 δὲ
2557 1431 2637 1493 είς
2662 1432 2934 1501 σωτηρίας
2985 1430 3173 1500 λόγον,
3214 1430 3678 1501 κατοδυνηθῆναι,
3754 1433 3831 1485 ταὶ

2231 1512 2585 1581 καταγνῶναι
2615 1513 2706 1565 τὸν
2735 1514 3120 1588 ἁμαρτάνοντα
3147 1514 3248 1583 τῆς
3270 1513 3465 1567 ἐαυτοῦ
3494 1512 3693 1584 ψυχῆς,
3730 1513 3833 1567 καὶ

2233 1595 2491 1665 μαστίξαι
2514 1595 2574 1648 τὸ
2610 1595 2847 1658 συνειδὸς
2879 1597 3017 1666 μετά
3058 1595 3261 1665 πολλῆς
3299 1597 3399 1666 τῆς
3430 1596 3711 1667 ἁκριϐείιτ·
3792 1596 3831 1666 ή

2230 1678 2337 1748 γὰρ
2363 1679 2589 1749 τοιαύτη
2620 1678 2965 1747 κατάγνωσις
2993 1678 3344 1749 δικαιοσύνης
3368 1679 3486 1731 ἐστὶ
3516 1678 3705 1748 μέρος,
3734 1679 3834 1731 καὶ

2227 1759 2364 1823 ὅλως
2406 1761 2500 1812 ἐπὶ
2528 1762 2589 1813 τὸ
2634 1763 2833 1831 μηκέτι
2871 1761 3214 1832 ἁμαρτάνειν
3258 1762 3488 1829 ἄγουσα.
3542 1760 3640 1814 Διά
3668 1760 3837 1813 τοῦτο

2230 1846 2323 1897 καὶ
2354 1846 2383 1896 ό
2410 1842 2623 1907 Παῦλος
2678 1844 2927 1914 λυπήσας
2978 1846 3106 1908 τοὺς
3144 1845 3537 1915 ἡμαρτηκότας
3583 1844 3831 1915 ἔχαιρεν,

2229 1928 2325 1997 οὐχ
2350 1930 2431 1980 δτι
2462 1928 2753 1998 ἐλύπησεν,
2778 1927 2895 1981 ἀλλ’
2916 1930 2998 1980 ὅτι
3024 1931 3088 1999 τῇ
3116 1928 3265 2000 λύπῃ
3291 1927 3623 1998 διώρθωσεν.
3660 1926 3834 1995 Ἐχά-

2220 2028 2344 2079 ρην
2368 2010 2500 2083 γάρ,
2532 2012 2720 2081 φησὶν,
2761 2014 2875 2079 οὐχ
2901 2010 2991 2063 ὅτι
3015 2010 3382 2078 ἐλυπήθητε,
3416 2011 3554 2063 ἀλλ’
3578 2009 3668 2062 ὅτι
3690 2010 3836 2062 ἐλυ-

2230 2095 2461 2163 πήθητε
2515 2097 2604 2159 είς
2648 2093 3008 2163 μετάνοιαν·
3060 2094 3100 2161 ἡ
3135 2096 3247 2162 γὰρ
3286 2094 3439 2147 κατὰ
3475 2094 3623 2147 Θεὸν
3656 2093 3834 2160 ,λύπη
3878 2102 3889 2109 ’

530 2170 642 2231 τοῖς
677 2168 1048 2239 περιοικοῦσιν
1090 2170 1251 2222 αὐτὸν
1287 2168 1617 2239 ἀνθρώποις,
1654 2168 1715 2220 οὐ
1760 2166 1862 2235 τῆς
1910 2167 2127 2235 φύσεως
2224 2178 2552 2244 μετάνοιαν
2578 2180 2666 2243 εις
2696 2177 3003 2245 σωτηρίαν
3034 2174 3492 2244 ἀμεταμέλητον
3540 2173 3837 2243 κατεργά-

528 2250 637 2302 τῶν
669 2251 876 2303 ὑδάτων
930 2253 991 2303 τὸ
1025 2252 1248 2320 χρυσίον
1292 2248 1613 2319 τικτούσης,
1670 2248 1785 2301 ἀλλ’
1816 2250 2003 2318 ἐπειδὴ
2030 2250 2123 2302 τοῦ

532 2333 778 2402 ποταμοῦ
822 2334 922 2396 τάς
952 2335 1135 2401 πηγάς
1172 2334 1230 2385 ἐν
1262 2332 1602 2402 μεταλλικοῖς
1637 2332 1790 2402 δρεσι
1814 2331 2123 2401 διέρχεσθαι

529 2416 753 2486 συνέϐη,
787 2416 855 2469 δι’
878 2415 1104 2468 ἐκείνων
1145 2416 1253 2468 τῶν
1300 2414 1473 2485 ὀρέων
1502 2416 1531 2466 ό
1564 2414 1812 2483 ποταμὸς
1857 2414 1998 2483 ῥέων
2030 2417 2124 2468 καὶ

528 2500 625 2569 τήν
645 2502 889 2569 χρυσῖτιν
926 2498 1262 2569 παρασύρων
1296 2499 1401 2567 γῆν
1423 2538 1436 2562 ,
1470 2497 1745 2569 θησαυρὸς
1784 2501 1895 2562 τοῖς
1932 2515 2124 2568 παροι-

529 2582 684 2634 κοῦσι
714 2581 951 2649 γίνεται,
1004 2580 1422 2650 ἐσχεδιασμένον
1466 2582 1724 2653 παρέχων
1752 2581 1842 2633 τὸν
1871 2580 2122 2634 πλοῦτον.

527 2664 729 2716 Τοῦτον
750 2665 845 2715 καὶ
872 2666 899 2715 ό
932 2662 1251 2725 διδάσκαλος
1281 2657 1435 2725 οὗτος
1466 2664 1779 2733 ἐμιμήσατο
1804 2660 1998 2732 πρώην
2035 2662 2125 2714 τὸν

529 2745 800 2815 ποταμὸν,
831 2744 1020 2815 ὥσπερ
1046 2743 1135 2796 διά
1159 2743 1495 2814 μεταλλικῶν
1528 2745 1721 2815 ὀρέων,
1754 2744 1860 2797 τῶν
1894 2744 1931 2795 Γ
1938 2744 2125 2814 ραφῶν

529 2829 693 2900 ῥέων,
725 2829 819 2881 καὶ
832 2829 902 2881 τὰ
937 2828 1162 2899 χρυσίου
1190 2827 1387 2891 παντὸς
1408 2826 1708 2897 τιμιώτερα
1733 2830 1976 2895 νοήματα
2004 2830 2123 2888 ταῖς

529 2914 830 2985 ὑμετέραις
868 2913 1111 2983 κομίζων
1139 2913 1358 2983 ψυχαῖς.
1393 2913 1503 2964 Καὶ
1534 2910 1650 2963 οἶδα
1682 2913 1781 2981 μὲν
1800 2913 1881 2963 ὅτι
1911 2911 2124 2980 πτωχό-

528 3015 666 3072 τερα
695 2999 763 3049 τά
792 2999 1037 3067 ἡμέτερα
1077 2997 1208 3065 ὑμῖν
1235 2995 1487 3063 φαίνεται
1516 2996 1777 3064 σήμερον.
1804 2994 1861 3046 Ὀ
1884 2994 1992 3064 γάρ
2024 3010 2124 3045 πε-

526 3082 720 3151 νιχρᾶς
735 3078 1026 3133 ἀπολαύων
1045 3077 1327 3148 τραπέζης
1345 3076 1632 3146 διηνεκῶς,
1652 3077 1716 3129 ἂν
1738 3076 2123 3146 εὐπορωτέρας

531 3163 735 3233 μεταξύ
762 3179 863 3215 που
883 3162 1027 3224 τινὸς
1044 3160 1299 3230 ἐπιτύχῃ,
1317 3156 1437 3213 εἶτα
1464 3160 1599 3231 πρὸς
1624 3161 1723 3230 τὴν
1743 3158 1939 3211 ἑαυτοῦ
1964 3159 2124 3211 πάλιν

528 3245 837 3317 ἐπανέλθῃ,
890 3244 1095 3315 μᾶλλον
1127 3244 1299 3313 αὐτῆς
1346 3242 1639 3311 κατόψεται
1670 3241 1769 3311 τὴν
1800 3243 2009 3295 πενίαν.
2049 3242 2123 3294 Οὐ

534 3331 640 3401 μὴν
685 3330 770 3382 διά
801 3327 961 3381 τοῦτο
988 3327 1350 3398 ὀκνηρότερον
1382 3321 1747 3396 ἀποδύσομαι.
1807 3327 1953 3377 Ἰστε
1992 3324 2123 3396 γάρ,

531 3413 731 3482 Παύλῳ
762 3409 1225 3483 μαθητευθέντες,
1255 3409 1346 3461 καὶ
1385 3408 1744 3480 χορτάζεσθαι
1774 3408 1868 3461 καὶ
1910 3408 2122 3478 πεινᾷν,

532 3499 625 3549 καὶ
658 3493 1007 3566 περισσεύειν
1035 3490 1128 3545 καὶ
1158 3492 1527 3563 ὑστερεῖσθαι,
1560 3490 1805 3552 καὶτοὺς
1835 3490 2124 3553 πλουσίους

531 3578 965 3647 οαυμάξειν,κα“ι
985 3578 1111 3637 τοὺς
1133 3574 1377 3645 πένητας
1397 3572 1473 3644 μὴ
1495 3572 1800 3627 διαπτύειν.
1832 3575 1941 3625 Καὶ
1958 3574 2127 3627 καθά-

532 3680 640 3733 περ
669 3663 718 3713 οί
751 3661 977 3730 φίλοινοι
1016 3658 1111 3710 καὶ
1136 3659 1185 3709 οἱ
1214 3657 1502 3725 φιλοπόται
1528 3656 1869 3720 ἀσπάζονται
1903 3656 2004 3726 μὲν
2033 3658 2127 3710 τὸν

533 3744 743 3814 ἀμείνω
774 3738 950 3804 οἶνον,
1008 3740 1068 3793 οὐ
1112 3740 1218 3809 μὴν
1248 3740 1305 3792 δὲ
1350 3739 1445 3791 τοῦ
1494 3738 1918 3810 καταδεεστέρου
1959 3757 2127 3792 κατα-

534 3825 825 3896 φρονοῦσιν
844 3841 857 3854 ·
886 3823 1029 3877 οῦτω
1053 3821 1232 3891 δήκαὶ
1253 3822 1414 3891 ὐμεῖς
1446 3822 1572 3891 περὶ
1603 3821 1832 3896 τὴν-τῶν
1851 3821 2011 3874 θείων
2035 3821 2124 3873 λο-

534 3890 670 3979 γίων
692 3910 958 3981 ἀκρόασιν
978 3890 1303 3976 μεμηνότες,
1324 3890 1667 3974 ἀποδέχεσθε
1681 3890 1778 3973 μ’ἐν
1800 3905 1925 3968 τοὺς
1951 3920 2130 3971 σοφω-

532 3994 727 4065 τέρους
756 3992 865 4044 τῶν
902 3987 1261 4051 διδασκάλων,
1292 3988 1387 4040 καὶ
1420 3990 1533 4049 τοῖς
1554 3985 1960 4055 εὐτελεστέροις
1989 3986 2045 4039 δὲ
2066 3986 2128 4039 οὐ

534 4077 636 4145 τὴν
666 4075 934 4144 τυχοῦσαν
978 4072 1249 4142 παρέχετε
1290 4069 1528 4139 σπουδὴν
1559 4070 1651 4121 καὶ
1684 4068 2017 4139 προθυμίαν.
2069 4070 2130 4123 OE

541 4160 639 4227 μὲν
668 4158 776 4227 γάρ
797 4155 986 4226 χαῦνοι
1010 4155 1106 4207 καὶ
1132 4150 1645 4221 διαλελυμένοι,καὶ
1673 4152 1811 4223 πρὸς
1840 4151 1937 4222 τὴν
1966 4153 2131 4204 πολυ-

536 4242 863 4311 τελεστέραν
888 4237 1149 4293 ναυτιῶσι
1184 4234 1493 4306 τράπεζαν·
1548 4234 1597 4285 οί
1625 4234 1682 4287 δέ
1716 4234 2134 4307 διεγηγερμένοι

541 4324 635 4378 καὶ
663 4327 947 4394 νήφοντες,
968 4321 1062 4375 καὶ
1088 4318 1381 4381 πεινῶντες
1404 4317 1500 4369 καὶ
1528 4316 1793 4385 διψῶντες
1821 4318 1919 4389 τὴν
1937 4320 2135 4374 δικαιο-

544 4408 735 4478 σύνην,
770 4406 867 4459 καὶ
916 4404 1053 4475 πρὸς
1084 4404 1182 4474 τὴν
1220 4400 1550 4470 πενεστέραν
1584 4400 1725 4471 μετά
1762 4401 1964 4472 πολλῆς
2012 4403 2134 4473 τρέ.

543 4508 699 4563 χουσι
722 4489 1052 4560 προθυμίας.
1080 4486 1191 4541 Καὶ
1214 4486 1294 4539 δτι
1315 4485 1377 4538 οὐ
1402 4482 1659 4537 κολακεία
1684 4483 1753 4537 τά
1782 4487 2135 4555 ῥήματα,ἀπδ

543 4577 641 4647 τῆς
671 4573 865 4645 πρώην
896 4574 1029 4644 ὑμῖν
1059 4570 1351 4636 διαλέξεως
1382 4566 1683 4638 γενομένης
1708 4567 1868 4620 τοῦτο
1898 4569 2134 4634 ἐδείξατε

545 4659 803 4731 μάλιστα,
848 4655 1065 4726 Ἐπειδὴ
1101 4654 1213 4723 γάρ
1258 4649 1490 4713 πολλοὺς
1520 4651 1665 4721 περὶ,
1698 4649 1895 4719 γάμων
1942 4651 2136 4719 λόγους

544 4740 879 4812 ἐποιούμεθα
926 4738 1061 4809 πρδς
1104 4737 1280 4806 ὑμᾶς,
1317 4732 1629 4795 δεικνύντες
1667 4731 1749 4785 δτι
1800 4735 2015 4802 μοιχεία
2052 4753 2137 4799 τις
2178 4784 2181 4785 ν

545 4822 937 4896 ἀπηρτισμένη
969 4821 1032 4873 τὸ
1080 4818 1363 4873 ἐκϐάλλειν
1397 4819 1666 4885 γυναῖκας
1687 4855 1702 4880 ,
1736 4815 1771 4886 ἢ
1800 4816 2139 4890 ἐκϐεϐλημέ-

544 4927 643 4972 νας
668 4907 988 4978 λαμϐάνειν,
1003 4902 1221 4969 ζώντων
1246 4901 1325 4953 ἔτι
1350 4900 1457 4952 τῶν
1476 4899 1759 4971 προτέρων
1782 4900 2012 4970 ἀνδρῶν,
2047 4904 2140 4955 καὶ

546 4992 639 5045 τὸν
670 4991 765 5045 τοῦ
796 4987 1033 5059 Χριστοῦ
1063 4987 1228 5055 νόμον
1264 4982 1733 5052 ἀναγινώσκοντες
1765 4984 1857 5037 τὸν
1888 4984 2137 5051 λέγοντα,

546 5076 629 5127 ὅτι
683 5074 747 5127 '0
774 5069 1243 5137 ἀπολελυμένην
1285 5067 1563 5136 γαμήσας
1590 5065 1907 5135 μοιχᾶται,
1958 5068 2056 5119 καί
2108 5072 2142 5121 ό

550 5158 838 5215 ἀπολύων
902 5152 1156 5223 γυναῖκα
1184 5192 1199 5215 ,
1251 5150 1545 5217 παρεκτὸς
1594 5150 1781 5218 λόγου
1829 5152 2135 5217 πορνείας,

553 5237 715 5294 ποιεῖ
734 5236 931 5302 αὐτὴν
951 5234 1345 5309 μοιχευθῆναι
1366 5270 1380 5295 ,
1432 5231 1661 5295 πολλοὺς
1697 5227 1833 5284 εἶδον
1864 5234 2012 5287 κάτω
2041 5233 2138 5285 κύ-

556 5339 809 5385 πτοντας,
834 5320 893 5377 τὸ
922 5320 1211 5390 πρόςωπον
1238 5316 1562 5381 τύπτοντας,
1582 5317 1675 5367 καὶ
1704 5314 1822 5367 οὐδὲ
1848 5318 2137 5371 ἀνανεῦσαι

554 5404 889 5475 δυναμένους
916 5420 930 5434 ⁶
983 5404 1104 5459 τότε
1131 5403 1195 5470 δὴ
1235 5403 1328 5454 καὶ
1355 5402 1434 5465 είς
1456 5400 1547 5453 τὸν
1580 5398 1809 5473 οὐρανὸν
1834 5400 2141 5469 ἀναϐλέψας

557 5487 741 5544 εἵπονο
788 5485 1085 5556 Εὐλογητὸς
1116 5490 1143 5540 ό
1172 5484 1301 5548 Θεὸς
1322 5529 1333 5549 ,
1378 5487 1458 5538 ὅτι
1493 5485 1592 5537 οὐκ
1638 5486 1718 5545 εὶς
1750 5484 1949 5554 νεκρὰς
1979 5486 2145 5547 ἀκοὰς

558 5572 896 5644 ἐνηχοῦμεν,
946 5570 1061 5621 ἀλλ’
1123 5570 1552 5639 ἐπιλαμϐάνεται
1600 5569 1695 5637 τῆς
1751 5568 1987 5629 διανοίας
2040 5570 2145 5620 τετυ)

564 5656 874 5709 ἀκουόντων
911 5655 975 5707 τὰ
1006 5653 1155 5726 [212]
1190 5656 1447 5725 λεγόμενα
1492 5654 1627 5723 μετὰ
1658 5653 1857 5722 πολλῆς
1885 5654 1981 5723 τῆς
2018 5670 2141 5721 πμ-

2230 2260 2402 2321 astat.
2428 2261 2553 2313 Εἴτε
2587 2261 2696 2329 γαρ
2720 2260 2861 2329 ὑπὲρ
2884 2258 2993 2313 τῶν
3021 2259 3261 2321 οἰκείων,
3286 2258 3396 2310 εἴτε
3422 2257 3566 2326 ὑπὲρ
3596 2257 3705 2309 τῶν
3734 2257 3837 2310 ἀλ-

2228 2342 2457 2411 λοτρίων
2479 2342 2603 2394 τότε
2651 2341 3071 2412 ἁμαρτημάτων
3100 2340 3403 2410 ἡλγήσατε,
3439 2339 3651 2410 μυρίων
3675 2339 3834 2408 εῐητε

2228 2425 2465 2477 ἐπαίνων
2503 2423 2665 2488 ἄξιοι.
2707 2423 2836 2476 Ὅτε
2873 2423 2986 2493 γάρ
3020 2423 3161 2492 ὑπὲρ
3193 2422 3301 2475 τῶν
3335 2420 3636 2493 ἀλλοτρίων
3666 2420 3839 2489 ἀλγή-

2230 2524 2312 2559 σει
2341 2523 2444 2569 τις,
2481 2505 2811 2559 ἀποστολικά
2840 2506 3223 2559 ἀποδείκνυται
3257 2504 3567 2574 σπλάγχνα,
3603 2504 3698 2556 καὶ
3735 2502 3835 2555 τὸν

2235 2590 2389 2657 ἅγιον
2436 2591 2641 2641 ἐκεῖνον
2684 2590 2928 2658 μιμεῖται
2977 2588 3069 2640 τὸν
3120 2587 3351 2655 λέγοντα
3379 2604 3393 2617 ·
3441 2588 3536 2652 Τίς
3563 2586 3834 2649 ἀσθενεῖ,

2234 2673 2330 2725 καί
2366 2674 2480 2725 οὐκ
2509 2670 2778 2735 ἀσθενῶ;
2799 2672 2892 2735 τίς
2922 2669 3403 2733 σκανδαλίζεται,
3446 2670 3545 2722 καί
3574 2672 3686 2723 οὐκ
3713 2668 3837 2737 ἐγὼ

2233 2754 2533 2822 πυροῦμαι
2561 2769 2578 2815 ;
2621 2754 2749 2805 Ὅτε
2775 2752 2831 2804 δὲ
2872 2752 3012 2822 ὑπὲρ
3038 2751 3144 2803 τῶν
3168 2752 3385 2805 οἰκείων
3422 2751 3616 2821 δηχθῇ,
3644 2753 3744 2821 τήν
3769 2768 3835 2803 τε

2232 2838 2324 2890 ἐπὶ
2360 2838 2473 2899 τοῖς
2503 2836 2603 2905 ήδη
2632 2834 2947 2903 τολμηθεῖσι
2972 2834 3191 2887 κόλασιν
3220 2834 3435 2894 ἔσϐεσε.
3469 2835 3564 2888 καὶ
3596 2834 3732 2904 πρὸς
3760 2834 3835 2886 τά

2237 2918 2499 2988 μέλλοντα
2532 2916 2722 2969 ἑαυτὸν
2753 2915 3161 2986 ἀσφαλέστερον
3182 2916 3270 2969 διὰ
3296 2916 3395 2986 τῆς
3421 2916 3597 2986 λύπης
3624 2914 3835 2984 ταύτης

2232 3003 2479 3071 ἐποίησε.
2521 3000 2622 3053 Διά
2650 3000 2825 3052 ταῦτα
2852 2998 3010 3066 κάγὼ
3044 2998 3353 3063 κύπτοντας
3389 2998 3551 3069 ὁρῶν,
3582 2999 3676 3051 καὶ
3703 3015 3835 3050 στε-

2232 3084 2510 3149 νάζοντας,
2560 3083 2655 3135 καὶ
2694 3081 2754 3133 τὸ
2784 3081 3076 3150 πρόσωπον
3112 3080 3434 3145 τύπτοντας,
3487 3082 3704 3149 ἔχαιρον
3736 3079 3837 3133 τὸν

2233 3169 2340 3222 ἀπὸ
2359 3170 2457 3239 τῆς
2486 3166 2664 3236 λύπης
2688 3164 2893 3235 ταύτης
2924 3163 3120 3217 ἐννοῶν
3155 3165 3386 3233 καρπόν.
3416 3162 3519 3215 Διά
3546 3162 3706 3216 τοῦτο
3734 3162 3836 3214 καὶ

2236 3254 2477 3322 σήμερον
2510 3251 2638 3321 περὶ
2668 3249 2765 3317 τῆς
2800 3246 2970 3317 αὐτῆς
3000 3248 3126 3316 ὑμῖν
3153 3246 3462 3308 ὑποθέσεως
3488 3244 3832 3313 διαλέξομαι’

2234 3333 2376 3387 ὥστε
2430 3334 2557 3394 τοὺς
2596 3330 2954 3401 βουλομένους
3001 3331 3081 3392 εἰς
3136 3328 3316 3398 γάμον
3352 3326 3578 3389 ἐλθεῖν,
3626 3325 3836 3393 πολλὴν

2236 3419 2375 3489 ὑπὲρ
2409 3414 2505 3469 τοῦ
2540 3418 2865 3485 πράγματος
2894 3412 3087 3465 τούτου
3120 3410 3393 3465 ποιεῖσθαι
3430 3410 3709 3481 πρόνοιαν.
3763 3409 3837 3463 ΕΞ.

2233 3501 2342 3571 γάρ
2386 3499 2566 3560 οίκίας
2608 3496 2865 3550 ὠνεῖσθαι
2902 3496 3187 3564 μέλλοντες
3218 3495 3309 3547 καὶ
3353 3494 3568 3555 οἰκέτας
3594 3533 3608 3554 ,
3675 3509 3839 3561 περι-

2234 3580 2581 3651 εργαζόμεθα
2613 3580 2707 3631 καὶ⁵
2740 3577 3306 3648 πολυπραγμονοῦμεν
3344 3576 3469 3638 τούς
3498 3590 3559 3625 τε
3584 3572 3837 3627 πωλοῦν-

2232 3682 2353 3730 τας,
2388 3662 2513 3725 τούς
2545 3679 2604 3714 τε
2626 3661 2935 3732 ἔμπροσθεν
2962 3658 3361 3731 κτησαμένους,
3392 3657 3571 3710 αὐτῶν
3595 3656 3702 3708 τῶν
3723 3672 3841 3706 πω-

2234 3748 2517 3816 λουμένων
2540 3744 2649 3797 τῶν
2694 3744 2792 3813 μὲν
2822 3743 2923 3812 τὴν
2956 3742 3323 3809 κατασκευὴν,
3370 3740 3480 3791 τῶν
3510 3739 3568 3790 δὲ
3605 3738 3700 3790 καὶ
3731 3737 3840 3808 τήν

2232 3828 2329 3882 τοῦ
2361 3827 2613 3898 σώματος
2658 3826 2793 3891 ἐξιν,
2843 3826 2937 3877 καὶ
2963 3826 3065 3895 τὴν
3108 3823 3209 3894 τῆς
3255 3822 3435 3893 ψυχῆς
3476 3822 3835 3891 προαίρεσιν

2232 3909 2413 3978 πολλῷ
2443 3908 2641 3979 μᾶλλον
2670 3909 2931 3975 γυναῖκας
2963 3906 3261 3977 μέλλοντας
3293 3904 3547 3973 ἄγεσθαι,
3571 3905 3841 3973 πρόνοιαν

2231 3991 2502 4062 τοσαύτην
2554 3991 2647 4044 καὶ
2680 3990 2862 4060 πολλῷ
2894 3990 3119 4044 πλείονα
3149 3987 3559 4042 ἐπιδείκνυσθαι
3589 3987 3715 4056 χρή.
3746 3988 3840 4039 OL-

2235 4076 2361 4127 κίαν
2403 4075 2503 4144 μὲν
2537 4074 2647 4143 γὰρ
2692 4072 2902 4142 φαύλην
2928 4069 3097 4126 οὖσαν
3128 4070 3423 4126 ἀποδόσθαι
3448 4069 3610 4121 πάλιν
3632 4067 3841 4133 ἔξεστι,

2235 4158 2330 4209 καὶ
2356 4159 2575 4225 οίκέτην
2604 4156 2792 4209 σκαιὸν
2826 4156 3064 4223 φανέντα
3093 4153 3389 4208 ἀποδοῦναι
3415 4152 3493 4223 τῷ
3525 4169 3589 4204 πε
3602 4152 3841 4220 πρακότι

2236 4240 2397 4294 πάλιν
2421 4239 2643 4309 ἀφίεται
2661 4257 2673 4268 η
2705 4242 2941 4307 γυναῖκα
2963 4239 3019 4291 δὲ
3042 4237 3390 4309 λαμϐάνοντα
3413 4234 3706 4288 ἀποδοῦναι
3730 4236 3843 4286 πά-

2196 4338 2199 4341 λ
2234 4321 2317 4373 λιν
2342 4325 2454 4386 τοῖς
2483 4321 2838 4376 ὲκδεδωκόσιν
2862 4322 2963 4374 οὐκ
2996 4319 3095 4384 ἔνι,
3137 4319 3273 4373 ἀλλά
3315 4319 3531 4387 ἀνάγκη
3566 4319 3714 4369 πᾶσα
3747 4317 3841 4370 διὰ

2235 4403 2423 4466 τέλους
2451 4403 2597 4456 ἔνδον
2638 4404 2814 4474 ἔχειν,
2877 4404 2911 4475 ἢ
2967 4403 3211 4475 πονηρὰν
3262 4397 3427 4455 οὖσαν
3479 4400 3836 4462 ἐκϐάλλοντα,

2240 4487 2457 4555 μοιχεία
2487 4485 2806 4539 ἁλίσκεσθαι
2831 4486 2971 4539 κατά
2989 4487 3114 4549 τοὺς
3143 4485 3236 4538 τοῦ
3258 4484 3394 4538 Θεοῦ
3425 4483 3644 4552 νόμους.
3666 4483 3841 4535 Ὅταν

2236 4564 2329 4620 οὖν
2365 4568 2565 4641 μέλλῃς
2595 4566 2893 4639 λαμϐάνειν
2923 4572 3177 4637 γυναῖκα,
3211 4570 3286 4638 μὴ
3317 4568 3443 4629 τούς
3474 4566 3675 4628 ἔξωθεν
3706 4568 3841 4619 ἀνα-

2238 4652 2476 4718 γίνωσκε
2507 4652 2706 4722 νόμους
2738 4651 2928 4721 μόνον,
2974 4650 3111 4704 ἀλλά
3144 4651 3240 4703 καὶ
3274 4650 3380 4721 πρὸ
3410 4649 3636 4701 ἐκείνων
3661 4687 3677 4708 ,
3709 4650 3841 4711 τοὺς

2240 4736 2373 4807 παρ’
2420 4736 2555 4806 ἡμῖν
2596 4733 2921 4803 κειμένους*
2969 4732 3113 4785 κατά
3154 4733 3264 4802 γὰρ
3302 4730 3559 4795 τούτους,
3604 4731 3665 4782 οὐ
3714 4729 3838 4783 κατ’

2242 4819 2484 4879 ἐκείνους
2512 4834 2596 4868 σοι
2628 4815 2811 4886 μέλλει
2844 4815 3051 4887 κρίνειν
3082 4815 3225 4867 κατά
3252 4814 3348 4883 τὴν
3380 4814 3593 4883 ἡμέραν
3622 4812 3843 4881 ἐκείνην

2241 4907 2269 4956 ό
2292 4902 2455 4964 Θεός’
2487 4902 2727 4953 κάκεῖνοι
2762 4899 2857 4967 μὲν
2890 4898 3284 4967 παροφθέντες,
3344 4899 3422 4959 εἰς
3454 4897 3713 4966 χρήματα
3738 4895 3842 4966 τὴν

2244 4986 2449 5057 ζημίαν
2479 4982 2739 5043 πολλάκις
2771 4982 3011 5052 ήνεγκαν
3040 5020 3054 5041 .
3109 4977 3253 5033 οὗτοι
3282 4980 3338 5031 δὲ
3384 4979 3543 5037 τοῦτο
3574 4978 3842 5041 παθόντες

2245 5074 2308 5139 τῇ
2330 5070 2472 5140 ψυχῇ
2505 5068 2605 5129 τὰς
2634 5067 3040 5136 ἀπαραιτήτους
3062 5064 3329 5132 ἐπάγουσι
3358 5061 3626 5133 τιμωρίας
3662 5063 3755 5115 καὶ
3778 5062 3831 5114 τί

2246 5152 2356 5222 πῦρ
2392 5154 2567 5205 ἐκεῖνο
2595 5152 2656 5203 τδ
2680 5149 2973 5221 ἄσϐεστον.-

2317 5236 2381 5305 β’.
2396 5236 2469 5289 Σὺ
2488 5236 2545 5288 δέ
2563 5236 2688 5287 ὅταν
2711 5232 2907 5302 μέλλῃς
2925 5231 3019 5297 άγε
3030 5230 3151 5283 σθαι
3168 5232 3423 5299 γυναῖκα,
3438 5228 3573 5298 πρὸς
3596 5226 3695 5297 μὲν
3714 5229 3845 5290 τοὺς

2249 5314 2353 5381 ἔξω
2374 5314 2633 5385 νομικοὺς
2669 5312 2808 5382 μετά
2842 5310 3040 5379 πολλῆς
3071 5310 3287 5381 τρέχεις
3323 5309 3423 5378 τῆς
3456 5306 3713 5374 σπουδῆς,
3751 5307 3848 5360 καὶ

2253 5397 2718 5469 παρακαθήμενος
2748 5395 2949 5459 αὐτοῖς,
2971 5393 3110 5464 μετά
3136 5394 3317 5461 πάσης
3343 5390 3628 5459 ἀκριϐείας
3652 5388 3843 5453 ἐξετάσ-

2255 5483 2386 5545 ζεις,
2421 5482 2469 5533 τί
2519 5481 2617 5549 μὲν
2647 5480 2818 5539 ἔσται,
2872 5478 2966 5529 ἐὰν
2999 5477 3165 5541 ἄπαις
3192 5476 3497 5543 τελευτήσῃ
3532 5475 3564 5539 ἡ
3597 5473 3757 5540 γυνὴ.
3788 5473 3843 5525 τί

2254 5568 2308 5618 δὲ
2339 5566 2433 5617 ἐὰν
2468 5566 2667 5632 ἔχουσα
2707 5562 2892 5626 παῖδα,
2932 5562 2983 5613 τί
3043 5562 3100 5613 δὲ
3126 5562 3220 5613 ὲάν
3252 5559 3345 5613 δύο
3394 5560 3484 5615 καὶ
3514 5558 3690 5626 τρεῖς,
3748 5557 3840 5609 καὶ

2259 5653 2370 5714 πῶς
2404 5652 2500 5721 μὲν
2531 5647 2728 5717 ἔχοντα
2764 5646 2991 5717 πατέρα,
3028 5646 3140 5710 πῶς
3161 5644 3215 5698 δὲ
3235 5646 3330 5698 οὐκ
3356 5644 3547 5713 ἔχοντα
3584 5644 3691 5707 τοῖς
3717 5646 3843 5698 ἐαυ-
