  <div class='ocr_page' id='page_1' title='image "/cluster/home/n/w/nwhite01/storage/ocr_20150623/51/ien.35556001660786/230.png"; bbox 0 0 4088 6410; ppageno 0'>
   <div class='ocr_carea' id='block_1_1' title="bbox 279 304 385 367">
    <p class='ocr_par' dir='ltr' id='par_1_1' title="bbox 279 304 385 367">
     <span class='ocr_line' id='line_1_1' title="bbox 279 304 385 367; baseline -0.057 1"><span class='ocrx_word' id='word_1_1' title='bbox 279 304 385 367; x_wconf 68' lang='grc' dir='ltr'><strong>2ὶὸ</strong></span> 
     </span>
    </p>
   </div>
   <div class='ocr_carea' id='block_1_2' title="bbox 297 694 3520 725">
    <p class='ocr_par' dir='ltr' id='par_1_2' title="bbox 297 694 3520 725">
     <span class='ocr_line' id='line_1_2' title="bbox 297 694 3520 725; baseline 0.002 -19"><span class='ocrx_word' id='word_1_2' title='bbox 297 694 3520 725; x_wconf 63' lang='lat' dir='ltr'><em>W</em></span> 
     </span>
    </p>
   </div>
   <div class='ocr_carea' id='block_1_3' title="bbox 1266 304 2592 377">
    <p class='ocr_par' dir='ltr' id='par_1_3' title="bbox 1266 304 2592 377">
     <span class='ocr_line' id='line_1_3' title="bbox 1266 304 2592 377; baseline 0.007 -12"><span class='ocrx_word' id='word_1_3' title='bbox 1266 304 1543 376; x_wconf 78' lang='lat' dir='ltr'><strong>QUALES</strong></span> <span class='ocrx_word' id='word_1_4' title='bbox 1580 305 1933 367; x_wconf 63' lang='lat' dir='ltr'><strong>DUCENDE</strong></span> <span class='ocrx_word' id='word_1_5' title='bbox 1970 310 2124 369; x_wconf 82' lang='lat' dir='ltr'><strong>SINT</strong></span> <span class='ocrx_word' id='word_1_6' title='bbox 2163 312 2463 377; x_wconf 72' lang='lat' dir='ltr'><strong>UXORES.</strong></span> <span class='ocrx_word' id='word_1_7' title='bbox 2505 316 2592 376; x_wconf 79' lang='grc' dir='ltr'><strong>ΙΙΙ.</strong></span> 
     </span>
    </p>
   </div>
   <div class='ocr_carea' id='block_1_4' title="bbox 284 416 1890 489">
    <p class='ocr_par' dir='ltr' id='par_1_4' title="bbox 284 416 1890 489">
     <span class='ocr_line' id='line_1_4' title="bbox 284 416 1890 489; baseline -0.002 -14"><span class='ocrx_word' id='word_1_8' title='bbox 284 432 340 475; x_wconf 76' lang='lat' dir='ltr'><strong>et</strong></span> <span class='ocrx_word' id='word_1_9' title='bbox 383 420 666 473; x_wconf 71' lang='lat' dir='ltr'><strong>honestate</strong></span> <span class='ocrx_word' id='word_1_10' title='bbox 718 418 1040 489; x_wconf 71' lang='lat' dir='ltr'><strong>ezeterisque</strong></span> <span class='ocrx_word' id='word_1_11' title='bbox 1087 416 1378 473; x_wconf 70' lang='lat' dir='ltr'><strong>virtutibus</strong></span> <span class='ocrx_word' id='word_1_12' title='bbox 1422 432 1667 489; x_wconf 88' lang='lat' dir='ltr'><strong>agamus,</strong></span> <span class='ocrx_word' id='word_1_13' title='bbox 1721 425 1777 473; x_wconf 91' lang='lat' dir='ltr'><strong>ut</strong></span> <span class='ocrx_word' id='word_1_14' title='bbox 1833 425 1890 472; x_wconf 92' lang='lat' dir='ltr'><strong>et</strong></span> 
     </span>
    </p>
   </div>
   <div class='ocr_carea' id='block_1_5' title="bbox 284 510 1891 582">
    <p class='ocr_par' dir='ltr' id='par_1_5' title="bbox 284 510 1891 582">
     <span class='ocr_line' id='line_1_5' title="bbox 284 510 1891 582; baseline 0.001 -17"><span class='ocrx_word' id='word_1_15' title='bbox 284 519 449 573; x_wconf 85' lang='lat' dir='ltr'><strong>Deum</strong></span> <span class='ocrx_word' id='word_1_16' title='bbox 479 510 887 566; x_wconf 77' lang='lat' dir='ltr'><strong>misericordem</strong></span> <span class='ocrx_word' id='word_1_17' title='bbox 920 510 1181 567; x_wconf 86' lang='lat' dir='ltr'><strong>habentes</strong></span> <span class='ocrx_word' id='word_1_18' title='bbox 1208 525 1433 582; x_wconf 90' lang='lat' dir='ltr'><strong>regnum</strong></span> <span class='ocrx_word' id='word_1_19' title='bbox 1455 511 1711 567; x_wconf 68' lang='lat' dir='ltr'><strong>caelorum</strong></span> <span class='ocrx_word' id='word_1_20' title='bbox 1740 522 1891 566; x_wconf 85' lang='lat' dir='ltr'><strong>asse-</strong></span> 
     </span>
    </p>
   </div>
   <div class='ocr_carea' id='block_1_6' title="bbox 3500 329 3608 390">
    <p class='ocr_par' dir='ltr' id='par_1_6' title="bbox 3500 329 3608 390">
     <span class='ocr_line' id='line_1_6' title="bbox 3500 329 3608 390; baseline 0.074 -7"><span class='ocrx_word' id='word_1_21' title='bbox 3500 329 3608 390; x_wconf 72' lang='lat'><strong>226</strong></span> 
     </span>
    </p>
   </div>
   <div class='ocr_carea' id='block_1_7' title="bbox 1994 428 3612 508">
    <p class='ocr_par' dir='ltr' id='par_1_7' title="bbox 1994 428 3612 508">
     <span class='ocr_line' id='line_1_7' title="bbox 1994 428 3612 508; baseline 0.019 -30"><span class='ocrx_word' id='word_1_22' title='bbox 1994 438 2244 493; x_wconf 88' lang='lat' dir='ltr'><strong>quamur,</strong></span> <span class='ocrx_word' id='word_1_23' title='bbox 2296 428 2468 499; x_wconf 89' lang='lat' dir='ltr'><strong>gratia</strong></span> <span class='ocrx_word' id='word_1_24' title='bbox 2516 439 2571 487; x_wconf 93' lang='lat' dir='ltr'><strong>et</strong></span> <span class='ocrx_word' id='word_1_25' title='bbox 2614 430 2944 505; x_wconf 81' lang='lat' dir='ltr'><strong>benignitate</strong></span> <span class='ocrx_word' id='word_1_26' title='bbox 2992 438 3203 497; x_wconf 84' lang='lat' dir='ltr'><strong>Domini</strong></span> <span class='ocrx_word' id='word_1_27' title='bbox 3256 448 3427 502; x_wconf 85' lang='lat' dir='ltr'><strong>nostri</strong></span> <span class='ocrx_word' id='word_1_28' title='bbox 3484 450 3612 508; x_wconf 76' lang='lat' dir='ltr'><strong>Jesu</strong></span> 
     </span>
    </p>
   </div>
   <div class='ocr_carea' id='block_1_8' title="bbox 1995 515 3533 595">
    <p class='ocr_par' dir='ltr' id='par_1_8' title="bbox 1995 515 3533 595">
     <span class='ocr_line' id='line_1_8' title="bbox 1995 515 3533 595; baseline 0.014 -24"><span class='ocrx_word' id='word_1_29' title='bbox 1995 515 2215 584; x_wconf 86' lang='lat' dir='ltr'><strong>Christi,</strong></span> <span class='ocrx_word' id='word_1_30' title='bbox 2235 521 2321 575; x_wconf 88' lang='lat' dir='ltr'><strong>cui</strong></span> <span class='ocrx_word' id='word_1_31' title='bbox 2357 522 2429 577; x_wconf 91' lang='lat' dir='ltr'><strong>sit</strong></span> <span class='ocrx_word' id='word_1_32' title='bbox 2453 522 2622 593; x_wconf 92' lang='lat' dir='ltr'><strong>gloria</strong></span> <span class='ocrx_word' id='word_1_33' title='bbox 2649 523 2702 580; x_wconf 91' lang='lat' dir='ltr'><strong>in</strong></span> <span class='ocrx_word' id='word_1_34' title='bbox 2740 528 2939 582; x_wconf 68' lang='lat' dir='ltr'><strong>saecula</strong></span> <span class='ocrx_word' id='word_1_35' title='bbox 2963 531 3310 590; x_wconf 67' lang='lat' dir='ltr'><strong>saeculorum.</strong></span> <span class='ocrx_word' id='word_1_36' title='bbox 3338 539 3533 595; x_wconf 79' lang='lat' dir='ltr'><strong>Amen.</strong></span> 
     </span>
    </p>
   </div>
   <div class='ocr_carea' id='block_1_9' title="bbox 1528 806 2285 896">
    <p class='ocr_par' dir='ltr' id='par_1_9' title="bbox 1528 806 2285 896">
     <span class='ocr_line' id='line_1_9' title="bbox 1528 806 2285 896; baseline -0.001 -16"><span class='ocrx_word' id='word_1_37' title='bbox 1528 806 1796 880; x_wconf 81' lang='lat' dir='ltr'><strong>LAUS</strong></span> <span class='ocrx_word' id='word_1_38' title='bbox 1838 806 2285 896; x_wconf 80' lang='lat' dir='ltr'><strong>MAXIM],</strong></span> 
     </span>
    </p>
   </div>
   <div class='ocr_carea' id='block_1_10' title="bbox 1272 967 2633 1048">
    <p class='ocr_par' dir='ltr' id='par_1_10' title="bbox 1272 967 2633 1048">
     <span class='ocr_line' id='line_1_10' title="bbox 1272 967 2633 1048; baseline 0.002 -23"><span class='ocrx_word' id='word_1_39' title='bbox 1272 982 1353 1025; x_wconf 74' lang='grc' dir='ltr'><strong>ετ</strong></span> <span class='ocrx_word' id='word_1_40' title='bbox 1396 979 1641 1034; x_wconf 67' lang='lat' dir='ltr'><strong>QUALIS</strong></span> <span class='ocrx_word' id='word_1_41' title='bbox 1685 978 2005 1022; x_wconf 63' lang='lat' dir='ltr'><strong>necnon</strong></span> <span class='ocrx_word' id='word_1_42' title='bbox 2047 978 2191 1023; x_wconf 80' lang='lat' dir='ltr'><strong>sm</strong></span> <span class='ocrx_word' id='word_1_43' title='bbox 2235 981 2485 1027; x_wconf 74' lang='lat' dir='ltr'><strong>UXORES</strong></span> <span class='ocrx_word' id='word_1_44' title='bbox 2517 967 2633 1048; x_wconf 85' lang='grc' dir='ltr'><strong>(α),</strong></span> 
     </span>
    </p>
   </div>
   <div class='ocr_carea' id='block_1_11' title="bbox 346 1213 1878 1290">
    <p class='ocr_par' dir='ltr' id='par_1_11' title="bbox 346 1213 1878 1290">
     <span class='ocr_line' id='line_1_11' title="bbox 346 1213 1878 1290; baseline -0.004 -16"><span class='ocrx_word' id='word_1_45' title='bbox 346 1220 399 1274; x_wconf 82' lang='grc' dir='ltr'><strong>Ι.</strong></span> <span class='ocrx_word' id='word_1_46' title='bbox 446 1217 710 1273; x_wconf 66' lang='lat' dir='ltr'><strong>Maximus</strong></span> <span class='ocrx_word' id='word_1_47' title='bbox 737 1218 1085 1290; x_wconf 76' lang='lat' dir='ltr'><strong>Cltrymtomi</strong></span> <span class='ocrx_word' id='word_1_48' title='bbox 1124 1218 1319 1290; x_wconf 73' lang='lat' dir='ltr'><strong>collega</strong></span> <span class='ocrx_word' id='word_1_49' title='bbox 1347 1218 1611 1273; x_wconf 73' lang='lat' dir='ltr'><strong>laudatur.</strong></span> <span class='ocrx_word' id='word_1_50' title='bbox 1634 1244 1706 1257; x_wconf 93' lang='lat'><strong><em>——</em></strong></span> <span class='ocrx_word' id='word_1_51' title='bbox 1725 1213 1878 1283; x_wconf 85' lang='lat' dir='ltr'><strong>Quod</strong></span> 
     </span>
    </p>
   </div>
   <div class='ocr_carea' id='block_1_12' title="bbox 272 1304 1880 1382">
    <p class='ocr_par' dir='ltr' id='par_1_12' title="bbox 272 1304 1880 1382">
     <span class='ocr_line' id='line_1_12' title="bbox 272 1304 1880 1382; baseline -0.005 -16"><span class='ocrx_word' id='word_1_52' title='bbox 272 1310 492 1382; x_wconf 80' lang='lat' dir='ltr'><strong>quidem</strong></span> <span class='ocrx_word' id='word_1_53' title='bbox 516 1311 777 1381; x_wconf 71' lang='lat' dir='ltr'><strong>proximae</strong></span> <span class='ocrx_word' id='word_1_54' title='bbox 796 1310 1041 1366; x_wconf 67' lang='lat' dir='ltr'><strong>collectis</strong></span> <span class='ocrx_word' id='word_1_55' title='bbox 1097 1311 1362 1365; x_wconf 86' lang='lat' dir='ltr'><strong>interesse</strong></span> <span class='ocrx_word' id='word_1_56' title='bbox 1400 1307 1533 1363; x_wconf 88' lang='lat' dir='ltr'><strong>mihi</strong></span> <span class='ocrx_word' id='word_1_57' title='bbox 1560 1320 1667 1361; x_wconf 93' lang='lat' dir='ltr'><strong>non</strong></span> <span class='ocrx_word' id='word_1_58' title='bbox 1707 1304 1880 1360; x_wconf 87' lang='lat' dir='ltr'><strong>conti-</strong></span> 
     </span>
    </p>
   </div>
   <div class='ocr_carea' id='block_1_13' title="bbox 269 1396 1877 1473">
    <p class='ocr_par' dir='ltr' id='par_1_13' title="bbox 269 1396 1877 1473">
     <span class='ocr_line' id='line_1_13' title="bbox 269 1396 1877 1473; baseline -0.006 -14"><span class='ocrx_word' id='word_1_59' title='bbox 269 1403 448 1473; x_wconf 76' lang='lat' dir='ltr'><strong>gerit,</strong></span> <span class='ocrx_word' id='word_1_60' title='bbox 503 1403 649 1459; x_wconf 88' lang='lat' dir='ltr'><strong>dolui</strong></span> <span class='ocrx_word' id='word_1_61' title='bbox 676 1420 690 1453; x_wconf 92' lang='lat'><strong>:</strong></span> <span class='ocrx_word' id='word_1_62' title='bbox 718 1402 860 1473; x_wconf 86' lang='lat' dir='ltr'><strong>quod</strong></span> <span class='ocrx_word' id='word_1_63' title='bbox 898 1416 1029 1457; x_wconf 84' lang='lat' dir='ltr'><strong>vero</strong></span> <span class='ocrx_word' id='word_1_64' title='bbox 1077 1400 1178 1471; x_wconf 84' lang='lat' dir='ltr'><strong>ipsi</strong></span> <span class='ocrx_word' id='word_1_65' title='bbox 1230 1409 1340 1455; x_wconf 92' lang='lat' dir='ltr'><strong>tum</strong></span> <span class='ocrx_word' id='word_1_66' title='bbox 1380 1399 1553 1469; x_wconf 88' lang='lat' dir='ltr'><strong>magis</strong></span> <span class='ocrx_word' id='word_1_67' title='bbox 1599 1396 1877 1467; x_wconf 86' lang='lat' dir='ltr'><strong>opiparam</strong></span> 
     </span>
    </p>
   </div>
   <div class='ocr_carea' id='block_1_14' title="bbox 268 1488 1877 1564">
    <p class='ocr_par' dir='ltr' id='par_1_14' title="bbox 268 1488 1877 1564">
     <span class='ocr_line' id='line_1_14' title="bbox 268 1488 1877 1564; baseline -0.006 -14"><span class='ocrx_word' id='word_1_68' title='bbox 268 1509 515 1550; x_wconf 82' lang='lat' dir='ltr'><strong>mensam</strong></span> <span class='ocrx_word' id='word_1_69' title='bbox 543 1494 684 1548; x_wconf 88' lang='lat' dir='ltr'><strong>nacti</strong></span> <span class='ocrx_word' id='word_1_70' title='bbox 706 1494 843 1558; x_wconf 86' lang='lat' dir='ltr'><strong>sitis,</strong></span> <span class='ocrx_word' id='word_1_71' title='bbox 865 1494 1081 1564; x_wconf 88' lang='lat' dir='ltr'><strong>gavisus</strong></span> <span class='ocrx_word' id='word_1_72' title='bbox 1110 1506 1251 1546; x_wconf 88' lang='lat' dir='ltr'><strong>sum.</strong></span> <span class='ocrx_word' id='word_1_73' title='bbox 1288 1490 1437 1547; x_wconf 70' lang='lat' dir='ltr'><strong>Meus</strong></span> <span class='ocrx_word' id='word_1_74' title='bbox 1466 1490 1611 1546; x_wconf 90' lang='lat' dir='ltr'><strong>enim</strong></span> <span class='ocrx_word' id='word_1_75' title='bbox 1658 1488 1712 1543; x_wconf 93' lang='lat' dir='ltr'><strong>in</strong></span> <span class='ocrx_word' id='word_1_76' title='bbox 1768 1496 1877 1542; x_wconf 87' lang='lat' dir='ltr'><strong>tra-</strong></span> 
     </span>
    </p>
   </div>
   <div class='ocr_carea' id='block_1_15' title="bbox 270 1578 1875 1655">
    <p class='ocr_par' dir='ltr' id='par_1_15' title="bbox 270 1578 1875 1655">
     <span class='ocr_line' id='line_1_15' title="bbox 270 1578 1875 1655; baseline -0.004 -18"><span class='ocrx_word' id='word_1_77' title='bbox 270 1583 452 1639; x_wconf 92' lang='lat' dir='ltr'><strong>hendo</strong></span> <span class='ocrx_word' id='word_1_78' title='bbox 467 1583 597 1653; x_wconf 85' lang='lat' dir='ltr'><strong>jugo</strong></span> <span class='ocrx_word' id='word_1_79' title='bbox 616 1598 841 1655; x_wconf 84' lang='lat' dir='ltr'><strong>compar</strong></span> <span class='ocrx_word' id='word_1_80' title='bbox 862 1624 877 1649; x_wconf 92' lang='lat'><strong>,</strong></span> <span class='ocrx_word' id='word_1_81' title='bbox 902 1599 1075 1654; x_wconf 92' lang='lat' dir='ltr'><strong>nuper</strong></span> <span class='ocrx_word' id='word_1_82' title='bbox 1095 1582 1367 1655; x_wconf 85' lang='lat' dir='ltr'><strong>proscisso</strong></span> <span class='ocrx_word' id='word_1_83' title='bbox 1394 1580 1545 1635; x_wconf 89' lang='lat' dir='ltr'><strong>sulco</strong></span> <span class='ocrx_word' id='word_1_84' title='bbox 1575 1579 1739 1634; x_wconf 90' lang='lat' dir='ltr'><strong>ubere</strong></span> <span class='ocrx_word' id='word_1_85' title='bbox 1769 1578 1875 1632; x_wconf 87' lang='lat' dir='ltr'><strong>lin-</strong></span> 
     </span>
    </p>
   </div>
   <div class='ocr_carea' id='block_1_16' title="bbox 269 1672 1876 1745">
    <p class='ocr_par' dir='ltr' id='par_1_16' title="bbox 269 1672 1876 1745">
     <span class='ocr_line' id='line_1_16' title="bbox 269 1672 1876 1745; baseline -0.002 -16"><span class='ocrx_word' id='word_1_86' title='bbox 269 1690 370 1745; x_wconf 91' lang='lat' dir='ltr'><strong>gua</strong></span> <span class='ocrx_word' id='word_1_87' title='bbox 400 1675 830 1745; x_wconf 88' lang='lat' dir='ltr'><strong>inspersitetiam</strong></span> <span class='ocrx_word' id='word_1_88' title='bbox 850 1674 1080 1741; x_wconf 81' lang='lat' dir='ltr'><strong>semina,</strong></span> <span class='ocrx_word' id='word_1_89' title='bbox 1099 1673 1357 1744; x_wconf 88' lang='lat' dir='ltr'><strong>omnique</strong></span> <span class='ocrx_word' id='word_1_90' title='bbox 1381 1672 1654 1742; x_wconf 79' lang='lat' dir='ltr'><strong>diligentia</strong></span> <span class='ocrx_word' id='word_1_91' title='bbox 1669 1679 1876 1727; x_wconf 84' lang='lat' dir='ltr'><strong>vestras</strong></span> 
     </span>
    </p>
   </div>
   <div class='ocr_carea' id='block_1_17' title="bbox 269 1760 1875 1836">
    <p class='ocr_par' dir='ltr' id='par_1_17' title="bbox 269 1760 1875 1836">
     <span class='ocr_line' id='line_1_17' title="bbox 269 1760 1875 1836; baseline -0.004 -16"><span class='ocrx_word' id='word_1_92' title='bbox 269 1767 503 1821; x_wconf 75' lang='lat' dir='ltr'><strong>excoluit</strong></span> <span class='ocrx_word' id='word_1_93' title='bbox 523 1766 755 1821; x_wconf 78' lang='lat' dir='ltr'><strong>animas.</strong></span> <span class='ocrx_word' id='word_1_94' title='bbox 791 1764 1014 1820; x_wconf 81' lang='lat' dir='ltr'><strong>Vidistis</strong></span> <span class='ocrx_word' id='word_1_95' title='bbox 1043 1765 1237 1836; x_wconf 74' lang='lat' dir='ltr'><strong>littgute</strong></span> <span class='ocrx_word' id='word_1_96' title='bbox 1269 1764 1554 1833; x_wconf 88' lang='lat' dir='ltr'><strong>puritatem</strong></span> <span class='ocrx_word' id='word_1_97' title='bbox 1578 1803 1595 1827; x_wconf 93' lang='lat'><strong>,</strong></span> <span class='ocrx_word' id='word_1_98' title='bbox 1650 1760 1875 1815; x_wconf 82' lang='lat' dir='ltr'><strong>audistis</strong></span> 
     </span>
    </p>
   </div>
   <div class='ocr_carea' id='block_1_18' title="bbox 270 1851 1874 1923">
    <p class='ocr_par' dir='ltr' id='par_1_18' title="bbox 270 1851 1874 1923">
     <span class='ocr_line' id='line_1_18' title="bbox 270 1851 1874 1923; baseline -0.005 -11"><span class='ocrx_word' id='word_1_99' title='bbox 270 1858 408 1912; x_wconf 87' lang='lat' dir='ltr'><strong>bene</strong></span> <span class='ocrx_word' id='word_1_100' title='bbox 436 1866 704 1911; x_wconf 81' lang='lat' dir='ltr'><strong>tornatam</strong></span> <span class='ocrx_word' id='word_1_101' title='bbox 749 1858 1074 1921; x_wconf 89' lang='lat' dir='ltr'><strong>orationem,</strong></span> <span class='ocrx_word' id='word_1_102' title='bbox 1101 1856 1285 1910; x_wconf 91' lang='lat' dir='ltr'><strong>datum</strong></span> <span class='ocrx_word' id='word_1_103' title='bbox 1319 1863 1401 1908; x_wconf 89' lang='lat' dir='ltr'><strong>est</strong></span> <span class='ocrx_word' id='word_1_104' title='bbox 1429 1854 1579 1907; x_wconf 82' lang='lat' dir='ltr'><strong>vobis</strong></span> <span class='ocrx_word' id='word_1_105' title='bbox 1607 1866 1745 1923; x_wconf 88' lang='lat' dir='ltr'><strong>aqua</strong></span> <span class='ocrx_word' id='word_1_106' title='bbox 1772 1851 1874 1905; x_wconf 86' lang='lat' dir='ltr'><strong>frui</strong></span> 
     </span>
    </p>
   </div>
   <div class='ocr_carea' id='block_1_19' title="bbox 268 1946 1873 2006">
    <p class='ocr_par' dir='ltr' id='par_1_19' title="bbox 268 1946 1873 2006">
     <span class='ocr_line' id='line_1_19' title="bbox 268 1946 1873 2006; baseline -0.005 0"><span class='ocrx_word' id='word_1_107' title='bbox 268 1951 495 2006; x_wconf 88' lang='lat' dir='ltr'><strong>saliente</strong></span> <span class='ocrx_word' id='word_1_108' title='bbox 543 1951 596 2004; x_wconf 89' lang='lat' dir='ltr'><strong>in</strong></span> <span class='ocrx_word' id='word_1_109' title='bbox 624 1950 788 2004; x_wconf 90' lang='lat' dir='ltr'><strong>vitam</strong></span> <span class='ocrx_word' id='word_1_110' title='bbox 828 1957 1130 2003; x_wconf 68' lang='lat' dir='ltr'><strong>aeternam:</strong></span> <span class='ocrx_word' id='word_1_111' title='bbox 1160 1946 1367 2002; x_wconf 81' lang='lat' dir='ltr'><strong>vidistis</strong></span> <span class='ocrx_word' id='word_1_112' title='bbox 1413 1946 1614 2000; x_wconf 84' lang='lat' dir='ltr'><strong>fontem</strong></span> <span class='ocrx_word' id='word_1_113' title='bbox 1658 1953 1873 1999; x_wconf 81' lang='lat' dir='ltr'><strong>scaten-</strong></span> 
     </span>
    </p>
   </div>
   <div class='ocr_carea' id='block_1_20' title="bbox 270 2037 1876 2112">
    <p class='ocr_par' dir='ltr' id='par_1_20' title="bbox 270 2037 1876 2112">
     <span class='ocr_line' id='line_1_20' title="bbox 270 2037 1876 2112; baseline -0.006 -14"><span class='ocrx_word' id='word_1_114' title='bbox 270 2055 376 2098; x_wconf 91' lang='lat' dir='ltr'><strong>tem</strong></span> <span class='ocrx_word' id='word_1_115' title='bbox 409 2041 587 2097; x_wconf 88' lang='lat' dir='ltr'><strong>ﬂuviis</strong></span> <span class='ocrx_word' id='word_1_116' title='bbox 613 2056 806 2096; x_wconf 90' lang='lat' dir='ltr'><strong>aurum</strong></span> <span class='ocrx_word' id='word_1_117' title='bbox 838 2056 1029 2112; x_wconf 91' lang='lat' dir='ltr'><strong>purum</strong></span> <span class='ocrx_word' id='word_1_118' title='bbox 1050 2039 1433 2096; x_wconf 90' lang='lat' dir='ltr'><strong>deferentibus.</strong></span> <span class='ocrx_word' id='word_1_119' title='bbox 1466 2037 1667 2093; x_wconf 83' lang='lat' dir='ltr'><strong>Ferunt</strong></span> <span class='ocrx_word' id='word_1_120' title='bbox 1693 2051 1876 2107; x_wconf 89' lang='lat' dir='ltr'><strong>quem-</strong></span> 
     </span>
    </p>
   </div>
   <div class='ocr_carea' id='block_1_21' title="bbox 268 2127 1873 2197">
    <p class='ocr_par' dir='ltr' id='par_1_21' title="bbox 268 2127 1873 2197">
     <span class='ocr_line' id='line_1_21' title="bbox 268 2127 1873 2197; baseline -0.004 -9"><span class='ocrx_word' id='word_1_121' title='bbox 268 2134 390 2188; x_wconf 87' lang='lat' dir='ltr'><strong>dam</strong></span> <span class='ocrx_word' id='word_1_122' title='bbox 422 2133 645 2188; x_wconf 87' lang='lat' dir='ltr'><strong>ﬂuvium</strong></span> <span class='ocrx_word' id='word_1_123' title='bbox 673 2133 790 2187; x_wconf 87' lang='lat' dir='ltr'><strong>auri</strong></span> <span class='ocrx_word' id='word_1_124' title='bbox 818 2141 1064 2187; x_wconf 87' lang='lat' dir='ltr'><strong>ramenta</strong></span> <span class='ocrx_word' id='word_1_125' title='bbox 1097 2130 1296 2187; x_wconf 90' lang='lat' dir='ltr'><strong>inferre</strong></span> <span class='ocrx_word' id='word_1_126' title='bbox 1320 2130 1549 2185; x_wconf 87' lang='lat' dir='ltr'><strong>accolis.</strong></span> <span class='ocrx_word' id='word_1_127' title='bbox 1584 2144 1688 2183; x_wconf 91' lang='lat' dir='ltr'><strong>non</strong></span> <span class='ocrx_word' id='word_1_128' title='bbox 1729 2127 1873 2197; x_wconf 89' lang='lat' dir='ltr'><strong>quod</strong></span> 
     </span>
    </p>
   </div>
   <div class='ocr_carea' id='block_1_22' title="bbox 266 2218 1874 2295">
    <p class='ocr_par' dir='ltr' id='par_1_22' title="bbox 266 2218 1874 2295">
     <span class='ocr_line' id='line_1_22' title="bbox 266 2218 1874 2295; baseline -0.004 -15"><span class='ocrx_word' id='word_1_129' title='bbox 266 2226 382 2295; x_wconf 89' lang='lat' dir='ltr'><strong>ejus</strong></span> <span class='ocrx_word' id='word_1_130' title='bbox 409 2240 549 2295; x_wconf 87' lang='lat' dir='ltr'><strong>aqua</strong></span> <span class='ocrx_word' id='word_1_131' title='bbox 577 2234 821 2280; x_wconf 88' lang='lat' dir='ltr'><strong>naturam</strong></span> <span class='ocrx_word' id='word_1_132' title='bbox 853 2222 1139 2278; x_wconf 79' lang='lat' dir='ltr'><strong>auriferam</strong></span> <span class='ocrx_word' id='word_1_133' title='bbox 1163 2223 1374 2285; x_wconf 91' lang='lat' dir='ltr'><strong>babeat,</strong></span> <span class='ocrx_word' id='word_1_134' title='bbox 1404 2220 1500 2274; x_wconf 89' lang='lat' dir='ltr'><strong>sed</strong></span> <span class='ocrx_word' id='word_1_135' title='bbox 1528 2219 1653 2291; x_wconf 90' lang='lat' dir='ltr'><strong>quia</strong></span> <span class='ocrx_word' id='word_1_136' title='bbox 1698 2218 1874 2274; x_wconf 85' lang='lat' dir='ltr'><strong>fontes</strong></span> 
     </span>
    </p>
   </div>
   <div class='ocr_carea' id='block_1_23' title="bbox 267 2310 1873 2385">
    <p class='ocr_par' dir='ltr' id='par_1_23' title="bbox 267 2310 1873 2385">
     <span class='ocr_line' id='line_1_23' title="bbox 267 2310 1873 2385; baseline -0.006 -13"><span class='ocrx_word' id='word_1_137' title='bbox 267 2318 384 2385; x_wconf 84' lang='lat' dir='ltr'><strong>ejus</strong></span> <span class='ocrx_word' id='word_1_138' title='bbox 406 2318 656 2370; x_wconf 88' lang='lat' dir='ltr'><strong>oriuntur</strong></span> <span class='ocrx_word' id='word_1_139' title='bbox 688 2316 740 2370; x_wconf 90' lang='lat' dir='ltr'><strong>in</strong></span> <span class='ocrx_word' id='word_1_140' title='bbox 773 2315 1045 2369; x_wconf 90' lang='lat' dir='ltr'><strong>montibus</strong></span> <span class='ocrx_word' id='word_1_141' title='bbox 1068 2313 1355 2368; x_wconf 88' lang='lat' dir='ltr'><strong>metallicis</strong></span> <span class='ocrx_word' id='word_1_142' title='bbox 1382 2330 1396 2365; x_wconf 93' lang='lat'><strong>:</strong></span> <span class='ocrx_word' id='word_1_143' title='bbox 1433 2326 1529 2382; x_wconf 76' lang='lat' dir='ltr'><strong>per</strong></span> <span class='ocrx_word' id='word_1_144' title='bbox 1554 2325 1652 2367; x_wconf 90' lang='lat' dir='ltr'><strong>eos</strong></span> <span class='ocrx_word' id='word_1_145' title='bbox 1684 2310 1873 2365; x_wconf 88' lang='lat' dir='ltr'><strong>labens</strong></span> 
     </span>
    </p>
   </div>
   <div class='ocr_carea' id='block_1_24' title="bbox 268 2404 1875 2477">
    <p class='ocr_par' dir='ltr' id='par_1_24' title="bbox 268 2404 1875 2477">
     <span class='ocr_line' id='line_1_24' title="bbox 268 2404 1875 2477; baseline -0.002 -16"><span class='ocrx_word' id='word_1_146' title='bbox 268 2408 465 2462; x_wconf 86' lang='lat' dir='ltr'><strong>ﬂuvius</strong></span> <span class='ocrx_word' id='word_1_147' title='bbox 510 2420 813 2477; x_wconf 86' lang='lat' dir='ltr'><strong>arenasque</strong></span> <span class='ocrx_word' id='word_1_148' title='bbox 841 2406 1061 2461; x_wconf 86' lang='lat' dir='ltr'><strong>trahens</strong></span> <span class='ocrx_word' id='word_1_149' title='bbox 1107 2420 1333 2468; x_wconf 86' lang='lat' dir='ltr'><strong>aureas,</strong></span> <span class='ocrx_word' id='word_1_150' title='bbox 1361 2404 1729 2460; x_wconf 86' lang='lat' dir='ltr'><strong>accolentibus</strong></span> <span class='ocrx_word' id='word_1_151' title='bbox 1759 2404 1875 2459; x_wconf 83' lang='lat' dir='ltr'><strong>lbe-</strong></span> 
     </span>
    </p>
   </div>
   <div class='ocr_carea' id='block_1_25' title="bbox 265 2494 1870 2565">
    <p class='ocr_par' dir='ltr' id='par_1_25' title="bbox 265 2494 1870 2565">
     <span class='ocr_line' id='line_1_25' title="bbox 265 2494 1870 2565; baseline -0.003 -11"><span class='ocrx_word' id='word_1_152' title='bbox 265 2512 460 2554; x_wconf 84' lang='lat' dir='ltr'><strong>sauros</strong></span> <span class='ocrx_word' id='word_1_153' title='bbox 481 2497 657 2563; x_wconf 81' lang='lat' dir='ltr'><strong>aﬂ‘ert,</strong></span> <span class='ocrx_word' id='word_1_154' title='bbox 685 2499 827 2551; x_wconf 90' lang='lat' dir='ltr'><strong>ultro</strong></span> <span class='ocrx_word' id='word_1_155' title='bbox 855 2498 1050 2551; x_wconf 88' lang='lat' dir='ltr'><strong>oblatis</strong></span> <span class='ocrx_word' id='word_1_156' title='bbox 1088 2496 1307 2551; x_wconf 87' lang='lat' dir='ltr'><strong>divitiis.</strong></span> <span class='ocrx_word' id='word_1_157' title='bbox 1355 2496 1525 2565; x_wconf 79' lang='lat' dir='ltr'><strong>Hujus</strong></span> <span class='ocrx_word' id='word_1_158' title='bbox 1554 2494 1791 2550; x_wconf 87' lang='lat' dir='ltr'><strong>ﬂuminis</strong></span> <span class='ocrx_word' id='word_1_159' title='bbox 1818 2496 1870 2549; x_wconf 89' lang='lat' dir='ltr'><strong>in</strong></span> 
     </span>
    </p>
   </div>
   <div class='ocr_carea' id='block_1_26' title="bbox 267 2586 1872 2659">
    <p class='ocr_par' dir='ltr' id='par_1_26' title="bbox 267 2586 1872 2659">
     <span class='ocr_line' id='line_1_26' title="bbox 267 2586 1872 2659; baseline -0.004 -14"><span class='ocrx_word' id='word_1_160' title='bbox 267 2605 475 2645; x_wconf 69' lang='lat' dir='ltr'><strong>livorem</strong></span> <span class='ocrx_word' id='word_1_161' title='bbox 504 2604 678 2659; x_wconf 88' lang='lat' dir='ltr'><strong>nuper</strong></span> <span class='ocrx_word' id='word_1_162' title='bbox 722 2589 809 2645; x_wconf 88' lang='lat' dir='ltr'><strong>hic</strong></span> <span class='ocrx_word' id='word_1_163' title='bbox 837 2590 1093 2659; x_wconf 74' lang='lat' dir='ltr'><strong>magister</strong></span> <span class='ocrx_word' id='word_1_164' title='bbox 1142 2587 1373 2643; x_wconf 87' lang='lat' dir='ltr'><strong>labendo</strong></span> <span class='ocrx_word' id='word_1_165' title='bbox 1422 2602 1517 2656; x_wconf 89' lang='lat' dir='ltr'><strong>per</strong></span> <span class='ocrx_word' id='word_1_166' title='bbox 1568 2586 1872 2656; x_wconf 84' lang='lat' dir='ltr'><strong>Scripturas</strong></span> 
     </span>
    </p>
   </div>
   <div class='ocr_carea' id='block_1_27' title="bbox 266 2677 1871 2750">
    <p class='ocr_par' dir='ltr' id='par_1_27' title="bbox 266 2677 1871 2750">
     <span class='ocr_line' id='line_1_27' title="bbox 266 2677 1871 2750; baseline -0.001 -17"><span class='ocrx_word' id='word_1_167' title='bbox 266 2690 541 2750; x_wconf 85' lang='lat' dir='ltr'><strong>tamquam</strong></span> <span class='ocrx_word' id='word_1_168' title='bbox 568 2688 779 2734; x_wconf 90' lang='lat' dir='ltr'><strong>montes</strong></span> <span class='ocrx_word' id='word_1_169' title='bbox 802 2679 1119 2743; x_wconf 88' lang='lat' dir='ltr'><strong>metallicos,</strong></span> <span class='ocrx_word' id='word_1_170' title='bbox 1148 2678 1341 2750; x_wconf 89' lang='lat' dir='ltr'><strong>quovis</strong></span> <span class='ocrx_word' id='word_1_171' title='bbox 1367 2692 1501 2732; x_wconf 86' lang='lat' dir='ltr'><strong>auro</strong></span> <span class='ocrx_word' id='word_1_172' title='bbox 1523 2677 1871 2747; x_wconf 86' lang='lat' dir='ltr'><strong>pretiosiores</strong></span> 
     </span>
    </p>
   </div>
   <div class='ocr_carea' id='block_1_28' title="bbox 265 2767 1872 2840">
    <p class='ocr_par' dir='ltr' id='par_1_28' title="bbox 265 2767 1872 2840">
     <span class='ocr_line' id='line_1_28' title="bbox 265 2767 1872 2840; baseline -0.002 -14"><span class='ocrx_word' id='word_1_173' title='bbox 265 2772 567 2826; x_wconf 83' lang='lat' dir='ltr'><strong>sententias</strong></span> <span class='ocrx_word' id='word_1_174' title='bbox 591 2771 769 2824; x_wconf 90' lang='lat' dir='ltr'><strong>intulit</strong></span> <span class='ocrx_word' id='word_1_175' title='bbox 798 2770 991 2824; x_wconf 89' lang='lat' dir='ltr'><strong>vestris</strong></span> <span class='ocrx_word' id='word_1_176' title='bbox 1020 2771 1236 2825; x_wconf 86' lang='lat' dir='ltr'><strong>animis.</strong></span> <span class='ocrx_word' id='word_1_177' title='bbox 1267 2769 1609 2840; x_wconf 85' lang='lat' dir='ltr'><strong>Quapropter</strong></span> <span class='ocrx_word' id='word_1_178' title='bbox 1649 2767 1763 2823; x_wconf 88' lang='lat' dir='ltr'><strong>scio</strong></span> <span class='ocrx_word' id='word_1_179' title='bbox 1792 2769 1872 2823; x_wconf 88' lang='lat' dir='ltr'><strong>fo-</strong></span> 
     </span>
    </p>
   </div>
   <div class='ocr_carea' id='block_1_29' title="bbox 266 2859 1870 2929">
    <p class='ocr_par' dir='ltr' id='par_1_29' title="bbox 266 2859 1870 2929">
     <span class='ocr_line' id='line_1_29' title="bbox 266 2859 1870 2929; baseline -0.001 -15"><span class='ocrx_word' id='word_1_180' title='bbox 266 2878 325 2917; x_wconf 87' lang='lat' dir='ltr'><strong>re</strong></span> <span class='ocrx_word' id='word_1_181' title='bbox 355 2870 414 2915; x_wconf 94' lang='lat' dir='ltr'><strong>ut</strong></span> <span class='ocrx_word' id='word_1_182' title='bbox 438 2869 731 2929; x_wconf 83' lang='lat' dir='ltr'><strong>apparatus</strong></span> <span class='ocrx_word' id='word_1_183' title='bbox 753 2869 938 2914; x_wconf 90' lang='lat' dir='ltr'><strong>noster</strong></span> <span class='ocrx_word' id='word_1_184' title='bbox 964 2860 1124 2915; x_wconf 87' lang='lat' dir='ltr'><strong>hodie</strong></span> <span class='ocrx_word' id='word_1_185' title='bbox 1172 2860 1325 2914; x_wconf 90' lang='lat' dir='ltr'><strong>vobis</strong></span> <span class='ocrx_word' id='word_1_186' title='bbox 1370 2859 1614 2915; x_wconf 84' lang='lat' dir='ltr'><strong>videatur</strong></span> <span class='ocrx_word' id='word_1_187' title='bbox 1654 2860 1870 2914; x_wconf 82' lang='lat' dir='ltr'><strong>exilior.</strong></span> 
     </span>
    </p>
   </div>
   <div class='ocr_carea' id='block_1_30' title="bbox 262 2950 1870 3021">
    <p class='ocr_par' dir='ltr' id='par_1_30' title="bbox 262 2950 1870 3021">
     <span class='ocr_line' id='line_1_30' title="bbox 262 2950 1870 3021; baseline 0 -17"><span class='ocrx_word' id='word_1_188' title='bbox 262 2951 364 3019; x_wconf 86' lang='lat' dir='ltr'><strong>Qui</strong></span> <span class='ocrx_word' id='word_1_189' title='bbox 385 2952 533 3006; x_wconf 89' lang='lat' dir='ltr'><strong>enim</strong></span> <span class='ocrx_word' id='word_1_190' title='bbox 562 2965 794 3021; x_wconf 89' lang='lat' dir='ltr'><strong>paupere</strong></span> <span class='ocrx_word' id='word_1_191' title='bbox 815 2966 1001 3007; x_wconf 87' lang='lat' dir='ltr'><strong>mensa</strong></span> <span class='ocrx_word' id='word_1_192' title='bbox 1032 2951 1289 3005; x_wconf 90' lang='lat' dir='ltr'><strong>continue</strong></span> <span class='ocrx_word' id='word_1_193' title='bbox 1318 2950 1534 3017; x_wconf 81' lang='lat' dir='ltr'><strong>fruitur,</strong></span> <span class='ocrx_word' id='word_1_194' title='bbox 1584 2951 1628 3003; x_wconf 92' lang='lat' dir='ltr'><strong>si</strong></span> <span class='ocrx_word' id='word_1_195' title='bbox 1651 2950 1870 3020; x_wconf 86' lang='lat' dir='ltr'><strong>quando</strong></span> 
     </span>
    </p>
   </div>
   <div class='ocr_carea' id='block_1_31' title="bbox 264 3040 1871 3111">
    <p class='ocr_par' dir='ltr' id='par_1_31' title="bbox 264 3040 1871 3111">
     <span class='ocr_line' id='line_1_31' title="bbox 264 3040 1871 3111; baseline -0.001 -15"><span class='ocrx_word' id='word_1_196' title='bbox 264 3042 405 3097; x_wconf 91' lang='lat' dir='ltr'><strong>forte</strong></span> <span class='ocrx_word' id='word_1_197' title='bbox 432 3041 642 3096; x_wconf 87' lang='lat' dir='ltr'><strong>fortuna</strong></span> <span class='ocrx_word' id='word_1_198' title='bbox 674 3041 726 3095; x_wconf 89' lang='lat' dir='ltr'><strong>itt</strong></span> <span class='ocrx_word' id='word_1_199' title='bbox 757 3041 1114 3111; x_wconf 86' lang='lat' dir='ltr'><strong>copiosiorem</strong></span> <span class='ocrx_word' id='word_1_200' title='bbox 1143 3040 1410 3104; x_wconf 89' lang='lat' dir='ltr'><strong>inciderit,</strong></span> <span class='ocrx_word' id='word_1_201' title='bbox 1471 3057 1594 3095; x_wconf 85' lang='lat' dir='ltr'><strong>mox</strong></span> <span class='ocrx_word' id='word_1_202' title='bbox 1626 3040 1693 3095; x_wconf 91' lang='lat' dir='ltr'><strong>ad</strong></span> <span class='ocrx_word' id='word_1_203' title='bbox 1748 3056 1871 3110; x_wconf 91' lang='lat' dir='ltr'><strong>pro-</strong></span> 
     </span>
    </p>
   </div>
   <div class='ocr_carea' id='block_1_32' title="bbox 266 3133 1869 3205">
    <p class='ocr_par' dir='ltr' id='par_1_32' title="bbox 266 3133 1869 3205">
     <span class='ocr_line' id='line_1_32' title="bbox 266 3133 1869 3205; baseline -0.002 -16"><span class='ocrx_word' id='word_1_204' title='bbox 266 3141 437 3205; x_wconf 84' lang='lat' dir='ltr'><strong>priam</strong></span> <span class='ocrx_word' id='word_1_205' title='bbox 460 3148 715 3189; x_wconf 84' lang='lat' dir='ltr'><strong>reversus</strong></span> <span class='ocrx_word' id='word_1_206' title='bbox 741 3143 890 3187; x_wconf 90' lang='lat' dir='ltr'><strong>tanto</strong></span> <span class='ocrx_word' id='word_1_207' title='bbox 931 3133 1103 3202; x_wconf 89' lang='lat' dir='ltr'><strong>magis</strong></span> <span class='ocrx_word' id='word_1_208' title='bbox 1144 3134 1308 3186; x_wconf 89' lang='lat' dir='ltr'><strong>sentit</strong></span> <span class='ocrx_word' id='word_1_209' title='bbox 1332 3133 1448 3202; x_wconf 91' lang='lat' dir='ltr'><strong>ejus</strong></span> <span class='ocrx_word' id='word_1_210' title='bbox 1481 3134 1733 3202; x_wconf 89' lang='lat' dir='ltr'><strong>in0piam.</strong></span> <span class='ocrx_word' id='word_1_211' title='bbox 1772 3136 1869 3187; x_wconf 81' lang='lat' dir='ltr'><strong>At-</strong></span> 
     </span>
    </p>
   </div>
   <div class='ocr_carea' id='block_1_33' title="bbox 264 3223 1871 3293">
    <p class='ocr_par' dir='ltr' id='par_1_33' title="bbox 264 3223 1871 3293">
     <span class='ocr_line' id='line_1_33' title="bbox 264 3223 1871 3293; baseline -0.001 -13"><span class='ocrx_word' id='word_1_212' title='bbox 264 3236 445 3281; x_wconf 86' lang='lat' dir='ltr'><strong>tamen</strong></span> <span class='ocrx_word' id='word_1_213' title='bbox 512 3224 682 3279; x_wconf 91' lang='lat' dir='ltr'><strong>nibilo</strong></span> <span class='ocrx_word' id='word_1_214' title='bbox 725 3224 944 3293; x_wconf 76' lang='lat' dir='ltr'><strong>segnius</strong></span> <span class='ocrx_word' id='word_1_215' title='bbox 987 3224 1285 3277; x_wconf 83' lang='lat' dir='ltr'><strong>oratimtem</strong></span> <span class='ocrx_word' id='word_1_216' title='bbox 1340 3223 1639 3292; x_wconf 79' lang='lat' dir='ltr'><strong>aggrediar.</strong></span> <span class='ocrx_word' id='word_1_217' title='bbox 1689 3223 1871 3280; x_wconf 79' lang='lat' dir='ltr'><strong>Nostis</strong></span> 
     </span>
    </p>
   </div>
   <div class='ocr_carea' id='block_1_34' title="bbox 263 3314 1864 3380">
    <p class='ocr_par' dir='ltr' id='par_1_34' title="bbox 263 3314 1864 3380">
     <span class='ocr_line' id='line_1_34' title="bbox 263 3314 1864 3380; baseline -0.001 -10"><span class='ocrx_word' id='word_1_218' title='bbox 263 3316 405 3370; x_wconf 88' lang='lat' dir='ltr'><strong>enim</strong></span> <span class='ocrx_word' id='word_1_219' title='bbox 430 3331 460 3368; x_wconf 91' lang='lat' dir='ltr'><strong>a</strong></span> <span class='ocrx_word' id='word_1_220' title='bbox 486 3315 653 3369; x_wconf 86' lang='lat' dir='ltr'><strong>Paulo</strong></span> <span class='ocrx_word' id='word_1_221' title='bbox 668 3315 810 3369; x_wconf 90' lang='lat' dir='ltr'><strong>docti</strong></span> <span class='ocrx_word' id='word_1_222' title='bbox 828 3317 1146 3379; x_wconf 83' lang='lat' dir='ltr'><strong>etsaturari,</strong></span> <span class='ocrx_word' id='word_1_223' title='bbox 1175 3324 1230 3368; x_wconf 93' lang='lat' dir='ltr'><strong>et</strong></span> <span class='ocrx_word' id='word_1_224' title='bbox 1252 3316 1479 3379; x_wconf 87' lang='lat' dir='ltr'><strong>esurire,</strong></span> <span class='ocrx_word' id='word_1_225' title='bbox 1499 3325 1553 3368; x_wconf 90' lang='lat' dir='ltr'><strong>et</strong></span> <span class='ocrx_word' id='word_1_226' title='bbox 1568 3314 1864 3380; x_wconf 88' lang='lat' dir='ltr'><strong>abundare,</strong></span> 
     </span>
    </p>
   </div>
   <div class='ocr_carea' id='block_1_35' title="bbox 261 3405 1869 3476">
    <p class='ocr_par' dir='ltr' id='par_1_35' title="bbox 261 3405 1869 3476">
     <span class='ocr_line' id='line_1_35' title="bbox 261 3405 1869 3476; baseline -0.001 -14"><span class='ocrx_word' id='word_1_227' title='bbox 261 3415 317 3462; x_wconf 91' lang='lat' dir='ltr'><strong>et</strong></span> <span class='ocrx_word' id='word_1_228' title='bbox 339 3422 523 3476; x_wconf 89' lang='lat' dir='ltr'><strong>egere,</strong></span> <span class='ocrx_word' id='word_1_229' title='bbox 556 3405 741 3461; x_wconf 80' lang='lat' dir='ltr'><strong>mirari</strong></span> <span class='ocrx_word' id='word_1_230' title='bbox 770 3407 985 3472; x_wconf 86' lang='lat' dir='ltr'><strong>divites,</strong></span> <span class='ocrx_word' id='word_1_231' title='bbox 1018 3421 1120 3461; x_wconf 90' lang='lat' dir='ltr'><strong>nec</strong></span> <span class='ocrx_word' id='word_1_232' title='bbox 1143 3416 1319 3459; x_wconf 86' lang='lat' dir='ltr'><strong>tamen</strong></span> <span class='ocrx_word' id='word_1_233' title='bbox 1340 3421 1603 3476; x_wconf 78' lang='lat' dir='ltr'><strong>pauperes</strong></span> <span class='ocrx_word' id='word_1_234' title='bbox 1629 3416 1869 3461; x_wconf 88' lang='lat' dir='ltr'><strong>contem-</strong></span> 
     </span>
    </p>
   </div>
   <div class='ocr_carea' id='block_1_36' title="bbox 264 3495 1869 3568">
    <p class='ocr_par' dir='ltr' id='par_1_36' title="bbox 264 3495 1869 3568">
     <span class='ocr_line' id='line_1_36' title="bbox 264 3495 1869 3568; baseline 0.001 -17"><span class='ocrx_word' id='word_1_235' title='bbox 264 3514 392 3552; x_wconf 88' lang='lat' dir='ltr'><strong>nere</strong></span> <span class='ocrx_word' id='word_1_236' title='bbox 415 3496 679 3568; x_wconf 80' lang='lat' dir='ltr'><strong>(Philipp.</strong></span> <span class='ocrx_word' id='word_1_237' title='bbox 705 3498 759 3552; x_wconf 75' lang='grc'><strong>4.</strong></span> <span class='ocrx_word' id='word_1_238' title='bbox 796 3497 906 3567; x_wconf 77' lang='grc'><strong>12).</strong></span> <span class='ocrx_word' id='word_1_239' title='bbox 934 3498 999 3552; x_wconf 82' lang='lat' dir='ltr'><strong>Et</strong></span> <span class='ocrx_word' id='word_1_240' title='bbox 1019 3495 1475 3566; x_wconf 88' lang='lat' dir='ltr'><strong>quemadmodum</strong></span> <span class='ocrx_word' id='word_1_241' title='bbox 1494 3497 1602 3551; x_wconf 91' lang='lat' dir='ltr'><strong>vini</strong></span> <span class='ocrx_word' id='word_1_242' title='bbox 1625 3506 1869 3552; x_wconf 89' lang='lat' dir='ltr'><strong>amantes</strong></span> 
     </span>
    </p>
   </div>
   <div class='ocr_carea' id='block_1_37' title="bbox 262 3588 1869 3659">
    <p class='ocr_par' dir='ltr' id='par_1_37' title="bbox 262 3588 1869 3659">
     <span class='ocr_line' id='line_1_37' title="bbox 262 3588 1869 3659; baseline -0.001 -15"><span class='ocrx_word' id='word_1_243' title='bbox 262 3600 316 3644; x_wconf 89' lang='lat' dir='ltr'><strong>et</strong></span> <span class='ocrx_word' id='word_1_244' title='bbox 333 3597 609 3659; x_wconf 88' lang='lat' dir='ltr'><strong>potatores</strong></span> <span class='ocrx_word' id='word_1_245' title='bbox 620 3588 956 3643; x_wconf 80' lang='lat' dir='ltr'><strong>delectantur</strong></span> <span class='ocrx_word' id='word_1_246' title='bbox 970 3588 1187 3658; x_wconf 86' lang='lat' dir='ltr'><strong>quidem</strong></span> <span class='ocrx_word' id='word_1_247' title='bbox 1207 3604 1495 3659; x_wconf 88' lang='lat' dir='ltr'><strong>generoso,</strong></span> <span class='ocrx_word' id='word_1_248' title='bbox 1513 3589 1607 3643; x_wconf 82' lang='lat' dir='ltr'><strong>sed</strong></span> <span class='ocrx_word' id='word_1_249' title='bbox 1630 3589 1869 3645; x_wconf 88' lang='lat' dir='ltr'><strong>deterius</strong></span> 
     </span>
    </p>
   </div>
   <div class='ocr_carea' id='block_1_38' title="bbox 265 3679 1867 3750">
    <p class='ocr_par' dir='ltr' id='par_1_38' title="bbox 265 3679 1867 3750">
     <span class='ocr_line' id='line_1_38' title="bbox 265 3679 1867 3750; baseline 0 -15"><span class='ocrx_word' id='word_1_250' title='bbox 265 3698 368 3735; x_wconf 88' lang='lat' dir='ltr'><strong>non</strong></span> <span class='ocrx_word' id='word_1_251' title='bbox 392 3679 716 3734; x_wconf 75' lang='lat' dir='ltr'><strong>fastidiunt:</strong></span> <span class='ocrx_word' id='word_1_252' title='bbox 749 3680 826 3733; x_wconf 88' lang='lat' dir='ltr'><strong>sie</strong></span> <span class='ocrx_word' id='word_1_253' title='bbox 868 3694 962 3734; x_wconf 90' lang='lat' dir='ltr'><strong>vos</strong></span> <span class='ocrx_word' id='word_1_254' title='bbox 988 3695 1203 3750; x_wconf 87' lang='lat' dir='ltr'><strong>quoque</strong></span> <span class='ocrx_word' id='word_1_255' title='bbox 1231 3680 1322 3749; x_wconf 90' lang='lat' dir='ltr'><strong>qui</strong></span> <span class='ocrx_word' id='word_1_256' title='bbox 1376 3680 1634 3749; x_wconf 87' lang='lat' dir='ltr'><strong>deperitis</strong></span> <span class='ocrx_word' id='word_1_257' title='bbox 1686 3680 1867 3735; x_wconf 88' lang='lat' dir='ltr'><strong>divina</strong></span> 
     </span>
    </p>
   </div>
   <div class='ocr_carea' id='block_1_39' title="bbox 262 3769 1868 3841">
    <p class='ocr_par' dir='ltr' id='par_1_39' title="bbox 262 3769 1868 3841">
     <span class='ocr_line' id='line_1_39' title="bbox 262 3769 1868 3841; baseline 0 -15"><span class='ocrx_word' id='word_1_258' title='bbox 262 3771 497 3841; x_wconf 81' lang='lat' dir='ltr'><strong>eloquia,</strong></span> <span class='ocrx_word' id='word_1_259' title='bbox 523 3772 813 3839; x_wconf 86' lang='lat' dir='ltr'><strong>magistros</strong></span> <span class='ocrx_word' id='word_1_260' title='bbox 835 3769 1107 3825; x_wconf 85' lang='lat' dir='ltr'><strong>doctiores</strong></span> <span class='ocrx_word' id='word_1_261' title='bbox 1152 3771 1428 3840; x_wconf 88' lang='lat' dir='ltr'><strong>suscipitis</strong></span> <span class='ocrx_word' id='word_1_262' title='bbox 1448 3810 1463 3836; x_wconf 95' lang='lat'><strong>,</strong></span> <span class='ocrx_word' id='word_1_263' title='bbox 1495 3771 1565 3823; x_wconf 87' lang='lat' dir='ltr'><strong>ita</strong></span> <span class='ocrx_word' id='word_1_264' title='bbox 1598 3779 1777 3824; x_wconf 88' lang='lat' dir='ltr'><strong>tamen</strong></span> <span class='ocrx_word' id='word_1_265' title='bbox 1811 3780 1868 3827; x_wconf 94' lang='lat' dir='ltr'><strong>ut</strong></span> 
     </span>
    </p>
   </div>
   <div class='ocr_carea' id='block_1_40' title="bbox 261 3860 1864 3930">
    <p class='ocr_par' dir='ltr' id='par_1_40' title="bbox 261 3860 1864 3930">
     <span class='ocr_line' id='line_1_40' title="bbox 261 3860 1864 3930; baseline 0.002 -15"><span class='ocrx_word' id='word_1_266' title='bbox 261 3879 371 3915; x_wconf 88' lang='lat' dir='ltr'><strong>non</strong></span> <span class='ocrx_word' id='word_1_267' title='bbox 400 3861 625 3928; x_wconf 74' lang='lat' dir='ltr'><strong>vulgare</strong></span> <span class='ocrx_word' id='word_1_268' title='bbox 665 3860 903 3915; x_wconf 87' lang='lat' dir='ltr'><strong>studiqu</strong></span> <span class='ocrx_word' id='word_1_269' title='bbox 936 3860 1259 3930; x_wconf 86' lang='lat' dir='ltr'><strong>impendatis</strong></span> <span class='ocrx_word' id='word_1_270' title='bbox 1288 3863 1449 3915; x_wconf 87' lang='lat' dir='ltr'><strong>etiam</strong></span> <span class='ocrx_word' id='word_1_271' title='bbox 1482 3861 1864 3918; x_wconf 82' lang='lat' dir='ltr'><strong>mediocribus.</strong></span> 
     </span>
    </p>
   </div>
   <div class='ocr_carea' id='block_1_41' title="bbox 260 3952 1864 4023">
    <p class='ocr_par' dir='ltr' id='par_1_41' title="bbox 260 3952 1864 4023">
     <span class='ocr_line' id='line_1_41' title="bbox 260 3952 1864 4023; baseline 0.002 -17"><span class='ocrx_word' id='word_1_272' title='bbox 260 3953 357 4021; x_wconf 91' lang='lat' dir='ltr'><strong>Qui</strong></span> <span class='ocrx_word' id='word_1_273' title='bbox 379 3954 525 4007; x_wconf 90' lang='lat' dir='ltr'><strong>enim</strong></span> <span class='ocrx_word' id='word_1_274' title='bbox 550 3953 678 4007; x_wconf 86' lang='lat' dir='ltr'><strong>luxu</strong></span> <span class='ocrx_word' id='word_1_275' title='bbox 704 3952 975 4012; x_wconf 86' lang='lat' dir='ltr'><strong>difﬂuunt.</strong></span> <span class='ocrx_word' id='word_1_276' title='bbox 999 3954 1082 4008; x_wconf 91' lang='lat' dir='ltr'><strong>vel</strong></span> <span class='ocrx_word' id='word_1_277' title='bbox 1105 3953 1171 4007; x_wconf 87' lang='lat' dir='ltr'><strong>ad</strong></span> <span class='ocrx_word' id='word_1_278' title='bbox 1216 3964 1586 4023; x_wconf 77' lang='lat' dir='ltr'><strong>sumptuosam</strong></span> <span class='ocrx_word' id='word_1_279' title='bbox 1624 3971 1864 4010; x_wconf 78' lang='lat' dir='ltr'><strong>mensam</strong></span> 
     </span>
    </p>
   </div>
   <div class='ocr_carea' id='block_1_42' title="bbox 261 4044 1868 4116">
    <p class='ocr_par' dir='ltr' id='par_1_42' title="bbox 261 4044 1868 4116">
     <span class='ocr_line' id='line_1_42' title="bbox 261 4044 1868 4116; baseline 0.002 -18"><span class='ocrx_word' id='word_1_280' title='bbox 261 4044 633 4099; x_wconf 86' lang='lat' dir='ltr'><strong>nauseabundi</strong></span> <span class='ocrx_word' id='word_1_281' title='bbox 662 4044 1047 4098; x_wconf 87' lang='lat' dir='ltr'><strong>discumbunt:</strong></span> <span class='ocrx_word' id='word_1_282' title='bbox 1083 4054 1269 4099; x_wconf 90' lang='lat' dir='ltr'><strong>contra</strong></span> <span class='ocrx_word' id='word_1_283' title='bbox 1300 4046 1468 4100; x_wconf 86' lang='lat' dir='ltr'><strong>sobrii</strong></span> <span class='ocrx_word' id='word_1_284' title='bbox 1489 4047 1580 4116; x_wconf 88' lang='lat' dir='ltr'><strong>qui</strong></span> <span class='ocrx_word' id='word_1_285' title='bbox 1620 4048 1868 4101; x_wconf 87' lang='lat' dir='ltr'><strong>esuriunt</strong></span> 
     </span>
    </p>
   </div>
   <div class='ocr_carea' id='block_1_43' title="bbox 258 4136 1863 4209">
    <p class='ocr_par' dir='ltr' id='par_1_43' title="bbox 258 4136 1863 4209">
     <span class='ocr_line' id='line_1_43' title="bbox 258 4136 1863 4209; baseline 0.001 -18"><span class='ocrx_word' id='word_1_286' title='bbox 258 4153 320 4192; x_wconf 87' lang='lat' dir='ltr'><strong>ac</strong></span> <span class='ocrx_word' id='word_1_287' title='bbox 344 4138 540 4191; x_wconf 85' lang='lat' dir='ltr'><strong>sitiunt</strong></span> <span class='ocrx_word' id='word_1_288' title='bbox 559 4136 846 4205; x_wconf 89' lang='lat' dir='ltr'><strong>justitiam,</strong></span> <span class='ocrx_word' id='word_1_289' title='bbox 869 4139 953 4191; x_wconf 91' lang='lat' dir='ltr'><strong>vel</strong></span> <span class='ocrx_word' id='word_1_290' title='bbox 976 4137 1043 4192; x_wconf 89' lang='lat' dir='ltr'><strong>ad</strong></span> <span class='ocrx_word' id='word_1_291' title='bbox 1078 4153 1366 4209; x_wconf 88' lang='lat' dir='ltr'><strong>pauperem</strong></span> <span class='ocrx_word' id='word_1_292' title='bbox 1400 4154 1639 4194; x_wconf 89' lang='lat' dir='ltr'><strong>mensam</strong></span> <span class='ocrx_word' id='word_1_293' title='bbox 1672 4154 1863 4209; x_wconf 88' lang='lat' dir='ltr'><strong>magna</strong></span> 
     </span>
    </p>
   </div>
   <div class='ocr_carea' id='block_1_44' title="bbox 259 4229 1863 4300">
    <p class='ocr_par' dir='ltr' id='par_1_44' title="bbox 259 4229 1863 4300">
     <span class='ocr_line' id='line_1_44' title="bbox 259 4229 1863 4300; baseline 0.001 -17"><span class='ocrx_word' id='word_1_294' title='bbox 259 4230 540 4284; x_wconf 86' lang='lat' dir='ltr'><strong>alacritate</strong></span> <span class='ocrx_word' id='word_1_295' title='bbox 566 4238 875 4283; x_wconf 89' lang='lat' dir='ltr'><strong>accurrunt.</strong></span> <span class='ocrx_word' id='word_1_296' title='bbox 910 4229 1064 4295; x_wconf 91' lang='lat' dir='ltr'><strong>Quod</strong></span> <span class='ocrx_word' id='word_1_297' title='bbox 1095 4240 1275 4284; x_wconf 90' lang='lat' dir='ltr'><strong>autem</strong></span> <span class='ocrx_word' id='word_1_298' title='bbox 1304 4230 1419 4285; x_wconf 64' lang='lat' dir='ltr'><strong>hare</strong></span> <span class='ocrx_word' id='word_1_299' title='bbox 1448 4245 1553 4284; x_wconf 90' lang='lat' dir='ltr'><strong>non</strong></span> <span class='ocrx_word' id='word_1_300' title='bbox 1584 4232 1773 4300; x_wconf 88' lang='lat' dir='ltr'><strong>loquar</strong></span> <span class='ocrx_word' id='word_1_301' title='bbox 1797 4232 1863 4285; x_wconf 89' lang='lat' dir='ltr'><strong>ad</strong></span> 
     </span>
    </p>
   </div>
   <div class='ocr_carea' id='block_1_45' title="bbox 258 4321 1862 4395">
    <p class='ocr_par' dir='ltr' id='par_1_45' title="bbox 258 4321 1862 4395">
     <span class='ocr_line' id='line_1_45' title="bbox 258 4321 1862 4395; baseline 0 -20"><span class='ocrx_word' id='word_1_302' title='bbox 258 4323 508 4391; x_wconf 88' lang='lat' dir='ltr'><strong>gratiam,</strong></span> <span class='ocrx_word' id='word_1_303' title='bbox 543 4324 813 4389; x_wconf 84' lang='lat' dir='ltr'><strong>proximo,</strong></span> <span class='ocrx_word' id='word_1_304' title='bbox 845 4337 1009 4391; x_wconf 90' lang='lat' dir='ltr'><strong>quem</strong></span> <span class='ocrx_word' id='word_1_305' title='bbox 1042 4338 1213 4391; x_wconf 88' lang='lat' dir='ltr'><strong>nuper</strong></span> <span class='ocrx_word' id='word_1_306' title='bbox 1255 4322 1323 4377; x_wconf 88' lang='lat' dir='ltr'><strong>ad</strong></span> <span class='ocrx_word' id='word_1_307' title='bbox 1375 4337 1470 4377; x_wconf 87' lang='lat' dir='ltr'><strong>vos</strong></span> <span class='ocrx_word' id='word_1_308' title='bbox 1524 4322 1683 4376; x_wconf 89' lang='lat' dir='ltr'><strong>habui</strong></span> <span class='ocrx_word' id='word_1_309' title='bbox 1744 4321 1818 4395; x_wconf 88' lang='lat' dir='ltr'><strong>(b)</strong></span> <span class='ocrx_word' id='word_1_310' title='bbox 1847 4365 1862 4388; x_wconf 90' lang='lat'><strong>,</strong></span> 
     </span>
    </p>
   </div>
   <div class='ocr_carea' id='block_1_46' title="bbox 257 4412 1865 4482">
    <p class='ocr_par' dir='ltr' id='par_1_46' title="bbox 257 4412 1865 4482">
     <span class='ocr_line' id='line_1_46' title="bbox 257 4412 1865 4482; baseline -0.001 -13"><span class='ocrx_word' id='word_1_311' title='bbox 257 4427 516 4469; x_wconf 88' lang='lat' dir='ltr'><strong>sermone</strong></span> <span class='ocrx_word' id='word_1_312' title='bbox 546 4413 678 4467; x_wconf 86' lang='lat' dir='ltr'><strong>satis</strong></span> <span class='ocrx_word' id='word_1_313' title='bbox 692 4412 960 4482; x_wconf 84' lang='lat' dir='ltr'><strong>apparuit.</strong></span> <span class='ocrx_word' id='word_1_314' title='bbox 990 4412 1124 4467; x_wconf 87' lang='lat' dir='ltr'><strong>Cum</strong></span> <span class='ocrx_word' id='word_1_315' title='bbox 1157 4412 1301 4467; x_wconf 91' lang='lat' dir='ltr'><strong>enim</strong></span> <span class='ocrx_word' id='word_1_316' title='bbox 1324 4412 1490 4467; x_wconf 90' lang='lat' dir='ltr'><strong>multa</strong></span> <span class='ocrx_word' id='word_1_317' title='bbox 1521 4413 1685 4467; x_wconf 83' lang='lat' dir='ltr'><strong>verba</strong></span> <span class='ocrx_word' id='word_1_318' title='bbox 1717 4412 1865 4467; x_wconf 84' lang='lat' dir='ltr'><strong>face-</strong></span> 
     </span>
    </p>
   </div>
   <div class='ocr_carea' id='block_1_47' title="bbox 260 4503 1863 4574">
    <p class='ocr_par' dir='ltr' id='par_1_47' title="bbox 260 4503 1863 4574">
     <span class='ocr_line' id='line_1_47' title="bbox 260 4503 1863 4574; baseline -0.001 -15"><span class='ocrx_word' id='word_1_319' title='bbox 260 4519 442 4561; x_wconf 89' lang='lat' dir='ltr'><strong>remus</strong></span> <span class='ocrx_word' id='word_1_320' title='bbox 463 4504 533 4557; x_wconf 90' lang='lat' dir='ltr'><strong>de</strong></span> <span class='ocrx_word' id='word_1_321' title='bbox 554 4504 827 4574; x_wconf 88' lang='lat' dir='ltr'><strong>eonjugio,</strong></span> <span class='ocrx_word' id='word_1_322' title='bbox 850 4503 1109 4559; x_wconf 87' lang='lat' dir='ltr'><strong>docentes</strong></span> <span class='ocrx_word' id='word_1_323' title='bbox 1152 4520 1361 4559; x_wconf 90' lang='lat' dir='ltr'><strong>merum</strong></span> <span class='ocrx_word' id='word_1_324' title='bbox 1388 4519 1511 4559; x_wconf 87' lang='lat' dir='ltr'><strong>esse</strong></span> <span class='ocrx_word' id='word_1_325' title='bbox 1541 4503 1863 4559; x_wconf 83' lang='lat' dir='ltr'><strong>adulterium</strong></span> 
     </span>
    </p>
   </div>
   <div class='ocr_carea' id='block_1_48' title="bbox 257 4594 1861 4665">
    <p class='ocr_par' dir='ltr' id='par_1_48' title="bbox 257 4594 1861 4665">
     <span class='ocr_line' id='line_1_48' title="bbox 257 4594 1861 4665; baseline -0.001 -15"><span class='ocrx_word' id='word_1_326' title='bbox 257 4597 535 4650; x_wconf 89' lang='lat' dir='ltr'><strong>dimittere</strong></span> <span class='ocrx_word' id='word_1_327' title='bbox 566 4609 788 4659; x_wconf 78' lang='lat' dir='ltr'><strong>uxores,</strong></span> <span class='ocrx_word' id='word_1_328' title='bbox 830 4604 923 4649; x_wconf 91' lang='lat' dir='ltr'><strong>aut</strong></span> <span class='ocrx_word' id='word_1_329' title='bbox 949 4594 1200 4650; x_wconf 82' lang='lat' dir='ltr'><strong>dimissas</strong></span> <span class='ocrx_word' id='word_1_330' title='bbox 1229 4596 1352 4649; x_wconf 82' lang='lat' dir='ltr'><strong>vivo</strong></span> <span class='ocrx_word' id='word_1_331' title='bbox 1389 4598 1683 4651; x_wconf 89' lang='lat' dir='ltr'><strong>etiamnum</strong></span> <span class='ocrx_word' id='word_1_332' title='bbox 1716 4599 1861 4665; x_wconf 89' lang='lat' dir='ltr'><strong>prio-</strong></span> 
     </span>
    </p>
   </div>
   <div class='ocr_carea' id='block_1_49' title="bbox 259 4687 1863 4761">
    <p class='ocr_par' dir='ltr' id='par_1_49' title="bbox 259 4687 1863 4761">
     <span class='ocr_line' id='line_1_49' title="bbox 259 4687 1863 4761; baseline 0.001 -18"><span class='ocrx_word' id='word_1_333' title='bbox 259 4705 317 4743; x_wconf 88' lang='lat' dir='ltr'><strong>re</strong></span> <span class='ocrx_word' id='word_1_334' title='bbox 365 4689 564 4743; x_wconf 90' lang='lat' dir='ltr'><strong>marito</strong></span> <span class='ocrx_word' id='word_1_335' title='bbox 617 4687 857 4753; x_wconf 87' lang='lat' dir='ltr'><strong>ducere,</strong></span> <span class='ocrx_word' id='word_1_336' title='bbox 898 4689 1366 4761; x_wconf 84' lang='lat' dir='ltr'><strong>allegaremusque</strong></span> <span class='ocrx_word' id='word_1_337' title='bbox 1407 4690 1577 4758; x_wconf 83' lang='lat' dir='ltr'><strong>legem</strong></span> <span class='ocrx_word' id='word_1_338' title='bbox 1625 4690 1695 4744; x_wconf 91' lang='lat' dir='ltr'><strong>ab</strong></span> <span class='ocrx_word' id='word_1_339' title='bbox 1747 4691 1863 4759; x_wconf 90' lang='lat' dir='ltr'><strong>ipso</strong></span> 
     </span>
    </p>
   </div>
   <div class='ocr_carea' id='block_1_50' title="bbox 259 4781 1859 4852">
    <p class='ocr_par' dir='ltr' id='par_1_50' title="bbox 259 4781 1859 4852">
     <span class='ocr_line' id='line_1_50' title="bbox 259 4781 1859 4852; baseline -0.001 -16"><span class='ocrx_word' id='word_1_340' title='bbox 259 4782 476 4837; x_wconf 77' lang='lat' dir='ltr'><strong>Christo</strong></span> <span class='ocrx_word' id='word_1_341' title='bbox 508 4783 690 4845; x_wconf 86' lang='lat' dir='ltr'><strong>latam,</strong></span> <span class='ocrx_word' id='word_1_342' title='bbox 715 4781 801 4835; x_wconf 83' lang='lat' dir='ltr'><strong>tibi</strong></span> <span class='ocrx_word' id='word_1_343' title='bbox 824 4781 1024 4851; x_wconf 81' lang='lat' dir='ltr'><strong>diserte</strong></span> <span class='ocrx_word' id='word_1_344' title='bbox 1048 4781 1257 4852; x_wconf 84' lang='lat' dir='ltr'><strong>legitur,</strong></span> <span class='ocrx_word' id='word_1_345' title='bbox 1290 4782 1388 4849; x_wconf 87' lang='lat' dir='ltr'><strong>Qui</strong></span> <span class='ocrx_word' id='word_1_346' title='bbox 1410 4782 1670 4835; x_wconf 75' lang='lat' dir='ltr'><strong>dimissam</strong></span> <span class='ocrx_word' id='word_1_347' title='bbox 1696 4782 1859 4849; x_wconf 82' lang='lat' dir='ltr'><strong>ducit,</strong></span> 
     </span>
    </p>
   </div>
   <div class='ocr_carea' id='block_1_51' title="bbox 260 4874 1859 4943">
    <p class='ocr_par' dir='ltr' id='par_1_51' title="bbox 260 4874 1859 4943">
     <span class='ocr_line' id='line_1_51' title="bbox 260 4874 1859 4943; baseline -0.001 -14"><span class='ocrx_word' id='word_1_348' title='bbox 260 4876 523 4929; x_wconf 76' lang='lat' dir='ltr'><strong>committit</strong></span> <span class='ocrx_word' id='word_1_349' title='bbox 552 4874 883 4939; x_wconf 79' lang='lat' dir='ltr'><strong>adulterium,</strong></span> <span class='ocrx_word' id='word_1_350' title='bbox 930 4886 974 4927; x_wconf 88' lang='lat' dir='ltr'><strong>et</strong></span> <span class='ocrx_word' id='word_1_351' title='bbox 1004 4875 1090 4943; x_wconf 80' lang='lat' dir='ltr'><strong>qui</strong></span> <span class='ocrx_word' id='word_1_352' title='bbox 1131 4886 1315 4943; x_wconf 74' lang='lat' dir='ltr'><strong>prwter</strong></span> <span class='ocrx_word' id='word_1_353' title='bbox 1340 4876 1505 4943; x_wconf 78' lang='lat' dir='ltr'><strong>stupri</strong></span> <span class='ocrx_word' id='word_1_354' title='bbox 1544 4892 1751 4930; x_wconf 79' lang='lat' dir='ltr'><strong>causam</strong></span> <span class='ocrx_word' id='word_1_355' title='bbox 1777 4877 1859 4928; x_wconf 86' lang='lat' dir='ltr'><strong>di-</strong></span> 
     </span>
    </p>
   </div>
   <div class='ocr_carea' id='block_1_52' title="bbox 260 4966 1864 5038">
    <p class='ocr_par' dir='ltr' id='par_1_52' title="bbox 260 4966 1864 5038">
     <span class='ocr_line' id='line_1_52' title="bbox 260 4966 1864 5038; baseline 0.002 -19"><span class='ocrx_word' id='word_1_356' title='bbox 260 4969 408 5021; x_wconf 80' lang='lat' dir='ltr'><strong>mittit</strong></span> <span class='ocrx_word' id='word_1_357' title='bbox 427 4983 665 5029; x_wconf 68' lang='lat' dir='ltr'><strong>uazorem,</strong></span> <span class='ocrx_word' id='word_1_358' title='bbox 682 4968 804 5029; x_wconf 79' lang='lat' dir='ltr'><strong>facit</strong></span> <span class='ocrx_word' id='word_1_359' title='bbox 820 4982 931 5019; x_wconf 88' lang='lat' dir='ltr'><strong>eam</strong></span> <span class='ocrx_word' id='word_1_360' title='bbox 951 4967 1237 5019; x_wconf 85' lang='lat' dir='ltr'><strong>adulteram</strong></span> <span class='ocrx_word' id='word_1_361' title='bbox 1260 4966 1475 5038; x_wconf 77' lang='lat' dir='ltr'><strong>(Matth.</strong></span> <span class='ocrx_word' id='word_1_362' title='bbox 1490 4969 1542 5021; x_wconf 83' lang='lat'><strong>5.</strong></span> <span class='ocrx_word' id='word_1_363' title='bbox 1560 4968 1674 5036; x_wconf 71' lang='lat'><strong>52),</strong></span> <span class='ocrx_word' id='word_1_364' title='bbox 1692 4969 1864 5022; x_wconf 86' lang='lat' dir='ltr'><strong>anim-</strong></span> 
     </span>
    </p>
   </div>
   <div class='ocr_carea' id='block_1_53' title="bbox 258 5059 1859 5129">
    <p class='ocr_par' dir='ltr' id='par_1_53' title="bbox 258 5059 1859 5129">
     <span class='ocr_line' id='line_1_53' title="bbox 258 5059 1859 5129; baseline -0.002 -12"><span class='ocrx_word' id='word_1_365' title='bbox 258 5062 460 5117; x_wconf 85' lang='lat' dir='ltr'><strong>adverti</strong></span> <span class='ocrx_word' id='word_1_366' title='bbox 495 5061 694 5115; x_wconf 88' lang='lat' dir='ltr'><strong>multos</strong></span> <span class='ocrx_word' id='word_1_367' title='bbox 733 5059 971 5114; x_wconf 85' lang='lat' dir='ltr'><strong>demisso</strong></span> <span class='ocrx_word' id='word_1_368' title='bbox 1016 5062 1191 5127; x_wconf 78' lang='lat' dir='ltr'><strong>rapite</strong></span> <span class='ocrx_word' id='word_1_369' title='bbox 1235 5060 1446 5114; x_wconf 74' lang='lat' dir='ltr'><strong>ezedere</strong></span> <span class='ocrx_word' id='word_1_370' title='bbox 1494 5060 1593 5114; x_wconf 89' lang='lat' dir='ltr'><strong>sibi</strong></span> <span class='ocrx_word' id='word_1_371' title='bbox 1648 5063 1859 5129; x_wconf 81' lang='lat' dir='ltr'><strong>faciem,</strong></span> 
     </span>
    </p>
   </div>
   <div class='ocr_carea' id='block_1_54' title="bbox 260 5150 1861 5221">
    <p class='ocr_par' dir='ltr' id='par_1_54' title="bbox 260 5150 1861 5221">
     <span class='ocr_line' id='line_1_54' title="bbox 260 5150 1861 5221; baseline -0.002 -14"><span class='ocrx_word' id='word_1_372' title='bbox 260 5170 318 5207; x_wconf 86' lang='lat' dir='ltr'><strong>ac</strong></span> <span class='ocrx_word' id='word_1_373' title='bbox 351 5170 418 5207; x_wconf 89' lang='lat' dir='ltr'><strong>ne</strong></span> <span class='ocrx_word' id='word_1_374' title='bbox 440 5151 648 5205; x_wconf 88' lang='lat' dir='ltr'><strong>vultum</strong></span> <span class='ocrx_word' id='word_1_375' title='bbox 680 5151 897 5219; x_wconf 86' lang='lat' dir='ltr'><strong>quidem</strong></span> <span class='ocrx_word' id='word_1_376' title='bbox 931 5166 1087 5219; x_wconf 86' lang='lat' dir='ltr'><strong>posse</strong></span> <span class='ocrx_word' id='word_1_377' title='bbox 1126 5152 1375 5205; x_wconf 85' lang='lat' dir='ltr'><strong>attollere</strong></span> <span class='ocrx_word' id='word_1_378' title='bbox 1405 5168 1416 5202; x_wconf 90' lang='lat'><strong>:</strong></span> <span class='ocrx_word' id='word_1_379' title='bbox 1449 5150 1515 5203; x_wconf 90' lang='lat' dir='ltr'><strong>ad</strong></span> <span class='ocrx_word' id='word_1_380' title='bbox 1547 5153 1689 5218; x_wconf 86' lang='lat' dir='ltr'><strong>quod</strong></span> <span class='ocrx_word' id='word_1_381' title='bbox 1739 5168 1861 5221; x_wconf 79' lang='lat' dir='ltr'><strong>spe-</strong></span> 
     </span>
    </p>
   </div>
   <div class='ocr_carea' id='block_1_55' title="bbox 260 5240 1857 5304">
    <p class='ocr_par' dir='ltr' id='par_1_55' title="bbox 260 5240 1857 5304">
     <span class='ocr_line' id='line_1_55' title="bbox 260 5240 1857 5304; baseline -0.003 -7"><span class='ocrx_word' id='word_1_382' title='bbox 260 5245 527 5297; x_wconf 83' lang='lat' dir='ltr'><strong>ctaculum</strong></span> <span class='ocrx_word' id='word_1_383' title='bbox 557 5241 782 5295; x_wconf 72' lang='lat' dir='ltr'><strong>sublatis</strong></span> <span class='ocrx_word' id='word_1_384' title='bbox 806 5242 855 5294; x_wconf 87' lang='lat' dir='ltr'><strong>itt</strong></span> <span class='ocrx_word' id='word_1_385' title='bbox 888 5242 1077 5293; x_wconf 62' lang='lat' dir='ltr'><strong>caalum</strong></span> <span class='ocrx_word' id='word_1_386' title='bbox 1110 5242 1302 5301; x_wconf 74' lang='lat' dir='ltr'><strong>oculis,</strong></span> <span class='ocrx_word' id='word_1_387' title='bbox 1336 5240 1653 5294; x_wconf 81' lang='lat' dir='ltr'><strong>Benedictus</strong></span> <span class='ocrx_word' id='word_1_388' title='bbox 1680 5283 1693 5304; x_wconf 92' lang='lat'><strong>,</strong></span> <span class='ocrx_word' id='word_1_389' title='bbox 1725 5243 1857 5303; x_wconf 78' lang='lat' dir='ltr'><strong>dixi,</strong></span> 
     </span>
    </p>
   </div>
   <div class='ocr_carea' id='block_1_56' title="bbox 264 5333 1861 5404">
    <p class='ocr_par' dir='ltr' id='par_1_56' title="bbox 264 5333 1861 5404">
     <span class='ocr_line' id='line_1_56' title="bbox 264 5333 1861 5404; baseline -0.002 -16"><span class='ocrx_word' id='word_1_390' title='bbox 264 5336 423 5400; x_wconf 87' lang='lat' dir='ltr'><strong>Deus,</strong></span> <span class='ocrx_word' id='word_1_391' title='bbox 453 5333 597 5404; x_wconf 88' lang='lat' dir='ltr'><strong>quod</strong></span> <span class='ocrx_word' id='word_1_392' title='bbox 620 5348 724 5385; x_wconf 85' lang='lat' dir='ltr'><strong>ttutt</strong></span> <span class='ocrx_word' id='word_1_393' title='bbox 759 5333 982 5385; x_wconf 84' lang='lat' dir='ltr'><strong>mortuis</strong></span> <span class='ocrx_word' id='word_1_394' title='bbox 1006 5333 1608 5397; x_wconf 85' lang='lat' dir='ltr'><strong>inelantemusauribus,</strong></span> <span class='ocrx_word' id='word_1_395' title='bbox 1630 5334 1722 5387; x_wconf 84' lang='lat' dir='ltr'><strong>sed</strong></span> <span class='ocrx_word' id='word_1_396' title='bbox 1764 5351 1861 5388; x_wconf 85' lang='lat' dir='ltr'><strong>nn-</strong></span> 
     </span>
    </p>
   </div>
   <div class='ocr_carea' id='block_1_57' title="bbox 321 5489 1862 5556">
    <p class='ocr_par' dir='ltr' id='par_1_57' title="bbox 321 5489 1862 5556">
     <span class='ocr_line' id='line_1_57' title="bbox 321 5489 1862 5556; baseline 0.003 -15"><span class='ocrx_word' id='word_1_397' title='bbox 321 5496 395 5556; x_wconf 84' lang='lat' dir='ltr'><strong>(a)</strong></span> <span class='ocrx_word' id='word_1_398' title='bbox 427 5493 607 5542; x_wconf 74' lang='lat' dir='ltr'><strong>(tollata</strong></span> <span class='ocrx_word' id='word_1_399' title='bbox 632 5497 875 5556; x_wconf 63' lang='lat' dir='ltr'><strong>cumtlss.</strong></span> <span class='ocrx_word' id='word_1_400' title='bbox 893 5489 1104 5556; x_wconf 64' lang='lat' dir='ltr'><strong>Colbert.</strong></span> <span class='ocrx_word' id='word_1_401' title='bbox 1121 5492 1213 5541; x_wconf 83' lang='lat'><strong>970</strong></span> <span class='ocrx_word' id='word_1_402' title='bbox 1232 5501 1281 5542; x_wconf 73' lang='lat' dir='ltr'><strong>et</strong></span> <span class='ocrx_word' id='word_1_403' title='bbox 1308 5494 1443 5551; x_wconf 75' lang='grc'><strong>1050,</strong></span> <span class='ocrx_word' id='word_1_404' title='bbox 1463 5494 1508 5542; x_wconf 89' lang='lat' dir='ltr'><strong>in</strong></span> <span class='ocrx_word' id='word_1_405' title='bbox 1526 5494 1704 5556; x_wconf 82' lang='lat' dir='ltr'><strong>quibus</strong></span> <span class='ocrx_word' id='word_1_406' title='bbox 1716 5495 1862 5545; x_wconf 79' lang='lat' dir='ltr'><strong>deest</strong></span> 
     </span>
    </p>
   </div>
   <div class='ocr_carea' id='block_1_58' title="bbox 262 5552 1858 5615">
    <p class='ocr_par' dir='ltr' id='par_1_58' title="bbox 262 5552 1858 5615">
     <span class='ocr_line' id='line_1_58' title="bbox 262 5552 1858 5615; baseline 0.002 -12"><span class='ocrx_word' id='word_1_407' title='bbox 262 5552 393 5611; x_wconf 59' lang='lat' dir='ltr'><strong>illud;</strong></span> <span class='ocrx_word' id='word_1_408' title='bbox 422 5566 543 5606; x_wconf 71' lang='lat' dir='ltr'><strong>tum</strong></span> <span class='ocrx_word' id='word_1_409' title='bbox 562 5553 781 5613; x_wconf 63' lang='lat' dir='ltr'><strong>utamini,</strong></span> <span class='ocrx_word' id='word_1_410' title='bbox 808 5552 1015 5615; x_wconf 80' lang='lat' dir='ltr'><strong>perinde</strong></span> <span class='ocrx_word' id='word_1_411' title='bbox 1038 5561 1187 5614; x_wconf 78' lang='lat' dir='ltr'><strong>atque</strong></span> <span class='ocrx_word' id='word_1_412' title='bbox 1219 5557 1268 5603; x_wconf 91' lang='lat' dir='ltr'><strong>in</strong></span> <span class='ocrx_word' id='word_1_413' title='bbox 1294 5557 1409 5603; x_wconf 64' lang='grc' dir='ltr'><strong>πόει.</strong></span> <span class='ocrx_word' id='word_1_414' title='bbox 1437 5552 1576 5603; x_wconf 63' lang='grc' dir='ltr'><strong>δυγίι.</strong></span> <span class='ocrx_word' id='word_1_415' title='bbox 1606 5569 1617 5603; x_wconf 93' lang='lat'><strong>:</strong></span> <span class='ocrx_word' id='word_1_416' title='bbox 1645 5562 1858 5607; x_wconf 82' lang='lat' dir='ltr'><strong>attamen</strong></span> 
     </span>
    </p>
   </div>
   <div class='ocr_carea' id='block_1_59' title="bbox 261 5616 1860 5679">
    <p class='ocr_par' dir='ltr' id='par_1_59' title="bbox 261 5616 1860 5679">
     <span class='ocr_line' id='line_1_59' title="bbox 261 5616 1860 5679; baseline 0.003 -14"><span class='ocrx_word' id='word_1_417' title='bbox 261 5617 805 5679; x_wconf 77' lang='lat' dir='ltr'><strong>genuinumexistimo.</strong></span> <span class='ocrx_word' id='word_1_418' title='bbox 834 5616 1035 5679; x_wconf 56' lang='lat' dir='ltr'><strong>iidem</strong></span> <span class='ocrx_word' id='word_1_419' title='bbox 1063 5616 1252 5665; x_wconf 82' lang='lat' dir='ltr'><strong>Monito.</strong></span> <span class='ocrx_word' id='word_1_420' title='bbox 1294 5618 1562 5666; x_wconf 80' lang='lat' dir='ltr'><strong>Admodum</strong></span> <span class='ocrx_word' id='word_1_421' title='bbox 1600 5632 1748 5679; x_wconf 80' lang='lat' dir='ltr'><strong>pauca</strong></span> <span class='ocrx_word' id='word_1_422' title='bbox 1784 5619 1860 5669; x_wconf 82' lang='lat' dir='ltr'><strong>hic</strong></span> 
     </span>
    </p>
   </div>
   <div class='ocr_carea' id='block_1_60' title="bbox 261 5677 1121 5729">
    <p class='ocr_par' dir='ltr' id='par_1_60' title="bbox 261 5677 1121 5729">
     <span class='ocr_line' id='line_1_60' title="bbox 261 5677 1121 5729; baseline -0.006 0"><span class='ocrx_word' id='word_1_423' title='bbox 261 5690 511 5729; x_wconf 64' lang='lat' dir='ltr'><strong>matri-init</strong></span> <span class='ocrx_word' id='word_1_424' title='bbox 537 5678 803 5728; x_wconf 72' lang='lat' dir='ltr'><strong>lcetionum</strong></span> <span class='ocrx_word' id='word_1_425' title='bbox 828 5677 1121 5724; x_wconf 75' lang='lat' dir='ltr'><strong>discrimina.</strong></span> 
     </span>
    </p>
   </div>
   <div class='ocr_carea' id='block_1_61' title="bbox 322 5738 1289 5803">
    <p class='ocr_par' dir='ltr' id='par_1_61' title="bbox 322 5738 1289 5803">
     <span class='ocr_line' id='line_1_61' title="bbox 322 5738 1289 5803; baseline -0.002 -13"><span class='ocrx_word' id='word_1_426' title='bbox 322 5742 391 5801; x_wconf 69' lang='grc' dir='ltr'><strong>(υ)</strong></span> <span class='ocrx_word' id='word_1_427' title='bbox 428 5749 592 5803; x_wconf 75' lang='lat' dir='ltr'><strong>Supra,</strong></span> <span class='ocrx_word' id='word_1_428' title='bbox 614 5739 786 5791; x_wconf 80' lang='lat' dir='ltr'><strong>ttonul.</strong></span> <span class='ocrx_word' id='word_1_429' title='bbox 804 5740 866 5789; x_wconf 84' lang='lat' dir='ltr'><strong>de</strong></span> <span class='ocrx_word' id='word_1_430' title='bbox 892 5738 1061 5789; x_wconf 84' lang='lat' dir='ltr'><strong>libello</strong></span> <span class='ocrx_word' id='word_1_431' title='bbox 1083 5739 1289 5801; x_wconf 75' lang='lat' dir='ltr'><strong>repudii.</strong></span> 
     </span>
    </p>
   </div>
   <div class='ocr_carea' id='block_1_62' title="bbox 1988 1221 3511 1303">
    <p class='ocr_par' dir='ltr' id='par_1_62' title="bbox 1988 1221 3511 1303">
     <span class='ocr_line' id='line_1_62' title="bbox 1988 1221 3511 1303; baseline 0.022 -33"><span class='ocrx_word' id='word_1_432' title='bbox 1988 1227 2101 1273; x_wconf 85' lang='lat' dir='ltr'><strong>stra</strong></span> <span class='ocrx_word' id='word_1_433' title='bbox 2127 1221 2290 1276; x_wconf 82' lang='lat' dir='ltr'><strong>verba</strong></span> <span class='ocrx_word' id='word_1_434' title='bbox 2316 1224 2669 1284; x_wconf 81' lang='lat' dir='ltr'><strong>vehementer</strong></span> <span class='ocrx_word' id='word_1_435' title='bbox 2695 1237 2916 1302; x_wconf 83' lang='lat' dir='ltr'><strong>tangant</strong></span> <span class='ocrx_word' id='word_1_436' title='bbox 2943 1234 3253 1295; x_wconf 87' lang='lat' dir='ltr'><strong>auditorum</strong></span> <span class='ocrx_word' id='word_1_437' title='bbox 3279 1256 3511 1303; x_wconf 81' lang='lat' dir='ltr'><strong>animos.</strong></span> 
     </span>
    </p>
   </div>
   <div class='ocr_carea' id='block_1_63' title="bbox 2094 1311 3602 1395">
    <p class='ocr_par' dir='ltr' id='par_1_63' title="bbox 2094 1311 3602 1395">
     <span class='ocr_line' id='line_1_63' title="bbox 2094 1311 3602 1395; baseline 0.02 -29"><span class='ocrx_word' id='word_1_438' title='bbox 2094 1311 2492 1384; x_wconf 78' lang='lat' dir='ltr'><strong>lustiﬁcationis</strong></span> <span class='ocrx_word' id='word_1_439' title='bbox 2551 1337 2675 1391; x_wconf 79' lang='lat' dir='ltr'><strong>pars</strong></span> <span class='ocrx_word' id='word_1_440' title='bbox 2740 1334 3003 1394; x_wconf 79' lang='lat' dir='ltr'><strong>peccatum</strong></span> <span class='ocrx_word' id='word_1_441' title='bbox 3070 1330 3336 1390; x_wconf 74' lang='lat' dir='ltr'><strong>damnare.</strong></span> <span class='ocrx_word' id='word_1_442' title='bbox 3398 1336 3602 1395; x_wconf 68' lang='lat' dir='ltr'><strong>Nature</strong></span> 
     </span>
    </p>
   </div>
   <div class='ocr_carea' id='block_1_64' title="bbox 1986 1404 3603 1496">
    <p class='ocr_par' dir='ltr' id='par_1_64' title="bbox 1986 1404 3603 1496">
     <span class='ocr_line' id='line_1_64' title="bbox 1986 1404 3603 1496; baseline 0.02 -40"><span class='ocrx_word' id='word_1_443' title='bbox 1986 1404 2051 1456; x_wconf 84' lang='lat' dir='ltr'><strong>de</strong></span> <span class='ocrx_word' id='word_1_444' title='bbox 2113 1408 2306 1477; x_wconf 79' lang='lat' dir='ltr'><strong>nuptiis</strong></span> <span class='ocrx_word' id='word_1_445' title='bbox 2366 1410 2773 1470; x_wconf 77' lang='lat' dir='ltr'><strong>deliberandum.</strong></span> <span class='ocrx_word' id='word_1_446' title='bbox 2828 1447 2899 1458; x_wconf 91' lang='lat'>—</span> <span class='ocrx_word' id='word_1_447' title='bbox 2949 1418 3137 1479; x_wconf 84' lang='lat' dir='ltr'><strong>Satius</strong></span> <span class='ocrx_word' id='word_1_448' title='bbox 3181 1425 3401 1496; x_wconf 86' lang='lat' dir='ltr'><strong>quidem</strong></span> <span class='ocrx_word' id='word_1_449' title='bbox 3455 1443 3603 1489; x_wconf 84' lang='lat' dir='ltr'><strong>esset</strong></span> 
     </span>
    </p>
   </div>
   <div class='ocr_carea' id='block_1_65' title="bbox 1985 1498 3598 1587">
    <p class='ocr_par' dir='ltr' id='par_1_65' title="bbox 1985 1498 3598 1587">
     <span class='ocr_line' id='line_1_65' title="bbox 1985 1498 3598 1587; baseline 0.019 -37"><span class='ocrx_word' id='word_1_450' title='bbox 1985 1498 2206 1555; x_wconf 90' lang='lat' dir='ltr'><strong>omnino</strong></span> <span class='ocrx_word' id='word_1_451' title='bbox 2254 1516 2283 1554; x_wconf 92' lang='lat' dir='ltr'><strong>a</strong></span> <span class='ocrx_word' id='word_1_452' title='bbox 2333 1506 2611 1573; x_wconf 86' lang='lat' dir='ltr'><strong>peccando</strong></span> <span class='ocrx_word' id='word_1_453' title='bbox 2658 1509 2973 1578; x_wconf 79' lang='lat' dir='ltr'><strong>abstinere,</strong></span> <span class='ocrx_word' id='word_1_454' title='bbox 3018 1507 3125 1570; x_wconf 78' lang='lat' dir='ltr'><strong>nim</strong></span> <span class='ocrx_word' id='word_1_455' title='bbox 3169 1533 3391 1587; x_wconf 87' lang='lat' dir='ltr'><strong>parvum</strong></span> <span class='ocrx_word' id='word_1_456' title='bbox 3418 1530 3598 1579; x_wconf 89' lang='lat' dir='ltr'><strong>tamen</strong></span> 
     </span>
    </p>
   </div>
   <div class='ocr_carea' id='block_1_66' title="bbox 1984 1589 3597 1677">
    <p class='ocr_par' dir='ltr' id='par_1_66' title="bbox 1984 1589 3597 1677">
     <span class='ocr_line' id='line_1_66' title="bbox 1984 1589 3597 1677; baseline 0.019 -35"><span class='ocrx_word' id='word_1_457' title='bbox 1984 1589 2053 1643; x_wconf 88' lang='lat' dir='ltr'><strong>ad</strong></span> <span class='ocrx_word' id='word_1_458' title='bbox 2081 1590 2309 1647; x_wconf 89' lang='lat' dir='ltr'><strong>salutem</strong></span> <span class='ocrx_word' id='word_1_459' title='bbox 2334 1608 2666 1653; x_wconf 89' lang='lat' dir='ltr'><strong>momentum</strong></span> <span class='ocrx_word' id='word_1_460' title='bbox 2693 1609 2798 1666; x_wconf 87' lang='lat' dir='ltr'><strong>est,</strong></span> <span class='ocrx_word' id='word_1_461' title='bbox 2856 1605 3097 1675; x_wconf 83' lang='lat' dir='ltr'><strong>agnitum</strong></span> <span class='ocrx_word' id='word_1_462' title='bbox 3129 1620 3410 1677; x_wconf 87' lang='lat' dir='ltr'><strong>peccatum</strong></span> <span class='ocrx_word' id='word_1_463' title='bbox 3441 1614 3597 1670; x_wconf 85' lang='lat' dir='ltr'><strong>dam-</strong></span> 
     </span>
    </p>
   </div>
   <div class='ocr_carea' id='block_1_67' title="bbox 1986 1690 3601 1778">
    <p class='ocr_par' dir='ltr' id='par_1_67' title="bbox 1986 1690 3601 1778">
     <span class='ocr_line' id='line_1_67' title="bbox 1986 1690 3601 1778; baseline 0.018 -43"><span class='ocrx_word' id='word_1_464' title='bbox 1986 1694 2241 1778; x_wconf 30' lang='lat' dir='ltr'><strong>nare,-et</strong></span> <span class='ocrx_word' id='word_1_465' title='bbox 2292 1690 2560 1760; x_wconf 87' lang='lat' dir='ltr'><strong>castigare</strong></span> <span class='ocrx_word' id='word_1_466' title='bbox 2610 1692 2899 1763; x_wconf 80' lang='lat' dir='ltr'><strong>diligenter</strong></span> <span class='ocrx_word' id='word_1_467' title='bbox 2941 1700 3363 1771; x_wconf 89' lang='lat' dir='ltr'><strong>conscientiam,</strong></span> <span class='ocrx_word' id='word_1_468' title='bbox 3413 1715 3601 1778; x_wconf 88' lang='lat' dir='ltr'><strong>utpote</strong></span> 
     </span>
    </p>
   </div>
   <div class='ocr_carea' id='block_1_68' title="bbox 1983 1775 3598 1868">
    <p class='ocr_par' dir='ltr' id='par_1_68' title="bbox 1983 1775 3598 1868">
     <span class='ocr_line' id='line_1_68' title="bbox 1983 1775 3598 1868; baseline 0.016 -40"><span class='ocrx_word' id='word_1_469' title='bbox 1983 1790 2106 1828; x_wconf 91' lang='lat' dir='ltr'><strong>cum</strong></span> <span class='ocrx_word' id='word_1_470' title='bbox 2158 1775 2261 1832; x_wconf 91' lang='lat' dir='ltr'><strong>hoc</strong></span> <span class='ocrx_word' id='word_1_471' title='bbox 2299 1779 2475 1849; x_wconf 88' lang='lat' dir='ltr'><strong>ipsum</strong></span> <span class='ocrx_word' id='word_1_472' title='bbox 2541 1782 2947 1851; x_wconf 85' lang='lat' dir='ltr'><strong>justilicationis</strong></span> <span class='ocrx_word' id='word_1_473' title='bbox 2988 1805 3112 1859; x_wconf 89' lang='lat' dir='ltr'><strong>pars</strong></span> <span class='ocrx_word' id='word_1_474' title='bbox 3141 1793 3255 1859; x_wconf 89' lang='lat' dir='ltr'><strong>sit,</strong></span> <span class='ocrx_word' id='word_1_475' title='bbox 3309 1803 3364 1850; x_wconf 91' lang='lat' dir='ltr'><strong>et</strong></span> <span class='ocrx_word' id='word_1_476' title='bbox 3419 1775 3598 1868; x_wconf 84' lang='lat' dir='ltr'><strong>impo-</strong></span> 
     </span>
    </p>
   </div>
   <div class='ocr_carea' id='block_1_69' title="bbox 1984 1874 3597 1957">
    <p class='ocr_par' dir='ltr' id='par_1_69' title="bbox 1984 1874 3597 1957">
     <span class='ocr_line' id='line_1_69' title="bbox 1984 1874 3597 1957; baseline 0.017 -38"><span class='ocrx_word' id='word_1_477' title='bbox 1984 1876 2189 1923; x_wconf 89' lang='lat' dir='ltr'><strong>sterum</strong></span> <span class='ocrx_word' id='word_1_478' title='bbox 2238 1885 2272 1925; x_wconf 90' lang='lat' dir='ltr'><strong>a</strong></span> <span class='ocrx_word' id='word_1_479' title='bbox 2328 1874 2600 1941; x_wconf 88' lang='lat' dir='ltr'><strong>peccando</strong></span> <span class='ocrx_word' id='word_1_480' title='bbox 2642 1887 2844 1934; x_wconf 89' lang='lat' dir='ltr'><strong>arceat.</strong></span> <span class='ocrx_word' id='word_1_481' title='bbox 2900 1878 3037 1935; x_wconf 84' lang='lat' dir='ltr'><strong>lline</strong></span> <span class='ocrx_word' id='word_1_482' title='bbox 3090 1893 3174 1939; x_wconf 88' lang='lat' dir='ltr'><strong>est</strong></span> <span class='ocrx_word' id='word_1_483' title='bbox 3230 1887 3377 1957; x_wconf 89' lang='lat' dir='ltr'><strong>quod</strong></span> <span class='ocrx_word' id='word_1_484' title='bbox 3435 1892 3597 1948; x_wconf 88' lang='lat' dir='ltr'><strong>etiam</strong></span> 
     </span>
    </p>
   </div>
   <div class='ocr_carea' id='block_1_70' title="bbox 1986 1957 3598 2039">
    <p class='ocr_par' dir='ltr' id='par_1_70' title="bbox 1986 1957 3598 2039">
     <span class='ocr_line' id='line_1_70' title="bbox 1986 1957 3598 2039; baseline 0.017 -28"><span class='ocrx_word' id='word_1_485' title='bbox 1986 1957 2184 2013; x_wconf 81' lang='lat' dir='ltr'><strong>Paulus</strong></span> <span class='ocrx_word' id='word_1_486' title='bbox 2235 1976 2350 2029; x_wconf 90' lang='lat' dir='ltr'><strong>eos,</strong></span> <span class='ocrx_word' id='word_1_487' title='bbox 2402 1965 2493 2035; x_wconf 92' lang='lat' dir='ltr'><strong>qui</strong></span> <span class='ocrx_word' id='word_1_488' title='bbox 2540 1981 2942 2037; x_wconf 88' lang='lat' dir='ltr'><strong>peccaverant,</strong></span> <span class='ocrx_word' id='word_1_489' title='bbox 2999 1978 3350 2035; x_wconf 80' lang='lat' dir='ltr'><strong>Contristatos</strong></span> <span class='ocrx_word' id='word_1_490' title='bbox 3409 1982 3598 2039; x_wconf 87' lang='lat' dir='ltr'><strong>videns</strong></span> 
     </span>
    </p>
   </div>
   <div class='ocr_carea' id='block_1_71' title="bbox 1982 2049 3596 2145">
    <p class='ocr_par' dir='ltr' id='par_1_71' title="bbox 1982 2049 3596 2145">
     <span class='ocr_line' id='line_1_71' title="bbox 1982 2049 3596 2145; baseline 0.018 -44"><span class='ocrx_word' id='word_1_491' title='bbox 1982 2049 2286 2145; x_wconf 80' lang='lat' dir='ltr'><strong>gaudebat,</strong></span> <span class='ocrx_word' id='word_1_492' title='bbox 2320 2069 2426 2109; x_wconf 90' lang='lat' dir='ltr'><strong>non</strong></span> <span class='ocrx_word' id='word_1_493' title='bbox 2467 2057 2537 2113; x_wconf 92' lang='lat' dir='ltr'><strong>ob</strong></span> <span class='ocrx_word' id='word_1_494' title='bbox 2590 2074 2778 2116; x_wconf 89' lang='lat' dir='ltr'><strong>eorum</strong></span> <span class='ocrx_word' id='word_1_495' title='bbox 2826 2064 3135 2131; x_wconf 90' lang='lat' dir='ltr'><strong>tristitiam,</strong></span> <span class='ocrx_word' id='word_1_496' title='bbox 3178 2070 3275 2125; x_wconf 84' lang='lat' dir='ltr'><strong>sed</strong></span> <span class='ocrx_word' id='word_1_497' title='bbox 3318 2074 3463 2142; x_wconf 91' lang='lat' dir='ltr'><strong>quod</strong></span> <span class='ocrx_word' id='word_1_498' title='bbox 3503 2090 3596 2145; x_wconf 82' lang='lat' dir='ltr'><strong>per</strong></span> 
     </span>
    </p>
   </div>
   <div class='ocr_carea' id='block_1_72' title="bbox 1983 2138 3594 2235">
    <p class='ocr_par' dir='ltr' id='par_1_72' title="bbox 1983 2138 3594 2235">
     <span class='ocr_line' id='line_1_72' title="bbox 1983 2138 3594 2235; baseline 0.018 -43"><span class='ocrx_word' id='word_1_499' title='bbox 1983 2138 2124 2197; x_wconf 89' lang='lat' dir='ltr'><strong>hanc</strong></span> <span class='ocrx_word' id='word_1_500' title='bbox 2168 2145 2510 2203; x_wconf 90' lang='lat' dir='ltr'><strong>occasionem</strong></span> <span class='ocrx_word' id='word_1_501' title='bbox 2556 2154 2789 2208; x_wconf 89' lang='lat' dir='ltr'><strong>correcti</strong></span> <span class='ocrx_word' id='word_1_502' title='bbox 2842 2166 3043 2211; x_wconf 86' lang='lat' dir='ltr'><strong>essent.</strong></span> <span class='ocrx_word' id='word_1_503' title='bbox 3098 2138 3350 2231; x_wconf 77' lang='lat' dir='ltr'><strong>Gaudeo,</strong></span> <span class='ocrx_word' id='word_1_504' title='bbox 3398 2138 3594 2235; x_wconf 80' lang='lat' dir='ltr'><strong>inquit,</strong></span> 
     </span>
    </p>
   </div>
   <div class='ocr_carea' id='block_1_73' title="bbox 1981 2239 3597 2321">
    <p class='ocr_par' dir='ltr' id='par_1_73' title="bbox 1981 2239 3597 2321">
     <span class='ocr_line' id='line_1_73' title="bbox 1981 2239 3597 2321; baseline 0.02 -38"><span class='ocrx_word' id='word_1_505' title='bbox 1981 2248 2083 2286; x_wconf 84' lang='lat' dir='ltr'><strong>non</strong></span> <span class='ocrx_word' id='word_1_506' title='bbox 2110 2239 2248 2305; x_wconf 82' lang='lat' dir='ltr'><strong>quod</strong></span> <span class='ocrx_word' id='word_1_507' title='bbox 2273 2242 2559 2295; x_wconf 81' lang='lat' dir='ltr'><strong>contristati</strong></span> <span class='ocrx_word' id='word_1_508' title='bbox 2580 2243 2801 2313; x_wconf 74' lang='lat' dir='ltr'><strong>fueritis,</strong></span> <span class='ocrx_word' id='word_1_509' title='bbox 2852 2250 2944 2303; x_wconf 85' lang='lat' dir='ltr'><strong>sed</strong></span> <span class='ocrx_word' id='word_1_510' title='bbox 2981 2253 3119 2321; x_wconf 80' lang='lat' dir='ltr'><strong>quod</strong></span> <span class='ocrx_word' id='word_1_511' title='bbox 3169 2256 3461 2312; x_wconf 82' lang='lat' dir='ltr'><strong>contristati</strong></span> <span class='ocrx_word' id='word_1_512' title='bbox 3488 2262 3597 2316; x_wconf 79' lang='lat' dir='ltr'><strong>sitis</strong></span> 
     </span>
    </p>
   </div>
   <div class='ocr_carea' id='block_1_74' title="bbox 1981 2324 3594 2416">
    <p class='ocr_par' dir='ltr' id='par_1_74' title="bbox 1981 2324 3594 2416">
     <span class='ocr_line' id='line_1_74' title="bbox 1981 2324 3594 2416; baseline 0.019 -42"><span class='ocrx_word' id='word_1_513' title='bbox 1981 2324 2050 2416; x_wconf 86' lang='lat' dir='ltr'><strong>ad</strong></span> <span class='ocrx_word' id='word_1_514' title='bbox 2079 2328 2425 2393; x_wconf 73' lang='lat' dir='ltr'><strong>ptenitentiam</strong></span> <span class='ocrx_word' id='word_1_515' title='bbox 2450 2350 2470 2387; x_wconf 90' lang='lat'><strong>:</strong></span> <span class='ocrx_word' id='word_1_516' title='bbox 2501 2350 2619 2387; x_wconf 84' lang='lat' dir='ltr'><strong>nam</strong></span> <span class='ocrx_word' id='word_1_517' title='bbox 2645 2337 2734 2403; x_wconf 81' lang='lat' dir='ltr'><strong>qui</strong></span> <span class='ocrx_word' id='word_1_518' title='bbox 2759 2340 3037 2393; x_wconf 83' lang='lat' dir='ltr'><strong>secundum</strong></span> <span class='ocrx_word' id='word_1_519' title='bbox 3070 2342 3234 2397; x_wconf 84' lang='lat' dir='ltr'><strong>Deum</strong></span> <span class='ocrx_word' id='word_1_520' title='bbox 3278 2357 3351 2400; x_wconf 85' lang='lat' dir='ltr'><strong>est</strong></span> <span class='ocrx_word' id='word_1_521' title='bbox 3401 2348 3550 2403; x_wconf 82' lang='lat' dir='ltr'><strong>dolor</strong></span> <span class='ocrx_word' id='word_1_522' title='bbox 3576 2392 3594 2416; x_wconf 90' lang='lat'><strong>,</strong></span> 
     </span>
    </p>
   </div>
   <div class='ocr_carea' id='block_1_75' title="bbox 1980 2414 3594 2508">
    <p class='ocr_par' dir='ltr' id='par_1_75' title="bbox 1980 2414 3594 2508">
     <span class='ocr_line' id='line_1_75' title="bbox 1980 2414 3594 2508; baseline 0.018 -42"><span class='ocrx_word' id='word_1_523' title='bbox 1980 2414 2024 2508; x_wconf 72' lang='lat' dir='ltr'><strong>is</strong></span> <span class='ocrx_word' id='word_1_524' title='bbox 2051 2419 2396 2508; x_wconf 68' lang='lat' dir='ltr'><strong>pteititentiam</strong></span> <span class='ocrx_word' id='word_1_525' title='bbox 2426 2425 2496 2477; x_wconf 84' lang='lat' dir='ltr'><strong>ad</strong></span> <span class='ocrx_word' id='word_1_526' title='bbox 2536 2426 2754 2481; x_wconf 84' lang='lat' dir='ltr'><strong>salutem</strong></span> <span class='ocrx_word' id='word_1_527' title='bbox 2790 2446 2891 2484; x_wconf 83' lang='lat' dir='ltr'><strong>non</strong></span> <span class='ocrx_word' id='word_1_528' title='bbox 2918 2430 3125 2487; x_wconf 79' lang='lat' dir='ltr'><strong>dubiam</strong></span> <span class='ocrx_word' id='word_1_529' title='bbox 3153 2437 3292 2505; x_wconf 80' lang='lat' dir='ltr'><strong>parit</strong></span> <span class='ocrx_word' id='word_1_530' title='bbox 3342 2438 3437 2508; x_wconf 74' lang='lat'><strong>(2.</strong></span> <span class='ocrx_word' id='word_1_531' title='bbox 3472 2414 3594 2495; x_wconf 76' lang='lat' dir='ltr'><strong>Cor.</strong></span> 
     </span>
    </p>
   </div>
   <div class='ocr_carea' id='block_1_76' title="bbox 1981 2505 3593 2601">
    <p class='ocr_par' dir='ltr' id='par_1_76' title="bbox 1981 2505 3593 2601">
     <span class='ocr_line' id='line_1_76' title="bbox 1981 2505 3593 2601; baseline 0.019 -42"><span class='ocrx_word' id='word_1_532' title='bbox 1981 2505 2033 2559; x_wconf 90' lang='lat'><strong>7.</strong></span> <span class='ocrx_word' id='word_1_533' title='bbox 2066 2507 2121 2562; x_wconf 87' lang='lat'><strong>9.</strong></span> <span class='ocrx_word' id='word_1_534' title='bbox 2158 2509 2268 2579; x_wconf 87' lang='lat' dir='ltr'><strong>l0).</strong></span> <span class='ocrx_word' id='word_1_535' title='bbox 2301 2512 2444 2583; x_wconf 85' lang='lat' dir='ltr'><strong>Ergo</strong></span> <span class='ocrx_word' id='word_1_536' title='bbox 2467 2517 2582 2571; x_wconf 89' lang='lat' dir='ltr'><strong>sive</strong></span> <span class='ocrx_word' id='word_1_537' title='bbox 2628 2522 2859 2589; x_wconf 85' lang='lat' dir='ltr'><strong>propriis</strong></span> <span class='ocrx_word' id='word_1_538' title='bbox 2885 2563 2901 2586; x_wconf 93' lang='lat'><strong>,</strong></span> <span class='ocrx_word' id='word_1_539' title='bbox 2943 2526 3060 2579; x_wconf 88' lang='lat' dir='ltr'><strong>sive</strong></span> <span class='ocrx_word' id='word_1_540' title='bbox 3110 2527 3306 2582; x_wconf 88' lang='lat' dir='ltr'><strong>alienis</strong></span> <span class='ocrx_word' id='word_1_541' title='bbox 3352 2505 3593 2601; x_wconf 88' lang='lat' dir='ltr'><strong>peccatis</strong></span> 
     </span>
    </p>
   </div>
   <div class='ocr_carea' id='block_1_77' title="bbox 1981 2600 3590 2689">
    <p class='ocr_par' dir='ltr' id='par_1_77' title="bbox 1981 2600 3590 2689">
     <span class='ocr_line' id='line_1_77' title="bbox 1981 2600 3590 2689; baseline 0.019 -40"><span class='ocrx_word' id='word_1_542' title='bbox 1981 2606 2108 2654; x_wconf 91' lang='lat' dir='ltr'><strong>tunc</strong></span> <span class='ocrx_word' id='word_1_543' title='bbox 2140 2600 2467 2671; x_wconf 90' lang='lat' dir='ltr'><strong>indoluistis,</strong></span> <span class='ocrx_word' id='word_1_544' title='bbox 2496 2606 2703 2678; x_wconf 88' lang='lat' dir='ltr'><strong>ingenti</strong></span> <span class='ocrx_word' id='word_1_545' title='bbox 2736 2611 2894 2667; x_wconf 88' lang='lat' dir='ltr'><strong>laude</strong></span> <span class='ocrx_word' id='word_1_546' title='bbox 2922 2616 3053 2669; x_wconf 86' lang='lat' dir='ltr'><strong>estis</strong></span> <span class='ocrx_word' id='word_1_547' title='bbox 3098 2600 3426 2689; x_wconf 86' lang='lat' dir='ltr'><strong>dignissimi.</strong></span> <span class='ocrx_word' id='word_1_548' title='bbox 3455 2621 3590 2679; x_wconf 85' lang='lat' dir='ltr'><strong>Nam</strong></span> 
     </span>
    </p>
   </div>
   <div class='ocr_carea' id='block_1_78' title="bbox 1979 2692 3591 2781">
    <p class='ocr_par' dir='ltr' id='par_1_78' title="bbox 1979 2692 3591 2781">
     <span class='ocr_line' id='line_1_78' title="bbox 1979 2692 3591 2781; baseline 0.018 -40"><span class='ocrx_word' id='word_1_549' title='bbox 1979 2692 2141 2759; x_wconf 88' lang='lat' dir='ltr'><strong>etqui</strong></span> <span class='ocrx_word' id='word_1_550' title='bbox 2167 2708 2266 2761; x_wconf 93' lang='lat' dir='ltr'><strong>pro</strong></span> <span class='ocrx_word' id='word_1_551' title='bbox 2281 2695 2476 2751; x_wconf 89' lang='lat' dir='ltr'><strong>alienis</strong></span> <span class='ocrx_word' id='word_1_552' title='bbox 2497 2697 2665 2767; x_wconf 88' lang='lat' dir='ltr'><strong>dolet,</strong></span> <span class='ocrx_word' id='word_1_553' title='bbox 2692 2706 2989 2771; x_wconf 88' lang='lat' dir='ltr'><strong>apostolica</strong></span> <span class='ocrx_word' id='word_1_554' title='bbox 3012 2722 3121 2775; x_wconf 73' lang='lat' dir='ltr'><strong>prae</strong></span> <span class='ocrx_word' id='word_1_555' title='bbox 3146 2723 3207 2765; x_wconf 86' lang='lat' dir='ltr'><strong>se</strong></span> <span class='ocrx_word' id='word_1_556' title='bbox 3232 2709 3341 2765; x_wconf 90' lang='lat' dir='ltr'><strong>fert</strong></span> <span class='ocrx_word' id='word_1_557' title='bbox 3362 2711 3591 2781; x_wconf 88' lang='lat' dir='ltr'><strong>viscera,</strong></span> 
     </span>
    </p>
   </div>
   <div class='ocr_carea' id='block_1_79' title="bbox 1979 2784 3587 2872">
    <p class='ocr_par' dir='ltr' id='par_1_79' title="bbox 1979 2784 3587 2872">
     <span class='ocr_line' id='line_1_79' title="bbox 1979 2784 3587 2872; baseline 0.017 -38"><span class='ocrx_word' id='word_1_558' title='bbox 1979 2791 2033 2835; x_wconf 93' lang='lat' dir='ltr'><strong>et</strong></span> <span class='ocrx_word' id='word_1_559' title='bbox 2063 2784 2277 2839; x_wconf 88' lang='lat' dir='ltr'><strong>beatum</strong></span> <span class='ocrx_word' id='word_1_560' title='bbox 2309 2786 2461 2843; x_wconf 89' lang='lat' dir='ltr'><strong>illum</strong></span> <span class='ocrx_word' id='word_1_561' title='bbox 2495 2790 2757 2859; x_wconf 89' lang='lat' dir='ltr'><strong>imitatur,</strong></span> <span class='ocrx_word' id='word_1_562' title='bbox 2785 2796 3084 2863; x_wconf 86' lang='lat' dir='ltr'><strong>dicentem,</strong></span> <span class='ocrx_word' id='word_1_563' title='bbox 3118 2801 3245 2865; x_wconf 83' lang='lat' dir='ltr'><strong>Quis</strong></span> <span class='ocrx_word' id='word_1_564' title='bbox 3268 2803 3587 2872; x_wconf 74' lang='lat' dir='ltr'><strong>infirmatur,</strong></span> 
     </span>
    </p>
   </div>
   <div class='ocr_carea' id='block_1_80' title="bbox 1978 2878 3593 2966">
    <p class='ocr_par' dir='ltr' id='par_1_80' title="bbox 1978 2878 3593 2966">
     <span class='ocr_line' id='line_1_80' title="bbox 1978 2878 3593 2966; baseline 0.017 -41"><span class='ocrx_word' id='word_1_565' title='bbox 1978 2883 2026 2925; x_wconf 84' lang='lat' dir='ltr'><strong>et</strong></span> <span class='ocrx_word' id='word_1_566' title='bbox 2051 2891 2143 2945; x_wconf 80' lang='lat' dir='ltr'><strong>ego</strong></span> <span class='ocrx_word' id='word_1_567' title='bbox 2170 2893 2271 2930; x_wconf 86' lang='lat' dir='ltr'><strong>non</strong></span> <span class='ocrx_word' id='word_1_568' title='bbox 2295 2878 2575 2948; x_wconf 80' lang='lat' dir='ltr'><strong>inﬁrmor?</strong></span> <span class='ocrx_word' id='word_1_569' title='bbox 2622 2886 2736 2951; x_wconf 80' lang='lat' dir='ltr'><strong>quis</strong></span> <span class='ocrx_word' id='word_1_570' title='bbox 2761 2888 3147 2944; x_wconf 74' lang='lat' dir='ltr'><strong>scandalizatur</strong></span> <span class='ocrx_word' id='word_1_571' title='bbox 3171 2934 3186 2959; x_wconf 91' lang='lat'><strong>,</strong></span> <span class='ocrx_word' id='word_1_572' title='bbox 3241 2905 3292 2948; x_wconf 89' lang='lat' dir='ltr'><strong>et</strong></span> <span class='ocrx_word' id='word_1_573' title='bbox 3342 2913 3435 2966; x_wconf 82' lang='lat' dir='ltr'><strong>ego</strong></span> <span class='ocrx_word' id='word_1_574' title='bbox 3492 2915 3593 2953; x_wconf 81' lang='lat' dir='ltr'><strong>non</strong></span> 
     </span>
    </p>
   </div>
   <div class='ocr_carea' id='block_1_81' title="bbox 1978 2968 3601 3061">
    <p class='ocr_par' dir='ltr' id='par_1_81' title="bbox 1978 2968 3601 3061">
     <span class='ocr_line' id='line_1_81' title="bbox 1978 2968 3601 3061; baseline 0.018 -43"><span class='ocrx_word' id='word_1_575' title='bbox 1978 2968 2217 3061; x_wconf 71' lang='lat' dir='ltr'><strong>uror(2.</strong></span> <span class='ocrx_word' id='word_1_576' title='bbox 2256 2971 2374 3027; x_wconf 88' lang='lat' dir='ltr'><strong>Cor.</strong></span> <span class='ocrx_word' id='word_1_577' title='bbox 2422 2976 2509 3030; x_wconf 84' lang='lat' dir='ltr'><strong>ll.</strong></span> <span class='ocrx_word' id='word_1_578' title='bbox 2541 2975 2675 3049; x_wconf 74' lang='lat'><strong>29)?</strong></span> <span class='ocrx_word' id='word_1_579' title='bbox 2725 2980 2792 3035; x_wconf 87' lang='lat' dir='ltr'><strong>Et</strong></span> <span class='ocrx_word' id='word_1_580' title='bbox 2836 2983 2928 3049; x_wconf 87' lang='lat' dir='ltr'><strong>qui</strong></span> <span class='ocrx_word' id='word_1_581' title='bbox 2974 2986 3207 3054; x_wconf 87' lang='lat' dir='ltr'><strong>propriis</strong></span> <span class='ocrx_word' id='word_1_582' title='bbox 3255 2990 3541 3047; x_wconf 91' lang='lat' dir='ltr'><strong>mordetur</strong></span> <span class='ocrx_word' id='word_1_583' title='bbox 3571 3027 3601 3061; x_wconf 89' lang='lat'><strong>,-</strong></span> 
     </span>
    </p>
   </div>
   <div class='ocr_carea' id='block_1_82' title="bbox 1977 3059 3591 3150">
    <p class='ocr_par' dir='ltr' id='par_1_82' title="bbox 1977 3059 3591 3150">
     <span class='ocr_line' id='line_1_82' title="bbox 1977 3059 3591 3150; baseline 0.017 -37"><span class='ocrx_word' id='word_1_584' title='bbox 1977 3059 2211 3117; x_wconf 87' lang='lat' dir='ltr'><strong>debitam</strong></span> <span class='ocrx_word' id='word_1_585' title='bbox 2239 3065 2533 3121; x_wconf 87' lang='lat' dir='ltr'><strong>sceleribus</strong></span> <span class='ocrx_word' id='word_1_586' title='bbox 2554 3070 2666 3123; x_wconf 86' lang='lat' dir='ltr'><strong>suis</strong></span> <span class='ocrx_word' id='word_1_587' title='bbox 2695 3086 2908 3139; x_wconf 65' lang='lat' dir='ltr'><strong>poenam</strong></span> <span class='ocrx_word' id='word_1_588' title='bbox 2934 3076 3224 3145; x_wconf 76' lang='lat' dir='ltr'><strong>exstinxit,</strong></span> <span class='ocrx_word' id='word_1_589' title='bbox 3249 3090 3303 3135; x_wconf 88' lang='lat' dir='ltr'><strong>et</strong></span> <span class='ocrx_word' id='word_1_590' title='bbox 3332 3097 3428 3150; x_wconf 90' lang='lat' dir='ltr'><strong>per</strong></span> <span class='ocrx_word' id='word_1_591' title='bbox 3448 3059 3591 3141; x_wconf 78' lang='lat' dir='ltr'><strong>hunc</strong></span> 
     </span>
    </p>
   </div>
   <div class='ocr_carea' id='block_1_83' title="bbox 1977 3150 3590 3231">
    <p class='ocr_par' dir='ltr' id='par_1_83' title="bbox 1977 3150 3590 3231">
     <span class='ocr_line' id='line_1_83' title="bbox 1977 3150 3590 3231; baseline 0.017 -27"><span class='ocrx_word' id='word_1_592' title='bbox 1977 3150 2219 3208; x_wconf 89' lang='lat' dir='ltr'><strong>dolorem</strong></span> <span class='ocrx_word' id='word_1_593' title='bbox 2253 3156 2305 3209; x_wconf 91' lang='lat' dir='ltr'><strong>in</strong></span> <span class='ocrx_word' id='word_1_594' title='bbox 2330 3156 2568 3214; x_wconf 90' lang='lat' dir='ltr'><strong>futurum</strong></span> <span class='ocrx_word' id='word_1_595' title='bbox 2596 3177 2657 3216; x_wconf 90' lang='lat' dir='ltr'><strong>se</strong></span> <span class='ocrx_word' id='word_1_596' title='bbox 2702 3164 3005 3220; x_wconf 88' lang='lat' dir='ltr'><strong>cautiorem</strong></span> <span class='ocrx_word' id='word_1_597' title='bbox 3058 3168 3314 3225; x_wconf 90' lang='lat' dir='ltr'><strong>reddidit.</strong></span> <span class='ocrx_word' id='word_1_598' title='bbox 3365 3173 3477 3230; x_wconf 86' lang='lat' dir='ltr'><strong>Hae</strong></span> <span class='ocrx_word' id='word_1_599' title='bbox 3522 3176 3590 3231; x_wconf 84' lang='lat' dir='ltr'><strong>de</strong></span> 
     </span>
    </p>
   </div>
   <div class='ocr_carea' id='block_1_84' title="bbox 1976 3254 3585 3337">
    <p class='ocr_par' dir='ltr' id='par_1_84' title="bbox 1976 3254 3585 3337">
     <span class='ocr_line' id='line_1_84' title="bbox 1976 3254 3585 3337; baseline 0.017 -41"><span class='ocrx_word' id='word_1_600' title='bbox 1976 3257 2135 3298; x_wconf 88' lang='lat' dir='ltr'><strong>causa</strong></span> <span class='ocrx_word' id='word_1_601' title='bbox 2160 3260 2260 3314; x_wconf 90' lang='lat' dir='ltr'><strong>ego</strong></span> <span class='ocrx_word' id='word_1_602' title='bbox 2301 3263 2515 3319; x_wconf 89' lang='lat' dir='ltr'><strong>quoque</strong></span> <span class='ocrx_word' id='word_1_603' title='bbox 2544 3267 2667 3307; x_wconf 84' lang='lat' dir='ltr'><strong>etim</strong></span> <span class='ocrx_word' id='word_1_604' title='bbox 2696 3254 2934 3310; x_wconf 89' lang='lat' dir='ltr'><strong>viderem</strong></span> <span class='ocrx_word' id='word_1_605' title='bbox 2962 3273 3059 3311; x_wconf 89' lang='lat' dir='ltr'><strong>vos</strong></span> <span class='ocrx_word' id='word_1_606' title='bbox 3090 3260 3332 3319; x_wconf 86' lang='lat' dir='ltr'><strong>demisso</strong></span> <span class='ocrx_word' id='word_1_607' title='bbox 3362 3269 3541 3337; x_wconf 89' lang='lat' dir='ltr'><strong>capite</strong></span> <span class='ocrx_word' id='word_1_608' title='bbox 3569 3310 3585 3331; x_wconf 91' lang='lat'><strong>.</strong></span> 
     </span>
    </p>
   </div>
   <div class='ocr_carea' id='block_1_85' title="bbox 1976 3344 3590 3428">
    <p class='ocr_par' dir='ltr' id='par_1_85' title="bbox 1976 3344 3590 3428">
     <span class='ocr_line' id='line_1_85' title="bbox 1976 3344 3590 3428; baseline 0.015 -39"><span class='ocrx_word' id='word_1_609' title='bbox 1976 3350 2363 3409; x_wconf 82' lang='lat' dir='ltr'><strong>gementesque</strong></span> <span class='ocrx_word' id='word_1_610' title='bbox 2384 3352 2440 3397; x_wconf 91' lang='lat' dir='ltr'><strong>et</strong></span> <span class='ocrx_word' id='word_1_611' title='bbox 2467 3344 2753 3399; x_wconf 87' lang='lat' dir='ltr'><strong>tundentes</strong></span> <span class='ocrx_word' id='word_1_612' title='bbox 2778 3345 2993 3416; x_wconf 89' lang='lat' dir='ltr'><strong>faciem,</strong></span> <span class='ocrx_word' id='word_1_613' title='bbox 3027 3353 3244 3420; x_wconf 88' lang='lat' dir='ltr'><strong>gavisus</strong></span> <span class='ocrx_word' id='word_1_614' title='bbox 3296 3370 3415 3410; x_wconf 91' lang='lat' dir='ltr'><strong>sum</strong></span> <span class='ocrx_word' id='word_1_615' title='bbox 3443 3360 3590 3428; x_wconf 63' lang='lat' dir='ltr'><strong>cogi«</strong></span> 
     </span>
    </p>
   </div>
   <div class='ocr_carea' id='block_1_86' title="bbox 1979 3434 3589 3511">
    <p class='ocr_par' dir='ltr' id='par_1_86' title="bbox 1979 3434 3589 3511">
     <span class='ocr_line' id='line_1_86' title="bbox 1979 3434 3589 3511; baseline 0.015 -32"><span class='ocrx_word' id='word_1_616' title='bbox 1979 3437 2100 3485; x_wconf 90' lang='lat' dir='ltr'><strong>tans</strong></span> <span class='ocrx_word' id='word_1_617' title='bbox 2119 3442 2351 3500; x_wconf 89' lang='lat' dir='ltr'><strong>quantus</strong></span> <span class='ocrx_word' id='word_1_618' title='bbox 2378 3435 2448 3487; x_wconf 86' lang='lat' dir='ltr'><strong>sit</strong></span> <span class='ocrx_word' id='word_1_619' title='bbox 2477 3434 2683 3490; x_wconf 91' lang='lat' dir='ltr'><strong>fructus</strong></span> <span class='ocrx_word' id='word_1_620' title='bbox 2710 3439 2827 3506; x_wconf 92' lang='lat' dir='ltr'><strong>ejus</strong></span> <span class='ocrx_word' id='word_1_621' title='bbox 2853 3441 3105 3497; x_wconf 70' lang='lat' dir='ltr'><strong>tristitia).</strong></span> <span class='ocrx_word' id='word_1_622' title='bbox 3153 3444 3273 3511; x_wconf 87' lang='lat' dir='ltr'><strong>Qun</strong></span> <span class='ocrx_word' id='word_1_623' title='bbox 3322 3446 3380 3500; x_wconf 85' lang='lat' dir='ltr'><strong>tit</strong></span> <span class='ocrx_word' id='word_1_624' title='bbox 3431 3459 3489 3504; x_wconf 92' lang='lat' dir='ltr'><strong>ut</strong></span> <span class='ocrx_word' id='word_1_625' title='bbox 3536 3460 3589 3505; x_wconf 88' lang='lat' dir='ltr'><strong>et</strong></span> 
     </span>
    </p>
   </div>
   <div class='ocr_carea' id='block_1_87' title="bbox 1980 3521 3588 3610">
    <p class='ocr_par' dir='ltr' id='par_1_87' title="bbox 1980 3521 3588 3610">
     <span class='ocr_line' id='line_1_87' title="bbox 1980 3521 3588 3610; baseline 0.014 -37"><span class='ocrx_word' id='word_1_626' title='bbox 1980 3521 2137 3579; x_wconf 89' lang='lat' dir='ltr'><strong>hodie</strong></span> <span class='ocrx_word' id='word_1_627' title='bbox 2183 3524 2324 3579; x_wconf 90' lang='lat' dir='ltr'><strong>idem</strong></span> <span class='ocrx_word' id='word_1_628' title='bbox 2356 3539 2734 3598; x_wconf 84' lang='lat' dir='ltr'><strong>argumentum</strong></span> <span class='ocrx_word' id='word_1_629' title='bbox 2782 3542 3013 3590; x_wconf 88' lang='lat' dir='ltr'><strong>tractare</strong></span> <span class='ocrx_word' id='word_1_630' title='bbox 3065 3534 3266 3604; x_wconf 88' lang='lat' dir='ltr'><strong>libeat,</strong></span> <span class='ocrx_word' id='word_1_631' title='bbox 3321 3548 3379 3594; x_wconf 91' lang='lat' dir='ltr'><strong>ut</strong></span> <span class='ocrx_word' id='word_1_632' title='bbox 3397 3541 3588 3610; x_wconf 83' lang='lat' dir='ltr'><strong>quibur</strong></span> 
     </span>
    </p>
   </div>
   <div class='ocr_carea' id='block_1_88' title="bbox 1976 3614 3569 3697">
    <p class='ocr_par' dir='ltr' id='par_1_88' title="bbox 1976 3614 3569 3697">
     <span class='ocr_line' id='line_1_88' title="bbox 1976 3614 3569 3697; baseline 0.014 -31"><span class='ocrx_word' id='word_1_633' title='bbox 1976 3614 2124 3667; x_wconf 92' lang='lat' dir='ltr'><strong>cordi</strong></span> <span class='ocrx_word' id='word_1_634' title='bbox 2168 3624 2295 3669; x_wconf 88' lang='lat' dir='ltr'><strong>sunt</strong></span> <span class='ocrx_word' id='word_1_635' title='bbox 2324 3619 2545 3687; x_wconf 65' lang='lat' dir='ltr'><strong>nuptiae,</strong></span> <span class='ocrx_word' id='word_1_636' title='bbox 2576 3631 2787 3676; x_wconf 89' lang='lat' dir='ltr'><strong>mature</strong></span> <span class='ocrx_word' id='word_1_637' title='bbox 2807 3624 2875 3678; x_wconf 90' lang='lat' dir='ltr'><strong>de</strong></span> <span class='ocrx_word' id='word_1_638' title='bbox 2902 3624 3005 3679; x_wconf 87' lang='lat' dir='ltr'><strong>hoc</strong></span> <span class='ocrx_word' id='word_1_639' title='bbox 3030 3628 3247 3697; x_wconf 88' lang='lat' dir='ltr'><strong>negotio</strong></span> <span class='ocrx_word' id='word_1_640' title='bbox 3267 3629 3569 3687; x_wconf 87' lang='lat' dir='ltr'><strong>deliberent</strong></span> 
     </span>
    </p>
   </div>
   <div class='ocr_carea' id='block_1_89' title="bbox 1976 3705 3579 3789">
    <p class='ocr_par' dir='ltr' id='par_1_89' title="bbox 1976 3705 3579 3789">
     <span class='ocr_line' id='line_1_89' title="bbox 1976 3705 3579 3789; baseline 0.013 -30"><span class='ocrx_word' id='word_1_641' title='bbox 1976 3705 2032 3760; x_wconf 89' lang='lat' dir='ltr'><strong>Si</strong></span> <span class='ocrx_word' id='word_1_642' title='bbox 2059 3707 2203 3761; x_wconf 91' lang='lat' dir='ltr'><strong>enim</strong></span> <span class='ocrx_word' id='word_1_643' title='bbox 2227 3708 2448 3765; x_wconf 90' lang='lat' dir='ltr'><strong>domum</strong></span> <span class='ocrx_word' id='word_1_644' title='bbox 2473 3714 2707 3783; x_wconf 90' lang='lat' dir='ltr'><strong>empturi</strong></span> <span class='ocrx_word' id='word_1_645' title='bbox 2730 3724 2822 3769; x_wconf 85' lang='lat' dir='ltr'><strong>aut</strong></span> <span class='ocrx_word' id='word_1_646' title='bbox 2843 3718 3130 3789; x_wconf 87' lang='lat' dir='ltr'><strong>mancipia,</strong></span> <span class='ocrx_word' id='word_1_647' title='bbox 3160 3720 3375 3778; x_wconf 89' lang='lat' dir='ltr'><strong>curiose</strong></span> <span class='ocrx_word' id='word_1_648' title='bbox 3403 3727 3579 3780; x_wconf 71' lang='lat' dir='ltr'><strong>cousi~</strong></span> 
     </span>
    </p>
   </div>
   <div class='ocr_carea' id='block_1_90' title="bbox 1976 3796 3582 3884">
    <p class='ocr_par' dir='ltr' id='par_1_90' title="bbox 1976 3796 3582 3884">
     <span class='ocr_line' id='line_1_90' title="bbox 1976 3796 3582 3884; baseline 0.014 -35"><span class='ocrx_word' id='word_1_649' title='bbox 1976 3796 2231 3851; x_wconf 86' lang='lat' dir='ltr'><strong>deramus</strong></span> <span class='ocrx_word' id='word_1_650' title='bbox 2265 3809 2373 3854; x_wconf 92' lang='lat' dir='ltr'><strong>tum</strong></span> <span class='ocrx_word' id='word_1_651' title='bbox 2394 3803 2727 3869; x_wconf 84' lang='lat' dir='ltr'><strong>venditores,</strong></span> <span class='ocrx_word' id='word_1_652' title='bbox 2760 3817 2869 3860; x_wconf 91' lang='lat' dir='ltr'><strong>tum</strong></span> <span class='ocrx_word' id='word_1_653' title='bbox 2900 3809 3113 3877; x_wconf 85' lang='lat' dir='ltr'><strong>priores</strong></span> <span class='ocrx_word' id='word_1_654' title='bbox 3142 3808 3415 3878; x_wconf 80' lang='lat' dir='ltr'><strong>dominos,</strong></span> <span class='ocrx_word' id='word_1_655' title='bbox 3442 3813 3582 3884; x_wconf 84' lang='lat' dir='ltr'><strong>ipso-</strong></span> 
     </span>
    </p>
   </div>
   <div class='ocr_carea' id='block_1_91' title="bbox 1979 3894 3586 3974">
    <p class='ocr_par' dir='ltr' id='par_1_91' title="bbox 1979 3894 3586 3974">
     <span class='ocr_line' id='line_1_91' title="bbox 1979 3894 3586 3974; baseline 0.013 -33"><span class='ocrx_word' id='word_1_656' title='bbox 1979 3904 2097 3942; x_wconf 86' lang='lat' dir='ltr'><strong>rum</strong></span> <span class='ocrx_word' id='word_1_657' title='bbox 2138 3905 2354 3961; x_wconf 89' lang='lat' dir='ltr'><strong>quoque</strong></span> <span class='ocrx_word' id='word_1_658' title='bbox 2396 3894 2665 3949; x_wconf 87' lang='lat' dir='ltr'><strong>venalium</strong></span> <span class='ocrx_word' id='word_1_659' title='bbox 2714 3907 2820 3951; x_wconf 85' lang='lat' dir='ltr'><strong>tam</strong></span> <span class='ocrx_word' id='word_1_660' title='bbox 2869 3900 3115 3969; x_wconf 89' lang='lat' dir='ltr'><strong>corporis</strong></span> <span class='ocrx_word' id='word_1_661' title='bbox 3169 3902 3539 3961; x_wconf 86' lang='lat' dir='ltr'><strong>habitudinem</strong></span> <span class='ocrx_word' id='word_1_662' title='bbox 3569 3949 3586 3974; x_wconf 93' lang='lat'><strong>,</strong></span> 
     </span>
    </p>
   </div>
   <div class='ocr_carea' id='block_1_92' title="bbox 1975 3983 3589 4066">
    <p class='ocr_par' dir='ltr' id='par_1_92' title="bbox 1975 3983 3589 4066">
     <span class='ocr_line' id='line_1_92' title="bbox 1975 3983 3589 4066; baseline 0.014 -31"><span class='ocrx_word' id='word_1_663' title='bbox 1975 3997 2135 4051; x_wconf 88' lang='lat' dir='ltr'><strong>quam</strong></span> <span class='ocrx_word' id='word_1_664' title='bbox 2160 3983 2394 4039; x_wconf 89' lang='lat' dir='ltr'><strong>indolem</strong></span> <span class='ocrx_word' id='word_1_665' title='bbox 2423 3988 2586 4042; x_wconf 89' lang='lat' dir='ltr'><strong>animi</strong></span> <span class='ocrx_word' id='word_1_666' title='bbox 2610 4006 2623 4043; x_wconf 92' lang='lat'><strong>:</strong></span> <span class='ocrx_word' id='word_1_667' title='bbox 2658 4000 2863 4060; x_wconf 90' lang='lat' dir='ltr'><strong>quanto</strong></span> <span class='ocrx_word' id='word_1_668' title='bbox 2893 3994 3062 4064; x_wconf 88' lang='lat' dir='ltr'><strong>magis</strong></span> <span class='ocrx_word' id='word_1_669' title='bbox 3086 3994 3477 4066; x_wconf 89' lang='lat' dir='ltr'><strong>dispiciendum</strong></span> <span class='ocrx_word' id='word_1_670' title='bbox 3506 4013 3589 4058; x_wconf 90' lang='lat' dir='ltr'><strong>est</strong></span> 
     </span>
    </p>
   </div>
   <div class='ocr_carea' id='block_1_93' title="bbox 1974 4077 3585 4159">
    <p class='ocr_par' dir='ltr' id='par_1_93' title="bbox 1974 4077 3585 4159">
     <span class='ocr_line' id='line_1_93' title="bbox 1974 4077 3585 4159; baseline 0.012 -28"><span class='ocrx_word' id='word_1_671' title='bbox 1974 4078 2041 4131; x_wconf 89' lang='lat' dir='ltr'><strong>de</strong></span> <span class='ocrx_word' id='word_1_672' title='bbox 2070 4077 2245 4133; x_wconf 90' lang='lat' dir='ltr'><strong>futura</strong></span> <span class='ocrx_word' id='word_1_673' title='bbox 2266 4080 2536 4150; x_wconf 79' lang='lat' dir='ltr'><strong>conjuge?</strong></span> <span class='ocrx_word' id='word_1_674' title='bbox 2563 4083 2792 4138; x_wconf 90' lang='lat' dir='ltr'><strong>Domum</strong></span> <span class='ocrx_word' id='word_1_675' title='bbox 2820 4086 2987 4153; x_wconf 89' lang='lat' dir='ltr'><strong>enim,</strong></span> <span class='ocrx_word' id='word_1_676' title='bbox 3011 4089 3059 4141; x_wconf 88' lang='lat' dir='ltr'><strong>si</strong></span> <span class='ocrx_word' id='word_1_677' title='bbox 3083 4089 3272 4145; x_wconf 91' lang='lat' dir='ltr'><strong>vitiosa</strong></span> <span class='ocrx_word' id='word_1_678' title='bbox 3294 4092 3401 4159; x_wconf 92' lang='lat' dir='ltr'><strong>sit,</strong></span> <span class='ocrx_word' id='word_1_679' title='bbox 3458 4092 3585 4150; x_wconf 85' lang='lat' dir='ltr'><strong>licet</strong></span> 
     </span>
    </p>
   </div>
   <div class='ocr_carea' id='block_1_94' title="bbox 1973 4168 3586 4251">
    <p class='ocr_par' dir='ltr' id='par_1_94' title="bbox 1973 4168 3586 4251">
     <span class='ocr_line' id='line_1_94' title="bbox 1973 4168 3586 4251; baseline 0.01 -30"><span class='ocrx_word' id='word_1_680' title='bbox 1973 4168 2151 4223; x_wconf 88' lang='lat' dir='ltr'><strong>denuo</strong></span> <span class='ocrx_word' id='word_1_681' title='bbox 2184 4170 2453 4237; x_wconf 89' lang='lat' dir='ltr'><strong>vendere,</strong></span> <span class='ocrx_word' id='word_1_682' title='bbox 2483 4172 2626 4229; x_wconf 88' lang='lat' dir='ltr'><strong>sicut</strong></span> <span class='ocrx_word' id='word_1_683' title='bbox 2654 4184 2709 4230; x_wconf 93' lang='lat' dir='ltr'><strong>et</strong></span> <span class='ocrx_word' id='word_1_684' title='bbox 2739 4189 2955 4230; x_wconf 87' lang='lat' dir='ltr'><strong>servum</strong></span> <span class='ocrx_word' id='word_1_685' title='bbox 2988 4192 3220 4248; x_wconf 86' lang='lat' dir='ltr'><strong>nequam</strong></span> <span class='ocrx_word' id='word_1_686' title='bbox 3251 4191 3586 4251; x_wconf 87' lang='lat' dir='ltr'><strong>compertum</strong></span> 
     </span>
    </p>
   </div>
   <div class='ocr_carea' id='block_1_95' title="bbox 1976 4265 3585 4345">
    <p class='ocr_par' dir='ltr' id='par_1_95' title="bbox 1976 4265 3585 4345">
     <span class='ocr_line' id='line_1_95' title="bbox 1976 4265 3585 4345; baseline 0.009 -28"><span class='ocrx_word' id='word_1_687' title='bbox 1976 4265 2245 4321; x_wconf 87' lang='lat' dir='ltr'><strong>venditori</strong></span> <span class='ocrx_word' id='word_1_688' title='bbox 2285 4268 2614 4325; x_wconf 83' lang='lat' dir='ltr'><strong>restituere:</strong></span> <span class='ocrx_word' id='word_1_689' title='bbox 2644 4284 2870 4325; x_wconf 77' lang='lat' dir='ltr'><strong>uxorem</strong></span> <span class='ocrx_word' id='word_1_690' title='bbox 2918 4287 3048 4328; x_wconf 90' lang='lat' dir='ltr'><strong>vero</strong></span> <span class='ocrx_word' id='word_1_691' title='bbox 3091 4274 3263 4328; x_wconf 89' lang='lat' dir='ltr'><strong>semel</strong></span> <span class='ocrx_word' id='word_1_692' title='bbox 3310 4285 3585 4345; x_wconf 86' lang='lat' dir='ltr'><strong>acceptam</strong></span> 
     </span>
    </p>
   </div>
   <div class='ocr_carea' id='block_1_96' title="bbox 1976 4356 3583 4430">
    <p class='ocr_par' dir='ltr' id='par_1_96' title="bbox 1976 4356 3583 4430">
     <span class='ocr_line' id='line_1_96' title="bbox 1976 4356 3583 4430; baseline 0.009 -21"><span class='ocrx_word' id='word_1_693' title='bbox 1976 4371 2081 4410; x_wconf 90' lang='lat' dir='ltr'><strong>non</strong></span> <span class='ocrx_word' id='word_1_694' title='bbox 2116 4358 2243 4410; x_wconf 91' lang='lat' dir='ltr'><strong>item</strong></span> <span class='ocrx_word' id='word_1_695' title='bbox 2270 4356 2347 4413; x_wconf 87' lang='lat' dir='ltr'><strong>fas</strong></span> <span class='ocrx_word' id='word_1_696' title='bbox 2372 4368 2455 4414; x_wconf 90' lang='lat' dir='ltr'><strong>est</strong></span> <span class='ocrx_word' id='word_1_697' title='bbox 2476 4374 2506 4414; x_wconf 87' lang='lat' dir='ltr'><strong>a</strong></span> <span class='ocrx_word' id='word_1_698' title='bbox 2536 4360 2731 4429; x_wconf 86' lang='lat' dir='ltr'><strong>quibus</strong></span> <span class='ocrx_word' id='word_1_699' title='bbox 2752 4362 3026 4430; x_wconf 88' lang='lat' dir='ltr'><strong>acceperis</strong></span> <span class='ocrx_word' id='word_1_700' title='bbox 3054 4361 3319 4419; x_wconf 88' lang='lat' dir='ltr'><strong>reddere:</strong></span> <span class='ocrx_word' id='word_1_701' title='bbox 3351 4365 3449 4420; x_wconf 87' lang='lat' dir='ltr'><strong>sed</strong></span> <span class='ocrx_word' id='word_1_702' title='bbox 3480 4382 3583 4423; x_wconf 90' lang='lat' dir='ltr'><strong>ne-</strong></span> 
     </span>
    </p>
   </div>
   <div class='ocr_carea' id='block_1_97' title="bbox 1974 4449 3586 4526">
    <p class='ocr_par' dir='ltr' id='par_1_97' title="bbox 1974 4449 3586 4526">
     <span class='ocr_line' id='line_1_97' title="bbox 1974 4449 3586 4526; baseline 0.008 -26"><span class='ocrx_word' id='word_1_703' title='bbox 1974 4461 2127 4501; x_wconf 89' lang='lat' dir='ltr'><strong>cesse</strong></span> <span class='ocrx_word' id='word_1_704' title='bbox 2154 4458 2237 4502; x_wconf 90' lang='lat' dir='ltr'><strong>est</strong></span> <span class='ocrx_word' id='word_1_705' title='bbox 2269 4449 2324 4503; x_wconf 91' lang='lat' dir='ltr'><strong>in</strong></span> <span class='ocrx_word' id='word_1_706' title='bbox 2351 4461 2670 4519; x_wconf 88' lang='lat' dir='ltr'><strong>perpetuunt</strong></span> <span class='ocrx_word' id='word_1_707' title='bbox 2709 4465 2829 4526; x_wconf 85' lang='lat' dir='ltr'><strong>eam</strong></span> <span class='ocrx_word' id='word_1_708' title='bbox 2866 4450 3010 4506; x_wconf 85' lang='lat' dir='ltr'><strong>domi</strong></span> <span class='ocrx_word' id='word_1_709' title='bbox 3042 4452 3266 4521; x_wconf 88' lang='lat' dir='ltr'><strong>habere,</strong></span> <span class='ocrx_word' id='word_1_710' title='bbox 3296 4455 3399 4511; x_wconf 90' lang='lat' dir='ltr'><strong>nisi</strong></span> <span class='ocrx_word' id='word_1_711' title='bbox 3429 4458 3586 4513; x_wconf 74' lang='lat' dir='ltr'><strong>malis</strong></span> 
     </span>
    </p>
   </div>
   <div class='ocr_carea' id='block_1_98' title="bbox 1974 4540 3584 4617">
    <p class='ocr_par' dir='ltr' id='par_1_98' title="bbox 1974 4540 3584 4617">
     <span class='ocr_line' id='line_1_98' title="bbox 1974 4540 3584 4617; baseline 0.007 -25"><span class='ocrx_word' id='word_1_712' title='bbox 1974 4554 2035 4592; x_wconf 83' lang='lat' dir='ltr'><strong>ea</strong></span> <span class='ocrx_word' id='word_1_713' title='bbox 2069 4549 2127 4593; x_wconf 90' lang='lat' dir='ltr'><strong>ut</strong></span> <span class='ocrx_word' id='word_1_714' title='bbox 2156 4540 2396 4609; x_wconf 89' lang='lat' dir='ltr'><strong>improba</strong></span> <span class='ocrx_word' id='word_1_715' title='bbox 2422 4542 2596 4609; x_wconf 90' lang='lat' dir='ltr'><strong>ejecta</strong></span> <span class='ocrx_word' id='word_1_716' title='bbox 2628 4555 2757 4598; x_wconf 88' lang='lat' dir='ltr'><strong>reus</strong></span> <span class='ocrx_word' id='word_1_717' title='bbox 2781 4541 3031 4599; x_wconf 77' lang='lat' dir='ltr'><strong>adulterii</strong></span> <span class='ocrx_word' id='word_1_718' title='bbox 3057 4543 3206 4613; x_wconf 84' lang='lat' dir='ltr'><strong>juxta</strong></span> <span class='ocrx_word' id='word_1_719' title='bbox 3239 4545 3412 4617; x_wconf 88' lang='lat' dir='ltr'><strong>legem</strong></span> <span class='ocrx_word' id='word_1_720' title='bbox 3440 4547 3584 4603; x_wconf 79' lang='lat' dir='ltr'><strong>divi-</strong></span> 
     </span>
    </p>
   </div>
   <div class='ocr_carea' id='block_1_99' title="bbox 1975 4633 3584 4707">
    <p class='ocr_par' dir='ltr' id='par_1_99' title="bbox 1975 4633 3584 4707">
     <span class='ocr_line' id='line_1_99' title="bbox 1975 4633 3584 4707; baseline 0.007 -23"><span class='ocrx_word' id='word_1_721' title='bbox 1975 4645 2097 4685; x_wconf 90' lang='lat' dir='ltr'><strong>nam</strong></span> <span class='ocrx_word' id='word_1_722' title='bbox 2126 4633 2263 4686; x_wconf 89' lang='lat' dir='ltr'><strong>lleri.</strong></span> <span class='ocrx_word' id='word_1_723' title='bbox 2297 4633 2523 4699; x_wconf 84' lang='lat' dir='ltr'><strong>Quando</strong></span> <span class='ocrx_word' id='word_1_724' title='bbox 2570 4633 2730 4704; x_wconf 88' lang='lat' dir='ltr'><strong>igitur</strong></span> <span class='ocrx_word' id='word_1_725' title='bbox 2754 4650 2975 4691; x_wconf 89' lang='lat' dir='ltr'><strong>uxorem</strong></span> <span class='ocrx_word' id='word_1_726' title='bbox 3008 4635 3271 4693; x_wconf 89' lang='lat' dir='ltr'><strong>ducturus</strong></span> <span class='ocrx_word' id='word_1_727' title='bbox 3318 4654 3379 4695; x_wconf 90' lang='lat' dir='ltr'><strong>es</strong></span> <span class='ocrx_word' id='word_1_728' title='bbox 3408 4682 3424 4707; x_wconf 89' lang='lat'><strong>,</strong></span> <span class='ocrx_word' id='word_1_729' title='bbox 3476 4657 3584 4696; x_wconf 91' lang='lat' dir='ltr'><strong>non</strong></span> 
     </span>
    </p>
   </div>
   <div class='ocr_carea' id='block_1_100' title="bbox 1972 4724 3579 4804">
    <p class='ocr_par' dir='ltr' id='par_1_100' title="bbox 1972 4724 3579 4804">
     <span class='ocr_line' id='line_1_100' title="bbox 1972 4724 3579 4804; baseline 0.008 -27"><span class='ocrx_word' id='word_1_730' title='bbox 1972 4724 2145 4779; x_wconf 90' lang='lat' dir='ltr'><strong>solum</strong></span> <span class='ocrx_word' id='word_1_731' title='bbox 2168 4725 2323 4780; x_wconf 89' lang='lat' dir='ltr'><strong>civile</strong></span> <span class='ocrx_word' id='word_1_732' title='bbox 2348 4725 2455 4794; x_wconf 90' lang='lat' dir='ltr'><strong>jus,</strong></span> <span class='ocrx_word' id='word_1_733' title='bbox 2488 4742 2673 4781; x_wconf 91' lang='lat' dir='ltr'><strong>verum</strong></span> <span class='ocrx_word' id='word_1_734' title='bbox 2703 4728 2867 4782; x_wconf 89' lang='lat' dir='ltr'><strong>etiam</strong></span> <span class='ocrx_word' id='word_1_735' title='bbox 2892 4730 3322 4787; x_wconf 84' lang='lat' dir='ltr'><strong>ecclesiasticum</strong></span> <span class='ocrx_word' id='word_1_736' title='bbox 3372 4734 3533 4804; x_wconf 86' lang='lat' dir='ltr'><strong>legito</strong></span> <span class='ocrx_word' id='word_1_737' title='bbox 3567 4754 3579 4789; x_wconf 90' lang='lat'><strong>:</strong></span> 
     </span>
    </p>
   </div>
   <div class='ocr_carea' id='block_1_101' title="bbox 1974 4817 3581 4890">
    <p class='ocr_par' dir='ltr' id='par_1_101' title="bbox 1974 4817 3581 4890">
     <span class='ocr_line' id='line_1_101' title="bbox 1974 4817 3581 4890; baseline 0.006 -19"><span class='ocrx_word' id='word_1_738' title='bbox 1974 4830 2097 4871; x_wconf 89' lang='lat' dir='ltr'><strong>nam</strong></span> <span class='ocrx_word' id='word_1_739' title='bbox 2124 4817 2422 4872; x_wconf 89' lang='lat' dir='ltr'><strong>secundum</strong></span> <span class='ocrx_word' id='word_1_740' title='bbox 2446 4818 2566 4883; x_wconf 84' lang='lat' dir='ltr'><strong>hoc,</strong></span> <span class='ocrx_word' id='word_1_741' title='bbox 2587 4833 2695 4873; x_wconf 88' lang='lat' dir='ltr'><strong>non</strong></span> <span class='ocrx_word' id='word_1_742' title='bbox 2724 4818 2877 4883; x_wconf 89' lang='lat' dir='ltr'><strong>illud,</strong></span> <span class='ocrx_word' id='word_1_743' title='bbox 2896 4830 3137 4876; x_wconf 81' lang='lat' dir='ltr'><strong>extrema</strong></span> <span class='ocrx_word' id='word_1_744' title='bbox 3158 4823 3247 4878; x_wconf 92' lang='lat' dir='ltr'><strong>die</strong></span> <span class='ocrx_word' id='word_1_745' title='bbox 3258 4823 3581 4890; x_wconf 86' lang='lat' dir='ltr'><strong>judicandus</strong></span> 
     </span>
    </p>
   </div>
   <div class='ocr_carea' id='block_1_102' title="bbox 1971 4909 3580 4984">
    <p class='ocr_par' dir='ltr' id='par_1_102' title="bbox 1971 4909 3580 4984">
     <span class='ocr_line' id='line_1_102' title="bbox 1971 4909 3580 4984; baseline 0.005 -21"><span class='ocrx_word' id='word_1_746' title='bbox 1971 4923 2002 4963; x_wconf 89' lang='lat' dir='ltr'><strong>a</strong></span> <span class='ocrx_word' id='word_1_747' title='bbox 2054 4909 2163 4963; x_wconf 89' lang='lat' dir='ltr'><strong>Deo</strong></span> <span class='ocrx_word' id='word_1_748' title='bbox 2207 4923 2267 4963; x_wconf 90' lang='lat' dir='ltr'><strong>es</strong></span> <span class='ocrx_word' id='word_1_749' title='bbox 2294 4924 2308 4961; x_wconf 93' lang='lat'><strong>:</strong></span> <span class='ocrx_word' id='word_1_750' title='bbox 2339 4918 2394 4963; x_wconf 91' lang='lat' dir='ltr'><strong>et</strong></span> <span class='ocrx_word' id='word_1_751' title='bbox 2440 4909 2535 4963; x_wconf 93' lang='lat' dir='ltr'><strong>illo</strong></span> <span class='ocrx_word' id='word_1_752' title='bbox 2561 4917 2875 4979; x_wconf 88' lang='lat' dir='ltr'><strong>contempto</strong></span> <span class='ocrx_word' id='word_1_753' title='bbox 2905 4926 3284 4981; x_wconf 66' lang='lat' dir='ltr'><strong>saepetmmero</strong></span> <span class='ocrx_word' id='word_1_754' title='bbox 3335 4917 3580 4984; x_wconf 83' lang='lat' dir='ltr'><strong>pecuniis</strong></span> 
     </span>
    </p>
   </div>
   <div class='ocr_carea' id='block_1_103' title="bbox 1973 5000 3580 5081">
    <p class='ocr_par' dir='ltr' id='par_1_103' title="bbox 1973 5000 3580 5081">
     <span class='ocr_line' id='line_1_103' title="bbox 1973 5000 3580 5081; baseline 0.008 -28"><span class='ocrx_word' id='word_1_755' title='bbox 1973 5009 2177 5055; x_wconf 89' lang='lat' dir='ltr'><strong>tantum</strong></span> <span class='ocrx_word' id='word_1_756' title='bbox 2210 5000 2576 5068; x_wconf 89' lang='lat' dir='ltr'><strong>mulctaberis,</strong></span> <span class='ocrx_word' id='word_1_757' title='bbox 2608 5000 2711 5058; x_wconf 92' lang='lat' dir='ltr'><strong>hoc</strong></span> <span class='ocrx_word' id='word_1_758' title='bbox 2741 5013 2918 5057; x_wconf 91' lang='lat' dir='ltr'><strong>autem</strong></span> <span class='ocrx_word' id='word_1_759' title='bbox 2939 5004 3148 5060; x_wconf 89' lang='lat' dir='ltr'><strong>calcato</strong></span> <span class='ocrx_word' id='word_1_760' title='bbox 3177 5006 3580 5081; x_wconf 68' lang='lat' dir='ltr'><strong>iuanimmsup~</strong></span> 
     </span>
    </p>
   </div>
   <div class='ocr_carea' id='block_1_104' title="bbox 1972 5091 3246 5165">
    <p class='ocr_par' dir='ltr' id='par_1_104' title="bbox 1972 5091 3246 5165">
     <span class='ocr_line' id='line_1_104' title="bbox 1972 5091 3246 5165; baseline 0.004 -21"><span class='ocrx_word' id='word_1_761' title='bbox 1972 5091 2186 5161; x_wconf 83' lang='lat' dir='ltr'><strong>pliciuttt</strong></span> <span class='ocrx_word' id='word_1_762' title='bbox 2216 5092 2419 5147; x_wconf 83' lang='lat' dir='ltr'><strong>incides</strong></span> <span class='ocrx_word' id='word_1_763' title='bbox 2447 5103 2501 5146; x_wconf 83' lang='lat' dir='ltr'><strong>et</strong></span> <span class='ocrx_word' id='word_1_764' title='bbox 2524 5093 2696 5161; x_wconf 86' lang='lat' dir='ltr'><strong>ignem</strong></span> <span class='ocrx_word' id='word_1_765' title='bbox 2727 5093 3246 5165; x_wconf 79' lang='lat' dir='ltr'><strong>ittexstittgttibilcut.</strong></span> 
     </span>
    </p>
   </div>
   <div class='ocr_carea' id='block_1_105' title="bbox 2042 5183 3573 5258">
    <p class='ocr_par' dir='ltr' id='par_1_105' title="bbox 2042 5183 3573 5258">
     <span class='ocr_line' id='line_1_105' title="bbox 2042 5183 3573 5258; baseline 0.008 -22"><span class='ocrx_word' id='word_1_766' title='bbox 2042 5185 2093 5237; x_wconf 74' lang='grc'><strong>2.</strong></span> <span class='ocrx_word' id='word_1_767' title='bbox 2138 5183 2217 5236; x_wconf 86' lang='lat' dir='ltr'><strong>Tu</strong></span> <span class='ocrx_word' id='word_1_768' title='bbox 2247 5199 2371 5238; x_wconf 86' lang='lat' dir='ltr'><strong>vero</strong></span> <span class='ocrx_word' id='word_1_769' title='bbox 2414 5199 2634 5239; x_wconf 81' lang='lat' dir='ltr'><strong>uxorem</strong></span> <span class='ocrx_word' id='word_1_770' title='bbox 2678 5184 2936 5240; x_wconf 88' lang='lat' dir='ltr'><strong>ducturus</strong></span> <span class='ocrx_word' id='word_1_771' title='bbox 2980 5188 3187 5242; x_wconf 89' lang='lat' dir='ltr'><strong>externi</strong></span> <span class='ocrx_word' id='word_1_772' title='bbox 3215 5188 3353 5258; x_wconf 88' lang='lat' dir='ltr'><strong>juris</strong></span> <span class='ocrx_word' id='word_1_773' title='bbox 3376 5190 3573 5257; x_wconf 81' lang='lat' dir='ltr'><strong>peritoi</strong></span> 
     </span>
    </p>
   </div>
   <div class='ocr_carea' id='block_1_106' title="bbox 1970 5274 3580 5345">
    <p class='ocr_par' dir='ltr' id='par_1_106' title="bbox 1970 5274 3580 5345">
     <span class='ocr_line' id='line_1_106' title="bbox 1970 5274 3580 5345; baseline 0.006 -18"><span class='ocrx_word' id='word_1_774' title='bbox 1970 5274 2252 5344; x_wconf 87' lang='lat' dir='ltr'><strong>diligenter</strong></span> <span class='ocrx_word' id='word_1_775' title='bbox 2276 5276 2535 5340; x_wconf 77' lang='lat' dir='ltr'><strong>consulis,</strong></span> <span class='ocrx_word' id='word_1_776' title='bbox 2568 5284 2622 5329; x_wconf 91' lang='lat' dir='ltr'><strong>et</strong></span> <span class='ocrx_word' id='word_1_777' title='bbox 2665 5275 2785 5329; x_wconf 91' lang='lat' dir='ltr'><strong>illos</strong></span> <span class='ocrx_word' id='word_1_778' title='bbox 2829 5276 3173 5345; x_wconf 84' lang='lat' dir='ltr'><strong>frequentans</strong></span> <span class='ocrx_word' id='word_1_779' title='bbox 3203 5279 3435 5334; x_wconf 88' lang='lat' dir='ltr'><strong>sollicite</strong></span> <span class='ocrx_word' id='word_1_780' title='bbox 3461 5280 3580 5336; x_wconf 84' lang='lat' dir='ltr'><strong>dis-</strong></span> 
     </span>
    </p>
   </div>
   <div class='ocr_carea' id='block_1_107' title="bbox 1970 5366 3587 5435">
    <p class='ocr_par' dir='ltr' id='par_1_107' title="bbox 1970 5366 3587 5435">
     <span class='ocr_line' id='line_1_107' title="bbox 1970 5366 3587 5435; baseline 0.006 -18"><span class='ocrx_word' id='word_1_781' title='bbox 1970 5367 2159 5434; x_wconf 84' lang='lat' dir='ltr'><strong>quiris,</strong></span> <span class='ocrx_word' id='word_1_782' title='bbox 2186 5367 2309 5435; x_wconf 87' lang='lat' dir='ltr'><strong>quid</strong></span> <span class='ocrx_word' id='word_1_783' title='bbox 2344 5371 2575 5421; x_wconf 78' lang='lat' dir='ltr'><strong>l&#39;uturum</strong></span> <span class='ocrx_word' id='word_1_784' title='bbox 2608 5366 2697 5431; x_wconf 90' lang='lat' dir='ltr'><strong>sit,</strong></span> <span class='ocrx_word' id='word_1_785' title='bbox 2731 5366 2773 5420; x_wconf 82' lang='lat' dir='ltr'><strong>si</strong></span> <span class='ocrx_word' id='word_1_786' title='bbox 2822 5383 2882 5421; x_wconf 87' lang='lat' dir='ltr'><strong>ea</strong></span> <span class='ocrx_word' id='word_1_787' title='bbox 2920 5368 3146 5423; x_wconf 87' lang='lat' dir='ltr'><strong>decedat</strong></span> <span class='ocrx_word' id='word_1_788' title='bbox 3186 5369 3345 5424; x_wconf 87' lang='lat' dir='ltr'><strong>nullis</strong></span> <span class='ocrx_word' id='word_1_789' title='bbox 3378 5370 3587 5426; x_wconf 82' lang='lat' dir='ltr'><strong>relictis</strong></span> 
     </span>
    </p>
   </div>
   <div class='ocr_carea' id='block_1_108' title="bbox 1970 5458 3577 5529">
    <p class='ocr_par' dir='ltr' id='par_1_108' title="bbox 1970 5458 3577 5529">
     <span class='ocr_line' id='line_1_108' title="bbox 1970 5458 3577 5529; baseline 0.001 -18"><span class='ocrx_word' id='word_1_790' title='bbox 1970 5458 2172 5520; x_wconf 86' lang='lat' dir='ltr'><strong>liberis,</strong></span> <span class='ocrx_word' id='word_1_791' title='bbox 2193 5458 2317 5527; x_wconf 84' lang='lat' dir='ltr'><strong>quid</strong></span> <span class='ocrx_word' id='word_1_792' title='bbox 2343 5460 2388 5512; x_wconf 89' lang='lat' dir='ltr'><strong>si</strong></span> <span class='ocrx_word' id='word_1_793' title='bbox 2414 5460 2575 5513; x_wconf 90' lang='lat' dir='ltr'><strong>lilium</strong></span> <span class='ocrx_word' id='word_1_794' title='bbox 2601 5459 2886 5527; x_wconf 84' lang='lat' dir='ltr'><strong>relinquat,</strong></span> <span class='ocrx_word' id='word_1_795' title='bbox 2908 5459 3033 5529; x_wconf 86' lang='lat' dir='ltr'><strong>quid</strong></span> <span class='ocrx_word' id='word_1_796' title='bbox 3056 5460 3181 5514; x_wconf 68' lang='lat' dir='ltr'><strong>item</strong></span> <span class='ocrx_word' id='word_1_797' title='bbox 3204 5461 3249 5514; x_wconf 87' lang='lat' dir='ltr'><strong>si</strong></span> <span class='ocrx_word' id='word_1_798' title='bbox 3271 5460 3378 5514; x_wconf 90' lang='lat' dir='ltr'><strong>duo</strong></span> <span class='ocrx_word' id='word_1_799' title='bbox 3398 5470 3577 5516; x_wconf 83' lang='lat' dir='ltr'><strong>tresve</strong></span> 
     </span>
    </p>
   </div>
   <div class='ocr_carea' id='block_1_109' title="bbox 1970 5552 3574 5622">
    <p class='ocr_par' dir='ltr' id='par_1_109' title="bbox 1970 5552 3574 5622">
     <span class='ocr_line' id='line_1_109' title="bbox 1970 5552 3574 5622; baseline 0.002 -17"><span class='ocrx_word' id='word_1_800' title='bbox 1970 5552 2169 5607; x_wconf 77' lang='lat' dir='ltr'><strong>fuerint</strong></span> <span class='ocrx_word' id='word_1_801' title='bbox 2201 5553 2516 5620; x_wconf 79' lang='lat' dir='ltr'><strong>superstites</strong></span> <span class='ocrx_word' id='word_1_802' title='bbox 2539 5594 2552 5617; x_wconf 92' lang='lat'><strong>,</strong></span> <span class='ocrx_word' id='word_1_803' title='bbox 2589 5563 2697 5606; x_wconf 89' lang='lat' dir='ltr'><strong>tum</strong></span> <span class='ocrx_word' id='word_1_804' title='bbox 2720 5553 2991 5622; x_wconf 86' lang='lat' dir='ltr'><strong>quomodo</strong></span> <span class='ocrx_word' id='word_1_805' title='bbox 3019 5553 3142 5607; x_wconf 84' lang='lat' dir='ltr'><strong>vivo</strong></span> <span class='ocrx_word' id='word_1_806' title='bbox 3170 5563 3321 5621; x_wconf 84' lang='lat' dir='ltr'><strong>patre</strong></span> <span class='ocrx_word' id='word_1_807' title='bbox 3349 5566 3448 5607; x_wconf 89' lang='lat' dir='ltr'><strong>suo</strong></span> <span class='ocrx_word' id='word_1_808' title='bbox 3477 5552 3574 5608; x_wconf 85' lang='lat' dir='ltr'><strong>de-</strong></span> 
     </span>
    </p>
   </div>
   <div class='ocr_carea' id='block_1_110' title="bbox 1970 5644 3575 5713">
    <p class='ocr_par' dir='ltr' id='par_1_110' title="bbox 1970 5644 3575 5713">
     <span class='ocr_line' id='line_1_110' title="bbox 1970 5644 3575 5713; baseline 0.002 -18"><span class='ocrx_word' id='word_1_809' title='bbox 1970 5644 2216 5698; x_wconf 83' lang='lat' dir='ltr'><strong>functnve</strong></span> <span class='ocrx_word' id='word_1_810' title='bbox 2242 5645 2402 5700; x_wconf 86' lang='lat' dir='ltr'><strong>rebus</strong></span> <span class='ocrx_word' id='word_1_811' title='bbox 2432 5645 2543 5699; x_wconf 89' lang='lat' dir='ltr'><strong>suis</strong></span> <span class='ocrx_word' id='word_1_812' title='bbox 2572 5659 2732 5698; x_wconf 89' lang='lat' dir='ltr'><strong>usura</strong></span> <span class='ocrx_word' id='word_1_813' title='bbox 2764 5646 2864 5710; x_wconf 89' lang='lat' dir='ltr'><strong>sit,</strong></span> <span class='ocrx_word' id='word_1_814' title='bbox 2899 5654 3154 5713; x_wconf 86' lang='lat' dir='ltr'><strong>quantum</strong></span> <span class='ocrx_word' id='word_1_815' title='bbox 3177 5660 3241 5700; x_wconf 85' lang='lat' dir='ltr'><strong>ex</strong></span> <span class='ocrx_word' id='word_1_816' title='bbox 3269 5644 3385 5713; x_wconf 87' lang='lat' dir='ltr'><strong>ejus</strong></span> <span class='ocrx_word' id='word_1_817' title='bbox 3412 5644 3575 5713; x_wconf 84' lang='lat' dir='ltr'><strong>patri-</strong></span> 
     </span>
    </p>
   </div>
   <div class='ocr_carea' id='block_1_111' title="bbox 1969 5733 3570 5803">
    <p class='ocr_par' dir='ltr' id='par_1_111' title="bbox 1969 5733 3570 5803">
     <span class='ocr_line' id='line_1_111' title="bbox 1969 5733 3570 5803; baseline 0.006 -16"><span class='ocrx_word' id='word_1_818' title='bbox 1969 5735 2148 5788; x_wconf 87' lang='lat' dir='ltr'><strong>monio</strong></span> <span class='ocrx_word' id='word_1_819' title='bbox 2186 5736 2399 5802; x_wconf 82' lang='lat' dir='ltr'><strong>marito,</strong></span> <span class='ocrx_word' id='word_1_820' title='bbox 2433 5744 2690 5803; x_wconf 73' lang='lat' dir='ltr'><strong>quantum</strong></span> <span class='ocrx_word' id='word_1_821' title='bbox 2736 5733 2990 5791; x_wconf 81' lang='lat' dir='ltr'><strong>fratribus</strong></span> <span class='ocrx_word' id='word_1_822' title='bbox 3036 5735 3273 5791; x_wconf 85' lang='lat' dir='ltr'><strong>mulieris</strong></span> <span class='ocrx_word' id='word_1_823' title='bbox 3313 5742 3570 5797; x_wconf 72' lang='lat' dir='ltr'><strong>obvenite</strong></span> 
     </span>
    </p>
   </div>
  </div>
