4088 6406
525 355 629 409 ‘127

519 468 707 520 debeat
738 481 750 518 :
780 461 994 533 quando
1021 463 1147 516 item
1176 461 1428 515 universa'
1450 460 1632 515 uxoris
1660 458 1796 513 bona
1828 456 2106 512 retinenda

516 558 644 620 sint,
672 566 742 609 ita
770 566 822 608 ιιι
849 552 976 608 nihil
1009 568 1082 607 ex.
1115 553 1193 607 eis
1228 551 1319 605 alii
1351 550 1755 607 concedenduttt
1780 549 1869 615 sit,
1900 550 2112 619 quando

517 660 701 705 contra
732 648 1026 704 cedendum
1054 646 1299 700 omnibus
1328 663 1342 697 :
1366 644 1576 716 aliaque
1603 644 1793 700 similia
1826 651 2107 713 perconta-

519 745 594 798 ris
617 743 896 803 curiosius.
932 738 1105 795 modis
1131 740 1378 794 oumibus
1404 740 1839 810 circumspiciens
1880 754 1946 793 ne
1985 739 2111 807 quid

517 853 579 890 ex
608 836 785 889 uxoris
814 834 966 889 bouis
995 833 1059 887 ad
1088 844 1311 903 agnatos
1336 835 1504 903 ipsius
1533 836 1735 899 redeat,
1763 834 2028 903 quamvis,
2056 842 2113 886 ut

514 929 622 996 jam
650 926 777 989 disi,
805 924 847 979 si
869 924 994 992 quid
1019 935 1210 994 prater
1237 926 1539 993 opinionem
1560 924 1832 989 acciderit,
1855 922 2108 978 damntnn

518 1030 567 1072 te
611 1025 863 1085 sequatur
905 1025 1110 1069 tantum
1154 1016 1534 1085 pecuniarum;
1574 1024 1807 1069 attamen
1851 1014 1982 1068 nihil
2017 1015 2109 1067 lto-

514 1126 632 1163 rum
661 1110 979 1162 cmitemnis.
1013 1110 1093 1162 An
1125 1124 1229 1162 non
1255 1108 1542 1163 abSurdum
1578 1105 1807 1173 videtur,
1836 1122 1958 1161 cum
1993 1115 2110 1159 tau-

520 1211 624 1255 tatu
674 1205 932 1254 rationem
980 1199 1269 1252 habeamus
1304 1199 1572 1268 peennim,
1601 1198 1793 1251 animat
1818 1197 2108 1267 periculum

512 1303 567 1345 et
611 1290 932 1347 reddendam
964 1290 1015 1343 in
1053 1289 1141 1343 illa
1179 1288 1264 1342 die
1303 1291 1564 1343 rationem
1592 1301 1956 1357 contemnere,
1984 1305 2105 1343 cum

516 1381 604 1437 hic
636 1382 967 1452 potissimum
998 1395 1124 1434 cura
1147 1378 1445 1432 adhibenda
1473 1380 1575 1433 sit?

588 1475 785 1528 Paulus
808 1473 1118 1526 matrimonii
1146 1474 1275 1543 leges
1307 1472 1603 1541 praescribit.
1644 1470 1839 1526 Uxores
1857 1473 2107 1541 quomodo

512 1569 804 1640 diligenda.
835 1596 903 1607 -—-
932 1566 1055 1621 Ideo
1084 1581 1277 1621 uxores
1306 1567 1544 1620 ducturus
1575 1566 1776 1619 suadeo
1802 1576 1861 1620 nt
1896 1574 2107 1619 beatum

517 1661 733 1715 Paulum
759 1659 984 1724 adeant,
1023 1670 1075 1725 et
1114 1658 1256 1727 leges
1285 1658 1422 1727 apud
1449 1672 1568 1712 eum
1599 1658 1666 1711 de
1695 1658 1944 1727 conjugio
1970 1658 2107 1711 scri-

517 1761 631 1819 ptas
660 1750 952 1820 perlegaut,
983 1749 1302 1819 cognitoque
1339 1750 1484 1819 prius
1509 1750 1649 1819 quod
1689 1749 1779 1803 ille
1813 1760 1991 1803 censet
2034 1752 2110 1802 l'a-

512 1846 783 1909 ciendum,
814 1846 857 1900 si
887 1861 1022 1899 uxor
1047 1845 1318 1913 contingat
1348 1844 1609 1899 malitiosa
1638 1854 1727 1896 aut
1757 1843 1877 1896 vino
1907 1843 2104 1907 dedita,

513 1938 558 1991 si
585 1937 843 1991 maledica
869 1946 959 1989 aut
988 1935 1129 1990 fatua
1156 1936 1384 1990 similive
1408 1936 1637 1989 obnoxia
1673 1936 1799 1989 vitio
1823 1976 1837 1999 ,
1871 1945 1978 1988 tum
2010 1936 2106 1988 dc-

513 2041 658 2079 mum
697 2026 765 2081 de
808 2027 1003 2095 nuptiis
1040 2025 1292 2094 cogitent.
1344 2025 1398 2080 Si
1451 2028 1591 2079 enim
1640 2027 1835 2079 videris
1863 2041 1987 2079 eum
2016 2027 2107 2078 tibi

511 2117 819 2185 permittere
846 2116 895 2168 in
923 2131 1029 2169 uno
1059 2117 1246 2185 quovis
1286 2116 1373 2170 tali
1410 2116 1537 2169 vitio
1578 2115 1969 2186 deprehensam
2011 2132 2107 2169 ex—

511 2207 711 2275 pellere
737 2208 915 2273 domo,
949 2218 1001 2259 et
1036 2206 1192 2259 aliam
1230 2222 1325 2275 pro
1362 2207 1446 2259 illa
1488 2207 1847 2271 introducere,
1878 2217 1929 2259 ut
1957 2215 2106 2259 extra

512 2297 802 2367 perieulum
833 2298 1153 2351 constitutus
1185 2297 1324 2351 bono
1349 2307 1464 2351 esto
1494 2300 1693 2350 animo.
1734 2298 1885 2364 Quod
1922 2298 1963 2349 si
2008 2296 2107 2349 hoc

511 2407 615 2445 non
644 2391 801 2453 sinat,
841 2391 932 2445 sed
976 2390 1159 2459 juheat
1200 2390 1571 2458 quodcumque
1601 2399 1794 2457 prrrtcr
1824 2389 2099 2458 impudici-

512 2485 635 2535 tiam
689 2482 873 2535 vitium
931 2481 1214 2534 habentem
1266 2480 1518 2548 diligere,
1565 2482 1788 2533 ohtirma
1846 2481 2101 2541 animum,

506 2574 658 2643 quasi
689 2575 891 2627 laturus
918 2572 1207 2641 quamlibet
1227 2573 1342 2638 ejus
1368 2572 1675 2639 nequitiam.
1709 2570 1799 2624 Sin
1828 2572 1927 2623 hoc
1947 2586 2105 2638 grave

509 2640 717 2718 videtur
740 2674 790 2717 et
824 2662 1181 2725 intolerabile,
1205 2677 1419 2715 onmem
1449 2678 1629 2713 curam
1665 2661 1854 2713 adhibe
1883 2671 1938 2712 ut
1961 2676 2105 2712 com-

509 2753 743 2820 modam,
774 2754 942 2822 a'quis
989 2753 1224 2806 moribus
1272 2750 1584 2819 przeditaui,
1633 2762 1681 2805 et
1724 2751 2103 2818 obsequentem

510 2860 731 2901 uxorem
754 2846 917 2899 ducas
944 2886 959 2909 ,
993 2854 1171 2899 certus
1199 2845 1361 2912 quod,
1386 2846 1429 2899 si
1463 2846 1654 2897 malam
1684 2844 1919 2908 duxeris,
1944 2844 2106 2897 alter—

508 2949 685 2993 utrum
731 2937 1033 2992 necessario
1082 2936 1341 3006 sequitur,
1374 2945 1430 2989 ut
1476 2944 1561 2988 aut
1614 2934 1752 2988 feras
1798 2943 2103 3003 perpetuam

510 3029 832 3094 molestiam,
859 3039 948 3082 aut
986 3029 1031 3083 si
1078 3027 1182 3083 hoc
1225 3029 1381 3095 nolis,
1416 3027 1587 3097 ejecta
1620 3027 1703 3080 illa
1735 3043 1857 3082 reus
1888 3028 1984 3079 lias
2010 3026 2108 3079 ad-

510 3119 706 3174 ulterii.
755 3120 857 3188 Qui
893 3120 1023 3174 enim
1058 3119 1193 3189 ejicit
1236 3135 1461 3183 uxorem,
1499 3119 1696 3188 inquit,
1725 3116 1912 3189 absque
1949 3134 2105 3172 causa

507 3213 888 3280 fornicationis,
916 3213 1037 3283 facit
1062 3228 1173 3265 eam
1199 3210 1482 3265 adulteram
1515 3228 1534 3265 :
1558 3220 1602 3264 et
1626 3212 1712 3279 qui
1741 3212 1814 3263 sic
1844 3211 2102 3265 dimissam

506 3305 667 3369 ducit,
689 3304 952 3358 committit
974 3302 1277 3355 adulterium
1308 3301 1517 3372 (Matth.
1542 3303 1593 3355 5.
1615 3299 1727 3369 32).
1764 3301 1887 3355 lltnc
1914 3302 1956 3354 si
1982 3311 2106 3357 ante

508 3396 722 3464 nuptias
760 3405 902 3449 recte
943 3393 1333 3462 dispexeritnus
1353 3432 1367 3456 ,
1406 3401 1460 3445 et
1490 3392 1637 3461 leges
1669 3392 1762 3445 has
1788 3394 2103 3461 cognoveri-

510 3503 650 3553 mus,
678 3486 921 3539 dabimus
946 3498 1163 3552 operam
1202 3490 1259 3535 ιιι
1299 3483 1367 3535 ab
1408 3482 1558 3535 initio
1585 3491 1760 3550 aptam
1784 3493 1832 3535 et
1865 3482 2103 3536 moribus

510 3577 706 3631 nostris
746 3574 1146 3627 convenientem
1190 3572 1445 3626 ducamus
1476 3587 1492 3625 :
1519 3587 1626 3642 quo
1671 3572 1807 3625 laeto
1848 3588 1953 3625 non
2004 3573 2105 3625 hoc

510 3674 713 3718 tantum
746 3664 1089 3726 lucrahimur,
1133 3663 1273 3731 quod
1320 3678 1437 3716 eam
1480 3678 1768 3732 numquam
1805 3664 2099 3729 ejiciemus,

506 3757 599 3810 sed
629 3770 821 3824 magno
846 3756 1006 3809 etiam
1034 3754 1226 3808 affectu
1256 3769 1375 3809 eam
1407 3754 1692 3823 diligemus
1712 3795 1725 3819 ,
1756 3754 2103 3821 quemadmo-

506 3848 632 3901 dum
662 3848 852 3901 Paulus
880 3847 1137 3916 ιιι-κείμὴ.
1163 3846 1295 3901 Cum
1324 3848 1466 3903 enim
1498 3848 1756 3901 dixisset:
1790 3846 1893 3899 Viri
1920 3864 2102 3901 uxores

505 3940 721 4008 diligant
745 3936 960 4007 (Epltes.
996 3938 1047 3992 5.
1078 3939 1171 4007 25)
1198 3956 1210 3991 :
1238 3954 1342 3993 non
1370 3938 1457 3992 bic
1481 3940 1743 4006 constitit,
1762 3939 1853 3993 sed
1885 3940 2099 3994 modum

506 4030 667 4083 etiam
693 4032 891 4083 amoris
924 4030 1224 4098 pradinivit.
1261 4029 1353 4102 [At
1374 4046 1531 4101 quem
1556 4030 1810 4086 tandem?
1846 4030 1949 4084 Viri
1982 4031 2100 4083 dili-

507 4123 607 4190 gite
636 4137 837 4175 uxores.
886 4122 981 4175 Dic
1019 4122 1325 4189 quomodo?
1364 4138 1522 4192 quem
1552 4122 1679 4176 mihi
1708 4123 1956 4193 diligendi
1988 4139 2105 4177 mo-

506 4214 633 4267 dum
660 4212 994 4283 pratscribis?
1018 4211 1117 4283 (a)]
1166 4213 1312 4266 Sicut
1351 4224 1397 4266 et
1432 4211 1662 4266 Christus
1700 4214 1877 4267 dilexit
1921 4213 2099 4268 Eccle-

507 4307 657 4357 siam.
708 4304 773 4358 Et
814 4304 1103 4375 quomodo,
1144 4319 1364 4373 qumso,
1395 4303 1640 4358 Christus
1686 4304 1907 4359 dilexit?
1938 4305 2019 4359 ltu
2051 4316 2103 4359 ut

507 4398 825 4467 semetipsum
856 4414 947 4465 pro
988 4413 1051 4450 ea
1091 4396 1324 4449 traderet.
1378 4396 1557 4466 Itaque
1587 4397 1794 4451 etiantsi
1831 4398 1964 4449 mori
2007 4412 2103 4467 pro

510 4505 675 4545 uxore
714 4499 986 4557 oporteat,
1030 4503 1360 4557 nequaquam
1404 4488 1859 4558 tergiversaberis.
1893 4488 2025 4542 Nam
2056 4489 2099 4543 si

511 4581 767 4635 Dominus
796 4594 1002 4631 servam
1036 4580 1103 4631 ita
1130 4577 1337 4643 dilexit,
1363 4587 1419 4630 ut
1445 4589 1615 4631 semet
1643 4594 1737 4646 pro
1758 4594 1817 4632 ea
1844 4579 2098 4644 traderet,

510 4670 675 4723 multo
701 4669 868 4737 magis
893 4683 1206 4723 conservam
1237 4676 1451 4735 oportet
1478 4668 1557 4722 sic
1580 4667 1745 4738 diligi.
1785 4670 1891 4724 Sed
1919 4669 2100 4724 vidca-

509 4775 649 4823 mus,
684 4774 750 4812 ne
780 4758 915 4814 forte
945 4758 1281 4826 pulchritudo
1305 4773 1519 4827 sponsa:
1543 4767 1637 4812 aut
1664 4760 1912 4827 pneclara
1944 4760 2098 4815 indo—

514 4852 591 4905 les
613 4864 866 4917 sponsum
897 4849 1193 4903 attraxerit.
1238 4847 1314 4902 Ne
1343 4848 1444 4903 hoc
1471 4847 1685 4919 quidem
1708 4849 1884 4903 dicere
1916 4865 2099 4918 possu-

511 4956 649 4995 mus.
683 4940 833 5007 Quod
858 4940 997 4993 enim
1023 4939 1280 4993 deformis
1307 4954 1370 4993 ac
1390 4938 1594 5009 impura
1629 4939 1806 5002 fuerit;
1836 4938 1955 4993 audi
1983 4957 2101 5010 qua:

510 5032 755 5103 deincep"
788 5042 1075 5099 sequantur
1144 5030 1274 5085 Nam
1312 5047 1433 5085 cum
1473 5031 1723 5098 dixisset,
1756 5030 1991 5085 Tradidit
2019 5050 2098 5086 se-

510 5124 674 5193 ipsum
703 5139 793 5190 pro
824 5139 903 5188 ea,
935 5137 1055 5175 mox
1086 5122 1386 5190 subiunxit,
1417 5120 1484 5177 Ut
1508 5124 1844 5191 sanctiﬁcaret
1868 5142 1979 5177 eam
2003 5141 2099 5193 pu-

508 5215 759 5281 riﬁcatam
800 5216 997 5269 lauacro
1028 5230 1173 5282 aqua
1208 5214 1370 5283 (Ibid.
1402 5232 1447 5269 υ.
1479 5213 1608 5285 26).
1658 5215 1793 5270 Cum
1816 5227 1993 5272 autem
2022 5217 2102 5269 di-

507 5305 580 5359 cit
608 5306 958 5375 purificatam,
994 5307 1225 5360 ostendit
1264 5307 1526 5376 impuram
1552 5314 1678 5361 ante
1704 5306 1866 5362 fuisse
1890 5318 1941 5362 et
1967 5324 2097 5363 con-

511 5396 841 5459 taminatam,
879 5396 1036 5465 idque
1065 5411 1169 5450 non
1201 5397 1402 5467 vulgari
1450 5397 1776 5465 impuritate,
1807 5398 1899 5451 sed
1946 5399 2102 5469 longe

510 5488 761 5551 maxima,
797 5498 851 5539 ιιι
878 5506 995 5555 qua:
1028 5488 1213 5545 nidore
1246 5504 1308 5543 ac
1331 5489 1477 5543 fumo
1505 5505 1804 5559 cruor-eque
1833 5506 1953 5544 cum
1983 5493 2102 5547 aliis

516 5580 557 5633 id
603 5596 772 5648 genus
813 5581 1102 5637 innumeris
1134 5584 1386 5638 sordebat
1419 5584 1661 5639 maculis.
1708 5584 1956 5638 Attamen
1996 5603 2099 5639 non

566 5717 643 5823 Si?
678 5724 801 5771 HJ‘t',
831 5729 937 5825 qu'e
966 5718 1152 5765 uttcini~
1178 5716 1481 5778 clauduntur,
1504 5720 1550 5768 in
1575 5730 1737 5769 ιιιιςει.)
1763 5733 1855 5769 non
1883 5728 2095 5779 uetant,

642 5786 866 5825 "term-:3
914 5787 1031 5825 t‘ml.

511 5786 597 5826 εφη
621 5786 866 5840 ιιιζθιιιῐοέδ
892 5786 1031 5839 lugd-

1263 351 1321 407 S.
1359 347 1641 407 JOANNIS
1677 342 2147 405 CHRYSOSTOMI
2175 341 2510 437 .ARCllIEP.
2550 347 3088 407 CONSTANTINOP.

3697 356 3733 407 Ξ
3742 357 3805 409 fd

2220 471 2498 515 aversatus
2520 469 2603 518 est
2630 462 2745 532 ejus
2769 462 3185 529 deformitatem,
3216 466 3312 521 sed
3337 467 3737 523 transformavit
3759 470 3813 522 in

2224 552 2496 607 meliorem
2539 552 2726 610 faciem
2767 556 3006 611 remissis
3035 559 3265 627 peccatis
3298 560 3554 628 pristinis.
3582 559 3734 617 Hune
3760 575 3811 618 et

2223 651 2276 695 tu
2300 642 2524 697 imitare.
2558 644 2669 700 Etsi
2703 647 2985 715 plurintum
3026 652 3075 702 in
3122 659 3174 704 te
3211 666 3346 704 uxor
3384 655 3703 721 peccaverit,
3733 664 3815 709 too

2222 741 2331 786 tum
2367 735 2415 788 ei
2459 736 2672 791 remitte
2698 746 2749 793 et
2776 740 3018 795 condona
3052 758 3066 794 :
3094 742 3140 796 si
3172 743 3310 796 male
3338 752 3595 797 moratam
3626 756 3815 800 nactus

2222 821 2415 892 fueris,
2446 828 2649 898 refinge
2672 843 2790 884 eam
2818 829 2887 886 ad
2918 831 3206 888 bonitatem
3238 850 3299 888 ac
3325 835 3812 903 mansuetudinem,

2218 916 2357 971 sicut
2382 927 2434 972 et
2460 918 2706 999 Christus
2732 923 3048 979 Ecclesiam.
3080 924 3197 981 Non
3222 926 3395 980 solum
3418 928 3558 981 enim
3584 929 3815 982 immun-

2218 1008 2402 1062 ditiam
2423 1009 2539 1078 ejus
2559 1013 2829 1080 abstersit,
2854 1015 2949 1069 sed
2971 1017 3177 1070 senium
3202 1032 3412 1087 quoque
3431 1017 3631 1073 abrasit
3651 1030 3817 1073 exuto

2219 1099 2383 1155 veteri
2432 1102 2688 1171 homine,
2733 1104 2825 1173 qui
2877 1115 3020 1161 totus
3064 1110 3346 1164 constabat
3389 1124 3422 1165 e
3450 1110 3610 1166 vitiis.
3658 1111 3813 1178 Quod

2216 1194 2376 1247 etiam
2422 1194 2618 1249 Paulus
2646 1195 2946 1253 subindieat
2973 1198 3057 1253 his
3082 1199 3258 1254 verbis
3281 1243 3295 1262 ,
3329 1200 3396 1256 Ut
3426 1204 3678 1257 exhiberet
3701 1221 3816 1257 eain

2216 1284 2409 1353 sibiipsi
2428 1286 2701 1355 gloriosam
2727 1284 3027 1353 Ecclesiam,
3051 1306 3150 1344 non
3171 1291 3430 1345 habentem
3452 1295 3703 1349 maculam
3724 1304 3816 1349 aut

2217 1393 2395 1447 rugam
2442 1374 2672 1449 (Ep/tes.
2705 1380 2760 1435 5.
2792 1379 2903 1451 27)
2937 1398 2952 1435 :
2981 1396 3089 1436 non
3133 1382 3276 1437 enim
3312 1383 3588 1453 pulchram
3637 1390 3814 1442 solum

2218 1468 2464 1533 reddidit,
2495 1470 2589 1525 sed
2611 1480 2664 1525 et
2678 1470 2951 1541 juvenem,
2974 1490 3080 1528 non
3101 1475 3250 1545 juxta
3277 1484 3520 1530 naturam
3543 1479 3811 1548 corporis,

2215 1560 2308 1613 sed
2334 1560 2483 1630 juxta
2510 1564 2796 1618 voluntatis
2823 1563 3210 1621 habitudinem.
3240 1567 3349 1623 Nec
3378 1568 3485 1624 hoc
3513 1570 3685 1624 solum
3717 1573 3816 1625 ad-

2218 1650 2497 1704 miratiOne
2537 1652 2753 1722 dignum
2784 1665 2860 1709 est
2884 1696 2900 1722 ,
2937 1656 3078 1725 quod
3109 1668 3297 1711 nactus
3322 1658 3642 1725 deformem,
3673 1664 3813 1717 mala

2216 1740 2349 1795 facie
2377 1743 2675 1809 prtcditam,
2707 1756 2913 1813 turpem
2942 1765 3002 1800 ac
3027 1750 3278 1813 \‘etulutn,
3307 1766 3411 1804 non
3432 1764 3710 1806 aversatus
3730 1763 3818 1809 est

2217 1832 2374 1887 talem
2403 1852 2413 1886 :
2439 1834 2533 1888 sed
2559 1836 2699 1904 quod
2724 1838 2878 1891 morti
2908 1840 3140 1907 seipsnm
3167 1840 3423 1910 oltjiciens
3454 1844 3666 1897 refinxit
3690 1860 3812 1898 eam

2217 1923 2267 1976 in
2296 1923 2745 1992 pulchritudinem
2774 1928 3143 1985 incredibilem
3169 1950 3180 1985 :
3206 1931 3300 1987 sed
3332 1934 3472 2003 quod
3498 1938 3657 1990 etiam
3691 1948 3815 2007 post

2218 2015 2329 2069 lucc
2346 2032 2488 2085 ειυρθ
2504 2018 2828 2072 sordidatam
2841 2022 3052 2076 animad
3062 2034 3267 2079 vertens
3281 2033 3335 2079 et
3352 2029 3695 2097 maculatam,
3714 2046 3816 2085 nec

2214 2107 2357 2175 t'lell
2382 2124 2498 2161 eam
2528 2124 2557 2163 e
2586 2109 2822 2165 thalamo
2842 2154 2857 2176 ,
2892 2128 2990 2167 nec
3017 2114 3288 2183 abrumpit
3328 2133 3497 2171 nexus
3534 2119 3764 2191 conjugii
3795 2140 3812 2186 ;

2215 2198 2306 2251 sed
2336 2200 2535 2254 mavult
2563 2216 2680 2255 eam
2707 2218 2897 2258 curare
2921 2245 2936 2267 ,
2966 2215 3021 2259 et
3047 2206 3297 2259 remediis
3322 2210 3609 2278 corrigere.
3639 2212 3812 2279 Quam

2217 2287 2364 2341 multi
2393 2289 2555 2355 enim,
2587 2306 2789 2360 quaeso,
2821 2304 2939 2361 post
2978 2305 3251 2364 acceptam
3293 2296 3450 2351 tidem
3499 2300 3549 2351 in
3597 2313 3812 2366 pec-rata

2214 2380 2408 2447 relapsi
2435 2385 2596 2435 sunt?
2625 2399 2722 2437 nec
2751 2393 2926 2437 tamen
2964 2402 3057 2440 eos
3095 2388 3163 2439 ob
3199 2387 3301 2442 hoc
3340 2388 3555 2443 fastidiit
3590 2409 3601 2443 :
3637 2394 3815 2461 qualis

2212 2472 2310 2526 fuit
2337 2473 2426 2528 ille
2441 2474 2529 2543 qui
2557 2475 2693 2543 apud
2717 2475 3021 2531 Corinthios
3044 2484 3663 2548 stuprumcommiserat,
3684 2498 3811 2536 cunt

2211 2574 2353 2618 esset
2394 2567 2692 2620 membrum
2735 2567 3025 2633 Ecclesiaz;
3060 2572 3401 2626 nihiloutiuus
3432 2590 3536 2626 non
3570 2578 3812 2629 excisum

2211 2665 2293 2707 est
2327 2656 2373 2708 id
2409 2658 2728 2717 membrum.
2763 2659 2857 2712 sed
2886 2661 3101 2713 sanitati
3135 2662 3419 2716 redditum.
3448 2664 3586 2732 Quin
3618 2676 3669 2719 et
3699 2665 3812 2721 Ga-

2214 2746 2438 2798 latarum
2489 2747 2723 2802 Et-clesia
2768 2749 3015 2803 universa
3059 2751 3265 2815 resiliit,
3296 2768 3345 2808 et
3380 2755 3430 2806 in
3471 2753 3807 2812 Judaismum

2212 2836 2356 2903 lapsa
2389 2846 2490 2900 est,
2517 2847 2750 2891 attamen
2786 2854 2852 2891 ne
2882 2840 3026 2894 illam
3053 2842 3269 2910 quidem
3298 2846 3511 2913 repulit,
3538 2848 3629 2899 sed
3656 2862 3814 2901 cura-

2212 2935 2317 2979 tam
2347 2925 2494 2981 Pauli
2521 2942 2682 2995 opera
2705 2928 2769 2983 ad
2797 2932 3073 2998 pristinam
3101 2933 3315 2987 reduxit
3340 2937 3808 2993 consuetudinem.

2208 3018 2669 3084 Quemadmodum
2713 3032 2766 3075 et
2811 3024 2860 3076 iu
2914 3026 3111 3079 nostris
3142 3027 3459 3095 corporibus
3501 3031 3545 3082 si
3592 3033 3814 3086 morbus

2207 3109 2482 3175 acciderit,
2518 3126 2622 3165 non
2661 3115 2958 3167 membrum
3003 3115 3388 3182 abscindimus,
3432 3121 3526 3173 sed
3562 3123 3810 3177 morbum

2208 3200 2454 3272 pellimus
2484 3219 2497 3256 :
2528 3202 2607 3257 sic
2644 3214 2693 3257 et
2733 3218 2852 3257 eum
2899 3221 3065 3260 nitore
3112 3208 3374 3278 agendum
3415 3221 3516 3265 est.
3565 3213 3621 3265 Si
3664 3215 3809 3283 quod

2212 3292 2334 3343 insit
2372 3293 2421 3345 ci
2450 3294 2651 3352 vitium,
2686 3309 2753 3348 ne
2803 3298 2971 3363 ipsam
3014 3297 3215 3365 ejicias,
3249 3299 3341 3353 sed
3373 3300 3555 3355 vitium
3584 3304 3803 3373 ahigito.

2208 3383 2366 3452 Atqui
2397 3398 2530 3436 uxor
2548 3384 2764 3453 quidem
2788 3386 3060 3440 emendari
3086 3399 3280 3456 potest,
3306 3394 3603 3445 membrum
3627 3405 3808 3448 autem

2211 3474 2454 3529 mutilum
2474 3492 2663 3531 curare
2683 3493 2825 3546 sanie
2845 3488 2928 3532 est
2950 3481 3309 3547 impossibile;
3341 3494 3395 3535 et
3422 3494 3597 3539 tamen
3619 3504 3808 3554 quam-

2210 3568 2286 3618 vis
2317 3568 2545 3621 sciamus
2590 3568 2640 3622 id
2688 3570 2977 3625 ineurahile
3002 3613 3015 3633 ,
3060 3587 3126 3625 ne
3169 3574 3246 3628 sic
3288 3576 3499 3642 quidem
3541 3579 3805 3631 rescindi-

2209 3672 2328 3710 mus
2358 3675 2370 3709 :
2402 3660 2494 3712 sed
2522 3674 2642 3713 cum
2671 3660 2808 3713 alius
2839 3660 3033 3728 loripes
3058 3703 3071 3725 ,
3104 3662 3240 3714 alius
3267 3680 3330 3717 ex
3359 3681 3516 3721 crure
3558 3667 3806 3721 laborans

2208 3748 2490 3813 claudicet,
2522 3750 2657 3803 alius
2684 3765 2899 3803 manum
2930 3752 3133 3806 aridam
3162 3763 3215 3807 et
3242 3766 3539 3810 emortuam
3568 3760 3803 3812 circum-

2210 3838 2379 3905 ferat,
2407 3840 2543 3894 alius
2570 3841 2781 3895 ocnlmn
2815 3843 3015 3896 lumine
3045 3847 3235 3899 orbum
3262 3886 3277 3910 ,
3317 3863 3474 3901 nemo
3507 3859 3682 3903 tamen
3713 3870 3805 3905 eo-

2210 3946 2327 3983 rmn
2371 3932 2581 3984 oculum
2631 3943 2719 3986 aut
2773 3948 3024 4000 manum,
3066 3946 3157 3990 aut
3200 3952 3325 3991 crus
3370 3940 3665 4010 pedemque
3693 3947 3804 3997 vult

2207 4022 2453 4076 amittere
2470 4038 2481 4071 :
2498 4031 2551 4076 et
2576 4025 2816 4091 quamvis
2836 4026 2942 4078 sint
2969 4027 3192 4093 inutilia,
3215 4030 3527 4098 exterisque
3548 4034 3807 4088 membris

2206 4112 2442 4166 dedecus
2486 4114 2750 4179 allerant,
2799 4124 2975 4169 Lamen
3018 4118 3199 4170 innato
3243 4119 3474 4187 quodam
3522 4121 3712 4175 affectu
3748 4138 3802 4175 ut

2209 4213 2411 4273 partem
2460 4204 2701 4275 ejusdem
2748 4208 2991 4275 corporis
3032 4224 3094 4262 ea
3136 4209 3529 4279 prosequimur.
3572 4214 3651 4265 An
3696 4231 3801 4267 non

2209 4297 2366 4365 igitur
2390 4296 2679 4352 absurdum
2709 4296 2887 4360 fuerit,
2919 4299 3006 4353 ubi
3040 4300 3185 4353 nulla
3212 4311 3457 4370 Speratur
3485 4302 3684 4357 utilitas
3710 4316 3803 4359 aut

2207 4392 2470 4444 correctio
2491 4432 2505 4455 ,
2550 4400 2748 4445 tantam
2779 4391 3035 4447 adhibere
3063 4394 3483 4448 sollicitudinem
3508 4415 3521 4447 :
3555 4397 3644 4451 ubi
3675 4415 3803 4452 vero

2210 4481 2346 4535 bona
2373 4498 2496 4551 spes
2519 4492 2761 4553 superest
2786 4495 2835 4537 et
2869 4484 3039 4538 facilis
3070 4486 3314 4549 mutatio,
3344 4486 3543 4540 nullam
3576 4489 3797 4543 medici-

2210 4589 2331 4626 nam
2364 4572 2578 4628 facere?
2609 4574 2737 4627 Nam
2768 4576 2943 4629 innata
2972 4577 3095 4629 vitia
3122 4578 3281 4631 nullis
3302 4578 3498 4632 Cedunt
3525 4581 3798 4645 remediis,

2209 4667 2451 4720 voluntas
2476 4675 2651 4721 autem
2679 4668 2963 4735 depravata
2997 4680 3170 4737 potest
3195 4671 3410 4738 corrigi.

2281 4760 2333 4813 5.
2363 4758 2512 4824 Quod
2536 4760 2580 4812 si
2609 4768 2751 4812 tuam
2773 4775 2992 4814 uxorem
3024 4771 3143 4830 post
3165 4761 3399 4815 adhibita
3423 4763 3589 4817 multa
3622 4782 3800 4818 reme-

2206 4850 2292 4903 dia
2339 4864 2501 4919 neges
2541 4848 2855 4913 curabilem,
2894 4864 2945 4904 ut
2993 4867 3113 4920 qua:
3148 4851 3414 4905 obstinate
3459 4870 3637 4907 mores
3677 4872 3804 4907 suos

2208 4942 2471 5005 retineat,
2502 4956 2569 4995 ne
2602 4951 2711 4994 tum
2738 4941 2952 5009 quidem
2983 4941 3272 5010 ablegauda
3300 4953 3381 4997 est
3411 4962 3423 4995 :
3456 4962 3629 5013 neque
3657 4949 3801 4998 enim

2209 5033 2505 5087 membrum
2557 5032 2850 5086 incumbite
2898 5033 3204 5087 recidimus.
3260 5034 3356 5087 Est
3394 5046 3573 5089 autem
3605 5046 3659 5089 et
3690 5037 3805 5089 hac

2210 5141 2331 5195 pars
2385 5124 2457 5179 tui
2497 5126 2737 5195 corporis
2771 5144 2787 5179 :
2818 5125 3018 5179 dictum
3066 5136 3151 5179 est
3195 5127 3336 5179 enim
3368 5144 3381 5179 :
3418 5126 3579 5179 Erunt
3612 5127 3715 5181 duo
3754 5131 3805 5181 in

2206 5235 2357 5275 eam
2380 5238 2481 5276 una
2509 5220 2659 5294 (Gen.
2691 5221 2746 5275 2.
2774 5221 2891 5291 ‘15).
2927 5221 2992 5274 Et
3017 5220 3315 5275 membrum
3341 5222 3555 5290 quidem
3584 5238 3807 5278 curasse

2210 5314 2409 5367 millnm
2451 5328 2631 5383 operte
2676 5315 2904 5381 pretium
2950 5313 3127 5377 fuerit,
3156 5313 3199 5366 si
3226 5329 3293 5367 ex
3322 5313 3629 5369 inlirmitate
3661 5314 3806 5371 insa-

2210 5403 2385 5457 nabile
2411 5414 2654 5469 maneat;
2686 5413 2871 5457 contra
2911 5404 3092 5457 uxoris
3119 5404 3247 5457 vitio
3284 5406 3327 5457 si
3380 5405 3644 5459 medearis
3668 5445 3686 5471 ,
3738 5406 3803 5461 li-

2208 5506 2293 5550 cet
2329 5495 2622 5550 insanabdc
2660 5504 2890 5551 maneat.
2938 5510 3187 5565 magnum
3227 5496 3317 5549 tibi
3356 5497 3684 5563 propositum
3725 5512 3810 5552 est

2212 5587 2508 5656 praemium,
2534 5586 2577 5640 si
2617 5602 2733 5641 eam
2756 5587 3000 5642 docueris
3036 5596 3087 5640 et
3116 5586 3426 5640 institueris.
3455 5587 3809 5653 Quantillm-is

2210 5680 2349 5731 cuint
2382 5684 2571 5730 lrustra
2616 5681 2685 5732 sit
2730 5683 2903 5732 omnis
2949 5679 3224 5748 tllht'lpllltit
3267 5689 3320 5732 ct
3362 5680 3643 5744 institutio,
3675 5683 3807 5734 tole-

2215 5776 2379 5829 rantia
2431 5784 2607 5828 tamen
2660 5782 2746 5825 tua
2802 5774 3044 5829 ment-ede
3088 5774 3339 5827 divinitus
3386 5775 3650 5841 promissa
3703 5792 3808 5831 non
