4088 6428
254 333 378 390 ⁴Β9

264 448 637 517 Irostrabitur,
659 448 804 520 quod
831 459 1051 520 propter
1074 449 1168 506 Dei
1201 450 1447 504 timorem
1478 456 1683 503 tantum
1711 447 1878 502 molev

264 547 495 595 stiarum
515 542 854 606 sustinueris,
869 550 924 596 et
946 557 1216 598 morosam
1240 541 1492 596 feminam
1511 555 1669 612 aequo
1695 545 1876 594 animo

265 632 478 698 tuleris,
511 643 567 689 et
593 633 894 689 membrum
927 644 1073 690 tuum
1101 642 1414 690 constanter
1437 633 1744 704 pertuleris.
1780 631 1879 688 Est

263 726 414 780 enim
460 742 599 782 uxor
642 727 945 782 membrum
983 739 1224 783 nostrum
1263 727 1658 791 necessarium;
1690 737 1746 781 et
1775 725 1878 781 hoc

267 817 617 884 potissimu'm
643 819 859 874 nomine
886 819 1114 876 debetur
1136 820 1185 874 ei
1216 819 1607 875 benevolentia.
1636 817 1791 884 Quod
1822 827 1878 872 et

265 906 470 962 Paulus
496 908 582 962 his
610 908 788 964 verbis
813 911 1054 980 praecipit
1073 929 1085 964 :
1107 909 1199 966 Sic
1228 910 1406 965 debent
1431 910 1525 964 viri
1551 926 1671 964 suas
1693 924 1877 964 uxores

263 999 482 1070 diligere
532 1002 664 1056 sicut
705 1003 916 1072 propria
957 1019 1197 1072 corpora.
1245 1001 1412 1057 Nemo
1456 1003 1594 1058 enim
1639 1017 1876 1072 umquam

260 1107 413 1145 suam
432 1108 641 1146 cernens
667 1093 786 1147 odio
807 1093 1001 1162 habuit,
1024 1096 1113 1150 sed
1142 1095 1298 1148 nutrit
1327 1104 1373 1148 et
1402 1098 1537 1168 fovet
1563 1094 1728 1159 illaut,
1748 1095 1876 1149 sicut

263 1189 316 1234 et
357 1179 593 1236 Christus
625 1181 906 1238 Ecclesium
925 1225 940 1250 ,
975 1185 1217 1254 quoniam
1260 1186 1484 1240 membra
1516 1194 1692 1240 sumus
1729 1186 1876 1255 ejus-

262 1272 382 1326 dem
412 1275 664 1346 corporis,
690 1291 756 1329 ea:
777 1291 930 1330 carne
951 1276 1064 1346 ejus
1100 1286 1148 1330 et
1178 1276 1375 1332 ossibus
1389 1268 1906 1347 ejus(Ep.5.2&50).

343 1368 580 1423 Ecclesia
608 1386 727 1424 aut
759 1367 866 1420 Era
895 1367 1105 1420 collata.
1127 1395 1200 1405 —
1222 1363 1488 1436 [Magnum
1519 1361 1604 1414 hic
1629 1358 1878 1415 subindi-

266 1459 416 1512 cavit
451 1458 766 1528 mysterium
789 1498 805 1522 ,
837 1456 1056 1518 dicens,
1087 1454 1170 1508 Ex
1205 1454 1440 1507 carnibus
1477 1453 1588 1523 ejus
1614 1460 1660 1505 et
1685 1452 1881 1505 ossibus

268 1551 382 1620 ejus
413 1548 543 1622 (a).]
577 1548 730 1605 Sicut
767 1550 910 1604 enim
955 1549 1084 1609 Eva,
1121 1545 1312 1616 inquit,
1357 1560 1424 1598 ex
1474 1544 1642 1598 latere
1690 1541 1880 1597 Adami

273 1643 494 1715 prodiit,
528 1644 602 1697 ita
629 1652 684 1698 et
712 1657 812 1696 nos
841 1656 874 1696 e
899 1640 1097 1696 Christi
1128 1639 1315 1694 latere.
1347 1637 1459 1692 Hoc
1482 1636 1625 1690 enim
1653 1645 1764 1698 est,
1798 1633 1884 1689 Ex

273 1752 430 1790 carne
454 1737 568 1807 ejus
587 1745 637 1790 et
660 1736 858 1790 auibus
887 1735 996 1804 ejus
1024 1732 1175 1806 (Gen.
1196 1732 1256 1788 2.
1277 1732 1396 1801 2t).
1428 1730 1533 1785 Sed
1569 1729 1734 1784 Evam
1764 1729 1883 1798 qni-

272 1829 399 1884 dem
424 1843 457 1884 e
487 1829 656 1884 latere
686 1827 878 1881 Adami
907 1834 1219 1897 prognatam
1249 1825 1451 1879 scimus
1477 1837 1698 1887 omnes,
1727 1832 1782 1876 et
1805 1820 1887 1875 di-

273 1931 424 1977 serte
451 1919 556 1976 hoc
587 1921 639 1976 in
669 1919 947 1990 Scriptura
974 1919 1186 1989 legitur,
1208 1917 1350 1987 quod
1373 1915 1658 1971 immiserit
1686 1915 1736 1968 in
1759 1930 1882 1970 eum

273 2028 567 2084 soporem,
605 2021 663 2069 et
690 2023 940 2082 exempta
969 2027 1072 2066 una
1103 2027 1135 2066 e
1178 2013 1347 2065 costis
1386 2009 1504 2079 ejus
1539 2009 1886 2064 a-diticavt-rit

275 2106 561 2161 mulierem
589 2123 605 2160 :
637 2104 780 2175 quod
806 2113 984 2159 autem
1016 2102 1256 2159 Ecclesia
1285 2117 1316 2156 e
1346 2100 1541 2156 Christi
1572 2101 1740 2157 latere
1771 2109 1885 2153 orta

276 2199 370 2263 sit,
408 2196 678 2252 undenam
717 2195 927 2251 discere
976 2194 1293 2265 posSumus?
1339 2193 1450 2247 lloc
1492 2207 1705 2263 quoque
1745 2190 1891 2245 Scri-

278 2298 436 2358 ptura
485 2287 708 2344 indicat.
764 2286 1058 2359 Postquam
1102 2286 1247 2340 enim
1295 2285 1542 2340 Christus
1580 2285 1632 2337 in
1672 2298 1888 2338 crucem

278 2379 526 2434 sublatus
549 2388 600 2434 et
633 2378 826 2434 afﬁxus
850 2376 1177 2448 exspiravit,
1207 2377 1463 2430 Accedens
1504 2392 1633 2428 unus
1671 2373 1889 2428 militum

279 2471 501 2541 pupugit
527 2470 661 2524 latus
687 2471 847 2535 illius,
882 2479 932 2524 et
959 2470 1081 2524 exiit
1109 2468 1229 2523 inde
1246 2470 1457 2539 sanguis
1478 2477 1523 2521 et
1543 2483 1676 2537 aqua
1707 2465 1888 2534 (Joan.

280 2562 372 2618 £9.
404 2562 501 2634 54)
536 2581 550 2616 :
581 2570 639 2617 et
665 2578 731 2618 ex
762 2562 849 2615 illa
876 2576 1013 2632 aqua
1036 2571 1091 2616 et
1118 2561 1378 2632 sanguine
1405 2569 1512 2614 tota
1544 2567 1756 2614 constat
1787 2559 1890 2611 Ec-

277 2655 471 2713 clesia.
502 2655 680 2711 Testis
709 2665 795 2710 est
822 2656 938 2725 ipse
962 2655 1149 2709 dicens
1176 2672 1191 2708 z
1218 2652 1338 2707 Nisi
1363 2654 1476 2724 quis
1505 2662 1712 2705 renatus
1740 2651 1894 2723 fuerit

276 2764 345 2804 es
368 2763 506 2818 aqua
527 2755 572 2800 et
601 2747 807 2817 spiritu,
839 2762 941 2799 non
967 2755 1130 2816 potest
1158 2745 1370 2798 introire
1403 2745 1456 2797 in
1491 2759 1704 2814 regnum
1740 2743 1891 2795 ctu/o-

277 2858 398 2894 runt
443 2839 642 2913 (Joan.
675 2841 728 2896 ὅ.
763 2839 840 2908 5)
872 2857 886 2892 :
917 2840 1234 2909 sanguinem
1263 2846 1442 2892 autem
1471 2835 1703 2906 appellat
1730 2834 1892 2904 spiri-

281 2941 418 2986 tum.
473 2931 543 2985 Et
586 2930 859 2985 nascimur
895 2929 1113 2999 quidem
1157 2944 1252 2998 per
1293 2943 1486 2998 aquan.
1535 2925 1894 2995 baptismatis,

279 3023 482 3077 alimur
507 3030 687 3076 autem
721 3037 814 3091 per
839 3021 1178 3090 sanguinem.
1225 3018 1389 3073 Vides
1428 3017 1699 3088 quomodo
1725 3016 1897 3069 simus

279 3131 351 3171 ex
379 3129 548 3170 carne
574 3113 714 3184 ejus,
747 3123 802 3169 et
830 3129 896 3169 ex
924 3113 1137 3168 ossibus
1176 3112 1314 3182 ejus,
1357 3111 1484 3166 dum
1529 3125 1594 3166 ex
1635 3108 1897 3178 sanguine

282 3206 377 3260 illo
401 3215 458 3260 et
483 3219 622 3273 aqua
651 3212 762 3259 tum
791 3203 1096 3266 nascimur,
1127 3213 1239 3256 tum
1265 3200 1494 3256 alimur?
1542 3199 1609 3253 Et
1636 3197 1897 3268 quemad-

283 3297 506 3352 modum
528 3295 736 3350 Adamn
753 3295 1058 3350 dormiente
1079 3292 1273 3348 mulier
1290 3301 1373 3348 cst
1393 3291 1627 3354 condita,
1652 3291 1729 3344 sic
1749 3288 1890 3343 Chri-

281 3397 370 3443 sto
396 3397 613 3442 mortuo
639 3386 774 3441 facta
810 3397 893 3440 est
929 3383 1168 3441 Ecclesia
1199 3400 1267 3440 ex
1303 3383 1419 3454 ejus
1449 3383 1639 3439 latere.
1681 3381 1791 3435 Nec
1829 3382 1898 3433 oh

286 3479 402 3533 lucc
441 3486 648 3532 tantum
688 3477 917 3532 amanda
956 3484 1043 3530 est
1076 3490 1236 3543 uxor,
1271 3473 1414 3545 quod
1455 3474 1758 3527 membrum
1797 3490 1896 3526 no-

283 3579 456 3624 strnnt
496 3579 610 3633 est,
658 3578 712 3624 et
755 3584 826 3622 ex
873 3567 1030 3622 nobis
1073 3566 1336 3636 originem
1387 3564 1592 3631 habuit,
1635 3563 1729 3619 sed
1776 3563 1898 3630 quia

286 3663 458 3733 legent
489 3662 654 3717 etiam
683 3675 850 3731 super
871 3660 974 3715 hoc
1007 3660 1145 3714 Deus
1171 3659 1376 3724 statuit,
1411 3658 1490 3713 sic
1516 3657 1724 3721 dicens,
1765 3654 1899 3709 Pro-

287 3764 462 3822 pterea
487 3752 738 3820 relinquet
767 3751 916 3804 homo
946 3759 1143 3822 patrem
1179 3766 1329 3804 suum
1365 3758 1412 3803 et
1439 3758 1686 3812 matrem,
1720 3758 1765 3800 et
1805 3747 1901 3799 ad-

285 3845 496 3899 haerebit
527 3845 676 3898 uxori
701 3859 842 3909 sua,
873 3852 921 3896 et
951 3852 1096 3896 erunt
1126 3841 1229 3896 duo
1252 3843 1305 3895 in
1331 3857 1484 3895 carne
1513 3858 1614 3894 una
1642 3841 1661 3913 (
1685 3840 1812 3894 Gen.
1843 3840 1898 3892 2.

286 3935 402 4006 24).
427 3935 564 3991 Nam
583 3935 706 3990 ideo
723 3934 880 3989 nobis
901 3934 1038 3988 hanc
1068 3934 1238 4005 legem
1269 3933 1468 3988 Paulus
1489 3932 1634 4002 legit,
1651 3943 1706 3985 ut
1727 3933 1902 3985 modis

287 4027 546 4082 onmibns
574 4039 674 4080 nos
697 4024 763 4079 ad
797 4025 939 4080 hunc
961 4039 1201 4079 amorem
1233 4024 1601 4094 compelleret.
1654 4024 1747 4078 llic
1769 4023 1900 4077 tnihi

287 4116 574 4172 considera
615 4115 935 4184 sapientiam
984 4114 1383 4184 apostolicam:
1424 4128 1530 4168 non
1577 4114 1722 4168 enim
1772 4113 1903 4166 solis

287 4209 488 4264 divinis
508 4217 602 4262 aut
626 4207 756 4264 solis
778 4206 1026 4262 humanis
1053 4205 1258 4276 legibus
1287 4221 1386 4262 nos
1416 4205 1616 4260 inducit
1636 4205 1703 4258 ad
1726 4219 1902 4258 aman-

289 4299 387 4380 das
417 4299 700 4368 coniuges,
730 4297 826 4353 sed
853 4297 1060 4352 mixtim
1089 4297 1332 4366 utrisque
1365 4315 1378 4350 :
1411 4307 1469 4351 ut
1497 4296 1757 4352 sublimes
1783 4297 1906 4365 qui-

291 4392 419 4446 dem
444 4390 546 4444 viri
571 4405 634 4444 ac
658 4387 1014 4460 philosophici
1036 4388 1208 4460 magis
1231 4397 1549 4443 moveantur
1571 4388 1901 4454 ezelestibus,

294 4483 540 4538 inlirmos
578 4491 760 4536 autem
805 4490 859 4537 et
901 4481 1134 4537 humiles
1180 4479 1422 4535 naturale
1467 4480 1670 4534 amoris
1715 4479 1906 4533 incita-

292 4585 538 4632 mentum
565 4575 735 4644 magis
763 4585 994 4630 moveat.
1045 4573 1171 4630 Ideo
1197 4575 1428 4644 primum
1455 4590 1484 4628 a
1510 4574 1708 4630 Christi
1740 4575 1906 4628 bene-

294 4667 432 4722 ﬁciis
457 4665 763 4722 doctrinam
795 4669 932 4722 hanc
961 4667 1143 4737 incipit
1173 4667 1250 4722 sic
1278 4667 1461 4721 dicens
1483 4707 1498 4731 ,
1537 4665 1744 4737 Diligite
1778 4683 1905 4719 uxo-

295 4778 375 4815 res
404 4770 596 4814 restras
615 4800 629 4822 ,
659 4761 793 4813 sicut
815 4771 862 4813 et
889 4761 1120 4816 Christus
1148 4761 1327 4815 dilexit
1353 4759 1638 4814 Ecclesium
1671 4761 1687 4830 (
1711 4760 1901 4830 [ip/tes.

295 4855 349 4909 5.
404 4850 526 4922 25);
584 4853 779 4906 deinde
828 4869 1014 4907 rursus
1068 4853 1207 4907 illetn
1253 4854 1362 4923 agit
1411 4851 1658 4907 ltuman’s
1687 4852 1904 4906 rationi-

296 4942 396 4997 bus
431 4960 445 4995 :
480 4942 572 4997 Sic
598 4943 776 4996 debent
808 4945 902 4996 viri
935 4960 1054 4997 suas
1080 4960 1265 4997 uxores
1302 4944 1532 5012 diligere,
1559 4953 1615 4996 ut
1643 4959 1736 4995 sua
1765 4944 1904 5012 ipso-

294 5051 410 5087 rum
431 5050 651 5104 corpora
681 5033 900 5103 (Ephes.
929 5035 989 5090 5.·
1014 5034 1129 5104 28),
1173 5034 1367 5088 deinde
1408 5050 1618 5088 rursnut
1657 5035 1723 5089 ad
1752 5033 1908 5088 Citri-

297 5137 440 5184 stum
474 5127 754 5182 revertitur
794 5147 807 5182 :
839 5127 1091 5193 Quoniam
1123 5127 1344 5180 membra
1382 5143 1560 5180 sumus
1596 5143 1660 5179 ea:
1695 5142 1908 5196 corpore

298 5223 431 5292 ejus,
460 5229 508 5274 et
531 5236 596 5273 ea:
620 5235 772 5272 carne
799 5221 929 5288 ejus,
952 5227 1000 5272 ct
1026 5235 1088 5272 ea:
1113 5220 1224 5289 ejus
1246 5219 1440 5272 ossibus
1468 5217 1579 5285 (lli.
1613 5234 1660 5271 υ.
1685 5218 1798 5285 50);
1843 5233 1906 5273 ac

298 5326 512 5367 rursum
554 5311 622 5365 ad
666 5311 925 5364 humanas
958 5311 1192 5364 rationes
1222 5311 1392 5374 redit,
1429 5310 1706 5378 PrOpterea
1750 5310 1906 5363 relin-

298 5414 415 5471 quet
447 5403 601 5457 homo
627 5411 820 5472 patrem
856 5417 1002 5455 suum
1042 5411 1088 5456 et
1122 5412 1356 5468 matrem,
1385 5412 1434 5455 et
1458 5401 1731 5456 adita’rebit
1761 5402 1904 5454 uxori

301 5509 408 5548 sua!
433 5491 545 5564 (Ib.
571 5508 621 5546 υ.
651 5493 766 5561 3i);
799 5493 1040 5562 lectaque
1066 5493 1166 5547 hac
1193 5495 1306 5564 lege.
1335 5513 1344 5548 :
1376 5493 1694 5564 Mystcrt'um,
1716 5494 1902 5562 inquit,

295 5586 384 5637 hoc
419 5603 664 5656 magnum
695 5599 768 5640 est
806 5585 823 5654 (
850 5585 990 5638 Ibid.
1047 5608 1096 5649 υ.
1127 5596 1243 5668 32).

356 5694 429 5772 (τε)
465 5703 719 5772 ῃςςςὶςιυε
745 5698 931 5747 uncinis
955 5700 1262 5766 clauduntur,
1285 5719 1380 5756 non
1404 5713 1515 5757 sunt
1541 5709 1590 5759 in
1614 5717 1795 5772 Grato,
1812 5731 1904 5768 sou

296 5756 359 5805 ita
384 5756 507 5820 legit
533 5763 799 5822 tntcrprcs.

1247 334 1524 405 QUALES
1564 329 1918 390 DUCENDE
1959 332 2112 390 SINT
2153 335 2448 397 UXORES.
2493 342 2580 396 ΙΙΙ.

3487 337 3594 398 250

2059 441 2367 500 Parentibus
2395 445 2717 516 prefercnda
2746 463 2893 500 uxor.
2923 477 2992 487 —
3020 447 3302 516 Qumnodo
3341 459 3596 524 magnum

1986 542 2096 600 est,
2125 535 2213 590 dic
2251 535 2382 590 mihi
2409 537 2433 590 τ
2471 537 2626 603 Quod
2658 537 2806 608 virgo
2830 550 3102 594 asservata
3133 541 3287 596 omni
3310 553 3556 614 tempore
3579 587 3597 611 ,

1986 640 2248 696 sponsum
2294 644 2588 698 numquam
2633 641 2761 686 ante
2787 631 2959 686 vismn
2991 647 3116 688 mox
3145 649 3176 688 a
3203 635 3372 705 prima
3402 636 3492 694 die
3518 639 3599 695 sic

1986 717 2292 783 desiderat,
2318 727 2374 774 et
2401 730 2546 774 amat
2574 731 2848 793 tamquam
2879 725 3076 794 corpus
3119 725 3393 795 proprium
3427 747 3440 782 :
3472 745 3595 784 rur-

1990 823 2108 863 sum
2141 809 2224 864 vir
2245 824 2406 879 quam
2431 827 2722 882 numquam
2750 813 2916 881 vidit,
2951 831 3245 887 numquam
3289 820 3600 892 alloqnutus

1987 908 2105 966 est,
2154 917 2278 956 mox
2319 916 2348 956 a
2392 903 2564 974 pritna
2607 903 2697 960 die
2728 903 2944 974 prazfert
2970 909 3184 964 ceteris
3206 911 3497 977 omnibus,
3544 925 3602 970 et

1987 991 2175 1046 amicis
2202 1004 2256 1048 et
2287 994 2640 1052 familiaribus
2659 1037 2676 1061 ,
2708 995 2942 1068 denique
2971 997 3104 1069 ipsis
3130 1002 3461 1069 parentibus.
3493 1003 3598 1058 Pa-

1990 1092 2172 1139 rentes
2200 1084 2363 1152 item,
2396 1085 2440 1140 si
2468 1101 2565 1156 per
2593 1087 2752 1142 aliam
2783 1103 3002 1144 causam
3028 1090 3302 1149 auferatur
3320 1095 3404 1150 eis
3432 1110 3599 1164 pecu-

1989 1175 2074 1228 nia
2091 1214 2108 1239 ,
2136 1175 2385 1232 dolenter
2413 1177 2593 1233 ferunt
2615 1221 2632 1246 ,
2681 1190 2736 1236 et
2763 1181 2816 1236 in
2837 1181 2928 1253 jus
2956 1183 3176 1238 trahunt
3201 1201 3325 1241 eum
3351 1187 3442 1257 qui
3469 1187 3596 1244 abs-

1991 1267 2110 1320 tulit
2143 1285 2156 1322 :
2189 1266 2391 1323 homini
2433 1277 2614 1326 autem
2667 1287 2814 1342 saepe
2868 1289 3160 1346 numquam
3213 1286 3340 1334 ante
3390 1279 3506 1335 viso
3546 1289 3602 1334 et

1991 1357 2173 1427 ignoto
2197 1359 2361 1413 etiam
2391 1359 2574 1416 dotem
2621 1377 2725 1416 una
2755 1371 2887 1417 cum“
2913 1364 3018 1419 lilia
3047 1366 3372 1425 luculentam
3401 1369 3455 1425 in
3481 1386 3600 1425 ma-

1991 1465 2093 1505 nus
2117 1449 2269 1505 dant.
2322 1450 2487 1523 quue
2532 1453 2761 1509 libenter
2804 1454 3033 1522 iaciunt,
3076 1473 3252 1529 neque
3295 1473 3358 1516 se
3401 1460 3605 1517 damno

1988 1540 2132 1596 affici
2159 1542 2503 1611 existimant;
2535 1545 2630 1600 scd
2665 1546 2909 1603 videntes
2936 1548 3131 1605 abduci
3154 1550 3322 1606 tiliam
3346 1567 3454 1608 non
3483 1570 3601 1617 nte-

1993 1633 2269 1690 minerunt
2307 1637 2748 1706 consuetudinis,
2780 1656 2888 1696 non
2910 1640 3125 1709 dolent,
3159 1658 3266 1698 non
3297 1656 3602 1717 anguntur,

1991 1727 2086 1782 sed
2131 1729 2330 1799 gratias
2357 1742 2521 1799 agunt
2551 1731 2770 1801 insuper
2793 1775 2808 1798 ,
2842 1743 2898 1788 et
2925 1749 3039 1790 rem
3089 1737 3382 1806 optabilem
3413 1747 3607 1809 putant

1994 1819 2156 1874 tiliam
2184 1838 2215 1875 e
2245 1821 2407 1875 domo
2428 1838 2548 1877 cum
2579 1825 2745 1879 multa
2776 1827 2968 1882 abduci
3003 1829 3248 1897 pecunia.
3291 1829 3418 1886 llzec
3447 1832 3607 1903 igitur

1992 1912 2172 1966 omnia
2223 1913 2419 1967 Paulus
2459 1915 2840 1984 considerans,
2886 1919 3029 1987 quod
3062 1920 3375 1988 parentibus
3403 1924 3606 1978 relictis

1992 2002 2154 2056 ambo
2178 2003 2278 2057 sibi
2312 2005 2511 2057 mutuis
2536 2005 2830 2076 junguntur
2850 2008 3104 2075 nexibus,
3133 2025 3437 2083 novumque
3468 2028 3604 2069 con-

1995 2094 2220 2148 sortium
2253 2095 2512 2164 majorem
2535 2100 2757 2168 antiqua
2778 2102 3173 2158 consuetudine
3202 2103 3311 2157 vim
3333 2105 3563 2176 accipiat
3590 2125 3603 2161 :

1995 2186 2547 2260 animadvertensque
2573 2206 2681 2244 non
2705 2206 2826 2246 esse
2855 2191 2958 2247 hoc
2980 2191 3273 2250 humanum
3305 2197 3601 2267 negotium,

1993 2279 2090 2334 sed
2135 2279 2394 2335 divinitus
2438 2297 2654 2337 amores
2699 2284 2834 2340 tales
2887 2286 3086 2352 inseri,
3121 2296 3179 2343 ut
3202 2299 3384 2358 nupta:
3415 2291 3609 2361 pariet

1995 2369 2322 2426 tradentium
2350 2382 2404 2427 et
2447 2374 2825 2443 accipientium
2858 2391 2978 2432 cum
3011 2376 3194 2433 laetitia
3224 2379 3506 2440 elocentnr
3527 2391 3611 2437 at-

1993 2475 2100 2530 que
2151 2472 2534 2529 assumantur,
2584 2465 2918 2535 llfysterium,
2976 2469 3182 2538 inquit,
3231 2473 3327 2524 hoc
3368 2489 3608 2545 magnum

1995 2561 2090 2606 est.
2123 2552 2191 2607 Et
2217 2555 2356 2608 sicut
2394 2571 2588 2610 recens
2628 2566 2785 2611 natus
2818 2557 3113 2615 infantulus
3138 2561 3396 2630 adspectu
3425 2565 3606 2620 statim

1997 2652 2252 2711 parentes
2277 2647 2540 2715 agnoscit,
2576 2645 2886 2718 priusquam
2927 2650 3063 2704 sciat
3108 2665 3269 2706 voces
3302 2653 3467 2709 edere
3495 2671 3509 2708 :
3540 2657 3609 2712 ita

1996 2747 2130 2788 sane
2156 2743 2211 2789 et
2232 2750 2462 2804 sponsus
2487 2752 2548 2791 ac
2579 2752 2800 2807 sponsa,
2823 2740 3037 2795 nemine
3060 2753 3364 2813 sequestro,
3396 2749 3613 2804 nemine

1997 2822 2278 2881 hortatore
2299 2867 2313 2891 ,
2345 2829 2519 2896 primo
2546 2829 2727 2883 statim
2777 2828 3038 2901 adspectu
3088 2835 3444 2892 conciliantur
3469 2839 3610 2895 invi-

1996 2933 2139 2973 cem.
2185 2920 2241 2974 ld
2271 2936 2394 2976 cum
2421 2924 2475 2976 in
2527 2921 2745 2977 Christo
2792 2924 2960 2979 etiam
3005 2925 3511 3004 animadvertisset,
3559 2943 3614 2988 et

1999 3014 2302 3081 praesertim
2340 3013 2392 3067 in
2423 3014 2660 3070 Ecclesia
2679 3056 2694 3080 ,
2723 3031 2832 3070 non
2863 3017 2981 3072 sine
3007 3027 3229 3089 stupore
3255 3021 3487 3091 quodam
3509 3023 3608 3079 ad-

1999 3103 2224 3158 miratus
2273 3111 2377 3158 est.
2436 3104 2719 3171 Quomodo
2767 3107 2928 3175 igitur
2953 3107 3004 3162 in
3033 3107 3252 3165 Christo
3281 3121 3338 3167 et
3365 3112 3609 3170 Ecclesia

1999 3195 2140 3251 idem
2170 3196 2394 3268 contigit
2412 3197 2435 3250 ?
2453 3198 2599 3252 Sicut
2622 3213 2852 3268 sponsus
2871 3199 3060 3254 relicto
3087 3213 3237 3271 patre
3261 3202 3328 3273 ad
3355 3219 3610 3274 sponsam

2003 3296 2285 3359 properat,
2317 3289 2388 3342 ita
2419 3299 2474 3343 et
2503 3288 2750 3345 Christus
2781 3291 2968 3345 relicto
3001 3300 3224 3361 paterno
3254 3294 3392 3348 solio
3411 3337 3427 3361 ,
3470 3298 3616 3351 venit

2000 3379 2068 3434 ad
2111 3395 2368 3450 sponsam
2398 3397 2412 3434 :
2437 3397 2550 3440 non
2596 3397 2697 3438 nos
2739 3383 2983 3438 evocavit
3018 3384 3084 3439 ad
3111 3401 3339 3456 supera,
3372 3388 3466 3443 sed
3498 3389 3614 3458 ipse

1999 3473 2139 3527 ultro
2168 3472 2235 3527 ad
2283 3488 2384 3528 nos
2412 3474 2647 3529 advenit.
2696 3475 2830 3530 Cum
2873 3487 3050 3531 autem
3085 3479 3375 3534 advnntum
3422 3481 3613 3547 audis,

2001 3577 2109 3618 non
2162 3554 2573 3633 migrationem,
2627 3566 3275 3636 sed'attemperationem
3323 3571 3608 3643 intelligo:

2001 3670 2128 3709 nam
2169 3655 2331 3710 etiam
2382 3671 2504 3711 cum
2545 3657 2823 3711 nobiseum
2855 3668 3033 3726 esset,
3087 3674 3211 3714 cum
3265 3660 3424 3717 Patre
3471 3673 3610 3720 erat.

1999 3747 2340 3818 Quapropter
2378 3750 2587 3820 inquit:
2621 3749 2925 3823 Hysterium
2966 3754 3062 3807 hoc
3086 3765 3160 3808 est
3200 3772 3463 3827 maguum.
3493 3757 3636 3813 Mai

1999 3855 2165 3909 gnum
2207 3855 2339 3896 sane
2378 3842 2539 3895 etiam
2573 3843 2712 3912 apud
2742 3843 3022 3908 homines;
3054 3845 3148 3900 sed
3191 3862 3313 3902 cum
3357 3848 3514 3918 video
3557 3850 3613 3906 in

2000 3931 2271 3987 Christum
2297 3947 2510 4002 quoque
2529 3943 2582 3988 et
2612 3935 2910 3990 Ecclesium
2937 3936 3078 3991 idem
3106 3950 3416 4009 competere
3435 3984 3452 4008 ,
3499 3951 3611 3998 tum

2000 4031 2146 4076 certe
2173 4023 2433 4078 miraculo
2465 4026 2539 4079 rei
2566 4025 2763 4081 reddor
2793 4028 3070 4084 attonitus.
3107 4030 3467 4097 Quamobrem
3486 4050 3632 4093 cum.
3688 4024 3691 4025 ν

1999 4112 2258 4178 dixisset,
2295 4113 2598 4186 Mysterium
2624 4118 2718 4172 hoc
2765 4129 3004 4190 magnum
3033 4130 3141 4186 est,
3183 4122 3415 4193 subjecit
3440 4141 3562 4180 mox
3598 4145 3610 4180 :

2005 4203 2118 4276 Ego
2141 4217 2312 4261 autent
2337 4210 2452 4264 dico
2471 4211 2524 4264 in
2544 4210 2749 4266 Christo
2775 4221 2822 4267 et
2841 4215 2895 4268 in
2920 4212 3153 4269 Ecclesia
3174 4215 3393 4287 (Ephes.
3412 4220 3466 4274 5.
3497 4219 3612 4291 32).

2004 4299 2186 4370 Itaque
2215 4317 2340 4356 cum
2362 4305 2502 4358 scias
2530 4315 2792 4374 quantum
2814 4306 2884 4360 sit
2911 4307 2964 4361 in
2990 4307 3242 4378 conjugio
3267 4313 3610 4382 mysterium,

2000 4400 2056 4446 et
2075 4393 2261 4462 quanti
2285 4394 2452 4463 ﬁgura
2474 4395 2696 4466 negotii,
2727 4411 2834 4450 non
2868 4406 3074 4454 temere
3100 4398 3170 4454 de
3194 4402 3300 4455 hoc
3333 4401 3572 4458 delibera
3593 4445 3608 4466 ,

2002 4498 2174 4556 neque
2196 4488 2454 4543 ducturus
2472 4503 2747 4559 sponsam,
2769 4490 3119 4557 pecuniarum
3136 4491 3502 4550 accessionem
3526 4511 3611 4550 re-

2003 4583 2171 4651 Spice.
2203 4579 2320 4634 Non
2352 4581 2494 4634 enim
2524 4581 2846 4647 negotiatio,
2875 4580 2968 4636 sed
2998 4582 3120 4636 vita:
3164 4582 3395 4640 societas
3419 4586 3615 4657 conju~

2001 4676 2146 4745 gium
2176 4673 2592 4730 existimandum
2625 4684 2724 4728 est.

2076 4768 2132 4823 4.
2168 4765 2359 4821 Mulier
2384 4776 2554 4820 creata
2583 4775 2638 4818 ut
2665 4766 2943 4819 auxiliatur
2969 4766 3098 4821 viro.
3139 4798 3211 4809 —
3249 4768 3444 4825 Multos
3465 4774 3611 4829 enim

2007 4858 2189 4916 audivi
2217 4859 2496 4927 dicentes,
2535 4857 2625 4912 Ille
2651 4857 2959 4928 opulentior
3010 4867 3130 4929 post
3177 4863 3392 4931 nuptias
3446 4864 3617 4920 factus

2008 4962 2094 5010 est
2113 4995 2127 5018 ,
2156 4969 2278 5008 eum
2311 4952 2499 5008 fuisset
2530 4967 2732 5021 pauper
2760 4964 2953 5015 antea;
2985 4967 3126 5006 nunc
3155 4954 3315 5007 ducta
3345 4971 3511 5010 uxore
3536 4958 3614 5010 di-

2005 5048 2112 5100 vite
2143 5053 2199 5100 et
2241 5046 2357 5114 ipse
2401 5046 2510 5115 agit
2560 5045 2612 5098 in
2644 5044 2876 5098 deliciis.
2907 5043 3047 5110 Quid
3074 5046 3185 5109 ais,
3223 5045 3363 5102 bone
3391 5049 3520 5103 vir?
3548 5065 3618 5106 ex

2006 5153 2175 5192 llXttl‘C
2203 5136 2397 5191 lucrari
2428 5135 2578 5206 cupis
2599 5177 2613 5203 ,
2645 5145 2700 5190 et
2738 5152 2842 5189 non
2892 5135 3169 5192 erubescis
3197 5137 3220 5191 ?
3253 5154 3357 5192 non
3391 5155 3500 5210 pra:
3529 5157 3620 5209 pu-

2005 5231 2137 5282 dore
2163 5230 2264 5284 sub
2291 5237 2487 5284 terram
2519 5237 2570 5283 te
2599 5229 2752 5282 abdis
2786 5229 2972 5282 talium
3012 5229 3282 5284 lncrorunt
3314 5241 3576 5299 appetens
3601 5232 3624 5286 ?

2009 5320 2246 5375 lta2eciue
2275 5329 2401 5372 sunt
2422 5319 2583 5373 verba
2605 5319 2702 5372 viri
2727 5318 2749 5370 τ
2780 5319 3019 5374 Mulieris
3046 5335 3209 5373 unum
3239 5329 3322 5375 est
3343 5321 3579 5376 cilicium
3604 5365 3620 5388 ,

2008 5424 2065 5467 ut
2091 5424 2239 5484 parta
2262 5412 2550 5478 custodiat,
2583 5419 2643 5466 ut
2665 5422 2952 5466 conservet
2982 5413 3184 5468 reditus
3205 5453 3218 5478 ,
3245 5421 3299 5466 et
3328 5421 3480 5467 curet
3501 5429 3616 5469 rem

2008 5507 2356 5559 domesticam
2386 5525 2397 5557 :
2432 5519 2552 5557 nam
2593 5503 2798 5559 idcirco
2825 5520 2943 5558 eam
2972 5505 3111 5560 Dens
3141 5504 3315 5569 dedit,
3351 5505 3536 5583 uthac
3565 5524 3616 5561 ιιι

2005 5613 2062 5653 re
2085 5609 2139 5653 et
2159 5600 2210 5652 in
2233 5597 2442 5652 caeteris
2475 5594 2629 5650 nobis
2657 5595 2728 5650 sit
2751 5595 2972 5651 auxilio.
3016 5597 3278 5663 Quoniam
3323 5596 3465 5651 enim
3511 5597 3618 5650 vita

2008 5691 2121 5748 hoc
2154 5700 2332 5746 nostra
2366 5708 2396 5747 e
2427 5689 2633 5746 duobus
2665 5698 2911 5755 constat,
2943 5709 2970 5744 υ
2998 5691 3155 5746 rebus
3192 5687 3409 5760 pritatis
3439 5688 3490 5733 τι
3511 5693 3616 5748 νυ-
