4088 6416
485 336 579 391 223i

491 453 671 518 blicis,
700 468 852 509 suam
880 453 1090 523 utrique
1120 459 1324 521 partem
1356 450 1494 503 Deus
1520 448 1761 504 attribuit
1780 490 1796 515 ,
1842 446 2073 503 femineo

489 544 706 613 quidem
733 544 918 616 generi
944 556 1127 601 curam
1153 539 1228 594 rei
1248 538 1559 594 domesticte
1578 579 1594 602 ,
1616 538 1743 594 viris
1766 548 1945 593 autem
1977 552 2075 592 ne-

489 635 633 702 gotia
682 633 892 704 publica
911 674 926 699 ,
955 630 1185 686 forensia
1206 671 1223 695 ,
1240 628 1441 698 judicia
1467 629 1733 684 senatoria
1749 669 1765 695 ,
1790 627 2036 683 militaria
2056 668 2073 692 ,

488 740 682 784 ca'tera
708 728 935 795 denique
956 724 1153 779 omnia.
1182 722 1295 777 Non
1319 730 1493 792 potest
1517 722 1707 777 mulier
1731 720 1937 776 hastam
1967 728 2078 775 tor-

490 834 658 888 quere
682 825 774 871 aut
795 815 1019 885 jaculari
1041 814 1335 884 spiculum;
1358 813 1451 868 sed
1478 814 1652 869 colum
1681 820 1855 883 potest
1890 826 2076 860 autne-

494 926 572 976 re,
593 918 647 964 et
677 909 835 963 telam
858 916 1061 972 texere,
1091 916 1147 961 et
1174 918 1365 962 cietera
1388 905 1599 976 negotia
1617 902 1908 960 domestica
1924 904 2075 960 obire

489 999 720 1072 egregie.
748 998 864 1053 Non
896 1006 1070 1068 potest
1094 998 1148 1052 in
1177 1006 1363 1052 senatu
1393 997 1709 1051 sententiam
1739 996 1948 1060 dicere;
1978 995 2073 1050 scd

491 1104 663 1162 potest
691 1092 757 1147 de
788 1107 845 1146 re
885 1090 1127 1145 familiari
1173 1091 1312 1144 ferre
1335 1088 1688 1154 sententiam,
1710 1097 1766 1143 et
1789 1102 1932 1157 sirpe
1962 1104 2073 1143 me-

489 1186 590 1240 lius
614 1182 1025 1254 quanttnarltns
1065 1182 1336 1250 prospexit
1376 1181 1537 1236 rebus
1581 1179 1910 1234 domesticis.
1956 1180 2070 1235 Non
2102 1172 2103 1175 “

490 1285 667 1347 potest
695 1275 1068 1330 administrare
1097 1272 1333 1343 publica;
1368 1273 1461 1328 sed
1492 1272 1709 1343 pulchre
1736 1284 1910 1342 potest
1937 1272 2071 1329 edu-

486 1384 612 1423 care
653 1367 881 1430 liberos,
926 1380 1045 1437 quae
1070 1364 1285 1434 quidem
1329 1364 1589 1434 praecipua
1634 1374 1717 1419 est
1756 1366 2069 1435 possessio:

488 1466 660 1529 potest
687 1457 997 1511 ancillarum
1025 1454 1303 1511 malefacta
1328 1449 1759 1524 deprehendere,
1790 1467 1845 1510 cl
1874 1457 1925 1510 in
1952 1456 2072 1511 offi-

483 1551 568 1605 cio
611 1549 885 1604 continere
932 1546 1222 1613 familiam,
1277 1546 1409 1602 alias
1452 1552 1763 1603 securitates
1817 1548 2072 1604 exhibere

485 1640 674 1694 marito
702 1638 959 1708 illumque
986 1637 1213 1692 liberare
1238 1637 1615 1703 sollicitudine,
1635 1638 1761 1693 dum
1793 1639 1903 1708 ipsa
1926 1640 2070 1694 domi

481 1742 632 1786 curat
659 1746 872 1800 penum,
903 1728 1214 1794 lanificium,
1239 1730 1471 1783 culinam
1492 1769 1506 1791 ,
1536 1729 1785 1784 decorem
1818 1731 2067 1795 vestium,

485 1840 786 1895 εςυιεωιμιο
834 1840 1006 1893 neque
1052 1824 1246 1878 decora
1304 1822 1559 1887 maribus,
1593 1838 1763 1892 neque
1788 1821 1994 1889 facilia,
2026 1825 2071 1878 si

480 1916 582 1969 sibi
626 1915 711 1967 illa
739 1928 997 1981 usurpare
1028 1912 1306 1966 voltu-rint.
1341 1912 1430 1965 Est
1456 1913 1597 1967 enim
1637 1922 1691 1967 et
1742 1913 1844 1967 hoc
1879 1914 2072 1968 divina:

485 2006 862 2074 providentiae,
908 2003 1049 2072 qttod
1093 2003 1137 2056 is
1165 2003 1333 2071 quiin
1379 2003 1671 2071 majoribus
1721 2004 1947 2074 negotiis
1991 2014 2072 2059 est

485 2096 629 2150 utilis
648 2135 664 2159 ,
697 2095 748 2149 in
776 2092 1070 2148 minoribus
1114 2094 1378 2161 reperitur
1398 2091 1657 2158 deterior,
1686 2102 1740 2147 ut
1774 2094 2069 2148 necessaria

482 2187 552 2242 sit
581 2187 860 2240 mulierum
888 2199 1071 2253 opera.
1096 2181 1151 2238 Si
1178 2183 1322 2238 enim
1350 2184 1401 2238 in
1432 2184 1668 2253 utrisque
1692 2186 1771 2238 vir
1796 2183 2072 2254 prrece'le-

483 2288 565 2333 ret
585 2318 601 2341 ,
636 2276 790 2331 facile
812 2284 1245 2331 contemneretur
1264 2290 1433 2343 genus
1460 2274 1746 2329 femineum
1778 2293 1789 2326 :
1815 2287 2001 2329 contra
2027 2276 2068 2328 si

484 2369 536 2422 in
569 2364 1022 2436 prasstantioribus
1054 2363 1224 2431 major
1250 2372 1394 2416 esset
1425 2378 1550 2417 usus
1596 2364 1907 2431 mulierum,
1956 2364 2062 2433 ple-

484 2475 567 2511 nrc
592 2467 775 2512 essent
804 2454 1102 2510 insolentia.
1153 2453 1510 2521 Quamobrem
1539 2470 1643 2508 non
1682 2456 1951 2509 commisit
1977 2457 2065 2509 uni

483 2557 738 2618 utraque,
772 2560 838 2599 ne
868 2544 1086 2597 alterius
1112 2543 1324 2612 generis
1350 2543 1586 2599 deterior
1636 2546 1789 2600 fieret
1831 2546 2070 2601 conditio

481 2650 539 2694 ut
564 2636 945 2707 supervacanci
981 2655 994 2688 :
1029 2650 1126 2689 nec
1170 2646 1345 2689 tamen
1375 2650 1443 2689 ex
1480 2651 1632 2706 mquo
1657 2636 1928 2692 distribuit
1951 2637 2072 2690 offi-

479 2730 596 2793 cia,
631 2745 699 2782 ne
746 2728 883 2780 inter
912 2733 1150 2793 aequatos
1188 2724 1391 2780 honore
1421 2727 1655 2779 oriretur
1680 2726 1747 2779 tle
1776 2728 2072 2795 prioctpatu

483 2818 782 2881 contcntio,
805 2815 1065 2871 uxoribus
1084 2830 1189 2868 non
1217 2815 1551 2885 dignantibus
1570 2816 1698 2868 viris
1727 2815 2070 2886 pra-rogativa

485 2908 681 2964 cedere
734 2924 747 2961 :
798 2905 891 2958 sed
923 2918 1027 2974 quo
1050 2914 1103 2957 et
1149 2904 1449 2958 concordim
1480 2914 1532 2956 et
1572 2904 2072 2974 decorOpt-osp.er-

482 3010 595 3067 ret,
625 3000 693 3054 ita
717 2997 905 3053 ordine
925 3010 1049 3049 suas
1068 2995 1258 3062 cuique
1279 2987 1753 3047 sexuifunctiones
1769 2994 2066 3059 distribuit,

482 3102 539 3146 ut
584 3090 766 3145 utilior
808 3102 870 3142 ac
908 3086 1076 3156 magis
1114 3087 1415 3143 necessaria
1443 3098 1565 3154 pars
1591 3083 1709 3139 viro
1731 3085 2028 3155 obtingeret
2052 3125 2071 3153 ,

482 3182 655 3236 minor
693 3185 873 3234 autem
906 3184 961 3231 et
996 3173 1490 3239 inferiorfeminaz;
1518 3184 1573 3230 et
1596 3175 1682 3230 ille
1702 3176 1916 3246 quidem
1948 3194 2075 3245 pro-

481 3284 598 3343 pter
629 3272 955 3343 prarcipuum
984 3266 1064 3321 sui
1092 3282 1246 3320 usum
1271 3268 1423 3319 fieret
1444 3264 1791 3331 honorabilis,
1817 3267 1932 3321 haec
1950 3283 2075 3320 vero

480 3376 700 3435 propter
730 3362 913 3417 viliora
936 3360 1227 3414 ministeria
1250 3367 1433 3414 contra
1462 3360 1742 3430 conjugcm
1768 3376 1874 3413 nott
1903 3361 2075 3414 insur-

478 3463 649 3526 geret.

551 3545 679 3600 Sola
723 3545 878 3598 uirtus
913 3553 961 3595 et
1002 3557 1198 3594 morum
1234 3540 1453 3609 probitas
1506 3541 1558 3593 in
1588 3557 1746 3595 uxore
1775 3543 2067 3610 querenda.

485 3638 670 3691 (horis
685 3634 853 3689 divitis
870 3631 1406 3687 incommoda.-—H;rc
1428 3631 1586 3702 igitur
1612 3648 1797 3687 omnes
1808 3651 1928 3688 cum
1942 3635 2077 3688 scia-

480 3746 620 3795 tnus,
652 3743 814 3780 unum
851 3736 1053 3779 tantum
1072 3737 1395 3793 qumramus.
1415 3737 1606 3791 nempe
1625 3724 1871 3777 virtutem
1890 3726 2072 3791 animi,

479 3832 532 3875 rt
561 3834 767 3873 morum
788 3817 1054 3887 egregiam
1075 3813 1327 3877 indit-tn,
1350 3824 1407 3867 ut
1425 3829 1551 3883 pace
1570 3815 1827 3881 fruamur,
1851 3827 1905 3869 et
1925 3817 2075 3871 oblc—

482 3922 690 3963 rtctnnr
715 3906 998 3961 cuneordia
1028 3913 1381 3973 perpetuaque
1408 3905 1790 3959 benevolentia.
1811 3908 1909 3973 Qui
1932 3911 2073 3963 enim

479 4002 702 4055 divitem
722 3999 874 4051 duxit
898 4013 1115 4051 uxorem
1139 4037 1152 4061 ,
1180 3995 1450 4050 dominam
1480 4000 1646 4067 magis
1674 4000 1774 4055 sibi
1800 4002 2073 4070 qumsivit,

480 4106 639 4159 quam
668 4090 970 4159 conjugem.
999 4087 1128 4139 Cum
1148 4086 1288 4139 enim
1307 4096 1361 4139 et
1376 4086 1573 4157 absque
1596 4088 1697 4144 hoc
1720 4092 1970 4145 mulieres
1993 4094 2076 4146 in-

482 4182 643 4251 genio
670 4180 901 4250 superbo
921 4179 1022 4231 sint
1044 4177 1368 4245 honorisque
1397 4178 1608 4245 cupido,
1639 4179 1683 4232 si
1709 4196 1839 4248 opes
1864 4197 2077 4251 quoque

486 4272 844 4333 accesserint,
883 4267 1152 4340 quomodo
1181 4277 1340 4322 erunt
1370 4270 1573 4323 maritis
1605 4272 1952 4326 tolerabiles?
1977 4273 2075 4341 Qui

486 4371 665 4416 autem
709 4359 967 4430 aqualem
1008 4357 1196 4423 duxit,
1224 4366 1317 4412 aut
1347 4358 1536 4426 opibus
1562 4358 1663 4413 sibi
1693 4360 1983 4429 imparem,
2014 4363 2078 4417 iis

484 4452 803 4521 adjutricem
844 4449 993 4504 duxit
1030 4458 1086 4503 et
1127 4449 1324 4502 sociam
1345 4489 1361 4512 ,
1403 4459 1458 4505 et
1483 4451 1660 4505 omnia
1689 4451 1827 4506 bona
1855 4454 1965 4509 suis
1997 4455 2081 4508 in-

485 4548 641 4599 duxit
684 4532 906 4599 aidihus.
962 4540 1079 4611 Ipsa
1129 4541 1270 4596 enim
1322 4544 1648 4610 paupertatis
1690 4548 1983 4602 necessitas
2027 4550 2076 4603 ei

490 4635 809 4706 persuadet,
844 4648 897 4687 ut
928 4635 1176 4688 maritum
1202 4632 1343 4687 eolat
1375 4632 1545 4688 modis
1570 4636 1817 4692 onmibus
1837 4678 1852 4702 ,
1881 4637 2079 4695 cedens

489 4730 564 4783 illi
613 4736 667 4781 ct
710 4728 1011 4795 obsequens
1054 4740 1148 4794 per
1185 4724 1363 4778 omnia
1408 4742 1421 4778 :
1458 4725 1640 4795 sicque
1679 4730 2033 4785 contentionis
2060 4771 2077 4797 ,

489 4823 653 4884 l'iXt',
701 4816 1029 4879 insnlentiaa,
1074 4816 1519 4869 contumeliarum
1563 4818 1783 4872 materia
1830 4821 2074 4876 tollitur:

492 4912 637 4979 pacis
662 4919 838 4963 autem
864 4949 879 4972 ,
906 4906 1225 4971 concordiw,
1251 4907 1552 4961 dilectionis
1572 4923 1969 4980 consensusque
1991 4930 2079 4967 ac-

486 5004 630 5057 cedit
681 5000 969 5054 vinculum.
1018 4999 1127 5052 Pax
1188 4998 1345 5068 igitur
1386 5009 1439 5053 et
1478 5000 1709 5069 jucunda
1750 5004 2078 5058 consuetudo

487 5092 775 5163 quaerenda
820 5099 927 5154 est,
978 5105 1081 5143 non
1122 5091 1361 5158 pecunia.
1396 5088 1451 5142 In
1478 5089 1580 5144 hoc
1605 5090 1799 5145 factum
1828 5101 1913 5147 cst
1939 5109 2073 5148 cen-

486 5186 682 5255 jnginm
704 5225 720 5249 ,
752 5199 855 5237 non
885 5194 941 5236 ut
969 5182 1096 5235 rixis
1123 5182 1276 5251 plctta
1309 5184 1378 5235 sit
1403 5183 1591 5236 domus
1614 5193 1666 5236 et
1689 5186 1826 5238 belli
1847 5228 1861 5251 ,
1888 5202 1992 5239 non
2020 5196 2076 5241 ut.

487 5278 607 5331 lites
650 5276 825 5329 adsint
866 5274 1268 5335 etcontcntio,
1314 5287 1417 5325 non
1463 5283 1517 5326 ut
1548 5277 1745 5331 mutuis
1774 5275 2077 5332 laboremus

482 5365 739 5427 dissitliis,
763 5374 817 5419 et
840 5365 918 5418 sic
950 5366 1188 5417 vivamus
1220 5373 1276 5416 ιιι
1306 5363 1429 5417 vita:
1459 5364 1650 5417 tzndeat
1683 5383 1696 5417 :
1730 5365 1821 5419 scd
1849 5377 1903 5421 ut
1932 5368 2075 5421 frua-

487 5476 606 5513 mur
630 5457 921 5527 atljntorio,
946 5466 998 5511 et
1042 5466 1247 5523 portum
1278 5455 1565 5521 habeanms
1587 5498 1601 5521 ,
1628 5457 1887 5526 refugium
1923 5471 2081 5531 atque

484 5552 730 5602 solatium
756 5591 769 5613 ,
800 5565 903 5616 qttu
932 5548 1099 5601 levius
1131 5547 1361 5600 feramus
1394 5532 1729 5601 incomlnoda
1755 5587 1770 5613 ,
1806 5560 1966 5618 utque
1992 5552 2078 5619 ju-

481 5640 670 5693 rnntlts
716 5639 895 5691 uxoris
936 5653 1234 5692 t'ccrccmur
1265 5638 1559 5707 colloquiis.
1589 5639 1727 5703 Quot
1753 5640 1943 5693 divites
1972 5641 2067 5695 ιΙιιη

481 5736 585 5787 uis
624 5731 884 5801 opulentis
933 5727 1213 5796 uxoribus,
1252 5744 1307 5783 re
1338 5739 1487 5783 aucta
1519 5729 1827 5785 exciderunt
1858 5744 1885 5782 a
1920 5730 2065 5785 volu-

1195 336 1253 392 S.
1292 333 1570 393 JOANNIS
1605 332 2082 392 CllltYSOSTOHl
2120 332 2440 391 ARClilEl’.
2479 333 3010 394 CONSTANTINOP.

2184 455 2331 518 ptate
2361 449 2665 503 concordiae
2685 492 2700 515 ,
2734 465 2803 506 ne
2833 465 3016 505 mensa
3046 451 3259 521 quidem
3292 462 3509 510 vacante
3537 472 3567 508 a
3598 460 3771 526 quoti-

2179 536 2354 593 dianis
2378 538 2566 609 pugnis
2583 547 2637 593 et
2658 541 3134 596 contentionibus?
3160 554 3288 614 quot
3309 560 3574 614 pauperes
3597 548 3774 602 ductis

2182 626 2348 683 etiam
2374 631 2778 699 pauperioribus
2805 631 2987 686 vivunt
3011 632 3065 687 in
3085 648 3246 705 pace,
3270 644 3326 689 et
3345 636 3633 691 admodtun
3664 638 3773 694 laeti

2178 720 2347 775 solent
2393 718 2535 774 hunc
2574 722 2873 791 aSpiciunt;
2904 723 3098 779 divites
3124 736 3310 781 contra
3337 727 3585 783 omnibus
3610 728 3770 784 afflu-

2177 817 2333 864 entes
2355 808 2564 863 deliciis
2584 851 2597 872 ,
2634 821 2853 882 propter
2878 827 3075 868 uxores
3100 814 3260 868 vitam
3290 830 3512 871 exesam
3540 815 3737 874 habent
3754 860 3772 881 ,

2177 910 2234 957 et
2270 911 2498 957 mortem
2542 903 2679 957 votis
2716 905 3020 974 expetunt?
3061 905 3198 962 adeo
3241 908 3386 963 ttulla
3410 918 3494 965 est
3520 911 3776 981 pecunia-

2176 1010 2297 1051 rum
2336 996 2564 1061 utilitas,
2604 996 2705 1052 nisi
2744 996 2797 1051 in
2839 1000 3033 1053 bonam
3075 1000 3307 1055 animam
3356 1001 3659 1058 inciderint.
3702 1002 3776 1057 Et

2175 1085 2303 1156 quid
2328 1101 2465 1157 opus
2492 1096 2575 1141 est
2599 1087 2669 1143 de
2688 1103 2820 1158 pace
2846 1088 2989 1159 loqui
3015 1100 3071 1145 et
3097 1092 3381 1147 concordia
3403 1134 3421 1160 ,
3447 1094 3663 1164 quando
3687 1095 3774 1149 di-

2177 1177 2366 1231 tiorem
2409 1177 2626 1233 duxisse
2666 1194 3062 1250 nonnumquam
3107 1180 3177 1235 ad
3226 1183 3479 1252 pecunias
3504 1185 3777 1253 parandas

2175 1265 2274 1322 fuit
2299 1268 2630 1324 obstaculum
2646 1270 2671 1322 ?
2698 1268 2784 1325 Fit
2802 1271 2944 1325 enim
2975 1270 3241 1326 interdum
3264 1274 3432 1343 utqui
3455 1257 3621 1329 totam
3643 1275 3775 1329 sub-

2175 1359 2426 1416 stantiam
2458 1360 2509 1415 in
2535 1361 2845 1418 accessione
2868 1362 3011 1418 dotis
3036 1365 3238 1419 uxoria:
3267 1354 3777 1437 contribuitfpaule

2175 1461 2296 1521 post
2336 1452 2407 1508 ob
2453 1453 2795 1508 immaturutn
2838 1454 3085 1525 conjugis
3128 1454 3332 1511 obitum
3377 1464 3543 1512 totam
3588 1456 3773 1513 dotem

2152 1559 2463 1605 numerare
2502 1553 2726 1615 cogatur
2750 1544 2999 1600 affinibus
3030 1562 3044 1598 :
3074 1555 3129 1601 ct
3153 1547 3603 1616 quemadmodum
3630 1564 3773 1603 nau-

2174 1636 2303 1705 fragi
2343 1644 2562 1690 enatant
2597 1636 2742 1691 nudo
2779 1651 3005 1707 corpore
3028 1678 3044 1703 ,
3084 1639 3154 1693 ita
3183 1646 3241 1694 et
3269 1637 3356 1694 hic
3387 1648 3508 1710 post
3532 1648 3610 1695 tot
3632 1655 3772 1696 con-

2177 1727 2474 1793 tentiones,
2510 1728 2651 1781 rixas
2670 1768 2688 1794 ,
2723 1728 2844 1784 lites
2873 1738 2928 1784 et
2950 1729 3171 1799 injurias
3196 1727 3338 1802 aigre
3366 1741 3578 1788 tueatur
3607 1733 3776 1789 liber-

2176 1828 2336 1874 tatem
2376 1814 2633 1888 corporis.
2683 1819 2746 1874 Et
2773 1820 2912 1875 sicut
2941 1821 3269 1879 insatiabiles
3299 1826 3654 1894 negotiatores
3682 1842 3775 1881 re-

2176 1910 2314 1978 plcta
2357 1910 2475 1963 navi
2520 1909 2814 1966 innumeris
2854 1912 3113 1979 sarcinis,
3153 1923 3207 1969 et
3242 1915 3510 1986 congestis
3534 1915 3780 1985 pluribus

2174 2018 2332 2071 quam
2380 2002 2601 2071 perferri
2641 2004 2849 2071 possint
2888 2005 3171 2070 oneribus,
3205 2019 3384 2060 merso
3412 2006 3626 2076 navigio
3651 2022 3781 2076 per-

2174 2094 2306 2145 dunt
2350 2092 2527 2147 omnia
2560 2108 2577 2145 :
2610 2092 2678 2146 ita
2723 2102 2779 2148 et
2804 2094 2893 2160 qui
2923 2108 3229 2165 praegraves
3256 2094 3450 2163 opibus
3478 2107 3781 2167 sequuntur

2174 2183 2385 2251 nuptias
2406 2224 2422 2249 ,
2453 2183 2578 2237 dum
2607 2184 2866 2253 majorem
2890 2199 2985 2254 per
3008 2184 3314 2254 conjugium
3346 2185 3564 2256 adipisci
3589 2202 3648 2242 se
3677 2202 3779 2258 pu-

2175 2284 2284 2327 tant
2315 2274 2698 2341 substantiam,
2737 2275 2990 2330 amittunt
3026 2285 3078 2331 et
3119 2290 3236 2331 eam
3260 2313 3280 2342 ,
3317 2291 3436 2345 quae
3469 2277 3617 2346 prius
3645 2277 3781 2346 ipsis

2175 2365 2343 2418 fuerat
2368 2381 2380 2427 ;
2410 2366 2547 2419 sicut
2579 2368 2720 2419 enim
2747 2366 2854 2421 illic
2879 2368 3037 2421 unius
3063 2367 3258 2421 fluctus
3284 2366 3484 2437 impetu
3507 2368 3658 2423 navis
3677 2383 3777 2438 op-

2177 2457 2419 2523 primitur
2451 2473 2463 2510 :
2497 2456 2576 2510 sic
2596 2465 2651 2511 et
2670 2455 2757 2511 hic
2780 2456 3062 2511 immatura
3087 2471 3235 2511 mors
3256 2458 3500 2529 conjugis
3523 2474 3781 2529 superve-

2175 2548 2328 2601 niens
2343 2563 2466 2602 cum
2493 2564 2659 2604 uxore
2682 2549 2843 2605 etiam
2875 2566 2988 2605 rem
3016 2566 3232 2607 omnem
3260 2553 3442 2623 eripit.

2247 2637 2300 2691 5.
2354 2637 2479 2693 ll:cc
2520 2639 2681 2707 igitur
2703 2642 2881 2695 omnia
2906 2642 3207 2711 cogitantes
3237 2657 3345 2698 non
3372 2644 3624 2714 pecunias
3647 2660 3779 2716 spe-

2176 2737 2381 2782 ctemus
2403 2767 2419 2793 ,
2447 2728 2542 2783 sed
2562 2730 2880 2797 probitatem
2904 2771 2918 2795 ,
2941 2730 3275 2787 honestatem
3298 2774 3313 2797 ,
3337 2742 3390 2787 et
3413 2733 3775 2803 prudentiam.

2172 2818 2367 2873 Mulier
2412 2818 2555 2874 enim
2602 2820 2859 2887 cordata,
2910 2823 3169 2892 probata,
3212 2824 3454 2880 modesta
3480 2867 3496 2890 ,
3537 2826 3609 2881 sit
3650 2827 3782 2882 licet

2178 2925 2378 2980 pauper
2395 2953 2410 2977 ,
2440 2920 2809 2981 paupertatem
2831 2913 3168 2969 commodius
3189 2913 3324 2971 feret
3346 2932 3506 2986 quam
3527 2916 3740 2972 divitias
3762 2935 3777 2969 :

2176 3000 2314 3054 sicut
2354 3012 2539 3055 contra
2585 3016 2798 3057 morosa
2826 3043 2845 3069 ,
2884 3004 3250 3071 contentiosa,
3291 3015 3347 3060 et
3381 3006 3777 3076 intemperans,

2178 3091 2382 3145 etiamsi
2416 3092 2656 3161 ingentes
2683 3092 2967 3147 thesauros
2988 3083 3043 3148 in
3064 3094 3268 3149 :edibus
3298 3094 3567 3161 inveniat,
3591 3100 3780 3167 quavis

2180 3182 2409 3249 procella
2430 3183 2588 3237 citius
2615 3197 2707 3236 cos
2735 3182 2989 3253 dissipat,
3015 3184 3370 3255 maritumque
3388 3198 3441 3241 et
3465 3198 3783 3257 paupertate

2178 3282 2229 3327 et
2262 3273 2554 3326 innumeris
2580 3273 3227 3329 involvitcalamitatibus.
3250 3275 3365 3330 Non
3388 3277 3547 3347 igitur
3565 3276 3791 3333 divitias.

2179 3378 2517 3432 qttzcratnus,
2555 3363 2650 3418 scd
2690 3380 2808 3435 quae
2853 3375 3147 3435 przesentes
3187 3365 3469 3424 facultates
3502 3368 3779 3439 dispenset

2179 3454 2481 3509 commode.

2250 3544 2353 3597 Cur
2391 3547 2676 3600 institutum
2719 3550 2873 3618 fuerit
2911 3549 3225 3621 conjugium.
3285 3549 3591 3620 Exemplum
3616 3552 3778 3606 Abra-

2181 3628 2318 3682 hami
2348 3628 2456 3695 ﬁlio
2481 3646 2572 3684 suo
2606 3648 2818 3685 uxorem
2843 3633 3133 3704 quaerentis.
3165 3664 3238 3673 —
3264 3637 3402 3692 Ante
3426 3636 3605 3689 omnia
3631 3635 3779 3692 diem

2179 3738 2424 3791 quaenam
2454 3722 2614 3779 fuerit
2633 3740 2792 3780 causa
2819 3725 3075 3797 conjugii,
3097 3734 3152 3780 et
3172 3727 3520 3797 quamobrem
3550 3729 3600 3782 in
3627 3744 3777 3783 com-

2182 3831 2395 3870 munem
2427 3816 2587 3871 vitam
2616 3816 2976 3872 introductum
2998 3819 3087 3886 sit,
3111 3834 3210 3875 nec
3230 3820 3514 3890 quidquam
3536 3822 3781 3891 requiras

2181 3908 2431 3977 amplius.
2474 3906 2605 3973 Qua:
2644 3908 2801 3978 igitur
2838 3908 2935 3963 fuit
2963 3925 3122 3963 causa
3152 3911 3381 3980 conjugii
3403 3952 3419 3978 ,
3443 3922 3496 3966 et
3522 3927 3619 3966 cur
3645 3912 3774 3969 illud

2180 3996 2364 4051 datum
2404 4007 2484 4051 est
2526 3997 2824 4052 divinitus?
2850 3998 2986 4054 Audi
3020 3999 3239 4054 Paulum
3269 4000 3565 4067 dicentem,
3600 4002 3680 4055 Ad
3703 4003 3778 4054 ui-

2180 4087 2361 4140 tandus
2401 4098 2567 4139 autem
2606 4090 2931 4143 scortationes
2958 4091 3167 4159 quisque
3198 4108 3344 4144 suam
3370 4108 3577 4145 uxorem
3598 4092 3778 4147 habeat

2188 4179 2263 4247 (l.
2294 4177 2410 4233 Cor.
2447 4179 2500 4232 7.
2528 4179 2604 4249 2).
2650 4179 2766 4234 Νοιι
2811 4180 2983 4247 dixit,
3032 4180 3098 4236 Ut
3124 4182 3354 4236 evitetur
3381 4191 3694 4250 paupertas,
3724 4193 3781 4238 et

2186 4279 2439 4338 parentur
2474 4270 2673 4325 divitia:
2720 4288 2735 4326 ε
2779 4273 2875 4327 sed
2904 4271 3070 4341 quid?
3094 4269 3163 4328 Ut
3190 4273 3571 4327 seortationem
3603 4274 3776 4330 evite-

2185 4373 2333 4422 mus,
2382 4369 2439 4412 ut
2482 4361 2826 4416 moderemur
2870 4363 3358 4433 concupiscentiam
3385 4404 3401 4430 ,
3452 4372 3509 4419 ut
3538 4366 3780 4421 vivamus

2185 4450 2395 4517 sobrie,
2445 4462 2501 4505 ut
2541 4453 2649 4507 Deo
2690 4455 2996 4523 placeamus
3034 4456 3271 4511 contenti
3311 4471 3479 4512 uxore
3516 4457 3730 4528 prepria
3762 4477 3775 4512 :

2188 4540 2288 4595 hoc
2335 4543 2490 4597 nobis
2533 4543 2687 4598 affert
2732 4546 3071 4616 coniugium,
3124 4547 3210 4601 hic
3256 4547 3373 4616 ejus
3414 4548 3650 4615 fructus,
3678 4550 3781 4604 hoc

2189 4633 2312 4689 inde
2338 4636 2541 4688 lucrum
2570 4644 2670 4689 cst.
2700 4635 2839 4689 Cave
2870 4636 3029 4706 igitur
3054 4636 3265 4692 omissis
3293 4638 3587 4707 potioribus
3605 4649 3782 4694 secte-

2189 4724 2262 4777 ris
2290 4740 2407 4794 qua:
2438 4726 2662 4779 minoris
2685 4735 2811 4779 sunt
2841 4727 2996 4794 pretii
3024 4745 3035 4780 :
3069 4744 3219 4783 mens
3250 4730 3391 4783 enim
3419 4730 3597 4783 sobria
3624 4730 3781 4800 longe

2190 4799 2406 4883 praestat
2431 4815 2651 4871 divitiis.
2682 4816 2793 4871 lloc
2820 4819 2961 4872 enim
2996 4834 3157 4873 unum
3184 4820 3235 4872 itt
3260 4820 3509 4891 conjugio
3532 4799 3782 4891 spectat»

2185 4908 2308 4961 dum
2336 4919 2417 4963 est
2446 4911 2675 4963 maxime
2698 4951 2712 4972 ,
2742 4919 2799 4963 ut
2827 4920 3104 4979 peccatum
3136 4911 3448 4981 efl‘ugiatnus
3467 4952 3483 4978 ,
3506 4924 3561 4967 ut
3580 4913 3781 4967 immu~

2186 5016 2280 5055 nes
2322 5000 2490 5055 simus
2530 5017 2559 5055 a
2602 5002 3018 5056 scortationibus
3064 5019 3077 5055 :
3116 5003 3166 5056 in
3201 5006 3298 5057 hoc
3323 5002 3627 5073 qua-renda:
3653 5015 3785 5058 sunt

2188 5091 2383 5161 ιιιιριίιιι
2407 5132 2422 5157 ,
2453 5102 2509 5145 ut
2536 5092 2602 5146 ad
2636 5096 2795 5146 vitam
2822 5093 3012 5163 pudice
3032 5092 3328 5163 degendam
3357 5109 3456 5149 nos
3484 5094 3736 5164 adjuvettt
3766 5115 3777 5147 :

2185 5183 2326 5251 quod
2356 5183 2425 5237 ita
2452 5182 2665 5237 demum
2698 5183 2932 5239 futurutn
2959 5195 3041 5239 est
3065 5226 3080 5251 ,
3109 5185 3153 5238 si
3182 5185 3301 5238 talis
3319 5201 3515 5255 sponsa
3541 5186 3782 5256 contige-

2186 5276 2283 5339 rit,
2316 5289 2433 5342 qure
2458 5272 2523 5327 ad
2555 5274 2621 5344 pi.
2641 5282 2832 5339 tatem,
2866 5274 2931 5327 ad
2960 5276 3363 5344 temperantiam
3385 5287 3438 5329 et
3459 5275 3779 5344 probitatem

2186 5378 2283 5417 nos
2314 5378 2557 5434 magnam
2590 5366 2792 5435 redigat
2853 5365 3106 5435 Corporis
3135 5367 3277 5421 enim
3310 5367 3652 5436 pulchritudo
3676 5368 3780 5423 nisi

2185 5454 2521 5520 cenjunctam
2567 5456 2758 5510 habeat
2796 5457 3042 5511 virtutem
3088 5458 3282 5523 animi,
3317 5458 3512 5527 poterit
3560 5458 3781 5527 quidem

2189 5548 2437 5601 maritum
2484 5563 2651 5615 usque
2689 5548 2755 5601 ad
2783 5548 2970 5603 decem
2997 5557 3087 5603 ant
3118 5549 3330 5618 viginti,
3360 5549 3640 5618 trigintavc
3664 5547 3785 5602 dies

2185 5653 2413 5707 capere,
2470 5638 2561 5692 scd
2608 5640 2849 5695 eamdem
2902 5642 3007 5694 vim
3055 5657 3160 5695 non
3202 5641 3461 5695 obtinebit
3514 5642 3783 5709 ulterius,

2184 5730 2323 5800 quod
2370 5731 2690 5787 incentivum
2739 5734 2864 5789 illud
2912 5736 3108 5790 amoris
3155 5744 3407 5791 vanescat
3435 5734 3643 5791 detecta
3671 5749 3783 5788 ma-
