4088 6402
273 357 388 412 253

269 472 384 526 lilia
415 485 433 536 ;
460 475 519 524 at
542 482 662 540 qua:
691 465 854 521 animi
888 461 1090 534 pollent
1116 461 1516 532 pulchritudine
1538 503 1552 527 ,
1577 477 1684 532 quo
1710 461 1877 530 magis

273 561 542 632 temporis
586 574 839 631 processu
889 556 1301 627 generositatem
1348 570 1498 609 suam
1539 552 1835 623 approbant
1860 594 1876 616 ,

272 661 431 708 tanto
467 650 667 706 acriori
699 649 912 704 ﬂamina
943 656 1105 703 urunt
1135 647 1451 700 maritorum
1501 659 1736 716 pectora.
1769 645 1878 698 lloc

270 752 434 812 pacto
465 741 555 798 ubi
588 740 787 797 fervida
829 747 883 794 et
914 753 1167 809 germana
1213 737 1510 791 innascitur
1554 736 1879 791 benevolen-

269 836 366 897 tia,
399 849 564 888 omne
588 831 756 901 stupri
787 846 957 902 genus
981 830 1213 893 exsulat,
1240 838 1294 883 et
1320 830 1398 883 sic
1423 827 1623 882 amanti
1653 844 1873 882 uxorein

268 938 341 980 ne
385 925 440 979 in
487 932 724 979 mentem
755 921 969 991 quidem
1001 921 1143 972 venit
1169 919 1415 988 \‘0illpL'lS
1457 919 1557 972 nisi
1605 917 1874 988 legitima,

273 1013 586 1070 immanenti
617 1012 890 1067 amoribus
921 1011 1186 1081 propriis,
1229 1021 1281 1064 et
1314 1027 1407 1079 per
1439 1009 1742 1077 pudicitiam
1783 1023 1871 1061 ea.

269 1107 440 1170 ptanti
486 1103 727 1159 favorem
759 1104 989 1158 ctelcstis
1031 1103 1302 1168 numinis,
1336 1101 1487 1172 eujns
1530 1103 1781 1172 auspiciis
1821 1112 1877 1156 et

269 1195 648 1252 benevolentia
680 1198 821 1251 inter
844 1195 1100 1264 conjuges
1130 1195 1198 1250 sit
1229 1204 1506 1265 perpetua,
1543 1204 1596 1248 et
1627 1195 1741 1264 ejus
1772 1210 1876 1263 ope

264 1267 678 1343 administretur
705 1304 791 1342 res
820 1287 1136 1342 domestica.
1163 1287 1254 1342 Sic
1282 1302 1480 1341 uxores
1521 1286 1620 1340 sibi
1666 1303 1876 1356 qumrc-

263 1380 392 1434 hant
441 1381 601 1450 prisci
637 1379 708 1433 illi
737 1381 934 1433 virtute
964 1379 1208 1442 nobiles,
1242 1378 1555 1448 prteclaram
1597 1378 1760 1431 animi
1795 1379 1872 1431 in-

263 1472 446 1524 dolem
492 1471 544 1523 in
589 1470 668 1524 eis
709 1479 1052 1538 spectantes,
1106 1485 1210 1523 non
1258 1469 1600 1538 pecuniarum
1639 1469 1869 1535 copiam,

261 1562 411 1628 quod
445 1561 516 1614 ita
547 1576 667 1615 esse
701 1570 761 1614 ut
787 1560 896 1614 dixi
930 1575 1035 1613 uno
1065 1561 1311 1628 exemplo
1340 1559 1680 1614 indicabitur.
1710 1563 1871 1613 Abra-

263 1653 451 1705 hamus
467 1653 584 1721 jam
611 1652 781 1705 senior
813 1661 1155 1720 provectazque
1180 1652 1343 1704 (etatis
1370 1651 1498 1704 dixit
1523 1667 1664 1704 servo
1689 1652 1872 1720 majori

259 1745 448 1796 domus
472 1760 600 1808 suat,
625 1744 710 1812 qui
733 1753 946 1812 prwerat
969 1744 1076 1812 ejus
1099 1743 1329 1796 omnibus
1356 1743 1700 1813 facultatibus,
1733 1743 1873 1796 I’one

262 1850 474 1886 manum
523 1843 662 1886 luat):
699 1834 867 1886 subter
907 1837 1074 1902 femur
1119 1851 1320 1895 meum,
1351 1846 1403 1886 ut
1431 1835 1662 1900 adiurem
1705 1845 1752 1888 te
1782 1854 1873 1904 per

264 1923 546 1975 Dominum
571 1921 737 1976 Deum
760 1923 872 1976 (teli
901 1933 946 1976 et
978 1934 1124 1976 terra:
1146 1964 1159 1985 ,
1196 1933 1249 1975 ut
1280 1942 1379 1976 non
1411 1925 1635 1992 accipias
1664 1943 1871 1978 ttxorem

265 2017 379 2084 ﬁlio
421 2032 534 2068 meo
575 2013 725 2068 Isaac
769 2018 831 2068 de
861 2017 1066 2081 ﬁliabus
1094 2015 1502 2069 Citanaiurorum
1529 2058 1541 2079 ,
1575 2018 1706 2069 inter
1748 2035 1872 2085 quos

261 2107 458 2172 habito,
481 2107 570 2159 sed
589 2107 657 2157 ad
679 2115 860 2158 (errant
879 2123 1041 2159 meam
1059 2107 1142 2158 ubi
1160 2116 1306 2159 natus
1322 2123 1451 2166 smn,
1470 2117 1514 2160 et
1529 2108 1596 2158 ad
1612 2111 1870 2176 cognatio-

262 2214 378 2249 nem
407 2213 571 2248 meam
593 2197 953 2265 proﬁciscaris,
976 2206 1020 2250 et
1048 2197 1164 2248 inde
1186 2214 1392 2249 uxorem
1410 2199 1518 2265 ﬁlio
1544 2215 1654 2250 meo
1689 2198 1870 2264 capias

263 2290 281 2353 (
310 2287 441 2340 Gen.
467 2287 562 2340 24.
599 2290 694 2340 1-4
792 2287 979 2340 Viden’
1003 2289 1130 2356 justi
1163 2287 1320 2356 hujus
1350 2289 1601 2342 virtutetn
1626 2332 1638 2352 ,
1672 2301 1869 2357 quanta

258 2393 390 2430 rura
441 2377 642 2446 nuptiis
689 2380 1056 2446 prOSpexerit‘l
1084 2379 1199 2432 Non
1231 2380 1373 2432 enim
1407 2380 1646 2433 adhibuit
1678 2382 1868 2448 perdu-

256 2468 460 2521 etriees
495 2467 876 2530 mulierculas,
907 2479 961 2521 ut
993 2486 1132 2522 nunc
1165 2469 1249 2532 lit,
1285 2486 1459 2538 neque
1482 2472 1752 2538 pronubas
1778 2481 1868 2525 aut

259 2579 394 2615 anus
428 2564 695 2634 garrulas,
727 2562 822 2620 sed
861 2562 1067 2616 mutulo
1098 2578 1196 2621 suo
1227 2564 1498 2617 commisit
1553 2564 1652 2618 hoc
1700 2580 1864 2633 nego-

258 2665 394 2713 tium
423 2681 435 2714 :
463 2661 605 2730 quod
633 2678 806 2731 ipsum
831 2678 1084 2732 magnum
1120 2663 1333 2730 pietatis
1362 2659 1678 2732 patriarcha:
1710 2677 1870 2734 argu-

257 2762 502 2804 mentum
534 2763 650 2816 est,
681 2753 822 2821 quod
868 2763 972 2806 tam
1023 2754 1160 2807 bene
1194 2754 1421 2808 instituit
1466 2755 1720 2808 famulum
1750 2797 1762 2816 ,
1810 2767 1866 2810 ttt

254 2846 452 2912 dignus
481 2846 654 2907 tieret,
679 2845 763 2899 cui
787 2846 1099 2900 crederetur
1126 2847 1231 2900 tale
1259 2847 1634 2902 ministerium.
1665 2849 1865 2902 Deinde

255 2938 540 2990 mulierem
579 2939 769 3005 qna-rit
803 2955 906 2990 non
943 2940 1234 2992 formosam
1267 2949 1358 2992 aut
1389 2940 1627 3003 divitem,
1655 2940 1746 2991 sed
1774 2957 1866 3010 ge-

255 3029 469 3082 nerosis
515 3030 754 3082 moribus
789 3029 1061 3097 prteditam
1098 3048 1108 3081 :
1144 3045 1196 3084 et
1229 3030 1328 3084 hac
1367 3032 1433 3084 de
1477 3047 1635 3084 causa
1686 3034 1861 3084 Immi-

254 3135 378 3173 nem
427 3120 578 3187 jubet
626 3129 731 3172 tam
781 3120 1125 3189 longinquam
1172 3123 1654 3188 peregrinationem
1694 3124 1864 3175 susci-

255 3224 404 3277 pere.
435 3208 588 3262 Nunc
609 3210 978 3278 contemplare
1004 3220 1059 3264 et
1083 3210 1263 3262 famuli
1295 3223 1527 3265 tuentem
1555 3214 1857 3280 egregiam:

251 3315 360 3353 non
391 3300 539 3354 enim
579 3299 750 3352 dixit:
784 3301 921 3364 Quid
966 3299 1070 3353 hoc
1104 3302 1175 3354 rei
1210 3303 1332 3353 est?
1367 3311 1441 3354 tot
1472 3313 1598 3354 sunt
1639 3305 1859 3371 propin-

250 3407 374 3460 qua:
419 3401 644 3460 gentes,
700 3402 775 3444 tot
821 3394 870 3444 in
913 3393 990 3445 eis
1031 3393 1150 3444 [ili-te
1183 3392 1438 3445 nobilium
1469 3403 1523 3446 et
1555 3394 1856 3459 illustrium,

249 3483 524 3550 simulque
552 3483 922 3550 pr:e"i\-itum;
954 3493 1007 3534 et
1037 3496 1090 3534 tu
1125 3499 1211 3537 me
1246 3483 1410 3536 mittis
1445 3485 1494 3536 in
1527 3493 1722 3537 terram
1754 3496 1859 3538 tam

254 3574 412 3640 longe
442 3572 707 3636 dissitam,
743 3574 807 3625 ad
833 3575 1046 3641 ignotos
1075 3572 1320 3627 homines
1350 3593 1359 3626 :
1386 3591 1543 3643 quem
1579 3576 1685 3630 illic
1708 3593 1857 3629 com-

253 3661 503 3731 pellabo?
541 3663 658 3730 qui;
711 3678 795 3716 me
846 3663 1142 3731 agnoscet?
1183 3664 1307 3732 quid
1361 3665 1403 3717 si
1461 3666 1678 3719 insidias
1730 3666 1858 3720 mihi

251 3754 512 3808 struant?
540 3754 664 3823 quid
695 3753 738 3807 si
766 3763 1027 3807 conentur
1071 3753 1355 3822 decipere?
1396 3755 1526 3808 nihil
1574 3757 1714 3809 enim
1759 3759 1858 3810 ho-

251 3848 394 3915 spite
423 3848 593 3914 magis
636 3847 850 3916 injuriis
880 3847 1203 3915 expositum.
1236 3847 1376 3900 Nihil
1413 3849 1518 3900 tale
1562 3849 1695 3903 dixit
1724 3867 1736 3902 :
1765 3852 1858 3905 sed

253 3939 433 3991 missis
457 3936 652 3990 talibus
673 3936 1106 4006 cogitationibus,
1133 3937 1274 4006 quod
1296 3940 1529 3993 maxime
1551 3950 1857 4009 suspectum

251 4044 374 4081 esse
398 4038 630 4096 poterat,
664 4029 964 4095 suSpicatus
996 4038 1098 4095 est,
1129 4032 1245 4084 sine
1274 4031 1700 4088 contradictione
1726 4034 1858 4088 ohe-

251 4120 444 4182 diens,
501 4120 807 4178 necessm'ja
866 4130 1043 4173 tamen
1107 4124 1526 4191 interrogatione
1578 4125 1859 4179 declarans

250 4226 404 4263 suam
453 4210 810 4277 prudentiam.
841 4211 978 4275 Quid
1020 4213 1179 4280 igitur
1216 4221 1298 4266 est
1337 4214 1478 4282 quod
1514 4217 1859 4284 interrogavit

252 4301 571 4354 dominum?
600 4300 661 4354 Si
705 4301 923 4354 noluerit
945 4343 958 4366 ,
989 4303 1192 4370 inquit,
1224 4304 1406 4357 mulier
1432 4307 1600 4359 venire
1626 4323 1818 4358 inecum
1840 4349 1855 4371 ,

253 4395 504 4461 numquid
543 4395 782 4447 reducere
819 4396 972 4448 debeo
1011 4397 1178 4462 ﬁlium
1219 4406 1359 4449 tuum
1407 4399 1475 4450 ad
1515 4398 1768 4468 regionem
1798 4417 1862 4453 ea:

251 4500 349 4552 qua
380 4500 612 4553 egressus
638 4501 690 4537 es
720 4483 872 4552 (Gen.
898 4485 986 4538 21.
1021 4486 1126 4556 5)?
1156 4486 1451 4555 Respondit
1483 4489 1856 4544 Abrahamus:

252 4575 384 4628 Cave
429 4575 698 4645 nequando
739 4576 951 4629 reducas
995 4579 1158 4644 ﬁliuut
1200 4595 1366 4631 meum
1410 4579 1552 4633 illuc.
1606 4579 1859 4634 Dominus

252 4666 394 4720 Deus
422 4668 536 4721 ctin
567 4678 613 4719 et
644 4677 810 4731 terrai,
840 4669 926 4738 qui
949 4670 1066 4722 tulit
1096 4686 1174 4722 me
1203 4672 1266 4722 de
1297 4671 1448 4723 domo
1480 4673 1639 4739 patris
1665 4673 1782 4736 mei,
1814 4683 1858 4724 et

253 4758 316 4810 tle
345 4769 482 4810 terra
514 4757 792 4810 nativitatis
824 4775 966 4820 mete,
997 4761 1081 4826 qui
1110 4762 1350 4829 loquutus
1377 4771 1448 4814 est
1479 4763 1605 4814 mihi
1635 4773 1678 4814 et
1699 4765 1857 4831 jura—

255 4850 354 4913 rit,
389 4849 564 4924 dicens
584 4891 597 4911 ,
630 4847 744 4901 Tibi
774 4849 903 4902 dabo
933 4860 1118 4902 terram
1149 4852 1278 4903 hanc
1315 4864 1359 4904 et
1388 4856 1565 4906 mniui
1595 4865 1680 4908 tuo
1700 4895 1714 4917 ,
1750 4859 1858 4924 ipse

255 4940 416 4993 mittet
437 4919 678 5010 angelum
700 4955 848 4992 suum
875 4956 1047 4994 coram
1074 4955 1138 5006 te,
1163 4943 1252 5011 qui
1276 4942 1369 4995 iter
1395 4953 1536 4996 tuum
1560 4963 1857 5017 prosperum

256 5030 408 5098 faciet
434 5017 543 5096 (Ib.
578 5044 626 5080 υ.
655 5029 709 5084 6.
744 5029 824 5098 7).
858 5029 1043 5085 Viden’
1074 5033 1170 5085 viri
1205 5033 1407 5087 tidem?
1435 5032 1550 5088 Non
1583 5037 1860 5091 advocavit

255 5122 496 5183 amicos,
535 5130 629 5173 aut
666 5133 961 5190 cognatos,
1011 5139 1115 5178 non
1155 5124 1315 5190 alium
1362 5142 1719 5197 quemquam,
1765 5129 1856 5184 sed

257 5209 425 5264 Deum
470 5211 712 5280 adjunxit
753 5212 802 5266 ei
846 5226 1186 5283 sequestrum
1231 5225 1285 5270 et
1331 5221 1580 5273 comitem
1612 5237 1626 5274 :
1658 5230 1712 5275 et
1753 5237 1860 5290 quo

256 5301 424 5367 magis
453 5303 693 5354 animum
725 5302 945 5356 addi-ret
969 5302 1187 5369 famulo,
1219 5322 1324 5360 non
1354 5309 1668 5378 simpliciter
1688 5311 1855 5366 dixit:

256 5389 510 5445 Dominus
541 5391 681 5446 Deus
710 5394 820 5447 radi
850 5404 893 5447 et
924 5406 1070 5448 terra:
1093 5412 1111 5447 :
1135 5397 1227 5450 sed
1257 5399 1554 5467 subjnnxit.
1587 5401 1686 5468 Qui
1716 5420 1856 5456 sum-

255 5482 351 5548 psit
382 5499 461 5535 me
486 5484 680 5536 edomo
702 5488 861 5553 patris
894 5488 1006 5539 mei.
1032 5487 1355 5555 Recordare,
1375 5490 1565 5560 inquit,
1589 5496 1859 5561 quomodo

257 5582 458 5625 tantam
491 5577 977 5644 peregrinationem
1003 5581 1356 5650 suscepimus,
1379 5585 1650 5651 quomodo
1671 5587 1859 5640 relicto

254 5665 372 5716 solo
404 5667 580 5733 patrio
610 5667 872 5734 majorem
901 5671 1038 5738 apud
1076 5683 1292 5727 exteros
1316 5673 1622 5730 felicitatem
1651 5675 1858 5729 inveni-

255 5772 373 5811 mus
406 5777 416 5811 :
449 5760 723 5829 quomodo
771 5777 888 5831 quae
937 5765 1282 5836 impossibilia
1335 5768 1671 5836 videbantur,
1721 5770 1856 5825 facta

1329 345 1607 416 QUALES
1647 343 1997 402 DUCENDIE
2036 347 2190 403 SlNT
2232 347 2530 407 UXORES.
2574 351 2664 408 111.

3496 369 3602 424 ’ὶὸὒ

1990 472 2110 515 sunt
2136 463 2566 532 possibilia._Nec
2591 466 2696 523 hoc
2721 467 2896 525 soluat
2927 471 2982 526 in
3005 483 3240 532 mentem
3263 478 3312 533 ei
3339 495 3601 539 revocans

1987 550 2141 619 dixit,
2191 553 2294 621 Qui
2327 558 2541 626 sumpsit
2568 574 2648 612 me
2686 574 2715 610 ι
2757 559 2908 615 domo
2943 565 3107 632 patris
3134 567 3266 636 mei,
3295 571 3391 626 sed
3435 575 3598 630 etiam

1985 644 2128 712 quod
2170 644 2469 701 debitorem
2519 648 2686 704 Deum
2730 651 2946 708 habeat.
2991 653 3259 729 Obligavit
3300 675 3362 716 se
3405 665 3560 721 nobis
3585 709 3600 730 .

1988 735 2190 805 inquit;
2226 735 2340 808 ipse
2373 737 2642 806 pollicitus
2668 751 2749 796 est
2783 751 2981 800 terram
3013 747 3152 803 hanc
3182 751 3314 807 milii
3346 769 3406 810 te
3435 755 3596 810 datu-

1987 843 2103 882 rum
2134 839 2187 884 et
2219 845 2343 884 meo
2395 833 2609 887 semini.
2641 835 2984 908 Quapmpter
3011 845 3224 900 etiamsi
3257 863 3355 903 nos
3396 850 3598 922 indigni

1986 919 2175 985 simus,
2208 931 2356 976 certe
2388 938 2456 977 ne
2491 927 2779 993 promissio
2806 929 2898 983 ﬁat
2923 930 3093 999 irrita,
3129 937 3283 992 nobis
3308 919 3598 1007 aderit,vet

1985 1023 2176 1066 cuncta
2223 1029 2343 1083 qua:
2384 1015 2780 1076 destinavimus
2829 1023 3019 1080 reddet
3059 1026 3265 1096 facilia,
3293 1043 3346 1087 et
3371 1035 3436 1088 ad
3462 1037 3596 1092 ell'e-

1983 1109 2166 1243 ftnm,
2214 1105 2427 1173 qualem
2481 1117 2766 1180 optamus,
2815 1115 3089 1184 perducet.
3125 1119 3215 1176 llis
3253 1123 3411 1178 dictis
3452 1129 3598 1184 misi:

2002 1193 2263 1243 amulum.

2002 1193 2263 1246 amulum.

2068 1281 2278 1339 Famuli
2331 1286 2551 1343 Abram:
2611 1292 2863 1349 laudatio.
2940 1297 3284 1369 Hospitalitas
3347 1307 3592 1363 bonorum

1981 1393 2153 1430 causa.
2179 1410 2249 1419 —
2279 1381 2372 1436 Ille
2403 1385 2488 1437 ubi
2523 1391 2770 1454 pervenit
2808 1393 2965 1460 illuc,
3007 1412 3113 1450 non
3142 1399 3271 1454 adiit
3314 1402 3482 1458 ullum
3525 1421 3592 1459 ex

1980 1468 2208 1530 civibus,
2239 1488 2344 1525 non
2373 1474 2680 1544 alloquutus
2702 1493 2781 1535 est
2814 1483 3082 1552 homines,
3110 1506 3215 1542 non
3243 1495 3592 1562 compellavit

1983 1559 2232 1614 mulieres
2266 1581 2278 1615 :
2307 1565 2402 1618 sed
2438 1567 2558 1620 vide
2590 1585 2748 1636 quam
2780 1574 2917 1628 bona
2949 1577 3074 1642 ﬁde,
3108 1597 3266 1649 quem
3303 1559 3594 1657 acceperat

1980 1661 2316 1718 sequestrum
2340 1695 2354 1719 ,
2399 1659 2652 1723 retinuit,
2689 1675 2886 1728 przeter
2923 1684 3044 1720 eum
3083 1673 3373 1740 appellavit
3416 1679 3590 1730 nemi-

1981 1756 2135 1806 nem;
2171 1752 2225 1795 et
2255 1755 2402 1799 stans
2433 1752 2627 1811 oravit,
2658 1751 2721 1804 Et
2753 1757 2844 1820 ait,
2872 1755 3082 1812 Domine
3109 1761 3248 1817 Deus
3278 1766 3474 1820 domini
3494 1773 3593 1823 mei

1981 1833 2262 1885 Abruhami
2289 1876 2303 1896 ,
2337 1839 2405 1889 sis
2436 1840 2560 1892 milii
2589 1843 2740 1895 hodie
2779 1864 3001 1912 prteseus
3031 1868 3090 1904 ac
3133 1857 3382 1923 propitius
3417 1858 3586 1929 (Cen.

1978 1921 2068 1975 2-1.
2108 1925 2193 1990 12)
2228 1943 2239 1977 :
2273 1943 2371 1979 nec
2401 1928 2534 1982 dixit
2562 1973 2574 1991 ,
2624 1932 2848 1990 luunine
2897 1939 3034 1993 Deus
3078 1921 3267 2006 meus;
3294 1947 3389 2001 sed
3420 1921 3590 2019 quid?

1983 2011 2198 2067 Domine
2228 2016 2364 2070 Deus
2390 2020 2583 2072 domini
2611 2025 2704 2074 mei
2733 2026 3027 2082 Abra/tumi.
3065 2031 3287 2089 Etiamsi
3319 2052 3418 2106 ego
3437 2011 3590 2110 itltje-

1978 2113 2096 2157 etus
2125 2107 2246 2170 sim,
2281 2110 2472 2178 inquit,
2505 2124 2554 2165 et
2594 2113 2808 2169 humilis
2835 2161 2849 2184 ,
2881 2132 3028 2174 certe
3059 2123 3248 2178 herum
3281 2144 3459 2182 meum
3492 2107 3590 2201 pro

1980 2209 2064 2246 me
2114 2198 2323 2266 allego:
2357 2218 2462 2254 non
2509 2206 2652 2258 enim
2708 2207 2878 2273 mihi,
2928 2212 3021 2265 sed
3068 2214 3140 2266 illi
3190 2198 3589 2276 ministraturus

1979 2287 2080 2340 huc
2112 2292 2228 2342 \cni
2262 2309 2272 2342 :
2311 2293 2449 2347 illius
2486 2296 2646 2364 igitur
2679 2300 2890 2356 virtutis
2919 2319 3167 2374 respectu
3191 2321 3415 2368 conatus
3438 2330 3589 2372 meos

1977 2378 2186 2446 adjuia.

2049 2474 2098 2524 ti.
2138 2472 2338 2530 Deinde
2377 2493 2444 2531 ne
2487 2490 2641 2548 putes
2673 2498 2793 2536 ettm
2835 2493 3104 2557 tamquam
3144 2489 3384 2548 debitum
3427 2510 3588 2565 repe-

1978 2570 2111 2623 tere,
2145 2565 2266 2617 andi
2299 2584 2416 2634 qua:
2442 2583 2740 2638 sequuntur
2775 2592 2786 2626 :
2826 2575 2886 2626 Et
2919 2582 3002 2645 [ac
3030 2583 3431 2637 misericordiam
3469 2603 3587 2640 cum

1976 2653 2180 2705 domino
2211 2673 2317 2707 meo
2347 2659 2604 2713 .lbraltam
2627 2663 2646 2732 (
2666 2663 2795 2717 Gen.
2823 2665 2911 2719 24.
2942 2669 3057 2737 l9).
3089 2669 3312 2726 Etiamsi
3356 2675 3584 2744 plurima

1972 2761 2279 2817 exstarent,
2315 2753 2512 2823 inquit,
2546 2764 2732 2807 nostra
2766 2761 2957 2812 merita
2980 2801 2993 2821 ,
3025 2779 3275 2834 rogamus
3318 2779 3495 2825 tamen
3529 2789 3583 2833 ut

1976 2853 2060 2897 tua
2093 2861 2190 2897 nos
2221 2861 2405 2901 serves
2431 2852 2623 2917 gratia,
2661 2863 2826 2907 totum
2861 2870 2914 2910 ut
2943 2857 3268 2916 beneﬁcium
3301 2873 3580 2931 acceptum

1975 2935 2232 3000 ferentes,
2268 2955 2370 2991 non
2403 2949 2457 2992 ut
2489 2940 2752 2995 debitum.
2783 2947 2844 3000 Et
2868 2951 2999 3017 quid
3026 2954 3118 3007 tibi
3149 2959 3429 3023 postulas?
3457 2957 3590 3011 Ecce

1972 3043 2063 3094 ego
2097 3038 2192 3086 sto,
2232 3031 2432 3097 inqttit,
2459 3051 2617 3101 prcipu
2652 3037 2840 3103 fontem
2873 3057 3052 3108 aqua},
3087 3055 3133 3097 el
3163 3046 3288 3113 ﬁlia:
3326 3053 3583 3107 habitato-

1970 3136 2084 3171 rum
2112 3121 2326 3173 ciritutis
2354 3125 2672 3192 egredientur
2712 3129 2780 3180 ad
2820 3132 3152 3187 ltt'ttlt'le’ltllflm
3181 3157 3386 3208 aquam.
3406 3142 3584 3212 Igitur

1971 3213 2140 3278 puella
2163 3214 2240 3263 cui
2273 3215 2447 3268 dixero
2475 3233 2492 3268 :
2517 3217 2693 3271 Pra'be
2715 3221 2948 3289 hydriam
2969 3236 3106 3278 tuam
3134 3239 3184 3280 ut
3207 3230 3396 3299 bibam,
3421 3246 3469 3287 et
3492 3238 3583 3289 illa

1968 3307 2302 3372 responderit,
2338 3308 2479 3373 Bibe,
2503 3311 2622 3377 quin
2645 3322 2691 3363 et
2713 3316 2917 3368 camelis
2938 3318 3037 3371 tuis
3058 3318 3189 3374 dabo
3216 3335 3389 3392 potum
3417 3341 3434 3378 .'
3466 3327 3579 3395 ipsa

1967 3405 2038 3447 est
2066 3413 2214 3465 quam
2239 3402 2540 3467 pra'parasti
2567 3419 2708 3455 servo
2734 3415 2819 3458 luo
2844 3404 2996 3461 Isaac
3017 3451 3029 3472 ,
3061 3421 3106 3462 el
3136 3431 3224 3481 per
3255 3415 3350 3467 hoc
3385 3433 3578 3488 cogno-

1968 3503 2124 3546 scam.
2145 3492 2281 3556 quod
2303 3493 2477 3560 feceris
2500 3494 2897 3550 misericordiam
2916 3516 3034 3552 cum
3051 3502 3171 3555 hero
3193 3521 3300 3557 meo
3322 3509 3578 3562 Abraham

1973 3579 2124 3649 (Cen.
2147 3581 2234 3634 9.4.
2265 3584 2344 3636 15.
2374 3584 2624 3653 M).Vitle
2643 3588 2956 3655 sapientiam
2976 3591 3350 3664 famuli,qnale
3368 3599 3578 3666 signum

1969 3681 2150 3739 ponat.
2177 3671 2289 3725 Non
2313 3675 2467 3737 dixit,
2490 3677 2542 3728 Si
2569 3694 2726 3746 quam
2753 3681 2936 3734 videro
2959 3683 3119 3737 mulis
3155 3699 3476 3756 earpentove
3499 3691 3578 3745 in-

1970 3764 2111 3828 vehi,
2136 3769 2612 3837 eumn-horumque
2645 3786 2834 3839 agmen
2865 3783 2984 3842 post
3013 3789 3070 3828 se
3101 3777 3312 3832 trahere
3332 3820 3347 3846 ,
3382 3790 3436 3834 et
3479 3799 3581 3836 nt.-

1968 3873 2236 3911 merosntn
2271 3859 2606 3922 famulitium,
2637 3864 2865 3930 puellam
2895 3874 3052 3918 aelate
3074 3881 3135 3920 ac
3158 3867 3328 3924 forma
3361 3872 3574 3942 florida,

1967 3965 2084 4003 eatn
2106 3955 2414 4019 prtrparasti
2432 3963 2521 4007 tuo
2540 3954 2765 4019 famulo;
2781 3957 2871 4009 sed
2892 3958 3051 4027 quid?
3069 3960 3161 4012 Cui
3177 3963 3354 4017 dixero
3375 3965 3581 4022 .‘Pra’bs

1967 4043 2205 4111 Itydriaut
2230 4054 2388 4109 tuam,
2423 4057 2474 4097 ut
2502 4048 2686 4100 bibam.
2717 4049 2856 4112 Quid
2883 4051 3013 4118 agis,
3048 4051 3187 4108 boue
3216 4057 3293 4108 vir
3313 4057 3334 4107 τ
3358 4059 3580 4113 Adeone

1967 4133 2123 4185 vilem
2156 4132 2288 4186 hero
2319 4145 2407 4186 tuo
2437 4140 2634 4203 qtttltris
2665 4140 2945 4209 eonjugeut
2969 4185 2984 4206 ,
3031 4156 3281 4212 aquatum
3324 4150 3575 4213 missam,

1967 4233 2020 4273 et
2049 4239 2166 4290 quae
2197 4235 2249 4276 te
2279 4225 2475 4293 alloqui
2511 4229 2717 4294 potest?
2748 4231 2942 4296 Etiam,
2978 4233 3182 4302 inquit:
3207 4237 3403 4291 missus
3433 4241 3581 4297 enim

1965 4327 2083 4364 smn
2113 4329 2217 4365 non
2248 4316 2588 4381 pecuniosam
2617 4330 2707 4370 aut
2737 4320 2967 4374 nobilem
2991 4363 3004 4386 ,
3037 4325 3130 4377 sed
3159 4326 3397 4382 moribus
3431 4330 3580 4399 inge-

1967 4404 2087 4456 nuis
2134 4405 2406 4471 prteditam
2455 4424 2716 4471 quan-ere.
2773 4410 2949 4466 Multa:
2991 4429 3134 4482 saspe
3179 4433 3243 4470 ex
3290 4419 3408 4472 istis
3455 4437 3577 4491 qua:

1965 4505 2216 4561 aquatum
2250 4498 2529 4550 mittuntur
2555 4541 2568 4562 ,
2625 4502 2672 4552 in
2715 4503 2945 4557 solidum
2977 4506 3227 4562 virtutem
3260 4512 3535 4579 possident
3563 4534 3574 4567 :

1967 4586 2085 4636 alia:
2117 4596 2296 4638 contra
2334 4588 2385 4639 in
2419 4590 2714 4657 magnificis
2742 4591 3050 4649 desidentes
3079 4598 3303 4666 tedibus,
3335 4602 3574 4670 ignavis-

1968 4676 2120 4727 sim:u
2146 4686 2266 4727 sunt
2295 4687 2346 4729 et
2374 4677 2700 4734 deterritum.
2731 4683 2794 4736 Et
2819 4685 2905 4752 qui
2939 4686 3045 4739 scis
3069 4687 3209 4743 hanc
3232 4706 3353 4746 esse
3382 4697 3577 4752 virtute

1972 4765 2288 4833 prieditam?
2318 4768 2358 4820 E
2386 4768 2538 4837 signo
2559 4811 2572 4833 ,
2609 4771 2778 4840 inquit
2805 4814 2817 4834 ,
2845 4776 2986 4842 quod
3021 4777 3148 4832 dixi.
3182 4779 3250 4834 Et
3288 4784 3446 4851 quale
3475 4785 3578 4844 hoc

1969 4857 2177 4910 virtutis
2209 4860 2416 4926 signum
2449 4862 2566 4913 est?
2614 4861 2974 4919 lndnbitatum
3016 4880 3071 4923 et
3117 4874 3430 4930 maximum.
3479 4879 3574 4935 Est

1967 4950 2108 5001 enim
2142 4950 2523 5020 hospitalitatis
2565 4956 2772 5023 signum
2804 4961 3186 5017 certissimum.
3235 4967 3325 5022 Sic
3368 4969 3570 5039 igitur,

1967 5042 2067 5094 etsi
2103 5057 2205 5093 non
2239 5043 2441 5096 eisdem
2474 5044 2650 5098 verbis
2671 5088 2686 5112 ,
2718 5047 2988 5118 loquitur:
3017 5053 3164 5106 Illam
3197 5073 3380 5124 quazro
3411 5061 3575 5131 virgi-

1970 5148 2128 5198 nem,
2171 5147 2298 5202 qute
2321 5143 2425 5188 tam
2472 5136 2751 5205 hospitalis
2778 5147 2898 5203 est,
2941 5151 2997 5194 ut
3044 5144 3284 5211 nullum,
3317 5161 3576 5217 quantum

1971 5232 2164 5290 potest,
2202 5237 2412 5280 recuset
2442 5227 2820 5283 ministerium.
2857 5231 3020 5300 quue
3051 5250 3157 5288 non
3192 5246 3397 5294 temere
3425 5257 3576 5310 qua:-

1971 5315 2057 5373 rit,
2089 5314 2182 5367 sed
2212 5317 2333 5385 quia
2362 5317 2414 5370 in
2446 5318 2523 5371 eis
2556 5318 2729 5372 fuerat
2751 5320 3007 5376 educatus
3032 5324 3271 5395 aedibus,
3304 5329 3355 5383 in
3380 5332 3578 5400 quibus

1971 5409 2202 5461 maxime
2254 5409 2530 5463 colebatur
2583 5411 2919 5482 hospitalitas
2949 5434 2960 5468 :
2989 5427 3114 5473 ante
3160 5423 3338 5474 omnia
3397 5439 3578 5480 mores

1969 5502 2159 5567 qna-rit
2187 5500 2436 5555 herorum
2460 5519 2677 5558 suorum
2704 5507 2943 5561 moribus
2963 5511 3295 5580 consimiles,
3319 5513 3578 5570 ducturus

1969 5606 2221 5659 sponsam
2258 5593 2308 5646 in
2339 5595 2481 5648 aedes
2510 5607 2756 5665 patentes
2787 5599 3106 5668 hospitibus.
3149 5602 3238 5657 Sic
3280 5620 3407 5675 ergo
3433 5607 3579 5676 cogi-

1973 5681 2118 5734 tabat
2151 5699 2161 5733 :
2194 5698 2259 5736 ne
2289 5700 2390 5752 qua
2434 5687 2544 5738 rixa
2575 5688 2776 5741 oriatur
2808 5690 2946 5743 inter
2975 5689 3142 5758 ipsam
3172 5703 3227 5748 et
3251 5694 3571 5764 conjugcm,

1968 5773 2094 5827 dum
2128 5775 2354 5829 maritus
2376 5789 2470 5829 sua
2504 5776 2730 5848 benigne
2757 5782 3136 5850 communicat,
3168 5782 3220 5838 in
3247 5785 3349 5840 hoc
3368 5798 3396 5838 a
3420 5793 3573 5854 patre
