4088 6414
545 305 655 362 235

545 440 654 480 non
683 419 917 492 degener
939 456 956 481 ,
983 424 1041 471 et
1068 414 1306 483 hospites
1333 409 1474 465 ultro
1497 407 1760 471 invitatis;
1803 412 1917 460 hac
1942 408 2129 492 contra

544 531 657 586 prae
688 490 845 569 nimia
872 504 1197 579 parcimonia
1224 502 1276 559 id
1302 509 1470 567 vetat,
1496 508 1553 556 et
1581 514 1689 559 non
1713 496 1956 559 sustinet,
1991 502 2047 546 ut
2075 490 2135 546 fit

547 612 601 663 in
630 605 899 677 plerisque
925 598 1203 660 domibus;
1243 596 1355 665 jam
1400 607 1546 649 nunc
1569 589 1799 661 experiri
1828 587 1947 642 volo
1974 600 2134 657 quam

547 695 825 769 hospitalis
882 694 952 748 sit
992 709 1009 749 :
1047 685 1478 761 quandoquidem
1536 678 1880 750 Iinspitalitati
1918 690 2133 731 omnem

546 799 780 845 nostram
835 783 1144 839 felicitatem
1195 777 1477 832 debemus.
1533 772 1635 828 Per
1688 770 1825 824 hanc
1878 780 2135 837 sponsum

545 881 717 951 ipsum
747 876 911 931 herus
946 877 1309 939 consequutus
1337 877 1420 921 est
1442 908 1457 931 ,
1502 879 1599 935 per
1629 863 1766 915 banc
1793 868 1942 951 pater
1968 857 2137 951 factus

544 948 663 1035 est,
694 968 917 1022 vitulum
946 963 1233 1027 mactavit,
1278 969 1333 1014 et
1360 956 1567 1025 accepit
1610 951 1867 1016 filiulttttt,
1911 948 2135 1004 farinam

546 1058 879 1115 fermentavit
899 1095 916 1121 ,
946 1063 1001 1109 et
1028 1059 1224 1125 quanta
1252 1048 1525 1105 stellarum
1557 1052 1640 1098 est
1661 1083 1676 1106 ,
1713 1050 1913 1096 tantam
1958 1039 2140 1094 multi-

546 1150 781 1206 tudinem
811 1153 1063 1218 ncpotum
1107 1142 1157 1197 ei
1193 1141 1332 1195 Deus
1358 1144 1441 1192 est
1472 1133 1762 1205 pollicitus.
1791 1130 2017 1198 Quando
2042 1130 2139 1201 igi-

545 1255 633 1299 tur
657 1241 784 1297 hinc
808 1238 988 1294 omnia
1013 1236 1154 1291 bona
1180 1232 1505 1289 iulluserunt
1526 1226 1579 1281 in
1602 1234 1842 1280 nostram
1861 1223 2136 1289 familiam,

547 1335 685 1389 hanc
719 1332 970 1386 virtutem
1012 1325 1227 1396 requiro
1268 1329 1394 1376 ante
1431 1316 1633 1373 omnia.
1684 1315 1800 1371 Non
1845 1314 1949 1369 hoc
1994 1312 2138 1369 enim

543 1421 983 1484 consideremus,
1030 1413 1170 1485 quod
1209 1412 1372 1467 homo
1399 1424 1592 1479 aquam
1625 1404 2013 1477 postulaverit,
2044 1401 2139 1457 sed

545 1512 688 1583 quod
728 1508 1014 1567 admodum
1043 1503 1322 1575 hospitalis
1351 1501 1420 1556 sit
1448 1499 1649 1562 animi,
1684 1510 1789 1551 non
1812 1494 1985 1549 solum
2010 1492 2140 1547 dare

545 1604 687 1677 quod
712 1603 941 1674 petitur,
976 1597 1071 1653 sed
1102 1596 1242 1651 ultro
1272 1592 1468 1649 oﬂerre
1501 1589 1748 1677 amplius.
1798 1584 1867 1639 Et
1908 1584 2131 1677 accidit,

548 1674 753 1765 inquit,
798 1702 850 1746 ul
879 1690 1173 1761 priusquam
1201 1686 1244 1740 is
1271 1685 1422 1753 ﬁnem
1448 1677 1688 1749 loquendi
1714 1676 1930 1765 faceret,
1962 1674 2137 1746 prodi-

544 1764 633 1839 ret,
661 1782 883 1839 Rebecca
925 1794 990 1833 ea:
1033 1775 1222 1849 oppido
1258 1770 1428 1844 (Gen.
1458 1770 1547 1823 ει.
1581 1768 1712 1835 t5).
1755 1764 2140 1833 Prophetarum

548 1877 676 1932 illud
700 1874 786 1929 hic
816 1871 1089 1941 impletum
1110 1877 1194 1921 est
1216 1884 1229 1920 :
1254 1864 1433 1918 Adhuc
1460 1864 1694 1930 loquente
1717 1867 1764 1911 te
1790 1856 1978 1920 dicant,
2012 1853 2145 1908 Ecce

548 1970 729 2023 adsunt
774 1962 928 2034 (Hes.
968 1959 1060 2015 58.
1109 1955 1187 2031 9).
1235 1954 1397 2011 Tales
1444 1962 1567 2007 sunt
1616 1952 1878 2005 bonorum
1923 1960 2140 2016 preces:

552 2069 678 2114 ante
707 2055 866 2111 finem
889 2065 1072 2107 earum
1104 2046 1344 2104 sentiunt
1370 2042 1623 2097 annuisse
1640 2039 1807 2093 Deum
1833 2036 2140 2107 prepitium.

551 2155 689 2224 Ergo
718 2160 773 2204 tu
817 2160 1025 2220 quoque
1062 2155 1283 2196 uxorem
1328 2137 1734 2224 ducturus‘nun
1775 2127 2049 2224 confugias
2075 2125 2144 2224 ad

550 2219 814 2306 homines,
838 2219 934 2293 aut
949 2235 1014 2291 ad
1038 2231 1289 2289 mulieres
1304 2234 1568 2298 qtttestutn
1591 2221 1850 2278 facientes
1871 2235 1935 2275 es
1956 2219 2145 2273 alienis

550 2331 888 2394 infortuniis,
941 2334 996 2383 et
1043 2323 1178 2381 nihil
1223 2319 1365 2377 aliud
1403 2323 1707 2388 quaerentes
1734 2326 1893 2382 quam
1925 2321 1980 2364 ut
2015 2310 2144 2379 ipsa

550 2439 728 2495 opem:
773 2418 1073 2476 mercedem
1121 2409 1491 2483 capiantzscd
1532 2409 1598 2462 ad
1644 2406 1810 2495 Deum
1853 2399 2139 2472 confugite.

553 2494 668 2570 Non
696 2509 999 2583 gravabitur
1041 2520 1163 2561 esse
1204 2513 1327 2559 tuus
1369 2499 1661 2571 pronubas.
1703 2494 1875 2565 Ipsius
1903 2500 1987 2548 est
2015 2504 2145 2562 pro-

551 2607 736 2663 missio
761 2622 775 2659 :
802 2602 1022 2671 Qucrite
1061 2611 1273 2669 regnum
1310 2593 1570 2655 caelorum,
1610 2597 1657 2641 et
1683 2587 1791 2640 lucc
1816 2584 1986 2638 omnia
2007 2583 2147 2652 adji.

552 2698 745 2751 cientur
766 2691 902 2748 uobis
928 2687 1133 2761 (Matth.
1165 2686 1219 2739 6.
1241 2684 1352 2753 33).
1378 2680 1457 2737 Ne
1479 2679 1653 2742 dicas,
1678 2673 1948 2746 quomodo
1976 2672 2140 2761 Deum

550 2787 738 2842 videre
786 2759 1040 2853 possunt?
1086 2776 1176 2846 qui
1220 2786 1434 2845 possum
1478 2768 1677 2825 habere
1715 2780 1835 2819 cum
1878 2777 1945 2817 eo
1971 2759 2143 2817 collo-

552 2878 735 2948 quium
760 2914 777 2940 ,
817 2881 871 2927 et
912 2872 1241 2937 interrogare
1270 2860 1552 2919 cominus?
1582 2856 1814 2913 lnlideiis
1844 2856 1958 2908 bare
1984 2853 2144 2948 verba

552 2943 679 3022 sunt
722 2964 935 3017 auium.
967 2959 1152 3015 Potest
1176 2955 1320 3010 enim
1348 2953 1490 3007 Deus
1518 2960 1573 3005 et
1613 2949 1811 3018 absque
1835 2960 1964 2999 voce
1988 2943 2145 3014 quid—

552 3058 678 3130 quid
701 3057 813 3111 vult
833 3070 864 3109 e
888 3051 1115 3122 vestigio
1132 3046 1427 3104 conficere:
1443 3041 1583 3115 quod
1608 3041 1696 3097 hic
1713 3054 1925 3111 quoque
1950 3037 2145 3130 factum

556 3128 659 3205 est.
690 3148 820 3202 Nam
847 3155 901 3199 et
926 3144 1028 3198 iste
1054 3155 1154 3196 nec
1184 3152 1373 3193 vocem
1400 3135 1559 3189 ullam
1586 3131 1815 3195 audivit,
1856 3145 1956 3183 nec
1986 3128 2146 3182 visio-

555 3257 680 3296 nem
712 3237 860 3301 vidit,
888 3234 980 3291 sed
1005 3232 1071 3286 ad
1096 3231 1293 3285 fontem
1316 3234 1466 3282 stans
1484 3240 1547 3280 ac
1568 3233 1833 3294 precatus,
1864 3221 2145 3275 confestim

556 3329 667 3385 voti
698 3340 921 3394 compos
951 3322 1119 3376 factus
1146 3328 1251 3374 est.
1280 3315 1511 3379 Accidit,
1543 3312 1735 3382 inquit,
1766 3320 1820 3364 ut
1855 3311 2145 3381 priusquam

560 3421 711 3487 ﬁnem
742 3414 978 3486 loquendi
1014 3411 1220 3481 faceret,
1255 3407 1478 3462 Rebecca
1517 3404 1740 3475 prodiret
1766 3412 1966 3474 gestans
1984 3417 2145 3471 aqua-

557 3514 657 3565 lem
676 3511 730 3563 in
752 3505 995 3568 humeris,
1020 3503 1129 3573 ﬁlia
1153 3499 1416 3554 Bathuelis
1435 3513 1463 3550 ε
1487 3494 1686 3549 Μειοιια
1717 3494 1980 3565 progeniti,
2009 3492 2148 3561 uirgo

558 3602 705 3658 valde
741 3601 985 3669 formosa,
1024 3595 1163 3665 virgo
1201 3602 1248 3646 et
1285 3592 1391 3645 viro
1430 3588 1687 3659 incognita
1759 3584 1909 3657 (Gen.
1933 3585 2023 3639 ΞΑ.
2058 3584 2144 3639 13.

561 3692 674 3763 16).
703 3688 839 3759 Quid
882 3685 1007 3741 mibi
1051 3698 1237 3738 narras
1263 3678 1710 3751 pulchritudinem
1752 3676 2034 3745 corporis?
2082 3674 2149 3729 Ut

560 3785 737 3839 discas
762 3780 1021 3847 insignem
1048 3776 1163 3846 ejus
1191 3773 1521 3843 pudicitiam,
1554 3779 1613 3823 ιιι
1633 3769 1804 3823 discas
1830 3767 1992 3821 animi
2026 3767 2145 3836 pul-

560 3869 942 3928 chritudinem.
974 3857 1331 3934 Suspicienda'
1362 3876 1592 3928 namque
1624 3873 1712 3913 res
1726 3870 1819 3913 est
1850 3858 1959 3925 ipsa
1993 3857 2150 3927 pudi-

559 3963 684 4017 citia
710 4002 725 4025 ,
764 3958 860 4014 sed
907 3956 1077 4025 magis
1103 3954 1262 4009 etiam
1296 3952 1340 4005 si
1368 3949 1655 4019 conjuncta
1694 3949 1911 4001 sitcum
1943 3947 2149 4015 egregia

569 4054 768 4125 specie.
818 4050 954 4106 Hinc
993 4055 1077 4102 est
1115 4042 1255 4115 quod
1294 4043 1361 4097 de
1405 4039 1603 4109 Josejh
1650 4038 1802 4092 nobis
1848 4048 2154 4090 narraturus

567 4148 790 4216 ejusque
820 4138 1170 4210 temperantia
1193 4179 1208 4202 ,
1261 4133 1517 4205 prmfatus
1552 4140 1634 4184 est
1677 4129 1745 4181 de
1786 4128 1927 4181 illius
1963 4128 2153 4180 eximia

569 4235 957 4308 pulchritudine
977 4228 1239 4297 corporis,
1262 4226 1447 4279 dicens
1474 4222 1767 4275 tortuosum
1790 4216 1973 4281 fuisse,
1998 4232 2151 4283 nspe-

567 4341 763 4399 ctuque
792 4334 996 4397 gratum
1027 4331 1083 4377 et
1123 4320 1175 4372 in
1226 4318 1341 4387 ipso
1367 4314 1499 4369 flore
1527 4309 1963 4381 pulchritudinis,
1997 4320 2155 4375 atquc

571 4427 640 4477 ita
680 4422 893 4476 demum
934 4414 1207 4485 subiunxit
1236 4412 1300 4465 de
1322 4408 1533 4479 juvenis
1559 4404 1928 4473 temperantia,
1956 4401 2155 4455 docens

570 4515 710 4584 quod
746 4514 931 4567 ἴοι-ωτι)
969 4511 1162 4565 decore
1198 4521 1303 4560 nou
1349 4504 1416 4558 sit
1456 4516 1583 4556 usus
1610 4500 1673 4553 ad
1705 4499 1972 4552 lasciviam
2000 4497 2151 4566 (Cm.

573 4608 659 4661 39.
705 4603 783 4674 6).
818 4602 1236 4670 Haudquaquam
1278 4596 1421 4649 enim
1450 4589 1789 4660 pulchritudo
1819 4587 2156 4641 scortationis

573 4710 735 4751 causa
767 4707 979 4761 semper
1008 4698 1122 4754 est,
1154 4687 1289 4741 sicut
1334 4697 1431 4737 nec
1456 4679 1767 4736 deformitas
1794 4678 2153 4731 εοηιίηοηιὶςε.

574 4786 750 4842 Multa:
767 4783 909 4838 enim
927 4781 1162 4835 illustres
1181 4775 1369 4845 insigni
1388 4773 1568 4843 specie
1584 4770 1824 4838 corporis
1844 4768 2157 4822 illustriores

574 4881 727 4933 facta
772 4886 891 4929 sunt
937 4888 1031 4942 per
1076 4868 1379 4940 pudicitiam
1414 4882 1426 4917 :
1459 4863 1578 4917 alim
1627 4861 1759 4916 facie
1810 4872 1990 4929 turpes
2042 4870 2138 4913 tur-

577 4972 780 5038 piorem
843 4965 1072 5017 animam
1132 4957 1329 5026 stupris
1380 4954 1788 5009 sordidaverunt
1845 4949 2157 5004 innumeris.

578 5058 871 5125 Iitrobique
900 5066 1055 5107 causa
1088 5058 1171 5103 est
1212 5046 1541 5115 prOpositum
1586 5041 1746 5096 animi
1770 5083 1783 5105 ,
1829 5057 1933 5094 non
1972 5050 2157 5093 natura

574 5152 836 5219 corporis.

647 5244 698 5295 7.
715 5239 816 5295 Cur
838 5238 914 5293 bis
943 5234 1157 5307 appellet
1180 5231 1419 5300 virginem
1434 5227 1726 5280 Rebeccam.
1746 5254 1815 5263 --
1830 5223 1936 5276 Nec
1962 5234 2160 5277 temere

575 5350 694 5387 eam
730 5331 808 5383 bis
835 5326 1066 5396 appellat
1111 5323 1391 5390 virginem.
1433 5317 1565 5370 Cum
1598 5315 1739 5370 enim
1764 5313 1873 5382 jam
1904 5312 2157 5375 dixisset,

588 5422 741 5492 Virgo
779 5428 883 5473 erat
907 5459 920 5480 ,
973 5412 1239 5481 subjunxil
1269 5428 1280 5462 :
1314 5408 1468 5477 Virgo
1498 5417 1603 5460 erat
1627 5448 1638 5467 ,
1681 5416 1724 5457 ct
1753 5405 1859 5456 viro
1887 5404 2157 5471 incoquita.

578 5511 837 5581 Quoniam
882 5508 1021 5561 cnim
1064 5504 1240 5557 multa:
1281 5501 1511 5567 virgines
1558 5510 1750 5563 corpus
1799 5495 2161 5561 incorruptum

580 5613 888 5661 servantes,
936 5596 1164 5649 animam
1215 5593 1407 5644 habent
1464 5590 1667 5657 plenam
1724 5586 2159 5652 intemperantia,

580 5707 649 5753 tu.
672 5704 823 5769 isque
860 5688 1068 5743 turbam
1103 5693 1397 5737 amatorum
1430 5680 1727 5743 attrahunt,
1772 5689 1826 5733 et
1866 5676 2165 5729 incscantes

1297 294 1353 351 S.
1392 288 1671 349 JOANNIS
1705 282 2180 345 οηηγδοδτοδιι
2220 282 2541 342 ARCIIIEP.
2580 280 3115 341 (IONS‘I’ANTINOP.

3730 286 3847 342 936

2246 399 2433 454 oculos
2451 400 2707 471 juvenum
2737 400 2792 455 in
2823 399 3046 455 insidias
3080 410 3176 455 eos
3202 399 3439 464 trahunt,
3468 410 3632 469 atque
3657 402 3723 457 sd
3750 404 3847 456 ha-

2243 490 2420 544 ratbra
2468 490 2777 559 pelliciuut,
2830 488 3123 546 ostendens
3164 489 3341 546 Moses
3380 490 3527 563 quod
3574 495 3693 547 h:ee
3736 507 3848 546 nm

2244 583 2384 648 talis,
2414 581 2510 637 sed
2538 590 2644 636 tam
2671 581 2854 636 animo
2882 597 3043 652 quam
3063 596 3289 651 corpore
3313 598 3460 653 virgo
3480 579 3665 651 fuerit,
3685 581 3855 647 dixit,

2254 670 2409 743 Virgo
2434 683 2563 737 erat,
2596 683 2643 725 et
2671 672 2779 726 viro
2812 671 3090 742 incognita.
3123 670 3357 727 Tametsi
3391 672 3585 728 multas
3616 672 3852 727 habebat

2245 766 2557 819 occasiones
2577 805 2594 830 ,
2644 779 2741 833 per
2768 778 2902 834 quas
2930 779 2959 817 a
2988 764 3117 818 viris
3140 774 3591 835 cognosceretur:
3616 766 3849 836 primum

2244 856 2489 926 corporis
2529 854 3012 924 pulchritudinem;
3049 854 3246 909 deinde
3277 856 3497 909 modum
3527 855 3850 921 ministerii,

2244 963 2353 1016 qttu
2382 945 2622 1016 perfungi
2652 954 2735 1000 est
2755 945 2933 1000 solita.
2966 943 3021 1001 Si
3048 944 3192 999 enim
3216 943 3267 998 in
3292 943 3529 999 thalamo
3552 946 3854 1001 desedisset

2246 1047 2538 1107 perpetuo,
2570 1038 2708 1091 sicut
2738 1036 2907 1091 nostri
2939 1034 3198 1107 temporis
3224 1034 3492 1105 virgines,
3538 1052 3638 1092 nec
3669 1036 3846 1091 forum

2246 1130 2501 1192 adiisset,
2549 1142 2647 1182 nec
2679 1127 2880 1182 exisset
2926 1134 3201 1196 paternam
3242 1126 3498 1191 domum,
3528 1127 3672 1181 nulla
3703 1137 3852 1181 esset

2248 1218 2397 1285 laus,
2438 1217 2486 1272 si
2510 1218 2784 1273 diceretur
2823 1217 2940 1271 viro
2980 1217 3266 1287 incognita.
3296 1215 3432 1272 Cum
3462 1226 3642 1272 autem
3666 1217 3855 1272 videas

2248 1323 2367 1363 eaut
2400 1306 2573 1363 forum
2612 1316 2829 1376 petere,
2855 1305 3201 1377 quotidieque
3227 1306 3347 1376 cogi
3371 1315 3624 1377 aquatum
3657 1307 3737 1361 ire
3762 1321 3854 1360 se-

2249 1397 2383 1461 mel,
2414 1396 2496 1452 bis
2518 1405 2613 1452 aut
2637 1398 2864 1467 saepius,
2898 1405 3060 1467 atque
3099 1396 3170 1451 ita
3213 1412 3433 1452 manere
3461 1397 3579 1452 viro
3605 1397 3854 1468 incogni-

2248 1498 2355 1542 tam
2375 1530 2394 1556 ,
2441 1504 2504 1543 ea
2534 1503 2662 1543 vero
2691 1488 2809 1543 laus
2846 1496 2931 1543 est
2960 1502 3067 1542 non
3099 1487 3340 1542 minima.
3371 1485 3504 1543 Cuut
3536 1489 3685 1543 enim
3716 1503 3857 1542 non-

2248 1594 2536 1648 numquam
2563 1578 2803 1643 accidat,
2849 1588 2904 1633 ut
2948 1594 3072 1633 raro
3109 1577 3280 1633 forum
3312 1588 3499 1648 petens
3527 1579 3702 1649 virgo,
3749 1592 3853 1634 nec

2248 1669 2481 1727 formosa
2507 1713 2522 1738 ,
2555 1680 2609 1726 ct
2634 1671 2885 1725 comitata
2915 1670 3127 1726 ancillis
3151 1670 3373 1740 aliquot,
3403 1670 3623 1725 amittat
3642 1686 3855 1726 tuorum

2249 1761 2533 1831 puritatem
2562 1762 2615 1815 in
2643 1760 2907 1830 ejusmodi
2925 1761 3329 1832 evagationibus
3356 1762 3505 1816 :haec
3523 1776 3645 1832 quae
3669 1763 3856 1833 quoti-

2248 1854 2337 1908 die
2366 1853 2479 1907 sola
2508 1854 2683 1922 prodit
2706 1869 2735 1908 e
2758 1854 2995 1923 paternis
3020 1853 3245 1920 aedibus,
3271 1853 3431 1926 idque
3456 1869 3562 1909 non
3592 1855 3644 1911 in
3673 1855 3854 1910 forum

2252 1952 2480 2011 tantum,
2512 1946 2605 2000 sed
2635 1954 2886 2016 aquatum
2915 1943 2983 1998 ad
3015 1944 3239 2009 fontem,
3268 1960 3377 2014 quo
3405 1954 3459 1999 et
3486 1945 3623 2001 alios
3653 1946 3859 1999 multos

2252 2038 2542 2090 convenire
2590 2047 2671 2089 est
2717 2051 2973 2096 necesse.
3019 2050 3087 2089 an
3130 2052 3231 2089 non
3265 2050 3454 2104 magna
3497 2036 3860 2091 admiratione

2251 2126 2407 2196 digna
2436 2126 2556 2179 est?
2584 2126 2779 2195 quippe
2800 2126 2953 2195 cujus
2978 2126 3222 2195 probitati
3247 2142 3419 2197 neque
3440 2127 3613 2181 crebri
3636 2142 3667 2181 e
3687 2126 3858 2181 domu

2250 2217 2446 2280 exitus,
2474 2230 2647 2285 neque
2673 2217 2885 2286 egregia
2911 2215 3090 2269 vultus
3118 2216 3311 2282 forma,
3343 2233 3513 2287 neque
3542 2216 3863 2287 frequentes

2248 2307 2507 2377 juvenum
2537 2322 2816 2373 occursus,
2842 2322 3017 2377 neque
3042 2308 3188 2363 aliud
3215 2308 3527 2378 quidquam,
3557 2308 3863 2365 detrimen-

2252 2410 2363 2457 tum
2406 2399 2569 2454 ullum
2613 2399 2844 2466 afferat,
2886 2398 3013 2455 dum
3059 2409 3166 2455 tam
3211 2404 3392 2455 animo
3437 2416 3595 2471 quam
3628 2417 3863 2473 corpore

2252 2503 2432 2550 servat
2458 2493 2764 2564 pudicitiam
2796 2492 3125 2563 diligentius,
3156 2508 3316 2564 quam
3343 2508 3462 2564 quae
3494 2507 3789 2565 numquam
3822 2508 3860 2549 ο

2250 2600 2511 2657 gynzceo
2548 2598 2607 2637 se
2635 2582 2906 2653 proferunt
2931 2627 2946 2650 ,
2978 2585 3135 2654 plane
3164 2584 3282 2639 talis
3307 2585 3518 2654 qualem
3546 2584 3743 2640 Paulus
3772 2599 3865 2641 re-

2252 2677 2418 2747 quirit
2445 2676 2627 2729 dicens
2646 2715 2662 2741 ,
2701 2672 2769 2729 Ut
2797 2677 2861 2730 sit
2903 2687 3080 2729 sancta
3109 2692 3323 2745 corpore
3345 2686 3393 2730 et
3421 2676 3603 2745 spiritu
3629 2674 3707 2746 (l.
3729 2675 3857 2731 Cor.

2251 2768 2304 2822 7.
2332 2768 2423 2831 δι)
2440 2770 2465 2820 'l
2492 2763 2619 2821 Cum
2647 2766 2805 2837 igitur
2829 2766 2896 2819 ad
2936 2770 3125 2837 fontem
3149 2766 3505 2830 descendisset,
3530 2766 3744 2837 jamque
3773 2782 3859 2819 re-

2256 2860 2392 2930 pleta
2418 2858 2602 2928 hydria
2626 2867 2975 2923 reverteretur,
3000 2874 3269 2912 occurrens
3295 2859 3341 2911 ei
3365 2874 3538 2913 servus
3557 2859 3660 2912 ait:
3678 2857 3864 2913 Prwbe

2251 2952 2377 3003 mihi
2406 2949 2694 3019 pauxillmn
2730 2959 2877 3019 potus
2912 2949 2975 3003 de
3018 2958 3103 3002 tua
3142 2948 3344 3020 hydria.
3389 2947 3517 3014 ρυω
3559 2949 3860 3020 respondit,

2255 3039 2380 3093 Bibe
2408 3082 2422 3102 ,
2474 3038 2710 3103 domine;
2762 3040 3084 3109 celeriterque
3128 3039 3361 3109 deposuit
3414 3039 3652 3110 hydriam
3705 3057 3863 3111 super

2252 3132 2425 3186 ulnam
2469 3145 2613 3183 suam
2638 3171 2652 3191 ,
2706 3138 2753 3182 et
2806 3131 3020 3199 prtelmit
3072 3129 3118 3184 ei
3169 3129 3329 3183 donec
3375 3129 3623 3185 desineret
3668 3130 3859 3185 bibere.

2255 3222 2475 3291 ﬂosque
2502 3220 2605 3285 ait,
2640 3219 2811 3274 Etiam
2843 3220 3048 3273 camelis
3082 3220 3181 3273 tuis
3210 3220 3468 3285 hauriam,
3494 3221 3656 3275 donec
3684 3237 3862 3276 omnes

2253 3313 2441 3370 bibunt.
2477 3316 2847 3382 Festinansque
2870 3310 3031 3378 eﬂ'usa
3060 3328 3193 3383 aqua
3215 3313 3266 3365 iu
3295 3315 3493 3366 alveum
3521 3314 3658 3368 unde
3682 3322 3862 3382 potant

2252 3418 2521 3476 sumerent,
2552 3406 2771 3462 accurrit
2803 3405 2870 3458 ad
2900 3414 3139 3474 puteum,
3177 3414 3231 3457 ut
3281 3404 3507 3459 hauriret
3541 3420 3726 3475 aquam
3767 3422 3862 3459 ca-

2258 3502 2401 3553 melis
2426 3501 2657 3554 omnibus
2685 3496 2837 3566 (Ceu.
2869 3496 2955 3550 2i.
2984 3494 3191 3566 iii-20).

2320 3590 2367 3643 Η
2374 3592 2653 3661 ospitalitas
2675 3599 2718 3641 el
2742 3588 2984 3640 modestia
3004 3586 3259 3641 Rebecca.
3290 3585 3408 3641 Non
3427 3604 3491 3642 ea:
3504 3597 3710 3658 sumptu
3726 3589 3863 3643 ustio

2253 3682 2442 3735 manda
2498 3680 2838 3749 hospitalitas.
2865 3707 2936 3717 —
2979 3676 3163 3747 Magna
3210 3677 3547 3749 hospitalitas
3588 3676 3803 3734 femina!
3836 3722 3854 3747 ,

2258 3787 2447 3843 magna
2490 3770 2786 3833 modestia,
2816 3777 2873 3821 ut
2910 3782 2973 3823 ex
3003 3767 3167 3837 ipsius
3194 3776 3299 3821 tam
3331 3767 3488 3824 dictis
3513 3785 3672 3840 quam
3702 3768 3861 3826 factis

2256 3874 2333 3917 est
2380 3863 2749 3930 couSpicmnn.
2776 3858 2962 3913 Viden‘
2991 3858 3261 3928 quomodo
3303 3873 3401 3914 nec
3441 3860 3720 3915 modestia:
3759 3859 3861 3917 bo-

2257 3955 2519 4023 spitalitas
2572 3951 2781 4012 obfuit,
2834 3965 2935 4005 nec
2986 3950 3332 4019 bospitalitati
3379 3951 3674 4006 modestia?
3701 3952 3858 4019 Quod

2257 4045 2399 4097 enim
2428 4060 2532 4097 nun
2565 4044 2709 4110 prior
2746 4040 3011 4104 occurrit,
3047 4054 3146 4094 uec
3174 4040 3464 4109 appellavit
3503 4042 3672 4096 virum
3697 4084 3712 4107 ,
3755 4042 3860 4098 hoc

2261 4131 2357 4185 fuit
2379 4131 2655 4186 modestiae
2690 4148 2700 4182 :
2731 4144 2942 4184 rursum
2968 4128 3111 4200 quod
3138 4130 3205 4183 ad
3238 4132 3498 4200 postulata
3521 4147 3627 4187 non
3656 4134 3856 4197 renuit,

2262 4238 2432 4291 neque
2458 4223 2667 4289 negavit
2692 4236 2749 4275 se
2780 4220 3036 4274 facturam
3057 4260 3073 4285 ,
3106 4218 3209 4274 hoc
3236 4236 3443 4290 magna:
3478 4222 3860 4293 hospitalitatis

2260 4330 2322 4370 ac
2350 4316 2691 4369 humanitatis
2723 4315 2822 4367 fuit
2846 4313 3101 4368 officium.
3133 4311 3204 4368 Ut
3232 4314 3376 4368 enim
3404 4314 3744 4385 impudenter
3771 4317 3855 4371 fe-

2260 4408 2455 4469 cisset,
2486 4406 2529 4459 si
2575 4406 2718 4474 prior
2763 4405 3119 4471 occurrisset,
3150 4412 3203 4459 et
3231 4405 3372 4459 ultro
3408 4406 3727 4475 appellasset
3758 4407 3860 4460 ho-

2263 4496 2462 4549 minem
2494 4512 2508 4547 :
2543 4496 2611 4548 ita
2645 4493 2993 4547 inhumanum
3022 4504 3137 4548 erat
3166 4502 3220 4548 et
3252 4495 3556 4559 barbarum,
3588 4497 3630 4549 si
3664 4511 3857 4566 rogan-

2263 4588 2329 4639 tis
2365 4586 2523 4639 vt-rba
2568 4585 2868 4648 repulisset.
2909 4584 3059 4637 Nunc
3096 4600 3225 4638 vero
3262 4596 3506 4638 neutrum
3554 4587 3674 4639 fecit
3711 4608 3723 4642 :
3761 4604 3860 4642 ltt-c

2264 4677 2537 4730 modestia:
2563 4675 2739 4728 studio
2764 4674 3111 4744 bospitalitati
3137 4673 3327 4741 defuit,
3354 4692 3451 4730 nec
3484 4676 3862 4747 hospitalitatis

2263 4781 2386 4818 cura
2422 4765 2631 4819 laudem
2664 4765 2999 4818 verecundia:
3044 4765 3147 4818 sibi
3190 4766 3382 4819 minuit
3404 4806 3418 4827 ,
3453 4767 3547 4821 sed
3582 4777 3861 4838 utramque

2264 4859 2511 4909 virtutem
2551 4858 2808 4923 integram
2849 4855 3115 4917 obtinuit,
3139 4855 3468 4910 declaranda
3494 4871 3643 4911 suam
3675 4861 3863 4912 mode-

2265 4952 2418 5000 stiam
2446 4990 2458 5010 ,
2487 4947 2610 5001 dum
2647 4946 2821 5014 rogari
2849 4954 3117 5010 οιςμροωι
3148 4961 3161 5007 ;
3194 4948 3379 4999 miram
3412 4963 3541 5001 vero
3575 4950 3859 5018 hospitali-

2268 5051 2459 5100 tatem.
2493 5039 2618 5093 dum
2666 5048 2848 5106 rogata
2896 5038 3011 5089 sine
3060 5052 3207 5090 mora
3264 5037 3593 5108 obsequitur.
3648 5040 3859 5094 Etenim

2266 5146 2487 5185 summa:
2520 5128 2897 5197 hospitalitatis
2936 5128 3031 5180 fuit
3052 5170 3064 5190 ,
3100 5143 3203 5181 non
3237 5128 3398 5183 modo
3422 5146 3542 5197 qua:
3568 5130 3863 5197 postulavit

2267 5222 2477 5275 dedisse
2502 5261 2517 5285 ,
2557 5219 2649 5275 sed
2700 5220 2859 5272 etiam
2893 5220 3169 5286 plusquam
3204 5220 3293 5273 ille
3337 5220 3487 5288 petiit
3526 5220 3858 5275 exhibuisse.

2270 5313 2375 5366 Nec
2420 5313 2581 5366 refert
2632 5310 2771 5380 quod
2838 5325 2972 5379 aqua
3018 5320 3133 5363 crat
3182 5326 3302 5379 quae
3349 5310 3673 5366 ofl'erebatur
3707 5334 3719 5367 :
3752 5321 3864 5366 tum

2270 5403 2410 5455 enim
2463 5402 2599 5455 banc
2637 5400 2804 5453 solam
2836 5400 3040 5455 habuit.
3073 5399 3376 5466 llosiiftales
3416 5412 3591 5453 autem
3637 5416 3742 5457 non
3793 5419 3863 5455 es

2270 5502 2482 5558 sumptu
2509 5490 2761 5544 censendi
2794 5500 2915 5542 sunt
2943 5530 2958 5553 ,
3000 5488 3091 5542 sed
3132 5505 3197 5544 ex
3246 5488 3612 5551 facultatibus;
3653 5494 3872 5561 quando

2275 5588 2411 5637 hens
2431 5599 2551 5637 eum
2592 5585 2753 5637 etiam
2793 5582 2972 5635 laudat
2999 5624 3011 5644 ,
3043 5584 3131 5652 qui
3160 5582 3304 5637 dedit
3350 5583 3551 5651 frigidae
3579 5587 3831 5653 poculum
3851 5633 3867 5649 .

2274 5686 2323 5727 ct
2354 5689 2502 5741 eam,
2536 5688 2653 5743 qua:
2679 5672 2813 5726 duos
2839 5687 3009 5727 aereos
3055 5676 3286 5730 minutos
3312 5673 3502 5727 obtulit
3524 5715 3537 5739 ,
3568 5677 3640 5729 ait
3676 5685 3869 5733 contu-
