4088 6400
227 370 330 426 ⁶ὶ37

229 487 353 539 lisse
383 489 511 554 ptus
539 486 809 552 omnibus,
839 483 963 554 quia
998 491 1166 538 totum
1197 481 1339 551 quod
1374 479 1555 532 habuit
1583 476 1832 545 conjeee-

230 582 308 630 rat
338 573 559 646 (lauit.
585 575 670 630 10.
700 574 806 640 s2;
837 573 962 628 Luc.
989 573 1082 626 2|.
1104 573 1250 640 2-4).
1276 570 1366 626 Sic
1389 580 1444 626 et
1479 569 1576 623 ista
1625 566 1708 620 his
1735 567 1831 620 bo-

231 680 358 720 num
401 666 554 720 illum
591 667 762 720 virum
804 664 1019 733 excepit
1065 663 1256 724 xeniis.
1299 675 1419 730 qua:
1457 660 1569 714 sola
1616 667 1726 711 tum
1766 655 1831 708 ad

231 771 449 812 manum
497 756 739 810 aderant.
778 754 890 809 Nec
931 765 1134 808 temere
1163 751 1402 806 additum
1432 758 1513 804 est
1537 789 1552 810 ,
1584 746 1724 818 quod
1759 745 1832 799 fe-

229 846 438 900 stinans
460 835 721 909 cucurrit,
752 855 806 900 et
835 844 1054 909 similia,
1083 843 1179 898 sed
1211 853 1268 897 ut
1297 840 1563 910 intelligas
1588 853 1705 894 eam
1733 836 1837 889 ala-

229 938 396 992 criter
424 939 617 993 fecisse
641 938 818 990 oumia
842 978 856 997 ,
887 952 993 992 non
1025 952 1168 1005 aegre
1211 949 1274 988 ac
1299 933 1591 1003 gravatim,
1624 944 1721 984 nec
1749 929 1834 982 in-

232 1029 395 1083 vitam
437 1041 494 1082 et
541 1038 743 1083 coacta:
783 1028 1036 1085 similem.
1067 1026 1136 1079 Et
1178 1039 1247 1080 ne
1299 1025 1351 1079 id
1401 1038 1623 1093 parvum
1651 1030 1832 1092 putes,

232 1135 379 1190 sepe
408 1120 643 1189 aliquem
675 1125 1087 1189 prmtereuntem
1117 1115 1444 1186 rogavimus,
1473 1123 1532 1168 ut
1563 1112 1836 1182 paulisper

229 1210 457 1280 gradum
495 1212 710 1266 sisteret
731 1252 744 1272 ,
771 1209 1165 1276 summissaque
1201 1222 1294 1261 sua
1333 1205 1446 1261 lace
1477 1214 1714 1260 nostram
1745 1218 1837 1259 ac-

229 1304 510 1368 cenderet,
535 1313 628 1357 aut
649 1319 678 1357 a
706 1303 979 1372 bajulante
1000 1317 1190 1371 aquam
1214 1301 1464 1371 pctiimus
1484 1307 1542 1352 ut
1566 1298 1833 1353 modicum

234 1394 356 1447 inde
383 1395 570 1448 bibere
601 1394 788 1448 liceret
821 1411 832 1447 :
865 1409 961 1448 nec
991 1392 1042 1447 id
1073 1391 1250 1448 lacere
1275 1390 1560 1454 sustinuit,
1591 1387 1685 1444 sed
1717 1387 1837 1442 tulit

232 1486 500 1553 graviter:
524 1485 640 1540 haec
669 1494 848 1539 autem
875 1499 982 1538 non
1014 1483 1175 1538 modo
1205 1482 1471 1536 summisit
1490 1481 1540 1534 el
1566 1479 1832 1551 bydriam,

232 1577 326 1630 sed
345 1577 568 1630 camelis
583 1577 745 1631 etiam
765 1577 1013 1630 omnibus
1027 1590 1216 1644 aquam
1237 1571 1645 1634 hausitall’atim,
1670 1571 1834 1624 labori

236 1683 340 1722 non
373 1685 624 1738 parcens,
649 1678 704 1723 et
723 1684 823 1722 suo
849 1683 1075 1736 carpere
1101 1667 1444 1737 h05pitalitati
1468 1667 1692 1720 comiter
1712 1665 1838 1718 sub-

232 1760 476 1813 serviens
511 1776 524 1811 :
559 1775 666 1812 non
693 1759 838 1813 enim
870 1757 1065 1812 factum
1096 1757 1198 1812 hoc
1227 1759 1431 1823 solum,
1463 1773 1645 1811 verum
1671 1757 1834 1812 etiam

231 1849 485 1908 alacritas
530 1849 781 1916 adjuncta
810 1849 1057 1903 virtutem
1088 1849 1277 1918 puella:
1316 1850 1549 1911 indicat,
1575 1865 1693 1917 qua:
1735 1848 1834 1902 ho-

232 1938 430 1992 minem
471 1939 712 2007 ignotum
761 1949 816 1994 ct
846 1949 956 1994 tum
997 1942 1226 2009 primum
1263 1942 1433 1994 visum
1478 1949 1633 1995 vocat
1659 1939 1837 1994 domi-

235 2044 382 2082 num.
420 2029 479 2082 Et
523 2031 662 2083 sicut
693 2030 1031 2084 Abrahamus
1073 2032 1238 2099 ipsius
1271 2029 1424 2087 socer
1452 2041 1838 2102 praetereuntes

235 2135 340 2174 non
371 2121 685 2191 interrogat,
720 2124 936 2192 quinam
971 2123 1079 2176 sint
1114 2133 1166 2176 ct
1203 2123 1427 2192 cnjates,
1460 2137 1634 2193 quove
1661 2123 1762 2178 iter
1786 2132 1839 2177 et

235 2211 376 2264 unde
417 2213 651 2275 faciant,
684 2213 778 2266 sed
829 2213 1145 2282 simpliciter
1192 2212 1537 2283 hospitalitati
1577 2214 1670 2268 dat
1703 2231 1837 2283 ope-

234 2317 350 2356 ram
380 2319 394 2355 :
422 2304 492 2356 ita
519 2313 574 2357 et
599 2303 713 2358 bzec
735 2319 840 2358 non
869 2301 1190 2369 sciscitatur,
1209 2305 1329 2374 quis
1358 2320 1419 2360 es
1441 2315 1494 2358 et
1525 2306 1664 2359 unde
1686 2305 1708 2359 ’ἒ
1729 2320 1835 2375 qua

235 2391 306 2448 de
333 2409 495 2447 causa
539 2395 734 2450 venis?
776 2396 869 2450 sed
918 2397 1289 2464 hospitalitatis
1314 2413 1444 2468 opes
1472 2411 1804 2468 congregans
1823 2440 1835 2461 ,

237 2508 343 2547 non
369 2497 453 2547 est
470 2488 679 2548 curiosa
703 2498 1040 2549 ceterorum.
1068 2489 1274 2549 Etenim
1303 2491 1582 2565 geminat-ii
1611 2500 1660 2550 et
1686 2507 1840 2548 tium-

237 2586 447 2640 mularii
492 2587 593 2640 hoc
632 2602 796 2640 unum
826 2595 1058 2654 curant,
1095 2597 1152 2641 ut
1195 2588 1400 2642 lucrum
1431 2588 1644 2657 Capiaut
1679 2603 1745 2642 ex
1777 2589 1840 2642 iis

235 2694 359 2732 cum
392 2679 586 2748 quibus
615 2681 954 2748 negotiantur
975 2722 989 2744 ,
1030 2695 1212 2749 parum
1244 2680 1454 2734 solliciti
1489 2679 1675 2748 quales
1719 2688 1838 2732 tan-

239 2769 361 2822 dem
395 2770 470 2824 illi
501 2770 608 2823 sint
640 2788 652 2823 :
689 2771 766 2823 sic
793 2769 907 2825 lucc
935 2771 1108 2824 solum
1141 2771 1190 2824 id
1219 2771 1444 2840 quaerit,
1477 2783 1532 2824 ut
1559 2771 1838 2839 hospitali-

240 2862 363 2914 tatis
411 2865 640 2914 lructum
670 2863 877 2930 capiat,
908 2871 1072 2932 utque
1101 2862 1325 2916 solidam
1371 2862 1487 2930 ejus
1536 2862 1838 2916 mercedem

243 2953 524 3021 percipiat.
561 2953 705 3007 Bene
747 2953 951 3006 sciebat
993 2954 1256 3022 hospitem
1303 2955 1534 3008 maxime
1581 2967 1844 3007 verecun-

238 3045 365 3098 dum
388 3060 532 3109 esse,
563 3046 788 3116 ideoque
817 3061 1060 3114 magnam
1087 3045 1136 3101 ei
1158 3046 1463 3100 comitatem
1485 3046 1841 3100 exhibendam

237 3151 361 3190 esse
400 3145 452 3188 et
485 3135 800 3190 modestiam
843 3151 948 3190 non
976 3139 1243 3190 curiosam
1277 3155 1290 3189 :
1323 3137 1463 3206 quod
1495 3136 1640 3190 side
1686 3139 1844 3191 rebus

239 3227 357 3295 ejus
415 3238 792 3295 percontenmr
857 3227 1182 3291 immodice,
1219 3229 1558 3297 tergiversari
1613 3244 1734 3282 eum
1790 3241 1846 3282 et

241 3319 504 3387 gravatim
535 3318 816 3374 accedere.
847 3318 1187 3388 Quapropter
1211 3334 1384 3388 neque
1412 3318 1528 3373 haec
1551 3333 1612 3374 se
1648 3319 1714 3372 ita
1753 3336 1844 3389 ge-

245 3409 314 3463 rit
351 3425 480 3479 erga
521 3411 667 3464 illum
689 3451 703 3474 ,
733 3425 907 3480 neque
947 3412 1065 3478 ejus
1104 3426 1259 3465 socer
1284 3411 1552 3466 Abraham
1583 3428 1706 3482 erga
1750 3413 1848 3466 ho-

247 3502 410 3570 spites
430 3544 444 3567 ,
477 3519 544 3558 ne
578 3504 655 3558 sic
703 3504 1040 3559 venationem
1083 3519 1234 3558 suam
1259 3505 1557 3559 absterreat
1585 3521 1597 3558 :
1629 3506 1722 3560 sed
1749 3521 1846 3560 cu-

247 3595 375 3648 ratis
419 3598 855 3663 pra:tereuntium
900 3598 1217 3667 corporibus
1271 3607 1324 3652 et
1372 3597 1702 3669 obsequutus
1747 3615 1846 3655 suo

242 3685 445 3750 animo,
479 3687 557 3740 sic
584 3701 679 3740 eos
705 3687 943 3741 dimittit.

316 3777 371 3830 8.
417 3777 532 3832 lloc
585 3788 739 3845 pacto
791 3780 952 3833 etiam
1011 3780 1230 3850 angelos
1273 3782 1557 3850 aliquando
1602 3783 1844 3851 excepit,

244 3869 386 3922 circa
417 3884 552 3935 quos
583 3869 626 3923 si
651 3870 836 3925 (uisset
859 3871 1154 3934 curiosior,
1179 3887 1284 3926 non
1310 3889 1494 3942 parum
1526 3873 1846 3927 decessisset

248 3962 484 4016 mercedi
511 3963 627 4029 ejus
654 3962 848 4016 debitae
870 3962 1020 4035 (Gen.
1049 3965 1160 4031 18).
1195 3966 1536 4020 Admiramur
1557 3970 1697 4022 enim
1724 3984 1847 4022 eum

249 4069 353 4106 non
381 4049 538 4123 quod'
556 4056 829 4123 exceperit
857 4058 1078 4123 angelos
1101 4099 1112 4118 ,
1145 4057 1237 4112 sed
1278 4059 1419 4128 quod
1461 4060 1702 4114 nesciens
1729 4076 1852 4114 esse

248 4143 501 4210 angelos,
531 4147 830 4213 exceperit.
865 4145 971 4201 Nec
1012 4149 1152 4200 enim
1197 4149 1496 4202 mirandum
1540 4151 1580 4203 si
1619 4151 1849 4218 prudens

247 4247 308 4285 ac
352 4233 532 4287 sciens
593 4244 870 4290 tractasset
915 4253 1010 4292 eos
1052 4239 1312 4300 Comiter.
1350 4257 1574 4308 quorum
1623 4242 1850 4312 dignitas

247 4325 594 4392 quantumvis
626 4326 857 4380 immane
905 4337 1087 4396 pectus
1115 4345 1176 4380 ac
1203 4345 1423 4382 saxeum
1448 4333 1514 4386 ad
1543 4331 1848 4386 humanita-

253 4428 357 4468 tem
386 4417 875 4486 benignitatemque
900 4432 1076 4488 posset
1104 4437 1294 4490 cogere
1327 4441 1338 4476 :
1369 4424 1462 4477 sed
1492 4424 1592 4478 hoc
1615 4436 1852 4480 meretur

249 4508 698 4573 adrnirationem,
732 4510 872 4579 quod
903 4513 1134 4565 viatores
1180 4514 1419 4581 vulgares
1454 4526 1598 4570 ratus
1647 4527 1849 4570 tantum

253 4596 477 4652 honoris
503 4601 581 4654 eis
607 4599 810 4655 habuit.
845 4601 986 4655 Talis
1015 4613 1129 4655 erat
1159 4603 1271 4656 hare
1302 4622 1512 4674 quoque
1539 4625 1549 4657 :
1581 4610 1853 4662 nesciebat

255 4688 526 4744 hominem
560 4691 803 4759 quisnam
836 4701 998 4755 esset,
1028 4704 1117 4745 aut
1144 4709 1364 4748 curnam
1395 4697 1649 4762 venisset,
1682 4715 1854 4767 neque

253 4781 393 4848 quod
423 4782 807 4835 conciliaturus
834 4796 977 4836 esset
1009 4785 1172 4851 ipsius
1203 4786 1445 4855 nuptias,
1474 4789 1565 4841 sed
1596 4791 1851 4842 viatorem

256 4888 418 4925 unum
447 4872 681 4941 aliquem
715 4875 933 4939 putabat
976 4885 1030 4927 et
1072 4875 1358 4943 hoSpitem.
1393 4877 1596 4931 Idcirco
1645 4881 1858 4931 uberior

257 4968 302 5015 ei
339 4963 515 5032 hospi;
537 4983 540 4986 ·
560 4964 720 5016 ¹ἶέ..ιιίε
754 4980 957 5019 merces
987 4967 1243 5034 contingit
1268 5011 1279 5030 ,
1308 4968 1446 5036 quod
1478 4970 1649 5022 modis
1678 4975 1854 5022 omni-

259 5056 348 5106 bus
382 5058 621 5121 ﬁgite-im;
658 5064 796 5107 Laeta
831 5067 1152 5126 proseqttuta
1182 5057 1249 5109 sit
1291 5059 1657 5112 benevolentia
1681 5105 1694 5122 ,
1739 5081 1855 5113 scr-

261 5158 378 5200 vata
422 5148 635 5199 interim
666 5157 720 5198 ct
760 5147 1038 5201 modestia.
1071 5148 1253 5216 Neque
1286 5151 1423 5202 enim
1459 5149 1657 5204 elTrena
1691 5132 1856 5205 teme-

260 5237 447 5298 ritate,
496 5251 671 5305 neqtte
719 5237 820 5289 vim
865 5236 1097 5291 alii-rens
1147 5251 1234 5292 aut
1274 5242 1726 5295 stomachaliunda
1757 5243 1857 5297 hoc

262 5329 485 5383 faciebat
508 5370 520 5391 ,
551 5328 647 5382 sed
692 5342 811 5381 cum
849 5329 1045 5383 decoro
1089 5331 1158 5383 ita
1189 5340 1242 5382 nt
1275 5347 1368 5397 pat'
1399 5342 1533 5384 erat.
1577 5333 1685 5385 lloe
1715 5334 1855 5388 enim

263 5421 432 5489 ipsum
468 5420 643 5474 Muses
683 5421 977 5475 subindiezit
1033 5423 1114 5475 his
1161 5425 1332 5477 verbis
1362 5442 1371 5475 :
1408 5424 1505 5477 Ille
1535 5438 1701 5478 autem
1733 5445 1851 5479 con-

263 5509 603 5576 templabatur
639 5527 751 5564 eum
779 5513 960 5564 tacitus
980 5554 995 5574 ,
1021 5514 1147 5566 scire
1172 5517 1340 5566 volens
1374 5527 1538 5567 utrum
1564 5534 1857 5587 prosperum

263 5601 354 5654 iter
393 5617 542 5654 suum
592 5604 787 5670 fecisset
823 5601 1065 5656 Dominus
1102 5602 1266 5672 (Gen.
1299 5605 1388 5659 ‘24.
1423 5607 1538 5676 21).
1565 5608 1702 5675 Quid
1743 5622 1820 5662 ρει
1845 5650 1857 5671 ,

263 5694 711 5760 Contemptabatur
729 5712 837 5748 eam
853 5695 878 5746 Ρ
896 5696 959 5748 Et
981 5693 1240 5758 habitum,
1261 5707 1312 5748 et
1335 5696 1622 5761 incessum,
1644 5708 1696 5752 et
1717 5713 1863 5766 aspe-

263 5795 427 5846 ctum.
455 5797 510 5840 et
539 5787 719 5848 verba,
744 5787 920 5839 omnia
942 5786 1170 5855 denique
1192 5787 1475 5858 diligenter
1497 5791 1856 5848 examinahat.

1215 365 1486 435 QUAM-IS
1527 361 1872 419 υυεΕΝυτΕ
1913 357 2065 414 SINT
2110 357 2404 414 UXORES.
2447 357 2535 412 ΙΙΙ.

3434 356 3539 413 258

1943 487 2010 527 ex
2058 472 2301 540 corporis
2342 472 2584 541 gestibus
2635 469 3000 526 habitudinem
3052 472 3216 528 animi
3261 471 3536 543 colligens.

1943 562 2050 618 Nec
2077 563 2162 618 his
2200 573 2516 630 contentus,
2561 564 2787 616 alterum
2833 564 3261 632 experimentum
3296 564 3534 620 adhibet.

1941 659 2179 725 Accepto
2217 657 2362 710 enim
2407 656 2476 710 ab
2509 671 2570 710 ca
2613 666 2741 726 potu
2791 671 2898 710 non
2929 656 3133 712 destitit
3157 698 3172 720 ,
3203 657 3297 712 sed
3351 673 3540 729 rogaris

1942 747 2111 816 pergit
2136 762 2148 798 :
2177 744 2337 816 Cujus
2364 763 2417 802 es
2439 747 2550 814 ﬁlia
2567 789 2581 812 ,
2621 747 2794 802 indica
2823 747 2949 801 mihi
2975 763 2995 800 :
3021 756 3160 802 estne
3185 750 3238 800 in
3266 748 3419 801 do-no
3446 765 3541 818 pa-

1941 839 2032 891 m's
2054 839 2126 891 tui
2149 837 2291 893 locus
2318 855 2416 907 quo
2448 840 2638 908 possim
2668 837 2916 893 divertere
2949 839 3104 910 (Gen.
3125 840 3218 894 24.
3243 839 3379 910 25)?
3402 839 3539 908 Quid

1941 929 2031 983 illa
2055 930 2122 984 ad
2155 929 2308 985 iure?
2333 931 2604 985 Patientcr
2628 947 2691 986 ac
2721 942 3000 987 mansuete
3025 948 3183 986 suum
3215 941 3419 1004 patrem
3457 935 3540 989 in-

1940 1019 2106 1074 dicat.
2139 1021 2253 1076 Non
2285 1021 2419 1076 dixit
2450 1021 2846 1091 indignabunda
2875 1040 2888 1077 :
2921 1022 3001 1077 Tu
3037 1037 3166 1078 vero
3191 1023 3313 1093 quis
3345 1039 3405 1079 es
3432 1034 3540 1079 tam

1940 1116 2185 1169 curiosus
2227 1123 2569 1182 percontator
2610 1113 2774 1171 etiam
2811 1115 2879 1171 de
2923 1116 3122 1170 nostris
3151 1115 3395 1184 rudibus;
3445 1118 3538 1172 sed

1939 1202 2110 1274 quid?
2136 1202 2277 1258 Filia
2300 1221 2413 1258 sum
2441 1204 2700 1259 Bathuelis
2726 1205 2822 1275 ﬁlii
2858 1205 3093 1266 Helena.
3122 1224 3270 1278 quem
3308 1207 3541 1264 Narhori

1942 1295 2152 1366 peperit.
2196 1294 2473 1350 Palearmn
2514 1313 2712 1368 quoque
2734 1306 2779 1350 et
2806 1299 2926 1368 {cui
2956 1299 3095 1368 apud
3131 1315 3223 1354 nos
3250 1308 3321 1370 es;
3363 1299 3540 1369 topia,

1940 1399 1987 1442 et
2031 1389 2173 1442 locus
2211 1389 2280 1442 ad
2322 1389 2671 1443 diuertendum
2705 1387 2829 1459 (Ib.
2859 1408 2910 1444 υ.
2954 1391 3045 1446 24.
3074 1390 3189 1461 ΞΒ).
3219 1390 3370 1445 Sicut
3420 1399 3544 1444 ante

1940 1496 2133 1551 aquam
2176 1481 2374 1550 petenti
2407 1481 2686 1551 plusquam
2716 1491 2960 1551 posceret
2996 1482 3188 1537 obtulit
3219 1500 3233 1537 :
3267 1498 3388 1537 nam
3417 1497 3538 1538 cum

1943 1575 2034 1629 ille
2060 1583 2243 1642 potutn
2272 1574 2370 1627 sibi
2394 1575 2494 1629 soli
2527 1574 2788 1644 petiisset,
2819 1576 2980 1629 etiam
3006 1574 3225 1630 camelis
3254 1590 3313 1629 se
3345 1574 3543 1644 praebi-

1945 1677 2116 1722 turam
2147 1676 2230 1722 est
2270 1668 2508 1738 pollicita
2530 1709 2543 1730 ,
2571 1677 2627 1722 et
2656 1670 2834 1738 utique
2860 1668 3085 1738 pra'bnit
3115 1686 3127 1723 :
3159 1669 3237 1723 sic
3262 1669 3423 1722 etiam
3457 1667 3542 1721 hic

1942 1759 2232 1830 requirenti
2257 1759 2625 1814 tantummodo
2644 1759 3017 1824 diversorium,
3043 1759 3260 1830 insuper
3284 1759 3350 1813 de
3379 1759 3543 1829 pali-is

1942 1864 2003 1904 ac
2033 1849 2176 1904 lieno
2215 1850 2507 1920 prospicit,
2541 1849 2715 1918 deque
2753 1851 2870 1903 aliis
2906 1851 3085 1905 multis
3105 1893 3120 1914 ,
3150 1851 3393 1906 alliciens
3419 1865 3540 1905 eum

1943 1937 2025 1992 his
2052 1941 2323 2005 onmibus,
2353 1949 2406 1993 et
2443 1939 2664 1994 domum
2698 1939 3014 2009 pertrahens
3040 1982 3054 2004 ,
3085 1950 3142 1993 ut
3169 1940 3541 2010 hospitalitatis

1944 2029 2171 2084 fructum
2200 2041 2252 2086 et
2283 2031 2586 2087 mercedem
2615 2033 2806 2100 capiat.
2842 2031 2964 2086 llarc
2991 2042 3170 2087 autem
3211 2047 3314 2086 non
3346 2031 3538 2089 obiter.

1944 2137 2115 2192 neque
2156 2122 2487 2193 negligenter
2508 2123 2806 2186 audiamus,
2840 2123 2934 2178 sed
2976 2124 3338 2194 nosmetipsos
3366 2126 3543 2178 consio

1944 2211 2226 2277 derantes,
2258 2213 2324 2266 ad
2370 2212 2472 2268 hoc
2515 2214 2818 2284 exemplum
2861 2213 3203 2270 conferamus
3235 2233 3248 2269 :
3282 2215 3361 2270 sic
3398 2214 3540 2270 enim

1945 2306 2304 2376 intelligemus
2325 2307 2578 2362 virtutem
2607 2308 2763 2377 hujus
2787 2308 3023 2383 feminae.
3048 2307 3427 2377 Saepenumero
3448 2323 3542 2362 no-

1946 2406 2027 2452 tos
2065 2397 2273 2465 aliquos
2312 2406 2367 2453 et
2395 2399 2727 2453 necessarios
2756 2399 3083 2469 excipientes
3111 2415 3251 2468 aigre
3279 2397 3502 2454 ferimus
3526 2439 3540 2459 .

1943 2501 1995 2550 et
2019 2505 2324 2564 gravantur,
2355 2496 2399 2548 si
2433 2511 2596 2550 unum
2638 2504 2730 2549 aut
2769 2495 2997 2549 alterum
3043 2495 3185 2549 diem
3227 2495 3542 2548 commorati

1945 2586 2146 2642 fuerint
2174 2604 2188 2652 ;
2224 2586 2338 2642 haec
2367 2596 2547 2643 autem
2574 2588 2812 2658 ignotum
2837 2597 2889 2641 et
2911 2587 3176 2654 hospitem
3211 2599 3399 2655 magna
3428 2584 3544 2638 ala-

1945 2683 2135 2735 critate
2166 2680 2383 2734 domum
2438 2680 2732 2749 pertraxit,
2782 2678 3082 2749 praisertim
3124 2691 3245 2730 cum
3291 2691 3398 2730 non
3445 2675 3546 2745 ipsi

1945 2774 2045 2825 soli
2071 2816 2085 2837 ,
2109 2773 2203 2830 sed
2237 2781 2314 2826 tot
2337 2771 2560 2827 camelis
2589 2771 2748 2826 etiam
2769 2769 2987 2824 ollerret
3014 2784 3196 2822 curam
3221 2775 3277 2822 et
3301 2767 3548 2821 ministe-

1947 2866 2105 2918 rium.
2136 2865 2422 2934 Postquam
2465 2873 2644 2919 autem
2701 2863 3059 2932 introgressus
3107 2871 3187 2915 est
3233 2859 3545 2928 hospitium,

1941 2957 2052 3026 jam
2077 2957 2242 3026 magis
2270 2956 2550 3010 considera
2579 2955 2718 3008 servi
2743 2953 3098 3023 prudentiam.
3126 2951 3380 3022 Apposita
3404 2949 3544 3003 enim

1949 3063 2131 3102 mensa
2152 3090 2166 3113 ,
2195 3048 2384 3118 inquit,
2416 3047 2537 3100 Non
2573 3047 2714 3113 prius
2742 3045 2908 3099 cibum
2941 3044 3140 3111 capiam
3175 3057 3326 3108 quam
3371 3041 3550 3109 loquar

1947 3141 2094 3194 verba
2117 3158 2228 3194 mea
2257 3139 2408 3207 (Gen.
2441 3139 2532 3193 ‘25.
2559 3139 2674 3208 3'5).
2702 3136 2838 3192 Vide
2867 3152 3025 3207 quam
3059 3135 3283 3206 vigilans
3309 3133 3464 3188 fuerit
3496 3144 3549 3185 et

1947 3233 2160 3286 sobrius
2176 3232 2198 3284 ?

2022 3322 2302 3374 Abrahmni
2325 3323 2566 3391 potentia.
2596 3319 2723 3376 Cum
2760 3330 2949 3390 quanta
2993 3318 3240 3388 sapientia
3281 3333 3313 3370 a
3355 3317 3552 3386 {aninlo

1950 3414 2202 3466 laudetur.
2258 3411 2363 3466 Deo
2411 3413 2615 3479 auspice
2653 3427 2766 3478 qua:
2810 3411 2941 3479 ﬁunt
2982 3411 3102 3464 bene
3144 3410 3438 3463 succedunt.
3479 3438 3549 3448 -——

1954 3505 2153 3559 Deinde
2187 3514 2466 3574 postquam
2500 3504 2816 3572 permissum
2844 3511 2926 3557 est
2951 3501 3000 3557 ei
3025 3501 3204 3556 dicere
3229 3542 3245 3567 ,
3275 3500 3547 3554 videamus

1951 3595 2219 3666 quomodo
2245 3597 2362 3650 illos
2383 3594 2690 3664 alloquitur.
2710 3594 2846 3648 Num
2872 3594 2971 3647 ista
2991 3593 3149 3646 verba
3175 3591 3239 3645 ad
3262 3606 3356 3646 eos
3381 3591 3547 3646 dixit:

1954 3686 2147 3740 llerum
2175 3701 2234 3740 se
2261 3686 2458 3740 habere
2486 3686 2745 3739 illustrem
2773 3692 2826 3738 et
2855 3684 3212 3754 splendidum,
3233 3683 3550 3738 honoratum

1952 3778 2020 3833 ab
2046 3778 2314 3844 omnibus,
2343 3778 2513 3831 virum
2543 3793 2748 3846 magum
2776 3777 3108 3831 auctoritatis
3133 3775 3269 3846 apud
3297 3776 3440 3830 cives
3463 3793 3550 3831 re—

1953 3871 2126 3940 gionis
2153 3910 2166 3931 .
2201 3869 2251 3922 in
2279 3885 2381 3938 qua
2411 3880 2518 3922 tum
2551 3869 2809 3938 degeret?
2836 3867 3071 3922 Tametsi
3105 3878 3343 3937 poterat,
3377 3869 3421 3921 si
3456 3884 3549 3922 vo~

1960 3964 2185 4028 luisset,
2221 3963 2335 4016 haec
2361 3978 2486 4016 vere
2511 3962 2692 4016 dicere
2721 3979 2732 4012 :
2768 3961 2966 4014 ctenim
2992 3971 3258 4029 tamquam
3289 3975 3376 4014 res
3403 3961 3550 4015 cole-

1957 4057 2112 4108 batur
2139 4055 2204 4106 ab
2231 4054 2346 4122 ejus
2372 4054 2603 4106 nationis
2635 4052 2956 4106 hominibus.
3005 4052 3251 4107 Attamen
3291 4053 3419 4107 nihil
3453 4055 3552 4106 ho-

1958 4165 2070 4201 rum
2101 4149 2235 4201 dixit
2261 4191 2272 4210 ,
2308 4147 2398 4200 sed
2432 4148 2644 4201 omissis
2676 4149 2808 4211 istis,
2836 4164 2956 4214 qua:
2987 4146 3127 4214 apud
3159 4146 3404 4200 homines
3430 4158 3556 4200 sunt

1957 4244 2009 4297 in
2036 4242 2224 4312 pretio,
2251 4257 2276 4292 a
2303 4243 2484 4295 divino
2511 4257 2631 4294 cum
2666 4241 2842 4295 favore
2869 4238 3211 4293 commendat
3236 4237 3320 4294 his
3344 4239 3554 4293 verbis:

1965 4331 2072 4405 Ego
2102 4332 2326 4386 Abraha:
2363 4349 2554 4387 servus.
2605 4331 2848 4383 Dominus
2898 4331 3148 4385 benedixit
3197 4331 3402 4384 domino
3447 4347 3558 4383 meo

1960 4424 2123 4488 valde,
2152 4424 2499 4492 exaltatusqne
2527 4433 2616 4482 est.
2649 4432 2692 4475 et
2723 4422 2858 4474 dedit
2887 4423 2930 4474 ei
2961 4439 3072 4475 oves
3105 4429 3151 4474 et
3180 4422 3345 4485 bores,
3373 4437 3559 4490 argm-

1960 4527 2061 4568 tum
2087 4526 2130 4566 et
2160 4532 2340 4566 aurum
2376 4515 2534 4581 (Gen.
2563 4515 2652 4566 ‘21.
2680 4513 2765 4566 3L
2799 4513 2865 4564 35
2892 4514 2930 4580 ).
2966 4513 3182 4566 Divitias
3209 4511 3324 4580 ejus
3353 4526 3560 4565 memn-

1962 4616 2040 4658 rat
2065 4645 2078 4667 ,
2109 4620 2215 4658 non
2244 4615 2297 4656 nt
2327 4605 2635 4672 epulentum
2663 4645 2678 4667 ,
2710 4603 2801 4658 sed
2844 4612 2899 4655 ut
2939 4603 3080 4670 piutn
3114 4615 3232 4654 esse
3262 4602 3514 4654 Ostendat
3540 4642 3552 4660 .

1965 4699 2061 4748 hoc
2091 4697 2304 4749 nomine
2331 4695 2552 4748 laudans
2581 4694 2724 4764 quod
2756 4709 2782 4745 a
2833 4695 2938 4745 Deo
2967 4692 3081 4746 haec
3111 4692 3376 4760 acceperit
3404 4734 3417 4758 ,
3454 4709 3560 4746 non

1962 4787 2103 4854 quod
2135 4797 2396 4839 tantarum
2431 4799 2608 4838 rerum
2651 4784 2721 4837 sit
2761 4785 3034 4836 dominus.
3080 4784 3280 4838 Deinde
3327 4785 3562 4852 loquitur

1964 4879 2026 4930 tle.
2056 4893 2254 4942 sponso
2285 4895 2295 4927 ξ
2328 4877 2393 4928 Et
2418 4875 2608 4943 peperit
2650 4874 2810 4933 Sara,
2866 4891 2994 4925 uxor
3022 4875 3210 4926 domini
3244 4874 3337 4926 mei
3360 4918 3372 4938 ,
3400 4874 3561 4938 ﬁlium

1964 4971 2165 5021 domino
2196 4986 2301 5020 mro
2321 4971 2431 5035 jam
2460 4968 2565 5020 seni
2593 4966 2748 5035 (Gen.
2778 4968 2865 5018 2-5.
2900 4968 3012 5034 '56).
3043 4967 3136 5020 llic
3162 4980 3215 5020 et
3244 4979 3422 5034 partus
3457 4981 3564 5019 tuo-

1965 5063 2088 5116 dnm
2121 5062 2439 5125 subindtcat,
2473 5061 2672 5114 docens
2698 5073 2836 5127 quod
2865 5068 2916 5110 el
2949 5068 3131 5125 partus
3155 5059 3201 5109 ei
3229 5058 3405 5109 divina
3439 5073 3565 5119 ιιι-ην

1966 5153 2196 5206 νὶάιοηιίει
2231 5165 2518 5204 concessus
2561 5151 2668 5215 sit,
2713 5165 2815 5202 non
2858 5158 3058 5202 naturis
3097 5148 3304 5201 ordine.
3338 5149 3475 5214 l‘lrgo
3510 5155 3566 5197 tu

1966 5259 2176 5313 quoque
2208 5243 2318 5296 sive
2355 5257 2632 5310 spensum,
2663 5241 2773 5291 sive
2801 5253 3049 5305 sponsam
3082 5254 3313 5308 quarras,
3349 5237 3451 5291 hoc
3479 5238 3562 5289 in-

1967 5336 2116 5404 quire
2158 5343 2281 5387 ante
2331 5334 2505 5385 omnia
2534 5374 2547 5395 ,
2590 5333 2729 5386 sitne
2773 5331 2973 5383 amicus
3021 5330 3165 5393 Deo,
3229 5345 3294 5382 an
3341 5329 3565 5381 mnl'atn

1968 5433 2179 5472 sorsum
2213 5416 2452 5469 obtineat
2484 5415 2928 5468 benevolentiam.
2965 5413 3019 5468 Si
3051 5415 3190 5466 enim
3223 5412 3336 5465 hzec
3367 5413 3564 5470 adsint.

1969 5519 2357 5579 consequenter
2398 5519 2448 5561 et
2488 5509 2588 5562 alia
2622 5526 2631 5560 ε
2665 5510 2744 5562 sin
2786 5519 2962 5560 autem
3001 5506 3206 5567 desint,
3239 5505 3448 5558 etiamsi
3482 5520 3570 5558 res

1972 5604 2241 5657 lantil'aris
2270 5603 2480 5657 abunde
2510 5608 2784 5670 suppetat,
2817 5600 2946 5653 nihil
2983 5598 3236 5666 proderit.
3275 5597 3475 5651 Deinde
3503 5613 3569 5650 no

1971 5698 2149 5752 audiat
2171 5697 2237 5752 ab
2263 5699 2359 5756 cis.
2392 5695 2499 5751 Cur
2530 5697 2687 5764 igitur
2713 5693 2907 5747 nullam
2942 5691 3242 5757 indigenam
3268 5693 3319 5743 in
3347 5706 3565 5744 uxorem

1976 5792 2208 5861 πρίνίιιρ
2247 5790 2506 5853 Αάίηναιήῑ
2543 5805 2616 5841 me
2645 5826 2658 5844 ,
2687 5787 2850 5856 inquit
2882 5826 2894 5849 ,
2926 5786 3155 5838 άυηιίηιιι
3191 5801 3336 5840 meus
3365 5786 3568 5848 dicens,
