4088 6404
597 317 704 372 2-59

596 434 713 489 Non
736 437 954 509 accipies
975 454 1179 499 usam
1198 440 1308 508 [ilio
1330 458 1438 496 meo
1456 461 1521 498 ea:
1539 446 1742 514 ﬁliabus
1755 447 2182 520 Clianomrorum,

590 531 677 582 sed
702 530 770 583 ad
794 530 999 584 domum
1025 532 1182 597 patris
1206 550 1302 589 met
1333 538 1672 606 proﬁcisceris
1694 583 1709 605 ,
1742 552 1787 596 rt
1812 543 1877 596 de
1909 545 2042 598 tribu
2073 564 2182 601 mea

583 621 802 688 accipies
828 636 1036 674 uxorem
1065 621 1176 690 [ilio
1199 641 1310 679 meo
1339 627 1490 697 (Gen.
1510 628 1600 686 ‘24.
1622 631 1710 686 57.
1741 632 1855 701 58).
1878 633 1982 691 Sed
2001 652 2067 690 ne
2097 648 2179 691 to-

589 719 698 762 tam
738 710 1015 766 historiam
1060 713 1112 767 in
1159 716 1392 772 medimn
1430 719 1712 777 afferentes
1752 724 1961 779 molesti
1994 727 2178 782 videa-

581 814 718 859 mur,
752 799 817 854 ad
841 800 1000 856 linem
1033 811 1389 864 transeamus.
1414 806 1546 865 Cum
1567 811 1709 865 enim
1737 814 2023 879 retulisset,
2047 834 2177 885 quo-

580 894 849 968 modoad
890 898 1086 954 fontem
1130 900 1430 962 adstiterit,
1476 903 1600 972 quid
1631 921 1661 958 a
1703 907 1872 975 puella
1913 910 2125 976 petierit
2155 954 2171 978 ,

577 985 847 1052 quomodo
886 988 975 1044 illa
1019 991 1136 1059 plus
1177 1007 1334 1060 quam
1369 995 1589 1063 petitmn
1615 1006 1759 1051 esset
1785 996 2012 1065 dederit,
2039 1016 2174 1070 quo-

580 1077 741 1131 modo
769 1079 908 1133 Dens
939 1082 1202 1136 mediator
1228 1084 1404 1151 fuerit,
1432 1098 1663 1156 cumque
1686 1090 1866 1143 omnia
1892 1090 2176 1162 diligenter

580 1167 898 1233 nuntiasset,
931 1172 1194 1226 sermonis
1225 1171 1383 1229 linem
1417 1175 1558 1230 fecit.
1588 1176 1682 1233 llis
1706 1180 1954 1234 onmihns
1979 1181 2173 1237 auditis

578 1257 650 1311 illi
699 1276 804 1336 non
850 1264 1079 1332 amplius
1125 1263 1553 1339 dubitaverunt,
1603 1285 1776 1342 neque
1825 1272 2172 1342 neglexerunt

573 1362 709 1416 i'eni,
742 1352 834 1405 sed
875 1353 1026 1419 quasi
1053 1354 1310 1412 divinitus
1340 1358 1608 1426 instincti,
1640 1363 1759 1418 sine
1786 1379 1932 1417 mora
1962 1362 2011 1418 ei
2044 1379 2168 1434 pro-

578 1441 837 1498 miserunt
875 1447 1059 1501 tiliam.
1103 1447 1618 1522 Respondentcsquc
1642 1453 1826 1508 Labau
1857 1463 1906 1509 et
1949 1455 2169 1512 Bathuel

573 1532 821 1588 dixerunt
854 1553 868 1590 :
902 1536 1208 1594 Mandatum
1245 1541 1341 1594 hoc
1377 1557 1631 1613 egressum
1673 1557 1743 1597 est
1786 1561 1820 1598 a
1857 1543 1967 1599 Deo
1995 1563 2014 1600 :
2043 1545 2170 1602 Ideo

575 1639 674 1677 non
709 1642 976 1694 possumus
1018 1639 1118 1683 tute
1161 1632 1488 1701 postulationi
1533 1636 1890 1690 contradicere.
1942 1635 2020 1691 En
2061 1637 2166 1693 Re-

571 1713 719 1767 becca
737 1756 752 1780 ,
782 1715 903 1772 tolle
923 1734 1034 1771 eam
1058 1728 1104 1773 et
1134 1737 1373 1791 propera,
1403 1734 1451 1777 et
1478 1725 1542 1780 sit
1573 1741 1704 1779 uxor
1726 1725 1920 1781 domini
1938 1729 2040 1801 ‘tui,
2071 1731 2167 1784 sic-

570 1812 625 1854 ut
659 1804 893 1873 loquutus
916 1818 990 1861 est
1035 1807 1282 1866 Dominus
1315 1813 1334 1882 (
1351 1811 1480 1867 Gen.
1509 1814 1600 1869 24.
1630 1816 1718 1871 50.
1747 1817 1807 1873 5i
1833 1816 1872 1888 ).
1904 1819 2033 1887 Quis
2060 1837 2164 1874 non

569 1896 1009 1967 obstupescerct?
1032 1903 1154 1974 quis
1178 1919 1282 1959 non
1311 1905 1690 1975 admiraretur,
1717 1920 1915 1981 quanta
1945 1913 2167 1984 impedi-

567 1998 750 2042 menta
783 1989 932 2046 brevi
961 1995 1218 2064 temporis
1241 2008 1514 2054 momento
1541 2001 1747 2057 sublata
1773 2002 1924 2058 sint?
1950 2004 2162 2061 Etenim

570 2080 655 2135 vel
680 2084 820 2152 quod
844 2083 1039 2156 hospes
1059 2098 1196 2154 erat,
1220 2090 1306 2144 vel
1331 2090 1472 2160 quod
1501 2106 1709 2159 servus,
1739 2095 1820 2150 vel
1847 2096 1988 2165 quod
2015 2098 2166 2168 igno-

572 2181 659 2225 tus
683 2213 699 2236 ,
727 2173 809 2227 vel
840 2175 980 2242 quod
1011 2176 1230 2249 longum
1257 2187 1403 2235 esset
1429 2181 1637 2238 itineris
1668 2183 2003 2240 intervallum
2029 2227 2044 2252 ,
2079 2189 2162 2244 vel

566 2262 709 2330 quod
741 2279 838 2319 nec
867 2280 1043 2334 socer,
1077 2284 1176 2324 nec
1206 2284 1436 2340 sponsus
1459 2311 1476 2338 ,
1517 2287 1690 2344 neque
1717 2275 1854 2330 alius
1877 2293 1943 2332 ex
1975 2293 2159 2334 eorum
2201 2304 2206 2309 ι

568 2357 887 2411 necessariis
928 2369 1086 2415 notus
1126 2371 1242 2416 erat
1265 2405 1280 2430 ,
1311 2363 1500 2418 horum
1531 2368 1955 2439 unumquodque
1984 2386 2078 2439 per
2101 2385 2162 2428 se

563 2446 695 2499 satis
714 2458 830 2501 erat
851 2448 1239 2520 impedimenti,
1262 2456 1547 2523 quominus
1570 2456 1673 2512 hoc
1695 2459 2018 2514 connubium
2040 2476 2162 2517 suc-

565 2535 786 2592 cederet
820 2557 834 2590 :
867 2548 1100 2596 attamen
1129 2543 1244 2599 hare
1270 2546 1517 2602 universa
1549 2546 1724 2603 facilia
1751 2561 1876 2604 sunt
1907 2551 2113 2607 reddita
2139 2594 2154 2619 ,

563 2636 616 2678 ct
647 2625 785 2681 haud
816 2645 971 2686 secus
996 2648 1156 2703 quam
1186 2636 1232 2690 si
1263 2646 1421 2692 notus
1452 2649 1616 2705 esset,
1645 2639 2017 2714 babitaretque
2038 2660 2160 2714 pro—

565 2730 630 2782 pe
652 2758 667 2781 ,
698 2729 753 2771 et
781 2729 944 2776 totam
975 2733 1188 2780 mtatem
1219 2743 1340 2782 cum
1370 2730 1451 2784 eis
1479 2741 1722 2787 versatus
1749 2732 1939 2790 fuisset
1962 2778 1977 2803 ,
2005 2752 2155 2793 com-

563 2807 825 2865 miserunt
847 2825 1102 2881 sponsam
1125 2817 1242 2886 ejus
1271 2818 1391 2874 ﬁdei
1411 2863 1425 2885 ,
1454 2820 1553 2876 hac
1582 2822 1651 2877 de
1678 2840 1860 2891 causa,
1890 2828 2031 2896 quod
2060 2845 2150 2884 au-

563 2901 712 2968 spice
745 2901 856 2958 Dco
885 2919 971 2961 res
1000 2909 1272 2978 agebatur.
1300 2911 1446 2967 Sicut
1469 2913 1628 2979 enim
1643 2918 1686 2971 si
1718 2917 1843 2986 quid
1870 2933 1936 2972 eo
1965 2935 2151 2990 parum

559 2991 775 3049 iuvetne
799 2997 1194 3069 aggrediamur,
1216 3003 1425 3059 etiamsi
1442 3006 1620 3062 omnia
1640 3012 1747 3063 sint
1773 3009 1922 3078 plana
1951 3019 2005 3066 et
2028 3010 2156 3068 laci-

563 3084 628 3139 lia
654 3128 668 3147 ,
705 3090 984 3158 voragines
1011 3102 1065 3146 et
1092 3095 1335 3150 salebras
1359 3105 1414 3151 et
1442 3097 1748 3155 innumeras
1778 3101 2153 3160 frustrationes

558 3173 734 3230 obiter
757 3177 1078 3234 otIendimus
1112 3199 1126 3235 :
1154 3183 1233 3238 sic
1261 3184 1446 3240 eodem
1475 3202 1738 3255 prarsente
1763 3199 1817 3245 et
1845 3191 2150 3261 adjuvante,

555 3263 680 3318 licet
705 3267 881 3320 omnia
910 3284 1029 3338 qua:
1059 3271 1316 3329 habemus
1340 3288 1450 3344 prae
1480 3279 1723 3332 manibus
1742 3319 1759 3347 ,
1789 3279 1896 3334 sint
1923 3281 2151 3351 impedi-

555 3355 792 3420 tissima,
828 3359 980 3427 plana
1011 3362 1143 3418 liunt
1169 3373 1224 3418 et
1262 3364 1459 3420 facilia.
1494 3368 1636 3424 Nihil
1678 3371 1838 3440 igitur
1867 3373 1952 3429 vel
1981 3375 2147 3430 facia-

557 3460 697 3508 mus,
727 3449 807 3503 vel
837 3449 1108 3519 dicamus,
1141 3456 1240 3510 nisi
1270 3457 1514 3514 invocato
1540 3460 1789 3529 Numine,
1818 3472 1874 3518 ut
1907 3481 1991 3520 res
2017 3483 2149 3538 quas

558 3547 847 3595 tractamus
874 3543 1100 3613 dirigat,
1131 3557 1186 3601 ut
1212 3546 1301 3603 ille
1329 3547 1473 3605 fecit.

625 3629 678 3683 9.
720 3631 874 3687 Nunc
935 3637 1230 3702 videamus,
1282 3652 1562 3711 postquam
1609 3661 1727 3700 cam
1769 3650 1996 3716 accepit,
2040 3665 2148 3717 quo

552 3729 708 3788 pacto
744 3723 968 3780 adornet
1001 3730 1231 3796 nuptias.
1275 3731 1410 3787 Nmn
1444 3736 1705 3805 cymbala,
1748 3738 1974 3805 ﬁstulas,
2017 3742 2147 3795 cho-

553 3824 998 3885 reas,.tympana,
1031 3820 1186 3874 tibias
1230 3838 1410 3879 secum
1451 3828 1626 3889 traxit,
1673 3829 2010 3900 reliquasque
2053 3846 2148 3899 ap-

555 3914 770 3971 paratus
797 3909 1044 3973 Species?
1070 3911 1208 3964 Nihil
1240 3913 1450 3979 horum,
1488 3917 1582 3970 sed
1613 3919 1698 3972 illa
1727 3921 1839 3972 sola
1872 3930 2145 3990 assumpta

552 3993 699 4059 abiit,
734 3996 1032 4054 deduceutc
1071 4013 1124 4054 et
1162 4005 1450 4058 comitante
1497 4009 1708 4076 angelo.
1754 4026 1914 4079 quem
1961 4013 2143 4078 herus,

550 4083 677 4138 dum
734 4087 985 4142 hamulum
1026 4106 1057 4144 c
1088 4090 1250 4145 domo
1287 4096 1597 4159 dimitteret,
1644 4113 1745 4151 una
1795 4100 1929 4154 mitti
1981 4117 2007 4154 a
2038 4103 2147 4157 Deo

550 4181 771 4249 supplex
824 4182 1220 4250 impetraverat.
1269 4189 1442 4256 Atque
1482 4187 1552 4242 ita
1598 4188 1894 4245 ducebatur
1946 4207 2142 4260 Sponsa

554 4269 713 4322 nullis
742 4271 883 4325 tibiis
911 4281 965 4326 et
988 4273 1204 4328 citharis
1230 4277 1614 4341 occinentibus,
1665 4279 1758 4335 sed
1790 4283 2084 4338 innumeris
2115 4301 2142 4338 a

552 4362 665 4415 Deo
690 4370 847 4428 caput
869 4373 1051 4416 ornata
1088 4365 1565 4433 benedictionibus,
1610 4374 1724 4426 vice
1765 4387 1979 4428 corona:
2023 4391 2144 4443 pre-

551 4446 785 4505 tiosioris
815 4454 1001 4520 quovis
1030 4454 1351 4510 diademate.
1388 4458 1687 4514 Ducebatur
1708 4471 1886 4517 autem
1917 4481 2022 4519 non
2041 4482 2139 4521 au-

548 4545 677 4597 ratis
716 4549 906 4599 amicta
943 4547 1196 4613 vesubus,
1230 4549 1320 4602 scd
1362 4561 1547 4604 ornata
1589 4553 1872 4621 modestia,
1921 4559 2136 4628 pietate,

544 4631 1250 4707 liospitalitate,ca‘tcrisque
1262 4640 1542 4696 virtutibus
1554 4643 1821 4699 omnibus.
1843 4646 2140 4705 Ducebatur

545 4740 654 4778 non
686 4726 735 4779 in
763 4738 1014 4796 carpento
1051 4741 1341 4795 munerato,
1365 4742 1452 4786 ant
1479 4743 1732 4804 apparatu
1756 4736 1936 4806 aliquo
1956 4741 2134 4809 simili,

544 4815 639 4868 sed
694 4818 903 4870 camelo
955 4819 1207 4873 insidens.
1258 4821 1386 4875 Nam
1438 4826 1894 4890 prmtervirtutes
1950 4831 2130 4898 animi,

548 4909 709 4959 etiam
741 4922 963 4976 corpora
1008 4911 1267 4978 virginum
1300 4913 1426 4965 olim
1458 4914 1656 4978 optima
1684 4917 1901 4971 fuerunt
1932 4919 2134 4975 habitu-

545 4998 690 5050 dine.
724 4998 836 5051 Non
882 5000 1022 5053 enim
1074 5002 1150 5055 sic
1177 5002 1541 5057 educabantur
1580 5019 1607 5058 a
1639 5008 1915 5074 matribus,
1970 5021 2026 5064 ιιι
2069 5012 2125 5065 ﬁt

548 5091 726 5155 hodie,
757 5095 942 5147 crebra
974 5093 1112 5149 inter
1142 5109 1408 5164 unguenta
1437 5106 1492 5150 et
1517 5096 1724 5163 balnea,
1760 5100 1936 5154 fucum
1969 5114 2020 5155 et
2058 5104 2132 5172 pi-

546 5192 782 5249 gmenta,
814 5183 866 5236 in
895 5186 1142 5239 mollibus
1171 5188 1515 5260 indumentis,
1547 5189 1768 5258 aliisque
1800 5195 2132 5263 corruptela-

551 5292 668 5326 rum
715 5277 885 5330 It'lOdiS
936 5275 1229 5333 innumeris
1254 5323 1268 5343 ,
1315 5281 1506 5350 quibus
1531 5282 1657 5335 ﬁant
1681 5283 1952 5353 plusquam
1978 5289 2134 5342 decet

549 5364 827 5418 mollieulx
883 5384 895 5418 :
957 5369 1049 5421 sed
1105 5369 1274 5423 nmdis
1322 5371 1570 5424 (unnibus
1617 5372 1747 5425 dura
1792 5384 1903 5428 erat
1951 5392 2130 5432 earum

547 5455 812 5510 t‘dllLLiUO.
866 5457 1221 5522 Quamobrem
1275 5471 1326 5513 et
1377 5463 1619 5531 corporis
1668 5465 1840 5518 nativa
1873 5464 2133 5522 ﬂorebant

553 5545 944 5612 pulchritudine
969 5592 980 5610 ,
1023 5550 1179 5601 nullis
1223 5551 1414 5621 adjuttc
1454 5556 1689 5607 externis
1735 5556 2043 5623 lenociniis,
2081 5572 2132 5614 cl

551 5637 859 5692 valetudine
889 5657 1037 5708 teque.
1071 5642 1203 5695 felici
1230 5662 1288 5696 ac
1319 5647 1478 5698 lt‘tl'lllil
1516 5647 1846 5708 fruebantur,
1882 5654 2018 5700 nit".
2053 5654 2129 5705 ἰηι-

541 5729 767 5782 iul-utm-
809 5732 1148 5800 ςυετὶιιιεὶὲιιικ,
1192 5738 1364 5799 utile;
1403 5753 1415 5764 -·
1475 5756 1530 5786 ·ι‹-
1578 5739 1719 5791 mutii
1757 5740 1990 5796 mollitie.
2027 5757 2039 5796 ι
2071 5777 2091 5792 ..

1315 326 1370 382 S.
1411 327 1690 388 JOANNIS
1727 331 2200 393 CHRYSOSTOMI
2245 335 2563 395 ARCHIEP.
2601 337 3141 396 CONSTANTINUP.

3779 343 3890 400 2m

2292 455 2455 511 bores
2502 457 2646 511 enim
2675 466 2730 514 et
2759 472 2923 527 Opera
2950 499 2964 523 ,
3008 459 3204 529 quibus
3238 461 3631 516 exercebantur
3652 500 3668 524 ,
3701 461 3848 513 varia
3874 501 3887 520 .

2288 547 2600 616 languorem
2629 564 2844 604 onmem
2873 550 3166 618 pellebant,
3197 551 3362 607 robur
3385 562 3568 607 autem
3593 562 3646 606 et
3675 552 3890 607 sanita-

2289 647 2395 693 tem
2425 646 2590 693 tutam
2607 641 2687 694 eis
2713 641 3091 708 conciliabant,
3115 641 3520 714 reddebantque
3543 653 3691 698 tanto
3709 646 3884 715 magis

2287 732 2488 787 maritis
2508 742 2690 808 gratas
2718 742 2772 788 et
2800 735 3061 789 amabiles
3087 754 3100 791 :
3135 736 3212 792 sic
3238 738 3383 792 enim
3423 753 3528 791 non
3562 737 3737 792 solum
3761 751 3892 790 cor-

2286 836 2438 891 pora,
2495 823 2594 878 sed
2625 833 2681 878 et
2730 825 2893 878 animi
2950 825 3001 879 in
3055 827 3244 880 melius
3291 827 3662 897 proﬁciebant.
3719 824 3888 882 Vecta

2283 914 2443 984 igitur
2489 915 2696 969 camelo
2740 924 3024 986 postquam
3099 917 3165 971 ad
3228 917 3552 972 destinatam
3606 919 3889 988 regionem

2286 1004 2549 1074 pervenit,
2570 1006 2794 1062 sublatis
2817 1008 3001 1077 procul
3031 1009 3201 1062 oculis
3217 1009 3347 1065 vidit
3368 1009 3628 1075 lsaacum,
3653 1026 3892 1080 moxque

2277 1110 2306 1149 a
2337 1098 2546 1153 camelo
2577 1098 2798 1155 desiliit.
2835 1099 3000 1156 Vides
3026 1101 3187 1155 robur
3212 1101 3235 1154 ?
3264 1100 3413 1157 vides
3439 1101 3636 1156 bonam
3666 1101 3887 1155 habitu-

2279 1187 2580 1246 dinem?A
2611 1191 2820 1246 camelo
2867 1192 3084 1247 desiliit.
3127 1192 3354 1246 Tantum
3404 1193 3475 1246 illi
3521 1193 3720 1247 virium
3780 1209 3884 1247 una

2276 1292 2398 1334 cum
2433 1280 2691 1335 modestia
2723 1292 3023 1352 supererat.
3052 1283 3120 1337 Et
3147 1283 3219 1336 ait
3249 1282 3314 1336 ad
3346 1298 3560 1337 servum
3594 1301 3606 1335 :
3635 1283 3766 1347 Quis
3809 1294 3886 1337 rst

2273 1369 2362 1425 ille
2408 1371 2558 1425 homo
2603 1373 2688 1442 qui
2730 1388 3027 1443 progressus
3064 1383 3139 1427 est
3184 1373 3238 1427 in
3274 1390 3511 1441 campum
3533 1375 3559 1429 .’
3593 1372 3882 1443 Respondit

2272 1475 2442 1517 servas
2469 1477 2491 1516 :
2517 1460 2545 1516 1
2554 1479 2640 1530 pse
2672 1472 2744 1517 est
2787 1463 3022 1517 dominus
3051 1480 3210 1518 meus.
3269 1463 3398 1517 Tum
3426 1465 3518 1517 illa
3547 1465 3721 1518 (nativo
3753 1464 3877 1534 pal-

2281 1551 2402 1605 liolo
2430 1563 2632 1620 sumpto
2660 1570 2713 1606 se
2748 1553 2981 1621 obnupsit
3000 1552 3151 1626 (Gen.
3179 1553 3269 1608 24.
3294 1553 3410 1624 65).
3435 1553 3672 1609 Observa
3698 1555 3881 1608 omnia

2274 1643 2454 1696 testari
2501 1643 2620 1712 ejus
2664 1643 3018 1712 modestiam,
3047 1660 3206 1715 quam
3246 1646 3450 1715 pudens
3478 1654 3592 1701 erat
3622 1661 3688 1702 ac
3719 1662 3883 1702 vere-

2269 1733 2465 1789 ciinda.
2511 1734 2580 1789 Et
2635 1737 2828 1807 accepit
2873 1753 2985 1791 eam
3027 1754 3237 1793 uxorem
3294 1728 3468 1804 Isaac,
3513 1740 3793 1810 dilexitque
3827 1742 3884 1796 in

2271 1833 2465 1878 tantum
2517 1834 2574 1879 ut
2622 1826 2798 1880 leniret
2843 1828 3070 1882 dolorem
3096 1869 3112 1892 ,
3153 1831 3239 1898 qui
3287 1830 3367 1884 illi
3407 1847 3472 1885 ea:
3499 1842 3662 1886 morte
3698 1831 3885 1887 Sarra

2276 1917 2455 1970 ntali-is
2483 1917 2737 1971 acciderat
2774 1917 2793 1987 (
2824 1917 2953 1972 Gen.
2983 1918 3074 1974 24.
3098 1920 3163 1975 67
3184 1921 3222 1989 ).
3256 1920 3381 1976 Hmc
3412 1937 3516 1976 non
3561 1933 3767 1979 temere
3796 1924 3884 1978 di-

2269 2018 2482 2074 cuntur,
2511 2009 2648 2080 quod
2691 2011 2934 2066 dilexerit
2964 2027 3084 2067 eam
3117 2053 3132 2077 ,
3165 2012 3415 2084 quodque
3461 2028 3561 2085 pro
3608 2015 3881 2071 solamine

2273 2100 2449 2154 luctus
2477 2099 2743 2163 habuerit,
2774 2100 2868 2155 sed
2899 2109 2956 2155 ut
2981 2101 3179 2167 discas,
3205 2102 3402 2171 quibus
3431 2102 3593 2158 rebus
3625 2103 3717 2158 illa
3752 2118 3874 2157 ma-

2267 2190 2428 2244 ritum
2476 2189 2532 2244 in
2570 2205 2810 2245 amorem
2858 2191 2939 2245 sui
2985 2192 3262 2260 pellexerit
3289 2233 3302 2256 ,
3335 2206 3469 2262 quas
3496 2191 3657 2247 domo
3688 2206 3879 2247 secum

2269 2279 2542 2334 attulerat.
2577 2278 2709 2346 Quis
2729 2280 2873 2335 enim
2904 2280 3066 2336 talem
3117 2295 3225 2335 non
3272 2280 3549 2337 adamaret
3569 2324 3584 2348 ,
3613 2291 3722 2336 tam
3753 2297 3878 2337 rno-

2267 2367 2477 2424 destam
2497 2411 2514 2437 ,
2547 2377 2654 2425 tam
2681 2369 2988 2431 honestam,
3014 2379 3120 2424 tam
3159 2370 3482 2441 hospitalem
3507 2413 3523 2438 ,
3554 2373 3873 2438 humanam,

2267 2469 2322 2516 et
2351 2462 2662 2528 amabilem,
2691 2461 2882 2517 fortem
2906 2463 3087 2518 animo
3109 2471 3167 2516 et
3191 2461 3418 2517 validam
3441 2465 3710 2533 corpore?
3739 2464 3872 2519 Hec

2266 2551 2383 2607 dixi
2405 2593 2420 2618 ,
2453 2562 2512 2608 ut
2542 2569 2649 2609 non
2689 2555 2916 2609 audiatis
2947 2563 3150 2608 tantum
3173 2595 3187 2618 ,
3219 2563 3311 2608 aut
3344 2555 3542 2609 auditis
3572 2556 3876 2625 applauda-

2265 2646 2332 2700 tis
2364 2687 2379 2710 ,
2411 2646 2509 2701 sed
2544 2654 2602 2701 ut
2627 2647 2786 2700 etiam
2809 2645 3156 2699 temulemini.
3192 2643 3260 2698 Et
3287 2655 3465 2714 patres
3494 2645 3870 2721 quidempro-

2267 2736 2560 2792 videntiam
2604 2735 2927 2806 patriarcha:
2973 2736 3276 2802 imitamini,
3332 2752 3437 2807 qua
3499 2753 3628 2794 usus
3675 2749 3760 2793 est
3813 2740 3868 2794 in

2267 2829 2502 2898 paranda
2542 2844 2709 2884 uxore
2734 2827 2967 2900 simplici
2993 2869 3008 2892 ,
3043 2843 3153 2883 non
3181 2828 3437 2898 pecunias
3461 2846 3732 2898 ενιπευς,
3755 2847 3869 2888 non

2259 2919 2603 2989 splendorem
2647 2920 2860 2990 generis
2882 2960 2898 2986 ,
2930 2935 3037 2974 non
3085 2920 3536 2988 pulchritudinem
3573 2925 3822 2993 corporis
3847 2966 3864 2992 ,

2260 3025 2366 3065 non
2398 3007 2545 3064 aliud
2575 3009 2864 3080 quidquam
2898 3017 3097 3081 praeter
3116 3010 3536 3080 generositatem
3561 3013 3749 3066 animi.

2332 3100 2602 3165 Quomodo
2631 3101 2920 3155 erudiendae
2947 3100 3072 3169 [ilice
3095 3118 3127 3154 a
3155 3101 3420 3156 matribus.
3452 3131 3526 3142 —
3544 3101 3654 3156 Vos
3680 3113 3864 3161 autem

2257 3201 2456 3247 matres
2485 3232 2502 3259 ,
2531 3191 2654 3247 date
2696 3206 2918 3261 operam
2962 3203 3017 3247 ut
3050 3192 3117 3247 ad
3167 3192 3310 3246 hunc
3348 3192 3564 3247 modum
3611 3194 3862 3253 educetis

2257 3292 2467 3338 vestras
2511 3282 2667 3338 ﬁlias.
2719 3282 2889 3338 Porro
2929 3283 3112 3352 sponsi
3164 3282 3256 3352 qui
3320 3296 3414 3337 eas
3455 3283 3668 3338 ducturi
3709 3299 3810 3340 sun
3841 3327 3860 3352 ,

2256 3375 2454 3430 ducam
2483 3389 2608 3430 cum
2636 3376 2918 3437 honestate
2956 3375 3114 3430 simili
3144 3418 3158 3439 ,
3184 3376 3608 3432 exterminantes
3638 3379 3811 3434 risura
3837 3421 3854 3445 ,

2254 3465 2483 3522 choreas
2506 3507 2522 3534 ,
2555 3466 2934 3537 turpiloquium
2962 3507 2976 3530 ,
3025 3465 3233 3522 ﬁstulas
3254 3467 3275 3532 ',
3300 3466 3455 3522 tibias
3481 3507 3496 3531 ,
3527 3467 3859 3526 diabolicum

2255 3558 2402 3613 illum
2439 3567 2754 3628 apparatum
2791 3566 2847 3614 et
2885 3558 3092 3629 reliqua
3137 3558 3444 3630 huiusmodi
3470 3600 3485 3626 ,
3531 3575 3858 3633 semperque

2253 3651 2564 3706 invocantes
2598 3652 2764 3707 Deum
2790 3692 2805 3716 ,
2848 3660 2906 3704 ut
2956 3650 3226 3706 mediator
3268 3651 3410 3706 adsit
3453 3651 3723 3706 actionum
3755 3669 3858 3708 no-

2252 3749 2485 3794 strarum
2533 3740 2799 3795 omnium.
2852 3739 2908 3794 Si
2965 3740 3108 3794 enim
3164 3753 3252 3793 res
3297 3750 3509 3794 nostras
3550 3739 3653 3795 hoc
3697 3752 3856 3809 pacto

2251 3830 2698 3899 disposuerimus,
2725 3829 2929 3882 nullum
2958 3829 3250 3883 divortium
3277 3832 3397 3893 crit,
3427 3829 3572 3882 nulla
3599 3829 3852 3885 adulterii

2253 3921 2508 3988 suspicio,
2533 3927 2625 3973 aut
2653 3921 2866 3972 occasio
2898 3919 3199 3989 zelotypia',
3250 3935 3355 3972 non
3403 3919 3536 3980 rixa,
3570 3933 3677 3972 non
3721 3935 3852 3974 con-

2253 4011 2443 4074 tentio,
2468 4010 2560 4064 sed
2587 4009 2747 4065 multa
2777 4009 3018 4063 fruemur
3040 4024 3201 4078 pace,
3226 4010 3498 4079 multaque
3535 4013 3848 4079 concordia,

2249 4113 2278 4150 a
2307 4099 2499 4168 quibus
2546 4113 2654 4154 non
2702 4099 2929 4153 aberunt
2976 4099 3200 4152 virtutes
3246 4110 3479 4154 cmterze.
3521 4099 3671 4155 Sicut
3700 4103 3845 4156 enim

2251 4205 2417 4245 uxore
2451 4207 2481 4244 a
2528 4191 2720 4246 marito
2749 4189 3047 4246 dissidente
3095 4190 3226 4260 nihil
3270 4192 3384 4245 sani
3411 4201 3493 4247 est
3523 4192 3574 4245 in
3604 4193 3845 4261 :cdibus,

2249 4281 2456 4335 etiamsi
2486 4282 2718 4352 alioquin
2751 4297 2840 4336 res
2884 4296 3068 4335 eorum
3118 4281 3356 4336 secundo
3386 4281 3629 4337 ferantur
3666 4282 3792 4340 ﬂatu
3824 4305 3841 4338 :

2250 4371 2320 4426 ita
2365 4372 2490 4427 dum
2537 4388 2639 4441 pax
2687 4371 2955 4426 constabit
3005 4382 3057 4426 et
3098 4371 3387 4426 concordia
3415 4414 3428 4434 ,
3463 4373 3593 4426 nihil
3617 4377 3721 4428 crit
3761 4376 3845 4429 in-

2248 4477 2432 4530 suave,
2462 4463 2670 4521 etiamsi
2714 4462 2954 4533 quotidie
2994 4471 3349 4530 tempestates
3394 4463 3640 4518 accidant
3671 4466 3840 4534 pluri-

2248 4571 2371 4609 ma}.
2418 4555 2474 4610 Si
2525 4553 2628 4611 hoc
2674 4555 2835 4609 modo
2878 4555 3307 4609 conciliabuntur
3337 4558 3560 4625 nuptiae,
3591 4559 3842 4626 perfacile

2246 4647 2541 4715 poterimus
2587 4646 2653 4699 ad
2683 4647 2934 4700 virtutem
2976 4646 3206 4700 educare
3272 4648 3493 4702 liberos.
3550 4649 3651 4704 Ubi
3696 4654 3838 4706 enim

2245 4745 2418 4791 mater
2442 4746 2547 4789 tam
2583 4737 2808 4791 honesta
2849 4735 3034 4799 fuerit,
3089 4751 3152 4791 ac
3202 4737 3382 4792 Sobria
3409 4778 3422 4802 ,
3455 4740 3708 4810 omnique
3736 4743 3842 4794 vir-

2243 4839 2356 4885 tute
2398 4829 2638 4899 praedita,
2669 4828 2907 4898 proiecto
2947 4829 3197 4883 maritum
3228 4829 3498 4884 desiderio
3537 4833 3619 4885 sui
3665 4835 3841 4903 capiet

2241 4935 2304 4974 ac
2329 4919 2631 4982 devinciet;
2661 4927 2819 4985 atque
2852 4920 2921 4973 ita
2953 4919 3173 4973 habebit
3215 4934 3338 4973 eum
3366 4921 3598 4975 alacrem
3630 4923 3839 4992 adjuto-

2240 5025 2351 5064 rem
2384 5010 2432 5062 in
2465 5009 2715 5062 curandis
2744 5018 2903 5077 atque
2929 5008 3270 5062 instituendis
3291 5010 3672 5066 communibus
3701 5014 3837 5069 libe-

2243 5103 2315 5156 ris
2343 5119 2355 5166 ;
2381 5101 2647 5170 simulque
2687 5101 2850 5153 Deum
2879 5099 2944 5155 ad
2992 5101 3425 5170 prospiciendum
3453 5104 3531 5157 eis
3559 5105 3791 5161 attrahet
3821 5125 3834 5160 :

2241 5210 2344 5263 quo
2374 5194 2645 5263 aspirantc
2688 5202 2794 5245 tam
2823 5192 3065 5248 honestae.
3091 5194 3538 5248 administrationi
3581 5197 3838 5252 domesti-

2240 5300 2338 5348 επ),
2366 5295 2416 5339 et
2442 5293 2735 5339 exercente
2782 5302 3070 5354 puerorum
3124 5287 3355 5352 animos,
3407 5290 3582 5340 oinuia
3617 5290 3837 5356 posthac

2237 5376 2467 5445 jnciuida
2501 5384 2661 5428 erunt
2689 5384 2742 5429 et
2776 5376 2966 5439 felicia,
3003 5377 3162 5430 rebus
3195 5387 3299 5429 tam
3332 5377 3469 5430 bene
3495 5380 3834 5448 compositis,

2239 5478 2293 5522 et
2335 5467 2397 5521 iis
2424 5468 2512 5536 qui
2539 5477 2772 5536 prmsnnt
2813 5471 2890 5522 sic
2920 5468 3124 5523 affectis
3159 5488 3170 5522 :
3215 5471 3517 5539 poteritque
3547 5474 3833 5542 unusquis-

2240 5575 2339 5627 que
2368 5576 2469 5613 una
2510 5576 2630 5614 cum
2674 5577 2768 5614 sua
2817 5561 2996 5626 domo,
3042 5562 3293 5617 videlicet
3336 5579 3536 5626 uxore,
3570 5564 3753 5619 liberis
3773 5583 3835 5617 ac

2241 5650 2470 5715 famulis,
2501 5661 2554 5704 et
2587 5662 2899 5720 przesentem
2949 5654 3100 5705 ritam
3147 5669 3334 5708 secure
3369 5669 3621 5722 reragerc
3648 5699 3661 5715 ,
3692 5668 3743 5710 et
3768 5658 3832 5710 ad

2242 5743 2493 5798 talorum
2528 5759 2747 5813 regnum
2779 5746 3062 5815 perveni-rc
3088 5763 3099 5798 :
3130 5762 3247 5814 qum
3277 5747 3426 5801 uoltis
3461 5748 3706 5802 r-nznibus
3739 5763 3832 5818 per
