4088 6474
1120 323 1183 377 ΙΝ
1226 320 1482 378 DICTUM
1523 318 1750 382 PAULI,
1793 316 1971 373 ΝΟΜ)
2014 313 2142 369 VOS
2182 310 2555 376 lGNOltMiE,
2599 306 2748 364 E'I'C.
3509 291 3623 345 ﬂii

2019 442 2073 487 et
2119 431 2317 493 lionor,
2344 440 2482 481 nunc
2508 434 2562 480 et
2592 437 2825 490 semper,
2850 429 2902 474 ct
2930 420 2981 473 iu
3024 414 3219 473 sareula
3248 402 3614 468 saeculorum.

2020 525 2213 577 Amen.

274 306 399 383 ut

280 450 560 511 gratiam,
586 437 989 509 benignitatem,
1019 444 1071 488 ut
1107 434 1527 489 misericordiam
1573 449 1722 487 suam
1774 447 1906 485 con-

278 531 459 588 cedat
492 530 756 587 Dominus
786 538 967 583 noster
986 527 1140 581 .lcsus
1157 525 1426 589 Christus,
1445 540 1566 578 cum
1596 537 1704 592 quo
1722 520 1863 576 Patri
1890 562 1904 584 ,

289 621 582 691 simulque
605 620 825 690 Spiritui
856 616 1065 671 viviﬁco
1095 625 1151 669 et
1174 624 1365 678 sancto
1382 614 1573 683 gloria.
1595 611 1912 681 imperium,

327 852 3584 889 Mm

1043 1186 1263 1248 NOLO
1309 1185 1465 1248 VOS
1507 1184 1957 1257 IGNORARE,
2007 1182 2412 1254 FRATRES,
2457 1180 2717 1253 QUOD,
2762 1195 2897 1240 ιτς.

329 1398 576 1453 habitam
610 1395 787 1451 fuisse
801 1394 891 1449 vel
921 1393 1045 1449 inde
1078 1395 1271 1463 liquet,
1302 1395 1453 1464 quod
1488 1392 1632 1449 dicta
1668 1394 1740 1449 sit
1776 1404 1899 1464 post
1934 1393 2133 1449 festum
2166 1393 2344 1448 sancti
2380 1390 2675 1455 Barlaami,
2702 1389 3011 1446 Antiochiae
3044 1386 3308 1445 celebrari
3348 1388 3569 1443 solitum
3593 1420 3611 1449 ,

332 1520 391 1563 ut
428 1509 617 1565 videas
643 1508 699 1563 in
732 1506 937 1563 Monito
963 1507 1031 1561 ad
1066 1507 1359 1563 Homiliam
1388 1510 1441 1563 in
1479 1516 1729 1566 sanctum
1761 1508 2108 1565 B.irlaanium
2145 1508 2307 1563 Tom.
2347 1508 2413 1562 ll.
2450 1506 2828 1580 Chrysostomi
2867 1521 3069 1576 scopus
3100 1511 3181 1560 est
3210 1504 3615 1569 demonstrare,

335 1640 423 1681 res
450 1626 505 1679 in
556 1625 728 1680 veteri
758 1624 900 1697 Lege
928 1634 1080 1681 actas
1109 1625 1415 1680 futurarum
1453 1640 1635 1681 rerum
1672 1627 2122 1697 praedictionibus
2155 1627 2315 1681 fidem
2350 1625 2531 1681 facere
2559 1643 2572 1679 :
2602 1638 2835 1693 esseque
2867 1622 2990 1676 illas
3028 1634 3213 1676 rerum
3264 1617 3390 1673 novi
3418 1615 3616 1671 Testa-

336 1740 503 1792 menti
530 1746 719 1808 typum
740 1748 795 1793 et
820 1740 1093 1794 umbram.
1126 1737 1484 1803 Marciouem,
1517 1738 1876 1794 Manicbaeum
1921 1748 1975 1793 et
2016 1739 2244 1793 Paulum
2286 1736 2705 1793 Samosatenum
2750 1736 2927 1789 obiter
2960 1733 3311 1803 perstringit,
3340 1740 3395 1785 et
3424 1737 3618 1799 postu—

337 1854 464 1910 latis
494 1854 549 1908 iu
576 1854 685 1910 line
712 1863 1029 1911 sanctorum
1066 1855 1323 1925 precibus
1356 1855 1636 1911 iiomiliam
1680 1857 1906 1911 claudit.

408 1964 610 2020 Incerti
642 1964 1150 2035 interpretationem
1178 1964 1450 2031 Latinam,
1488 1974 1677 2034 utpote
1706 1981 1815 2021 non
1845 1972 2178 2025 accuratam.
2211 1963 2524 2033 rejecimus,
2554 1975 2863 2024 novamque
2890 1960 3223 2029 paravimus.

870 2203 1095 2211 *ιο
1120 2205 1607 2217 γ--Ἦη
1648 2212 1657 2215 4
1712 2209 1771 2214 ...-
1790 2208 1916 2215 -.ρ-«Μ

2034 2208 2836 2223 —_———.-————_—__..

1270 2616 1379 2688 IN
1420 2614 2179 2689 APOSTOLICUM
2228 2612 2674 2700 DICTUM,

322 2782 484 2826 uoco
532 2782 643 2826 vos
684 2783 1031 2838 resonae,
1080 2784 1388 2839 sanans,
1435 2785 1606 2837 quon
1640 2784 1876 2828 paruus

2027 2786 2142 2828 iTlll
2186 2784 2397 2828 οΜΝκε
2442 2784 2559 2827 SUB
2593 2783 2758 2825 NUBE
2791 2782 3109 2835 FUERUNT,
3160 2782 3240 2822 ΕΤ
3266 2779 3476 2823 OMNIS
3506 2779 3624 2821 PBlt

1247 2884 1423 2928 mas
1471 2885 1920 2928 nmsrsrwm
1966 2867 2053 2945 (ι.
2082 2866 2226 2929 Cor.
2277 2867 2375 2926 10.
2425 2868 2453 2925 1
2493 2866 2510 2945 )
2560 2864 2670 2944 (a).

394 3093 449 3147 ί.
490 3091 676 3147 Nauta'.
705 3110 824 3147 eam
855 3095 1017 3149 maris
1040 3104 1243 3164 partem
1276 3095 1529 3150 libentius
1553 3096 1913 3167 frequentant,

320 3201 441 3255 qua:
470 3184 657 3240 multis
686 3186 926 3256 portibus
948 3186 1241 3257 insulisque
1268 3190 1523 3243 instructa
1555 3200 1657 3244 cst.
1693 3190 1919 3261 Pelagus

320 3276 466 3330 cnim
489 3276 747 3345 portubus
776 3278 1112 3340 destitutum,
1141 3279 1301 3333 etiam
1335 3281 1625 3348 tranquillo
1649 3290 1915 3349 tempore,

324 3366 550 3421 multum
597 3367 785 3422 incutit
824 3370 1196 3438 navigantibus
1241 3378 1571 3426 tremorem:
1604 3373 1693 3427 ubi
1737 3383 1915 3429 autem

324 3469 515 3527 portus
544 3471 600 3515 et
626 3460 802 3515 littora
831 3462 1204 3532 undecumque
1233 3474 1434 3530 patent,
1457 3480 1579 3519 cum
1607 3480 1797 3536 magna
1830 3481 1918 3520 se-

322 3551 549 3604 curitate
572 3552 837 3621 navigant.
875 3553 1092 3606 Etiamsi
1119 3554 1260 3608 cuitu
1287 3571 1433 3609 mare
1455 3557 1787 3623 aliquantum
1816 3574 1918 3612 sa:-

324 3643 434 3697 vire
490 3643 728 3711 videant,
786 3660 909 3699 cum
960 3646 1012 3698 in
1056 3648 1303 3716 proximo
1353 3648 1612 3719 refugium
1667 3649 1916 3717 habeant,

326 3743 572 3803 prompte
603 3733 863 3805 facileque
888 3747 1110 3805 possunt
1133 3738 1201 3793 ab
1232 3739 1551 3794 instantibus
1576 3743 1829 3811 periculis
1857 3744 1919 3797 li-

228 3814 247 3833 ’
325 3822 517 3877 berari.
553 3823 854 3896 Eapropter
874 3841 978 3880 non
1008 3828 1167 3882 modo
1194 3845 1312 3883 cum
1344 3848 1508 3901 prope
1536 3843 1746 3902 portum
1770 3845 1918 3902 sunt,

323 3913 416 3966 sed
444 3914 656 3968 etiamsi
702 3917 887 3985 procul
932 3919 1060 3985 sint,
1106 3933 1135 3972 a
1179 3921 1295 3975 solo
1323 3933 1507 3990 portus
1548 3935 1765 3993 aspectu
1808 3943 1921 3980 ma-

321 4018 482 4072 gnam
505 4005 925 4062 consolationem
954 4010 1241 4078 accipiunt.
1276 4011 1390 4065 Non
1413 4015 1555 4067 enim
1589 4032 1773 4084 parum
1801 4017 1921 4071 illos

324 4110 572 4150 recreare
620 4098 797 4152 solent
837 4101 1096 4155 montium
1138 4105 1413 4158 cacumina
1446 4108 1628 4173 procul
1676 4108 1806 4173 visa,
1840 4108 1920 4161 fu-

324 4203 445 4241 mus
474 4187 753 4255 exsiliens,
804 4198 859 4245 et
905 4193 1082 4245 orium
1110 4209 1300 4263 greges
1345 4195 1409 4247 ad
1440 4197 1588 4250 littus
1614 4207 1916 4266 pascentes.

324 4275 527 4333 Verum
568 4279 656 4333 ubi
693 4280 757 4333 ad
798 4291 984 4350 portus
1029 4284 1324 4353 ingressum
1356 4287 1710 4357 devenerunt,
1762 4292 1918 4360 plena

325 4368 580 4423 fruuntur
608 4370 813 4424 laetitia.
844 4372 993 4427 Tunc
1020 4376 1161 4429 enim
1193 4387 1247 4429 et
1290 4392 1499 4432 remum
1526 4379 1823 4451 deponunt,
1866 4391 1921 4437 et

322 4475 553 4530 corpora
618 4462 886 4531 salsugine
958 4464 1207 4519 confecta
1261 4469 1579 4535 potabilibus
1648 4472 1921 4528 oblectant

323 4554 497 4621 aquis.
529 4562 582 4607 et
610 4553 675 4607 ad
717 4555 865 4608 littus
902 4557 1123 4626 egressi.
1157 4558 1208 4611 iu
1239 4573 1486 4629 terraque
1530 4563 1686 4616 nudis
1723 4579 1917 4633 corpu-

326 4646 477 4699 ribus
506 4646 835 4715 aliquantum
868 4660 1165 4713 versantes,
1197 4652 1468 4706 nauticum
1510 4669 1670 4709 omne
1702 4656 1917 4710 ttedium

323 4736 620 4805 deponunt.
653 4737 1114 4803 Quemadmodum
1147 4742 1304 4809 igitur
1328 4743 1398 4795 illi
1438 4759 1556 4797 eam
1602 4746 1764 4798 maris
1795 4762 1915 4814 par-

325 4838 433 4883 tem
466 4828 717 4883 libentius
755 4832 1149 4899 amplexantur,
1183 4826 1251 4887 ob
1276 4835 1580 4903 frequentes
1609 4838 1725 4891 illas
1754 4848 1808 4893 et
1832 4854 1918 4892 as-

324 4919 509 4975 siduas
544 4922 908 4977 recreationes
939 4939 952 4976 :
986 4924 1055 4977 ita
1094 4934 1147 4978 et
1181 4940 1281 4995 ego
1309 4925 1445 4981 banc
1470 4929 1595 4982 anni
1629 4940 1919 4997 tempesta-

324 5024 433 5069 tem
472 5016 705 5070 maxime
732 5016 915 5087 diligo,
955 5033 1059 5071 non
1089 5020 1213 5087 quia
1256 5020 1461 5075 liberati
1502 5036 1687 5077 sumus
1720 5024 1917 5089 hieme,

322 5106 587 5176 necquod
622 5116 811 5161 aestate
850 5107 1089 5162 fruamur
1120 5111 1357 5180 zephyro
1402 5112 1636 5166 suaviter
1675 5113 1915 5179 afﬂante,

322 5196 415 5251 sed
445 5197 566 5269 quia
596 5196 786 5250 adsunt
808 5198 1110 5266 spirituales
1140 5210 1342 5269 portus,
1375 5202 1462 5270 qui
1492 5219 1587 5256 nos
1615 5204 1921 5273 frequenter

321 5291 632 5360 excipiunt,
680 5290 798 5344 festi
846 5306 1036 5360 nempe
1080 5301 1392 5347 sanctorum
1434 5307 1731 5365 martyrum
1777 5297 1915 5353 dies.

321 5379 436 5435 Non
476 5379 620 5434 enim
669 5390 859 5450 portus
902 5381 1123 5450 perinde
1174 5393 1381 5447 nautas,
1433 5394 1591 5453 atque
1644 5386 1757 5439 dies
1801 5387 1917 5440 festi

320 5490 629 5536 sanctorum
649 5480 838 5537 ltorum
871 5482 1054 5536 ﬁdeles
1081 5497 1327 5536 recreare
1351 5483 1543 5537 solent.
1572 5484 1695 5538 Illos
1718 5486 1915 5554 quippe

320 5588 349 5626 ι
393 5569 648 5626 lim-tuum
710 5573 909 5642 impetu
958 5582 1013 5627 et
1051 5574 1302 5627 diuturna
1344 5575 1689 5643 remigatioue
1733 5586 1916 5644 portus

321 5664 581 5727 liberant;
613 5664 710 5717 llos
739 5675 918 5719 autem
948 5664 1013 5717 ad
1060 5674 1352 5735 martyrum
1397 5665 1792 5721 soleinnitatem
1825 5684 1910 5721 ac-

382 5780 459 5841 (a)
492 5779 666 5829 «Dilata
692 5793 800 5829 cum
826 5788 929 5830 uss.
956 5778 1247 5829 (Lolbertinis
1268 5780 1359 5829 970
1387 5785 1436 5828 et
1460 5780 1603 5830 5058.

2031 3096 2305 3157 cedentes,
2344 3109 2372 3147 a
2405 3096 2635 3149 violenta
2670 3110 2763 3162 per
2792 3093 3058 3164 malignos
3091 3095 3437 3163 impurosque
3467 3090 3626 3161 spiri-

2029 3194 2132 3245 tus.
2167 3200 2367 3255 perque
2411 3184 2671 3239 absurdus
2700 3185 3054 3255 cogitationes
3094 3185 3147 3238 in
3190 3184 3372 3237 animo
3396 3182 3625 3237 excitata

2028 3285 2373 3346 tempestate,
2410 3286 2719 3330 sanctorum
2759 3276 3016 3330 memoria
3046 3275 3235 3344 eripit.
3263 3273 3390 3329 Sive
3417 3273 3539 3342 quis
3559 3288 3623 3326 ex

2028 3369 2273 3437 publicis,
2306 3366 2420 3422 sive
2463 3383 2527 3421 ex
2558 3368 2777 3436 privatis
2822 3368 3050 3438 negotiis
3092 3380 3327 3421 maerore
3352 3373 3629 3420 contracto

2028 3462 2131 3516 huc
2186 3460 2549 3531 ingrediatur,
2604 3459 2696 3513 illo
2738 3474 2958 3528 prorsus
3011 3459 3256 3529 deposito
3304 3458 3626 3518 revertitur,

2025 3564 2186 3622 atque
2215 3552 2521 3622 expeditior
2544 3552 2814 3621 leviorque
2840 3552 2971 3618 abit,
2997 3568 3104 3606 non
3135 3553 3307 3620 posito
3335 3565 3504 3613 remo,
3531 3563 3628 3601 nec

2028 3647 2226 3700 reliCtis
2254 3645 2655 3714 gubernaCulis,
2688 3645 2780 3699 sed
2810 3660 3035 3699 excussa
3064 3645 3152 3698 illa
3181 3658 3410 3698 onerosa
3444 3642 3623 3694 varia-

2025 3754 2130 3808 que
2176 3737 2448 3793 wettlaris
2493 3739 2722 3793 tristitia.-
2774 3737 3003 3802 sarcina,
3059 3736 3337 3805 multaque
3384 3732 3622 3803 repletus

2026 3833 2188 3886 animi
2236 3832 2439 3886 lmtitia.
2478 3831 2680 3886 llorum
2729 3831 2968 3884 omnium
3005 3845 3098 3883 vos
3142 3838 3306 3883 testes
3337 3828 3490 3889 estis,
3532 3825 3621 3893 qui

2028 3926 2080 3979 in
2110 3924 2497 3980 certaminibus
2539 3924 2679 3977 beati
2727 3923 2967 3976 Barlaam
3015 3921 3130 3975 lteri
3163 3920 3240 3990 (α)
3273 3918 3546 3981 Oblectati,
3576 3926 3630 3971 et

2026 4032 2147 4072 cum
2185 4032 2375 4087 magna
2410 4016 2799 4085 tranquillitate
2825 4015 2876 4068 in
2906 4014 3023 4081 ejus
3048 4021 3257 4083 portum
3289 4011 3620 4073 festinantes,

2028 4110 2362 4163 smcularium
2402 4123 2654 4162 curarum
2699 4105 3021 4177 salsuginem
3051 4105 3317 4168 abluistis,
3346 4114 3506 4173 atque
3534 4118 3629 4156 au-

2026 4200 2152 4255 ditis
2180 4202 2247 4255 de
2296 4202 2388 4254 illo
2431 4202 2795 4267 sermonibus,
2846 4200 2993 4253 leves
3037 4206 3091 4252 et
3131 4196 3365 4266 expediti
3406 4196 3625 4249 domum

2030 4292 2349 4347 recessiStis.
2385 4296 2452 4346 At
2475 4308 2605 4347 ecce
2634 4293 2735 4345 alia
2770 4301 3064 4363 martyrum
3106 4289 3314 4344 accedit
3338 4288 3624 4343 festivitas.

2029 4382 2209 4437 Donec
2240 4382 2400 4451 igitur
2419 4382 2485 4435 ad
2508 4382 2722 4435 illorqu
2748 4390 2959 4450 portum
2987 4380 3338 4450 appellamus,
3372 4394 3470 4448 age
3491 4393 3627 4432 nau-

2029 4484 2108 4529 tas
2139 4476 2443 4541 imitemur;
2476 4485 2531 4531 et
2558 4476 2693 4530 sicut
2738 4476 2811 4529 illi
2857 4474 3165 4545 navigantes
3201 4474 3252 4526 in
3284 4473 3475 4543 pelago
3499 4486 3626 4525 can-

2028 4576 2163 4633 tant,
2198 4578 2355 4621 cantn
2386 4569 2621 4621 laborem
2672 4567 2921 4621 sedantes
2952 4584 2963 4618 :
2999 4566 3068 4618 ita
3110 4571 3165 4618 et
3205 4579 3304 4619 nos
3347 4564 3521 4619 donec
3558 4562 3625 4616 ad

2029 4656 2241 4710 illorum
2271 4666 2482 4725 portum
2513 4656 2869 4726 appellamus,
2910 4655 3217 4725 spirituales
3246 4655 3504 4724 quosdam
3539 4654 3622 4709 in-

2030 4759 2110 4803 ter
2165 4764 2262 4802 nos
2305 4749 2646 4804 conferamus
2692 4764 2992 4813 set-itiones,
3039 4750 3197 4803 beato
3251 4748 3419 4803 Paulo
3464 4748 3621 4818 hujus

2030 4839 2229 4908 pulchri
2268 4840 2516 4908 colloquii
2546 4841 2681 4894 duce
2702 4841 3023 4907 coostituto,
3059 4848 3117 4894 ut
3144 4855 3288 4904 eum,
3322 4854 3422 4908 qua
3449 4838 3624 4907 jusse-

2026 4931 2094 4984 rit
2116 4931 2207 4985 ille
2234 4930 2338 4992 via,
2362 4945 2669 4999 sequamur.
2695 4931 2935 4995 Quanam
2965 4946 3126 4999 porro
3153 4930 3305 4999 sequi
3328 4930 3409 4983 via
3432 4929 3622 4999 jubet?

2028 5024 2129 5077 Per
2162 5023 2429 5077 desertum
2459 5034 2513 5077 et
2548 5039 2641 5091 per
2667 5023 2944 5085 miracula,
2978 5038 3097 5091 qure
3125 5020 3231 5077 illic
3256 5022 3614 5091 cmuigerunt.

2028 5115 2238 5169 Etenim
2264 5115 2488 5171 audiStis
2518 5116 2665 5169 illum
2697 5116 2855 5171 hodie
2878 5114 2956 5169 sic
2976 5116 3296 5170 clamantem
3330 5132 3343 5167 :
3376 5114 3514 5168 Nolo
3538 5131 3622 5168 vos

2026 5206 2278 5275 ignorare,
2322 5206 2526 5274 fratres,
2563 5207 2699 5274 quod
2745 5219 2914 5275 patres
2948 5208 3108 5261 nostri
3144 5224 3315 5261 omnes
3362 5207 3453 5260 sub
3494 5210 3624 5260 nube

2026 5299 2247 5365 fuerunt,
2294 5309 2338 5351 ει
2368 5314 2541 5351 omnes
2580 5315 2669 5368 per
2720 5316 2858 5352 mare
2889 5299 3218 5363 transierunt,
3266 5310 3312 5352 et
3359 5316 3531 5353 omnes
3574 5302 3623 5350 in

2029 5390 2255 5460 Moyscm
2287 5392 2528 5459 baptismi
2559 5399 2695 5457 siml,
2730 5402 2777 5444 ct
2801 5408 2973 5445 omnes
3007 5392 3234 5446 eamdem
3271 5408 3437 5446 escam
3467 5393 3620 5461 spiri-

2026 5482 2211 5533 lualem
2259 5482 2601 5546 comederunt,
2661 5491 2707 5535 et
2759 5498 2931 5536 omnes
2977 5484 3209 5535 eumdem
3260 5492 3432 5552 polum
3469 5483 3622 5550 spiri-

2026 5574 2211 5626 tualcm
2241 5574 2489 5630 ὁιὺεγειηι.
2520 5574 2763 5628 Βίὺεὸαηι
2814 5576 2945 5628 em'm
2996 5577 3059 5628 de
3112 5576 3366 5642 spirituali
3396 5586 3623 5643 sequente

2028 5677 2203 5735 petra;
2232 5679 2372 5733 petra
2400 5678 2566 5720 autem
2605 5678 2711 5720 erat
2740 5668 2990 5723 Christus.
3027 5668 3133 5723 Sed
3173 5686 3271 5720 mm
3310 5670 3362 5721 in
3392 5668 3621 5736 pluribus

2088 5780 2161 5845 (α)
2196 5784 2281 5834 Die
2307 5785 2602 5847 praecedenti
2625 5786 2689 5836 de
2715 5794 2862 5838 Beato
2885 5784 3097 5837 Barlaam
3114 5785 3619 5838 fueratcvnclonatus.
