4088 6576
429 381 541 442 245

423 502 603 548 eorum
655 492 1023 562 beneplacitunr
1044 494 1140 563 fuit
1190 493 1296 547 De.)
1320 508 1339 546 :
1366 491 1607 563 prostrati
1649 491 1779 544 enim
1819 497 1932 542 sunt
1967 488 2019 540 in

438 581 655 637 deserto.
702 578 824 636 Hac
861 592 1029 635 autem
1055 583 1236 653 figure:
1274 582 1435 637 nostri
1464 585 1625 653 fuere,
1655 588 1710 632 ut
1738 594 1841 632 non
1866 578 2023 632 simus

443 674 846 742 concupiscent“
870 673 1140 740 malorum,
1162 676 1291 728 sicut
1315 684 1363 728 et
1382 674 1461 728 illi
1485 671 1913 740 concupiverunt;
1939 685 2026 723 ne-

443 780 539 832 que
561 763 850 819 idololatria
871 765 1051 831 cintus,
1082 766 1209 821 sicut
1239 765 1445 835 quidam
1483 762 1707 823 illorum,
1739 760 1870 814 sicut
1894 760 2023 814 scri-

451 869 598 924 pturn
630 867 746 911 est:
772 856 918 913 Sedit
945 857 1170 924 populus
1197 855 1517 909 manducare
1541 860 1589 907 et
1622 851 1814 918 bibere,
1834 859 1883 905 et
1914 867 2030 906 sur-

455 954 703 1001 rexerunt
736 944 936 999 ludere.
970 943 1153 1013 Neque
1181 944 1520 1014 fornicamur,
1553 941 1932 1010 sicut‘quidam
1961 942 2034 996 il-

454 1036 625 1090 lorum
642 1035 895 1103 fornicati
919 1045 1064 1096 sunt,
1081 1044 1127 1089 et
1153 1034 1448 1087 ceciderunt
1467 1050 1571 1088 uno
1595 1034 1698 1097 die,
1722 1033 1907 1103 viginti
1929 1035 2033 1087 tria

452 1126 646 1183 millia.
668 1124 846 1194 Neque
864 1134 1117 1179 tentemus
1136 1124 1421 1187 Christum,
1440 1126 1576 1178 sicut
1590 1123 1804 1194 quidam
1817 1124 2030 1177 illorum

451 1227 801 1278 tentaverunt,
823 1226 872 1270 et
892 1234 924 1269 a
940 1215 1265 1283 serpentibus
1286 1216 1572 1285 perierunt.
1599 1214 1779 1284 Neque
1798 1230 2031 1267 murmu-

449 1323 648 1370 remus,
667 1308 803 1362 sicut
824 1306 1043 1376 quidam
1065 1307 1279 1360 illorum
1298 1316 1779 1369 murmuraverunt,
1799 1315 1845 1358 et
1868 1305 2032 1374 perie-

449 1408 571 1453 runt
600 1397 665 1452 ab
693 1399 1097 1452 exterminatore
1118 1397 1163 1469 (ί
1193 1397 1316 1452 Cor.
1345 1397 1431 1453 10.
1454 1399 1613 1463 1-10;
1648 1397 1817 1450 Exod.
1844 1395 2023 1465 52.6).

453 1489 717 1545 Videntur
733 1489 954 1560 quidem
986 1489 1099 1544 haec
1120 1489 1409 1545 manifesta
1446 1504 1599 1556 esse;
1620 1489 1715 1543 sed
1737 1489 2027 1559 diligenter

453 1579 855 1635 advertentibus
901 1579 1287 1635 dubitationem
1328 1579 1555 1636 afferunt
1599 1593 1706 1635 non
1744 1578 2040 1649 vulgarem.

456 1669 666 1727 Etenim
694 1671 866 1743 primo
893 1673 1176 1743 quaeritur,
1202 1687 1298 1728 cur
1324 1680 1535 1727 veteres
1573 1679 1837 1727 memoret
1873 1669 2043 1725 histo-

453 1762 561 1817 rias
586 1778 601 1816 :
630 1772 687 1817 et
724 1777 829 1833 qua
866 1763 1266 1833 consequentia,
1308 1778 1430 1817 cum
1476 1761 1544 1817 de
1594 1762 1659 1815 iis
1700 1760 2042 1832 disputasset,

452 1866 574 1920 quae
602 1850 757 1905 idolis
784 1860 908 1906 sunt
933 1852 1226 1919 immolata,
1258 1852 1311 1906 in
1340 1850 1478 1905 hanc
1515 1850 1759 1905 inciderit
1783 1850 2044 1905 narratio-

456 1956 601 2007 nem,
630 1956 691 1994 ea
719 1940 949 1997 all‘erens
972 1944 1023 1996 in
1053 1944 1306 2009 medium,
1336 1958 1456 2012 qua:
1483 1943 1533 1995 in
1566 1942 1782 1995 deserto
1810 1940 2047 2009 contige-

455 2040 598 2087 runt.
628 2031 812 2103 Neque
838 2033 983 2089 enim
1026 2042 1228 2089 temere
1264 2032 1348 2087 vel
1400 2030 1619 2087 fortuito
1654 2045 1783 2086 casu
1834 2039 2048 2086 sanctus

456 2125 550 2178 ille
574 2123 828 2194 loquitur,
867 2125 962 2179 sed
996 2140 1117 2180 cum
1150 2140 1340 2195 magna
1366 2126 1768 2194 consequentia,
1808 2133 1861 2179 et
1885 2138 2049 2179 aecu-

456 2223 626 2270 ratam
672 2230 888 2284 semper
939 2225 1115 2270 servat
1163 2215 1429 2270 dictorum
1475 2216 1899 2270 consonantiam.
1944 2214 2052 2269 Cur

457 2322 586 2378 ergo
624 2316 679 2363 et
716 2307 858 2362 unde
892 2308 943 2362 in
988 2308 1125 2362 hanc
1155 2308 1339 2362 incidit
1391 2307 1703 2361 historiam?
1739 2306 2051 2375 lncrepabat

458 2421 573 2474 eos,
591 2408 683 2474 qui
708 2412 908 2460 temere
939 2411 993 2457 et
1016 2402 1131 2457 sine
1148 2406 1394 2457 examine
1417 2400 1481 2454 ad
1506 2400 1643 2454 idola
1674 2398 2048 2469 ingredieban-

461 2510 567 2565 tur,
602 2496 776 2566 deque
815 2499 1016 2569 polluta
1053 2512 1241 2555 mensa
1266 2493 1643 2566 dcgustabant,
1692 2501 1849 2561 atque
1877 2490 2049 2546 idolo-

460 2592 610 2663 thyla
660 2591 1038 2662 contingebant
1065 2611 1077 2645 :
1108 2601 1159 2646 et
1205 2606 1326 2646 cum
1374 2586 1695 2645 ostendisset
1731 2587 1881 2656 ipsos
1917 2583 2054 2641 hinc

461 2678 660 2748 duplici
680 2680 875 2735 damno
905 2681 1066 2748 afﬁci,
1097 2697 1216 2737 cum
1247 2690 1302 2735 et
1346 2680 1570 2734 inﬁrmis
1616 2678 1934 2733 oll‘endiculo
1962 2694 2049 2735 es-

463 2780 602 2835 sent,
636 2782 695 2848 et,
717 2772 815 2842 ipsi
848 2772 1149 2826 dmmonum
1177 2772 1458 2842 participes
1485 2779 1665 2825 essent
1691 2784 1706 2823 :
1730 2780 1783 2824 et
1810 2782 2055 2837 eum‘per

463 2861 717 2929 praedicta
763 2863 893 2917 satis
921 2863 1128 2917 illorum
1142 2865 1350 2917 animos
1378 2862 1723 2927 coercuisset,
1748 2862 2047 2918 docuisset-

463 2966 589 3020 que,
620 2961 871 3020 0portere
897 2953 1106 3009 ﬁdelem
1130 2970 1241 3008 non
1285 2970 1378 3008 sua
1406 2963 1607 3008 tantum
1635 2953 1922 3023 respicere,
1960 2953 2053 3007 sed

466 3041 625 3094 etiam
662 3057 746 3105 ea,
776 3059 894 3111 quze
939 3045 1166 3098 aliorum
1209 3045 1496 3099 multorum
1534 3057 1675 3109 sunt,
1712 3045 1896 3099 volens
1926 3044 2055 3113 ipsis

469 3130 713 3186 timorem
738 3133 956 3199 addere,
986 3143 1195 3189 veteres
1220 3134 1469 3190 historias
1492 3144 1893 3189 commemorat.
1923 3136 2056 3202 Quia

468 3226 609 3280 enim
638 3225 714 3280 illi
736 3226 900 3280 altum
926 3228 1223 3297 sapiebant,
1253 3236 1436 3297 utpote
1464 3226 1670 3293 ﬁdeles,
1705 3237 1758 3281 et
1782 3227 1849 3281 ab
1874 3242 2057 3282 errore

470 3315 700 3380 liberati,
744 3324 904 3386 atque
948 3319 1224 3372 scientiam
1270 3318 1561 3387 assequuti,
1612 3326 1665 3371 et
1709 3316 2053 3372 incll'abilium

472 3406 847 3477 mysteriorum
886 3409 1171 3477 participes
1207 3408 1402 3471 effecti,
1440 3408 1509 3462 ad
1538 3423 1870 3478 regnumque
1894 3408 2058 3463 cario-

471 3512 590 3551 rum
619 3499 787 3552 vocati
821 3499 1141 3575 :rdeclarare
1162 3501 1345 3554 volens
1369 3514 1555 3554 eorum
1587 3500 1786 3554 nullam
1815 3516 1937 3555 esse
1956 3502 2064 3555 uti-

472 3588 690 3654 litatem,
742 3590 841 3643 nisi
882 3590 1095 3644 adesset
1141 3591 1247 3645 vita
1282 3599 1439 3645 tanta:
1484 3591 1668 3662 gratias
1709 3604 1968 3658 consona,
1994 3607 2061 3648 ex

474 3684 641 3738 veteri
672 3683 890 3737 historia
914 3684 1059 3753 ipsos
1086 3683 1281 3738 erudit.

549 3771 604 3826 2.
633 3771 737 3827 Cur
763 3772 961 3827 Paulus
999 3774 1062 3827 de
1100 3776 1259 3843 prunis
1288 3784 1609 3853 peccatorum
1631 3775 1839 3844 loquens
1876 3774 2063 3831 Veteris

477 3861 782 3918 Testamenti
821 3866 980 3919 verbis
1022 3874 1195 3919 utatur
1224 3867 1391 3935 potius
1426 3882 1579 3937 quant
1608 3866 1762 3921 Novi.
1788 3864 2061 3921 Prwtert'ta

474 3962 612 4025 gesta
631 3953 919 4023 futurarum
947 3956 1352 4024 praedictionibus
1377 3957 1528 4026 ﬁdem
1550 3958 1762 4028 faciunt.
1780 3986 1853 3997 —-
1871 3959 1940 4011 At
1962 3957 2063 4013 hoc

479 4043 648 4109 ipsum
698 4045 895 4098 multas
939 4045 1313 4115 complectitur
1358 4048 1699 4115 qumstioncs.
1731 4046 1837 4101 Cur
1861 4062 1967 4102 non
1997 4064 2061 4102 ex

478 4133 655 4189 verbis
679 4134 873 4189 Christi
894 4138 947 4192 in
969 4137 1258 4211 Evangelia
1280 4137 1467 4206 positis
1486 4152 1608 4191 eum
1636 4136 1763 4205 ipsis
1783 4135 2020 4205 diaputet
2042 4138 2067 4191 ἰ’

479 4238 575 4277 cur
597 4239 701 4278 non
722 4223 1022 4295 gehennam
1050 4235 1331 4290 memoret,
1362 4241 1466 4279 non
1486 4225 1732 4280 tenebras
1748 4229 2064 4293 exteriores,

482 4329 586 4369 non
612 4324 932 4371 venenatum
958 4332 1191 4372 vermem
1210 4356 1226 4382 ,
1268 4334 1374 4372 non
1406 4318 1615 4373 vincula
1640 4327 1895 4389 perpetua
1916 4360 1930 4383 ,
1960 4334 2067 4374 non

481 4406 655 4475 ignem
684 4415 924 4475 paratum
950 4405 1163 4461 diabolo
1188 4416 1243 4461 et
1269 4407 1471 4477 angelis
1490 4408 1626 4478 ejus,
1643 4422 1750 4462 non
1776 4407 2068 4462 stridorem

483 4497 719 4551 dentium
741 4538 755 4561 ,
785 4507 837 4552 et
864 4497 964 4551 alia
993 4497 1368 4552 inenarrabilis
1391 4497 1688 4568 supplicia?
1711 4496 1767 4553 Si
1794 4499 1934 4552 enim
1964 4508 2069 4553 ter-

482 4602 603 4643 rere
626 4587 819 4651 voluit,
846 4602 874 4641 a
901 4588 1236 4658 gravioribus
1261 4588 1313 4643 id
1339 4586 1641 4643 faciendum
1670 4590 1934 4658 oportuit,
1961 4603 2067 4644 non

483 4684 662 4733 autem
689 4677 757 4733 ab
782 4678 847 4733 iis
865 4720 882 4744 ,
907 4694 1027 4747 quae
1070 4680 1124 4733 in
1153 4678 1368 4734 deserto
1391 4679 1748 4749 contigerunt.
1779 4677 1859 4733 Illi
1888 4679 2030 4735 enim
2050 4720 2067 4746 ,

480 4768 693 4826 etiamsi
724 4770 863 4840 plexi
894 4772 1031 4836 sint,
1064 4776 1121 4825 at
1160 4770 1372 4826 mitiore
1421 4780 1477 4825 et
1514 4779 1858 4841 temperance
1882 4782 2067 4839 pinna,

481 4871 640 4930 atque
669 4874 770 4915 una
799 4869 1002 4916 tantum
1029 4860 1219 4927 die;hi
1250 4870 1430 4917 autem
1448 4861 1732 4917 immortali
1754 4875 1819 4917 ac
1836 4860 2066 4931 graviori

479 4960 608 5007 sunt
633 4952 897 5022 supplicio
922 4952 1211 5021 plectendi.
1250 4952 1359 5009 Cur
1377 4969 1506 5025 ergo
1532 4954 1653 5008 illos
1684 4970 1788 5007 non
1822 4968 1886 5006 ex
1924 4952 2069 5009 hisce

484 5042 706 5108 terruit,
736 5057 909 5112 neque
933 5042 1132 5097 Christi
1171 5043 1310 5098 dicta
1353 5044 1792 5099 couuuemoravit
1816 5045 1840 5097 ?
1860 5043 2075 5098 Poterat

484 5134 630 5189 enim
660 5133 767 5189 illis
807 5133 1023 5200 dicere,
1068 5118 1204 5191 Nolo
1233 5150 1328 5191 vos
1372 5137 1618 5206 ignorare
1637 5178 1653 5202 ,
1685 5135 1875 5191 fratres
1899 5175 1914 5200 ,
1943 5151 2075 5205 quas

488 5228 632 5297 leges
661 5224 907 5281 Christus
933 5226 1171 5297 posuerit
1199 5227 1283 5293 iis,
1326 5228 1415 5297 qui
1462 5242 1583 5282 cum
1613 5228 1770 5285 iidem
1813 5225 2073 5291 habeant,

486 5317 650 5372 vitam
698 5325 879 5372 tamen
930 5318 1188 5387 optimam
1236 5332 1343 5372 non
1390 5316 1665 5373 exhibent.
1726 5318 1937 5372 Etenim
1982 5330 2074 5371 eos

488 5406 681 5470 etiam,
729 5408 821 5477 qui
869 5407 1123 5463 miracula
1176 5408 1461 5479 patrabant
1496 5418 1551 5464 et
1595 5408 1888 5479 prophetia:
1932 5408 2075 5463 dono

491 5498 761 5569 fulgebant
780 5539 797 5565 ,
828 5500 1053 5555 exclusit
1078 5515 1110 5555 ι
1154 5515 1320 5572 regno
1340 5501 1630 5568 crelorum,
1657 5501 1841 5557 dicens
1876 5519 1890 5555 :
1923 5500 2074 5554 Multi

486 5593 653 5647 dicent
674 5591 799 5645 milii
822 5592 877 5646 in
897 5592 981 5646 die
997 5592 1121 5661 illa,
1154 5593 1400 5662 Domine,
1429 5594 1677 5659 Domine,
1706 5611 1872 5649 nonne
1896 5595 1949 5647 in
1978 5610 2070 5648 no-

491 5685 625 5738 mine
648 5693 732 5738 tuo
753 5685 1004 5738 damonia
1022 5684 1259 5756 ejecimtts
1281 5728 1294 5747 ,
1318 5697 1363 5741 et
1391 5689 1443 5741 in
1465 5688 1667 5741 nomine
1690 5698 1775 5740 tuo
1798 5686 2070 5757 propheta-

492 5775 760 5859 vimus,et
785 5776 1001 5831 virtutes
1032 5776 1227 5834 multas
1242 5775 1506 5846 fecimus?
1536 5778 1603 5834 Et
1630 5789 1753 5833 tunc
1784 5779 2067 5850 conﬁtebor

1142 377 1177 435 ε
1237 374 1520 435 JOANNIS
1556 342 2030 431 CHRYSOSTOMI
2069 375 2389 438 Attamen.
2430 372 2978 435 CONS‘I‘ANTINOP.

3604 367 3712 425 ΞΗ

2128 496 2225 560 eis,
2246 492 2484 549 Recedite
2505 510 2537 546 a
2556 508 2655 553 me,
2677 506 2780 545 non
2804 488 2922 543 novi
2954 503 3066 551 vos,
3088 489 3181 557 qui
3204 483 3500 555 operamini
3518 484 3715 537 iniusti-

2136 594 2295 639 tatent
2331 584 2543 653 (Matth.
2569 581 2731 638 7.22.
2753 579 2868 649 25).
2902 576 2967 631 Et
2990 577 3231 648 virgines
3251 588 3474 646 quoque
3505 587 3613 626 non
3645 570 3717 625 de

2127 676 2234 731 ﬁde
2254 684 2307 731 et
2326 675 2677 745 dogmatibus
2700 685 2959 743 arguens.
2978 669 3075 725 sed
3109 667 3179 724 de
3212 680 3471 738 perversa
3504 664 3639 726 vita,
3660 670 3717 718 et

2126 768 2531 823 inhumanitate
2553 773 2608 820 et
2630 764 2981 827 crudelitate,
3003 756 3241 816 exclusit
3273 775 3304 813 e
3333 757 3577 811 thalamo
3606 768 3713 808 nu-

2124 859 2277 932 ptiali
2297 857 2518 932 (Matth.
2536 856 2631 911 25.
2660 854 2883 923 10-12);
2910 854 3065 907 illum
3088 865 3220 905 vero
3239 848 3332 918 qui
3355 846 3598 901 sordidis
3624 845 3717 898 ina

2134 952 2295 1008 dutus
2323 957 2443 1003 erat
2464 948 2703 1003 vestibus
2721 988 2736 1013 ,
2778 948 2902 1002 ideo
2930 946 3165 1001 vinctum
3206 941 3364 1014 eiecit
3395 940 3612 1012 (Matth.
3637 937 3733 993 22.

2137 1042 2194 1095 ll
2228 1069 2257 1081 -
2284 1040 2377 1109 l5)
2409 1055 2423 1093 :
2454 1052 2560 1093 non
2584 1037 2728 1108 quod
2754 1037 3003 1107 dogmata
3025 1044 3170 1091 recta
3208 1048 3317 1089 non
3371 1040 3609 1097 teneret,
3638 1028 3739 1085 sed

2134 1130 2278 1200 quod
2297 1130 2461 1185 vitam
2493 1129 2765 1185 sordidam
2790 1140 2844 1184 et
2873 1129 3136 1196 impuram
3161 1125 3390 1196 egisset;
3420 1124 3542 1178 illos
3568 1122 3695 1176 item
3720 1160 3738 1186 ,

2136 1237 2271 1292 quos
2300 1220 2491 1276 abduci
2517 1220 2678 1290 jussit
2706 1221 2755 1273 in
2786 1220 2963 1289 ignem
2999 1225 3241 1287 paratum
3267 1213 3479 1269 diabolo
3505 1222 3559 1267 et
3582 1226 3743 1281 ange-

2139 1313 2206 1367 lis
2248 1312 2365 1381 ejus
2405 1309 2621 1380 (Mattlt.
2651 1309 2743 1365 25.
2801 1308 2918 1379 4|),
2972 1323 3076 1361 non
3109 1315 3390 1374 propterea
3422 1302 3513 1357 illo
3557 1302 3741 1365 misit,

2141 1402 2283 1472 quod
2321 1417 2353 1456 a
2405 1401 2511 1457 tlde
2553 1400 2915 1463 excidissent,
2958 1396 3051 1451 sed
3079 1394 3221 1466 quod
3266 1394 3461 1466 nullius
3487 1405 3744 1461 umquam

2144 1493 2351 1550 nﬁserti
2380 1502 2584 1549 essent.
2620 1491 2748 1547 Bazc
2791 1488 2972 1544 omnia
3011 1497 3067 1543 et
3090 1485 3285 1541 similia
3312 1493 3749 1539 commemorare

2145 1594 2374 1656 poterat,
2402 1599 2465 1639 ac
2487 1584 2668 1639 dicere
2688 1623 2703 1647 ,
2732 1580 2869 1635 Nolo
2916 1593 3015 1634 vos
3062 1578 3311 1647 ignorare
3335 1616 3351 1640 ,
3384 1575 3611 1637 fratres,
3646 1572 3749 1626 hos

2146 1689 2335 1732 omnes
2362 1675 2683 1746 baptismum
2707 1685 2828 1727 esse
2865 1676 3225 1739 consequutus
3260 1673 3317 1722 et
3363 1665 3750 1737 mysteriorum

2151 1767 2433 1838 participes
2455 1762 2678 1821 ell‘ectos
2694 1804 2707 1827 ,
2736 1761 2958 1815 multam
3002 1757 3317 1814 exhibuisse
3340 1755 3502 1810 (idem
3522 1796 3540 1821 ,
3565 1754 3752 1808 scicn-

2150 1861 2277 1915 tiam
2307 1859 2557 1915 habuisse
2587 1854 2880 1927 perfectam
2900 1870 2916 1919 ;
2937 1852 3033 1907 sed
3059 1851 3182 1922 quia
3211 1850 3373 1903 vitam
3404 1847 3527 1903 ﬁdei
3549 1860 3753 1901 conso-

2153 1955 2273 2008 nam
2307 1968 2413 2008 non
2442 1952 2818 2017 instituerunt,
2843 1964 2876 2004 a
2905 1960 3071 2017 regno
3091 1944 3383 2007 exclusos,
3414 1951 3469 1995 et
3488 1939 3605 2010 igni
3639 1951 3754 1992 tra-

2151 2047 2291 2100 ditos
2321 2045 2503 2100 fuisse.
2543 2043 2653 2099 Cur
2690 2055 2821 2111 ergo
2850 2038 2966 2093 hzec
3004 2051 3110 2091 non
3136 2034 3298 2099 dixit,
3334 2032 3429 2087 sed
3458 2032 3543 2085 his
3572 2028 3758 2084 missis

2153 2134 2405 2190 omnibus
2426 2176 2441 2200 ,
2473 2134 2553 2188 sic
2578 2133 2830 2202 loquutus
2859 2136 2974 2183 est:
3010 2124 3149 2179 Nolo
3175 2133 3342 2177 autem
3367 2138 3452 2176 vos
3482 2122 3755 2191 ignorare,

2154 2231 2359 2297 fratres,
2387 2223 2524 2295 quod
2550 2232 2718 2293 patres
2746 2218 2903 2275 nostri
2929 2232 3101 2271 omnes
3138 2215 3229 2269 sub
3269 2210 3398 2266 nube
3424 2216 3628 2282 [uerunt
3647 2250 3664 2275 ,
3698 2216 3758 2262 et

2156 2332 2215 2371 ea
2249 2327 2711 2377 commemorans,
2739 2326 2859 2379 quae
2889 2307 2956 2362 ad
2984 2306 3223 2377 Moysem
3252 2302 3565 2373 spectabant
3586 2340 3602 2366 ,
3634 2312 3760 2369 qua:

2158 2409 2223 2462 ad
2252 2409 2475 2479 gratiam
2505 2402 2849 2475 pertinebant
2877 2398 3088 2455 tacuit?
3115 2396 3233 2452 Non
3262 2405 3469 2451 temere
3498 2408 3598 2448 nec
3638 2394 3761 2447 sine

2159 2511 2320 2550 causa
2350 2496 2428 2551 sic
2452 2495 2593 2563 agit;
2627 2492 2795 2548 multa
2832 2489 3029 2561 quippe
3072 2485 3333 2556 sapientia
3382 2484 3571 2551 plenus
3620 2491 3759 2537 erat.

2158 2586 2263 2643 Sed
2295 2600 2387 2641 cur
2410 2621 2425 2646 ,
2448 2596 2530 2666 ,ει
2574 2592 2795 2653 propter
2814 2581 2941 2651 quid
2976 2580 2999 2632 ἲ
3031 2578 3244 2633 Duabus
3266 2576 3417 2630 hisee
3445 2574 3514 2629 de
3540 2575 3758 2638 causis;

2161 2688 2217 2737 ut
2245 2663 2501 2738 videlicet
2529 2675 2650 2728 illos
2679 2680 2949 2743 tangeret,
2978 2667 3252 2734 simul.;ue
3276 2663 3615 2733 ostenderet,
3645 2681 3765 2725 ma-

2157 2787 2315 2843 gnam
2340 2785 2461 2826 esse
2492 2768 2866 2838 cognationem
2896 2765 3061 2820 Vetus
3088 2764 3228 2819 inter
3246 2773 3300 2820 et
3331 2762 3535 2817 Novum
3566 2763 3762 2816 Testa-

2161 2870 2422 2917 mentum.
2455 2860 2718 2927 Quoniam
2743 2859 2889 2913 enim
2922 2854 3076 2908 multi
3104 2863 3258 2919 sunt,
3305 2854 3394 2923 qui
3436 2868 3534 2907 nec
3558 2852 3765 2922 gehen-

2162 2971 2286 3010 nam
2309 2969 2407 3008 nec
2428 2951 2748 3023 supplicium
2767 2964 2887 3003 esse
2916 2955 3132 3017 putant,
3162 2946 3254 3000 sed
3284 2954 3563 2997 autumant
3590 2944 3763 2997 Deum

2161 3046 2514 3114 simpliciter,
2560 3052 2619 3097 ut
2660 3052 2860 3096 metum
2892 3049 2945 3093 et
3000 3038 3406 3107 temperantiam
3451 3036 3761 3100 induceret,

2163 3136 2279 3191 haec
2306 3137 2685 3190 comminatum
2708 3147 2859 3194 esse,
2888 3143 3127 3183 vermem
3158 3128 3552 3193 immortalem,
3583 3128 3763 3197 ignem

2166 3224 2687 3295 inexstinguibilem;
2718 3222 2967 3277 tenebras
2996 3219 3328 3285 exteriores,
3362 3218 3455 3273 sed
3484 3234 3590 3273 non
3640 3232 3768 3287 pos-

2164 3326 2288 3373 sunt
2335 3315 2622 3387 praeteritis
2679 3313 2839 3368 iidem
2869 3326 3086 3383 negare.
3119 3310 3253 3365 Nam
3272 3327 3393 3381 qua:
3434 3311 3570 3364 iacta
3602 3319 3764 3375 sunt,

2166 3427 2274 3482 quo
2322 3419 2476 3481 pacto
2530 3407 2650 3477 quis
2707 3406 2887 3461 dicere
2926 3404 3101 3475 possit
3148 3418 3255 3458 non
3303 3402 3439 3457 facta
3479 3402 3653 3457 esse?
3697 3401 3769 3456 Iis

2165 3506 2365 3575 quippe
2393 3518 2512 3571 qua:
2542 3516 2650 3556 non
2683 3500 2816 3565 visa,
2848 3513 2945 3553 nec
2973 3499 3023 3552 in
3056 3510 3191 3567 opus
3221 3495 3409 3551 educta
3430 3504 3583 3557 sunt,
3608 3494 3765 3548 multi

2166 3611 2272 3649 non
2302 3593 2564 3658 credunt;
2594 3593 2657 3647 iis
2685 3600 2861 3645 autem
2886 3605 3005 3659 quae
3036 3587 3171 3643 facta
3211 3594 3337 3641 sunt
3356 3627 3371 3652 ,
3418 3595 3474 3640 et
3501 3585 3567 3639 ad
3602 3586 3767 3640 linem

2166 3686 2416 3752 deducta,
2449 3682 2789 3754 quantumvis
2815 3694 3102 3751 perversus
3131 3686 3186 3732 et
3210 3676 3486 3747 improbus
3510 3676 3629 3747 quis
3652 3673 3771 3731 fue-

2168 3780 2267 3847 rit,
2301 3794 2369 3835 ne
2407 3776 2623 3849 quidem
2652 3777 2697 3831 si
2721 3774 2883 3841 velit,
2916 3773 3113 3844 poterit
3146 3770 3307 3826 ﬁdem
3334 3784 3549 3839 negare.
3594 3768 3677 3825 Ab
3703 3769 3771 3823 iis

2168 3886 2298 3941 ergo
2318 3911 2331 3937 ,
2378 3885 2497 3941 quae
2524 3872 2577 3923 in
2607 3867 2857 3924 conlesso
2893 3864 3033 3935 apud
3062 3879 3251 3920 omnes
3287 3872 3444 3929 sunt,
3476 3870 3663 3933 utpote
3692 3860 3773 3915 ia-

2170 3972 2257 4017 cta
2282 4003 2294 4025 ,
2321 3975 2545 4030 quorum
2582 3958 2742 4013 etiam
2770 3956 3007 4025 reliquitc
3037 3963 3288 4019 manent,
3332 3952 3447 4007 vult
3471 3968 3565 4007 eos
3590 3951 3658 4007 de
3682 3967 3772 4006 re-

2172 4060 2259 4105 cto
2293 4051 2382 4105 Dei
2417 4050 2617 4120 judicio
2647 4047 2762 4103 ﬁeri
2792 4046 3087 4109 certiores;
3117 4060 3180 4099 ac
3208 4044 3253 4099 si
3280 4042 3488 4099 diceret
3522 4059 3535 4095 :
3577 4041 3632 4097 Si
3661 4056 3772 4097 non

2172 4152 2328 4214 putas
2346 4157 2466 4198 esse
2489 4141 2787 4212 gehennam
2803 4181 2817 4204 ,
2865 4153 3039 4208 neque
3064 4150 3275 4206 poenam
3295 4175 3312 4199 ,
3360 4149 3535 4205 neque
3563 4132 3773 4204 suppli-

2176 4234 2315 4289 cium
2334 4275 2351 4300 ,
2383 4232 2481 4289 sed
2506 4233 2673 4287 Deum
2704 4229 2902 4285 frustra
2926 4228 3307 4283 comminatum
3329 4240 3450 4281 esse
3466 4266 3481 4293 ,
3502 4225 3772 4295 prmterita

2176 4338 2456 4397 repetens,
2504 4325 2694 4380 futuris
2738 4325 2899 4379 etiam
2948 4320 3130 4377 crede.
3164 4318 3223 4375 Si
3250 4319 3394 4374 enim
3440 4319 3485 4373 is
3528 4319 3646 4387 ipse
3689 4325 3776 4373 est

2179 4417 2318 4473 Deus
2338 4459 2352 4483 ,
2383 4418 2470 4487 qui
2501 4426 2555 4471 et
2590 4415 2855 4485 praeterita
2893 4421 2947 4467 et
2972 4411 3251 4481 pra:sentia
3280 4409 3589 4479 dispensat;
3619 4408 3775 4463 item-

2178 4524 2281 4580 que
2310 4524 2373 4565 ea
2400 4524 2518 4579 quae
2545 4508 2643 4561 sub
2670 4504 2850 4561 Veteri
2885 4504 3048 4573 Lege,
3077 4511 3133 4557 et
3158 4516 3220 4555 ea
3249 4515 3369 4570 qua
3400 4499 3453 4553 in
3479 4506 3619 4553 statu
3648 4514 3774 4568 gra-

2178 4602 2301 4667 tim,
2332 4602 2472 4656 sicut
2509 4613 2696 4655 revera
2740 4598 2881 4652 idem
2909 4604 2963 4650 et
2989 4594 3104 4665 ipse
3124 4604 3204 4649 est
3225 4632 3242 4660 ,
3274 4606 3378 4662 qua
3415 4590 3625 4645 ratione
3654 4590 3775 4644 illos

2180 4693 2401 4767 quidem
2454 4698 2741 4763 peccantes
2765 4685 3043 4756 castigavit
3070 4694 3125 4740 et
3166 4682 3343 4753 pcenis
3369 4679 3628 4750 subjecit,
3676 4693 3777 4735 nos

2178 4803 2306 4843 vero
2327 4785 2414 4855 qui
2438 4784 2615 4855 paria,
2636 4782 2745 4836 imo
2776 4780 2945 4833 multo
2970 4776 3213 4848 graviora
3246 4772 3598 4840 admisimus,
3632 4770 3778 4827 inul-

2181 4887 2265 4933 tos
2290 4876 2521 4932 dimittet
2539 4876 2563 4929 ‘i
2579 4876 2772 4941 Quaero
2793 4871 2974 4944 igitur,
2998 4883 3177 4924 annon
3198 4866 3368 4923 Judtei
3385 4863 3632 4930 fornicati
3652 4872 3780 4920 sunt

2180 4981 2235 5027 et
2276 4969 2417 5040 plexi
2459 4968 2625 5022 sunt?
2652 4979 2829 5019 annon
2875 4965 3379 5025 murmuraverunt,
3417 4966 3473 5012 et
3515 4954 3780 5040 supplicio

2182 5039 2306 5118 sunt
2332 5060 2506 5116 ηπεοιί
2531 5059 2556 5113 ?
2580 5056 2637 5113 Id
2667 5055 2910 5113 conﬁteri
2953 5066 3175 5108 necesse
3200 5059 3301 5106 est.
3343 5039 3625 5115 Quomodo
3649 5060 3781 5115 ergo

2181 5156 2271 5226 qui
2301 5155 2425 5209 illos
2468 5150 2647 5207 aliccit
2670 5164 2824 5219 poena
2846 5189 2860 5212 ,
2890 5158 2942 5202 te
2973 5146 3120 5216 paria
3142 5158 3331 5198 ausum
3354 5139 3647 5211 prtnteribit
3676 5137 3777 5193 Hd

2184 5263 2311 5303 sane
2334 5261 2439 5301 non
2472 5254 2555 5300 est
2584 5241 2775 5298 rationi
2824 5237 3179 5295 eonsonum‘.
3215 5236 3283 5290 At
3333 5235 3422 5289 hic
3450 5248 3553 5287 non
3584 5230 3780 5287 dedisti

2186 5336 2421 5406 pinnas?
2458 5335 2585 5391 ldco
2633 5331 2867 5387 maxime
2908 5328 3067 5385 crede
3117 5326 3420 5397 gehennam
3471 5337 3591 5378 esse
3618 5332 3781 5391 atque

2183 5430 2504 5500 supplicium
2527 5471 2542 5496 ,
2576 5427 2696 5497 quia
2744 5424 2829 5479 hic
2869 5438 2977 5478 non
3032 5420 3227 5478 dedisti
3261 5433 3465 5489 poenas.
3499 5415 3611 5472 Nisi
3634 5414 3777 5470 enim

2186 5522 2411 5595 posthac
2451 5520 2665 5593 aliquod
2713 5516 3035 5588 supplicium
3083 5514 3318 5569 futurum
3359 5520 3543 5577 esset,
3577 5522 3779 5579 nequa-

2248 5658 2268 5690 ί
2302 5660 2443 5707 ἓιινὶι.
2469 5670 2520 5706 ιιι
2541 5656 2765 5719 margine
2788 5654 2895 5704 haec
2918 5648 3218 5719 addit,__illos
3240 5648 3439 5712 qnidem
3462 5651 3656 5719 propter
3676 5656 3779 5719 pecs

2248 5658 2268 5690 ί
2302 5660 2443 5707 ἓιινὶι.
2469 5670 2520 5706 ιιι
2541 5658 2765 5719 margine
2789 5658 2895 5704 haec
2918 5658 3071 5765 addit3
3108 5658 3218 5701 tuos
3240 5658 3439 5712 Quietem
3462 5658 3656 5709 propter
3676 5658 3779 5718 pec-

2186 5727 2293 5769 cata
2317 5720 2542 5783 plectere.
2565 5732 2650 5783 nos
2669 5730 2781 5768 vero
2802 5728 3021 5780 quamvis
3073 5711 3247 5764 (lorum
3260 5723 3371 5775 qua:
3391 5710 3539 5760 multo
3559 5717 3791 5772 graviora

2185 5790 2292 5834 sunt
2318 5781 2427 5835 reos
2449 5793 2540 5833 non
2563 5781 2790 5845 plectere.
