4088 6426
325 304 440 362 215

329 441 493 498 quam
520 421 708 482 eadem
725 439 845 495 quae
863 421 937 477 illi
962 421 1167 493 priores
1191 436 1376 485 ausus,
1402 419 1603 475 inultus
1622 418 1933 473 mansisses.

332 520 413 574 'l'u
451 533 583 589 ergo
619 517 665 572 si
689 515 997 588 quempiam
1027 511 1449 583 deprehenderis
1476 511 1693 566 mollem
1712 551 1727 576 ,
1758 509 1937 564 disso-

334 611 542 674 lutum,
572 607 902 676 multamque
952 604 1229 660 lasciviam
1260 603 1644 669 exhibentem,
1677 601 1766 672 qui
1796 599 1942 656 dicat

335 700 461 767 tibi,
515 699 642 755 l'la‘c
683 707 810 752 sunt
859 696 1085 762 fabulas;
1131 711 1238 752 non
1269 705 1354 751 est
1382 695 1736 766 supplicium,
1766 707 1940 763 neque

335 794 618 863 gehenna,
649 791 742 847 sed
774 791 918 846 Deus
962 789 1079 846 haec
1105 790 1301 846 frustra
1335 787 1568 844 terrendi
1598 801 1758 843 causa
1787 801 1941 842 com-

335 887 570 942 minatus
599 893 713 949 est,
759 883 1028 954 responde
1072 883 1148 938 illi
1178 901 1191 938 :
1225 882 1433 947 Homo,
1459 896 1565 935 non
1592 880 1768 936 credis
1798 879 1941 934 fulu-

333 979 448 1045 ris,
489 978 616 1048 quia
643 990 749 1030 non
782 985 1073 1046 apparent,
1099 989 1273 1045 neque
1298 974 1350 1028 in
1377 974 1556 1028 medio
1579 973 1662 1027 vel
1688 971 1788 1028 sub
1809 986 1941 1027 ocu-

337 1067 406 1124 lis
434 1077 561 1123 suut
589 1066 874 1122 constituta
905 1081 919 1120 :
945 1080 1074 1120 num
1103 1074 1256 1136 potes
1285 1063 1444 1119 fidem
1473 1078 1669 1134 negare
1691 1063 1757 1117 iis
1775 1103 1790 1127 ,
1823 1077 1942 1132 qua:

336 1159 476 1214 facta
507 1158 791 1228 linemque’
805 1158 995 1212 sortita
1024 1157 1196 1212 sunt?
1220 1155 1408 1226 Cogita
1437 1154 1728 1212 Sodomam
1755 1163 1810 1210 ct
1837 1154 1946 1210 Gu-

337 1249 797 1320 tnmbam.Regio
824 1249 914 1304 illa
963 1249 1107 1304 nulla
1137 1249 1238 1303 alia
1265 1249 1334 1305 de
1372 1264 1532 1304 causa
1582 1259 1758 1304 tantas
1799 1247 1947 1302 dedit

339 1355 561 1410 manus,
583 1355 746 1410 quam
775 1339 916 1410 quod
947 1341 1139 1394 incola:
1160 1339 1277 1410 ejus
1309 1341 1522 1395 illicitos
1569 1342 1744 1395 coitus
1791 1339 1945 1394 indu-

337 1441 530 1485 xerunt
556 1471 574 1498 ,
599 1431 1010 1502 illegitimosque
1039 1447 1273 1497 amores,
1305 1447 1368 1486 ac
1396 1440 1601 1486 natura:
1629 1432 1774 1500 leges
1804 1431 1946 1486 radi-

335 1521 475 1576 citus
513 1522 912 1577 subverterunt.
957 1522 1071 1589 Qua
1100 1522 1260 1592 igitur
1290 1523 1499 1578 ratione
1530 1521 1643 1577 fieri
1677 1523 1844 1592 possit
1889 1532 1947 1577 ut

339 1613 482 1668 Deus
521 1612 663 1668 idem
693 1613 808 1684 ipse
842 1629 985 1669 nunc
1031 1615 1121 1684 qui
1165 1622 1292 1668 tunc
1335 1625 1484 1677 erat,
1512 1614 1632 1669 illos
1661 1625 1947 1684 peccantes

334 1700 459 1760 sine
497 1703 651 1759 venia
706 1705 977 1774 punierit,
1023 1712 1076 1760 te
1126 1721 1252 1760 vero
1291 1709 1380 1776 qui
1409 1717 1529 1776 post
1560 1706 1680 1761 illos
1710 1706 1945 1777 peccasti

336 1806 392 1851 ct
432 1795 641 1866 majore
677 1795 870 1867 dignus
908 1811 970 1852 es
1006 1799 1239 1858 ultione.
1281 1800 1404 1866 quia
1444 1799 1666 1868 gratiam
1723 1797 1946 1852 sortitus

336 1903 419 1953 es,
439 1902 614 1957 neque
641 1887 854 1942 illorum
875 1889 1139 1958 supplicio
1159 1888 1495 1955 emendatus,
1517 1890 1744 1943 inultum
1766 1890 1906 1943 sinat
1923 1888 1946 1928 ν

411 1981 466 2036 3.
499 1978 757 2034 Probatur
775 1982 1008 2035 eumdem
1031 1998 1140 2036 esse
1170 1980 1303 2035 Novi
1330 1998 1391 2035 nc
1425 1981 1614 2037 l'eteris
1645 1982 1948 2037 Testamenti

337 2069 528 2125 Deum.
551 2100 633 2130 _—
663 2070 894 2140 Ideoque
926 2071 1155 2134 Paulus,
1189 2072 1449 2127 nihildum
1490 2073 1558 2127 de
1582 2073 1826 2144 gebcnna
1869 2074 1947 2127 lo-

338 2172 578 2232 qnutus,
624 2163 749 2234 quia
798 2163 970 2218 futura
1014 2180 1043 2215 a
1075 2164 1258 2217 multis
1291 2180 1395 2217 non
1426 2164 1752 2229 creduntur,
1784 2165 1852 2218 ab
1883 2165 1950 2218 iis

339 2269 461 2323 quae
486 2253 599 2322 jam
622 2255 991 2324 contigerant,
1023 2263 1078 2308 et
1121 2255 1315 2323 quibus
1341 2256 1416 2309 illi
1448 2257 1606 2309 tidem
1639 2255 1945 2323 habebant,

341 2345 491 2414 ipsos
510 2344 730 2400 erudire
761 2347 896 2400 vult.
939 2345 1162 2400 Etiamsi
1212 2347 1356 2401 enim
1388 2337 1564 2400 futura
1624 2346 1946 2400 terribiliora

339 2436 478 2502 sint,
506 2435 858 2506 popularibus
896 2444 1079 2491 tamen
1122 2437 1390 2506 praeterita
1421 2447 1546 2491 sunt
1572 2437 1944 2502 credibiliora,

339 2536 396 2581 et
419 2525 538 2583 hate
566 2528 688 2597 plus
711 2542 872 2598 quam
902 2526 993 2582 illa
1019 2528 1212 2582 terrori
1233 2537 1359 2582 sunt
1381 2529 1531 2598 ipsis.
1566 2527 1770 2583 Idcirco
1795 2543 1861 2584 ex
1886 2530 1951 2583 iis

339 2627 720 2686 argumentum
751 2626 1045 2685 mutuatur,
1067 2619 1264 2688 quibus
1293 2618 1814 2689 ne,impudentiores
1833 2620 1951 2689 qni-

340 2706 464 2762 dem
484 2707 644 2762 ﬁdem
664 2723 859 2778 negare
880 2718 1138 2778 possunt:
1163 2708 1322 2764 simul
1339 2719 1517 2764 autem
1535 2719 1590 2764 et
1611 2710 1866 2765 Marciani
1895 2720 1953 2765 et

342 2800 641 2856 Manichzeo
666 2810 723 2856 et
750 2801 814 2855 iis
842 2800 933 2870 qni
962 2801 1073 2870 pari
1117 2803 1307 2856 morbo
1357 2801 1706 2867 laborabant,
1737 2801 1949 2856 letalem

344 2891 540 2963 inﬂigit
564 2893 793 2962 plagam.
815 2894 871 2949 Si
904 2895 1047 2949 enim
1071 2910 1178 2949 non
1205 2904 1287 2950 est
1313 2894 1454 2950 idem
1481 2895 1691 2950 Veteris
1710 2897 1800 2966 qui
1818 2895 1949 2951 Novi

344 2985 681 3042 Testamenti
711 2985 851 3041 Deus
871 3028 886 3050 ,
910 2987 1001 3056 qui
1026 2997 1081 3041 et
1109 2987 1195 3041 illa
1218 2990 1442 3050 monuit,
1473 2999 1526 3043 et
1552 2988 1691 3044 hanc
1722 2989 1950 3042 formam

348 3078 647 3133 traditurus
685 3086 837 3145 erat,
869 3079 1068 3134 frustra
1097 3080 1226 3134 mibi
1261 3081 1367 3135 hoc
1399 3082 1564 3144 dicis,
1597 3097 1632 3137 o
1672 3082 1866 3146 Paule,
1899 3093 1955 3136 et

346 3169 556 3224 nullum
577 3169 916 3224 auditoribus
937 3170 1187 3226 timorem
1213 3172 1426 3226 incutis.
1450 3173 1584 3228 Nam
1605 3183 1778 3242 potest
1801 3175 1846 3227 is
1861 3175 1952 3245 qui

345 3260 497 3316 audit
529 3260 717 3316 dicere
758 3279 770 3313 :
804 3259 860 3316 Si
889 3263 1027 3317 alius
1057 3262 1180 3330 ille,
1209 3264 1348 3319 alius
1405 3265 1490 3319 hic
1533 3265 1672 3320 Deus
1704 3275 1783 3321 est
1819 3283 1832 3320 :
1871 3267 1956 3322 hic

345 3363 499 3409 certe
527 3368 634 3407 non
666 3353 962 3408 secundmn
1002 3355 1144 3410 illius
1167 3356 1492 3420 sententiam
1531 3357 1791 3426 judicabit
1811 3400 1824 3421 ,
1856 3375 1954 3413 nc-

347 3460 456 3514 que
502 3444 692 3499 iisdem
724 3445 1118 3516 obtemperabit
1165 3448 1386 3517 legibus.
1416 3449 1552 3516 Quid
1591 3451 1735 3504 enim
1768 3436 1957 3505 si‘Deo

351 3534 568 3590 Veteris
597 3535 756 3606 Legis
785 3539 956 3592 visum
989 3547 1074 3593 est
1116 3554 1305 3594 omnes
1350 3542 1574 3610 punire,
1616 3558 1750 3612 quas
1781 3544 1958 3598 larvas

350 3626 588 3694 profers,
612 3629 740 3698 quid
771 3639 944 3684 terres
970 3630 994 3684 Ἰ
1016 3630 1192 3685 Alium
1224 3630 1397 3687 habeo
1416 3632 1697 3687 Dominum
1714 3676 1727 3697 ,
1755 3635 1842 3706 qui
1873 3650 1958 3690 me

347 3719 686 3790 iudicaturus
706 3730 810 3776 est.
837 3719 1022 3792 itaque
1043 3723 1088 3777 si
1135 3723 1268 3778 alius
1299 3723 1488 3779 fuisset
1533 3725 1775 3793 Veteris,
1820 3728 1959 3781 alius

356 3811 526 3867 Nova:
550 3811 712 3884 Legis
729 3855 744 3878 ,
773 3813 970 3870 Paulus
995 3827 1182 3871 contra
1205 3858 1220 3883 ,
1243 3832 1403 3887 quam
1434 3816 1678 3883 volebat,
1703 3817 1918 3873 fecisset
1943 3837 1954 3871 :

351 3919 461 3960 non
491 3907 655 3960 modo
679 3907 823 3961 enim
853 3922 958 3962 non
989 3909 1267 3964 terruisset
1294 3911 1592 3965 auditorem
1612 3953 1628 3977 ,
1661 3911 1757 3966 sed
1784 3913 1950 3966 etiam

350 4001 420 4056 ab
437 4001 586 4056 omni
611 4003 854 4072 angustia
878 4013 934 4058 et
963 4012 1108 4057 metu
1131 4003 1438 4070 liberasset,
1456 4006 1597 4075 quod
1621 4021 1779 4060 nemo
1801 4022 1958 4074 quau-

351 4095 477 4150 tivis
504 4096 694 4167 pretii,
726 4098 888 4152 etiam
935 4098 1195 4167 insipiens
1240 4098 1463 4162 fecerit,
1512 4101 1707 4154 nedum
1762 4100 1961 4155 Paulus

355 4201 502 4244 tanta
542 4190 733 4258 plenus
753 4190 1034 4261 sapientia.
1070 4191 1223 4246 Unde
1255 4193 1430 4262 palam
1455 4201 1539 4246 est
1563 4191 1812 4246 eumdem
1841 4207 1962 4248 esse

357 4280 558 4347 brum,
591 4281 680 4351 qui
706 4290 758 4336 ct
793 4281 1009 4337 Judtcos
1037 4282 1090 4336 in
1119 4297 1302 4337 eremo
1324 4285 1645 4352 prostravit,
1678 4296 1732 4340 et
1771 4283 1838 4339 de
1862 4299 1960 4339 no-

355 4373 438 4428 bis
478 4388 575 4428 eos
601 4373 815 4429 ulturus
859 4385 971 4442 est,
1014 4374 1105 4445 qui
1155 4377 1514 4444 peccaverint.
1562 4375 1747 4446 Neque
1777 4375 1959 4441 enim,

356 4463 460 4517 nisi
492 4477 630 4517 unus
657 4473 804 4520 esset
834 4463 909 4537 (id
938 4467 1133 4518 iterum
1161 4465 1328 4535 dico),
1362 4482 1458 4534 per
1503 4483 1565 4521 ea
1604 4482 1726 4538 qua:
1775 4468 1900 4521 olim
1933 4483 1960 4520 a

356 4570 416 4610 se
445 4564 593 4626 gesta
621 4565 777 4624 sunt,
809 4557 875 4610 de
915 4556 1107 4611 futuris
1156 4560 1316 4612 etiam
1368 4574 1466 4613 nos
1525 4568 1787 4623 terreret;
1839 4560 1961 4629 quia

354 4658 540 4704 autem
583 4649 724 4704 idem
756 4650 872 4719 ipse
905 4660 988 4704 est
1012 4689 1026 4714 ,
1060 4651 1306 4721 supplicii
1335 4653 1793 4722 exspectationem
1817 4692 1830 4715 ,
1876 4651 1963 4705 cui

355 4743 653 4800 contradici
675 4745 892 4813 nequit,
925 4744 1057 4812 ipsis
1089 4744 1335 4810 induxit,
1381 4744 1675 4799 ostendens
1715 4754 1962 4800 metuen-

353 4835 485 4889 dum
511 4835 1016 4906 formidandumque
1041 4852 1184 4893 esse.
1213 4837 1315 4904 Qui
1365 4839 1506 4892 enim
1540 4848 1721 4907 patres
1751 4850 1966 4894 nostros

359 4939 651 5000 peccantes
677 4930 820 4986 ultus
849 4939 971 4997 est,
1002 4946 1108 4984 non
1157 4932 1341 5000 utique
1387 4931 1540 4985 nobis
1585 4940 1764 5000 parcet
1819 4932 1965 5000 paria

359 5023 728 5093 peccantibus.
775 5021 895 5078 Jam
935 5038 1116 5093 operas
1165 5025 1397 5093 pretium
1441 5023 1600 5079 fuerit
1643 5025 1964 5096 principium

358 5116 686 5170 narrationis
713 5124 962 5184 repetere
983 5157 997 5180 ,
1025 5127 1079 5169 et
1105 5115 1244 5170 dicta
1278 5118 1483 5186 singula
1511 5133 1633 5172 cum
1677 5121 1827 5174 omni
1872 5135 1964 5174 acc

356 5207 641 5262 curatione
664 5207 994 5262 examinare.
1020 5206 1160 5261 Nolo
1182 5220 1348 5260 autem
1371 5225 1455 5262 t'os
1481 5212 1737 5279 ignorare,
1757 5214 1962 5280 fratres.

361 5297 662 5368 Discipulos
691 5310 849 5353 vocat
872 5297 1101 5363 fratres;
1129 5316 1234 5355 non
1262 5300 1537 5370 dignitatis
1557 5342 1572 5368 ,
1601 5302 1694 5355 sed
1728 5301 1966 5357 caritatis

359 5390 581 5444 nomine
632 5391 780 5458 ipsos
824 5392 1176 5461 compellans.
1232 5391 1450 5447 Sciebat
1507 5395 1688 5458 enim,
1723 5395 1967 5463 apprime

359 5481 544 5548 utique
561 5481 800 5548 sciebat,
831 5484 953 5538 huic
975 5485 1321 5555 appellationi
1346 5487 1555 5555 a-quale
1582 5487 1713 5541 nihil
1735 5502 1890 5552 esse,
1913 5496 1968 5542 et

359 5573 648 5626 maximam
672 5572 947 5643 dignitatis
975 5579 1208 5645 speciem
1232 5618 1247 5642 ,
1287 5578 1521 5646 speciem
1554 5593 1675 5634 esse
1701 5580 1961 5634 caritatis.

360 5662 471 5717 lloc
499 5674 677 5719 autem
711 5666 858 5735 prius
886 5678 940 5721 et
971 5684 1072 5722 nos
1123 5667 1417 5722 imitemur.
1477 5669 1698 5724 Etiamsi
1746 5669 1964 5740 quidam

361 5766 605 5810 nostrum
636 5757 791 5811 valde
844 5758 1128 5815 inferiores
1157 5761 1292 5823 sint,
1331 5761 1476 5830 ipsus
1522 5762 1804 5819 ministerii
1863 5780 1957 5819 no-

1197 301 1262 358 IN
1303 296 1558 360 DICTUM
1601 299 1826 358 PAULI.
1854 297 2038 356 ΝΟΜ)
2077 299 2206 358 VOS
2246 300 2620 370 IGNORARE,
2665 301 2816 360 ETC.

3543 306 3651 361 illi

2050 417 2195 472 mine
2221 419 2624 490 compellemus,
2645 436 2750 474 non
2779 421 2953 476 solum
2983 421 3201 486 liberos,
3230 420 3324 475 sed
3354 419 3513 474 etiam
3539 430 3654 474 svr-

2047 524 2174 573 vos;
2202 523 2308 564 neu
2337 495 2510 566 solum
2530 510 2744 579 divites,
2768 511 2860 567 sed
2882 517 3042 566 etiam
3071 527 3334 582 paupere-3
3361 529 3374 565 :
3404 511 3648 581 quando-

2047 599 2263 669 quidem
2311 610 2367 656 et
2413 600 2613 658 Paulus
2651 617 2759 658 non
2789 602 2962 656 solum
2992 601 3393 657 Corinthiorum
3421 601 3652 668 divites,

2048 693 2248 749 liberos
2275 705 2330 749 ct
2357 697 2763 765 conspicuos’et
2789 696 3034 764 nobiles,
3064 697 3160 752 sed
3203 697 3366 753 etiam
3421 698 3655 763 privatos

2048 793 2104 840 et
2119 785 2476 854 domesticos,
2499 799 2554 845 et
2576 804 2770 845 omnes
2798 790 3261 844 imliscriminatim
3293 791 3390 846 hac
3408 791 3652 862 appella-

2051 876 2194 930 tione
2243 876 2542 953 honorarit.
2597 878 2728 934 Nam
2754 880 2806 934 in
2853 879 3072 935 Christo
3096 879 3223 935 Jesu
3263 896 3436 951 neque
3466 896 3655 935 servus

2050 981 2224 1037 neque
2255 967 2409 1034 liber,
2433 984 2538 1022 nun
2563 969 2820 1025 barbarus
2836 1011 2851 1036 ,
2873 987 2978 1026 non
3010 970 3208 1043 Scytha
3233 1014 3250 1038 ,
3273 987 3379 1025 non
3401 972 3641 1040 sapiens,

2053 1074 2230 1130 neque
2255 1060 2514 1130 insipiens
2536 1061 2682 1132 (Gal.
2709 1064 2763 1120 5.
2791 1063 2864 1119 28
2891 1064 2932 1135 ),
2962 1063 3057 1119 sed
3085 1063 3262 1119 omnis
3284 1064 3556 1118 saecularis
3574 1064 3657 1116 di-

2049 1151 2268 1220 gnitatis
2325 1152 2659 1222 inaequalitas
2697 1155 2905 1210 sublata
2963 1164 3062 1211 est.
3113 1155 3314 1226 Ecquid
3364 1155 3557 1209 mirum
3601 1155 3648 1210 si

2052 1241 2250 1297 Paulus
2273 1257 2569 1298 conservos
2593 1246 2672 1300 sic
2699 1246 3067 1317 appellaverit,
3085 1246 3299 1316 quando
3321 1255 3375 1301 et
3402 1247 3671 1300 Dominus-

2051 1333 2166 1402 cjns
2183 1344 2429 1388 naturam
2461 1345 2696 1390 mrstram
2726 1339 2804 1392 sic
2820 1339 3049 1402 vocavit,
3075 1337 3160 1392 bis
3181 1337 3360 1392 verbis
3383 1355 3397 1392 :
3418 1334 3662 1390 Narrabo

2055 1443 2239 1480 nomen
2271 1436 2414 1480 tuum
2444 1428 2688 1498 fratribus
2716 1430 2859 1494 meis,
2887 1430 2940 1483 in
2971 1431 3137 1485 medio
3163 1427 3409 1483 Ecclesia:
3438 1427 3660 1482 laudabo

2052 1531 2101 1574 te
2127 1519 2298 1589 (l’sat.
2320 1519 2412 1575 ξι.
2442 1521 2534 1593 25)
2563 1522 2586 1562 ἰ
2622 1522 2806 1591 Neque
2838 1532 3042 1578 tantum
3084 1537 3182 1578 nos
3213 1521 3407 1576 fratres
3427 1521 3661 1585 vocavit,

2052 1611 2146 1666 sed
2174 1621 2228 1666 et
2249 1612 2365 1682 ipse
2395 1611 2560 1668 frater
2597 1629 2719 1669 esse
2742 1624 2923 1669 noster
2946 1614 3147 1678 voluit,
3175 1624 3230 1668 et
3257 1628 3381 1667 vere
3409 1611 3506 1666 fuit
3535 1626 3659 1666 cum

2054 1719 2272 1759 carnem
2325 1715 2564 1760 nostram
2621 1706 2827 1772 induit,
2876 1720 2934 1763 et
2963 1716 3172 1760 natnrm
3202 1713 3401 1760 nostra:
3438 1718 3666 1759 consors

2055 1797 2225 1851 factus
2278 1807 2380 1852 est.
2435 1797 2588 1864 Quod
2640 1799 2812 1868 ipsum
2841 1799 3118 1864 admirans
3161 1799 3358 1854 Paulus
3403 1796 3663 1853 dicebat:

2057 1889 2180 1943 Non
2208 1891 2344 1944 enim
2365 1892 2575 1961 angelos
2603 1893 2938 1963 apprehendit
2964 1892 3135 1959 Deus,
3164 1893 3252 1949 sed
3292 1907 3465 1948 semen
3503 1891 3670 1945 Abru-

2055 1979 2136 2033 Ita:
2157 1981 2526 2050 apprehendit;
2558 1984 2695 2036 unde
2731 1983 2904 2037 debuit
2950 2000 3040 2055 per
3065 1985 3237 2038 omnia
3263 1983 3507 2055 fratribus
3532 1998 3667 2036 assi-

2054 2074 2226 2127 milari
2251 2073 2449 2146 (Hebr.
2482 2074 2537 2129 2.
2581 2076 2668 2131 l6.
2713 2076 2839 2146 l7).
2871 2075 2940 2130 Et
2969 2091 3182 2131 rursum
3209 2094 3222 2130 :
3259 2075 3517 2143 Quoniam
3551 2089 3669 2127 vero

2055 2164 2202 2234 pueri
2229 2165 2660 2235 participaverttnt
2688 2167 2830 2220 carni
2854 2176 2901 2219 et
2922 2167 3196 2236 sanguini,
3219 2165 3457 2222 similiter
3491 2174 3538 2219 et
3561 2164 3669 2233 ipse

2056 2257 2378 2326 participavit
2405 2257 2584 2311 iisdem
2600 2259 2726 2324 ipsis
2757 2257 2918 2325 (lbid.
2945 2273 2993 2311 tt.
3021 2257 3132 2327 14).

2133 2344 2366 2401 Proximi
2389 2347 2594 2402 honeste
2617 2347 2978 2418 compellandi.
3000 2347 3270 2402 Transitus
3296 2365 3386 2418 per
3403 2364 3548 2404 mare,
3565 2347 3672 2402 Ru-

2056 2437 2201 2490 brum
2231 2437 2470 2508 baptismi
2491 2449 2664 2510 tgpus.
2695 2468 2766 2480 --
2797 2437 2924 2494 limc
2957 2453 3122 2509 porro
3155 2439 3336 2493 omnia
3362 2438 3669 2502 audientes,

2055 2529 2415 2597 arrogantiam
2442 2570 2456 2593 ,
2488 2529 2681 2584 fastum
2704 2539 2759 2585 et
2803 2531 3110 2600 superbiam
3137 2529 3431 2600 quamlibet
3455 2544 3520 2583 ex
3557 2531 3672 2582 ani-

2059 2619 2163 2672 mis
2192 2619 2388 2674 nostris
2414 2621 2758 2676 eliminemus
2809 2639 2822 2674 :
2853 2621 2906 2675 id
2949 2635 3161 2676 stunmo
3191 2619 3370 2674 studio
3398 2633 3672 2682 curemus,

2058 2718 2118 2763 ut
2143 2708 2386 2780 obsequii
2417 2719 2473 2765 et
2519 2710 2744 2766 honoris
2797 2712 3108 2767 nominibus
3158 2712 3431 2780 proximos
3458 2719 3674 2765 nostros

2057 2801 2469 2869 compellemus.
2494 2800 2645 2858 Licet
2675 2805 2820 2858 enim
2843 2805 2946 2858 hoc
2972 2802 3207 2857 officium
3241 2802 3388 2872 parvi
3410 2804 3670 2857 momenti

2058 2905 2180 2945 esse
2210 2891 2476 2957 videatur,
2507 2907 2697 2964 magna
2741 2903 2918 2949 tamen
2947 2895 3089 2963 parit
3113 2892 3252 2948 bona
3284 2911 3297 2946 :
3324 2893 3675 2962 quemadmo-

2059 2982 2186 3036 dum
2215 2992 2271 3038 et
2295 2985 2601 3054 oppositum
2624 2986 2819 3040 multas
2848 2985 3179 3050 inimicitias,
3214 2985 3336 3040 lites
3365 2993 3419 3039 et
3448 2997 3672 3039 conten-

2063 3076 2237 3130 tiones
2265 3077 2582 3147 plerumque
2609 3078 2835 3147 peperit.
2869 3077 3054 3149 Neque
3082 3077 3186 3132 hoc
3211 3076 3554 3132 solummodo
3583 3075 3668 3130 di—

2060 3176 2226 3234 ctum,
2260 3169 2355 3223 sed
2383 3169 2545 3223 etiam
2575 3169 2705 3225 illud
2749 3169 2893 3240 quod
2925 3171 3189 3239 sequitur,
3231 3184 3420 3239 magna
3443 3183 3668 3223 accura—

2063 3262 2211 3317 tioue
2263 3263 2599 3318 excutiamus
2659 3280 2673 3318 :
2734 3278 2908 3334 neque
2964 3263 3109 3318 enim
3169 3261 3298 3317 illud
3351 3263 3468 3318 sine
3513 3275 3674 3315 cau:a

2065 3353 2261 3424 posuit.
2290 3353 2425 3408 Cum
2455 3355 2601 3409 enim
2620 3354 2865 3421 dixisset,
2896 3353 3036 3408 Nolo
3063 3369 3150 3407 vos
3175 3354 3430 3424 ignorare,
3453 3355 3676 3422 fratres,-

2061 3447 2279 3516 adjecit,
2334 3448 2486 3512 Quod
2534 3458 2704 3518 putres
2747 3447 2902 3501 nostri
2933 3463 3105 3501 omnes
3138 3461 3283 3502 :non
3335 3445 3488 3511 dixit,
3533 3445 3676 3514 quod

2063 3541 2258 3606 Judaei,
2291 3556 2468 3610 neque
2504 3541 2558 3606 ii,
2589 3541 2679 3610 qui
2711 3556 2776 3596 cx
2807 3540 3044 3611 Egypto
3069 3540 3272 3609 egressi
3298 3537 3548 3601 fuerant;
3578 3536 3672 3592 sed

2064 3633 2225 3702 quid?
2255 3633 2439 3688 Patres
2466 3634 2627 3687 nostri
2672 3650 2879 3698 omnes;
2912 3633 3071 3687 simul
3101 3647 3250 3686 suam
3281 3631 3543 3699 exhibens
3577 3631 3678 3682 hu-

2066 3723 2369 3789 militatem,
2401 3739 2522 3779 cum
2559 3739 2745 3779 eorum
2792 3725 3167 3793 cognationem
3202 3738 3308 3777 non
3355 3721 3679 3790 dedignatus

2065 3824 2167 3882 est,
2191 3816 2294 3870 etsi
2319 3824 2525 3870 tantum
2569 3818 2816 3883 superior
2841 3816 3036 3868 virtute
3063 3832 3077 3880 ;
3106 3821 3160 3868 et
3190 3811 3553 3882 impudentem
3582 3827 3681 3865 eo-

2065 3925 2184 3965 rum
2207 3909 2443 3979 linguam
2471 3924 2752 3975 cocrccns,
2777 3907 2868 3977 qui
2904 3908 3146 3963 Veterem
3170 3906 3367 3977 Legem
3390 3906 3682 3961 criminan-

2069 4014 2176 4059 tur.
2219 4002 2405 4072 Neqne
2444 4003 2586 4057 enim
2620 4003 2666 4057 si
2718 4001 2925 4057 odisset
2971 4002 3136 4065 illam,
3193 3999 3684 4055 honorabilioribus

2068 4097 2213 4150 illam
2243 4096 2550 4152 norninibus
2585 4105 3088 4160 commemorasset,
3119 4109 3239 4149 cum
3271 4094 3348 4148 illi
3373 4109 3562 4148 omnes
3590 4095 3679 4164 qni

2071 4197 2195 4244 tunc
2248 4188 2492 4242 vixerant
2547 4187 2906 4242 criminationi
2957 4199 3141 4242 essent
3191 4186 3431 4240 obnoxii.
3472 4187 3681 4240 Omnes.

2068 4281 2252 4352 Neque
2275 4281 2404 4336 illud
2436 4290 2638 4336 temere
2673 4281 2868 4350 posuit,
2904 4278 3112 4344 Omnes,
3155 4295 3330 4349 neque
3355 4293 3680 4348 supervaca-

2073 4389 2194 4437 nec,
2228 4373 2322 4428 sed
2369 4388 2561 4444 magna
2600 4387 2721 4427 cum
2767 4372 3052 4441 sapientia.
3098 4370 3281 4442 Neque
3337 4387 3460 4426 cum
3514 4371 3683 4426 semel

2072 4467 2318 4532 dixisset,
2362 4465 2412 4519 id
2465 4473 2647 4536 postea
2701 4465 2895 4530 tacuit;
2927 4464 3020 4518 sed
3048 4472 3104 4520 et
3141 4463 3223 4518 bis
3248 4474 3301 4518 et
3336 4474 3416 4519 ter
3445 4473 3499 4519 et
3538 4480 3684 4533 szrpe

2075 4558 2459 4628 pronuntiavit,
2503 4567 2561 4612 ut
2604 4556 2814 4612 ediscas
2854 4556 3002 4610 illum
3033 4570 3137 4609 non
3171 4554 3532 4624 perfunct0rie
3580 4555 3682 4609 hoc

2073 4652 2382 4722 protulisse.
2415 4649 2549 4704 Cum
2575 4649 2801 4704 dixisset
2820 4647 2984 4709 enim,
3011 4646 3163 4714 Quod
3193 4656 3362 4716 patres
3385 4646 3544 4699 nostri
3565 4662 3680 4698 om-

2073 4762 2162 4799 nes
2182 4744 2274 4799 sub
2304 4743 2436 4797 nube
2463 4747 2691 4813 fuerunt,
2738 4740 2955 4809 adjecit,
2987 4738 3051 4793 Et
3092 4755 3266 4791 omnes
3289 4755 3379 4808 per
3408 4755 3546 4790 mare
3573 4735 3682 4791 Ru-

2075 4837 2222 4890 brum
2245 4836 2575 4899 transiernnt,
2603 4844 2650 4887 et
2676 4850 2846 4887 omnes
2871 4834 2924 4885 in
2957 4830 3191 4901 Moysent
3212 4831 3457 4900 baptismi
3473 4840 3609 4894 sunt,
3635 4839 3684 4884 et

2075 4946 2248 4983 omnes
2274 4928 2499 4981 eamdem
2527 4942 2691 4980 escam
2719 4925 3032 4994 spiritualem
3058 4923 3477 4988 romederuutget
3504 4940 3681 4976 omnes

2074 5022 2302 5075 eumdem
2337 5031 2510 5090 potum
2532 5017 2849 5090 spiritualem
2893 5018 3138 5072 biberunt.
3173 5015 3378 5072 Audisti
3413 5017 3686 5086 quomodo

2075 5130 2221 5185 saepe
2253 5112 2402 5176 illud,
2441 5113 2648 5178 Onines,
2682 5110 2961 5180 posuerit?
2991 5109 3142 5177 Quod
3168 5125 3506 5179 nequaquam
3531 5110 3685 5164 fecis-

2075 5216 2179 5271 set,
2206 5204 2304 5259 uisi
2349 5219 2600 5273 magnum
2627 5202 2752 5268 quid
2791 5211 2844 5255 et
2875 5201 3118 5256 mirabile
3150 5203 3462 5272 mysterium
3494 5200 3682 5254 subin-

2074 5303 2256 5357 dicare
2287 5301 2562 5353 voluisset.
2599 5298 2654 5353 Si
2702 5299 2845 5351 enim
2878 5296 3192 5362 simpliciter
3231 5294 3524 5365 posuisset,
3553 5293 3683 5348 satis

2075 5404 2191 5451 erat
2239 5395 2289 5449 id
2331 5393 2496 5448 semel
2543 5392 2743 5445 dictum
2791 5399 2973 5458 postea
3005 5397 3201 5453 tacere,
3256 5395 3312 5440 et
3340 5388 3418 5441 sic
3453 5385 3681 5441 dicere:

2074 5488 2226 5556 Quod
2282 5497 2460 5556 patres
2491 5483 2656 5537 nostri
2687 5495 2876 5534 omnes
2914 5480 3012 5534 sub
3048 5479 3188 5532 nube
3228 5477 3460 5536 fuerunt.
3509 5485 3562 5532 et
3591 5490 3687 5548 per

2077 5595 2225 5634 mare
2270 5577 2621 5636 transierunt,
2661 5583 2714 5626 et
2761 5572 2811 5625 in
2841 5571 3078 5641 Moysem
3137 5567 3390 5636 baptizati
3429 5578 3599 5634 sunt,
3631 5576 3684 5621 et

2076 5670 2321 5726 eannlem
2350 5682 2529 5723 escam
2585 5663 2912 5737 spiritualem
2944 5660 3315 5725 comederunt,
3348 5669 3402 5715 et
3433 5658 3683 5714 eumdem

2081 5771 2261 5836 potum
2285 5759 2614 5832 Spiritualem
2634 5757 2900 5813 biberunt.
2928 5753 3079 5811 Nunc
3098 5764 3276 5809 autem
3300 5767 3407 5808 non
3437 5751 3506 5806 ita
3527 5750 3682 5815 dunt,
