4088 6458
424 322 530 377 247

415 440 511 504 sed
560 438 628 493 ad
664 438 870 509 singula
919 445 1066 501 gesta
1112 434 1261 498 illud,
1309 434 1518 498 Unities,
1563 432 1840 499 adjiciens,
1899 444 2003 483 non

418 543 638 598 parvam
664 526 819 582 nobis
844 524 1122 579 sententia:
1150 538 1261 579 suae
1283 523 1501 593 januam
1547 521 1776 592 aperuit,
1805 529 1861 573 ut
1888 518 2007 586 ejus

413 618 727 690 sapientiam
752 614 1175 682 c0nsideremus,
1207 611 1315 668 Cur
1340 628 1471 683 ergo
1492 612 1630 666 hanc
1667 624 1855 665 vocem
1903 607 2010 662 fte-

414 720 639 779 quenter
666 706 896 776 repetit?
924 705 993 762 Ut
1021 706 1267 760 ostendat
1292 718 1538 775 magnam
1573 716 1693 756 esse
1718 699 1875 768 Logis
1901 698 2007 752 Ve—

417 801 549 854 teris
573 813 693 853 cum
738 797 883 852 Nova
936 796 1333 867 cognationem,
1391 804 1447 849 et
1474 793 1563 847 illa
1612 790 1773 846 fuisse
1814 782 2008 843 horum

416 889 638 958 ﬁguram
663 930 677 953 ,
710 898 766 942 et
796 887 1097 941 futurorum
1128 886 1392 940 umbram.
1429 884 1600 953 Atque
1627 882 1851 950 primum
1883 878 2010 933 hinc

415 981 820 1035 consonantiam
872 978 1126 1033 ostendit.
1174 976 1399 1031 Volebat
1446 976 1586 1029 enim
1641 973 2011 1027 demonstrare

414 1069 578 1137 quod,
609 1068 1055 1138 quemadmodum
1089 1069 1139 1121 in
1169 1066 1405 1122 Ecclesia
1437 1080 1542 1119 non
1592 1074 1673 1119 est
1717 1062 2010 1117 discrimen

418 1161 556 1213 inter
575 1173 789 1213 servum
820 1167 875 1213 et
898 1157 1149 1219 liberum,
1180 1173 1355 1227 neque
1401 1157 1541 1210 inter
1572 1156 1911 1223 peregrinum
1959 1160 2014 1207 et

415 1249 605 1306 civem.
635 1263 819 1303 senem
851 1256 907 1303 et
934 1249 1212 1317 juvenem,
1243 1248 1537 1317 sapientem
1561 1256 1615 1299 et
1646 1246 2008 1315 insipientem,

419 1339 685 1409 privatum
714 1350 768 1393 et
800 1338 1116 1409 principem,
1148 1340 1424 1393 mulierem
1451 1348 1505 1391 et
1543 1338 1735 1402 virum,
1769 1336 1861 1391 sed
1892 1351 2010 1389 om.

418 1428 501 1482 nis
527 1438 661 1483 tetas
682 1438 733 1483 et
756 1428 1009 1498 dignitas,
1043 1436 1201 1499 atque
1240 1435 1465 1496 uterque
1495 1442 1655 1481 sexus
1684 1426 1929 1479 similiter
1958 1425 2010 1478 in

422 1518 664 1573 eamdem
695 1518 839 1572 illam
869 1533 1124 1588 aquarum
1149 1517 1406 1588 piscinam
1434 1515 1783 1581 descendunt,
1815 1529 1879 1569 ac
1902 1514 2014 1569 sive

422 1623 517 1663 rex
533 1606 646 1662 sive
670 1606 952 1662 mendicus
973 1606 1158 1662 eadem
1182 1606 1483 1678 expiatione
1498 1605 1773 1660 fruuntur:
1797 1604 1848 1659 id
1870 1604 2013 1674 quod

419 1710 503 1755 est
556 1700 843 1753 maximum
876 1708 1074 1753 nostra:
1120 1698 1408 1753 nobilitatis
1434 1707 1826 1767 argumentum,
1874 1696 2015 1766 quod

420 1789 582 1844 simili
614 1788 775 1844 modo
813 1789 1115 1844 mendicum
1145 1805 1207 1844 ac
1238 1804 1468 1859 purpura
1500 1790 1747 1843 vestitum
1798 1788 1861 1841 ad
1895 1803 2012 1858 my-

418 1882 580 1935 steria
633 1880 975 1935 admittamus
1006 1922 1020 1946 ,
1074 1890 1233 1950 atque
1280 1880 1332 1935 in
1383 1880 1756 1952 mysteriorum
1810 1881 2017 1934 ratione

424 1969 554 2023 nihil
578 1968 664 2023 hic
694 1969 811 2039 plus
840 1970 928 2023 illo
955 1969 1148 2024 habent
1180 1988 1193 2023 :
1224 1970 1303 2023 sic
1324 1979 1375 2023 et
1411 1969 1462 2022 in
1503 1968 1678 2023 Veteri
1697 1968 1835 2037 Lege
1864 1968 2013 2035 illud,

426 2059 633 2123 Omnes,
665 2060 974 2129 frequenter
1005 2061 1195 2129 posuit.
1242 2059 1423 2129 Neque
1460 2062 1599 2113 enim
1623 2059 1802 2113 dicere
1830 2069 2003 2128 potes,

424 2150 656 2221 Moyscm
685 2166 781 2220 per
824 2150 1057 2215 aridam,
1094 2150 1308 2204 Judazos
1352 2164 1478 2202 vero
1526 2164 1620 2218 per
1648 2164 1794 2203 mare
1840 2158 2015 2202 trans-

424 2243 617 2309 ivisse;
645 2258 818 2312 neque
843 2244 1127 2312 opulentos
1155 2257 1249 2309 per
1281 2240 1416 2295 hanc
1446 2242 1604 2306 viam,
1639 2255 1900 2309 pauperes
1922 2256 2017 2309 per

423 2334 608 2401 aliam,
631 2350 805 2403 neque
832 2335 1077 2389 mulieres
1114 2335 1213 2387 sub
1240 2350 1383 2401 aere,
1410 2335 1551 2388 viros
1590 2334 1689 2387 sub
1716 2334 1888 2396 nube;
1921 2333 2015 2387 sed

422 2442 610 2480 omnes
636 2442 735 2494 per
764 2441 930 2492 mare,
954 2427 1053 2480 sub
1080 2427 1220 2480 nube
1238 2440 1447 2490 omnes,
1472 2438 1525 2480 et
1556 2427 1607 2479 in
1632 2425 1869 2497 Moysem
1903 2443 2018 2479 om-

428 2533 543 2572 nes.
591 2517 852 2585 Quoniam
896 2518 1038 2573 enim
1086 2519 1336 2572 transitus
1376 2518 1463 2572 ille
1491 2518 1651 2572 futuri
1684 2518 2017 2586 baptismatis

426 2620 582 2678 typus
598 2620 728 2663 erat
752 2650 765 2673 ,
813 2609 913 2663 hoc
948 2612 1175 2680 primum
1205 2624 1299 2677 per
1328 2609 1548 2679 ﬁguram
1578 2609 1810 2677 exprimi
1854 2624 2017 2679 opor-

426 2700 541 2764 tuit,
571 2714 761 2768 nempe
789 2715 975 2755 omnes
993 2701 1301 2756 eorumdem
1323 2711 1597 2757 consortes
1624 2701 1809 2767 fuisse,
1827 2717 2015 2772 quem-

425 2791 709 2844 admodum
738 2802 792 2846 et
824 2791 909 2846 hic
937 2808 1125 2847 omnes
1146 2794 1333 2847 eadem
1360 2796 1635 2864 a'qnaliter
1676 2796 2013 2866 participant.

430 2881 500 2935 Et
544 2881 813 2950 quomodo
834 2892 1031 2951 potest,
1087 2884 1315 2953 inquies,
1363 2884 1490 2938 illud
1534 2886 1867 2953 pl'ﬂ'St‘ﬂllUﬂl
1900 2900 2018 2939 csse

426 2973 622 3043 typus?
643 2972 697 3029 Si
727 2975 875 3043 prius
898 2974 1146 3029 didiceris
1174 2975 1297 3045 quid
1327 2979 1396 3031 sit
1427 2988 1602 3048 typus,
1633 2976 1757 3047 quid
1791 2977 2014 3042 veritas,

428 3072 551 3116 tunc
581 3063 669 3116 tibi
697 3062 916 3132 hujusce
944 3066 1019 3118 rei
1044 3066 1303 3119 rationem
1333 3066 1565 3119 reddam.

498 3154 552 3206 .i.
589 3151 873 3207 Discrimen
928 3157 1059 3208 inter
1117 3156 1347 3209 umbram
1390 3167 1437 3210 et
1480 3159 1756 3212 veritatem.
1789 3158 2018 3226 -——Qllld

429 3245 585 3311 igitur
625 3254 708 3298 est
754 3245 962 3311 umbra,
1001 3257 1057 3300 et
1089 3247 1216 3316 quid
1270 3248 1499 3301 veritas?
1531 3252 1660 3317 Age,
1711 3265 2017 3305 sermonem

427 3334 493 3389 ad
525 3336 780 3406 imagines
821 3339 1226 3404 transferamus,
1273 3355 1406 3410 quas
1456 3342 1687 3408 pictores
1726 3340 2014 3397 delineant.

430 3426 616 3481 Vidisti
646 3443 792 3497 εωρο
815 3430 1210 3498 imperatoriam
1232 3432 1515 3501 imaginem
1539 3433 1769 3487 cmruleo
1800 3436 2017 3488 tinctam

427 3518 644 3584 colore;
675 3517 867 3573 deinde
895 3534 1023 3573 vero
1047 3522 1303 3589 pictorem
1331 3523 1479 3575 albas
1504 3522 1674 3576 lineas
1712 3522 2017 3591 ducentem,

430 3608 897 3677 ctlmperatorem
941 3609 1337 3680 depingentem,
1388 3621 1444 3666 et
1488 3613 1681 3667 solium
1728 3614 2017 3680 imperato-

433 3698 590 3765 rium,
616 3710 857 3770 etequos
893 3702 1186 3768 adstantes,
1224 3712 1280 3757 et
1320 3704 1576 3757 satellites
1604 3714 1656 3757 ct
1682 3705 1888 3759 vinctos
1918 3706 2019 3759 ho-

432 3798 541 3842 stes
568 3798 725 3858 atque
766 3790 1033 3846 subactos.
1082 3794 1334 3847 Attamen
1373 3808 1492 3847 cum
1539 3794 1687 3847 vides
1716 3792 1831 3848 h;ec
1882 3794 2020 3850 deli-

433 3888 587 3935 neata
621 3889 673 3935 et
714 3878 1046 3946 adumbrata,
1092 3898 1263 3953 neque
1291 3893 1459 3937 totum
1490 3885 1615 3950 scis,
1644 3900 1818 3953 neque
1854 3895 2021 3939 totum

435 3972 650 4041 ignoras
678 3990 693 4028 :
741 3973 836 4027 sed
869 3973 1135 4028 hominem
1188 3976 1326 4047 pingi
1357 3985 1411 4030 et
1438 3992 1634 4047 equum
1660 3978 1886 4032 obscure
1930 3994 2021 4032 co-

434 4065 679 4133 gnoscis;
732 4065 901 4135 qualis
927 4081 1054 4121 vero
1101 4066 1171 4121 sit
1200 4068 1491 4136 imperator
1525 4077 1579 4123 et
1623 4068 1793 4137 quilis
1831 4068 2019 4137 iustis,

438 4170 541 4209 non
577 4156 647 4210 ita
682 4159 955 4226 perspicue
984 4160 1282 4229 cognoscis,
1304 4161 1475 4215 donec
1497 4162 1756 4217 accedens
1781 4163 2021 4218 colorum

435 4245 629 4298 veritas
646 4246 814 4299 visum
830 4247 1108 4302 Certiorem
1140 4248 1652 4320 faciat.Sicutigitur
1691 4253 1740 4304 in
1764 4251 1853 4306 illa
1886 4253 2021 4306 ima-

435 4335 559 4405 gine
589 4351 691 4390 non
714 4337 882 4405 exigis
911 4346 1077 4392 totum
1105 4352 1229 4394 ante
1255 4342 1494 4395 colorum
1518 4342 1827 4408 veritatem;
1862 4346 1956 4398 sed
1978 4344 2023 4399 si

440 4424 724 4480 obscuram
746 4427 1027 4494 quamdam
1061 4432 1131 4483 rei
1172 4431 1530 4500 cognitionem
1559 4432 1841 4505 percipias,
1893 4436 2024 4491 satis

437 4515 734 4569 absolutam
781 4514 1189 4574 delineationcm
1240 4537 1359 4577 esse
1397 4523 1671 4579 arbitraris
1705 4544 1718 4578 :
1750 4526 1829 4581 sic
1874 4536 1928 4581 et
1957 4529 2025 4582 de

442 4602 627 4658 Veteri
652 4614 703 4659 et
738 4605 810 4660 de
831 4606 976 4661 Novo
1002 4608 1342 4666 Testamento
1366 4614 1566 4669 sentias
1619 4632 1635 4669 :
1690 4630 1862 4685 neque
1910 4632 2025 4671 om-

440 4695 708 4749 nintodam
742 4696 792 4749 in
825 4706 947 4767 typo
972 4700 1211 4755 veritatis
1236 4706 1633 4760 accurationem
1676 4722 1706 4760 a
1734 4723 1817 4761 me
1844 4709 2026 4777 requi-

439 4799 565 4850 ras;
600 4795 817 4857 tumqne
848 4800 1030 4856 potero
1058 4800 1107 4844 te
1145 4791 1359 4859 docere,
1411 4811 1516 4866 quo
1544 4808 1698 4865 pacto
1742 4801 2026 4869 quamdam

441 4876 757 4932 affinitatem
782 4878 1025 4936 habuerit
1053 4882 1213 4939 Vetus
1242 4902 1361 4939 cum
1387 4885 1557 4953 Novo,
1581 4898 1635 4945 et
1664 4890 1755 4944 ille
1776 4894 2029 4948 transitus

442 4983 563 5021 cum
595 4969 858 5037 baptismo
882 4981 1082 5028 nostro.
1116 4975 1225 5029 illic
1269 4992 1403 5047 aqua
1428 4988 1478 5033 et
1504 4979 1590 5034 hic
1616 4997 1749 5051 aqua
1784 5002 1798 5038 :
1836 4983 1922 5039 hic
1953 4988 2030 5054 pi-

445 5060 616 5121 scina,
648 5059 753 5114 illic
781 5062 997 5132 pelagus
1029 5081 1043 5116 :
1074 5064 1159 5119 hic
1184 5082 1371 5121 omnes
1401 5070 1452 5123 in
1497 5086 1687 5141 aquam
1720 5074 2028 5144 ingrediun-

448 5156 553 5213 tur,
582 5148 691 5204 illic
713 5151 835 5205 item
865 5167 1051 5208 onmes
1100 5172 1113 5209 :
1162 5158 1459 5213 secundum
1506 5159 1608 5217 hoc
1635 5162 1887 5219 afﬁnitas.
1942 5167 2031 5222 Vis

445 5237 660 5294 demum
686 5241 893 5299 discere
930 5245 1169 5301 colorum
1212 5249 1529 5305 veritatem?
1558 5253 1670 5310 lllic
1700 5257 1769 5311 ab
1799 5256 2031 5328 Egypto

450 5345 546 5400 per
568 5346 713 5386 mare
734 5334 1113 5403 liberabantur,
1147 5338 1233 5393 hic
1281 5339 1349 5395 ab
1389 5342 1726 5400 idololatria:
1764 5347 1871 5401 illic
1892 5348 2031 5403 Pha-

451 5435 545 5477 rao
568 5422 1011 5495 demergebatur,
1054 5428 1141 5485 hic
1172 5431 1414 5489 diabolus
1443 5451 1457 5486 :
1490 5435 1596 5489 illic
1627 5436 1863 5509 Ξκιριῆ
1896 5457 2030 5511 [ιι-τεο

452 5512 785 5581 foeabantur,
833 5515 917 5570 hic
956 5528 1108 5574 vetus
1136 5522 1295 5576 homo
1326 5526 1556 5593 peccatis
1583 5540 1803 5586 onustus
1824 5530 2033 5585 defodi-

453 5614 559 5659 tur.
615 5606 681 5660 Et
723 5608 842 5664 vide
885 5614 1252 5683 cognationem
1292 5619 1471 5687 figura:
1514 5634 1636 5674 cum
1687 5625 1926 5689 veritate,
1975 5642 2036 5681 ac

452 5696 692 5753 veritatis
724 5713 830 5768 pra:
853 5709 979 5772 typo
1003 5704 1395 5761 excellentiam.
1444 5708 1628 5779 Neque
1653 5712 1791 5767 cnim
1818 5716 2035 5771 omnino

1142 324 1200 378 8.
1241 321 1521 378 JOANNIS
1557 315 2029 377 CHRYSOSTOIII
2060 316 2377 374 ARCHIEP.
2417 317 2591 376 CONS
2605 318 2958 376 fANTlNOP.

3607 320 3711 375 its

2118 430 2355 484 alienum
2382 440 2596 500 oportet
2616 445 2737 486 esse
2765 441 2946 501 typum
2973 446 3004 484 a
3032 431 3276 499 veritate,
3306 431 3543 503 alioquin
3568 433 3713 487 enim

2117 527 2272 589 typus
2297 534 2405 573 non
2427 529 2572 574 esset
2599 538 2613 575 :
2642 534 2813 589 neque
2861 536 3073 574 rursum
3106 534 3201 589 par
3224 531 3306 576 est
3327 522 3597 591 extequari
3635 532 3712 593 ty-

2117 623 2243 678 pum
2272 611 2479 665 veritati
2504 628 2518 676 ;
2560 611 2795 681 alioquin
2829 621 2986 684 typus
3027 612 3139 681 ipsa
3169 614 3369 667 veritas
3396 621 3543 668 esset
3574 631 3589 670 :
3618 611 3715 667 sed

2117 698 2169 752 in
2205 715 2305 755 suo
2336 701 2497 755 modo
2528 710 2741 756 maneat
2765 710 2997 771 oportet,
3048 716 3221 771 neque
3261 702 3441 756 omnia
3497 701 3715 766 habeat,

2116 807 2236 861 quae
2264 793 2456 847 veritas
2478 791 2659 859 habet,
2692 808 2866 863 neque
2901 809 2933 849 a
2961 801 3072 848 toto
3104 792 3333 848 excidat.
3376 793 3432 848 Si
3462 793 3605 848 enim
3636 802 3719 848 to-

2120 891 2229 937 tum
2259 882 2479 937 haberet
2498 923 2512 943 .
2556 883 2670 952 ipsa
2708 886 2906 938 veritas
2931 891 3110 948 esset;
3144 884 3187 938 si
3217 898 3245 937 a
3278 893 3392 939 toto
3415 882 3713 949 excideret,

2118 988 2225 1028 non
2254 981 2437 1044 posset
2461 988 2581 1028 esse
2609 984 2795 1046 typus;
2821 974 2915 1029 sed
2941 983 3152 1043 oportet
3180 982 3235 1027 ιιι
3262 983 3466 1043 partem
3498 973 3712 1039 habeat,

2119 1072 2323 1132 partem
2351 1064 2562 1119 veritati
2592 1074 2848 1119 reservet.
2896 1063 2975 1119 Ne
3003 1064 3163 1133 igitur
3199 1064 3255 1119 in
3283 1063 3462 1120 Veteri
3490 1073 3658 1119 totum
3686 1080 3715 1117 a

2118 1166 2206 1207 me
2232 1152 2473 1222 requiras
2504 1153 2637 1207 :sed
2680 1154 2726 1208 si
2759 1168 2862 1224 qua
2896 1168 3058 1223 parva
3088 1163 3142 1207 et
3185 1153 3413 1207 obscura
3443 1153 3718 1223 acceperis

2118 1243 2421 1312 aenigmata,
2447 1251 2621 1297 tecum
2653 1244 2789 1298 bene
2817 1255 2994 1299 actum
3045 1257 3165 1298 esse
3211 1253 3358 1313 puta.
3388 1243 3490 1300 Ubi
3537 1246 3718 1315 itaque

2121 1347 2202 1386 εει
2230 1332 2479 1401 cognatio
2508 1335 2617 1405 typi
2644 1348 2763 1387 cum
2803 1333 3066 1389 veritate?
3097 1331 3152 1387 ht
3189 1348 3255 1388 eo
3281 1332 3424 1405 quod
3453 1334 3564 1390 illic
3595 1349 3710 1387 om-

2123 1437 2236 1486 nes,
2267 1422 2353 1478 hic
2378 1424 2505 1478 item
2542 1439 2732 1478 omnes
2760 1441 2773 1476 :
2808 1424 2917 1480 illic
2948 1441 3041 1494 per
3059 1440 3274 1495 aquam,
3309 1425 3395 1479 hic
3423 1426 3587 1481 etiam
3615 1440 3713 1495 per

2120 1528 2310 1583 aquam
2347 1514 2464 1568 :illi
2493 1531 2521 1568 a
2548 1515 2802 1570 servitute
2828 1516 3038 1570 liberati
3079 1525 3226 1583 sunt,
3282 1528 3337 1571 et
3378 1531 3477 1573 nos
3516 1517 3645 1572 item
3685 1533 3716 1571 a

2120 1604 2376 1660 servitute
2406 1605 2634 1672 liberati,
2668 1605 2763 1660 sed
2786 1622 2891 1660 non
2919 1606 2988 1659 ab
3014 1606 3203 1661 eadem
3236 1625 3251 1661 :
3280 1622 3403 1661 nam
3432 1607 3561 1661 illia
3590 1622 3713 1662 ser-

2120 1694 2288 1750 vitute
2317 1693 2710 1766 Egyptiorum,
2742 1711 2837 1750 nos
2864 1711 2894 1751 a
2922 1697 3179 1752 servitute
3197 1695 3502 1751 dmmonum
3535 1714 3549 1751 :
3580 1697 3655 1751 illi
3682 1712 3713 1751 a

2123 1788 2379 1841 servitute
2409 1787 2791 1851 Barbarorum,
2822 1804 2920 1857 nos
2952 1804 2979 1839 a
3003 1789 3263 1843 servitute
3292 1789 3520 1858 peccati.
3545 1787 3623 1843 Ad
3656 1789 3721 1842 li-

2125 1878 2386 1931 bertatem
2411 1877 2616 1933 reducti
2644 1890 2767 1932 sunt
2808 1880 2903 1943 illi,
2953 1889 3006 1932 et
3050 1896 3146 1933 nos
3178 1882 3363 1944 etiam,
3395 1881 3489 1935 sed
3518 1895 3621 1935 non
3651 1880 3719 1935 ad

2124 1969 2388 2034 eamdem,
2433 1970 2527 2025 sed
2557 1969 2624 2024 ad
2656 1971 2824 2025 multo
2874 1970 3291 2042 Splendidiorem
3325 1986 3443 2027 nos.
3481 1971 3632 2039 Quod
3673 1972 3721 2026 si

2128 2061 2330 2130 majora
2351 2062 2463 2115 suis
2492 2071 2671 2116 nostra
2703 2072 2754 2117 et
2811 2063 3215 2128 escellentiora,
3246 2079 3314 2117 ne
3338 2072 3576 2132 stupeas.
3608 2061 3724 2116 Hoc

2124 2150 2265 2208 enim
2289 2152 2519 2208 maxime
2539 2154 2778 2207 veritatis
2808 2162 2910 2220 est,
2943 2153 3083 2223 quod
3106 2154 3175 2208 sit
3196 2166 3321 2226 typo
3347 2154 3504 2224 longe
3534 2155 3722 2208 excel-

2123 2245 2337 2309 lentior,
2372 2259 2547 2313 neque
2574 2252 2752 2298 tamen
2790 2244 2864 2298 illi
2914 2244 3217 2299 adversaria
3247 2245 3338 2309 sit,
3369 2253 3424 2299 et
3466 2258 3587 2298 cum
3622 2242 3716 2298 illo

2125 2346 2339 2405 pugnet.
2376 2334 2510 2401 Quid
2549 2344 2725 2389 autem
2756 2344 2859 2401 est,
2891 2334 3077 2389 Omnes
3105 2334 3159 2389 in
3200 2334 3431 2407 Hoysem
3467 2335 3719 2405 baptizati

2123 2438 2239 2480 sunt
2260 2426 2284 2479 ?
2305 2423 2467 2481 Forte
2510 2425 2796 2481 obscurum
2828 2427 2844 2457 ί
2876 2435 2958 2480 est
2992 2424 3131 2495 quod
3152 2425 3347 2481 dicitur
3368 2444 3383 2491 ;
3406 2426 3498 2481 sed
3524 2425 3723 2481 clarius

2124 2518 2341 2573 efficere
2370 2518 2624 2572 conabor.
2659 2518 2805 2572 Mare
2830 2528 2954 2572 tunc
2975 2528 3088 2572 erat
3109 2518 3360 2574 diﬂ'usuut
3387 2528 3511 2575 ante
3538 2520 3725 2575 oculos

2124 2624 2311 2663 eorum
2339 2618 2393 2662 et
2416 2608 2739 2677 jubebantur
2779 2609 3007 2662 transire
3054 2622 3150 2678 per
3184 2617 3494 2664 extraneam
3535 2624 3724 2678 quam-

2123 2699 2247 2755 dam
2278 2708 2331 2754 ct
2358 2699 2721 2753 admirabilem
2752 2699 2912 2752 viam.
2956 2697 3126 2753 Nemo
3155 2714 3406 2768 umquam
3439 2702 3516 2755 sic
3546 2710 3724 2756 trans-

2126 2794 2279 2847 ierat.
2306 2790 2706 2848 Cunclabantur
2744 2800 2798 2845 et
2829 2792 3165 2856 recusabant,
3216 2803 3375 2862 atque
3400 2808 3541 2862 aegre
3579 2792 3723 2848 fere-

2125 2883 2272 2938 bant.
2326 2881 2596 2937 Transivit
2638 2881 2847 2953 Moyses
2900 2883 3124 2951 primus,
3170 2891 3222 2936 ct
3252 2893 3307 2935 ιιι
3332 2898 3520 2938 omnes
3570 2884 3725 2939 facile

2125 2984 2477 3044 sequerentur
2518 2972 2715 3026 effecit.
2752 2972 2862 3026 lloc
2908 2973 3009 3026 sibi
3051 2974 3162 3027 vult
3202 2972 3356 3037 illud,
3386 2972 3451 3027 In
3496 2973 3724 3045 ﬂagrent

2126 3064 2366 3136 bnptizati
2394 3073 2685 3127 sunt;cum
2714 3062 2786 3116 illi
2810 3062 3185 3128 credidissent,
3224 3071 3348 3117 tunc
3367 3064 3419 3117 in
3445 3078 3610 3133 aquas
3632 3065 3724 3120 illo

2126 3156 2261 3211 duce
2288 3156 2493 3225 ipsique
2514 3154 2735 3210 ﬁdentes
2758 3154 2961 3223 ingredi
2984 3155 3098 3209 ausi
3119 3164 3262 3209 sunt.
3288 3155 3400 3210 iloc
3416 3157 3537 3211 etin
3560 3155 3721 3212 Citri-

2126 3256 2210 3301 sto
2230 3246 2421 3300 accidit
2454 3264 2467 3299 :
2500 3260 2624 3299 cum
2656 3248 2799 3299 enim
2832 3260 2932 3300 nos
2976 3245 3279 3299 reduxisset
3306 3247 3374 3300 ab
3415 3260 3623 3310 errore,
3667 3256 3724 3301 et

2126 3338 2193 3391 ab
2214 3336 2476 3391 idolorum
2503 3336 2648 3390 cultu
2678 3336 2978 3401 liberasset,
3013 3345 3067 3389 et
3098 3335 3153 3388 in
3187 3351 3410 3406 regnum
3440 3351 3540 3390 nos
3563 3351 3723 3391 manu

2126 3427 2368 3493 duceret,
2401 3427 2514 3496 ipse
2544 3428 2748 3496 primus
2788 3428 2929 3481 viam
2960 3426 3188 3496 aperuit,
3235 3428 3436 3497 primus
3468 3428 3519 3481 in
3563 3428 3724 3482 cmlos

2126 3521 2385 3575 ast-endit.
2429 3519 2890 3586 Quemadmodum
2924 3519 3084 3589 igitur
3125 3518 3200 3573 illi
3251 3519 3419 3593 Moysi
3472 3517 3721 3586 fidentes,

2128 3611 2227 3665 iter
2256 3611 2528 3680 suscipere
2567 3617 2692 3664 sunt
2718 3610 2872 3674 ausi,
2902 3611 2972 3664 ita
2998 3620 3052 3665 et
3078 3624 3177 3664 nos
3216 3610 3429 3665 Cltristo
3472 3608 3720 3677 ﬁdentes,

2128 3700 2265 3755 hanc
2294 3702 2775 3769 peregrinationem
2810 3700 3035 3755 ﬁdentes
3064 3701 3406 3769 suscipimus.
3436 3700 3588 3768 Quod
3625 3715 3723 3754 au-

2128 3801 2234 3845 tem
2270 3791 2319 3845 id
2351 3790 2451 3846 sibi
2494 3791 2624 3846 velit
2666 3791 2793 3845 illud
2843 3791 2908 3845 In
2937 3790 3165 3861 Moysen:
3207 3792 3448 3861 baptismi
3473 3801 3609 3857 sunt,
3658 3808 3725 3849 ex

2131 3880 2350 3934 historia
2385 3880 2557 3949 palam
2584 3891 2687 3935 est.
2716 3880 2831 3934 Non
2855 3881 2997 3936 enim
3026 3881 3076 3935 in
3108 3896 3303 3935 nomen
3322 3880 3521 3953 Moysis
3547 3880 3724 3951 bapti-

2128 3972 2228 4026 zati
2263 3982 2407 4025 sunt.
2440 3971 2499 4026 Si
2542 3986 2699 4041 porro
2749 3987 2847 4026 nos
2894 3987 2999 4027 non
3049 3972 3208 4026 modo
3234 3972 3417 4028 .lesum
3444 3973 3634 4028 ducem
3662 3987 3728 4029 ac

2130 4066 2423 4136 principem
2444 4064 2724 4129 habemus,
2755 4064 2848 4119 sed
2872 4065 3031 4119 etiam
3062 4066 3113 4118 in
3145 4080 3339 4119 nomen
3357 4064 3472 4135 ejus
3494 4066 3729 4135 baptiza-

2131 4174 2269 4223 mur,
2300 4158 2422 4211 licet
2453 4157 2526 4211 illi
2579 4174 2683 4212 non
2715 4158 3048 4227 baptizentur
3088 4159 3140 4212 in
3171 4173 3365 4213 nomen
3397 4159 3612 4231 Moysis,
3659 4176 3729 4215 ne

2130 4235 2251 4302 ideo
2300 4249 2528 4303 turbt-ris
2562 4268 2574 4302 :
2607 4249 2713 4303 dixi
2764 4264 2991 4317 namque
3020 4259 3268 4318 oportere
3294 4258 3350 4303 ut
3393 4253 3589 4306 veritas
3631 4252 3728 4307 ali-

2129 4353 2287 4407 quam
2332 4339 2595 4408 ingentem
2642 4348 2696 4394 et
2738 4339 3061 4394 inetiabilem
3114 4339 3489 4395 excellentiam
3535 4341 3731 4399 habeat

2130 4440 2290 4497 supra
2321 4429 2561 4497 figuram.

2204 4518 2385 4573 Mensa
2401 4530 2447 4572 et
2476 4518 2721 4590 Mysteria
2767 4536 2915 4574 sacra
2940 4522 2991 4574 in
3041 4518 3207 4575 Veteri
3234 4522 3369 4592 Lege
3398 4522 3729 4587 adttmbrata;

2132 4609 2336 4664 Paulus
2380 4609 2743 4666 Samosntenns
2790 4611 3057 4682 refellitur.
3086 4641 3159 4650 —
3184 4611 3427 4667 Vidistin’
3453 4612 3506 4666 in
3552 4615 3729 4683 bapti-

2132 4716 2251 4757 smo
2274 4706 2362 4772 qui
2393 4703 2465 4757 sit
2491 4714 2666 4774 typus,
2706 4718 2824 4771 qua:
2855 4702 3097 4759 veritas?
3142 4704 3274 4771 Age,
3303 4704 3578 4759 ostendam
3636 4705 3727 4761 tibi

2134 4803 2189 4849 et
2217 4809 2454 4847 mensam
2493 4804 2549 4849 et
2578 4795 2953 4865 mysteriorum
3000 4794 3462 4864 participationem
3491 4796 3597 4851 illic
3628 4796 3727 4851 ad-

2136 4886 2433 4938 umbratam
2462 4882 2646 4946 fuisse,
2693 4885 2736 4937 si
2790 4899 2895 4937 non
2939 4891 3108 4937 totum
3147 4898 3334 4939 rursus
3360 4900 3390 4938 a
3416 4900 3504 4941 me
3552 4898 3724 4955 petas,

2136 4975 2229 5029 sed
2256 4977 2334 5030 sic
2362 4990 2424 5030 ea
2450 4990 2569 5046 qua:
2613 4984 2760 5043 gesta
2790 4984 2913 5029 sunt
2955 4975 3251 5040 examines,
3285 4987 3342 5030 ut
3368 4992 3465 5048 par
3494 4989 3577 5032 est
3603 4993 3727 5032 unt-

2138 5067 2259 5120 bras
2287 5077 2340 5122 et
2370 5067 2585 5138 ﬁguras.
2614 5065 2747 5120 Nam
2777 5081 2898 5120 cmn
2930 5066 3155 5122 dixisset
3188 5067 3256 5122 de
3282 5070 3434 5134 mari,
3468 5063 3537 5123 de
3566 5070 3727 5136 nube,

2137 5158 2310 5230 deque
2334 5159 2533 5231 Moyse,
2558 5158 2833 5227 subjunxit
2861 5175 2875 5211 :
2906 5158 2971 5213 Et
2990 5174 3162 5213 omnes
3181 5159 3405 5213 eamdem
3426 5176 3589 5213 escam
3625 5163 3731 5229 spi-

2137 5252 2373 5307 ritualem
2420 5253 2765 5305 comederunt.
2815 5250 3275 5315 Quemadmodum
3327 5260 3405 5315 tu,
3437 5252 3629 5321 inquit,
3663 5269 3726 5305 ex

2142 5342 2346 5413 piscina
2374 5357 2628 5412 aquarum
2655 5339 2973 5409 ascendens,
3022 5342 3087 5396 ad
3131 5356 3368 5395 mensam
3412 5341 3583 5396 curris
3615 5341 3730 5396 :sic

2141 5444 2191 5490 ct
2220 5435 2291 5489 illi
2318 5450 2384 5490 ex
2412 5435 2543 5488 mari
2569 5433 2945 5497 ascendentes,
2968 5433 3035 5488 ad
3063 5448 3301 5488 mensam
3331 5448 3519 5487 novam
3541 5443 3595 5488 et
3629 5433 3727 5487 mi-

2145 5529 2368 5583 rabilem
2390 5534 2670 5591 venerunt,
2700 5526 2767 5579 de
2795 5539 2988 5579 manna
3016 5525 3227 5595 loquor.
3250 5526 3329 5579 Ac
3350 5537 3563 5579 rursum
3592 5524 3726 5579 sicut

2208 5673 2223 5702 ι
2254 5670 2312 5734 In
2351 5668 2508 5720 Editis
2546 5672 2748 5734 legitur,
2787 5668 2977 5721 clarum
3005 5671 3430 5734 (capte);_Sa\-il.,
3472 5671 3727 5734 obstarent

2145 5732 2384 5797 (ἀσαςὲς),
2398 5735 2447 5783 in
2461 5730 2683 5796 margine
2696 5740 2949 5795 posuerat,
2963 5730 3019 5782 ct
3040 5730 3128 5783 nos
3149 5730 3361 5798 legimus
3383 5748 3409 5783 e
3431 5730 3594 5790 codice
3616 5735 3706 5782 τιὸ
