4088 6446
321 411 432 469 ξιτ)

327 538 384 581 ιιι
417 521 718 582 mirabilem
770 529 957 594 potum
996 519 1189 588 babes,
1232 516 1545 589 sanguinem
1599 512 1894 569 Salvatoris
1926 528 1938 564 :

329 619 412 674 sic
434 627 491 672 et
519 618 592 673 illi
626 614 931 672 mirabilem
958 611 1195 666 habuere
1221 622 1382 682 potus
1407 617 1691 672 naturam;
1727 619 1832 660 non
1861 603 1944 656 in-

331 717 602 764 venerunt
641 706 840 773 fontes,
879 719 986 760 non
1035 703 1249 766 ﬂuvios,
1289 701 1383 756 sed
1415 715 1482 754 ex
1515 708 1664 768 petra
1712 695 1848 751 dura
1892 701 1948 748 et

332 801 594 871 inaquosa
641 812 887 869 magnam
957 794 1280 851 ﬂuentorum
1323 793 1532 862 copiam
1599 796 1945 858 acceperunt.

335 891 462 947 Ideo
491 899 678 962 potum
709 889 884 956 illum,
911 886 1242 956 spiritualem
1270 884 1514 948 vocavit;
1544 898 1649 936 nou
1676 879 1819 951 quod
1849 892 1948 932 ua-

336 993 454 1037 tura
488 982 611 1036 talis
637 988 804 1054 esset,
831 978 926 1033 sed
947 977 1091 1049 quod
1119 992 1186 1032 ex
1215 975 1398 1039 modo,
1428 988 1538 1044 quo
1565 969 1949 1042 suppeditaba-

336 1083 447 1138 tur,
477 1073 605 1128 talis
633 1073 804 1126 tieret.
835 1068 1024 1140 Neque
1049 1068 1193 1123 enim
1222 1064 1518 1121 secundum
1545 1072 1754 1118 natura:
1786 1059 1952 1114 ratio-

338 1181 463 1221 nem
492 1166 623 1236 ipsis
648 1162 898 1228 dabatur,
926 1161 1020 1216 sed
1044 1158 1340 1215 secundum
1369 1157 1485 1222 Dei,
1515 1157 1664 1226 ipsos
1683 1152 1950 1220 ducentis,

340 1258 740 1327 operationem.
770 1255 924 1323 Quod
957 1255 1045 1309 ille
1087 1253 1152 1308 ad
1191 1263 1398 1307 rectum
1432 1247 1955 1305 seusnmdcducens

342 1349 582 1412 dicebat.
612 1348 746 1405 Cum
771 1348 914 1404 enim
944 1346 1192 1410 dixisset,
1233 1342 1301 1397 Et
1331 1359 1505 1397 omnes
1526 1344 1756 1396 eumdem
1777 1349 1958 1409 potum

342 1432 666 1510 spiritimlem
691 1439 940 1502 biberunt,
978 1452 1115 1508 aqua
1137 1445 1318 1491 autem
1351 1443 1470 1490 erat
1498 1449 1620 1504 qua:
1648 1431 1953 1496 bibebatur,

347 1541 406 1586 nt
424 1531 736 1586 ostenderet
761 1545 822 1585 se
853 1529 976 1584 ideo
997 1528 1334 1598 Spiritualem
1365 1526 1588 1587 dixisse,
1624 1538 1733 1579 non
1763 1522 1835 1577 ob
1858 1536 1957 1576 na-

350 1634 525 1678 turam
547 1638 720 1692 aqua...
749 1621 844 1678 sed
875 1620 946 1676 ob
973 1619 1215 1682 modum,
1241 1635 1350 1689 quo
1377 1615 1837 1686 suppeditabatur,
1865 1612 1961 1666 ad-

346 1713 477 1786 iecit
505 1712 781 1768 :Bibebant
810 1713 946 1766 enim
969 1712 1032 1765 de
1047 1711 1304 1782 spirituah'
1321 1717 1652 1778 consequente
1673 1723 1756 1761 eos
1780 1713 1923 1775 petra
1941 1719 1961 1758 :

353 1817 499 1879 petra
517 1817 688 1861 autem
713 1815 820 1860 erat
849 1804 1102 1861 Christus.
1130 1804 1471 1872 Non,inqnit,
1510 1812 1698 1856 natura
1745 1797 1960 1870 lapidis,

354 1900 449 1956 sed
472 1899 745 1969 opemntis
779 1898 869 1953 Dei
903 1899 1071 1952 virtus
1101 1895 1277 1950 fontes
1307 1895 1428 1949 illos
1458 1893 1758 1950 emittebat.

427 1991 483 2048 5.
528 1992 591 2046 Et
613 1991 699 2046 hic
724 1991 870 2046 Pauli
889 1989 1225 2046 Samosateni
1252 1988 1499 2043 lnrresitn
1529 1985 1786 2041 radicitus
1806 1983 1952 2039 evel-

365 2082 447 2136 lit.
489 2082 546 2138 Si
574 2084 716 2136 enim
743 2083 987 2138 Christus
1012 2081 1100 2135 illa
1124 2081 1303 2134 omnia
1331 2080 1671 2148 operabatur,
1695 2075 1968 2146 quomodo

363 2173 539 2242 ipsum
573 2174 698 2227 hinc
715 2173 947 2244 cmpisse
974 2172 1180 2237 dicunt,
1209 2187 1332 2225 cum
1361 2171 1519 2223 Maria
1550 2171 1723 2239 ipsum
1751 2165 1968 2237 genuit?

360 2262 499 2319 Cum
531 2266 674 2320 enim
706 2279 769 2319 ea
797 2280 915 2335 quae
951 2266 1003 2318 in
1046 2264 1264 2317 deserto
1311 2273 1462 2332 gesta
1516 2269 1659 2323 sunt,
1687 2269 1814 2314 ante
1853 2258 1969 2311 Ma-

364 2356 502 2410 riam
555 2355 692 2412 facta
734 2358 865 2420 sint,
907 2364 965 2410 et
1001 2355 1249 2410 Christus
1278 2353 1572 2408 secundum
1606 2352 1752 2406 Pauli
1782 2346 1970 2405 vocem

344 2449 455 2503 -illa
485 2450 664 2502 omnia
709 2448 915 2514 fecerit,
951 2463 1173 2502 noeesse
1211 2459 1292 2502 est
1333 2447 1483 2501 illum
1525 2455 1580 2500 et
1605 2453 1731 2500 ante
1761 2452 1970 2514 partum

363 2549 420 2592 et
443 2549 573 2593 ante
597 2537 1010 2608 parturitionem
1031 2539 1192 2593 fuisse
1222 2557 1232 2591 :
1264 2538 1597 2607 nequeenim
1628 2541 1718 2607 qui
1749 2552 1853 2590 non
1875 2550 1973 2590 ex-

373 2631 621 2693 stitisset,
662 2641 767 2684 tam
810 2631 1073 2686 mirabilia
1119 2642 1280 2698 atque
1320 2630 1654 2684 incredibilia
1691 2644 1854 2699 opera
1883 2644 1974 2699 pa-

371 2729 588 2774 trasset.
610 2719 758 2775 Sicut
776 2731 956 2776 autem
980 2736 1102 2776 cum
1124 2721 1278 2785 dixit,
1305 2735 1495 2774 oumes
1525 2736 1618 2789 per
1634 2736 1782 2775 mare
1809 2729 1977 2774 trans-

369 2811 566 2874 ivisse,
602 2811 860 2866 Ecclesia:
889 2812 1220 2866 nobilitatem
1267 2813 1357 2865 diu
1413 2822 1537 2866 ante
1587 2815 1726 2883 typis
1751 2826 1975 2880 expres-

370 2917 484 2956 sam
518 2903 819 2957 declaravit
849 2921 862 2956 :
893 2905 970 2956 sic
998 2919 1120 2956 cmn
1142 2904 1294 2968 dixit,
1321 2919 1509 2956 omnes
1529 2903 1773 2958 eamdem
1797 2917 1974 2956 escam

371 2995 705 3064 spiritualetn
723 2995 1050 3062 comedisse,
1086 2996 1314 3065 idipsum
1361 2997 1551 3050 iterum
1595 2994 1975 3049 subiudicavit.

376 3086 842 3153 Quemadmodum
871 3089 1015 3142 enim
1069 3089 1121 3142 in
1167 3088 1403 3142 Ecclesia
1452 3103 1556 3140 non
1598 3086 1742 3139 aliud
1785 3099 1980 3151 corpus

376 3179 549 3242 dives,
579 3178 721 3231 aliud
763 3193 988 3248 pauper,
1024 3193 1124 3233 nec
1145 3179 1306 3232 alium
1337 3180 1651 3246 sanguinem
1686 3177 1791 3240 hic,
1813 3176 1977 3231 alium

383 3271 474 3325 ille
491 3271 688 3340 accipit
713 3288 726 3323 :
757 3271 837 3324 sic
858 3280 913 3324 et
934 3269 1026 3324 illo
1047 3279 1287 3339 tempore
1309 3286 1415 3324 non
1437 3269 1580 3323 aliud
1610 3268 1760 3324 dives
1785 3283 1980 3323 manna

379 3363 608 3430 accepit,
639 3361 783 3416 aliud
830 3377 1066 3432 pauper;
1115 3379 1214 3416 nec
1240 3363 1465 3417 alterius
1498 3363 1588 3418 ille
1620 3363 1802 3426 fontis,
1850 3363 1982 3418 alte-

380 3455 495 3508 rius
519 3453 605 3509 bic
635 3465 690 3508 et
713 3453 1086 3524 indigentioris
1109 3457 1379 3526 particeps
1407 3455 1504 3509 fuit
1536 3475 1548 3512 :
1573 3455 1669 3511 sed
1685 3455 1820 3509 sicut
1842 3471 1984 3510 nunc

376 3544 569 3601 cadent
620 3546 733 3614 ipsa
785 3561 995 3610 mensa,
1049 3547 1277 3616 idipsum
1329 3548 1603 3617 poculum,
1651 3548 1791 3603 idem
1831 3549 1986 3603 cibus

383 3639 634 3692 omnibus
661 3639 764 3692 huc
793 3638 1216 3709 ingredientibus
1257 3639 1480 3694 olTertur
1516 3660 1527 3694 :
1559 3641 1628 3694 ila
1659 3649 1713 3695 et
1743 3650 1868 3694 tunc
1899 3639 1979 3693 id-

386 3730 562 3798 ipsum
616 3745 847 3794 manna,
902 3731 1041 3785 idem
1094 3729 1214 3785 fons
1262 3733 1513 3786 omnibus
1563 3731 1980 3802 proponebatur.

381 3823 646 3891 Quodque
692 3824 1014 3894 stupendum
1045 3825 1528 3895 admirandumque
1571 3835 1674 3889 est,
1710 3835 1985 3882 tentaverc

384 3917 605 3986 quidam
635 3917 728 3970 illo
754 3929 996 3986 tempore
1018 3918 1158 3988 plus,
1191 3935 1348 3988 quam
1380 3935 1514 3988 opus
1544 3931 1678 3982 erat,
1710 3921 1986 3990 colligi-re,

383 4010 622 4079 nihilque
667 4009 863 4078 profuit
897 4013 1005 4065 illis
1034 4012 1280 4065 avaritia.
1336 4012 1531 4066 Verum
1563 4014 1737 4068 donec
1769 4016 1984 4083 u-quali-

389 4114 555 4158 tatem
589 4102 898 4169 servabant,
930 4120 1124 4159 manna
1170 4106 1421 4159 manebat
1465 4122 1694 4171 manna;
1742 4108 1827 4162 tibi
1861 4124 1991 4161 vero

385 4193 508 4263 plus
539 4195 783 4264 accipere
823 4195 1128 4260 studebant,
1177 4197 1397 4251 av.iritia
1436 4214 1627 4251 mmna
1672 4199 1723 4252 in
1779 4215 1986 4252 vermes

390 4287 632 4340 mutabat
670 4307 679 4339 :
714 4290 957 4357 quamvis
988 4289 1089 4344 hoc
1119 4307 1223 4343 non
1255 4307 1375 4344 cmn
1406 4292 1732 4344 detrimento
1763 4292 1988 4345 aliorum

387 4376 664 4431 faciebant
695 4396 705 4430 :
735 4394 842 4432 non
885 4381 1028 4433 enim
1070 4382 1303 4451 proximi
1348 4397 1527 4435 escam
1571 4383 1830 4452 rapiendo
1875 4383 1992 4452 plus

383 4469 713 4539 colligebant
743 4493 776 4535 ,-
807 4480 1046 4526 attamen
1109 4474 1230 4543 quia
1307 4475 1424 4543 plus
1491 4476 1947 4545 COﬂCLplSCt‘bﬂlll
1976 4519 1990 4543 ,

389 4563 628 4616 damnati
659 4571 802 4616 sunt.
839 4564 986 4620 Licet
1016 4568 1160 4620 enim
1209 4567 1511 4636 proximum
1558 4585 1661 4623 non
1712 4569 1990 4635 luderent,

388 4655 492 4707 sibi
527 4664 704 4708 tamen
747 4657 1038 4710 maximum
1092 4658 1348 4712 damnum
1380 4659 1696 4726 affet-ebant,
1739 4677 1860 4715 cum
1895 4661 1996 4716 hoc

389 4745 684 4815 colligendi
705 4746 864 4801 modo
880 4749 1118 4802 avaritia:
1145 4761 1541 4805 assuescerent.
1565 4751 1746 4822 Itaque
1767 4753 1993 4821 idipsnm

389 4838 549 4891 simul
583 4847 636 4891 et
665 4854 786 4892 esca
819 4852 931 4894 erat
964 4851 1018 4895 ct
1047 4843 1140 4896 Dei
1169 4843 1489 4913 cognitionis
1519 4845 1761 4899 doctrina
1799 4847 1995 4901 :simul

390 4945 624 4999 corpora
670 4932 958 4998 nutriebat,
991 4944 1043 4987 et
1072 4936 1354 4989 erudiebat
1391 4937 1664 5000 animum;
1697 4953 1871 5006 neque
1904 4955 1999 4992 nu—

395 5021 591 5074 tricbat
619 5031 846 5083 tantum,
879 5023 972 5076 sed
1006 5026 1168 5078 etiam
1200 5041 1228 5078 a
1260 5026 1443 5082 labore
1480 5030 1770 5086 eximebat.
1815 5032 1998 5102 Neque
2037 5019 2039 5021 ’

392 5114 538 5166 enim
572 5128 708 5181 opus
733 5124 848 5169 erat
871 5118 1098 5186 jnngere
1143 5119 1332 5182 boves,
1381 5132 1620 5175 aratrum
1653 5124 1885 5192 trahere,
1913 5127 1998 5179 vel

395 5216 596 5260 terram
622 5208 858 5272 sulcare,
879 5210 962 5263 vel
997 5227 1090 5278 per
1111 5227 1310 5266 annum
1334 5228 1647 5284 exspectare
1668 5233 1683 5282 ;
1708 5219 1801 5272 sed
1823 5219 2001 5273 subito

395 5299 696 5368 appositam
750 5299 1017 5355 hauebant
1063 5319 1326 5369 mensam,
1373 5319 1671 5375 recentem,
1722 5325 1914 5364 noiam
1946 5321 2003 5365 et

392 5389 761 5454 quotidianam
791 5409 803 5442 :
832 5391 1095 5462 rebusque
1140 5395 1267 5464 ipsis
1312 5397 1593 5452 discebant
1627 5403 1999 5470 evangelicum

397 5480 526 5534 illud
572 5494 928 5550 praeceptum,
981 5501 1084 5538 non
1130 5487 1328 5541 debere
1361 5492 1669 5558 quempiam
1715 5492 2000 5547 Sollicitum

396 5587 520 5625 esse
566 5573 616 5623 in
647 5574 940 5626 crastinum
1001 5574 1214 5647 (Matth.
1245 5577 1295 5632 6.
1339 5579 1430 5647 Si)
1464 5598 1475 5631 :
1511 5581 1650 5634 nulla
1681 5584 1876 5652 quippe
1902 5585 2004 5638 uti-

359 5708 362 5710 .
399 5663 524 5717 luas
547 5679 612 5717 ex
644 5663 740 5717 hac
789 5666 1152 5720 sollicitudine
1191 5673 1642 5740 consequebatur.
1677 5676 1828 5739 Quod
1860 5679 2001 5732 enim

402 5755 522 5821 plus
551 5757 820 5824 quispiam
854 5758 1164 5826 eulligebat,
1215 5765 1660 5831 eorrumpebatnr
1687 5777 1742 5820 et
1773 5770 2000 5836 peribat,

404 5859 565 5917 atque
595 5860 967 5919 argumentum
1019 5855 1250 5908 avaritia:
1285 5856 1458 5910 solum
1499 5863 1766 5915 manebat.
1803 5864 2000 5917 Deinde

1158 403 1225 461 IN
1265 401 1521 461 DlCTUM
1559 395 1790 466 PAULI,
1830 394 2014 453 NOLO
2056 392 2188 450 VOS
2231 393 2605 460 lGNORAliE,
2650 393 2809 451 E'IC.

3550 390 3657 445 250

2060 528 2127 568 nc
2174 523 2426 584 putarent
2467 511 2693 567 imbrem
2737 511 2884 567 illum
2921 523 2986 565 ex
3029 519 3232 563 naturae
3266 507 3661 564 consuetudine

2057 622 2300 669 manare,
2335 608 2386 660 in
2419 606 2504 660 die
2552 603 2764 661 sabbati
2805 601 2939 659 nihil
2983 599 3295 672 hujusmodi
3333 601 3514 667 litabat,
3550 599 3663 655 Deo

2060 700 2178 755 haec
2207 709 2434 770 utraque
2465 699 2612 769 ipsos
2639 698 2908 763 docente;
2951 695 3095 768 quod
3123 695 3334 750 scilicet
3365 695 3480 764 ipse
3522 709 3662 763 pra-.-

2058 795 2230 850 teritis
2258 792 2612 849 diebushanc
2639 787 2938 847 mirabilem
2960 788 3198 861 pluviam
3219 795 3474 858 operatus
3495 795 3664 847 esset,

2058 897 2113 942 ct
2139 885 2281 957 quod
2315 885 2412 941 illo
2436 885 2525 940 die
2553 884 2790 956 pluviam
2832 883 2956 938 ideo
2976 879 3277 943 cohiberet,
3311 891 3365 932 ut.
3401 879 3483 933 vel
3516 878 3666 933 inviti

2058 978 2333 1034 discerent
2362 976 2455 1031 illo
2492 976 2581 1031 die
2611 974 2813 1030 feriari.
2851 973 3038 1044 Neque
3067 989 3134 1027 ex
3156 972 3277 1028 cibo
3309 967 3542 1035 ta'utmn,
3568 967 3672 1023 sed

2059 1071 2222 1126 etiam
2246 1082 2312 1124 ex
2342 1066 2683 1123 vestimentis
2707 1074 2764 1122 et
2788 1063 3170 1121 calceamentis
3187 1072 3242 1118 et
3257 1075 3321 1119 ex
3346 1061 3468 1117 aliis
3488 1061 3670 1116 omni-

2062 1161 2185 1226 bus,
2212 1158 2396 1216 videre
2413 1167 2533 1215 erat
2559 1147 2751 1215 tradita
2775 1156 3040 1228 apostolis
3063 1155 3312 1209 mandata
3335 1153 3511 1222 reipsa
3532 1166 3675 1207 com-

2063 1256 2228 1326 picta.
2269 1253 2458 1325 Neque
2482 1252 2624 1306 enim
2661 1251 2884 1306 donnnn
2914 1248 3211 1313 habebant,
3263 1262 3375 1302 non
3406 1259 3671 1311 mensam,

2064 1362 2170 1401 non
2201 1345 2426 1411 lectum,
2459 1360 2568 1400 non
2599 1355 2803 1398 vestem
2835 1341 3200 1406 mutatoriam,
3241 1355 3418 1408 neque
3438 1338 3671 1398 calceos.

2067 1439 2179 1495 Deo
2209 1439 2289 1493 sic
2330 1437 2705 1507 dispensante.
2734 1435 2872 1491 Vide
2902 1444 3100 1506 quanta
3131 1435 3204 1488 sit
3245 1431 3458 1488 Veteris
3484 1430 3676 1486 Testa-

2071 1533 2239 1588 menti
2268 1546 2389 1586 cum
2416 1529 2568 1586 Novo
2585 1529 2836 1584 afﬁnitas.
2859 1525 3326 1596 Quemadmodum
3351 1525 3496 1579 enim
3520 1522 3676 1577 Chri-

2066 1635 2182 1678 stus
2221 1623 2500 1693 apostolos
2535 1621 2752 1676 deumm
2803 1618 2873 1674 ad
2911 1636 2976 1674 ea
3016 1635 3137 1690 quae
3178 1616 3484 1672 necessatis
3522 1623 3679 1669 erant

2070 1715 2405 1775 informavit.
2443 1715 2524 1770 sic
2549 1723 2604 1769 et
2635 1713 2739 1767 illis
2766 1712 2890 1765 vitae
2939 1710 3136 1766 modus
3177 1709 3462 1778 adoptatus
3490 1713 3594 1772 est,
3625 1717 3681 1759 et

2070 1809 2247 1863 omnis
2262 1817 2512 1863 creatura
2536 1806 2602 1861 ad
2627 1803 2988 1860 ministerium
3011 1818 3202 1858 eorum
3222 1807 3519 1871 prmparata
3541 1808 3677 1853 erat.

2071 1899 2139 1954 Et
2164 1914 2281 1964 cur,
2314 1898 2546 1968 inquies,
2576 1896 2691 1951 haec
2715 1896 2850 1950 facta
2880 1894 3046 1949 sunt?
3077 1893 3224 1963 Ipsos
3252 1892 3304 1945 in
3336 1905 3503 1944 unum
3526 1887 3675 1944 orbis

2075 1994 2250 2048 locum
2273 1991 2626 2046 conclusurus
2647 1999 2782 2051 erat,
2804 1997 2859 2042 et
2886 1987 3237 2042 mandaturus
3257 1985 3335 2038 eis
3357 1995 3411 2037 ut
3433 1983 3534 2038 sibi
3555 1998 3678 2051 per-

2077 2094 2238 2153 petuo
2275 2083 2384 2138 illic
2412 2082 2804 2144 ministrarent,
2830 2095 2892 2134 ac
2919 2095 3093 2150 neque
3122 2078 3377 2148 templum
3403 2076 3486 2131 vel
3513 2075 3685 2129 altare

2075 2179 2202 2232 alibi
2235 2193 2330 2246 per
2356 2177 2545 2231 orbem
2576 2183 2995 2237 construerent;
3036 2171 3134 2229 sed
3184 2172 3485 2226 oblationes
3514 2177 3570 2223 ct
3599 2183 3685 2222 sn-

2076 2268 2278 2324 critieia
2307 2282 2402 2322 sua
2433 2267 2561 2322 illuc
2589 2267 2867 2332 afferrent,
2899 2263 3030 2320 festa
3063 2263 3420 2324 celebrarent,
3446 2262 3686 2331 legerent

2080 2361 2275 2428 legem,
2306 2369 2361 2414 et
2381 2374 2572 2413 omnes
2595 2358 2732 2412 alios
2758 2355 3200 2412 sanctificationis
3229 2354 3373 2408 illius
3403 2353 3539 2408 ritus
3567 2367 3688 2422 per-

2080 2448 2324 2504 licerent.
2348 2449 2426 2504 Ne
2453 2451 2614 2520 igitur
2634 2464 2698 2504 ex
2723 2446 2946 2503 definito
2968 2447 3248 2502 ministerii
3274 2446 3377 2500 ritu
3401 2443 3689 2516 providen-

2081 2543 2209 2595 tiam
2239 2555 2390 2596 suam
2425 2542 2532 2596 illic
2558 2540 2805 2596 concludi
2839 2548 3109 2608 putarent,
3158 2553 3324 2608 seque
3371 2537 3538 2592 Deum
3561 2551 3690 2608 parm

2087 2635 2364 2689 ticnlarem
2400 2636 2542 2689 illius
2572 2634 2676 2688 loci
2705 2633 3010 2695 crederent,
3053 2631 3201 2700 prius
3240 2630 3494 2684 virtutem
3539 2643 3689 2685 suam

2086 2729 2138 2781 in
2167 2727 2343 2781 aliena
2376 2736 2518 2786 terra
2549 2725 2813 2788 exhibuit,
2853 2725 2908 2778 in
2956 2723 3214 2794 Egypto,
3249 2724 3300 2776 in
3331 2720 3568 2785 deserto,
3601 2719 3690 2775 ubi

2086 2835 2248 2874 nemo
2286 2819 2376 2890 qui
2404 2835 2464 2872 se
2491 2819 2714 2884 coleret,
2749 2832 2909 2872 nemo
2951 2827 3066 2871 erat
3095 2815 3184 2886 qui
3226 2830 3286 2869 se
3311 2813 3565 2867 adoraret
3595 2828 3609 2864 :
3638 2821 3694 2866 et

2085 2913 2374 2966 contrariis
2403 2912 2561 2965 rebus
2588 2920 2836 2966 creatura
2870 2909 3161 2972 serviebat,
3199 2905 3453 2975 uaporibus
3473 2904 3585 2957 suis
3610 2902 3693 2956 vel

2087 3002 2380 3057 incredulis
2424 3003 2679 3068 suadens,
2723 3009 2781 3055 ut
2822 3001 3157 3055 creationem
3205 2999 3272 3052 ab
3319 2997 3472 3051 initio
3501 2996 3569 3050 ab
3604 2995 3697 3049 illo

2088 3093 2282 3147 factam
2326 3103 2697 3163 agnoscerent.
2754 3091 2964 3146 Etenim
3017 3105 3165 3146 mare
3209 3089 3344 3143 alios
3389 3087 3692 3148 sntl‘ocavtt,

2087 3186 2222 3240 alios
2262 3191 2529 3249 servavit;
2575 3201 2668 3239 aer
2717 3199 2859 3238 nunc
2896 3183 3247 3253 gramlinem,
3289 3196 3398 3249 quo
3439 3179 3699 3232 barbaros

2093 3279 2366 3349 perderet,
2402 3294 2542 3332 nunc
2585 3292 2803 3342 manna,
2838 3284 2896 3331 ut
2921 3274 3138 3331 Judwos
3174 3273 3364 3338 aleret,
3395 3271 3693 3327 emittebat.

2092 3373 2330 3428 Rursum
2361 3382 2523 3436 terra,
2553 3385 2698 3426 nunc
2726 3369 2999 3436 sciniphes
3024 3367 3090 3422 ad
3124 3366 3461 3422 ulciscendos
3493 3366 3698 3428 hostes,

2092 3482 2237 3522 nunc
2264 3465 2594 3520 coturnicem
2640 3464 2707 3518 ad
2747 3463 2976 3518 salutem
3009 3475 3230 3515 suorum
3273 3457 3549 3514 ell‘erebat.
3593 3455 3703 3511 Illis

2094 3557 2327 3612 interdiu
2360 3558 2620 3617 tenebrae,
2654 3555 2736 3608 bis
2766 3563 2927 3608 noctu
2959 3552 3048 3606 lux
3092 3551 3300 3606 aderat.
3351 3546 3585 3623 [Egyptii
3613 3546 3703 3600 in-

2097 3624 2434 3705 terfluentem
2465 3647 2726 3702 habentes
2752 3645 2953 3708 Nilum,
2983 3645 3068 3698 siti
3097 3651 3150 3698 et
3172 3643 3412 3696 siccitate
3437 3638 3699 3710 peribant;

2097 3743 2147 3796 hi
2178 3753 2355 3796 autem
2403 3743 2454 3795 in
2498 3740 2710 3794 deserto
2760 3738 2911 3792 arido
2933 3747 2986 3791 et
3012 3741 3157 3791 sicco
3193 3744 3370 3788 castra
3398 3741 3701 3795 metantes,

2096 3836 2262 3890 multa
2304 3833 2620 3888 fruebantur
2659 3847 2920 3901 aquarum
2963 3830 3116 3899 copia
3161 3846 3173 3880 :
3217 3836 3274 3882 et
3322 3827 3440 3880 illos
3483 3824 3702 3894 quidem

2097 3941 2240 3979 rame
2260 3924 2659 3994 oppugnabant,
2696 3922 2797 3977 bos
2823 3932 3001 3976 autem
3033 3936 3098 3974 ne
3117 3919 3358 3989 gigantes
3381 3916 3594 3986 quidem
3620 3930 3709 3968 ca-

2098 4036 2226 4092 pere
2261 4026 2529 4089 poterant.

2171 4113 2224 4166 6.
2266 4110 2373 4166 Sed
2403 4126 2501 4164 cur
2525 4109 2640 4164 haec
2664 4108 2820 4162 nobis
2849 4115 3240 4162 commemorat
3267 4104 3457 4158 beatus
3479 4100 3710 4156 Paulus?

2101 4207 2181 4258 0b
2209 4219 2328 4258 eam
2359 4218 2599 4264 causam,
2645 4218 2806 4272 quam
2849 4203 3000 4255 initio
3047 4201 3200 4253 vobis
3243 4199 3353 4252 dixi
3389 4215 3401 4248 :
3433 4205 3490 4250 ut
3534 4196 3710 4250 discas

2104 4314 2278 4366 neque
2332 4295 2679 4363 baptismum,
2714 4309 2894 4364 neque
2937 4302 3278 4361 peccatorum
3312 4289 3706 4346 remissionem,

2104 4406 2208 4442 non
2232 4388 2534 4453 scientiam,
2559 4401 2663 4440 non
2688 4384 3067 4456 mysteriorum
3092 4383 3581 4453 participationem,
3602 4395 3709 4432 non

2104 4495 2345 4534 mensam
2384 4494 2613 4543 sacram,
2646 4493 2752 4531 non
2781 4477 3024 4546 corporis
3074 4475 3406 4534 fruitionem,
3453 4488 3557 4525 non
3588 4488 3715 4525 san-

2103 4573 2280 4642 guinis
2305 4570 2772 4639 participationem
2809 4610 2821 4629 ,
2849 4583 2949 4623 nec
2975 4567 3119 4621 aliud
3148 4564 3422 4636 quidpiam
3459 4562 3714 4632 prodesse

2107 4663 2281 4726 nobis,
2308 4662 2406 4714 nisi
2431 4662 2592 4714 vitam
2626 4669 2853 4723 rectam,
2884 4658 3207 4723 mirabilem,
3239 4666 3294 4710 et
3321 4656 3467 4709 omni
3493 4663 3715 4724 peccato

2106 4755 2330 4808 liberam
2360 4755 2638 4807 ducamus.
2674 4751 2827 4818 Quod
2856 4751 2999 4804 enim
3032 4750 3148 4804 inec
3179 4749 3299 4804 ideo
3325 4762 3718 4803 commemora-

2108 4848 2242 4900 \‘eril
2285 4846 2540 4909 ostendit,
2588 4859 2710 4898 cum
2758 4852 3045 4913 postquam
3097 4851 3444 4898 recensuerat
3490 4844 3713 4895 ferinam

2111 4939 2360 5008 baptismi
2394 4954 2489 5007 per
2534 4953 2680 4991 mare
2723 4948 2776 4990 et
2816 4952 2911 5006 per
2956 4937 3176 4999 nubem,
3231 4937 3717 5006 mysteriorumque

2113 5043 2295 5102 typum
2328 5048 2422 5100 per
2450 5045 2646 5085 manna
2672 5039 2724 5084 et
2759 5046 2854 5099 per
2885 5039 3090 5098 petram
3123 5031 3172 5082 in
3201 5028 3382 5082 Veteri
3409 5028 3547 5096 Lege
3577 5043 3715 5096 pra:-

2115 5129 2396 5193 liguratum
2446 5125 2825 5194 descripserat,
2878 5138 2941 5176 ac
2989 5123 3218 5187 dixerat,
3262 5121 3447 5175 Omnes
3489 5121 3715 5173 eamdem

2112 5237 2280 5272 escam
2310 5218 2628 5287 spiritualem
2651 5218 2992 5277 comederunt,
3026 5224 3072 5266 et
3100 5213 3331 5267 cmndem
3365 5222 3534 5280 potum
3564 5213 3717 5278 spiri-

2116 5309 2308 5363 tualem
2331 5309 2601 5371 biberunt;
2632 5307 2826 5375 adjecit
2860 5304 3046 5358 dicens
3075 5324 3086 5357 :
3118 5303 3224 5357 Sed
3268 5320 3366 5355 non
3408 5303 3459 5354 in
3491 5303 3720 5371 pluribus

2112 5418 2288 5453 eorum
2332 5400 2701 5469 beneplucitum
2730 5407 2799 5451 est
2833 5397 2958 5449 Deo.
3009 5395 3134 5449 Post
3168 5403 3247 5447 tot
3276 5403 3527 5462 tantaque
3558 5394 3722 5445 mira-

2114 5496 2254 5559 cula,
2286 5496 2476 5565 inquit,
2512 5510 2616 5546 non
2658 5492 2844 5546 dilexit
2881 5505 2973 5542 eos
3013 5489 3172 5542 Deus.
3224 5487 3328 5542 Sed
3373 5486 3539 5555 quid?
3593 5486 3719 5539 Pro.

2115 5587 2263 5640 strati
2291 5596 2410 5639 sunt
2450 5587 2502 5637 in
2549 5584 2764 5637 deserto.
2799 5583 2903 5636 Cur
2937 5581 3114 5648 itaque
3153 5581 3268 5632 inec
3307 5578 3481 5643 nobis,
3533 5576 3719 5640 Paule,

2116 5681 2347 5734 narras?
2384 5677 2502 5731 Hier:
2534 5687 2699 5730 autem
2746 5678 2797 5728 in
2828 5677 2990 5744 ﬁgura
3023 5677 3162 5743 facta
3190 5682 3309 5726 sunt
3351 5671 3512 5733 nobis,
3542 5680 3592 5724 ut
3623 5685 3721 5723 nos

2117 5789 2274 5824 snnns
2309 5772 2721 5835 rnncnpisrcntes
2763 5769 3034 5829 malorum,
3087 5767 3217 5819 Sllttl
3259 5765 3408 5818 etilli
3453 5764 3723 5829 concupie-

2122 5875 2235 5918 runt
2282 5881 2298 5916 :
2338 5879 2493 5933 neque
2537 5862 2825 5915 idolulutm’
2875 5859 3185 5929 r/ﬂciumm,
3238 5861 3363 5913 sicut
3412 5855 3619 5924 quidam
3656 5871 3718 5910 ea;
