4088 6456
469 319 568 376 ΞΜ

467 437 637 501 ipsis;
674 435 1114 514 quemadmodum
1159 436 1415 506 scriptum
1457 447 1536 493 est
1580 453 1596 494 :
1643 437 1791 495 Sedit
1825 439 2050 511 populus

455 527 796 597 manducare
831 536 881 582 et
926 526 1128 590 bibere,
1172 539 1224 583 et
1269 539 1612 585 surrexerunt
1660 530 1857 586 ludere.
1912 533 2050 588 Vide

464 614 621 672 Pauli
667 617 1036 687 prudentiam.
1087 618 1228 674 Dixit
1269 631 1593 688 peceatum,
1637 621 1777 676 dixit
1822 637 2046 678 causam

469 711 697 781 peccati,
741 713 875 769 dixit
913 729 1131 787 pernam
1174 725 1393 790 propter
1431 727 1702 787 peccatum
1742 717 1994 773 indiciam
2038 733 2053 772 :

471 800 556 856 his
583 815 682 856 nos
709 803 982 869 erudiens,
1013 816 1071 860 ut
1093 820 1162 860 ne
1191 806 1310 862 illos
1330 807 1618 863 imitemur.
1647 806 1819 863 Causa
1850 809 2056 877 peccati

468 890 567 944 iuit
592 892 714 960 gula
741 909 756 946 :
792 892 938 948 Sedit
968 895 1195 965 populus
1231 899 1540 950 manducare
1566 907 1615 952 et
1649 896 1832 952 bibere.
1859 898 2056 952 Pecca-

469 990 604 1047 tum,
639 981 752 1052 ipse
778 983 949 1040 lusus.
999 986 1202 1042 Deinde
1227 1001 1404 1056 pana,
1434 985 1694 1044 Pmtrati
1729 997 1849 1041 sunt
1886 989 1940 1041 in
1965 988 2054 1042 de-

463 1084 615 1128 serto.
651 1075 854 1131 lterum:
887 1092 1033 1142 vero,
1079 1076 1162 1133 Ne
1192 1079 1501 1149 fornicemttr
1534 1120 1548 1145 ,
1578 1080 1706 1133 sicut
1731 1080 1937 1149 quidam
1969 1082 2058 1134 e‘o-

464 1181 579 1218 rum
604 1165 842 1235 fornicati
883 1177 1019 1225 81ml.
1049 1168 1148 1224 Hic
1171 1185 1386 1226 causam
1417 1170 1780 1227 fornicationis
1809 1187 1918 1229 non
1955 1186 2057 1242 po-

466 1258 594 1325 suit,
640 1257 736 1317 sed
779 1272 1013 1329 poenam.
1060 1259 1230 1329 Quam
1261 1276 1397 1319 vero
1420 1262 1601 1317 illam?
1632 1261 1928 1318 Ceciderunt
1956 1279 2061 1317 una

468 1347 551 1401 die
597 1348 780 1419 viginti
829 1351 928 1405 tria
965 1351 1149 1406 millia.
1196 1353 1304 1408 Cur
1355 1365 1532 1409 autem
1572 1355 1908 1411 occasionem
1952 1370 2059 1411 non

473 1436 630 1502 dixit,
661 1455 727 1495 ex
773 1455 880 1511 qua
911 1441 1195 1498 fornicatio
1235 1453 1350 1498 orta
1373 1445 1491 1499 est?
1520 1445 1784 1502 Studiosis
1822 1446 2058 1516 reliquit,

469 1537 527 1583 ut
553 1527 835 1585 historiam
864 1530 1096 1599 adirent,
1124 1542 1178 1589 et
1207 1534 1440 1591 radicem
1465 1537 1594 1592 mali
1636 1538 1924 1594 discerent.
1965 1539 2062 1594 llic

470 1630 554 1674 est
582 1619 862 1678 medicina
887 1623 1098 1692 modus,
1127 1624 1311 1682 dicere
1348 1642 1542 1696 nempe
1581 1629 1724 1684 unde
1768 1640 2063 1686 nascantur

473 1712 672 1780 morbi,
713 1724 768 1768 et
813 1715 1048 1770 remedia
1101 1717 1358 1774 adhibere
1402 1721 1732 1777 vulneribus.
1775 1721 2062 1792 Propterea

471 1807 604 1861 dicit
633 1827 648 1860 :
678 1806 804 1863 Ho’c
840 1817 1010 1864 autem
1042 1813 1215 1866 omnia
1261 1813 1313 1868 in
1353 1813 1524 1883 ﬁgura
1557 1813 1910 1886 contingebant
1938 1815 2063 1880 illis,

471 1894 666 1969 scripta
691 1909 811 1954 sunt
857 1910 1026 1955 autem
1065 1903 1135 1955 ad
1175 1905 1550 1973 correptionem
1597 1917 1844 1960 nostram.
1884 1904 2067 1976 Itaque

475 1990 566 2060 qui
592 1988 718 2046 fecit
747 1989 858 2056 illa,
887 2000 942 2046 et
969 1991 1240 2063 improbos
1267 1995 1408 2049 ultus
1437 2005 1540 2059 est,
1571 1996 1618 2051 is
1653 1994 1769 2066 ipse
1803 2011 1944 2052 nunc
1969 2012 2067 2052 nos

475 2081 750 2146 admonet,
794 2098 909 2142 non
951 2085 1128 2139 verbis
1165 2095 1390 2153 tantum,
1435 2085 1531 2142 sed
1570 2086 1729 2142 rebus
1780 2088 2067 2160 ipsis;qui

481 2174 748 2228 maximus
778 2182 860 2230 est
886 2174 1269 2232 admonitionis
1295 2177 1504 2233 modus.
1531 2177 1775 2234 Vidistin’
1799 2179 2070 2248 quomodo

479 2265 549 2322 iis
569 2266 656 2336 qui
684 2266 735 2320 in
765 2267 1106 2339 gratia‘sunt,
1130 2283 1272 2335 eum,
1309 2269 1400 2338 qui
1427 2269 1481 2323 in
1517 2269 1690 2324 Veteri
1722 2268 1825 2324 hoc
1845 2268 2067 2335 fecerat,

478 2355 788 2427 magistrum
816 2357 1124 2424 instituerit,
1155 2359 1446 2415 ostendens
1471 2359 1721 2414 eumdem
1755 2360 1928 2428 ipsum
1950 2374 2072 2417 esse

480 2444 651 2515 quiet
675 2445 762 2505 illa
787 2445 1007 2516 fecerat,
1033 2456 1087 2503 et
1114 2449 1226 2503 inec
1249 2465 1345 2519 per
1364 2450 1536 2519 ipsum
1565 2450 1916 2520 loquebatur?
1940 2450 2070 2506 Nam

481 2538 528 2593 si
554 2539 762 2594 alienus
782 2539 992 2606 fuisset,
1021 2557 1355 2613 nequaquam
1383 2543 1467 2598 illa
1495 2542 1683 2598 horum
1707 2542 1950 2613 ﬁguram,
1973 2557 2075 2598 nec

485 2626 552 2682 ad
581 2629 975 2699 correptionem
1017 2642 1253 2687 noetram
1295 2648 1358 2687 ea
1399 2631 1594 2702 scripta
1636 2633 1798 2689 inisse
1828 2632 2073 2698 dixisset,

493 2734 666 2790 neque
693 2723 1007 2792 magistrum
1035 2725 1187 2779 nobis
1216 2725 1550 2792 instituisset,
1579 2741 1734 2795 quem
1767 2740 1870 2780 non
1895 2733 2077 2794 putas-

485 2820 571 2866 set
590 2826 712 2867 esse
743 2812 908 2868 Deum
932 2832 944 2867 :
973 2829 1148 2884 neque
1177 2816 1243 2869 ab
1274 2814 1357 2880 iis,
1384 2812 1502 2886 qua:
1532 2825 1657 2870 tunc
1681 2813 1820 2870 facta
1842 2813 2071 2893 fuerant,

486 2915 587 2956 nos
640 2903 950 2971 terruisset,
997 2907 1149 2976 quasi
1191 2907 1242 2960 in
1294 2907 1435 2962 illius
1489 2923 1678 2962 manus
1725 2906 2074 2963 deventurus.

490 2989 640 3049 Nunc
668 3004 845 3050 autem
872 2997 1164 3054 ostendens
1183 3013 1280 3052 nos
1303 2998 1354 3052 in
1382 2997 1524 3053 illius
1549 3013 1738 3052 manus
1764 2997 1960 3053 iterum
1982 2996 2078 3053 de-

490 3081 735 3156 lapsurOS
755 3102 874 3145 esse
890 3119 906 3148 ν
927 3099 1086 3160 atque
1104 3100 1386 3161 utrumque
1410 3093 1687 3163 populum,
1716 3091 1861 3146 illum
1885 3106 2079 3147 uemne

1147 324 1204 381 S.
1245 323 1528 383 JOANNIS
1563 325 2050 385 CHRYSOSTOMI
2097 329 2416 391 ARClllEP.
2457 336 2991 397 CONSTANTINOP.

3643 341 3750 399 251

2158 456 2214 502 et
2262 447 2600 518 hodiernum,
2651 453 2793 508 illius
2831 455 3115 524 gubernari
3145 455 3387 526 legibus,
3437 459 3618 514 omnia
3664 459 3752 517 illa

2157 544 2631 611 commemoravit,
2676 557 2741 598 ac
2785 541 2946 611 dixit,
2991 545 3074 599 Ad
3110 556 3336 601 nostrain
3387 549 3756 618 correptione»:

2156 631 2348 700 scripta
2373 642 2511 687 sunt.
2540 632 2667 689 Hec
2696 635 2858 703 igitur
2874 649 2997 690 cum
3024 637 3283 703 sciamus,
3310 647 3366 693 et
3397 630 3684 707 praeteritis
3703 649 3759 694 ct

2161 720 2354 776 tuturis
2379 722 2684 779 credamus.
2731 726 2788 780 Si
2815 740 2948 782 vero
2985 728 3220 799 quipiam
3263 729 3390 794 sint,
3437 731 3528 799 qui
3566 729 3761 785 futuris

2165 826 2269 866 nou
2296 813 2539 878 credant,
2569 829 2599 868 a
2622 817 2914 883 praeteritis
2941 833 3036 873 eos
3061 817 3126 874 ad
3155 818 3368 874 virtutis
3395 819 3633 875 studium
3658 820 3760 875 de-

2163 902 2442 970 ducamus,
2489 906 2576 961 illa
2620 918 2905 965 narrantes
2943 927 3064 978 quze
3107 910 3400 966 Sodomitis
3426 910 3759 977 acciderunt,

2162 1007 2282 1064 qua:
2313 995 2364 1048 in
2392 994 2594 1051 diluvio
2622 997 2773 1063 item,
2801 1014 2920 1068 qua:
2970 999 3022 1053 in
3064 998 3302 1071 Egypto
3326 1011 3770 1061 commemorati:

2165 1094 2274 1150 les;
2304 1093 2359 1138 ut
2385 1084 2612 1141 aliorum
2653 1088 2827 1157 pinnis
2857 1088 2924 1143 ad
2961 1089 3237 1144 meliorem
3270 1088 3477 1159 frugem
3528 1090 3757 1152 reducti.

2165 1174 2437 1245 vitamque
2459 1188 2683 1247 agentes
2707 1179 2983 1247 optimam,
3007 1177 3304 1234 doctrinam
3333 1179 3550 1235 demum
3575 1181 3644 1236 de
3669 1194 3762 1251 ge-

2167 1263 2345 1319 benna
2375 1274 2430 1320 et
2459 1266 2528 1323 de
2556 1269 2954 1324 resurrectione
2985 1269 3289 1325 admittant.
3317 1269 3762 1340 Quandoquidem

2165 1363 2220 1408 et
2248 1369 2393 1408 nunc
2415 1358 2506 1425 qui
2523 1355 2785 1425 judicium
2807 1371 2913 1412 non
2939 1359 3185 1423 credunt,
3219 1359 3432 1415 nonnisi
3455 1375 3484 1413 a
3507 1367 3762 1431 corrupta

2165 1446 2270 1500 vita
2294 1453 2348 1500 et
2379 1461 2544 1516 prava
2571 1450 2903 1504 conscientia
2952 1449 3031 1519 sic
3075 1451 3252 1505 all'ecti
3300 1460 3446 1507 sunt.
3492 1450 3677 1521 itaque
3714 1449 3762 1506 si

2169 1545 2383 1605 peccata
2415 1538 2680 1605 eluamus,
2709 1549 2764 1593 et
2807 1548 2953 1594 metu
3002 1541 3396 1609 prieteritorum
3424 1556 3522 1596 nos
3547 1539 3764 1596 erudia-

2167 1640 2311 1691 ntus,
2343 1628 2503 1683 etiam
2548 1627 2848 1684 doctrinam
2877 1628 2944 1684 de
2983 1628 3176 1684 futuris
3202 1628 3486 1686 admittere
3511 1629 3765 1686 suadebi-

2168 1732 2308 1772 mus.
2341 1717 2800 1785 Quemadmodum
2830 1719 2972 1774 enim
3005 1734 3166 1788 prava
3196 1713 3443 1790 dogmata
3466 1721 3627 1776 vitam
3655 1719 3764 1775 im-

2173 1823 2359 1875 puram
2414 1807 2673 1864 inducere
2724 1809 2920 1875 solent,
2971 1809 3049 1864 sic
3090 1809 3150 1863 et
3191 1819 3440 1880 corrupta
3466 1811 3574 1866 vita
3601 1824 3766 1880 prava

2172 1899 2419 1970 dogmata
2463 1900 2779 1972 plerumque
2827 1901 3052 1970 peperit.
3097 1899 3253 1970 Quod
3291 1916 3361 1958 ne
3396 1902 3672 1973 contingat
3711 1912 3772 1958 et

2176 1989 2330 2044 nobis
2358 1989 2508 2059 ipsis,
2536 1999 2591 2045 et
2609 1991 2750 2066 aliis,
2776 1991 2893 2046 hac
2917 1992 3272 2047 vociferantes
3297 1993 3462 2047 verba
3485 2001 3540 2048 et
3563 2001 3770 2048 rectam

2177 2079 2334 2138 ﬁdem
2373 2095 2670 2147 servemus,
2703 2090 2757 2137 et
2810 2081 2936 2135 vita:
2985 2081 3287 2137 institutum
3327 2083 3588 2152 optimum
3615 2081 3766 2137 exhi-

2177 2173 2420 2240 beamus,
2470 2172 2900 2243 quandoquidem
2936 2189 2964 2226 a
3005 2173 3162 2228 nobis
3190 2189 3256 2228 ex
3285 2174 3433 2229 omni
3476 2181 3626 2243 parte
3668 2171 3772 2229 dc-

2177 2272 2532 2319 tnonstratum
2571 2272 2675 2330 est,
2703 2266 2820 2318 sine
2861 2264 3027 2334 proba
3053 2263 3159 2318 vita
3201 2264 3401 2319 nullam
3447 2263 3562 2319 fore
3590 2272 3774 2320 recto-

2177 2372 2296 2412 rum
2336 2356 2646 2426 dogmatum
2676 2356 2980 2412 utilitatem.
3013 2355 3133 2411 Fiat
3160 2365 3340 2412 autem
3369 2355 3619 2425 precibus
3645 2369 3775 2411 san-

2175 2455 2409 2514 ctorum,
2438 2456 2492 2503 et
2520 2447 2806 2518 prmsulum
2835 2447 3097 2511 omnium,
3128 2455 3187 2501 ut
3225 2453 3282 2502 ct
3307 2457 3452 2502 recta
3495 2445 3770 2515 dogmata,

2177 2552 2302 2607 qum
2330 2553 2361 2591 a
2387 2537 2680 2607 majoribus
2707 2538 2836 2592 olim
2863 2537 3192 2605 accepimus,
3224 2551 3356 2608 pura
3378 2549 3692 2599 servemus;
3722 2545 3781 2591 et

2183 2630 2346 2682 vitam
2375 2629 2508 2698 ipsis
2534 2638 2918 2699 congruentem
2946 2628 3283 2697 adjiciamus,
3315 2637 3370 2683 ut
3392 2629 3654 2698 promissa
3675 2627 3776 2683 bo-

2185 2735 2251 2773 na
2275 2734 2688 2789 consequamur,
2721 2722 2888 2789 gratia
2919 2727 2974 2774 et
3011 2718 3336 2788 benignitate
3369 2716 3578 2773 Domini
3607 2719 3779 2772 nostri

2179 2811 2312 2868 Jesu
2337 2811 2560 2875 Christi,
2586 2813 2802 2882 quicum
2835 2811 2974 2865 Patri
3011 2810 3276 2879 simulque
3310 2818 3498 2864 sancto
3535 2808 3777 2880 Spiritui,

2182 2907 2378 2977 gloria,
2409 2905 2718 2975 imperium,
2748 2903 2944 2969 honor,
2991 2918 3136 2959 nunc
3161 2910 3215 2957 et
3241 2915 3476 2972 semper,
3513 2900 3647 2955 etin
3676 2912 3781 2955 sa:-

2184 3001 2307 3058 cula
2327 3000 2674 3056 smeulorum.
2701 2998 2898 3053 Amen.

1395 3770 1777 3834 MONITUM
1824 3768 1935 3832 AD
1987 3768 2411 3832 HOMILIAM
2451 3769 2531 3832 ΙΝ
2573 3771 2845 3846 ILLUD,

573 3956 627 4012 Id
665 3974 832 4014 unum
867 3962 1013 4016 circa
1051 3968 1371 4031 praesentem
1413 3960 1735 4014 concionem
1774 3958 2045 4028 expiscari
2081 3974 2400 4027 possumus,
2437 3959 2636 4011 dictant
2675 3971 2871 4026 nempe
2913 3954 3082 4010 fuisse
3120 3965 3410 4028 postquam
3451 3958 3507 4012 in
3542 3973 3752 4028 praece-

495 4075 643 4130 denti
680 4078 900 4132 homilia
927 4076 1324 4148 Jerosolymam
1353 4075 1696 4131 calamitates
1721 4089 1849 4128 suas
1880 4074 1952 4128 ita
1975 4074 2295 4143 παθητικῶς
2318 4074 2688 4143 deplorantem
2710 4073 2998 4126 induxerat
3021 4071 3463 4142 Chrysostomus,
3482 4084 3541 4127 ut
3562 4071 3757 4141 hujus-

497 4190 639 4245 modi
665 4201 973 4247 acroamate
1000 4191 1258 4245 commoti
1283 4206 1476 4247 omnes
1508 4193 1599 4259 qui
1625 4190 1872 4257 aderant,
1908 4208 2032 4244 mox
2070 4193 2121 4245 in
2158 4192 2317 4245 ﬂetus
2345 4203 2398 4244 et
2450 4191 2682 4260 gemitus
2717 4191 2966 4259 erupturi
3005 4199 3212 4254 essent,
3247 4191 3349 4244 nisi
3397 4190 3621 4245 sedandi
3661 4189 3749 4243 ln-

498 4312 617 4356 ctus
645 4318 809 4357 causa
842 4319 1146 4358 sermonem
1177 4305 1284 4357 alio
1318 4305 1686 4357 transtulisset
1712 4310 1914 4356 orator.
1971 4301 2045 4356 De
2082 4317 2228 4355 anno
2275 4311 2456 4354 autem
2495 4301 2575 4354 vel
2623 4312 2964 4370 tempestate,
3004 4301 3239 4368 itemque
3279 4301 3653 4355 Antiocliiaane
3684 4318 3754 4356 an

498 4415 968 4484 Constantinopoli
1005 4418 1145 4471 hanc
1193 4417 1444 4470 habuerit
1495 4416 1798 4479 homiliam,
1863 4429 1928 4467 ne
1976 4417 2333 4486 coniectando
2377 4415 2594 4483 quidem
2637 4416 2744 4468 tlici
2793 4423 2991 4485 potest.
3036 4412 3158 4467 llaec
3200 4429 3326 4467 vero
3369 4413 3636 4483 praecipue
3669 4414 3758 4470 hic

496 4533 920 4589 demonstranda
967 4535 1234 4604 suscipit:
1289 4549 1484 4589 vocem
1529 4533 1611 4585 δεῖ
1659 4549 1756 4587 seu
1818 4543 2020 4603 oportet
2072 4534 2160 4588 hic
2204 4551 2310 4586 nun
2362 4533 2721 4602 praecipientis
2770 4541 2863 4585 aut
2895 4532 3229 4586 consulentis
3277 4546 3418 4594 esse,
3446 4533 3539 4588 sed
3570 4533 3754 4589 futura

498 4650 936 4722 praenuntiantis,
960 4653 1418 4721 qae‘madtnodutn
1465 4661 1505 4707 et
1541 4651 1596 4706 in
1628 4652 1749 4705 aliis
1782 4667 1890 4706 non
1915 4641 2110 4720 'paucis
2146 4650 2444 4721 Scriptura:
2472 4652 2609 4705 locis
2650 4653 3010 4718 observatur;
3051 4652 3292 4720 itemque
3322 4652 3578 4717 haereses,
3612 4667 3755 4723 quas

3589 4927 3728 4937 .——-—.—.

1351 5195 1463 5269 IN
1501 5196 1930 5265 DICTUM
1979 5196 2293 5266 ILLUD
2335 5198 2883 5283 APOSTOLI,

477 5364 762 5404 oronrer
807 5365 884 5406 ΕΤ
931 5365 1222 5407 amneses
1271 5366 1416 5408 esse
1449 5363 1510 5408 tu
1557 5364 1761 5416 venis,
1809 5365 1890 5405 UT
1920 5364 2026 5415 QUI
2061 5364 2328 5405 PROIHTI
2373 5366 2552 5416 sum,
2591 5365 2925 5406 MANIFESTI
2976 5363 3166 5406 Fuxr
3215 5347 3282 5423 (ι.
3313 5344 3463 5405 Cor.
3512 5345 3606 5401 11.
3647 5343 3770 5420 19).

552 5578 598 5629 ἲ.
645 5575 782 5626 Satis
821 5589 990 5641 nuper
1034 5572 1135 5627 hoc
1181 5574 1452 5638 Splt'tltmlt‘.
1496 5573 1764 5627 theatrum
1815 5575 2074 5639 incaluit,

482 5685 601 5721 cun.
643 5668 1018 5734 inn-isolymum
1064 5667 1304 5718 oratione
1349 5669 1496 5719 mhi;
1542 5667 1843 5719 induu'rem
1878 5679 1926 5719 et
1959 5672 2070 5734 pln-

484 5769 683 5810 z'u..h::n
713 5800 722 5810 .
754 5769 803 5813 et
847 5774 1082 5826 propria;
1130 5763 1455 5812 calamitates
1495 5777 1686 5811 unum:
1721 5771 1913 5813 .mtcm.
1953 5762 2062 5814 Vidi

2191 5577 2329 5629 enim
2358 5574 2545 5627 oculos
2589 5583 2796 5625 vesti-ns
2841 5573 3191 5639 lacrymarum
3226 5566 3437 5621 ﬂumina
3467 5568 3728 5635 parturire
3762 5583 3773 5618 :

2185 5669 2288 5721 Vidi
2332 5685 2394 5721 ex
2438 5668 2631 5720 aﬂ'cctu
2671 5677 2851 5717 vestro
2895 5662 3218 5731 singulorum
3259 5663 3460 5714 animos
3493 5660 3775 5727 gemitibus

2181 5777 2242 5818 mu
2274 5762 2416 5812 ictos
2443 5769 2596 5828 atque
2626 5759 2883 5810 turbati-5.
2921 5755 2990 5808 ide
3014 5769 3042 5809 0
3071 5765 3253 5808 statim
3278 5769 3431 5821 3;»th
3462 5755 3509 5805 id
3538 5754 3762 5804 anui-ud-
