4088 6432
214 445 328 498 εὖ

1006 441 1073 496 IN
1117 437 1368 498 DICTUM
1409 435 1632 502 PAULI,
1675 435 1998 494 OPORTET
2029 433 2371 493 IIIERESES
2409 434 2596 491 ESSE.

3432 439 3540 493 ςδι

216 559 365 615 verti
389 597 409 626 ,
436 557 751 631 tragtrdiam
787 558 932 612 illam
964 555 1142 611 sedavi
1171 597 1186 621 ,
1217 568 1524 609 sermonem
1550 553 1616 608 de
1647 546 1826 609 ιιιεάἰό
1928 557 2080 610 deant
2106 597 2119 618 ,
2148 565 2196 608 et
2224 553 2310 623 qui
2332 552 2537 614 vident,
2562 551 2684 604 caci
2713 550 2842 618 fiant
2862 552 2880 620 (
2901 548 3060 605 Joan.
3087 549 3143 608 9.
3167 551 3237 608 39
3262 550 3542 622 )nErgone

220 650 519 717 transtuli,
559 649 850 719 ﬂetumque
898 650 1047 703 illum
1095 665 1160 703 ex
1201 648 1534 717 singulorum
1576 647 1826 705 cordibus

215 753 545 812 erupturum
586 743 816 798 coerciti.
868 743 1058 796 Anima
1104 742 1303 812 quippe
1348 741 1492 795 luctu
1527 750 1782 809 occupata
1809 781 1824 806 ,

221 832 362 889 nihil
388 848 579 888 sanum
606 834 686 888 vel
716 833 896 887 dicere
935 833 1020 888 vel
1059 831 1242 886 audire
1273 831 1438 886 valet.
1485 833 1554 886 At
1588 846 1684 884 cur
1727 829 1829 884 hoc

225 941 376 982 nunc
415 925 570 981 vobis
613 925 665 978 in
705 925 1018 980 memoriam
1067 924 1359 980 revocavi?
1387 922 1519 991 Quia
1561 937 1622 977 ea
1647 961 1660 983 .
1709 936 1828 990 qua:

223 1030 349 1072 sum
391 1015 555 1070 hodie
603 1015 883 1079 dicturus,
931 1016 1038 1070 illis
1085 1031 1202 1084 quae
1249 1023 1375 1068 tunc
1416 1015 1666 1083 loquutus
1710 1025 1830 1067 sum

223 1107 519 1162 admodum
550 1115 676 1162 sunt
703 1106 904 1162 aflinia.
933 1105 1398 1173 Quemadmodum
1423 1105 1564 1158 enim
1594 1104 1680 1157 illa
1709 1103 1832 1156 vita:

228 1197 497 1254 desidiam
550 1198 602 1252 in
659 1199 810 1254 nobis
867 1198 1272 1269 reprimebant,
1335 1197 1721 1266 segnitiemque
1779 1195 1830 1250 in

227 1289 442 1360 agendo
471 1300 710 1344 nostram
736 1288 1078 1358 corrigebaut
1105 1306 1118 1340 :
1145 1289 1221 1342 sic
1243 1302 1305 1343 ea
1327 1302 1446 1358 qure
1475 1301 1614 1342 nunc
1638 1285 1832 1341 dicturi

226 1393 420 1435 sumus
467 1381 610 1435 circa
647 1380 954 1449 diligentem
995 1378 1304 1448 dogmatum
1353 1377 1785 1433 observationem
1816 1421 1830 1442 ,

229 1472 542 1526 securiores
580 1485 679 1524 nos
708 1469 935 1526 reddere
967 1479 1253 1538 poterunt,
1297 1470 1367 1522 ita
1399 1477 1457 1522 ut
1484 1467 1835 1538 undequaqne

230 1564 458 1633 perfecti
489 1563 652 1617 futuri
682 1563 848 1618 simus
875 1606 888 1628 ,
922 1563 984 1616 In
1012 1567 1170 1616 virum
1203 1564 1481 1633 perfectum
1506 1603 1521 1626 ,
1549 1565 1603 1615 in
1629 1579 1834 1615 mensu-

231 1671 347 1707 ram
390 1655 556 1708 (etatis
601 1653 621 1725 (
646 1654 834 1723 Ephes.
881 1655 933 1708 4.
978 1655 1081 1723 l3)
1125 1654 1501 1724 pervenientes
1541 1653 1835 1708 secundum

231 1745 476 1799 divinum
501 1745 827 1812 apostolum.
857 1745 1010 1800 Tune
1031 1759 1224 1813 corpus
1246 1754 1484 1799 vestrum
1509 1745 1834 1809 curavimus,

235 1851 379 1892 nunc
405 1835 566 1904 capiti
598 1835 915 1890 medicinam
947 1834 1221 1889 afl‘erimus
1246 1853 1259 1900 ;
1295 1844 1419 1890 tunc
1446 1835 1695 1892 Ieremia:
1721 1851 1838 1891 ver-

233 1925 320 1980 bis
345 1967 359 1988 .
389 1941 532 1980 nunc
561 1925 708 1981 Pauli
737 1927 1096 1980 sermonibus.

317 2018 450 2084 Vox,
484 2017 729 2086 Oportet,
762 2019 1104 2087 praedictionis
1131 2035 1264 2088 sape
1288 2019 1388 2072 vim
1417 2020 1657 2074 habet.——
1677 2019 1835 2087 Qua“:-

234 2124 358 2162 nam
396 2119 522 2163 sunt
565 2109 653 2162 illa
689 2108 838 2163 Pauli
885 2109 1043 2162 verba
1072 2150 1086 2175 ,
1127 2125 1245 2178 qua:
1285 2126 1426 2164 nunc
1469 2111 1622 2164 nobis
1658 2111 1838 2179 expla-

235 2199 413 2252 nanda
449 2199 864 2268 proponuntur?
896 2199 1104 2270 Oportet
1130 2242 1144 2267 ,
1178 2201 1386 2272 inquit,
1419 2212 1463 2254 et
1494 2203 1704 2256 Itwreses
1736 2219 1840 2257 esse

233 2303 288 2344 tn
314 2291 452 2344 vobis
475 2334 487 2358 ,
511 2302 566 2344 ut
593 2301 638 2345 et
664 2292 751 2360 qui
780 2293 979 2359 probati
1004 2303 1120 2345 sunt
1142 2334 1153 2356 ,
1189 2295 1442 2364 manifesti
1473 2294 1599 2360 [iant
1626 2295 1677 2346 in
1704 2294 1839 2346 vobis

239 2384 322 2454 (l.
356 2385 475 2437 Cor.
513 2385 598 2438 Η.
633 2384 744 2454 I9).
785 2384 898 2437 Non
939 2384 1215 2438 minimum
1256 2396 1339 2438 est
1378 2384 1519 2453 quod
1560 2385 1834 2453 qttmritur.

235 2475 372 2528 Nam
415 2477 458 2528 si
497 2476 831 2530 consulentis
877 2491 1027 2529 more
1065 2477 1259 2530 Paulus
1301 2478 1537 2545 loquitur
1562 2519 1575 2542 ,
1623 2485 1680 2531 et
1715 2493 1840 2531 vere

234 2577 452 2636 oportet
500 2569 735 2622 haereses
771 2583 927 2632 esse,
970 2569 1224 2637 inculpati
1270 2578 1391 2622 sunt
1444 2569 1835 2624 hzeresiarchte.

237 2659 398 2726 Atqui
431 2674 536 2712 non
571 2659 638 2712 ita
668 2667 752 2712 est
779 2699 793 2724 ,
828 2674 933 2712 non
977 2659 1047 2712 ita
1095 2673 1182 2712 res
1228 2674 1286 2713 se
1332 2660 1486 2715 habet
1520 2679 1532 2713 :
1563 2676 1666 2714 non
1696 2661 1836 2716 enim

236 2749 574 2803 consulentis
604 2791 616 2811 ,
650 2749 743 2804 sed
777 2750 946 2803 futura
979 2750 1316 2817 prmdieentis
1349 2750 1450 2804 hoc
1495 2753 1692 2806 dictum
1736 2763 1836 2806 est.

233 2840 701 2908 Quemadmodum
732 2842 872 2894 enim
904 2841 1144 2895 medicus
1170 2857 1290 2896 eum
1319 2843 1460 2896 videt
1492 2859 1690 2912 mgrnm
1723 2859 1839 2898 cra-

236 2932 377 2999 pulae
411 2940 466 2984 et
494 2933 617 2984 vino
648 2932 872 3000 aliisque
899 2932 1183 3000 prohibitis
1212 2933 1449 2987 deditum
1477 2975 1491 2999 ,
1521 2935 1611 2987 tali
1644 2936 1837 2989 intem-

233 3021 478 3088 perantia
510 3061 525 3084 ,
558 3020 728 3088 inquit
757 3062 769 3081 .
819 3020 1007 3075 febrim
1043 3022 1182 3091 gigni
1225 3030 1473 3090 Oportet,
1520 3039 1623 3077 non
1664 3024 1838 3093 legem

233 3127 442 3182 ponens
467 3155 480 3176 ,
513 3127 616 3165 non
663 3115 947 3167 consulens
972 3154 987 3178 ,
1033 3113 1124 3167 sed
1157 3130 1221 3168 ex
1266 3115 1616 3183 prmsentibus
1663 3116 1838 3171 futura

233 3203 550 3271 coniectans
591 3217 650 3255 ac
690 3201 991 3270 przedicens
1017 3245 1030 3269 ,
1077 3204 1145 3256 ita
1186 3204 1451 3272 loquitur;
1491 3207 1840 3278 similiterque

236 3293 473 3362 agricola
508 3301 600 3345 aut
629 3293 954 3360 gubernator
981 3295 1166 3348 videns
1195 3311 1511 3350 concursum
1542 3299 1758 3352 nubium
1787 3311 1840 3354 et

236 3385 470 3439 tonitrua
512 3399 635 3436 cum
682 3383 978 3454 fulguribus
1017 3387 1348 3454 erumpentia
1376 3430 1389 3452 ,
1422 3387 1548 3442 dicit
1572 3430 1586 3453 ,
1617 3388 1839 3458 Oportet

236 3474 396 3530 hasce
427 3475 597 3530 nubes
627 3476 860 3543 pluviam
893 3491 1080 3544 parere
1105 3519 1117 3542 ,
1144 3487 1193 3531 et
1228 3479 1451 3534 imbrem
1481 3481 1838 3538 vehementis-

197 3597 206 3606 -
235 3565 431 3620 simum
459 3608 474 3631 ,
499 3582 604 3620 non
628 3567 959 3622 cohortando
981 3568 1097 3622 haec
1121 3569 1249 3623 dicit
1275 3613 1288 3634 ,
1313 3571 1405 3625 sed
1433 3575 1572 3642 quod
1604 3573 1836 3630 futurum

235 3667 316 3712 est
343 3659 712 3726 pra'nuntiat:
760 3660 837 3713 sie
883 3668 936 3714 et
987 3659 1181 3714 Paulus
1231 3660 1320 3714 illa
1370 3678 1538 3728 voce,
1591 3664 1834 3734 Oportet,

237 3766 364 3806 usus
385 3761 497 3806 est.
545 3752 611 3805 Et
638 3767 736 3806 nos
766 3766 1138 3821 schenumero
1169 3768 1290 3808 eum
1327 3755 1567 3811 videmus
1595 3757 1838 3813 homines

236 3842 432 3896 acriter
459 3841 822 3910 disceptantes
849 3885 863 3906 ,
908 3857 972 3896 ac
1001 3857 1118 3898 sese
1149 3855 1333 3898 mutuo
1363 3849 1616 3915 gravibus
1647 3860 1837 3905 contu-

237 3934 410 3988 meliis
441 3933 775 3999 allicientes,
816 3933 1044 3990 dicimus
1069 3977 1083 4002 ,
1127 3936 1348 4006 Oportet
1390 3938 1551 3994 hosce
1595 3941 1838 3997 homines

237 4024 288 4077 in
320 4025 552 4094 aliquam
584 4026 812 4095 pugnam
843 4041 1160 4096 erumpere,
1199 4038 1254 4082 et
1296 4031 1632 4087 custodiendi
1673 4044 1830 4098 sunt;

230 4128 338 4169 non
365 4116 712 4171 cohortantes
731 4157 746 4179 ,
772 4132 948 4187 neque
969 4118 1314 4174 consulentes
1336 4121 1403 4174 ita
1428 4121 1696 4191 loquimur
1713 4127 1729 4193 (
1748 4129 1835 4194 qui

232 4206 376 4260 enim
408 4206 459 4260 id
490 4207 603 4262 fleri
635 4208 843 4276 possit?
870 4212 886 4277 )
927 4207 1018 4262 sed
1055 4225 1120 4263 ex
1153 4212 1402 4278 praesenti
1435 4211 1669 4268 futurum
1700 4231 1831 4268 con-

224 4296 514 4365 iectantes.
550 4299 624 4352 Ita
652 4307 706 4353 et
729 4300 926 4354 Paulus
966 4317 1072 4354 non
1116 4303 1404 4357 consulens
1447 4305 1514 4357 ita
1561 4306 1828 4376 loquitur,

235 4388 452 4454 Oportet
479 4389 692 4444 luereses
721 4391 773 4442 in
796 4391 931 4444 vobis
961 4408 1068 4444 esse
1087 4433 1100 4455 ,
1131 4392 1223 4444 sed
1273 4394 1569 4460 praedicens
1613 4407 1664 4450 et
1707 4414 1832 4467 pro-

229 4481 444 4548 phetice
483 4472 845 4550 pra-nuntians
878 4481 926 4535 id
953 4482 1093 4552 quod
1120 4482 1350 4538 futurum
1378 4494 1479 4540 est.
1511 4487 1660 4554 Quod
1689 4492 1831 4545 enim

232 4585 341 4625 non
389 4573 637 4626 consulat
686 4573 920 4629 haereses
958 4590 1078 4630 esse
1104 4619 1118 4641 ,
1163 4577 1274 4645 ipse
1317 4577 1554 4634 declarat
1599 4583 1828 4637 dicens:

235 4661 456 4715 Etiamsi
482 4664 691 4733 angelus
720 4663 857 4717 vobis
881 4667 1188 4736 evangelisat
1211 4679 1391 4737 prcetcr
1419 4671 1474 4722 id
1494 4713 1506 4732 ,
1531 4674 1666 4741 quod
1692 4691 1833 4730 accc-

228 4753 376 4823 pistis
404 4795 419 4818 ,
448 4755 720 4806 anathema
748 4755 811 4808 sit
846 4753 1004 4822 (Gal.
1034 4758 1082 4809 l.
1112 4757 1146 4812 8
1181 4762 1218 4827 ).
1243 4758 1358 4828 Ipse
1381 4770 1462 4815 est
1489 4764 1576 4832 qui
1601 4765 1830 4820 circum-

233 4845 493 4900 cisionem
520 4888 533 4907 ,
569 4847 689 4915 quia
721 4847 1094 4917 intempestive
1124 4850 1510 4907 observabatur
1535 4897 1549 4920 ,
1595 4865 1648 4912 et
1695 4874 1830 4926 prte-

227 4934 514 4990 dicalionis
542 4937 824 5003 puritatem
858 4937 1211 4994 labefactabat
1235 4982 1250 5006 ,
1300 4943 1486 5010 reiecit
1537 4962 1600 5002 ac
1639 4950 1780 5005 dixit
1812 4972 1825 5007 :

226 5026 286 5080 Si
313 5027 754 5079 circuntcidamini
777 5066 795 5094 ,
823 5027 1054 5084 Christus
1093 5031 1231 5086 vobis
1265 5033 1393 5086 nihil
1444 5038 1666 5102 proderit
1700 5040 1821 5111 (Id.

223 5118 275 5172 5.
309 5116 345 5170 ε
370 5116 412 5187 ).
441 5116 724 5185 Quomodo
771 5117 928 5186 igitur
951 5159 965 5182 ,
1035 5119 1244 5191 inquies
1267 5165 1280 5188 ,
1330 5141 1545 5181 causam
1595 5131 1782 5199 adjecit
1805 5172 1829 5203 ο

223 5207 410 5262 dicens
441 5227 453 5259 :
493 5207 561 5261 Ut
586 5209 671 5272 qui
698 5208 896 5276 probati
917 5221 1033 5264 sunt
1057 5254 1072 5278 ,
1097 5216 1350 5284 manifesti
1375 5219 1499 5285 ﬁant
1521 5221 1546 5272 .9
1577 5221 1662 5274 Illa
1696 5240 1823 5291 vox,

231 5296 300 5351 ιιι
321 5340 337 5364 ,
369 5299 423 5352 in
447 5297 736 5366 Scripturis
765 5299 1079 5371 plerumque
1125 5320 1228 5358 non
1261 5321 1473 5362 causam
1522 5312 1824 5379 significat,

227 5388 320 5444 sed
351 5404 540 5445 rerum
571 5399 844 5446 eventum.
876 5392 1117 5461 Exempli
1148 5411 1305 5451 causa
1331 5439 1345 5463 ,
1381 5401 1524 5454 venit
1545 5401 1824 5471 Christus,

225 5489 280 5533 et
322 5493 469 5534 caeco
509 5481 682 5534 visum
734 5479 1014 5538 reddidit:
1055 5484 1144 5538 ille
1189 5501 1317 5540 vero
1367 5489 1538 5557 ipsum
1586 5495 1828 5549 adoravit

229 5568 428 5635 (Joan.
461 5570 494 5624 9
521 5570 540 5639 )
567 5569 773 5626 :Judtei
796 5583 980 5626 contra
1006 5614 1020 5638 ,
1047 5573 1147 5630 hoc
1167 5575 1220 5630 in
1245 5579 1525 5634 sanitatem
1560 5585 1825 5650 restituto,

230 5659 363 5717 nihil
393 5678 500 5718 non
533 5663 763 5734 agebant
802 5675 861 5718 ut
902 5666 1218 5722 miraculum
1251 5670 1596 5728 obscurat-ent
1623 5691 1637 5740 ;
1669 5687 1827 5746 atque

226 5752 499 5810 Christum
525 5756 881 5826 expellebant.
918 5758 1067 5814 Tune
1098 5761 1256 5831 igitur
1285 5764 1356 5818 ait
1398 5765 1484 5819 ille
1530 5784 1540 5818 :
1588 5765 1654 5821 In
1679 5771 1825 5836 judi-

225 5848 354 5901 cium
384 5862 478 5914 ego
504 5849 617 5902 teni
641 5848 692 5902 in
723 5849 970 5903 mundum
999 5852 1133 5905 hunc
1159 5891 1172 5910 .
1201 5863 1256 5907 ut
1285 5857 1368 5923 qui
1397 5872 1494 5909 non
1520 5857 1714 5926 vident,
1749 5864 1824 5915 vi-

1931 661 1993 702 ea
2032 646 2101 700 de
2156 658 2316 700 causa
2359 641 2544 706 venit,
2587 651 2647 696 ut
2685 641 2758 695 illi
2799 641 2929 695 czeci
2967 641 3201 696 flerent?
3239 639 3356 696 Non
3395 649 3543 697 certe

1937 736 2059 791 ideo
2088 734 2234 790 venit
2264 751 2276 786 :
2319 732 2413 788 sed
2443 730 2569 786 illud
2596 731 2789 786 accidit
2811 773 2826 798 ,
2858 740 2913 786 et
2941 739 3189 788 eventum
3222 732 3297 787 rei
3330 732 3418 787 ille
3439 746 3542 787 ceu

1934 840 2149 881 causam
2176 823 2386 879 extulit.
2414 821 2649 877 Rursum
2673 862 2688 885 ,
2723 821 2806 876 lex
2832 821 2955 877 data
2991 830 3077 878 est
3104 833 3165 876 ut
3200 832 3540 892 peccatorum

1935 932 2152 973 cursum
2178 924 2454 972 coerceret
2482 957 2496 983 ,
2526 923 2586 970 ut
2609 913 2999 970 moderatiores
3019 914 3257 971 efficeret
3279 930 3376 971 eos
3400 956 3416 978 .
3446 917 3539 987 qui

1936 1007 2106 1079 ipsam
2151 1007 2478 1076 acciperent.
2518 1005 2624 1062 Sed
2662 1004 2734 1060 ob
2773 1006 2984 1060 illorum
3025 1006 3288 1078 ignaviam
3329 1015 3546 1061 contra-

1937 1102 2074 1153 rium
2105 1098 2301 1154 accidit
2334 1115 2345 1150 :
2379 1106 2596 1167 peccata
2627 1098 2771 1151 enim
2797 1107 3101 1163 auxerunt;
3137 1097 3374 1168 dicitque
3403 1096 3544 1152 Pau-

1940 1189 2023 1243 lus
2055 1204 2070 1243 :
2127 1187 2238 1242 Lex
2285 1197 2454 1242 autem
2497 1187 2798 1243 subintravit
2820 1228 2836 1253 ,
2884 1196 2939 1240 ut
2981 1187 3262 1242 abundaret
3305 1188 3546 1242 delictum

1940 1280 1960 1352 (
1990 1279 2147 1334 Rom.
2174 1280 2229 1334 5.
2256 1278 2328 1332 20
2359 1279 2398 1348 );
2430 1292 2552 1333 cum
2583 1287 2760 1332 tamen
2811 1293 2919 1331 non
2959 1278 3081 1333 ideo
3124 1277 3504 1333 subintraverit
3527 1319 3545 1340 ,

1940 1370 2038 1425 sed
2065 1379 2123 1423 ut
2156 1371 2422 1425 minueret
2450 1369 2724 1424 delictum.
2755 1368 2888 1424 Illud
2915 1379 3094 1424 autem
3122 1369 3302 1424 evenit
3332 1378 3551 1440 propter

1943 1461 2339 1531 improbitatem
2377 1475 2564 1516 eorum
2591 1502 2608 1527 ,
2656 1461 2745 1531 qui
2796 1461 2940 1515 illam
2988 1471 3331 1531 acceperunt.
3377 1461 3466 1517 Sic
3495 1472 3551 1516 et

1942 1553 2044 1610 hoc
2091 1554 2210 1609 loco
2229 1569 2249 1618 ·,
2287 1551 2354 1607 L't
2383 1595 2398 1617 ,
2446 1569 2550 1608 non
2595 1567 2812 1608 causam
2853 1553 3088 1620 indicat,
3137 1554 3232 1608 sed
3275 1563 3548 1609 eventum.

1943 1645 2097 1712 Quod
2134 1645 2278 1699 enim
2325 1645 2428 1698 alia
2473 1645 2544 1699 sit
2581 1644 2866 1700 hieresium
2902 1659 3062 1700 causa
3087 1686 3112 1711 ,
3148 1646 3396 1717 quodque
3445 1661 3553 1701 non

1946 1739 2070 1793 ideo
2107 1736 2344 1792 haereses
2385 1735 2581 1792 fuerint
2605 1780 2618 1802 ,
2645 1746 2701 1792 ut
2737 1739 2829 1808 qui
2873 1738 3082 1808 probati
3125 1748 3308 1794 essent
3332 1780 3346 1804 ,
3382 1739 3555 1793 mani-

1945 1827 2069 1883 festi
2117 1829 2348 1896 ﬁerent,
2399 1827 2493 1883 sed
2543 1827 2761 1883 aliunde
2828 1829 3138 1883 occasiones
3204 1830 3550 1898 acceperint,

1945 1921 2069 1976 audi
2097 1921 2370 1977 Christum
2403 1924 2559 1977 nobis
2587 1923 2971 1980 declarantem.
3007 1923 3191 1980 Simile
3215 1925 3405 1993 factum
3436 1935 3512 1978 est
3533 1965 3550 1989 ,

1946 2014 2154 2084 inquit,
2189 2032 2399 2086 regnum
2431 2016 2670 2070 calorum
2708 2017 2901 2070 homini
2940 2017 3214 2071 seminanti
3243 2017 3428 2070 bonum
3469 2035 3555 2071 se-

1949 2125 2063 2162 men
2106 2109 2160 2162 in
2201 2125 2324 2178 agro
2355 2125 2490 2174 suo;
2529 2118 2576 2162 et
2619 2109 2741 2162 dum
2781 2110 3059 2163 dormirent
3098 2110 3324 2163 homines
3349 2150 3363 2172 ,
3421 2109 3557 2163 venit

1945 2202 2183 2255 inimicus
2211 2203 2360 2255 homo
2381 2243 2396 2268 ,
2445 2212 2490 2256 et
2536 2203 2800 2257 seminavit
2850 2204 3051 2256 zizania
3079 2202 3097 2274 (
3124 2202 3311 2256 Matth.
3344 2203 3432 2258 l3.
3459 2203 3552 2257 ει.

1943 2292 2084 2362 25).
2141 2294 2323 2348 Vidcn‘
2353 2294 2473 2349 ideo
2523 2294 2759 2349 hatreses
2808 2294 2972 2349 fuisse
3001 2337 3016 2361 ,
3060 2295 3202 2365 quod
3254 2295 3556 2350 dormirent

1950 2384 2200 2439 homines
2226 2427 2239 2449 ,
2269 2387 2520 2453 quoniam
2548 2399 2741 2456 segnes
2764 2387 2961 2440 erant?
2987 2386 3238 2455 quoniam
3262 2386 3416 2441 dictis
3447 2400 3555 2440 non

1949 2473 2237 2543 diligenter
2261 2476 2652 2549 tutendebant?
2682 2476 2758 2530 Ne
2798 2476 3281 2546 itaque,quispiam
3309 2476 3512 2532 dixerit
3538 2522 3552 2542 ,

1945 2564 2055 2619 Cur
2085 2564 2186 2619 hoc
2219 2568 2458 2634 permisit
2489 2566 2778 2622 Christus?
2807 2568 2937 2622 dicit
2968 2567 3167 2622 Paulus
3203 2587 3215 2620 :
3260 2568 3388 2623 Haec
3431 2585 3555 2638 per-

1950 2657 2134 2710 missio
2165 2657 2293 2710 nihil
2323 2666 2372 2711 te
2397 2657 2541 2712 laedit
2571 2676 2582 2710 :
2617 2658 2660 2712 si
2689 2659 2942 2727 probatus
2971 2659 3138 2714 fueris
3163 2702 3174 2722 ,
3219 2661 3416 2715 clarior
3456 2676 3555 2730 apo

1945 2749 2179 2817 parebis.
2215 2750 2330 2803 Non
2359 2753 2499 2803 enim
2527 2766 2623 2819 par
2651 2765 2736 2806 res
2769 2761 2850 2805 est
2874 2793 2887 2816 ,
2918 2753 3132 2806 nemine
3161 2753 3508 2823 supplantare
3535 2796 3552 2820 ,

1947 2840 2163 2894 nemine
2194 2841 2444 2910 decipere
2473 2851 2703 2897 conante
2729 2885 2742 2908 ,
2787 2843 2839 2896 in
2879 2855 3024 2898 recta
3052 2855 3198 2900 stare
3226 2844 3328 2900 fide
3351 2885 3367 2912 ,
3395 2857 3556 2916 atque

1950 2931 2247 2985 innumeris
2290 2934 2698 3002 erumpentibus
2740 2936 3026 3005 procellis,
3085 2937 3460 2992 inconcussum
3501 2950 3556 2994 et

1947 3023 2276 3078 immobilem
2328 3041 2567 3080 manere.
2621 3025 3083 3093 Quemadmodum
3141 3030 3285 3084 enim
3328 3031 3555 3086 arbores

1945 3124 2228 3169 ventorum
2273 3118 2506 3185 undique
2552 3119 2869 3174 irruentium
2905 3124 3105 3188 impetu
3139 3122 3404 3178 firmiores
3433 3125 3556 3179 rede

1945 3206 2146 3261 duntur
2171 3249 2187 3273 ,
2221 3208 2262 3260 si
2295 3210 2510 3278 quidem
2543 3221 2690 3266 recte
2721 3220 2775 3266 et
2804 3222 3052 3266 accurate
3088 3213 3324 3269 radicem
3363 3233 3556 3285 posue-

1944 3300 2052 3353 rint
2079 3317 2089 3353 :
2121 3302 2197 3354 sic
2226 3310 2278 3354 et
2309 3303 2517 3356 animas
2546 3305 2595 3356 in
2627 3303 2978 3359 fundamento
3008 3316 3168 3362 recta:
3199 3307 3320 3363 fidei
3349 3309 3554 3365 deﬁxos

1945 3391 2199 3458 quaelibet
2227 3393 2584 3462 irrumpentes
2632 3395 2866 3450 ha-reses
2913 3413 3018 3452 non
3057 3401 3414 3468 subvertunt,
3457 3403 3554 3458 sed

1947 3481 2194 3538 fortiores
2223 3484 2470 3538 reddunt.
2505 3485 2640 3550 Quid
2683 3487 2843 3557 igitur
2882 3489 3125 3544 dicamus
3168 3491 3235 3545 de
3281 3492 3550 3561 infirmis,

1944 3574 2034 3642 qui
2068 3571 2223 3628 facile
2253 3585 2511 3629 corruunt
2540 3587 2591 3631 et
2624 3579 3076 3647 supplantantur?
3110 3580 3188 3637 Ne
3230 3583 3303 3637 illi
3335 3585 3551 3654 quidem

1947 3680 2042 3733 per
2071 3665 2340 3720 haereseos
2370 3672 2622 3737 impetum
2650 3712 2664 3731 ,
2704 3670 2798 3725 sed
2832 3687 2928 3740 per
2959 3674 3226 3742 propriam
3269 3677 3552 3732 infirmita-

1947 3767 2051 3810 tem
2080 3757 2181 3812 hoc
2213 3761 2504 3828 patiuntur.
2553 3760 2918 3818 Infirmitatem
2955 3779 3084 3820 vero
3112 3782 3216 3820 non
3247 3770 3549 3826 naturalem

1944 3849 2104 3913 dico,
2148 3850 2240 3905 sed
2280 3867 2396 3905 eam
2422 3893 2436 3917 ,
2487 3868 2607 3922 qure
2658 3862 2740 3909 est
2781 3870 2846 3910 ex
2898 3859 3174 3926 proposito
3219 3859 3546 3930 voluntatis,

1947 3955 2064 4009 qua:
2114 3939 2269 4010 digna
2327 3944 2784 4011 reprehensione,
2835 3961 2992 4014 ptena
3037 3957 3197 4019 atque
3243 3952 3545 4021 supplicio,

1944 4045 2102 4098 quam
2161 4033 2452 4086 ememlare
2509 4049 2674 4101 penes
2730 4051 2827 4091 nos
2879 4047 2980 4091 est.
3037 4039 3377 4109 Quapropter
3424 4060 3546 4099 cum

1942 4120 2292 4177 emendamus
2317 4164 2332 4188 ,
2358 4125 2671 4189 laudamur;
2697 4141 2816 4182 cum
2845 4143 2949 4182 non
2972 4131 3324 4188 emendamus
3346 4177 3360 4201 ,
3386 4137 3548 4191 casti-

1941 4227 2154 4282 gamur.

2012 4303 2066 4358 2.
2125 4305 2366 4378 Vigilanti
2393 4311 2523 4364 nihil
2545 4311 2720 4366 damni
2749 4314 2902 4380 infert
2948 4316 3199 4372 diabolus.
3258 4318 3368 4374 νοτε
3392 4364 3404 4385 ,
3434 4321 3543 4391 Ut,

1940 4398 2216 4465 aliquando
2243 4411 2505 4466 eventum,
2540 4421 2638 4457 non
2671 4422 2876 4458 causam
2921 4409 3198 4478 signiﬁcat.
3243 4411 3544 4486 Eleemosy-

1940 4507 2020 4544 me
2047 4493 2246 4546 modus.
2277 4525 2345 4533 —
2369 4497 2540 4564 Atque
2571 4508 2625 4549 ut
2649 4497 2824 4551 discas
2850 4500 2930 4553 eis
2955 4541 2969 4564 ,
2999 4503 3090 4572 qui
3118 4504 3339 4573 vigilant
3365 4549 3378 4572 ,
3409 4508 3543 4564 nihil

1942 4596 2136 4636 nocere
2156 4598 2312 4651 posse
2338 4627 2352 4650 ,
2378 4586 2591 4640 aliunde
2613 4589 2774 4643 etiam
2800 4589 2849 4643 id
2876 4590 3249 4650 demonstrare
3309 4608 3540 4668 atagam.

1939 4671 2075 4738 Quid
2104 4673 2322 4726 diabolo
2355 4676 2640 4745 malignius
2665 4719 2677 4743 ,
2725 4679 2852 4748 quid
2897 4681 3252 4738 sceleratius?
3290 4687 3542 4744 Attamen

1941 4762 2028 4816 hic
2083 4764 2346 4833 malignus
2391 4767 2829 4837 sceleratusquc,
2865 4771 2965 4839 ’qui
3021 4775 3187 4828 multa
3232 4776 3280 4830 vi
3335 4778 3542 4846 pollet,

1937 4867 2058 4906 cum
2109 4855 2360 4909 omnibus
2407 4857 2667 4912 machinis
2713 4860 2825 4914 suis
2864 4859 2966 4916 Job
3015 4863 3277 4931 adortus,
3324 4876 3542 4939 totaque

1939 4942 2188 5012 pharetra
2214 4959 2308 4999 sua
2339 4946 2389 5000 in
2418 4947 2637 5001 domum
2681 4958 2738 5004 et
2781 4951 2832 5004 in
2873 4966 3070 5022 corpus
3109 4953 3242 5024 justi
3285 4957 3379 5011 viri
3415 4974 3544 5013 eva-

1937 5045 2091 5089 cuata
2117 5078 2133 5102 ,
2165 5053 2270 5091 non
2296 5037 2456 5092 modo
2483 5040 2656 5107 ipsum
2683 5056 2789 5094 non
2822 5043 3084 5098 subvertit
3108 5087 3122 5110 ,
3152 5048 3246 5101 sed
3270 5058 3320 5103 et
3348 5049 3545 5103 clario-

1936 5142 2050 5180 rem
2079 5127 2218 5182 fecit.
2256 5129 2322 5182 Et
2358 5129 2445 5184 ille
2480 5130 2698 5199 quidem
2742 5149 2772 5187 a
2807 5133 3022 5189 diabolo
3066 5142 3373 5197 nocumenti
3408 5145 3549 5200 nihil

1935 5219 2186 5288 accepit;
2233 5220 2399 5275 Judas
2433 5238 2563 5277 vero
2587 5265 2601 5289 ,
2644 5227 2894 5294 quoniam
2938 5230 3214 5300 negligens
3253 5237 3547 5309 segnisque

1935 5321 2052 5363 erat
2077 5351 2091 5374 ,
2126 5313 2342 5367 nihilex
2372 5314 2570 5370 Christi
2594 5320 2868 5374 consortio
2895 5321 3130 5377 lucratus
3151 5337 3232 5381 est
3256 5368 3272 5394 ,
3296 5331 3390 5385 sed
3419 5343 3543 5402 post

1938 5411 2013 5456 tot
2043 5404 2159 5459 illas
2185 5406 2593 5464 adhortationes
2617 5420 2778 5482 atque
2806 5416 3022 5469 consilia
3055 5419 3295 5485 proditor
3320 5425 3538 5479 mansit.

1935 5492 2105 5547 Causa
2136 5505 2313 5551 autem
2344 5509 2426 5552 est
2451 5541 2465 5566 ,
2498 5503 2619 5571 quia
2653 5505 2921 5561 neminem
2954 5507 3174 5563 invitum
3205 5513 3347 5582 cogit
3375 5516 3457 5569 vel
3487 5518 3539 5572 vi

1935 5585 2154 5640 adducit
2182 5588 2358 5656 Deus,
2387 5600 2442 5645 ut
2470 5608 2570 5648 nec
2610 5595 2757 5650 illum
2802 5599 2996 5669 coegit.
3039 5601 3246 5657 Eodem
3291 5606 3454 5660 modo
3497 5609 3538 5662 si

1938 5690 2036 5730 nos
2062 5677 2346 5746 vigilemus
2376 5722 2390 5747 ,
2439 5683 2572 5738 nihil
2604 5690 2908 5742 nocumenti
2941 5690 3094 5745 nobis
3121 5692 3314 5750 afferre
3345 5698 3543 5764 poterit

1934 5767 2179 5825 diabolus
2206 5786 2219 5834 ;
2249 5771 2332 5827 sin
2361 5789 2466 5828 non
2496 5777 2775 5846 vigilemus
2799 5821 2814 5846 ,
2864 5781 2957 5837 sed
2998 5784 3235 5855 segniter
3276 5802 3496 5859 agamus
3522 5828 3539 5856 ,

1935 5876 2002 5917 ne
2031 5863 2244 5933 quidem
2274 5867 2341 5923 ab
2368 5869 2432 5924 iis
2459 5911 2470 5935 ,
2504 5885 2622 5941 quae
2650 5873 2908 5944 prodesse
2937 5887 3155 5948 possent
3182 5921 3194 5944 ,
3221 5879 3356 5935 lucri
3387 5880 3538 5954 quid-
