4088 6430
576 393 679 448 855

569 514 709 577 piam
738 503 1064 575 accipiemus
1088 504 1225 578 ;.sed
1255 499 1638 558 detrimentum
1661 499 1825 581 nobis
1848 500 1953 554 erit
1978 506 2158 553 extre-

570 613 719 658 mum
749 616 762 651 :
797 607 997 652 tantum
1028 594 1227 650 malum
1252 603 1340 650 est
1360 595 1636 665 segnities.
1658 591 1875 648 'Judteis
1897 605 2028 655 ergo
2052 604 2157 644 non

1326 386 1381 445 Β.
1420 385 1701 445 ιοΑΝΝιε
1724 380 2204 442 CHRYSOS'I'OIII
2243 381 2564 441 ARCHIEP.
2606 383 3146 444 CONSTANTINOP.

3763 386 3879 444 256

2273 495 2562 555 miscentes
2582 542 2598 564 ,
2630 514 2697 555 ne
2721 500 2935 571 quidem
2966 501 3257 557 internosci
3287 510 3535 572 poterant
3558 504 3649 572 qui
3695 516 3878 573 nuper

2266 589 2463 646 divites
2489 590 2739 660 fuerant;
2786 594 2859 648 ita
2889 602 2946 648 ut
2988 593 3032 647 si
3059 594 3180 665 quis
3205 610 3271 652 ex
3301 591 3878 663 pecuniarumdespe-

575 687 739 744 modo
767 686 897 742 nihil
929 684 1127 756 profuit
1155 684 1349 741 Christi
1376 685 1639 740 adventus
1661 726 1677 752 ,
1724 682 1820 739 sed
1859 683 2021 738 etiam
2065 695 2161 736 no-
2280 691 2369 737 ctu
2398 682 2566 738 l’astus
2589 684 2716 740 oriri
2746 694 2966 755 posset,
2996 686 3088 742 ille
3111 687 3273 741 etiam
3294 680 3542 741 funditus
3561 685 3875 750 tolleretur.

569 779 680 835 cuit
703 796 715 831 :
745 792 852 833 non
872 775 1117 833 Christus
1142 776 1246 832 illis
1267 778 1320 831 in
1340 791 1499 832 causa
1522 775 1617 831 fuit
1642 817 1659 843 ,
1687 774 1781 830 sed
1804 788 1898 829 sua
1921 773 2157 843 ipsorum

567 868 822 937 segnities
851 877 905 924 et
932 867 1263 939 improbitas.
1296 866 1352 923 id
1382 882 1510 923 vero
1536 867 1801 924 Christum
1832 867 2005 936 ipsum
2032 864 2157 921 audi

568 961 834 1017 dicentem
866 978 879 1014 :
911 957 1030 1015 Nisi
1056 961 1301 1016 uenissem
1321 1002 1339 1028 ,
1373 960 1581 1031 inquit,
1612 969 1657 1015 et
1686 960 1922 1032 loquutus
1949 958 2158 1029 fuissem

564 1054 638 1106 eis
658 1092 673 1117 ,
705 1059 964 1122 peccatum
992 1067 1094 1105 non
1121 1051 1359 1106 haberent
1380 1066 1401 1106 :
1428 1067 1563 1105 nunc
1588 1059 1755 1116 autem
1782 1048 2157 1105 excusationem

569 1160 672 1197 non
702 1143 885 1197 habent
922 1143 985 1198 de
1025 1154 1229 1214 peccato
1274 1159 1367 1199 suo
1413 1142 1606 1214 (Joan.
1654 1142 1743 1198 15.
1785 1140 1923 1213 22).
1972 1139 2158 1195 Viden'

567 1234 853 1288 adventum
883 1233 1000 1304 ejus
1040 1242 1097 1289 et
1132 1232 1287 1290 venia
1329 1232 1475 1305 ipsos
1516 1232 1757 1304 privasse
1780 1274 1816 1301 ,.
1847 1242 1901 1289 et
1937 1246 2154 1288 omnem

562 1324 891 1380 delensionis
926 1323 1143 1379 modum
1182 1322 1509 1380 abstulisse?
1552 1323 1781 1378 Tantum
1831 1331 1915 1379 est
1955 1318 2154 1377 malum

567 1430 674 1470 non
700 1412 978 1471 attendere
1001 1412 1103 1469 sibi
1126 1453 1144 1480 ,
1175 1428 1351 1483 neque
1378 1427 1473 1470 sua
1501 1453 1518 1479 ,
1553 1423 1611 1475 ut
1649 1428 1750 1485 par
1790 1422 1875 1469 est
1895 1453 1912 1481 ,
1942 1427 2148 1469 curare.

564 1505 677 1563 lloc
701 1514 759 1561 et
783 1506 836 1560 in
860 1505 1175 1577 corporibus
1194 1504 1378 1561 videre
1403 1512 1488 1560 est
1515 1522 1529 1558 :
1552 1519 1674 1560 cum
1701 1506 1843 1560 enim
1866 1504 1957 1577 qui
1982 1504 2155 1560 oculis

564 1594 773 1651 laborat
794 1637 811 1663 ,
836 1597 948 1669 ipse
971 1596 1055 1651 sol
1077 1596 1305 1668 caligine
1321 1595 1602 1652 oﬂ'uudere
1623 1597 1793 1662 solet,
1816 1611 2004 1652 sanum
2025 1612 2154 1653 vero

564 1701 634 1741 ne
663 1687 901 1743 tenebras
928 1686 1145 1758 quidem
1177 1687 1373 1744 ledere
1402 1699 1641 1758 possunt.
1680 1686 1796 1743 Non
1835 1687 1952 1745 sine
1988 1703 2151 1744 causa

562 1776 764 1833 diutius
803 1779 946 1834 hunc
986 1793 1291 1837 sermone
1338 1778 1618 1849 produco:
1662 1780 1756 1836 sed
1803 1780 1925 1852 quia
1956 1781 2150 1848 multi,

565 1887 688 1924 cum
715 1872 997 1941 segnitiem
1027 1886 1179 1927 suam
1205 1871 1424 1943 culpare
1450 1914 1466 1937 ,
1510 1888 1573 1928 ac
1613 1873 2005 1943 improbitatem
2033 1883 2152 1930 stu-

561 1973 854 2032 poremque
881 1976 1039 2018 suum
1067 1962 1336 2034 corrigere
1362 1948 1663 2032 deberent,
1700 1963 1800 2019 hac
1836 1964 1998 2019 missa
2023 1979 2151 2021 cura

559 2054 899 2110 circumeunt
946 2054 1163 2127 frigidas
1214 2056 1591 2113 excusationes
1646 2065 1953 2128 quaerentes
1990 2065 2153 2128 atque

560 2146 805 2203 dicentes
837 2165 851 2203 :
883 2147 995 2204 Nisi
1024 2148 1268 2205 diabolus
1307 2157 1491 2217 esset,
1528 2163 1636 2204 non
1675 2149 2013 2220 periremus;
2049 2150 2150 2206 nisi

560 2237 642 2293 lex
693 2248 877 2305 esset,
928 2253 1033 2294 non
1078 2254 1462 2311 peccaremus;
1505 2241 1606 2295 nisi
1654 2240 1888 2297 brereses
1925 2252 2147 2310 essent,

557 2345 667 2386 non
706 2331 1190 2402 supplantaremur.
1223 2332 1349 2390 Haec
1386 2341 1512 2389 sunt
1552 2333 1803 2390 obtentus
1832 2343 1888 2390 et
1914 2343 2148 2406 praetex-

558 2431 646 2477 tus
671 2463 689 2489 ,
724 2422 795 2477 mi
821 2424 983 2479 homo
1007 2442 1021 2479 :
1050 2424 1289 2496 vigilanti
1319 2425 1463 2481 enim
1489 2425 1624 2481 nihil
1662 2435 1818 2483 nocet
1854 2441 2104 2496 umquam
2127 2467 2145 2493 ,

556 2515 696 2571 sicut
720 2514 1004 2573 dormienti
1028 2561 1059 2585 ,.
1074 2518 1345 2589 pigritanti
1364 2528 1420 2576 et
1438 2518 1667 2575 salutem
1695 2534 1848 2575 suam
1880 2521 2143 2590 prodentl,

555 2606 690 2664 nihil
736 2608 973 2679 prodest.
1008 2609 1250 2683 .ldipsum
1287 2613 1430 2667 enim
1476 2621 1532 2669 et
1565 2612 1761 2696 Paulus
1804 2613 2149 2670 subindirans

552 2697 809 2756 dicebat:
842 2698 1241 2773 thui,probati
1265 2712 1424 2772 sant,
1466 2705 1723 2777 manifesti
1759 2706 1885 2775 ﬁant
1922 2706 1975 2762 in
2011 2706 2150 2761 vobis

555 2788 799 2860 (LCor.
830 2790 916 2847 ll.
964 2792 1123 2859 l9):
1169 2792 1273 2850 hoc
1315 2802 1435 2863 est,
1484 2811 1554 2851 ne
1601 2797 1927 2866 tnrhemini,
1973 2812 2148 2869 neque

551 2881 696 2938 anxii
713 2890 913 2951 estote;
934 2884 1066 2940 nihil
1083 2885 1234 2941 vobis
1257 2901 1451 2942 nocere
1474 2900 1697 2958 possunt
1715 2888 1967 2946 haereses.
1988 2889 2146 2957 Quod

552 2971 734 3044 itaque
776 2973 996 3031 etiamsi
1051 2975 1119 3031 de
1167 2976 1461 3033 ltmresibus
1511 2994 1688 3038 sermo
1733 2980 1840 3045 sit,
1886 2980 2142 3052 prmdicta

549 3064 774 3129 antestio
792 3079 908 3121 non
936 3064 1016 3122 sic
1057 3064 1250 3122 habeat
1273 3108 1289 3133 ,
1326 3067 1450 3125 hinc
1489 3068 1663 3141 palam
1707 3081 1813 3127 est.
1857 3070 2143 3144 Prophetia

549 3171 781 3227 namque
810 3166 895 3213 est
915 3199 931 3222 ,
964 3173 1073 3214 non
1099 3159 1381 3215 consilium
1408 3178 1422 3225 ;
1467 3160 1747 3230 praedictio
1770 3203 1786 3228 ,
1816 3177 1923 3218 non
1952 3163 2142 3220 admo-

550 3247 687 3302 nitio
717 3265 731 3301 :
760 3256 815 3303 et
842 3247 930 3302 illa
956 3263 1057 3304 vox
1082 3289 1100 3314 ,
1124 3246 1239 3314 .Ut,
1281 3260 1536 3306 eventum
1559 3292 1576 3317 ,
1626 3267 1733 3307 non
1772 3268 1989 3308 causam
2014 3295 2029 3318 ,
2072 3255 2147 3311 si-

549 3338 788 3409 guilicat.
828 3337 979 3407 Quod
1004 3348 1183 3396 autem
1209 3354 1315 3395 non
1342 3340 1411 3397 de
1434 3340 1774 3412 dogmatibus
1786 3343 1898 3414 jam
1926 3345 2000 3400 illi
2024 3360 2143 3401 ser-

550 3444 643 3485 mo
669 3430 737 3484 sit
760 3470 776 3494 ,
808 3428 903 3485 sed
946 3429 1015 3487 de
1049 3431 1375 3501 pauperibus
1400 3430 1732 3489 ct-divitibus
1756 3476 1771 3502 ,
1801 3434 1869 3491 de
1894 3436 2017 3492 cibo
2042 3476 2057 3502 ,
2088 3447 2144 3492 et

549 3519 621 3575 de
658 3520 978 3575 abstinentia
1017 3534 1049 3576 a
1089 3520 1250 3589 cibo,
1296 3522 1367 3578 de
1410 3511 1787 3593 opulentorum
1829 3524 2046 3581 lascivia
2089 3537 2142 3583 et

548 3609 767 3679 crapula
791 3651 807 3677 ,
833 3619 888 3665 et
910 3609 978 3666 de
1002 3620 1631 3683 pauperumcontemptu
1656 3655 1670 3679 ,
1698 3614 1787 3685 qui
1811 3629 1973 3685 penes
2000 3617 2141 3687 ipsos

548 3712 665 3757 erat
689 3744 704 3768 ,
736 3700 873 3758 ferte
902 3702 1172 3773 paulisper
1211 3702 1264 3759 id
1303 3705 1553 3773 superius
1589 3715 1895 3761 narrantem
1924 3725 1938 3761 :
1970 3723 2143 3778 neque

547 3793 693 3848 enim
724 3793 830 3846 alio
862 3793 1021 3848 modo
1052 3793 1105 3849 id
1135 3794 1288 3851 vobis
1312 3795 1630 3866 paiamesse
1651 3805 1847 3867 potest.
1879 3798 2140 3866 Quoniam

554 3886 699 3940 enim
741 3885 968 3955 apostoli
1010 3897 1285 3958 ereperant
1319 3889 1541 3944 verbum
1582 3891 1795 3961 pietatis
1831 3890 2101 3947 seminare
2124 3934 2140 3960 ,

550 3986 898 4033 accesserunt
943 3978 1122 4033 statim
1163 3978 1261 4033 tria
1309 3980 1512 4048 millia,
1560 3991 1616 4037 et
1658 3997 1873 4038 rursum
1911 3983 2145 4054 quinque

553 4068 720 4121 millia
744 4108 761 4132 ,
792 4077 849 4123 et
872 4068 1087 4124 illorum
1115 4070 1355 4125 omnium
1385 4082 1501 4127 erat
1525 4088 1621 4127 cor
1644 4088 1810 4128 unum
1835 4113 1852 4139 ,
1876 4082 1935 4129 et
1967 4074 2143 4129 anima

552 4173 677 4213 tata.
706 4157 1017 4215 Concordia:
1045 4168 1224 4215 autem
1245 4175 1406 4216 causa
1430 4202 1447 4223 ,
1475 4170 1533 4217 et
1555 4162 1795 4219 caritatis
1820 4178 2008 4220 eorum
2033 4164 2145 4218 vin-

550 4250 730 4305 culum
754 4291 771 4316 ,
796 4250 940 4321 quod
970 4260 1051 4307 tot
1088 4251 1295 4306 animas
1326 4252 1378 4306 in
1411 4268 1575 4308 unum
1604 4256 2002 4327 congregabat,
2048 4269 2144 4327 ps-

552 4342 829 4399 cnniarum
882 4352 1224 4415 contemptus
1271 4354 1406 4401 erat.
1464 4344 1659 4401 Nullus
1709 4349 1883 4416 enim,
1934 4348 2145 4420 inquit,

552 4437 815 4507 quidpiam
858 4436 951 4490 sibi
994 4438 1256 4509 propriam
1303 4453 1410 4493 esse
1451 4437 1683 4511 dicebat,
1730 4440 1820 4496 sed
1856 4450 2001 4496 eram
2044 4440 2149 4498 illis

554 4530 725 4583 omnia
748 4531 1037 4583 communia
1066 4531 1085 4601 (
1108 4530 1222 4585 Act.
1250 4530 1303 4585 ι.
1334 4529 1408 4587 52
1431 4531 1473 4602 ).
1500 4530 1635 4599 Quia
1662 4532 1808 4588 enim
1849 4534 2002 4590 radix
2034 4548 2149 4589 ma-

554 4618 731 4676 lorum
757 4607 964 4677 sublata
991 4619 1163 4677 fuerat
1186 4662 1203 4688 ,
1233 4621 1457 4678 avaritia
1485 4637 1679 4694 nempe
1704 4664 1721 4691 ,
1758 4625 1941 4682 omnia
1986 4624 2150 4681 adve-

556 4719 750 4765 nerant
773 4709 912 4765 hona
940 4726 955 4763 :
982 4725 1045 4766 ac
1068 4708 1263 4775 deinde
1287 4721 1473 4767 mutuo
1506 4710 1891 4782 cohaerebant,
1930 4727 1965 4769 a
2002 4714 2148 4771 nulla

558 4817 617 4856 re
642 4801 861 4865 divulsi.
896 4800 1028 4857 Illud
1053 4802 1203 4858 enim
1229 4820 1396 4857 meum
1420 4812 1474 4859 et
1503 4813 1643 4859 tuum
1672 4845 1688 4873 ,
1734 4804 1987 4876 frigidum
2019 4805 2148 4861 illud

556 4895 777 4949 verbum
805 4934 821 4958 ,
878 4894 1157 4949 innumera
1205 4894 1345 4951 bella
1399 4896 1452 4950 in
1497 4895 1686 4951 orbem
1732 4897 2033 4963 inducens,
2081 4914 2146 4953 ex

555 4996 739 5040 sancta
768 4983 855 5038 illa
887 4986 1127 5042 Ecclesia
1153 4987 1487 5045 eliminatum
1514 4998 1650 5056 erat,
1683 4999 1739 5045 et
1764 4990 1818 5046 in
1860 5000 1999 5049 terra
2027 5006 2149 5061 per-

560 5075 684 5145 inde
726 5076 1077 5145 habitabant,
1098 5086 1260 5149 atque
1298 5079 1475 5150 angeli
1502 5080 1553 5134 in
1575 5081 1727 5135 calo.
1756 5081 1870 5136 Non
1897 5082 2149 5137 divitibus

557 5180 823 5235 pauperes
850 5167 1201 5236 invidebant,
1244 5183 1369 5225 eum
1414 5170 1543 5225 nulli
1568 5181 1747 5227 essent
1785 5172 2020 5237 divites;
2049 5188 2149 5228 nec

550 5271 821 5329 pauperes
848 5274 880 5312 a
906 5258 1161 5316 divitibus
1182 5260 1668 5316 coutemnebantur
1691 5303 1704 5326 ,
1738 5276 1858 5316 cum
1887 5278 2149 5333 pauperes

541 5365 656 5406 non
692 5362 914 5419 essent,
940 5352 1036 5409 sed
1073 5354 1252 5410 omnia
1281 5364 1463 5411 essent
1501 5356 1829 5411 communia.
1868 5360 1947 5413 Ac
1990 5372 2150 5415 nemo

539 5446 825 5517 quidpiam
852 5458 919 5500 ex
945 5444 1010 5499 iis
1046 5460 1168 5516 qua:
1215 5445 1483 5513 habebat,
1525 5462 1680 5503 suum
1726 5462 1848 5503 esse
1897 5446 2146 5515 dicebat;

544 5546 732 5605 neque
784 5538 928 5591 enim
970 5548 1031 5592 ut
1077 5538 1276 5607 hodie,
1324 5540 1403 5595 sic
1451 5550 1576 5596 tunc
1616 5555 1677 5597 se
1724 5556 1812 5597 res
1858 5540 2147 5599 habebant.

548 5624 712 5681 Nunc
740 5626 882 5680 enim
910 5641 1005 5681 sua
1033 5627 1293 5685 habentes
1315 5668 1332 5697 ,
1370 5640 1595 5702 erogant
1622 5633 1946 5703 pauperibus
1978 5650 1993 5687 :
2024 5642 2150 5689 tunc

556 5732 689 5774 vero
714 5734 822 5773 non
850 5732 960 5786 sic;
986 5720 1083 5778 sed
1106 5736 1139 5777 a
1176 5725 1511 5793 prepriarum
1539 5728 1883 5796 pecuniarum
1911 5728 2151 5785 dominio

562 5813 882 5878 absistenteI
905 5854 919 5875 .
946 5824 1004 5874 et
1030 5814 1084 5873 in
1111 5817 1291 5875 medio
1312 5831 1405 5875 eas
1427 5818 1759 5893 deponentes
1801 5830 1962 5895 atque
2001 5835 2153 5880 com-

2265 772 2698 844 quandoquidem
2726 777 2909 832 omnia
2936 777 3161 847 :equalia
3201 785 3356 833 erant
3380 816 3398 844 ,
3442 792 3746 849 omnesque
3786 793 3878 847 pc-

2263 866 2438 919 cuniae
2487 867 2794 923 commixtae
2840 869 3070 924 fuerant.
3112 868 3299 942 Neque
3339 869 3465 925 inde
3508 870 3685 925 solum
3710 910 3729 936 ,
3772 869 3875 926 sed

2262 958 2423 1014 etiam
2448 974 2515 1015 ex
2546 959 2708 1016 modo
2745 961 3051 1031 deponendi
3091 962 3344 1031 pecunias
3368 1003 3385 1028 ,
3434 961 3649 1016 illorum
3696 962 3876 1033 pieta-

2265 1058 2373 1105 tcm
2403 1049 2589 1108 videre
2616 1059 2753 1108 crat.
2785 1053 3041 1120 Quotquot
3069 1050 3202 1106 enim
3230 1069 3382 1124 agros
3410 1061 3497 1107 aut
3537 1054 3718 1107 domos
3747 1070 3877 1123 pos-

2260 1141 2531 1206 sidebant,
2561 1142 2680 1197 illas
2708 1145 2979 1199 uendentes
3017 1143 3237 1214 pretium
3275 1142 3557 1211 alerebant
3578 1185 3593 1209 ,
3626 1152 3677 1199 et
3702 1159 3871 1214 porse-

2260 1233 2381 1286 bant
2406 1230 2475 1284 ad
2504 1233 2655 1302 pedes
2682 1235 3030 1303 apostolorum
3072 1233 3091 1305 (
3114 1233 3225 1287 Aet.
3254 1234 3308 1289 ι.
3335 1233 3406 1289 54
3434 1232 3476 1303 ).
3521 1233 3639 1290 Non
3684 1235 3823 1291 dixit
3844 1274 3868 1303 ,

2260 1320 2317 1377 ln
2349 1337 2541 1378 manus
2567 1323 2882 1393 injiciebant
2905 1366 2920 1387 ,
2948 1324 3045 1379 sed
3073 1324 3154 1379 Ad
3187 1326 3337 1395 pedes
3360 1341 3537 1380 eorum
3567 1327 3824 1396 ponebant
3845 1368 3864 1393 ,

2261 1413 2521 1484 pudorem
2547 1454 2564 1481 ,
2594 1415 2950 1470 reverentiam
2976 1455 2992 1479 ,
3023 1415 3272 1470 timorem
3297 1456 3313 1482 ,
3340 1431 3447 1487 quo
3474 1432 3601 1489 erga
3638 1427 3870 1487 aposto-

2260 1503 2342 1560 los
2369 1503 2786 1571 amciebantur,
2828 1503 2914 1559 his
2957 1504 3343 1562 declarantes:
3388 1522 3495 1562 non
3540 1510 3689 1564 enim
3729 1508 3869 1566 dare

2258 1596 2430 1666 magis
2454 1637 2472 1663 ,
2497 1611 2657 1667 quam
2684 1599 2930 1668 accipere
2956 1613 3015 1654 se
3042 1598 3316 1668 putabant.
3359 1600 3427 1655 Et
3476 1601 3582 1657 hoc
3624 1603 3867 1660 maxime

2257 1693 2343 1740 est
2367 1686 2622 1755 pecunias
2650 1686 2930 1756 despicere
2952 1729 2967 1753 ,
3017 1686 3121 1743 hoc
3148 1703 3276 1745 vere
3300 1688 3573 1747 Christum
3612 1694 3823 1750 nutrire
3843 1736 3862 1760 ,

2256 1776 2303 1830 si
2333 1790 2440 1830 non
2466 1790 2587 1831 cum
2613 1778 2916 1847 arrogantia
2946 1788 3002 1834 et
3030 1778 3167 1834 fastu
3193 1778 3297 1835 hoc
3338 1779 3543 1849 facias;
3574 1783 3619 1839 si
3652 1784 3724 1839 ita
3754 1784 3866 1840 lar-

2256 1865 2419 1936 giaris
2441 1907 2459 1933 ,
2490 1866 2536 1922 si
2568 1860 2638 1922 ita
2666 1868 2908 1937 praebeas
2932 1910 2946 1935 ,
2977 1883 3040 1925 ac
3083 1870 3127 1924 si
3173 1871 3343 1942 magis
3381 1873 3436 1927 in
3478 1884 3530 1930 te
3551 1914 3569 1937 ,
3596 1891 3758 1945 quam
3808 1878 3864 1932 in

2256 1956 2607 2027 accipientem
2635 2000 2651 2025 ,
2682 1956 3000 2014 beneﬁcium
3047 1959 3317 2018 conferas.
3355 1962 3411 2018 Si
3453 1966 3595 2019 enim
3629 1982 3736 2022 non
3782 1968 3866 2024 sic

2254 2047 2479 2104 allectus
2504 2049 2579 2106 sis
2599 2090 2617 2117 ,
2641 2065 2711 2107 ne
2728 2049 2977 2117 dederis;
3000 2051 3101 2107 nisi
3128 2060 3182 2109 te
3208 2064 3362 2124 putes
3389 2058 3559 2127 magis
3583 2059 3862 2130 accipere.

2255 2154 2415 2210 quam
2441 2140 2572 2196 dare
2596 2183 2613 2209 ,
2642 2156 2711 2197 ne
2740 2141 3058 2211 praebueris.
3101 2143 3335 2214 ldipsum
3377 2155 3434 2202 et
3472 2149 3594 2204 aliis
3640 2166 3863 2207 rursum

2260 2233 2576 2290 testillcatus
2603 2243 2688 2291 est
2718 2233 2914 2291 Paulus
2943 2236 3029 2291 his
3052 2238 3229 2294 verbis
3254 2256 3268 2293 :
3303 2237 3496 2295 Notam
3523 2231 3691 2298 autem
3723 2247 3865 2315 facio

2253 2324 2393 2379 vobis
2416 2366 2431 2389 ,
2462 2326 2648 2394 fratres
2668 2362 2687 2393 ,
2717 2327 2939 2397 gratiam
2968 2326 3068 2382 Dei
3089 2368 3105 2395 ,
3136 2344 3250 2393 qua
3277 2330 3401 2385 data
3424 2342 3500 2387 est
3526 2334 3581 2388 in
3613 2334 3863 2393 Ecclesiis

2258 2414 2581 2469 Macedonia
2597 2457 2613 2483 ,
2645 2418 2884 2487 quoniam
2910 2418 3161 2473 altissima
3188 2432 3461 2492 paupertas
3487 2439 3662 2479 eorum
3694 2427 3862 2481 abusa—

2256 2506 2393 2560 dasit
2444 2508 2498 2561 in
2543 2508 2745 2563 diuitias
2782 2508 3122 2579 simplicitatis
3159 2527 3335 2566 eorum
3358 2528 3379 2567 :
3420 2515 3540 2584 quia
3575 2518 3861 2572 secundum

2253 2597 2487 2653 uirtutem
2516 2599 2859 2653 testimonium
2887 2600 2991 2655 illis
3017 2602 3175 2655 reddo
3196 2642 3211 2664 ,
3251 2611 3302 2657 et
3328 2620 3486 2676 supra
3510 2606 3743 2661 uirtutem
3770 2624 3862 2661 oo-

2253 2691 2467 2746 luntarii
2509 2695 2747 2761 fueram,
2788 2708 2904 2746 cum
2946 2693 3109 2748 multa
3146 2694 3501 2751 exhortatione
3539 2696 3858 2755 obsecrantes

2252 2798 2346 2837 stos
2384 2783 2603 2854 gratiam
2647 2792 2698 2839 et
2742 2785 3249 2843 communicationem
3285 2789 3586 2857 ministerii,
3626 2791 3764 2861 quod
3800 2792 3858 2847 iis

2249 2885 2452 2931 sanctos
2506 2876 2842 2946 impleverant
2889 2877 2990 2949 (2.
3020 2878 3139 2934 Cor.
3170 2879 3224 2935 8.
3253 2880 3279 2936 Ι
3314 2910 3336 2922 -
3356 2882 3392 2937 ι
3413 2879 3459 2953 ).
3498 2881 3688 2939 Videu‘
3709 2884 3857 2956 quod

2251 2965 2373 3022 ideo
2404 2967 2523 3036 plus
2550 2967 2674 3023 illos
2700 2966 2997 3023 admiretur
3020 3006 3038 3035 ,
3068 2969 3213 3040 quod
3256 2971 3483 3041 gratiam
3524 2972 3758 3029 scientes
3797 2982 3858 3030 et

2248 3056 2597 3113 obsecrantes
2644 3066 2700 3114 et
2751 3056 3067 3125 hortantes,
3120 3060 3200 3115 sic
3242 3060 3592 3130 pecuniarum
3640 3063 3855 3135 copiam

2249 3147 2615 3205 cxhnbuerunt
2636 3152 2659 3204 ἲ

2321 3240 2377 3294 5.
2406 3237 2534 3295 Ideo
2564 3238 2927 3296 Abrahamum
2973 3240 3257 3308 miramur,
3304 3256 3411 3297 non
3463 3252 3666 3301 tantum
3706 3247 3858 3323 quod

2248 3329 2472 3384 vitulum
2497 3331 2834 3400 mactaverit,
2865 3346 2973 3387 non
3001 3332 3146 3404 quod
3172 3333 3399 3389 farinam
3432 3335 3729 3405 miscuerit,
3751 3340 3855 3395 sed

2248 3421 2562 3492 quod'cum
2623 3423 2787 3477 multa
2845 3424 3119 3494 voluptate
3162 3434 3220 3481 et
3260 3425 3562 3484 humilitate
3610 3430 3859 3502 hospites

2246 3514 2545 3585 exceperit,
2590 3528 2909 3582 accurrens,
2955 3516 3287 3587 ministrans,
3334 3519 3583 3577 dominos
3627 3537 3854 3590 vocans,

2248 3605 2556 3660 thesaurum
2582 3606 2999 3676 innumerorum
3043 3609 3308 3667 honorum
3348 3626 3409 3668 se
3453 3615 3720 3686 reperisse
3750 3634 3854 3689 pu-

2248 3707 2387 3765 tans,
2418 3700 2463 3754 si
2493 3700 2705 3771 quando
2744 3710 3107 3757 transeuntem
3169 3703 3436 3775 hospitem
3477 3707 3703 3765 videret.
3754 3711 3850 3767 Sic

2247 3793 2390 3848 enim
2439 3792 2635 3863 duplex
2683 3802 2766 3850 est
2808 3794 3172 3867 eleemosyna,
3217 3811 3339 3851 cum
3385 3798 3596 3866 damus,
3637 3809 3849 3858 etcum

2247 3884 2523 3939 alacritate
2567 3884 2775 3939 damus.
2814 3884 3047 3941 Hilarem
3082 3888 3247 3954 enim,
3288 3889 3487 3960 inquit,
3513 3891 3743 3947 datorem
3771 3895 3856 3949 di-

2250 3973 2359 4043 ligit
2385 3972 2521 4028 Deus
2547 3972 2622 4046 (2.
2654 3973 2773 4030 Cor.
2799 3975 2853 4031 9.
2886 3975 2961 4048 7).
2992 3976 3434 4050 Quandoquidem
3464 3982 3509 4035 si
3536 3997 3659 4037 cum
3685 3999 3839 4039 arro-

2249 4064 2462 4135 gantia,
2493 4065 2631 4122 fastu
2674 4076 2729 4123 et
2755 4081 2891 4123 vana
2933 4068 3100 4139 gloria
3139 4070 3420 4126 innumera
3463 4070 3717 4129 en‘uderis
3765 4086 3851 4130 ta-

2252 4156 2430 4224 lenta,
2482 4158 2662 4213 omnia
2709 4158 3019 4229 perdidisti;
3063 4162 3513 4231 quemadmodum
3562 4164 3651 4221 ille
3695 4163 3842 4221 Pha-

2250 4251 2462 4319 sistens,
2488 4250 2579 4321 qui
2624 4252 2885 4307 bonorum
2926 4267 3148 4309 suorum
3191 4251 3456 4309 decimam
3498 4254 3681 4324 dabat,
3713 4259 3841 4328 quia

2252 4342 2416 4398 altum
2470 4341 2710 4412 sapiebat
2746 4351 2801 4398 et
2838 4342 3089 4413 superbia
3131 4344 3393 4410 tumebat,
3414 4345 3663 4401 omnibus
3688 4345 3857 4403 amis-

2253 4436 2348 4501 sis,
2396 4433 2643 4491 discessit
2670 4449 2701 4491 e
2743 4437 2943 4508 templo
2981 4434 3135 4508 (Luc.
3179 4436 3268 4493 18.
3313 4436 3519 4508 lo-lt).
3560 4439 3853 4509 Apostolo-

2254 4542 2373 4583 rum
2400 4540 2529 4583 vero
2559 4536 2802 4597 tempore
2831 4542 2935 4582 non
2963 4529 3042 4583 sic
3081 4543 3142 4583 se
3182 4542 3270 4584 res
3316 4529 3565 4596 habebat,
3593 4530 3688 4587 sed
3719 4547 3856 4603 gan-

2253 4618 2461 4681 dentes.
2486 4619 2835 4685 exsultantes,
2869 4634 3061 4691 magno
3100 4619 3203 4675 sibi
3227 4635 3348 4677 esse
3388 4621 3538 4677 lucro
3579 4633 3852 4694 putantes,

2255 4711 2334 4766 sic
2380 4710 2633 4781 pecunias
2654 4709 2995 4776 'alIerebant‘,
3043 4719 3098 4765 et
3122 4710 3257 4765 bene
3300 4726 3485 4768 secum
3518 4722 3700 4769 actum
3728 4731 3856 4773 csse

2254 4803 2657 4869 existimabant,
2693 4802 2739 4857 si
2780 4816 2872 4857 eas
2917 4801 3146 4872 apostoli
3193 4801 3540 4872 dignarentur
3581 4806 3854 4876 accipere.
3966 4878 3969 4881 δ

2254 4894 2327 4950 At
2350 4892 2799 4965 quemadmodum
2846 4890 3061 4962 quidam
3093 4890 3160 4946 ad
3187 4905 3470 4960 supremos
3507 4896 3858 4964 magistratus

2256 4987 2453 5053 vocati,
2487 4993 2541 5041 et
2568 4985 2624 5039 in
2651 4982 2935 5055 praecipuis
2974 4981 3182 5052 imperii
3210 4981 3434 5036 urbibus
3466 4983 3857 5053 semperhabi-

2258 5079 2437 5144 taturi,
2469 5076 2765 5134 substantia
2806 5084 2915 5129 tota
2946 5074 2999 5127 in
3024 5073 3302 5142 pecuniam
3340 5087 3623 5138 conversa,
3656 5076 3737 5129 sic
3761 5090 3855 5129 so-

2257 5169 2367 5226 lent
2385 5184 2451 5224 eo
2470 5184 2529 5225 se
2551 5150 2841 5222 transferre
2860 5181 2874 5217 :
2891 5163 2969 5221 sic
2987 5172 3111 5218 tunc
3133 5164 3394 5217 iaciebant
3411 5163 3656 5219 homines
3674 5164 3771 5233 illi,
3787 5168 3858 5222 ad

2256 5265 2447 5321 caelum
2478 5264 2670 5325 vocati,
2689 5260 2754 5315 ad
2775 5272 3060 5329 supernam
3090 5257 3427 5328 metropolim
3446 5267 3501 5312 et
3515 5258 3731 5314 cmleste
3769 5274 3859 5315 re.

2256 5355 2576 5427 gnum.Quia
2592 5354 2732 5409 enim
2750 5351 2989 5407 sciebant
3007 5350 3147 5404 illam
3162 5364 3283 5405 esse
3302 5364 3425 5403 vere
3438 5348 3664 5419 patriam
3679 5361 3857 5416 suam,

2245 5448 2609 5503 substantiam
2644 5460 2796 5500 suam
2825 5444 2877 5497 in
2912 5442 3163 5512 pecunias
3196 5448 3571 5495 convcrtentcs
3592 5454 3717 5505 ,eas
3761 5455 3863 5510 per

2260 5540 2578 5612 apostolicos
2605 5550 2795 5592 manus
2820 5550 2886 5589 eo
2914 5531 3329 5604 prannittebant.
3358 5529 3569 5583 Etenim
3596 5539 3863 5587 extrema

2260 5644 2345 5692 est
2373 5634 2691 5704 insipientia:
2724 5629 2996 5701 quidpiam
3025 5643 3091 5681 ex
3122 5626 3285 5682 rebus
3323 5626 3526 5682 nostris
3568 5624 3655 5680 hic
3698 5626 3861 5680 relin-

2261 5741 2444 5797 quere.
2478 5739 2599 5779 cum
2632 5738 2729 5778 nos
2758 5730 2879 5792 post
2931 5720 3193 5773 tantillum
3246 5720 3497 5787 temporis
3551 5715 3679 5775 hinc
3721 5716 3863 5773 eini.

2266 5820 2467 5893 gratari
2510 5820 2721 5873 simus:
2756 5812 2897 5887 quod
2945 5812 3089 5867 enim
3132 5810 3473 5883 relinquitur,
3503 5812 3560 5865 in
3608 5808 3863 5867 damnum
