  <div class='ocr_page' id='page_1' title='image "/cluster/home/n/w/nwhite01/storage/ocr_20150623/51/ien.35556001660786/262.png"; bbox 0 0 4088 6442; ppageno 0'>
   <div class='ocr_carea' id='block_1_1' title="bbox 311 377 418 432">
    <p class='ocr_par' dir='ltr' id='par_1_1' title="bbox 311 377 418 432">
     <span class='ocr_line' id='line_1_1' title="bbox 311 377 418 432; baseline 0 -1"><span class='ocrx_word' id='word_1_1' title='bbox 311 377 418 432; x_wconf 69' lang='lat'><strong>257</strong></span> 
     </span>
    </p>
   </div>
   <div class='ocr_carea' id='block_1_2' title="bbox 313 483 1917 556">
    <p class='ocr_par' dir='ltr' id='par_1_2' title="bbox 313 483 1917 556">
     <span class='ocr_line' id='line_1_2' title="bbox 313 483 1917 556; baseline -0.004 -13"><span class='ocrx_word' id='word_1_2' title='bbox 313 487 481 556; x_wconf 60' lang='lat' dir='ltr'><strong>cedit,</strong></span> <span class='ocrx_word' id='word_1_3' title='bbox 536 486 726 543; x_wconf 85' lang='lat' dir='ltr'><strong>Omnia</strong></span> <span class='ocrx_word' id='word_1_4' title='bbox 768 484 930 556; x_wconf 93' lang='lat' dir='ltr'><strong>igitur</strong></span> <span class='ocrx_word' id='word_1_5' title='bbox 974 483 1065 538; x_wconf 92' lang='lat' dir='ltr'><strong>illo</strong></span> <span class='ocrx_word' id='word_1_6' title='bbox 1109 483 1498 552; x_wconf 67' lang='lat' dir='ltr'><strong>praemittantur</strong></span> <span class='ocrx_word' id='word_1_7' title='bbox 1523 523 1540 548; x_wconf 93' lang='lat'><strong>,</strong></span> <span class='ocrx_word' id='word_1_8' title='bbox 1592 483 1680 537; x_wconf 90' lang='lat' dir='ltr'><strong>ubi</strong></span> <span class='ocrx_word' id='word_1_9' title='bbox 1717 491 1772 537; x_wconf 90' lang='lat' dir='ltr'><strong>et</strong></span> <span class='ocrx_word' id='word_1_10' title='bbox 1818 495 1917 536; x_wconf 91' lang='lat' dir='ltr'><strong>nos</strong></span> 
     </span>
    </p>
   </div>
   <div class='ocr_carea' id='block_1_3' title="bbox 315 573 1918 646">
    <p class='ocr_par' dir='ltr' id='par_1_3' title="bbox 315 573 1918 646">
     <span class='ocr_line' id='line_1_3' title="bbox 315 573 1918 646; baseline -0.004 -13"><span class='ocrx_word' id='word_1_11' title='bbox 315 577 576 646; x_wconf 73' lang='lat' dir='ltr'><strong>deinceps</strong></span> <span class='ocrx_word' id='word_1_12' title='bbox 605 590 818 646; x_wconf 89' lang='lat' dir='ltr'><strong>semper</strong></span> <span class='ocrx_word' id='word_1_13' title='bbox 840 573 1097 629; x_wconf 88' lang='lat' dir='ltr'><strong>versaturi</strong></span> <span class='ocrx_word' id='word_1_14' title='bbox 1129 589 1332 628; x_wconf 88' lang='lat' dir='ltr'><strong>sumus.</strong></span> <span class='ocrx_word' id='word_1_15' title='bbox 1365 573 1491 628; x_wconf 71' lang='lat' dir='ltr'><strong>Hzec</strong></span> <span class='ocrx_word' id='word_1_16' title='bbox 1536 587 1720 628; x_wconf 86' lang='lat' dir='ltr'><strong>secum</strong></span> <span class='ocrx_word' id='word_1_17' title='bbox 1753 587 1918 642; x_wconf 87' lang='lat' dir='ltr'><strong>repu-</strong></span> 
     </span>
    </p>
   </div>
   <div class='ocr_carea' id='block_1_4' title="bbox 319 661 1918 736">
    <p class='ocr_par' dir='ltr' id='par_1_4' title="bbox 319 661 1918 736">
     <span class='ocr_line' id='line_1_4' title="bbox 319 661 1918 736; baseline -0.003 -14"><span class='ocrx_word' id='word_1_18' title='bbox 319 675 496 723; x_wconf 86' lang='lat' dir='ltr'><strong>tantes</strong></span> <span class='ocrx_word' id='word_1_19' title='bbox 524 667 650 736; x_wconf 83' lang='lat' dir='ltr'><strong>ipsi,</strong></span> <span class='ocrx_word' id='word_1_20' title='bbox 665 681 878 722; x_wconf 88' lang='lat' dir='ltr'><strong>omnem</strong></span> <span class='ocrx_word' id='word_1_21' title='bbox 905 663 1258 718; x_wconf 74' lang='lat' dir='ltr'><strong>substantiam</strong></span> <span class='ocrx_word' id='word_1_22' title='bbox 1275 663 1652 732; x_wconf 88' lang='lat' dir='ltr'><strong>dcponebant;</strong></span> <span class='ocrx_word' id='word_1_23' title='bbox 1694 661 1918 733; x_wconf 83' lang='lat' dir='ltr'><strong>duplex-</strong></span> 
     </span>
    </p>
   </div>
   <div class='ocr_carea' id='block_1_5' title="bbox 319 753 1918 827">
    <p class='ocr_par' dir='ltr' id='par_1_5' title="bbox 319 753 1918 827">
     <span class='ocr_line' id='line_1_5' title="bbox 319 753 1918 827; baseline 0.001 -20"><span class='ocrx_word' id='word_1_24' title='bbox 319 771 424 826; x_wconf 87' lang='lat' dir='ltr'><strong>que</strong></span> <span class='ocrx_word' id='word_1_25' title='bbox 476 755 714 810; x_wconf 83' lang='lat' dir='ltr'><strong>ofllcium</strong></span> <span class='ocrx_word' id='word_1_26' title='bbox 759 753 1152 827; x_wconf 55' lang='lat' dir='ltr'><strong>praestabatur:</strong></span> <span class='ocrx_word' id='word_1_27' title='bbox 1188 769 1312 808; x_wconf 88' lang='lat' dir='ltr'><strong>nam</strong></span> <span class='ocrx_word' id='word_1_28' title='bbox 1350 763 1406 807; x_wconf 94' lang='lat' dir='ltr'><strong>et</strong></span> <span class='ocrx_word' id='word_1_29' title='bbox 1448 768 1740 824; x_wconf 74' lang='lat' dir='ltr'><strong>egenorum</strong></span> <span class='ocrx_word' id='word_1_30' title='bbox 1787 769 1918 822; x_wconf 90' lang='lat' dir='ltr'><strong>pau-</strong></span> 
     </span>
    </p>
   </div>
   <div class='ocr_carea' id='block_1_6' title="bbox 320 827 1923 915">
    <p class='ocr_par' dir='ltr' id='par_1_6' title="bbox 320 827 1923 915">
     <span class='ocr_line' id='line_1_6' title="bbox 320 827 1923 915; baseline -0.001 -15"><span class='ocrx_word' id='word_1_31' title='bbox 320 855 585 915; x_wconf 86' lang='lat' dir='ltr'><strong>pertatem</strong></span> <span class='ocrx_word' id='word_1_32' title='bbox 633 827 1002 908; x_wconf 83' lang='lat' dir='ltr'><strong>sublevabant,</strong></span> <span class='ocrx_word' id='word_1_33' title='bbox 1033 856 1088 898; x_wconf 92' lang='lat' dir='ltr'><strong>et</strong></span> <span class='ocrx_word' id='word_1_34' title='bbox 1127 845 1442 913; x_wconf 81' lang='lat' dir='ltr'><strong>ampliorem</strong></span> <span class='ocrx_word' id='word_1_35' title='bbox 1487 843 1923 914; x_wconf 77' lang='lat' dir='ltr'><strong>securioremque</strong></span> 
     </span>
    </p>
   </div>
   <div class='ocr_carea' id='block_1_7' title="bbox 317 933 1923 1004">
    <p class='ocr_par' dir='ltr' id='par_1_7' title="bbox 317 933 1923 1004">
     <span class='ocr_line' id='line_1_7' title="bbox 317 933 1923 1004; baseline -0.002 -13"><span class='ocrx_word' id='word_1_36' title='bbox 317 937 422 992; x_wconf 83' lang='lat' dir='ltr'><strong>sibi</strong></span> <span class='ocrx_word' id='word_1_37' title='bbox 453 937 804 992; x_wconf 68' lang='lat' dir='ltr'><strong>substantiam</strong></span> <span class='ocrx_word' id='word_1_38' title='bbox 824 935 1112 1004; x_wconf 88' lang='lat' dir='ltr'><strong>parabant;</strong></span> <span class='ocrx_word' id='word_1_39' title='bbox 1137 935 1191 990; x_wconf 90' lang='lat' dir='ltr'><strong>in</strong></span> <span class='ocrx_word' id='word_1_40' title='bbox 1213 935 1345 991; x_wconf 71' lang='lat' dir='ltr'><strong>caalo</strong></span> <span class='ocrx_word' id='word_1_41' title='bbox 1369 933 1650 990; x_wconf 77' lang='lat' dir='ltr'><strong>thesauros</strong></span> <span class='ocrx_word' id='word_1_42' title='bbox 1671 949 1797 989; x_wconf 83' lang='lat' dir='ltr'><strong>suos</strong></span> <span class='ocrx_word' id='word_1_43' title='bbox 1823 933 1923 989; x_wconf 85' lang='lat' dir='ltr'><strong>de-</strong></span> 
     </span>
    </p>
   </div>
   <div class='ocr_carea' id='block_1_8' title="bbox 322 1036 608 1096">
    <p class='ocr_par' dir='ltr' id='par_1_8' title="bbox 322 1036 608 1096">
     <span class='ocr_line' id='line_1_8' title="bbox 322 1036 608 1096; baseline 0.003 -17"><span class='ocrx_word' id='word_1_44' title='bbox 322 1036 608 1096; x_wconf 76' lang='lat' dir='ltr'><strong>patientes.</strong></span> 
     </span>
    </p>
   </div>
   <div class='ocr_carea' id='block_1_9' title="bbox 399 1116 1924 1173">
    <p class='ocr_par' dir='ltr' id='par_1_9' title="bbox 399 1116 1924 1173">
     <span class='ocr_line' id='line_1_9' title="bbox 399 1116 1924 1173; baseline -0.001 -2"><span class='ocrx_word' id='word_1_45' title='bbox 399 1117 593 1172; x_wconf 72' lang='lat' dir='ltr'><strong>Prisca</strong></span> <span class='ocrx_word' id='word_1_46' title='bbox 638 1134 746 1172; x_wconf 84' lang='lat' dir='ltr'><strong>mos</strong></span> <span class='ocrx_word' id='word_1_47' title='bbox 795 1116 1034 1173; x_wconf 73' lang='lat' dir='ltr'><strong>Ecclesia</strong></span> <span class='ocrx_word' id='word_1_48' title='bbox 1072 1118 1208 1171; x_wconf 87' lang='lat' dir='ltr'><strong>circa</strong></span> <span class='ocrx_word' id='word_1_49' title='bbox 1246 1133 1472 1172; x_wconf 82' lang='lat' dir='ltr'><strong>mensam</strong></span> <span class='ocrx_word' id='word_1_50' title='bbox 1512 1133 1924 1173; x_wconf 78' lang='lat' dir='ltr'><strong>communem.—</strong></span> 
     </span>
    </p>
   </div>
   <div class='ocr_carea' id='block_1_10' title="bbox 320 1209 1922 1281">
    <p class='ocr_par' dir='ltr' id='par_1_10' title="bbox 320 1209 1922 1281">
     <span class='ocr_line' id='line_1_10' title="bbox 320 1209 1922 1281; baseline 0 -16"><span class='ocrx_word' id='word_1_51' title='bbox 320 1210 404 1265; x_wconf 68' lang='grc' dir='ltr'><strong>ΔΙ)</strong></span> <span class='ocrx_word' id='word_1_52' title='bbox 430 1209 531 1265; x_wconf 90' lang='lat' dir='ltr'><strong>hac</strong></span> <span class='ocrx_word' id='word_1_53' title='bbox 550 1211 666 1281; x_wconf 87' lang='lat' dir='ltr'><strong>lege</strong></span> <span class='ocrx_word' id='word_1_54' title='bbox 694 1220 750 1266; x_wconf 90' lang='lat' dir='ltr'><strong>et</strong></span> <span class='ocrx_word' id='word_1_55' title='bbox 777 1209 1165 1265; x_wconf 89' lang='lat' dir='ltr'><strong>consuetudine</strong></span> <span class='ocrx_word' id='word_1_56' title='bbox 1191 1225 1308 1266; x_wconf 87' lang='lat' dir='ltr'><strong>mos</strong></span> <span class='ocrx_word' id='word_1_57' title='bbox 1332 1210 1552 1281; x_wconf 90' lang='lat' dir='ltr'><strong>quidam</strong></span> <span class='ocrx_word' id='word_1_58' title='bbox 1580 1210 1844 1266; x_wconf 78' lang='lat' dir='ltr'><strong>mirabilis</strong></span> <span class='ocrx_word' id='word_1_59' title='bbox 1869 1211 1922 1265; x_wconf 93' lang='lat' dir='ltr'><strong>in</strong></span> 
     </span>
    </p>
   </div>
   <div class='ocr_carea' id='block_1_11' title="bbox 321 1301 1923 1373">
    <p class='ocr_par' dir='ltr' id='par_1_11' title="bbox 321 1301 1923 1373">
     <span class='ocr_line' id='line_1_11' title="bbox 321 1301 1923 1373; baseline 0.001 -16"><span class='ocrx_word' id='word_1_60' title='bbox 321 1301 624 1358; x_wconf 79' lang='lat' dir='ltr'><strong>Ecclesiam</strong></span> <span class='ocrx_word' id='word_1_61' title='bbox 662 1310 790 1357; x_wconf 90' lang='lat' dir='ltr'><strong>tunc</strong></span> <span class='ocrx_word' id='word_1_62' title='bbox 833 1301 1080 1357; x_wconf 90' lang='lat' dir='ltr'><strong>inductus</strong></span> <span class='ocrx_word' id='word_1_63' title='bbox 1117 1311 1201 1358; x_wconf 90' lang='lat' dir='ltr'><strong>est</strong></span> <span class='ocrx_word' id='word_1_64' title='bbox 1232 1318 1245 1357; x_wconf 88' lang='lat'><strong>:</strong></span> <span class='ocrx_word' id='word_1_65' title='bbox 1273 1303 1447 1358; x_wconf 83' lang='lat' dir='ltr'><strong>coacti</strong></span> <span class='ocrx_word' id='word_1_66' title='bbox 1489 1317 1721 1373; x_wconf 86' lang='lat' dir='ltr'><strong>namque</strong></span> <span class='ocrx_word' id='word_1_67' title='bbox 1763 1303 1923 1358; x_wconf 84' lang='lat' dir='ltr'><strong>simul</strong></span> 
     </span>
    </p>
   </div>
   <div class='ocr_carea' id='block_1_12' title="bbox 322 1393 1922 1464">
    <p class='ocr_par' dir='ltr' id='par_1_12' title="bbox 322 1393 1922 1464">
     <span class='ocr_line' id='line_1_12' title="bbox 322 1393 1922 1464; baseline -0.001 -16"><span class='ocrx_word' id='word_1_68' title='bbox 322 1393 512 1449; x_wconf 73' lang='lat' dir='ltr'><strong>ﬁdeles</strong></span> <span class='ocrx_word' id='word_1_69' title='bbox 553 1407 744 1448; x_wconf 88' lang='lat' dir='ltr'><strong>omnes</strong></span> <span class='ocrx_word' id='word_1_70' title='bbox 773 1402 894 1463; x_wconf 81' lang='lat' dir='ltr'><strong>post</strong></span> <span class='ocrx_word' id='word_1_71' title='bbox 933 1393 1168 1448; x_wconf 82' lang='lat' dir='ltr'><strong>auditam</strong></span> <span class='ocrx_word' id='word_1_72' title='bbox 1203 1393 1501 1449; x_wconf 88' lang='lat' dir='ltr'><strong>doctrinam</strong></span> <span class='ocrx_word' id='word_1_73' title='bbox 1531 1435 1548 1459; x_wconf 91' lang='lat'><strong>,</strong></span> <span class='ocrx_word' id='word_1_74' title='bbox 1581 1402 1703 1464; x_wconf 84' lang='lat' dir='ltr'><strong>post</strong></span> <span class='ocrx_word' id='word_1_75' title='bbox 1720 1395 1922 1448; x_wconf 85' lang='lat' dir='ltr'><strong>oratio-</strong></span> 
     </span>
    </p>
   </div>
   <div class='ocr_carea' id='block_1_13' title="bbox 322 1485 1926 1556">
    <p class='ocr_par' dir='ltr' id='par_1_13' title="bbox 322 1485 1926 1556">
     <span class='ocr_line' id='line_1_13' title="bbox 322 1485 1926 1556; baseline -0.001 -15"><span class='ocrx_word' id='word_1_76' title='bbox 322 1499 445 1550; x_wconf 74' lang='lat' dir='ltr'><strong>nes,</strong></span> <span class='ocrx_word' id='word_1_77' title='bbox 493 1495 612 1555; x_wconf 85' lang='lat' dir='ltr'><strong>post</strong></span> <span class='ocrx_word' id='word_1_78' title='bbox 658 1485 1037 1556; x_wconf 81' lang='lat' dir='ltr'><strong>mysteriorum</strong></span> <span class='ocrx_word' id='word_1_79' title='bbox 1067 1487 1549 1556; x_wconf 82' lang='lat' dir='ltr'><strong>participationem,</strong></span> <span class='ocrx_word' id='word_1_80' title='bbox 1582 1487 1758 1542; x_wconf 87' lang='lat' dir='ltr'><strong>soluta</strong></span> <span class='ocrx_word' id='word_1_81' title='bbox 1796 1501 1926 1556; x_wconf 81' lang='lat' dir='ltr'><strong>syn-</strong></span> 
     </span>
    </p>
   </div>
   <div class='ocr_carea' id='block_1_14' title="bbox 320 1575 1922 1644">
    <p class='ocr_par' dir='ltr' id='par_1_14' title="bbox 320 1575 1922 1644">
     <span class='ocr_line' id='line_1_14' title="bbox 320 1575 1922 1644; baseline -0.001 -12"><span class='ocrx_word' id='word_1_82' title='bbox 320 1577 450 1644; x_wconf 86' lang='lat' dir='ltr'><strong>axi,</strong></span> <span class='ocrx_word' id='word_1_83' title='bbox 501 1593 608 1632; x_wconf 90' lang='lat' dir='ltr'><strong>non</strong></span> <span class='ocrx_word' id='word_1_84' title='bbox 654 1578 834 1632; x_wconf 82' lang='lat' dir='ltr'><strong>statim</strong></span> <span class='ocrx_word' id='word_1_85' title='bbox 877 1575 1093 1631; x_wconf 90' lang='lat' dir='ltr'><strong>domum</strong></span> <span class='ocrx_word' id='word_1_86' title='bbox 1150 1577 1520 1632; x_wconf 85' lang='lat' dir='ltr'><strong>concedebant</strong></span> <span class='ocrx_word' id='word_1_87' title='bbox 1573 1594 1587 1630; x_wconf 92' lang='lat'><strong>:</strong></span> <span class='ocrx_word' id='word_1_88' title='bbox 1643 1576 1738 1632; x_wconf 85' lang='lat' dir='ltr'><strong>sed</strong></span> <span class='ocrx_word' id='word_1_89' title='bbox 1780 1577 1922 1633; x_wconf 85' lang='lat' dir='ltr'><strong>divi-</strong></span> 
     </span>
    </p>
   </div>
   <div class='ocr_carea' id='block_1_15' title="bbox 325 1667 1926 1738">
    <p class='ocr_par' dir='ltr' id='par_1_15' title="bbox 325 1667 1926 1738">
     <span class='ocr_line' id='line_1_15' title="bbox 325 1667 1926 1738; baseline -0.001 -15"><span class='ocrx_word' id='word_1_90' title='bbox 325 1676 409 1723; x_wconf 87' lang='lat' dir='ltr'><strong>tes</strong></span> <span class='ocrx_word' id='word_1_91' title='bbox 438 1678 492 1723; x_wconf 91' lang='lat' dir='ltr'><strong>et</strong></span> <span class='ocrx_word' id='word_1_92' title='bbox 512 1668 900 1738; x_wconf 80' lang='lat' dir='ltr'><strong>opulentiores,</strong></span> <span class='ocrx_word' id='word_1_93' title='bbox 919 1667 1173 1722; x_wconf 88' lang='lat' dir='ltr'><strong>alimenta</strong></span> <span class='ocrx_word' id='word_1_94' title='bbox 1195 1676 1249 1723; x_wconf 91' lang='lat' dir='ltr'><strong>et</strong></span> <span class='ocrx_word' id='word_1_95' title='bbox 1270 1667 1468 1723; x_wconf 86' lang='lat' dir='ltr'><strong>fercula</strong></span> <span class='ocrx_word' id='word_1_96' title='bbox 1486 1683 1516 1722; x_wconf 90' lang='lat' dir='ltr'><strong>c</strong></span> <span class='ocrx_word' id='word_1_97' title='bbox 1530 1667 1779 1724; x_wconf 87' lang='lat' dir='ltr'><strong>domibus</strong></span> <span class='ocrx_word' id='word_1_98' title='bbox 1814 1669 1926 1723; x_wconf 88' lang='lat' dir='ltr'><strong>suis</strong></span> 
     </span>
    </p>
   </div>
   <div class='ocr_carea' id='block_1_16' title="bbox 323 1757 1924 1829">
    <p class='ocr_par' dir='ltr' id='par_1_16' title="bbox 323 1757 1924 1829">
     <span class='ocr_line' id='line_1_16' title="bbox 323 1757 1924 1829; baseline 0.002 -18"><span class='ocrx_word' id='word_1_99' title='bbox 323 1757 630 1823; x_wconf 69' lang='lat' dir='ltr'><strong>aderentes,</strong></span> <span class='ocrx_word' id='word_1_100' title='bbox 666 1773 930 1828; x_wconf 88' lang='lat' dir='ltr'><strong>pauperes</strong></span> <span class='ocrx_word' id='word_1_101' title='bbox 957 1757 1320 1826; x_wconf 87' lang='lat' dir='ltr'><strong>advocabant;</strong></span> <span class='ocrx_word' id='word_1_102' title='bbox 1365 1759 1747 1829; x_wconf 89' lang='lat' dir='ltr'><strong>communique</strong></span> <span class='ocrx_word' id='word_1_103' title='bbox 1767 1760 1924 1815; x_wconf 88' lang='lat' dir='ltr'><strong>simul</strong></span> 
     </span>
    </p>
   </div>
   <div class='ocr_carea' id='block_1_17' title="bbox 325 1847 1926 1919">
    <p class='ocr_par' dir='ltr' id='par_1_17' title="bbox 325 1847 1926 1919">
     <span class='ocr_line' id='line_1_17' title="bbox 325 1847 1926 1919; baseline 0.001 -17"><span class='ocrx_word' id='word_1_104' title='bbox 325 1862 512 1902; x_wconf 84' lang='lat' dir='ltr'><strong>mensa</strong></span> <span class='ocrx_word' id='word_1_105' title='bbox 541 1847 876 1916; x_wconf 79' lang='lat' dir='ltr'><strong>fruebantur,</strong></span> <span class='ocrx_word' id='word_1_106' title='bbox 893 1848 1268 1903; x_wconf 87' lang='lat' dir='ltr'><strong>communibus</strong></span> <span class='ocrx_word' id='word_1_107' title='bbox 1297 1849 1470 1918; x_wconf 85' lang='lat' dir='ltr'><strong>epulis</strong></span> <span class='ocrx_word' id='word_1_108' title='bbox 1485 1858 1646 1919; x_wconf 90' lang='lat' dir='ltr'><strong>atque</strong></span> <span class='ocrx_word' id='word_1_109' title='bbox 1665 1850 1926 1904; x_wconf 79' lang='lat' dir='ltr'><strong>conviviis</strong></span> 
     </span>
    </p>
   </div>
   <div class='ocr_carea' id='block_1_18' title="bbox 325 1939 1925 2010">
    <p class='ocr_par' dir='ltr' id='par_1_18' title="bbox 325 1939 1925 2010">
     <span class='ocr_line' id='line_1_18' title="bbox 325 1939 1925 2010; baseline 0.002 -17"><span class='ocrx_word' id='word_1_110' title='bbox 325 1940 379 1993; x_wconf 90' lang='lat' dir='ltr'><strong>in</strong></span> <span class='ocrx_word' id='word_1_111' title='bbox 422 1939 537 2010; x_wconf 88' lang='lat' dir='ltr'><strong>ipsa</strong></span> <span class='ocrx_word' id='word_1_112' title='bbox 581 1939 846 2006; x_wconf 84' lang='lat' dir='ltr'><strong>ecclesia;</strong></span> <span class='ocrx_word' id='word_1_113' title='bbox 874 1939 942 1993; x_wconf 90' lang='lat' dir='ltr'><strong>ita</strong></span> <span class='ocrx_word' id='word_1_114' title='bbox 986 1948 1044 1994; x_wconf 88' lang='lat' dir='ltr'><strong>ut</strong></span> <span class='ocrx_word' id='word_1_115' title='bbox 1085 1949 1188 1994; x_wconf 91' lang='lat' dir='ltr'><strong>eta</strong></span> <span class='ocrx_word' id='word_1_116' title='bbox 1217 1940 1492 1995; x_wconf 88' lang='lat' dir='ltr'><strong>consortio</strong></span> <span class='ocrx_word' id='word_1_117' title='bbox 1531 1956 1766 2004; x_wconf 61' lang='lat' dir='ltr'><strong>mensze,</strong></span> <span class='ocrx_word' id='word_1_118' title='bbox 1811 1952 1864 1997; x_wconf 92' lang='lat' dir='ltr'><strong>et</strong></span> <span class='ocrx_word' id='word_1_119' title='bbox 1894 1957 1925 1996; x_wconf 92' lang='lat' dir='ltr'><strong>a</strong></span> 
     </span>
    </p>
   </div>
   <div class='ocr_carea' id='block_1_19' title="bbox 325 2027 1921 2101">
    <p class='ocr_par' dir='ltr' id='par_1_19' title="bbox 325 2027 1921 2101">
     <span class='ocr_line' id='line_1_19' title="bbox 325 2027 1921 2101; baseline 0.001 -19"><span class='ocrx_word' id='word_1_120' title='bbox 325 2029 428 2083; x_wconf 88' lang='lat' dir='ltr'><strong>loci</strong></span> <span class='ocrx_word' id='word_1_121' title='bbox 451 2029 774 2093; x_wconf 90' lang='lat' dir='ltr'><strong>reverentia,</strong></span> <span class='ocrx_word' id='word_1_122' title='bbox 817 2027 1171 2100; x_wconf 87' lang='lat' dir='ltr'><strong>nndequaque</strong></span> <span class='ocrx_word' id='word_1_123' title='bbox 1207 2029 1404 2085; x_wconf 87' lang='lat' dir='ltr'><strong>caritas</strong></span> <span class='ocrx_word' id='word_1_124' title='bbox 1446 2031 1921 2101; x_wconf 89' lang='lat' dir='ltr'><strong>constringeretur,</strong></span> 
     </span>
    </p>
   </div>
   <div class='ocr_carea' id='block_1_20' title="bbox 323 2122 1926 2194">
    <p class='ocr_par' dir='ltr' id='par_1_20' title="bbox 323 2122 1926 2194">
     <span class='ocr_line' id='line_1_20' title="bbox 323 2122 1926 2194; baseline 0.002 -19"><span class='ocrx_word' id='word_1_125' title='bbox 323 2135 448 2175; x_wconf 90' lang='lat' dir='ltr'><strong>cum</strong></span> <span class='ocrx_word' id='word_1_126' title='bbox 475 2122 642 2177; x_wconf 88' lang='lat' dir='ltr'><strong>multa</strong></span> <span class='ocrx_word' id='word_1_127' title='bbox 671 2123 944 2193; x_wconf 85' lang='lat' dir='ltr'><strong>voluptate</strong></span> <span class='ocrx_word' id='word_1_128' title='bbox 970 2123 1127 2176; x_wconf 89' lang='lat' dir='ltr'><strong>simul</strong></span> <span class='ocrx_word' id='word_1_129' title='bbox 1165 2131 1326 2192; x_wconf 86' lang='lat' dir='ltr'><strong>atque</strong></span> <span class='ocrx_word' id='word_1_130' title='bbox 1364 2123 1609 2178; x_wconf 91' lang='lat' dir='ltr'><strong>utilitate.</strong></span> <span class='ocrx_word' id='word_1_131' title='bbox 1656 2125 1926 2194; x_wconf 85' lang='lat' dir='ltr'><strong>Paupercs</strong></span> 
     </span>
    </p>
   </div>
   <div class='ocr_carea' id='block_1_21' title="bbox 324 2209 1928 2282">
    <p class='ocr_par' dir='ltr' id='par_1_21' title="bbox 324 2209 1928 2282">
     <span class='ocr_line' id='line_1_21' title="bbox 324 2209 1928 2282; baseline 0.002 -16"><span class='ocrx_word' id='word_1_132' title='bbox 324 2209 470 2266; x_wconf 87' lang='lat' dir='ltr'><strong>enim</strong></span> <span class='ocrx_word' id='word_1_133' title='bbox 497 2211 868 2267; x_wconf 64' lang='lat' dir='ltr'><strong>consolatione</strong></span> <span class='ocrx_word' id='word_1_134' title='bbox 888 2227 994 2266; x_wconf 92' lang='lat' dir='ltr'><strong>non</strong></span> <span class='ocrx_word' id='word_1_135' title='bbox 1023 2226 1205 2282; x_wconf 89' lang='lat' dir='ltr'><strong>parva,</strong></span> <span class='ocrx_word' id='word_1_136' title='bbox 1234 2212 1428 2268; x_wconf 85' lang='lat' dir='ltr'><strong>divites</strong></span> <span class='ocrx_word' id='word_1_137' title='bbox 1454 2228 1582 2268; x_wconf 85' lang='lat' dir='ltr'><strong>vero</strong></span> <span class='ocrx_word' id='word_1_138' title='bbox 1604 2213 1928 2269; x_wconf 85' lang='lat' dir='ltr'><strong>benevolen-</strong></span> 
     </span>
    </p>
   </div>
   <div class='ocr_carea' id='block_1_22' title="bbox 325 2293 1923 2372">
    <p class='ocr_par' dir='ltr' id='par_1_22' title="bbox 325 2293 1923 2372">
     <span class='ocr_line' id='line_1_22' title="bbox 325 2293 1923 2372; baseline 0.003 -18"><span class='ocrx_word' id='word_1_139' title='bbox 325 2303 396 2354; x_wconf 91' lang='lat' dir='ltr'><strong>tia</strong></span> <span class='ocrx_word' id='word_1_140' title='bbox 421 2300 753 2364; x_wconf 90' lang='lat' dir='ltr'><strong>fruebantur,</strong></span> <span class='ocrx_word' id='word_1_141' title='bbox 786 2311 898 2356; x_wconf 89' lang='lat' dir='ltr'><strong>tum</strong></span> <span class='ocrx_word' id='word_1_142' title='bbox 928 2293 1114 2357; x_wconf 83' lang='lat' dir='ltr'><strong>eorum</strong></span> <span class='ocrx_word' id='word_1_143' title='bbox 1142 2318 1277 2372; x_wconf 91' lang='lat' dir='ltr'><strong>quos</strong></span> <span class='ocrx_word' id='word_1_144' title='bbox 1319 2303 1628 2372; x_wconf 85' lang='lat' dir='ltr'><strong>pascebant,</strong></span> <span class='ocrx_word' id='word_1_145' title='bbox 1658 2311 1767 2359; x_wconf 90' lang='lat' dir='ltr'><strong>tum</strong></span> <span class='ocrx_word' id='word_1_146' title='bbox 1804 2304 1923 2368; x_wconf 89' lang='lat' dir='ltr'><strong>Dei,</strong></span> 
     </span>
    </p>
   </div>
   <div class='ocr_carea' id='block_1_23' title="bbox 324 2391 1927 2465">
    <p class='ocr_par' dir='ltr' id='par_1_23' title="bbox 324 2391 1927 2465">
     <span class='ocr_line' id='line_1_23' title="bbox 324 2391 1927 2465; baseline 0.002 -19"><span class='ocrx_word' id='word_1_147' title='bbox 324 2396 483 2461; x_wconf 76' lang='lat' dir='ltr'><strong>cujus</strong></span> <span class='ocrx_word' id='word_1_148' title='bbox 507 2406 667 2446; x_wconf 87' lang='lat' dir='ltr'><strong>causa</strong></span> <span class='ocrx_word' id='word_1_149' title='bbox 698 2391 802 2447; x_wconf 89' lang='lat' dir='ltr'><strong>hoc</strong></span> <span class='ocrx_word' id='word_1_150' title='bbox 826 2391 1096 2448; x_wconf 83' lang='lat' dir='ltr'><strong>faciebant</strong></span> <span class='ocrx_word' id='word_1_151' title='bbox 1121 2411 1136 2448; x_wconf 85' lang='lat'><strong>:</strong></span> <span class='ocrx_word' id='word_1_152' title='bbox 1165 2395 1350 2464; x_wconf 83' lang='lat' dir='ltr'><strong>sicque</strong></span> <span class='ocrx_word' id='word_1_153' title='bbox 1377 2409 1623 2464; x_wconf 87' lang='lat' dir='ltr'><strong>magnam</strong></span> <span class='ocrx_word' id='word_1_154' title='bbox 1653 2396 1927 2465; x_wconf 87' lang='lat' dir='ltr'><strong>assequuti</strong></span> 
     </span>
    </p>
   </div>
   <div class='ocr_carea' id='block_1_24' title="bbox 325 2481 1928 2556">
    <p class='ocr_par' dir='ltr' id='par_1_24' title="bbox 325 2481 1928 2556">
     <span class='ocr_line' id='line_1_24' title="bbox 325 2481 1928 2556; baseline 0.006 -23"><span class='ocrx_word' id='word_1_155' title='bbox 325 2482 575 2551; x_wconf 80' lang='lat' dir='ltr'><strong>gratiam,</strong></span> <span class='ocrx_word' id='word_1_156' title='bbox 603 2481 821 2536; x_wconf 89' lang='lat' dir='ltr'><strong>domum</strong></span> <span class='ocrx_word' id='word_1_157' title='bbox 865 2482 1204 2538; x_wconf 75' lang='lat' dir='ltr'><strong>accedebant.</strong></span> <span class='ocrx_word' id='word_1_158' title='bbox 1247 2483 1531 2540; x_wconf 89' lang='lat' dir='ltr'><strong>lnnumera</strong></span> <span class='ocrx_word' id='word_1_159' title='bbox 1567 2485 1692 2540; x_wconf 88' lang='lat' dir='ltr'><strong>hinc</strong></span> <span class='ocrx_word' id='word_1_160' title='bbox 1731 2501 1928 2556; x_wconf 85' lang='lat' dir='ltr'><strong>seque-</strong></span> 
     </span>
    </p>
   </div>
   <div class='ocr_carea' id='block_1_25' title="bbox 330 2572 1930 2649">
    <p class='ocr_par' dir='ltr' id='par_1_25' title="bbox 330 2572 1930 2649">
     <span class='ocr_line' id='line_1_25' title="bbox 330 2572 1930 2649; baseline 0.004 -22"><span class='ocrx_word' id='word_1_161' title='bbox 330 2572 528 2627; x_wconf 78' lang='lat' dir='ltr'><strong>bantur</strong></span> <span class='ocrx_word' id='word_1_162' title='bbox 557 2573 735 2627; x_wconf 86' lang='lat' dir='ltr'><strong>bona:</strong></span> <span class='ocrx_word' id='word_1_163' title='bbox 765 2573 1018 2644; x_wconf 86' lang='lat' dir='ltr'><strong>quodque</strong></span> <span class='ocrx_word' id='word_1_164' title='bbox 1042 2585 1204 2645; x_wconf 89' lang='lat' dir='ltr'><strong>caput</strong></span> <span class='ocrx_word' id='word_1_165' title='bbox 1228 2576 1490 2632; x_wconf 89' lang='lat' dir='ltr'><strong>bonorum</strong></span> <span class='ocrx_word' id='word_1_166' title='bbox 1535 2584 1640 2645; x_wconf 87' lang='lat' dir='ltr'><strong>est,</strong></span> <span class='ocrx_word' id='word_1_167' title='bbox 1685 2593 1783 2649; x_wconf 93' lang='lat' dir='ltr'><strong>per</strong></span> <span class='ocrx_word' id='word_1_168' title='bbox 1820 2579 1930 2633; x_wconf 80' lang='lat' dir='ltr'><strong>sin-</strong></span> 
     </span>
    </p>
   </div>
   <div class='ocr_carea' id='block_1_26' title="bbox 327 2661 1928 2738">
    <p class='ocr_par' dir='ltr' id='par_1_26' title="bbox 327 2661 1928 2738">
     <span class='ocr_line' id='line_1_26' title="bbox 327 2661 1928 2738; baseline 0.005 -23"><span class='ocrx_word' id='word_1_169' title='bbox 327 2661 482 2732; x_wconf 88' lang='lat' dir='ltr'><strong>gulas</strong></span> <span class='ocrx_word' id='word_1_170' title='bbox 511 2676 750 2734; x_wconf 82' lang='lat' dir='ltr'><strong>synaxes</strong></span> <span class='ocrx_word' id='word_1_171' title='bbox 778 2678 930 2718; x_wconf 91' lang='lat' dir='ltr'><strong>amor</strong></span> <span class='ocrx_word' id='word_1_172' title='bbox 977 2667 1144 2738; x_wconf 87' lang='lat' dir='ltr'><strong>magis</strong></span> <span class='ocrx_word' id='word_1_173' title='bbox 1187 2669 1463 2737; x_wconf 82' lang='lat' dir='ltr'><strong>magisque</strong></span> <span class='ocrx_word' id='word_1_174' title='bbox 1511 2669 1928 2738; x_wconf 88' lang='lat' dir='ltr'><strong>accendebatur,</strong></span> 
     </span>
    </p>
   </div>
   <div class='ocr_carea' id='block_1_27' title="bbox 329 2755 1932 2830">
    <p class='ocr_par' dir='ltr' id='par_1_27' title="bbox 329 2755 1932 2830">
     <span class='ocr_line' id='line_1_27' title="bbox 329 2755 1932 2830; baseline 0.004 -20"><span class='ocrx_word' id='word_1_175' title='bbox 329 2769 453 2810; x_wconf 90' lang='lat' dir='ltr'><strong>cum</strong></span> <span class='ocrx_word' id='word_1_176' title='bbox 480 2763 536 2810; x_wconf 92' lang='lat' dir='ltr'><strong>et</strong></span> <span class='ocrx_word' id='word_1_177' title='bbox 564 2755 599 2810; x_wconf 91' lang='lat' dir='ltr'><strong>ii</strong></span> <span class='ocrx_word' id='word_1_178' title='bbox 627 2756 718 2826; x_wconf 85' lang='lat' dir='ltr'><strong>qui</strong></span> <span class='ocrx_word' id='word_1_179' title='bbox 749 2755 1007 2812; x_wconf 83' lang='lat' dir='ltr'><strong>beneficia</strong></span> <span class='ocrx_word' id='word_1_180' title='bbox 1045 2757 1415 2826; x_wconf 86' lang='lat' dir='ltr'><strong>conferebant,</strong></span> <span class='ocrx_word' id='word_1_181' title='bbox 1443 2769 1496 2815; x_wconf 90' lang='lat' dir='ltr'><strong>et</strong></span> <span class='ocrx_word' id='word_1_182' title='bbox 1522 2761 1556 2814; x_wconf 93' lang='lat' dir='ltr'><strong>ii</strong></span> <span class='ocrx_word' id='word_1_183' title='bbox 1581 2762 1672 2830; x_wconf 90' lang='lat' dir='ltr'><strong>qui</strong></span> <span class='ocrx_word' id='word_1_184' title='bbox 1701 2760 1932 2830; x_wconf 84' lang='lat' dir='ltr'><strong>accipie-</strong></span> 
     </span>
    </p>
   </div>
   <div class='ocr_carea' id='block_1_28' title="bbox 329 2845 1929 2913">
    <p class='ocr_par' dir='ltr' id='par_1_28' title="bbox 329 2845 1929 2913">
     <span class='ocr_line' id='line_1_28' title="bbox 329 2845 1929 2913; baseline 0.004 -12"><span class='ocrx_word' id='word_1_185' title='bbox 329 2845 482 2913; x_wconf 86' lang='lat' dir='ltr'><strong>bant,</strong></span> <span class='ocrx_word' id='word_1_186' title='bbox 513 2855 657 2902; x_wconf 88' lang='lat' dir='ltr'><strong>tanta</strong></span> <span class='ocrx_word' id='word_1_187' title='bbox 686 2864 810 2904; x_wconf 91' lang='lat' dir='ltr'><strong>cum</strong></span> <span class='ocrx_word' id='word_1_188' title='bbox 851 2848 1225 2904; x_wconf 81' lang='lat' dir='ltr'><strong>benevolentia</strong></span> <span class='ocrx_word' id='word_1_189' title='bbox 1273 2851 1684 2907; x_wconf 87' lang='lat' dir='ltr'><strong>contubernales</strong></span> <span class='ocrx_word' id='word_1_190' title='bbox 1727 2863 1929 2908; x_wconf 88' lang='lat' dir='ltr'><strong>essent.</strong></span> 
     </span>
    </p>
   </div>
   <div class='ocr_carea' id='block_1_29' title="bbox 331 2940 1931 3015">
    <p class='ocr_par' dir='ltr' id='par_1_29' title="bbox 331 2940 1931 3015">
     <span class='ocr_line' id='line_1_29' title="bbox 331 2940 1931 3015; baseline 0.006 -21"><span class='ocrx_word' id='word_1_191' title='bbox 331 2940 486 2996; x_wconf 80' lang='lat' dir='ltr'><strong>lianc</strong></span> <span class='ocrx_word' id='word_1_192' title='bbox 509 2956 712 2999; x_wconf 88' lang='lat' dir='ltr'><strong>morem</strong></span> <span class='ocrx_word' id='word_1_193' title='bbox 733 2940 994 2998; x_wconf 82' lang='lat' dir='ltr'><strong>Corinthii</strong></span> <span class='ocrx_word' id='word_1_194' title='bbox 1042 2959 1297 3014; x_wconf 88' lang='lat' dir='ltr'><strong>processu</strong></span> <span class='ocrx_word' id='word_1_195' title='bbox 1338 2947 1594 3015; x_wconf 88' lang='lat' dir='ltr'><strong>temporis</strong></span> <span class='ocrx_word' id='word_1_196' title='bbox 1641 2947 1931 3004; x_wconf 84' lang='lat' dir='ltr'><strong>labefacta-</strong></span> 
     </span>
    </p>
   </div>
   <div class='ocr_carea' id='block_1_30' title="bbox 331 3035 1929 3105">
    <p class='ocr_par' dir='ltr' id='par_1_30' title="bbox 331 3035 1929 3105">
     <span class='ocr_line' id='line_1_30' title="bbox 331 3035 1929 3105; baseline 0.005 -19"><span class='ocrx_word' id='word_1_197' title='bbox 331 3041 494 3098; x_wconf 91' lang='lat' dir='ltr'><strong>runt,</strong></span> <span class='ocrx_word' id='word_1_198' title='bbox 540 3047 660 3087; x_wconf 90' lang='lat' dir='ltr'><strong>cum</strong></span> <span class='ocrx_word' id='word_1_199' title='bbox 708 3035 1077 3104; x_wconf 81' lang='lat' dir='ltr'><strong>opulentiores</strong></span> <span class='ocrx_word' id='word_1_200' title='bbox 1120 3039 1345 3091; x_wconf 88' lang='lat' dir='ltr'><strong>seorsim</strong></span> <span class='ocrx_word' id='word_1_201' title='bbox 1391 3037 1570 3092; x_wconf 89' lang='lat' dir='ltr'><strong>cibum</strong></span> <span class='ocrx_word' id='word_1_202' title='bbox 1611 3049 1886 3094; x_wconf 76' lang='lat' dir='ltr'><strong>Slllltcttles</strong></span> <span class='ocrx_word' id='word_1_203' title='bbox 1914 3081 1929 3105; x_wconf 93' lang='lat'><strong>,</strong></span> 
     </span>
    </p>
   </div>
   <div class='ocr_carea' id='block_1_31' title="bbox 329 3122 1934 3195">
    <p class='ocr_par' dir='ltr' id='par_1_31' title="bbox 329 3122 1934 3195">
     <span class='ocr_line' id='line_1_31' title="bbox 329 3122 1934 3195; baseline 0.005 -18"><span class='ocrx_word' id='word_1_204' title='bbox 329 3136 533 3194; x_wconf 85' lang='lat' dir='ltr'><strong>egenos</strong></span> <span class='ocrx_word' id='word_1_205' title='bbox 571 3122 932 3192; x_wconf 86' lang='lat' dir='ltr'><strong>despicerent,</strong></span> <span class='ocrx_word' id='word_1_206' title='bbox 965 3139 1065 3179; x_wconf 86' lang='lat' dir='ltr'><strong>nec</strong></span> <span class='ocrx_word' id='word_1_207' title='bbox 1109 3135 1488 3195; x_wconf 88' lang='lat' dir='ltr'><strong>exspectarent</strong></span> <span class='ocrx_word' id='word_1_208' title='bbox 1532 3128 1734 3184; x_wconf 86' lang='lat' dir='ltr'><strong>tardius</strong></span> <span class='ocrx_word' id='word_1_209' title='bbox 1773 3144 1934 3185; x_wconf 86' lang='lat' dir='ltr'><strong>acce-</strong></span> 
     </span>
    </p>
   </div>
   <div class='ocr_carea' id='block_1_32' title="bbox 330 3216 1936 3292">
    <p class='ocr_par' dir='ltr' id='par_1_32' title="bbox 330 3216 1936 3292">
     <span class='ocr_line' id='line_1_32' title="bbox 330 3216 1936 3292; baseline 0.006 -22"><span class='ocrx_word' id='word_1_210' title='bbox 330 3216 546 3280; x_wconf 85' lang='lat' dir='ltr'><strong>dentes,</strong></span> <span class='ocrx_word' id='word_1_211' title='bbox 571 3225 624 3271; x_wconf 86' lang='lat' dir='ltr'><strong>et</strong></span> <span class='ocrx_word' id='word_1_212' title='bbox 651 3217 1060 3272; x_wconf 85' lang='lat' dir='ltr'><strong>necessitatibus</strong></span> <span class='ocrx_word' id='word_1_213' title='bbox 1103 3218 1224 3273; x_wconf 72' lang='lat' dir='ltr'><strong>vita:</strong></span> <span class='ocrx_word' id='word_1_214' title='bbox 1269 3218 1536 3285; x_wconf 89' lang='lat' dir='ltr'><strong>detentos,</strong></span> <span class='ocrx_word' id='word_1_215' title='bbox 1571 3229 1627 3274; x_wconf 90' lang='lat' dir='ltr'><strong>ut</strong></span> <span class='ocrx_word' id='word_1_216' title='bbox 1671 3236 1936 3292; x_wconf 86' lang='lat' dir='ltr'><strong>pauperes</strong></span> 
     </span>
    </p>
   </div>
   <div class='ocr_carea' id='block_1_33' title="bbox 331 3307 1933 3382">
    <p class='ocr_par' dir='ltr' id='par_1_33' title="bbox 331 3307 1933 3382">
     <span class='ocr_line' id='line_1_33' title="bbox 331 3307 1933 3382; baseline 0.006 -22"><span class='ocrx_word' id='word_1_217' title='bbox 331 3307 530 3370; x_wconf 89' lang='lat' dir='ltr'><strong>solent,</strong></span> <span class='ocrx_word' id='word_1_218' title='bbox 559 3315 720 3375; x_wconf 86' lang='lat' dir='ltr'><strong>atque</strong></span> <span class='ocrx_word' id='word_1_219' title='bbox 749 3322 930 3362; x_wconf 88' lang='lat' dir='ltr'><strong>moras</strong></span> <span class='ocrx_word' id='word_1_220' title='bbox 957 3309 1248 3364; x_wconf 84' lang='lat' dir='ltr'><strong>trahentes.</strong></span> <span class='ocrx_word' id='word_1_221' title='bbox 1274 3309 1428 3365; x_wconf 88' lang='lat' dir='ltr'><strong>Unde</strong></span> <span class='ocrx_word' id='word_1_222' title='bbox 1450 3312 1795 3382; x_wconf 84' lang='lat' dir='ltr'><strong>contingebat</strong></span> <span class='ocrx_word' id='word_1_223' title='bbox 1815 3330 1933 3382; x_wconf 89' lang='lat' dir='ltr'><strong>eos,</strong></span> 
     </span>
    </p>
   </div>
   <div class='ocr_carea' id='block_1_34' title="bbox 332 3397 1927 3470">
    <p class='ocr_par' dir='ltr' id='par_1_34' title="bbox 332 3397 1927 3470">
     <span class='ocr_line' id='line_1_34' title="bbox 332 3397 1927 3470; baseline 0.006 -17"><span class='ocrx_word' id='word_1_224' title='bbox 332 3397 553 3455; x_wconf 88' lang='lat' dir='ltr'><strong>demum</strong></span> <span class='ocrx_word' id='word_1_225' title='bbox 582 3398 948 3465; x_wconf 85' lang='lat' dir='ltr'><strong>advenientes,</strong></span> <span class='ocrx_word' id='word_1_226' title='bbox 972 3414 1093 3454; x_wconf 91' lang='lat' dir='ltr'><strong>cum</strong></span> <span class='ocrx_word' id='word_1_227' title='bbox 1122 3399 1325 3466; x_wconf 89' lang='lat' dir='ltr'><strong>pudore</strong></span> <span class='ocrx_word' id='word_1_228' title='bbox 1349 3402 1459 3470; x_wconf 88' lang='lat' dir='ltr'><strong>jam</strong></span> <span class='ocrx_word' id='word_1_229' title='bbox 1488 3403 1695 3457; x_wconf 80' lang='lat' dir='ltr'><strong>sublata</strong></span> <span class='ocrx_word' id='word_1_230' title='bbox 1741 3420 1927 3462; x_wconf 86' lang='lat' dir='ltr'><strong>mensa</strong></span> 
     </span>
    </p>
   </div>
   <div class='ocr_carea' id='block_1_35' title="bbox 334 3488 1932 3559">
    <p class='ocr_par' dir='ltr' id='par_1_35' title="bbox 334 3488 1932 3559">
     <span class='ocr_line' id='line_1_35' title="bbox 334 3488 1932 3559; baseline 0.006 -17"><span class='ocrx_word' id='word_1_231' title='bbox 334 3488 613 3556; x_wconf 87' lang='lat' dir='ltr'><strong>recedere;</strong></span> <span class='ocrx_word' id='word_1_232' title='bbox 642 3489 748 3543; x_wconf 89' lang='lat' dir='ltr'><strong>illis</strong></span> <span class='ocrx_word' id='word_1_233' title='bbox 778 3491 1296 3559; x_wconf 67' lang='lat' dir='ltr'><strong>prmoccupantibus,</strong></span> <span class='ocrx_word' id='word_1_234' title='bbox 1315 3491 1398 3546; x_wconf 89' lang='lat' dir='ltr'><strong>his</strong></span> <span class='ocrx_word' id='word_1_235' title='bbox 1429 3508 1557 3548; x_wconf 85' lang='lat' dir='ltr'><strong>vero</strong></span> <span class='ocrx_word' id='word_1_236' title='bbox 1582 3496 1932 3552; x_wconf 88' lang='lat' dir='ltr'><strong>tardantibus.</strong></span> 
     </span>
    </p>
   </div>
   <div class='ocr_carea' id='block_1_36' title="bbox 335 3577 1932 3653">
    <p class='ocr_par' dir='ltr' id='par_1_36' title="bbox 335 3577 1932 3653">
     <span class='ocr_line' id='line_1_36' title="bbox 335 3577 1932 3653; baseline 0.006 -21"><span class='ocrx_word' id='word_1_237' title='bbox 335 3577 536 3633; x_wconf 76' lang='lat' dir='ltr'><strong>Videns</strong></span> <span class='ocrx_word' id='word_1_238' title='bbox 557 3579 737 3649; x_wconf 85' lang='lat' dir='ltr'><strong>itaque</strong></span> <span class='ocrx_word' id='word_1_239' title='bbox 767 3579 961 3634; x_wconf 84' lang='lat' dir='ltr'><strong>Paulus</strong></span> <span class='ocrx_word' id='word_1_240' title='bbox 988 3580 1113 3636; x_wconf 91' lang='lat' dir='ltr'><strong>inde</strong></span> <span class='ocrx_word' id='word_1_241' title='bbox 1141 3582 1308 3636; x_wconf 88' lang='lat' dir='ltr'><strong>multa</strong></span> <span class='ocrx_word' id='word_1_242' title='bbox 1355 3586 1589 3638; x_wconf 87' lang='lat' dir='ltr'><strong>suboriri</strong></span> <span class='ocrx_word' id='word_1_243' title='bbox 1629 3586 1789 3653; x_wconf 88' lang='lat' dir='ltr'><strong>mala,</strong></span> <span class='ocrx_word' id='word_1_244' title='bbox 1823 3596 1932 3642; x_wconf 89' lang='lat' dir='ltr'><strong>tum</strong></span> 
     </span>
    </p>
   </div>
   <div class='ocr_carea' id='block_1_37' title="bbox 334 3673 1940 3752">
    <p class='ocr_par' dir='ltr' id='par_1_37' title="bbox 334 3673 1940 3752">
     <span class='ocr_line' id='line_1_37' title="bbox 334 3673 1940 3752; baseline 0.008 -27"><span class='ocrx_word' id='word_1_245' title='bbox 334 3689 456 3742; x_wconf 84' lang='lat' dir='ltr'><strong>qua:</strong></span> <span class='ocrx_word' id='word_1_246' title='bbox 471 3674 584 3741; x_wconf 86' lang='lat' dir='ltr'><strong>jam</strong></span> <span class='ocrx_word' id='word_1_247' title='bbox 604 3673 926 3738; x_wconf 86' lang='lat' dir='ltr'><strong>acciderant,</strong></span> <span class='ocrx_word' id='word_1_248' title='bbox 959 3683 1070 3729; x_wconf 92' lang='lat' dir='ltr'><strong>tum</strong></span> <span class='ocrx_word' id='word_1_249' title='bbox 1091 3692 1211 3746; x_wconf 68' lang='lat' dir='ltr'><strong>quae</strong></span> <span class='ocrx_word' id='word_1_250' title='bbox 1225 3675 1396 3732; x_wconf 85' lang='lat' dir='ltr'><strong>futura</strong></span> <span class='ocrx_word' id='word_1_251' title='bbox 1419 3679 1732 3752; x_wconf 86' lang='lat' dir='ltr'><strong>erant(nam</strong></span> <span class='ocrx_word' id='word_1_252' title='bbox 1759 3696 1787 3734; x_wconf 86' lang='lat' dir='ltr'><strong>a</strong></span> <span class='ocrx_word' id='word_1_253' title='bbox 1804 3682 1940 3738; x_wconf 86' lang='lat' dir='ltr'><strong>divi-</strong></span> 
     </span>
    </p>
   </div>
   <div class='ocr_carea' id='block_1_38' title="bbox 337 3767 1938 3842">
    <p class='ocr_par' dir='ltr' id='par_1_38' title="bbox 337 3767 1938 3842">
     <span class='ocr_line' id='line_1_38' title="bbox 337 3767 1938 3842; baseline 0.007 -24"><span class='ocrx_word' id='word_1_254' title='bbox 337 3767 479 3819; x_wconf 87' lang='lat' dir='ltr'><strong>tibus</strong></span> <span class='ocrx_word' id='word_1_255' title='bbox 507 3781 765 3834; x_wconf 85' lang='lat' dir='ltr'><strong>pauperes</strong></span> <span class='ocrx_word' id='word_1_256' title='bbox 784 3769 1286 3834; x_wconf 79' lang='lat' dir='ltr'><strong>contentnebantur,</strong></span> <span class='ocrx_word' id='word_1_257' title='bbox 1307 3785 1368 3824; x_wconf 87' lang='lat' dir='ltr'><strong>ac</strong></span> <span class='ocrx_word' id='word_1_258' title='bbox 1384 3773 1615 3842; x_wconf 84' lang='lat' dir='ltr'><strong>superbe</strong></span> <span class='ocrx_word' id='word_1_259' title='bbox 1637 3775 1938 3829; x_wconf 82' lang='lat' dir='ltr'><strong>tractaban-</strong></span> 
     </span>
    </p>
   </div>
   <div class='ocr_carea' id='block_1_39' title="bbox 339 3855 1956 3934">
    <p class='ocr_par' dir='ltr' id='par_1_39' title="bbox 339 3855 1956 3934">
     <span class='ocr_line' id='line_1_39' title="bbox 339 3855 1956 3934; baseline 0.01 -27"><span class='ocrx_word' id='word_1_260' title='bbox 339 3865 447 3921; x_wconf 86' lang='lat' dir='ltr'><strong>tur,</strong></span> <span class='ocrx_word' id='word_1_261' title='bbox 477 3855 707 3926; x_wconf 82' lang='lat' dir='ltr'><strong>hincqno</strong></span> <span class='ocrx_word' id='word_1_262' title='bbox 743 3858 1063 3924; x_wconf 75' lang='lat' dir='ltr'><strong>pauperibus</strong></span> <span class='ocrx_word' id='word_1_263' title='bbox 1099 3873 1298 3915; x_wconf 74' lang='lat' dir='ltr'><strong>mceror</strong></span> <span class='ocrx_word' id='word_1_264' title='bbox 1327 3862 1618 3932; x_wconf 86' lang='lat' dir='ltr'><strong>odiumque</strong></span> <span class='ocrx_word' id='word_1_265' title='bbox 1641 3865 1693 3918; x_wconf 92' lang='lat' dir='ltr'><strong>in</strong></span> <span class='ocrx_word' id='word_1_266' title='bbox 1721 3865 1956 3934; x_wconf 68' lang='lat' dir='ltr'><strong>divites,-</strong></span> 
     </span>
    </p>
   </div>
   <div class='ocr_carea' id='block_1_40' title="bbox 336 3945 1940 4021">
    <p class='ocr_par' dir='ltr' id='par_1_40' title="bbox 336 3945 1940 4021">
     <span class='ocr_line' id='line_1_40' title="bbox 336 3945 1940 4021; baseline 0.009 -24"><span class='ocrx_word' id='word_1_267' title='bbox 336 3945 547 4014; x_wconf 83' lang='lat' dir='ltr'><strong>aliaque</strong></span> <span class='ocrx_word' id='word_1_268' title='bbox 563 3946 920 4002; x_wconf 87' lang='lat' dir='ltr'><strong>succedebant</strong></span> <span class='ocrx_word' id='word_1_269' title='bbox 949 3947 1086 4008; x_wconf 80' lang='lat' dir='ltr'><strong>mala</strong></span> <span class='ocrx_word' id='word_1_270' title='bbox 1105 3965 1174 4004; x_wconf 87' lang='lat' dir='ltr'><strong>ex</strong></span> <span class='ocrx_word' id='word_1_271' title='bbox 1199 3950 1501 4021; x_wconf 68' lang='lat' dir='ltr'><strong>huiusmodi</strong></span> <span class='ocrx_word' id='word_1_272' title='bbox 1526 3955 1685 4010; x_wconf 92' lang='lat' dir='ltr'><strong>rebus</strong></span> <span class='ocrx_word' id='word_1_273' title='bbox 1701 3958 1830 4011; x_wconf 85' lang='lat' dir='ltr'><strong>oriri</strong></span> <span class='ocrx_word' id='word_1_274' title='bbox 1849 3974 1940 4012; x_wconf 91' lang='lat' dir='ltr'><strong>so-</strong></span> 
     </span>
    </p>
   </div>
   <div class='ocr_carea' id='block_1_41' title="bbox 340 4035 1941 4111">
    <p class='ocr_par' dir='ltr' id='par_1_41' title="bbox 340 4035 1941 4111">
     <span class='ocr_line' id='line_1_41' title="bbox 340 4035 1941 4111; baseline 0.009 -23"><span class='ocrx_word' id='word_1_275' title='bbox 340 4035 477 4106; x_wconf 86' lang='lat' dir='ltr'><strong>lita),</strong></span> <span class='ocrx_word' id='word_1_276' title='bbox 500 4037 635 4091; x_wconf 87' lang='lat' dir='ltr'><strong>hanc</strong></span> <span class='ocrx_word' id='word_1_277' title='bbox 679 4053 894 4107; x_wconf 83' lang='lat' dir='ltr'><strong>pravam</strong></span> <span class='ocrx_word' id='word_1_278' title='bbox 923 4040 1279 4111; x_wconf 90' lang='lat' dir='ltr'><strong>acerbamque</strong></span> <span class='ocrx_word' id='word_1_279' title='bbox 1311 4046 1752 4101; x_wconf 87' lang='lat' dir='ltr'><strong>consuetudinem</strong></span> <span class='ocrx_word' id='word_1_280' title='bbox 1783 4051 1941 4103; x_wconf 84' lang='lat' dir='ltr'><strong>corri-</strong></span> 
     </span>
    </p>
   </div>
   <div class='ocr_carea' id='block_1_42' title="bbox 337 4127 1942 4202">
    <p class='ocr_par' dir='ltr' id='par_1_42' title="bbox 337 4127 1942 4202">
     <span class='ocr_line' id='line_1_42' title="bbox 337 4127 1942 4202; baseline 0.011 -22"><span class='ocrx_word' id='word_1_281' title='bbox 337 4129 434 4198; x_wconf 88' lang='lat' dir='ltr'><strong>git.</strong></span> <span class='ocrx_word' id='word_1_282' title='bbox 474 4127 540 4181; x_wconf 83' lang='lat' dir='ltr'><strong>Et</strong></span> <span class='ocrx_word' id='word_1_283' title='bbox 560 4127 681 4182; x_wconf 88' lang='lat' dir='ltr'><strong>vide</strong></span> <span class='ocrx_word' id='word_1_284' title='bbox 702 4145 822 4184; x_wconf 90' lang='lat' dir='ltr'><strong>cum</strong></span> <span class='ocrx_word' id='word_1_285' title='bbox 845 4143 1040 4199; x_wconf 90' lang='lat' dir='ltr'><strong>quanta</strong></span> <span class='ocrx_word' id='word_1_286' title='bbox 1067 4135 1343 4202; x_wconf 87' lang='lat' dir='ltr'><strong>prudentia</strong></span> <span class='ocrx_word' id='word_1_287' title='bbox 1365 4144 1420 4190; x_wconf 90' lang='lat' dir='ltr'><strong>et</strong></span> <span class='ocrx_word' id='word_1_288' title='bbox 1441 4140 1811 4196; x_wconf 87' lang='lat' dir='ltr'><strong>moderatione</strong></span> <span class='ocrx_word' id='word_1_289' title='bbox 1827 4158 1942 4197; x_wconf 86' lang='lat' dir='ltr'><strong>cor-</strong></span> 
     </span>
    </p>
   </div>
   <div class='ocr_carea' id='block_1_43' title="bbox 340 4219 1942 4295">
    <p class='ocr_par' dir='ltr' id='par_1_43' title="bbox 340 4219 1942 4295">
     <span class='ocr_line' id='line_1_43' title="bbox 340 4219 1942 4295; baseline 0.011 -23"><span class='ocrx_word' id='word_1_290' title='bbox 340 4219 636 4272; x_wconf 89' lang='lat' dir='ltr'><strong>rectionem</strong></span> <span class='ocrx_word' id='word_1_291' title='bbox 657 4222 1013 4290; x_wconf 84' lang='lat' dir='ltr'><strong>aggrediatur.</strong></span> <span class='ocrx_word' id='word_1_292' title='bbox 1038 4221 1302 4295; x_wconf 87' lang='lat' dir='ltr'><strong>Incipiens</strong></span> <span class='ocrx_word' id='word_1_293' title='bbox 1319 4229 1459 4282; x_wconf 90' lang='lat' dir='ltr'><strong>enim</strong></span> <span class='ocrx_word' id='word_1_294' title='bbox 1484 4233 1560 4285; x_wconf 88' lang='lat' dir='ltr'><strong>sic</strong></span> <span class='ocrx_word' id='word_1_295' title='bbox 1582 4231 1686 4285; x_wconf 88' lang='lat' dir='ltr'><strong>ait:</strong></span> <span class='ocrx_word' id='word_1_296' title='bbox 1707 4231 1822 4286; x_wconf 77' lang='lat' dir='ltr'><strong>[loc</strong></span> <span class='ocrx_word' id='word_1_297' title='bbox 1847 4251 1942 4288; x_wconf 87' lang='lat' dir='ltr'><strong>au-</strong></span> 
     </span>
    </p>
   </div>
   <div class='ocr_carea' id='block_1_44' title="bbox 341 4315 1944 4390">
    <p class='ocr_par' dir='ltr' id='par_1_44' title="bbox 341 4315 1944 4390">
     <span class='ocr_line' id='line_1_44' title="bbox 341 4315 1944 4390; baseline 0.01 -26"><span class='ocrx_word' id='word_1_298' title='bbox 341 4321 442 4365; x_wconf 81' lang='lat' dir='ltr'><strong>tem</strong></span> <span class='ocrx_word' id='word_1_299' title='bbox 469 4315 788 4384; x_wconf 76' lang='lat' dir='ltr'><strong>prtecipiens,</strong></span> <span class='ocrx_word' id='word_1_300' title='bbox 817 4332 917 4369; x_wconf 85' lang='lat' dir='ltr'><strong>non</strong></span> <span class='ocrx_word' id='word_1_301' title='bbox 950 4317 1125 4381; x_wconf 80' lang='lat' dir='ltr'><strong>laudo,</strong></span> <span class='ocrx_word' id='word_1_302' title='bbox 1154 4319 1289 4386; x_wconf 83' lang='lat' dir='ltr'><strong>quod</strong></span> <span class='ocrx_word' id='word_1_303' title='bbox 1313 4338 1414 4375; x_wconf 86' lang='lat' dir='ltr'><strong>non</strong></span> <span class='ocrx_word' id='word_1_304' title='bbox 1444 4323 1497 4376; x_wconf 84' lang='lat' dir='ltr'><strong>in</strong></span> <span class='ocrx_word' id='word_1_305' title='bbox 1532 4324 1730 4390; x_wconf 85' lang='lat' dir='ltr'><strong>melius,</strong></span> <span class='ocrx_word' id='word_1_306' title='bbox 1758 4328 1846 4379; x_wconf 78' lang='lat' dir='ltr'><strong>sed</strong></span> <span class='ocrx_word' id='word_1_307' title='bbox 1889 4329 1944 4381; x_wconf 89' lang='lat' dir='ltr'><strong>in</strong></span> 
     </span>
    </p>
   </div>
   <div class='ocr_carea' id='block_1_45' title="bbox 290 4404 1940 4484">
    <p class='ocr_par' dir='ltr' id='par_1_45' title="bbox 290 4404 1940 4484">
     <span class='ocr_line' id='line_1_45' title="bbox 290 4404 1940 4484; baseline 0.011 -30"><span class='ocrx_word' id='word_1_308' title='bbox 290 4423 300 4440; x_wconf 73' lang='grc' dir='ltr'><em>κ</em></span> <span class='ocrx_word' id='word_1_309' title='bbox 340 4404 564 4458; x_wconf 84' lang='lat' dir='ltr'><strong>deterius</strong></span> <span class='ocrx_word' id='word_1_310' title='bbox 583 4406 910 4476; x_wconf 61' lang='lat' dir='ltr'><strong>convenitis“</strong></span> <span class='ocrx_word' id='word_1_311' title='bbox 928 4445 941 4459; x_wconf 92' lang='lat'><strong>.</strong></span> <span class='ocrx_word' id='word_1_312' title='bbox 968 4408 1086 4462; x_wconf 79' lang='lat' dir='ltr'><strong>Cor.</strong></span> <span class='ocrx_word' id='word_1_313' title='bbox 1111 4410 1197 4464; x_wconf 87' lang='grc'><strong>11.</strong></span> <span class='ocrx_word' id='word_1_314' title='bbox 1230 4413 1345 4480; x_wconf 82' lang='grc'><strong>17).</strong></span> <span class='ocrx_word' id='word_1_315' title='bbox 1363 4412 1498 4479; x_wconf 87' lang='lat' dir='ltr'><strong>Quid</strong></span> <span class='ocrx_word' id='word_1_316' title='bbox 1521 4415 1620 4469; x_wconf 89' lang='lat' dir='ltr'><strong>sibi</strong></span> <span class='ocrx_word' id='word_1_317' title='bbox 1653 4416 1762 4470; x_wconf 82' lang='lat' dir='ltr'><strong>vult</strong></span> <span class='ocrx_word' id='word_1_318' title='bbox 1791 4417 1940 4484; x_wconf 88' lang='lat' dir='ltr'><strong>illud,</strong></span> 
     </span>
    </p>
   </div>
   <div class='ocr_carea' id='block_1_46' title="bbox 346 4491 1942 4574">
    <p class='ocr_par' dir='ltr' id='par_1_46' title="bbox 346 4491 1942 4574">
     <span class='ocr_line' id='line_1_46' title="bbox 346 4491 1942 4574; baseline 0.013 -29"><span class='ocrx_word' id='word_1_319' title='bbox 346 4491 470 4546; x_wconf 78' lang='lat' dir='ltr'><strong>Non</strong></span> <span class='ocrx_word' id='word_1_320' title='bbox 505 4495 558 4547; x_wconf 90' lang='lat' dir='ltr'><strong>in</strong></span> <span class='ocrx_word' id='word_1_321' title='bbox 605 4496 825 4549; x_wconf 76' lang='lat' dir='ltr'><strong>melius!</strong></span> <span class='ocrx_word' id='word_1_322' title='bbox 857 4497 1107 4567; x_wconf 78' lang='lat' dir='ltr'><strong>Majores,</strong></span> <span class='ocrx_word' id='word_1_323' title='bbox 1133 4500 1301 4570; x_wconf 91' lang='lat' dir='ltr'><strong>inquit</strong></span> <span class='ocrx_word' id='word_1_324' title='bbox 1322 4512 1378 4558; x_wconf 88' lang='lat' dir='ltr'><strong>et</strong></span> <span class='ocrx_word' id='word_1_325' title='bbox 1401 4515 1578 4574; x_wconf 85' lang='lat' dir='ltr'><strong>patres</strong></span> <span class='ocrx_word' id='word_1_326' title='bbox 1614 4512 1774 4562; x_wconf 84' lang='lat' dir='ltr'><strong>vestri</strong></span> <span class='ocrx_word' id='word_1_327' title='bbox 1813 4510 1942 4564; x_wconf 88' lang='lat' dir='ltr'><strong>sub-</strong></span> 
     </span>
    </p>
   </div>
   <div class='ocr_carea' id='block_1_47' title="bbox 343 4583 1939 4665">
    <p class='ocr_par' dir='ltr' id='par_1_47' title="bbox 343 4583 1939 4665">
     <span class='ocr_line' id='line_1_47' title="bbox 343 4583 1939 4665; baseline 0.013 -28"><span class='ocrx_word' id='word_1_328' title='bbox 343 4583 568 4637; x_wconf 88' lang='lat' dir='ltr'><strong>stantias</strong></span> <span class='ocrx_word' id='word_1_329' title='bbox 597 4600 720 4639; x_wconf 88' lang='lat' dir='ltr'><strong>suas</strong></span> <span class='ocrx_word' id='word_1_330' title='bbox 753 4587 1054 4642; x_wconf 82' lang='lat' dir='ltr'><strong>vendebant</strong></span> <span class='ocrx_word' id='word_1_331' title='bbox 1074 4599 1128 4644; x_wconf 92' lang='lat' dir='ltr'><strong>et</strong></span> <span class='ocrx_word' id='word_1_332' title='bbox 1151 4591 1348 4659; x_wconf 78' lang='lat' dir='ltr'><strong>przedia</strong></span> <span class='ocrx_word' id='word_1_333' title='bbox 1371 4604 1425 4648; x_wconf 92' lang='lat' dir='ltr'><strong>et</strong></span> <span class='ocrx_word' id='word_1_334' title='bbox 1443 4599 1833 4665; x_wconf 80' lang='lat' dir='ltr'><strong>possessiones,</strong></span> <span class='ocrx_word' id='word_1_335' title='bbox 1860 4611 1939 4656; x_wconf 87' lang='lat' dir='ltr'><strong>at-</strong></span> 
     </span>
    </p>
   </div>
   <div class='ocr_carea' id='block_1_48' title="bbox 342 4675 1947 4757">
    <p class='ocr_par' dir='ltr' id='par_1_48' title="bbox 342 4675 1947 4757">
     <span class='ocr_line' id='line_1_48' title="bbox 342 4675 1947 4757; baseline 0.014 -32"><span class='ocrx_word' id='word_1_336' title='bbox 342 4687 450 4743; x_wconf 86' lang='lat' dir='ltr'><strong>que</strong></span> <span class='ocrx_word' id='word_1_337' title='bbox 469 4675 646 4728; x_wconf 86' lang='lat' dir='ltr'><strong>omnia</strong></span> <span class='ocrx_word' id='word_1_338' title='bbox 671 4676 1278 4750; x_wconf 88' lang='lat' dir='ltr'><strong>habebantcommunia,</strong></span> <span class='ocrx_word' id='word_1_339' title='bbox 1304 4687 1635 4757; x_wconf 82' lang='lat' dir='ltr'><strong>multamque</strong></span> <span class='ocrx_word' id='word_1_340' title='bbox 1659 4700 1843 4746; x_wconf 92' lang='lat' dir='ltr'><strong>mutuo</strong></span> <span class='ocrx_word' id='word_1_341' title='bbox 1864 4707 1947 4746; x_wconf 84' lang='lat' dir='ltr'><strong>ca-</strong></span> 
     </span>
    </p>
   </div>
   <div class='ocr_carea' id='block_1_49' title="bbox 342 4768 1944 4848">
    <p class='ocr_par' dir='ltr' id='par_1_49' title="bbox 342 4768 1944 4848">
     <span class='ocr_line' id='line_1_49' title="bbox 342 4768 1944 4848; baseline 0.012 -28"><span class='ocrx_word' id='word_1_342' title='bbox 342 4768 556 4821; x_wconf 88' lang='lat' dir='ltr'><strong>ritatem</strong></span> <span class='ocrx_word' id='word_1_343' title='bbox 582 4783 595 4818; x_wconf 85' lang='lat'><strong>:</strong></span> <span class='ocrx_word' id='word_1_344' title='bbox 621 4783 715 4822; x_wconf 85' lang='lat' dir='ltr'><strong>vos</strong></span> <span class='ocrx_word' id='word_1_345' title='bbox 745 4778 948 4834; x_wconf 86' lang='lat' dir='ltr'><strong>autem,</strong></span> <span class='ocrx_word' id='word_1_346' title='bbox 980 4787 1114 4841; x_wconf 89' lang='lat' dir='ltr'><strong>quos</strong></span> <span class='ocrx_word' id='word_1_347' title='bbox 1145 4790 1241 4844; x_wconf 90' lang='lat' dir='ltr'><strong>par</strong></span> <span class='ocrx_word' id='word_1_348' title='bbox 1263 4788 1407 4832; x_wconf 89' lang='lat' dir='ltr'><strong>esset</strong></span> <span class='ocrx_word' id='word_1_349' title='bbox 1439 4779 1560 4833; x_wconf 79' lang='lat' dir='ltr'><strong>illos</strong></span> <span class='ocrx_word' id='word_1_350' title='bbox 1591 4783 1806 4848; x_wconf 89' lang='lat' dir='ltr'><strong>imitari,</strong></span> <span class='ocrx_word' id='word_1_351' title='bbox 1840 4800 1944 4840; x_wconf 89' lang='lat' dir='ltr'><strong>non</strong></span> 
     </span>
    </p>
   </div>
   <div class='ocr_carea' id='block_1_50' title="bbox 342 4855 1949 4937">
    <p class='ocr_par' dir='ltr' id='par_1_50' title="bbox 342 4855 1949 4937">
     <span class='ocr_line' id='line_1_50' title="bbox 342 4855 1949 4937; baseline 0.012 -28"><span class='ocrx_word' id='word_1_352' title='bbox 342 4855 509 4910; x_wconf 85' lang='lat' dir='ltr'><strong>modo</strong></span> <span class='ocrx_word' id='word_1_353' title='bbox 532 4857 660 4912; x_wconf 87' lang='lat' dir='ltr'><strong>nihil</strong></span> <span class='ocrx_word' id='word_1_354' title='bbox 679 4860 853 4914; x_wconf 86' lang='lat' dir='ltr'><strong>simile</strong></span> <span class='ocrx_word' id='word_1_355' title='bbox 870 4859 1089 4927; x_wconf 82' lang='lat' dir='ltr'><strong>fecistis,</strong></span> <span class='ocrx_word' id='word_1_356' title='bbox 1110 4865 1204 4919; x_wconf 62' lang='lat' dir='ltr'><strong>s’ed</strong></span> <span class='ocrx_word' id='word_1_357' title='bbox 1223 4867 1381 4921; x_wconf 90' lang='lat' dir='ltr'><strong>etiam</strong></span> <span class='ocrx_word' id='word_1_358' title='bbox 1403 4870 1475 4936; x_wconf 88' lang='lat' dir='ltr'><strong>id,</strong></span> <span class='ocrx_word' id='word_1_359' title='bbox 1504 4873 1644 4937; x_wconf 87' lang='lat' dir='ltr'><strong>quod</strong></span> <span class='ocrx_word' id='word_1_360' title='bbox 1668 4874 1840 4928; x_wconf 90' lang='lat' dir='ltr'><strong>solum</strong></span> <span class='ocrx_word' id='word_1_361' title='bbox 1863 4876 1949 4929; x_wconf 88' lang='lat' dir='ltr'><strong>ha-</strong></span> 
     </span>
    </p>
   </div>
   <div class='ocr_carea' id='block_1_51' title="bbox 341 4947 1944 5021">
    <p class='ocr_par' dir='ltr' id='par_1_51' title="bbox 341 4947 1944 5021">
     <span class='ocr_line' id='line_1_51' title="bbox 341 4947 1944 5021; baseline 0.012 -21"><span class='ocrx_word' id='word_1_362' title='bbox 341 4947 553 5000; x_wconf 86' lang='lat' dir='ltr'><strong>bebatis</strong></span> <span class='ocrx_word' id='word_1_363' title='bbox 574 4949 862 5015; x_wconf 86' lang='lat' dir='ltr'><strong>amisistis;</strong></span> <span class='ocrx_word' id='word_1_364' title='bbox 886 4967 1078 5021; x_wconf 90' lang='lat' dir='ltr'><strong>nempe</strong></span> <span class='ocrx_word' id='word_1_365' title='bbox 1098 4957 1340 5012; x_wconf 87' lang='lat' dir='ltr'><strong>convivia</strong></span> <span class='ocrx_word' id='word_1_366' title='bbox 1387 4959 1438 5013; x_wconf 91' lang='lat' dir='ltr'><strong>in</strong></span> <span class='ocrx_word' id='word_1_367' title='bbox 1456 4961 1696 5017; x_wconf 86' lang='lat' dir='ltr'><strong>collectis</strong></span> <span class='ocrx_word' id='word_1_368' title='bbox 1716 4964 1826 5018; x_wconf 80' lang='lat' dir='ltr'><strong>fieri</strong></span> <span class='ocrx_word' id='word_1_369' title='bbox 1854 4982 1944 5020; x_wconf 87' lang='lat' dir='ltr'><strong>so-</strong></span> 
     </span>
    </p>
   </div>
   <div class='ocr_carea' id='block_1_52' title="bbox 344 5036 1946 5112">
    <p class='ocr_par' dir='ltr' id='par_1_52' title="bbox 344 5036 1946 5112">
     <span class='ocr_line' id='line_1_52' title="bbox 344 5036 1946 5112; baseline 0.014 -23"><span class='ocrx_word' id='word_1_370' title='bbox 344 5038 458 5090; x_wconf 80' lang='lat' dir='ltr'><strong>lita.</strong></span> <span class='ocrx_word' id='word_1_371' title='bbox 483 5036 713 5109; x_wconf 85' lang='lat' dir='ltr'><strong>Ideoque</strong></span> <span class='ocrx_word' id='word_1_372' title='bbox 736 5041 838 5096; x_wconf 86' lang='lat' dir='ltr'><strong>ait:</strong></span> <span class='ocrx_word' id='word_1_373' title='bbox 857 5040 978 5095; x_wconf 82' lang='lat' dir='ltr'><strong>Non</strong></span> <span class='ocrx_word' id='word_1_374' title='bbox 1007 5045 1059 5096; x_wconf 88' lang='lat' dir='ltr'><strong>in</strong></span> <span class='ocrx_word' id='word_1_375' title='bbox 1081 5045 1281 5111; x_wconf 81' lang='lat' dir='ltr'><strong>melius,</strong></span> <span class='ocrx_word' id='word_1_376' title='bbox 1300 5050 1388 5101; x_wconf 77' lang='lat' dir='ltr'><strong>sed</strong></span> <span class='ocrx_word' id='word_1_377' title='bbox 1413 5051 1465 5103; x_wconf 88' lang='lat' dir='ltr'><strong>in</strong></span> <span class='ocrx_word' id='word_1_378' title='bbox 1489 5053 1704 5108; x_wconf 78' lang='lat' dir='ltr'><strong>deterius</strong></span> <span class='ocrx_word' id='word_1_379' title='bbox 1721 5059 1946 5112; x_wconf 84' lang='lat' dir='ltr'><strong>conveni-</strong></span> 
     </span>
    </p>
   </div>
   <div class='ocr_carea' id='block_1_53' title="bbox 341 5127 1948 5218">
    <p class='ocr_par' dir='ltr' id='par_1_53' title="bbox 341 5127 1948 5218">
     <span class='ocr_line' id='line_1_53' title="bbox 341 5127 1948 5218; baseline 0.017 -41"><span class='ocrx_word' id='word_1_380' title='bbox 341 5129 426 5179; x_wconf 86' lang='lat' dir='ltr'><strong>tis.</strong></span> <span class='ocrx_word' id='word_1_381' title='bbox 450 5127 517 5182; x_wconf 78' lang='lat' dir='ltr'><strong>Et</strong></span> <span class='ocrx_word' id='word_1_382' title='bbox 539 5129 610 5183; x_wconf 92' lang='lat' dir='ltr'><strong>illi</strong></span> <span class='ocrx_word' id='word_1_383' title='bbox 643 5131 856 5198; x_wconf 84' lang='lat' dir='ltr'><strong>quidem</strong></span> <span class='ocrx_word' id='word_1_384' title='bbox 877 5137 1243 5202; x_wconf 88' lang='lat' dir='ltr'><strong>possessiones</strong></span> <span class='ocrx_word' id='word_1_385' title='bbox 1271 5155 1462 5198; x_wconf 90' lang='lat' dir='ltr'><strong>omnes</strong></span> <span class='ocrx_word' id='word_1_386' title='bbox 1493 5144 1542 5196; x_wconf 93' lang='lat' dir='ltr'><strong>in</strong></span> <span class='ocrx_word' id='word_1_387' title='bbox 1573 5161 1725 5199; x_wconf 84' lang='lat' dir='ltr'><strong>usum</strong></span> <span class='ocrx_word' id='word_1_388' title='bbox 1750 5163 1948 5218; x_wconf 86' lang='lat' dir='ltr'><strong>panpe-</strong></span> 
     </span>
    </p>
   </div>
   <div class='ocr_carea' id='block_1_54' title="bbox 344 5221 1945 5296">
    <p class='ocr_par' dir='ltr' id='par_1_54' title="bbox 344 5221 1945 5296">
     <span class='ocr_line' id='line_1_54' title="bbox 344 5221 1945 5296; baseline 0.017 -26"><span class='ocrx_word' id='word_1_389' title='bbox 344 5234 466 5272; x_wconf 89' lang='lat' dir='ltr'><strong>rum</strong></span> <span class='ocrx_word' id='word_1_390' title='bbox 503 5221 870 5276; x_wconf 87' lang='lat' dir='ltr'><strong>concedebant</strong></span> <span class='ocrx_word' id='word_1_391' title='bbox 902 5242 915 5278; x_wconf 91' lang='lat'>:</span> <span class='ocrx_word' id='word_1_392' title='bbox 949 5240 1043 5279; x_wconf 81' lang='lat' dir='ltr'><strong>vos</strong></span> <span class='ocrx_word' id='word_1_393' title='bbox 1072 5242 1200 5282; x_wconf 89' lang='lat' dir='ltr'><strong>vero</strong></span> <span class='ocrx_word' id='word_1_394' title='bbox 1243 5245 1426 5287; x_wconf 84' lang='lat' dir='ltr'><strong>mensa</strong></span> <span class='ocrx_word' id='word_1_395' title='bbox 1473 5237 1631 5289; x_wconf 86' lang='lat' dir='ltr'><strong>etiam</strong></span> <span class='ocrx_word' id='word_1_396' title='bbox 1678 5237 1782 5292; x_wconf 78' lang='lat' dir='ltr'><strong>illis</strong></span> <span class='ocrx_word' id='word_1_397' title='bbox 1813 5255 1945 5296; x_wconf 91' lang='lat' dir='ltr'><strong>con-</strong></span> 
     </span>
    </p>
   </div>
   <div class='ocr_carea' id='block_1_55' title="bbox 342 5312 1948 5388">
    <p class='ocr_par' dir='ltr' id='par_1_55' title="bbox 342 5312 1948 5388">
     <span class='ocr_line' id='line_1_55' title="bbox 342 5312 1948 5388; baseline 0.015 -24"><span class='ocrx_word' id='word_1_398' title='bbox 342 5325 500 5364; x_wconf 85' lang='lat' dir='ltr'><strong>cessa</strong></span> <span class='ocrx_word' id='word_1_399' title='bbox 551 5312 790 5380; x_wconf 89' lang='lat' dir='ltr'><strong>privatis.</strong></span> <span class='ocrx_word' id='word_1_400' title='bbox 836 5312 1069 5370; x_wconf 84' lang='lat' dir='ltr'><strong>Primum</strong></span> <span class='ocrx_word' id='word_1_401' title='bbox 1114 5321 1247 5374; x_wconf 86' lang='lat' dir='ltr'><strong>enim</strong></span> <span class='ocrx_word' id='word_1_402' title='bbox 1283 5328 1689 5381; x_wconf 77' lang='lat' dir='ltr'><strong>convenientibus</strong></span> <span class='ocrx_word' id='word_1_403' title='bbox 1731 5331 1864 5384; x_wconf 79' lang='lat' dir='ltr'><strong>vobis</strong></span> <span class='ocrx_word' id='word_1_404' title='bbox 1894 5334 1948 5388; x_wconf 84' lang='lat' dir='ltr'><strong>in</strong></span> 
     </span>
    </p>
   </div>
   <div class='ocr_carea' id='block_1_56' title="bbox 342 5401 1950 5493">
    <p class='ocr_par' dir='ltr' id='par_1_56' title="bbox 342 5401 1950 5493">
     <span class='ocr_line' id='line_1_56' title="bbox 342 5401 1950 5493; baseline 0.016 -39"><span class='ocrx_word' id='word_1_405' title='bbox 342 5401 630 5464; x_wconf 81' lang='lat' dir='ltr'><strong>ecclesiam,</strong></span> <span class='ocrx_word' id='word_1_406' title='bbox 659 5404 812 5456; x_wconf 82' lang='lat' dir='ltr'><strong>audio</strong></span> <span class='ocrx_word' id='word_1_407' title='bbox 859 5407 1108 5462; x_wconf 73' lang='lat' dir='ltr'><strong>scissura:</strong></span> <span class='ocrx_word' id='word_1_408' title='bbox 1156 5429 1259 5467; x_wconf 81' lang='lat' dir='ltr'><strong>esse</strong></span> <span class='ocrx_word' id='word_1_409' title='bbox 1299 5415 1428 5469; x_wconf 85' lang='lat' dir='ltr'><strong>inter</strong></span> <span class='ocrx_word' id='word_1_410' title='bbox 1472 5436 1575 5485; x_wconf 80' lang='lat' dir='ltr'><strong>ros,</strong></span> <span class='ocrx_word' id='word_1_411' title='bbox 1603 5431 1651 5476; x_wconf 88' lang='lat' dir='ltr'><strong>et</strong></span> <span class='ocrx_word' id='word_1_412' title='bbox 1697 5440 1758 5476; x_wconf 78' lang='lat' dir='ltr'><strong>ea:</strong></span> <span class='ocrx_word' id='word_1_413' title='bbox 1803 5435 1950 5493; x_wconf 85' lang='lat' dir='ltr'><strong>parte</strong></span> 
     </span>
    </p>
   </div>
   <div class='ocr_carea' id='block_1_57' title="bbox 341 5493 1024 5566">
    <p class='ocr_par' dir='ltr' id='par_1_57' title="bbox 341 5493 1024 5566">
     <span class='ocr_line' id='line_1_57' title="bbox 341 5493 1024 5566; baseline 0.01 -21"><span class='ocrx_word' id='word_1_414' title='bbox 341 5494 498 5545; x_wconf 77' lang='lat' dir='ltr'><strong>credo</strong></span> <span class='ocrx_word' id='word_1_415' title='bbox 524 5494 599 5562; x_wconf 93' lang='grc'><strong>(1.</strong></span> <span class='ocrx_word' id='word_1_416' title='bbox 635 5493 755 5549; x_wconf 81' lang='lat' dir='ltr'><strong>Cor.</strong></span> <span class='ocrx_word' id='word_1_417' title='bbox 793 5497 1024 5566; x_wconf 88' lang='grc'><strong>11.18).</strong></span> 
     </span>
    </p>
   </div>
   <div class='ocr_carea' id='block_1_58' title="bbox 417 5583 1940 5666">
    <p class='ocr_par' dir='ltr' id='par_1_58' title="bbox 417 5583 1940 5666">
     <span class='ocr_line' id='line_1_58' title="bbox 417 5583 1940 5666; baseline 0.017 -30"><span class='ocrx_word' id='word_1_418' title='bbox 417 5585 472 5638; x_wconf 77' lang='grc'><strong>4.</strong></span> <span class='ocrx_word' id='word_1_419' title='bbox 510 5583 642 5640; x_wconf 74' lang='lat' dir='ltr'><strong>Vide</strong></span> <span class='ocrx_word' id='word_1_420' title='bbox 669 5589 942 5655; x_wconf 87' lang='lat' dir='ltr'><strong>quomodo</strong></span> <span class='ocrx_word' id='word_1_421' title='bbox 973 5607 1184 5647; x_wconf 85' lang='lat' dir='ltr'><strong>rursum</strong></span> <span class='ocrx_word' id='word_1_422' title='bbox 1230 5600 1519 5666; x_wconf 88' lang='lat' dir='ltr'><strong>prudenter</strong></span> <span class='ocrx_word' id='word_1_423' title='bbox 1547 5607 1940 5662; x_wconf 83' lang='lat' dir='ltr'><strong>correctionem</strong></span> 
     </span>
    </p>
   </div>
   <div class='ocr_carea' id='block_1_59' title="bbox 342 5675 1946 5761">
    <p class='ocr_par' dir='ltr' id='par_1_59' title="bbox 342 5675 1946 5761">
     <span class='ocr_line' id='line_1_59' title="bbox 342 5675 1946 5761; baseline 0.015 -31"><span class='ocrx_word' id='word_1_424' title='bbox 342 5675 617 5731; x_wconf 80' lang='lat' dir='ltr'><strong>adhibeat.</strong></span> <span class='ocrx_word' id='word_1_425' title='bbox 649 5676 764 5732; x_wconf 77' lang='lat' dir='ltr'><strong>Non</strong></span> <span class='ocrx_word' id='word_1_426' title='bbox 792 5679 950 5744; x_wconf 90' lang='lat' dir='ltr'><strong>dixit,</strong></span> <span class='ocrx_word' id='word_1_427' title='bbox 980 5683 1177 5753; x_wconf 86' lang='lat' dir='ltr'><strong>Credo,</strong></span> <span class='ocrx_word' id='word_1_428' title='bbox 1204 5690 1307 5756; x_wconf 87' lang='lat' dir='ltr'><strong>vel,</strong></span> <span class='ocrx_word' id='word_1_429' title='bbox 1343 5692 1456 5746; x_wconf 81' lang='lat' dir='ltr'><strong>Non</strong></span> <span class='ocrx_word' id='word_1_430' title='bbox 1485 5696 1668 5761; x_wconf 81' lang='lat' dir='ltr'><strong>credo,</strong></span> <span class='ocrx_word' id='word_1_431' title='bbox 1701 5699 1793 5753; x_wconf 85' lang='lat' dir='ltr'><strong>sed</strong></span> <span class='ocrx_word' id='word_1_432' title='bbox 1826 5715 1946 5754; x_wconf 87' lang='lat' dir='ltr'><strong>me-</strong></span> 
     </span>
    </p>
   </div>
   <div class='ocr_carea' id='block_1_60' title="bbox 343 5768 1950 5849">
    <p class='ocr_par' dir='ltr' id='par_1_60' title="bbox 343 5768 1950 5849">
     <span class='ocr_line' id='line_1_60' title="bbox 343 5768 1950 5849; baseline 0.015 -25"><span class='ocrx_word' id='word_1_433' title='bbox 343 5769 439 5826; x_wconf 85' lang='lat' dir='ltr'><strong>dio</strong></span> <span class='ocrx_word' id='word_1_434' title='bbox 465 5768 624 5826; x_wconf 82' lang='lat' dir='ltr'><strong>verbo</strong></span> <span class='ocrx_word' id='word_1_435' title='bbox 657 5785 782 5827; x_wconf 79' lang='lat' dir='ltr'><strong>usus</strong></span> <span class='ocrx_word' id='word_1_436' title='bbox 802 5783 915 5842; x_wconf 86' lang='lat' dir='ltr'><strong>est,</strong></span> <span class='ocrx_word' id='word_1_437' title='bbox 942 5773 1024 5830; x_wconf 78' lang='lat' dir='ltr'><strong>Ea:</strong></span> <span class='ocrx_word' id='word_1_438' title='bbox 1054 5788 1195 5845; x_wconf 76' lang='lat' dir='ltr'><strong>parte</strong></span> <span class='ocrx_word' id='word_1_439' title='bbox 1219 5785 1399 5849; x_wconf 82' lang='lat' dir='ltr'><strong>credo;</strong></span> <span class='ocrx_word' id='word_1_440' title='bbox 1434 5800 1538 5840; x_wconf 89' lang='lat' dir='ltr'><strong>non</strong></span> <span class='ocrx_word' id='word_1_441' title='bbox 1572 5791 1791 5844; x_wconf 81' lang='lat' dir='ltr'><strong>omnino</strong></span> <span class='ocrx_word' id='word_1_442' title='bbox 1825 5806 1950 5847; x_wconf 85' lang='lat' dir='ltr'><strong>crc-</strong></span> 
     </span>
    </p>
   </div>
   <div class='ocr_carea' id='block_1_61' title="bbox 1145 360 2797 430">
    <p class='ocr_par' dir='ltr' id='par_1_61' title="bbox 1145 360 2797 430">
     <span class='ocr_line' id='line_1_61' title="bbox 1145 360 2797 430; baseline -0.005 -6"><span class='ocrx_word' id='word_1_443' title='bbox 1145 370 1211 424; x_wconf 79' lang='lat' dir='ltr'><strong>lN</strong></span> <span class='ocrx_word' id='word_1_444' title='bbox 1253 369 1502 426; x_wconf 75' lang='lat' dir='ltr'><strong>DICTUM</strong></span> <span class='ocrx_word' id='word_1_445' title='bbox 1545 365 1748 424; x_wconf 78' lang='lat' dir='ltr'><strong>PAULI</strong></span> <span class='ocrx_word' id='word_1_446' title='bbox 1793 408 1808 430; x_wconf 91' lang='lat'><strong>,</strong></span> <span class='ocrx_word' id='word_1_447' title='bbox 1847 361 2173 421; x_wconf 75' lang='lat' dir='ltr'><strong>OPORTET</strong></span> <span class='ocrx_word' id='word_1_448' title='bbox 2216 360 2561 418; x_wconf 63' lang='lat' dir='ltr'><strong>lleERESES</strong></span> <span class='ocrx_word' id='word_1_449' title='bbox 2602 360 2797 420; x_wconf 78' lang='lat' dir='ltr'><strong>ESSE.</strong></span> 
     </span>
    </p>
   </div>
   <div class='ocr_carea' id='block_1_62' title="bbox 3525 364 3631 419">
    <p class='ocr_par' dir='ltr' id='par_1_62' title="bbox 3525 364 3631 419">
     <span class='ocr_line' id='line_1_62' title="bbox 3525 364 3631 419; baseline 0 0"><span class='ocrx_word' id='word_1_450' title='bbox 3525 364 3631 419; x_wconf 72' lang='lat'><strong>253</strong></span> 
     </span>
    </p>
   </div>
   <div class='ocr_carea' id='block_1_63' title="bbox 2027 475 3632 546">
    <p class='ocr_par' dir='ltr' id='par_1_63' title="bbox 2027 475 3632 546">
     <span class='ocr_line' id='line_1_63' title="bbox 2027 475 3632 546; baseline 0.002 -15"><span class='ocrx_word' id='word_1_451' title='bbox 2027 475 2120 541; x_wconf 91' lang='lat' dir='ltr'><strong>do,</strong></span> <span class='ocrx_word' id='word_1_452' title='bbox 2150 491 2249 532; x_wconf 93' lang='lat' dir='ltr'><strong>nec</strong></span> <span class='ocrx_word' id='word_1_453' title='bbox 2274 477 2497 532; x_wconf 89' lang='lat' dir='ltr'><strong>omnino</strong></span> <span class='ocrx_word' id='word_1_454' title='bbox 2525 475 2684 533; x_wconf 76' lang='lat' dir='ltr'><strong>{idem</strong></span> <span class='ocrx_word' id='word_1_455' title='bbox 2717 491 2888 546; x_wconf 82' lang='lat' dir='ltr'><strong>nego;</strong></span> <span class='ocrx_word' id='word_1_456' title='bbox 2919 485 2972 530; x_wconf 90' lang='lat' dir='ltr'><strong>ut</strong></span> <span class='ocrx_word' id='word_1_457' title='bbox 3005 492 3134 531; x_wconf 81' lang='lat' dir='ltr'><strong>vero</strong></span> <span class='ocrx_word' id='word_1_458' title='bbox 3159 476 3264 534; x_wconf 84' lang='lat' dir='ltr'><strong>hoc</strong></span> <span class='ocrx_word' id='word_1_459' title='bbox 3284 478 3366 533; x_wconf 80' lang='lat' dir='ltr'><strong>vel</strong></span> <span class='ocrx_word' id='word_1_460' title='bbox 3393 477 3542 542; x_wconf 89' lang='lat' dir='ltr'><strong>illud,</strong></span> <span class='ocrx_word' id='word_1_461' title='bbox 3579 484 3632 535; x_wconf 89' lang='lat' dir='ltr'><strong>in</strong></span> 
     </span>
    </p>
   </div>
   <div class='ocr_carea' id='block_1_64' title="bbox 2028 557 3633 638">
    <p class='ocr_par' dir='ltr' id='par_1_64' title="bbox 2028 557 3633 638">
     <span class='ocr_line' id='line_1_64' title="bbox 2028 557 3633 638; baseline 0.004 -20"><span class='ocrx_word' id='word_1_462' title='bbox 2028 577 2206 622; x_wconf 85' lang='lat' dir='ltr'><strong>vestra</strong></span> <span class='ocrx_word' id='word_1_463' title='bbox 2235 568 2452 637; x_wconf 88' lang='lat' dir='ltr'><strong>penitus</strong></span> <span class='ocrx_word' id='word_1_464' title='bbox 2478 575 2743 638; x_wconf 85' lang='lat' dir='ltr'><strong>potestate</strong></span> <span class='ocrx_word' id='word_1_465' title='bbox 2772 577 2874 622; x_wconf 90' lang='lat' dir='ltr'><strong>est.</strong></span> <span class='ocrx_word' id='word_1_466' title='bbox 2906 567 2960 623; x_wconf 90' lang='lat' dir='ltr'><strong>Si</strong></span> <span class='ocrx_word' id='word_1_467' title='bbox 2995 569 3344 638; x_wconf 82' lang='lat' dir='ltr'><strong>resipiscatis,</strong></span> <span class='ocrx_word' id='word_1_468' title='bbox 3377 586 3483 624; x_wconf 91' lang='lat' dir='ltr'><strong>non</strong></span> <span class='ocrx_word' id='word_1_469' title='bbox 3509 557 3633 625; x_wconf 84' lang='lat' dir='ltr'><strong>crc-</strong></span> 
     </span>
    </p>
   </div>
   <div class='ocr_carea' id='block_1_65' title="bbox 2027 657 3628 729">
    <p class='ocr_par' dir='ltr' id='par_1_65' title="bbox 2027 657 3628 729">
     <span class='ocr_line' id='line_1_65' title="bbox 2027 657 3628 729; baseline 0.004 -18"><span class='ocrx_word' id='word_1_470' title='bbox 2027 657 2133 721; x_wconf 90' lang='lat' dir='ltr'><strong>do;</strong></span> <span class='ocrx_word' id='word_1_471' title='bbox 2163 657 2245 710; x_wconf 90' lang='lat' dir='ltr'><strong>sin</strong></span> <span class='ocrx_word' id='word_1_472' title='bbox 2270 660 2338 710; x_wconf 91' lang='lat' dir='ltr'><strong>ita</strong></span> <span class='ocrx_word' id='word_1_473' title='bbox 2372 659 2749 726; x_wconf 86' lang='lat' dir='ltr'><strong>perseveretis,</strong></span> <span class='ocrx_word' id='word_1_474' title='bbox 2772 657 2954 713; x_wconf 89' lang='lat' dir='ltr'><strong>credo.</strong></span> <span class='ocrx_word' id='word_1_475' title='bbox 2991 657 3174 729; x_wconf 88' lang='lat' dir='ltr'><strong>Itaque</strong></span> <span class='ocrx_word' id='word_1_476' title='bbox 3202 675 3306 713; x_wconf 91' lang='lat' dir='ltr'><strong>non</strong></span> <span class='ocrx_word' id='word_1_477' title='bbox 3330 665 3628 725; x_wconf 81' lang='lat' dir='ltr'><strong>accusavit.</strong></span> 
     </span>
    </p>
   </div>
   <div class='ocr_carea' id='block_1_66' title="bbox 2027 748 3633 818">
    <p class='ocr_par' dir='ltr' id='par_1_66' title="bbox 2027 748 3633 818">
     <span class='ocr_line' id='line_1_66' title="bbox 2027 748 3633 818; baseline 0.005 -17"><span class='ocrx_word' id='word_1_478' title='bbox 2027 757 2080 801; x_wconf 92' lang='lat' dir='ltr'><strong>et</strong></span> <span class='ocrx_word' id='word_1_479' title='bbox 2109 749 2396 802; x_wconf 89' lang='lat' dir='ltr'><strong>accusavit.</strong></span> <span class='ocrx_word' id='word_1_480' title='bbox 2424 748 2542 802; x_wconf 83' lang='lat' dir='ltr'><strong>Non</strong></span> <span class='ocrx_word' id='word_1_481' title='bbox 2586 749 2859 803; x_wconf 88' lang='lat' dir='ltr'><strong>accusavit</strong></span> <span class='ocrx_word' id='word_1_482' title='bbox 2887 749 3123 818; x_wconf 90' lang='lat' dir='ltr'><strong>penitus,</strong></span> <span class='ocrx_word' id='word_1_483' title='bbox 3150 760 3207 804; x_wconf 90' lang='lat' dir='ltr'><strong>ut</strong></span> <span class='ocrx_word' id='word_1_484' title='bbox 3235 752 3633 810; x_wconf 88' lang='lat' dir='ltr'><strong>emendationis</strong></span> 
     </span>
    </p>
   </div>
   <div class='ocr_carea' id='block_1_67' title="bbox 2029 838 3634 909">
    <p class='ocr_par' dir='ltr' id='par_1_67' title="bbox 2029 838 3634 909">
     <span class='ocr_line' id='line_1_67' title="bbox 2029 838 3634 909; baseline 0.006 -18"><span class='ocrx_word' id='word_1_485' title='bbox 2029 853 2179 907; x_wconf 87' lang='lat' dir='ltr'><strong>spem</strong></span> <span class='ocrx_word' id='word_1_486' title='bbox 2206 849 2259 892; x_wconf 93' lang='lat' dir='ltr'><strong>et</strong></span> <span class='ocrx_word' id='word_1_487' title='bbox 2286 838 2530 894; x_wconf 85' lang='lat' dir='ltr'><strong>inducias</strong></span> <span class='ocrx_word' id='word_1_488' title='bbox 2556 839 2623 893; x_wconf 92' lang='lat' dir='ltr'><strong>ad</strong></span> <span class='ocrx_word' id='word_1_489' title='bbox 2657 839 3028 909; x_wconf 69' lang='lat' dir='ltr'><strong>pmnitcntiam</strong></span> <span class='ocrx_word' id='word_1_490' title='bbox 3059 841 3247 896; x_wconf 87' lang='lat' dir='ltr'><strong>daret:</strong></span> <span class='ocrx_word' id='word_1_491' title='bbox 3267 859 3373 898; x_wconf 92' lang='lat' dir='ltr'><strong>non</strong></span> <span class='ocrx_word' id='word_1_492' title='bbox 3404 845 3634 901; x_wconf 84' lang='lat' dir='ltr'><strong>crimine</strong></span> 
     </span>
    </p>
   </div>
   <div class='ocr_carea' id='block_1_68' title="bbox 2029 929 3634 1004">
    <p class='ocr_par' dir='ltr' id='par_1_68' title="bbox 2029 929 3634 1004">
     <span class='ocr_line' id='line_1_68' title="bbox 2029 929 3634 1004; baseline 0.005 -21"><span class='ocrx_word' id='word_1_493' title='bbox 2029 929 2227 984; x_wconf 78' lang='lat' dir='ltr'><strong>liberes</strong></span> <span class='ocrx_word' id='word_1_494' title='bbox 2249 929 2473 994; x_wconf 87' lang='lat' dir='ltr'><strong>dimisit,</strong></span> <span class='ocrx_word' id='word_1_495' title='bbox 2502 947 2569 986; x_wconf 92' lang='lat' dir='ltr'><strong>ne</strong></span> <span class='ocrx_word' id='word_1_496' title='bbox 2605 932 2656 985; x_wconf 92' lang='lat' dir='ltr'><strong>in</strong></span> <span class='ocrx_word' id='word_1_497' title='bbox 2686 931 2875 986; x_wconf 89' lang='lat' dir='ltr'><strong>eadem</strong></span> <span class='ocrx_word' id='word_1_498' title='bbox 2903 933 3130 1004; x_wconf 81' lang='lat' dir='ltr'><strong>segnitie</strong></span> <span class='ocrx_word' id='word_1_499' title='bbox 3159 945 3458 991; x_wconf 88' lang='lat' dir='ltr'><strong>manerent.</strong></span> <span class='ocrx_word' id='word_1_500' title='bbox 3489 937 3634 991; x_wconf 62' lang='lat' dir='ltr'><strong>Non-</strong></span> 
     </span>
    </p>
   </div>
   <div class='ocr_carea' id='block_1_69' title="bbox 2030 1022 3633 1101">
    <p class='ocr_par' dir='ltr' id='par_1_69' title="bbox 2030 1022 3633 1101">
     <span class='ocr_line' id='line_1_69' title="bbox 2030 1022 3633 1101; baseline 0.005 -25"><span class='ocrx_word' id='word_1_501' title='bbox 2030 1022 2157 1076; x_wconf 90' lang='lat' dir='ltr'><strong>dum</strong></span> <span class='ocrx_word' id='word_1_502' title='bbox 2179 1024 2400 1077; x_wconf 91' lang='lat' dir='ltr'><strong>omnino</strong></span> <span class='ocrx_word' id='word_1_503' title='bbox 2423 1022 2648 1101; x_wconf 83' lang='lat' dir='ltr'><strong>credidi,</strong></span> <span class='ocrx_word' id='word_1_504' title='bbox 2669 1023 2870 1094; x_wconf 90' lang='lat' dir='ltr'><strong>inquit;</strong></span> <span class='ocrx_word' id='word_1_505' title='bbox 2899 1023 3130 1094; x_wconf 87' lang='lat' dir='ltr'><strong>idipsum</strong></span> <span class='ocrx_word' id='word_1_506' title='bbox 3149 1026 3290 1080; x_wconf 89' lang='lat' dir='ltr'><strong>enim</strong></span> <span class='ocrx_word' id='word_1_507' title='bbox 3316 1038 3398 1080; x_wconf 89' lang='lat' dir='ltr'><strong>est</strong></span> <span class='ocrx_word' id='word_1_508' title='bbox 3426 1027 3633 1093; x_wconf 87' lang='lat' dir='ltr'><strong>dicere,</strong></span> 
     </span>
    </p>
   </div>
   <div class='ocr_carea' id='block_1_70' title="bbox 2034 1113 3636 1185">
    <p class='ocr_par' dir='ltr' id='par_1_70' title="bbox 2034 1113 3636 1185">
     <span class='ocr_line' id='line_1_70' title="bbox 2034 1113 3636 1185; baseline 0.005 -17"><span class='ocrx_word' id='word_1_509' title='bbox 2034 1113 2118 1169; x_wconf 78' lang='lat' dir='ltr'><strong>Ea:</strong></span> <span class='ocrx_word' id='word_1_510' title='bbox 2147 1126 2293 1185; x_wconf 81' lang='lat' dir='ltr'><strong>parte</strong></span> <span class='ocrx_word' id='word_1_511' title='bbox 2325 1120 2498 1171; x_wconf 87' lang='lat' dir='ltr'><strong>credo.</strong></span> <span class='ocrx_word' id='word_1_512' title='bbox 2546 1116 2601 1171; x_wconf 93' lang='lat' dir='ltr'><strong>ld</strong></span> <span class='ocrx_word' id='word_1_513' title='bbox 2653 1132 2783 1172; x_wconf 84' lang='lat' dir='ltr'><strong>vero</strong></span> <span class='ocrx_word' id='word_1_514' title='bbox 2825 1117 3035 1172; x_wconf 90' lang='lat' dir='ltr'><strong>dicebat</strong></span> <span class='ocrx_word' id='word_1_515' title='bbox 3076 1118 3366 1174; x_wconf 82' lang='lat' dir='ltr'><strong>cohortans</strong></span> <span class='ocrx_word' id='word_1_516' title='bbox 3408 1129 3464 1174; x_wconf 91' lang='lat' dir='ltr'><strong>ut</strong></span> <span class='ocrx_word' id='word_1_517' title='bbox 3512 1137 3636 1176; x_wconf 76' lang='lat' dir='ltr'><strong>sese</strong></span> 
     </span>
    </p>
   </div>
   <div class='ocr_carea' id='block_1_71' title="bbox 2028 1206 3636 1278">
    <p class='ocr_par' dir='ltr' id='par_1_71' title="bbox 2028 1206 3636 1278">
     <span class='ocr_line' id='line_1_71' title="bbox 2028 1206 3636 1278; baseline 0.002 -18"><span class='ocrx_word' id='word_1_518' title='bbox 2028 1206 2381 1261; x_wconf 88' lang='lat' dir='ltr'><strong>emendarent</strong></span> <span class='ocrx_word' id='word_1_519' title='bbox 2405 1221 2469 1261; x_wconf 92' lang='lat' dir='ltr'><strong>ac</strong></span> <span class='ocrx_word' id='word_1_520' title='bbox 2496 1208 2851 1278; x_wconf 88' lang='lat' dir='ltr'><strong>corrigerent,</strong></span> <span class='ocrx_word' id='word_1_521' title='bbox 2875 1210 3156 1276; x_wconf 89' lang='lat' dir='ltr'><strong>ipsumque</strong></span> <span class='ocrx_word' id='word_1_522' title='bbox 3175 1209 3536 1275; x_wconf 80' lang='lat' dir='ltr'><strong>abducerent,</strong></span> <span class='ocrx_word' id='word_1_523' title='bbox 3566 1225 3636 1266; x_wconf 90' lang='lat' dir='ltr'><strong>ne</strong></span> 
     </span>
    </p>
   </div>
   <div class='ocr_carea' id='block_1_72' title="bbox 2029 1297 3638 1371">
    <p class='ocr_par' dir='ltr' id='par_1_72' title="bbox 2029 1297 3638 1371">
     <span class='ocr_line' id='line_1_72' title="bbox 2029 1297 3638 1371; baseline -0.001 -17"><span class='ocrx_word' id='word_1_524' title='bbox 2029 1313 2144 1354; x_wconf 89' lang='lat' dir='ltr'><strong>rem</strong></span> <span class='ocrx_word' id='word_1_525' title='bbox 2174 1297 2484 1368; x_wconf 71' lang='lat' dir='ltr'><strong>huiusmodi</strong></span> <span class='ocrx_word' id='word_1_526' title='bbox 2515 1300 2601 1354; x_wconf 84' lang='lat' dir='ltr'><strong>vel</strong></span> <span class='ocrx_word' id='word_1_527' title='bbox 2643 1314 2706 1354; x_wconf 87' lang='lat' dir='ltr'><strong>ex</strong></span> <span class='ocrx_word' id='word_1_528' title='bbox 2751 1309 2901 1368; x_wconf 90' lang='lat' dir='ltr'><strong>parte</strong></span> <span class='ocrx_word' id='word_1_529' title='bbox 2941 1299 3205 1355; x_wconf 87' lang='lat' dir='ltr'><strong>crederet.</strong></span> <span class='ocrx_word' id='word_1_530' title='bbox 3241 1301 3452 1371; x_wconf 85' lang='lat' dir='ltr'><strong>Oportet</strong></span> <span class='ocrx_word' id='word_1_531' title='bbox 3491 1315 3638 1356; x_wconf 81' lang='lat' dir='ltr'><strong>enim</strong></span> 
     </span>
    </p>
   </div>
   <div class='ocr_carea' id='block_1_73' title="bbox 2031 1387 3623 1460">
    <p class='ocr_par' dir='ltr' id='par_1_73' title="bbox 2031 1387 3623 1460">
     <span class='ocr_line' id='line_1_73' title="bbox 2031 1387 3623 1460; baseline 0.001 -18"><span class='ocrx_word' id='word_1_532' title='bbox 2031 1389 2248 1444; x_wconf 70' lang='lat' dir='ltr'><strong>hereses</strong></span> <span class='ocrx_word' id='word_1_533' title='bbox 2277 1404 2403 1454; x_wconf 83' lang='lat' dir='ltr'><strong>esse,</strong></span> <span class='ocrx_word' id='word_1_534' title='bbox 2431 1397 2486 1442; x_wconf 87' lang='lat' dir='ltr'><strong>ut</strong></span> <span class='ocrx_word' id='word_1_535' title='bbox 2515 1387 2604 1458; x_wconf 79' lang='lat' dir='ltr'><strong>qui</strong></span> <span class='ocrx_word' id='word_1_536' title='bbox 2632 1389 2830 1459; x_wconf 84' lang='lat' dir='ltr'><strong>probati</strong></span> <span class='ocrx_word' id='word_1_537' title='bbox 2851 1399 2998 1455; x_wconf 86' lang='lat' dir='ltr'><strong>sunt,</strong></span> <span class='ocrx_word' id='word_1_538' title='bbox 3023 1390 3278 1459; x_wconf 76' lang='lat' dir='ltr'><strong>manifesti</strong></span> <span class='ocrx_word' id='word_1_539' title='bbox 3304 1391 3435 1460; x_wconf 80' lang='lat' dir='ltr'><strong>ﬂant</strong></span> <span class='ocrx_word' id='word_1_540' title='bbox 3462 1392 3514 1444; x_wconf 87' lang='lat' dir='ltr'><strong>in</strong></span> <span class='ocrx_word' id='word_1_541' title='bbox 3545 1407 3623 1444; x_wconf 72' lang='lat' dir='ltr'><strong>vo-</strong></span> 
     </span>
    </p>
   </div>
   <div class='ocr_carea' id='block_1_74' title="bbox 2031 1478 3638 1552">
    <p class='ocr_par' dir='ltr' id='par_1_74' title="bbox 2031 1478 3638 1552">
     <span class='ocr_line' id='line_1_74' title="bbox 2031 1478 3638 1552; baseline 0.002 -18"><span class='ocrx_word' id='word_1_542' title='bbox 2031 1480 2106 1534; x_wconf 88' lang='lat' dir='ltr'><strong>bis</strong></span> <span class='ocrx_word' id='word_1_543' title='bbox 2134 1479 2212 1552; x_wconf 84' lang='lat' dir='ltr'><strong>(l.</strong></span> <span class='ocrx_word' id='word_1_544' title='bbox 2234 1479 2462 1535; x_wconf 65' lang='lat' dir='ltr'><strong>Con“.</strong></span> <span class='ocrx_word' id='word_1_545' title='bbox 2498 1478 2610 1550; x_wconf 86' lang='grc'><strong>19).</strong></span> <span class='ocrx_word' id='word_1_546' title='bbox 2647 1479 2742 1534; x_wconf 91' lang='lat' dir='ltr'><strong>Dic</strong></span> <span class='ocrx_word' id='word_1_547' title='bbox 2771 1480 2931 1550; x_wconf 87' lang='lat' dir='ltr'><strong>igitur</strong></span> <span class='ocrx_word' id='word_1_548' title='bbox 2955 1486 3199 1550; x_wconf 65' lang='lat' dir='ltr'><strong>quaenam</strong></span> <span class='ocrx_word' id='word_1_549' title='bbox 3231 1481 3510 1538; x_wconf 64' lang='lat' dir='ltr'><strong>haereses?</strong></span> <span class='ocrx_word' id='word_1_550' title='bbox 3543 1483 3638 1537; x_wconf 89' lang='lat' dir='ltr'><strong>llic</strong></span> 
     </span>
    </p>
   </div>
   <div class='ocr_carea' id='block_1_75' title="bbox 2030 1569 3637 1643">
    <p class='ocr_par' dir='ltr' id='par_1_75' title="bbox 2030 1569 3637 1643">
     <span class='ocr_line' id='line_1_75' title="bbox 2030 1569 3637 1643; baseline 0.004 -20"><span class='ocrx_word' id='word_1_551' title='bbox 2030 1570 2267 1625; x_wconf 87' lang='lat' dir='ltr'><strong>animum</strong></span> <span class='ocrx_word' id='word_1_552' title='bbox 2288 1569 2568 1626; x_wconf 87' lang='lat' dir='ltr'><strong>adhibete:</strong></span> <span class='ocrx_word' id='word_1_553' title='bbox 2590 1571 2842 1642; x_wconf 90' lang='lat' dir='ltr'><strong>quoniam</strong></span> <span class='ocrx_word' id='word_1_554' title='bbox 2866 1587 2972 1626; x_wconf 92' lang='lat' dir='ltr'><strong>non</strong></span> <span class='ocrx_word' id='word_1_555' title='bbox 2994 1572 3060 1626; x_wconf 91' lang='lat' dir='ltr'><strong>de</strong></span> <span class='ocrx_word' id='word_1_556' title='bbox 3081 1573 3422 1643; x_wconf 81' lang='lat' dir='ltr'><strong>dogmatibus</strong></span> <span class='ocrx_word' id='word_1_557' title='bbox 3441 1575 3637 1630; x_wconf 89' lang='lat' dir='ltr'><strong>dicitur</strong></span> 
     </span>
    </p>
   </div>
   <div class='ocr_carea' id='block_1_76' title="bbox 2031 1662 3636 1734">
    <p class='ocr_par' dir='ltr' id='par_1_76' title="bbox 2031 1662 3636 1734">
     <span class='ocr_line' id='line_1_76' title="bbox 2031 1662 3636 1734; baseline 0.002 -16"><span class='ocrx_word' id='word_1_558' title='bbox 2031 1663 2180 1728; x_wconf 88' lang='lat' dir='ltr'><strong>illud,</strong></span> <span class='ocrx_word' id='word_1_559' title='bbox 2213 1662 2425 1734; x_wconf 84' lang='lat' dir='ltr'><strong>Oportet</strong></span> <span class='ocrx_word' id='word_1_560' title='bbox 2449 1663 2666 1719; x_wconf 65' lang='lat' dir='ltr'><strong>hereses</strong></span> <span class='ocrx_word' id='word_1_561' title='bbox 2690 1665 2742 1718; x_wconf 88' lang='lat' dir='ltr'><strong>in</strong></span> <span class='ocrx_word' id='word_1_562' title='bbox 2767 1665 2903 1719; x_wconf 72' lang='lat' dir='ltr'><strong>nobis</strong></span> <span class='ocrx_word' id='word_1_563' title='bbox 2920 1681 3026 1720; x_wconf 86' lang='lat' dir='ltr'><strong>esse</strong></span> <span class='ocrx_word' id='word_1_564' title='bbox 3050 1682 3068 1719; x_wconf 90' lang='lat'><strong><em>:</em></strong></span> <span class='ocrx_word' id='word_1_565' title='bbox 3091 1666 3184 1721; x_wconf 87' lang='lat' dir='ltr'><strong>sed</strong></span> <span class='ocrx_word' id='word_1_566' title='bbox 3206 1666 3275 1722; x_wconf 91' lang='lat' dir='ltr'><strong>de</strong></span> <span class='ocrx_word' id='word_1_567' title='bbox 3297 1667 3636 1722; x_wconf 80' lang='lat' dir='ltr'><strong>dissensione</strong></span> 
     </span>
    </p>
   </div>
   <div class='ocr_carea' id='block_1_77' title="bbox 2029 1754 3638 1826">
    <p class='ocr_par' dir='ltr' id='par_1_77' title="bbox 2029 1754 3638 1826">
     <span class='ocr_line' id='line_1_77' title="bbox 2029 1754 3638 1826; baseline 0.004 -18"><span class='ocrx_word' id='word_1_568' title='bbox 2029 1755 2174 1809; x_wconf 91' lang='lat' dir='ltr'><strong>circa</strong></span> <span class='ocrx_word' id='word_1_569' title='bbox 2203 1768 2465 1809; x_wconf 90' lang='lat' dir='ltr'><strong>mensam.</strong></span> <span class='ocrx_word' id='word_1_570' title='bbox 2489 1754 2625 1810; x_wconf 86' lang='lat' dir='ltr'><strong>Cum</strong></span> <span class='ocrx_word' id='word_1_571' title='bbox 2668 1756 2813 1809; x_wconf 88' lang='lat' dir='ltr'><strong>enim</strong></span> <span class='ocrx_word' id='word_1_572' title='bbox 2847 1756 3094 1824; x_wconf 88' lang='lat' dir='ltr'><strong>dixisset,</strong></span> <span class='ocrx_word' id='word_1_573' title='bbox 3130 1755 3343 1826; x_wconf 85' lang='lat' dir='ltr'><strong>Oportet</strong></span> <span class='ocrx_word' id='word_1_574' title='bbox 3381 1760 3552 1813; x_wconf 78' lang='lat' dir='ltr'><strong>autem</strong></span> <span class='ocrx_word' id='word_1_575' title='bbox 3589 1771 3638 1814; x_wconf 86' lang='lat' dir='ltr'><strong>et</strong></span> 
     </span>
    </p>
   </div>
   <div class='ocr_carea' id='block_1_78' title="bbox 2033 1832 3638 1916">
    <p class='ocr_par' dir='ltr' id='par_1_78' title="bbox 2033 1832 3638 1916">
     <span class='ocr_line' id='line_1_78' title="bbox 2033 1832 3638 1916; baseline 0.003 -19"><span class='ocrx_word' id='word_1_576' title='bbox 2033 1845 2246 1900; x_wconf 62' lang='lat' dir='ltr'><strong>Intres“</strong></span> <span class='ocrx_word' id='word_1_577' title='bbox 2265 1861 2393 1911; x_wconf 88' lang='lat' dir='ltr'><strong>esse,</strong></span> <span class='ocrx_word' id='word_1_578' title='bbox 2413 1832 2629 1905; x_wconf 83' lang='lat' dir='ltr'><strong>modum</strong></span> <span class='ocrx_word' id='word_1_579' title='bbox 2653 1845 2934 1902; x_wconf 59' lang='lat' dir='ltr'><strong>htcreseon</strong></span> <span class='ocrx_word' id='word_1_580' title='bbox 2963 1847 3210 1916; x_wconf 89' lang='lat' dir='ltr'><strong>adjunxit</strong></span> <span class='ocrx_word' id='word_1_581' title='bbox 3241 1866 3254 1902; x_wconf 90' lang='lat'><strong>:</strong></span> <span class='ocrx_word' id='word_1_582' title='bbox 3286 1846 3638 1904; x_wconf 80' lang='lat' dir='ltr'><strong>Convenienti-</strong></span> 
     </span>
    </p>
   </div>
   <div class='ocr_carea' id='block_1_79' title="bbox 2030 1931 3639 2000">
    <p class='ocr_par' dir='ltr' id='par_1_79' title="bbox 2030 1931 3639 2000">
     <span class='ocr_line' id='line_1_79' title="bbox 2030 1931 3639 2000; baseline 0.003 -13"><span class='ocrx_word' id='word_1_583' title='bbox 2030 1931 2123 1988; x_wconf 77' lang='lat' dir='ltr'><strong>bus</strong></span> <span class='ocrx_word' id='word_1_584' title='bbox 2142 1936 2274 1988; x_wconf 87' lang='lat' dir='ltr'><strong>enim</strong></span> <span class='ocrx_word' id='word_1_585' title='bbox 2295 1936 2432 1989; x_wconf 78' lang='lat' dir='ltr'><strong>vobis</strong></span> <span class='ocrx_word' id='word_1_586' title='bbox 2459 1937 2512 1988; x_wconf 85' lang='lat' dir='ltr'><strong>in</strong></span> <span class='ocrx_word' id='word_1_587' title='bbox 2535 1951 2714 2000; x_wconf 80' lang='lat' dir='ltr'><strong>unum,</strong></span> <span class='ocrx_word' id='word_1_588' title='bbox 2733 1952 2838 1989; x_wconf 84' lang='lat' dir='ltr'><strong>non</strong></span> <span class='ocrx_word' id='word_1_589' title='bbox 2863 1933 3257 1990; x_wconf 85' lang='lat' dir='ltr'><strong>estdominicam</strong></span> <span class='ocrx_word' id='word_1_590' title='bbox 3274 1953 3469 1991; x_wconf 68' lang='lat' dir='ltr'><strong>canam</strong></span> <span class='ocrx_word' id='word_1_591' title='bbox 3493 1955 3639 1992; x_wconf 88' lang='lat' dir='ltr'><strong>man-</strong></span> 
     </span>
    </p>
   </div>
   <div class='ocr_carea' id='block_1_80' title="bbox 2032 2025 3637 2098">
    <p class='ocr_par' dir='ltr' id='par_1_80' title="bbox 2032 2025 3637 2098">
     <span class='ocr_line' id='line_1_80' title="bbox 2032 2025 3637 2098; baseline 0.002 -20"><span class='ocrx_word' id='word_1_592' title='bbox 2032 2027 2222 2080; x_wconf 86' lang='lat' dir='ltr'><strong>ducare</strong></span> <span class='ocrx_word' id='word_1_593' title='bbox 2251 2025 2357 2098; x_wconf 86' lang='lat' dir='ltr'><strong>(Ib.</strong></span> <span class='ocrx_word' id='word_1_594' title='bbox 2381 2041 2430 2080; x_wconf 76' lang='lat' dir='ltr'><strong>tt.</strong></span> <span class='ocrx_word' id='word_1_595' title='bbox 2453 2025 2572 2097; x_wconf 72' lang='grc'><strong>20).</strong></span> <span class='ocrx_word' id='word_1_596' title='bbox 2597 2025 2736 2094; x_wconf 87' lang='lat' dir='ltr'><strong>Quid</strong></span> <span class='ocrx_word' id='word_1_597' title='bbox 2771 2035 2872 2092; x_wconf 88' lang='lat' dir='ltr'><strong>est,</strong></span> <span class='ocrx_word' id='word_1_598' title='bbox 2913 2025 3231 2081; x_wconf 84' lang='lat' dir='ltr'><strong>Dominicam</strong></span> <span class='ocrx_word' id='word_1_599' title='bbox 3265 2044 3458 2083; x_wconf 77' lang='lat' dir='ltr'><strong>comam</strong></span> <span class='ocrx_word' id='word_1_600' title='bbox 3486 2045 3637 2082; x_wconf 82' lang='lat' dir='ltr'><strong>man-</strong></span> 
     </span>
    </p>
   </div>
   <div class='ocr_carea' id='block_1_81' title="bbox 2031 2117 3634 2188">
    <p class='ocr_par' dir='ltr' id='par_1_81' title="bbox 2031 2117 3634 2188">
     <span class='ocr_line' id='line_1_81' title="bbox 2031 2117 3634 2188; baseline 0.002 -18"><span class='ocrx_word' id='word_1_601' title='bbox 2031 2117 2260 2172; x_wconf 66' lang='lat' dir='ltr'><strong>datare?</strong></span> <span class='ocrx_word' id='word_1_602' title='bbox 2287 2117 2614 2171; x_wconf 88' lang='lat' dir='ltr'><strong>Dominicam</strong></span> <span class='ocrx_word' id='word_1_603' title='bbox 2656 2132 2888 2182; x_wconf 68' lang='lat' dir='ltr'><strong>caenam,</strong></span> <span class='ocrx_word' id='word_1_604' title='bbox 2914 2119 3106 2188; x_wconf 88' lang='lat' dir='ltr'><strong>inquit,</strong></span> <span class='ocrx_word' id='word_1_605' title='bbox 3130 2135 3238 2174; x_wconf 91' lang='lat' dir='ltr'><strong>non</strong></span> <span class='ocrx_word' id='word_1_606' title='bbox 3283 2131 3368 2174; x_wconf 89' lang='lat' dir='ltr'><strong>est</strong></span> <span class='ocrx_word' id='word_1_607' title='bbox 3403 2121 3634 2176; x_wconf 85' lang='lat' dir='ltr'><strong>mandu-</strong></span> 
     </span>
    </p>
   </div>
   <div class='ocr_carea' id='block_1_82' title="bbox 2031 2207 3641 2279">
    <p class='ocr_par' dir='ltr' id='par_1_82' title="bbox 2031 2207 3641 2279">
     <span class='ocr_line' id='line_1_82' title="bbox 2031 2207 3641 2279; baseline 0.002 -16"><span class='ocrx_word' id='word_1_608' title='bbox 2031 2223 2195 2264; x_wconf 89' lang='lat' dir='ltr'><strong>care:</strong></span> <span class='ocrx_word' id='word_1_609' title='bbox 2221 2207 2367 2262; x_wconf 87' lang='lat' dir='ltr'><strong>illam</strong></span> <span class='ocrx_word' id='word_1_610' title='bbox 2398 2223 2597 2263; x_wconf 81' lang='lat' dir='ltr'><strong>vocans</strong></span> <span class='ocrx_word' id='word_1_611' title='bbox 2623 2223 2858 2275; x_wconf 66' lang='lat' dir='ltr'><strong>caenam,</strong></span> <span class='ocrx_word' id='word_1_612' title='bbox 2882 2224 3042 2279; x_wconf 91' lang='lat' dir='ltr'><strong>quam</strong></span> <span class='ocrx_word' id='word_1_613' title='bbox 3073 2209 3259 2264; x_wconf 90' lang='lat' dir='ltr'><strong>ultima</strong></span> <span class='ocrx_word' id='word_1_614' title='bbox 3291 2221 3450 2266; x_wconf 89' lang='lat' dir='ltr'><strong>nocte</strong></span> <span class='ocrx_word' id='word_1_615' title='bbox 3477 2213 3641 2268; x_wconf 85' lang='lat' dir='ltr'><strong>tradi-</strong></span> 
     </span>
    </p>
   </div>
   <div class='ocr_carea' id='block_1_83' title="bbox 2032 2295 3640 2369">
    <p class='ocr_par' dir='ltr' id='par_1_83' title="bbox 2032 2295 3640 2369">
     <span class='ocr_line' id='line_1_83' title="bbox 2032 2295 3640 2369; baseline 0.005 -19"><span class='ocrx_word' id='word_1_616' title='bbox 2032 2295 2112 2352; x_wconf 91' lang='lat' dir='ltr'><strong>dit</strong></span> <span class='ocrx_word' id='word_1_617' title='bbox 2131 2296 2397 2364; x_wconf 89' lang='lat' dir='ltr'><strong>Christus,</strong></span> <span class='ocrx_word' id='word_1_618' title='bbox 2426 2297 2642 2368; x_wconf 89' lang='lat' dir='ltr'><strong>quando</strong></span> <span class='ocrx_word' id='word_1_619' title='bbox 2665 2298 2913 2369; x_wconf 88' lang='lat' dir='ltr'><strong>discipuli</strong></span> <span class='ocrx_word' id='word_1_620' title='bbox 2955 2315 3078 2354; x_wconf 91' lang='lat' dir='ltr'><strong>cum</strong></span> <span class='ocrx_word' id='word_1_621' title='bbox 3124 2300 3216 2354; x_wconf 93' lang='lat' dir='ltr'><strong>illo</strong></span> <span class='ocrx_word' id='word_1_622' title='bbox 3251 2316 3442 2357; x_wconf 91' lang='lat' dir='ltr'><strong>omnes</strong></span> <span class='ocrx_word' id='word_1_623' title='bbox 3461 2313 3640 2358; x_wconf 89' lang='lat' dir='ltr'><strong>erant.</strong></span> 
     </span>
    </p>
   </div>
   <div class='ocr_carea' id='block_1_84' title="bbox 2036 2389 3637 2463">
    <p class='ocr_par' dir='ltr' id='par_1_84' title="bbox 2036 2389 3637 2463">
     <span class='ocr_line' id='line_1_84' title="bbox 2036 2389 3637 2463; baseline 0.005 -19"><span class='ocrx_word' id='word_1_624' title='bbox 2036 2389 2090 2445; x_wconf 90' lang='lat' dir='ltr'><strong>In</strong></span> <span class='ocrx_word' id='word_1_625' title='bbox 2119 2391 2207 2446; x_wconf 91' lang='lat' dir='ltr'><strong>illa</strong></span> <span class='ocrx_word' id='word_1_626' title='bbox 2237 2391 2437 2463; x_wconf 90' lang='lat' dir='ltr'><strong>quippe</strong></span> <span class='ocrx_word' id='word_1_627' title='bbox 2463 2407 2618 2448; x_wconf 63' lang='lat' dir='ltr'><strong>cana</strong></span> <span class='ocrx_word' id='word_1_628' title='bbox 2646 2401 2700 2447; x_wconf 92' lang='lat' dir='ltr'><strong>et</strong></span> <span class='ocrx_word' id='word_1_629' title='bbox 2723 2393 2979 2448; x_wconf 88' lang='lat' dir='ltr'><strong>Dominus</strong></span> <span class='ocrx_word' id='word_1_630' title='bbox 3009 2403 3063 2448; x_wconf 90' lang='lat' dir='ltr'><strong>et</strong></span> <span class='ocrx_word' id='word_1_631' title='bbox 3089 2395 3230 2449; x_wconf 89' lang='lat' dir='ltr'><strong>servi</strong></span> <span class='ocrx_word' id='word_1_632' title='bbox 3258 2409 3446 2450; x_wconf 91' lang='lat' dir='ltr'><strong>omnes</strong></span> <span class='ocrx_word' id='word_1_633' title='bbox 3475 2397 3637 2452; x_wconf 90' lang='lat' dir='ltr'><strong>simul</strong></span> 
     </span>
    </p>
   </div>
   <div class='ocr_carea' id='block_1_85' title="bbox 2036 2481 3639 2552">
    <p class='ocr_par' dir='ltr' id='par_1_85' title="bbox 2036 2481 3639 2552">
     <span class='ocr_line' id='line_1_85' title="bbox 2036 2481 3639 2552; baseline 0.005 -18"><span class='ocrx_word' id='word_1_634' title='bbox 2036 2481 2460 2536; x_wconf 89' lang='lat' dir='ltr'><strong>recumbebant:</strong></span> <span class='ocrx_word' id='word_1_635' title='bbox 2488 2498 2585 2537; x_wconf 88' lang='lat' dir='ltr'><strong>vos</strong></span> <span class='ocrx_word' id='word_1_636' title='bbox 2621 2497 2770 2545; x_wconf 88' lang='lat' dir='ltr'><strong>vero.</strong></span> <span class='ocrx_word' id='word_1_637' title='bbox 2805 2483 2897 2552; x_wconf 90' lang='lat' dir='ltr'><strong>qui</strong></span> <span class='ocrx_word' id='word_1_638' title='bbox 2920 2485 3168 2538; x_wconf 89' lang='lat' dir='ltr'><strong>conservi</strong></span> <span class='ocrx_word' id='word_1_639' title='bbox 3190 2486 3342 2550; x_wconf 88' lang='lat' dir='ltr'><strong>estis,</strong></span> <span class='ocrx_word' id='word_1_640' title='bbox 3372 2485 3513 2540; x_wconf 89' lang='lat' dir='ltr'><strong>inter</strong></span> <span class='ocrx_word' id='word_1_641' title='bbox 3542 2504 3639 2542; x_wconf 86' lang='lat' dir='ltr'><strong>vos</strong></span> 
     </span>
    </p>
   </div>
   <div class='ocr_carea' id='block_1_86' title="bbox 2038 2571 3640 2646">
    <p class='ocr_par' dir='ltr' id='par_1_86' title="bbox 2038 2571 3640 2646">
     <span class='ocr_line' id='line_1_86' title="bbox 2038 2571 3640 2646; baseline 0.005 -21"><span class='ocrx_word' id='word_1_642' title='bbox 2038 2579 2215 2626; x_wconf 91' lang='lat' dir='ltr'><strong>tamen</strong></span> <span class='ocrx_word' id='word_1_643' title='bbox 2258 2571 2535 2629; x_wconf 89' lang='lat' dir='ltr'><strong>dissidetis</strong></span> <span class='ocrx_word' id='word_1_644' title='bbox 2587 2589 2653 2628; x_wconf 89' lang='lat' dir='ltr'><strong>ac</strong></span> <span class='ocrx_word' id='word_1_645' title='bbox 2704 2574 3024 2630; x_wconf 89' lang='lat' dir='ltr'><strong>dividimini.</strong></span> <span class='ocrx_word' id='word_1_646' title='bbox 3055 2575 3148 2629; x_wconf 91' lang='lat' dir='ltr'><strong>Ille</strong></span> <span class='ocrx_word' id='word_1_647' title='bbox 3185 2590 3284 2630; x_wconf 91' lang='lat' dir='ltr'><strong>nec</strong></span> <span class='ocrx_word' id='word_1_648' title='bbox 3313 2577 3640 2646; x_wconf 88' lang='lat' dir='ltr'><strong>proditorem</strong></span> 
     </span>
    </p>
   </div>
   <div class='ocr_carea' id='block_1_87' title="bbox 2035 2664 3642 2734">
    <p class='ocr_par' dir='ltr' id='par_1_87' title="bbox 2035 2664 3642 2734">
     <span class='ocr_line' id='line_1_87' title="bbox 2035 2664 3642 2734; baseline 0.003 -15"><span class='ocrx_word' id='word_1_649' title='bbox 2035 2664 2240 2734; x_wconf 80' lang='lat' dir='ltr'><strong>expulit</strong></span> <span class='ocrx_word' id='word_1_650' title='bbox 2269 2682 2282 2694; x_wconf 88' lang='grc'><strong>·</strong></span> <span class='ocrx_word' id='word_1_651' title='bbox 2308 2680 2430 2720; x_wconf 89' lang='lat' dir='ltr'><strong>nam</strong></span> <span class='ocrx_word' id='word_1_652' title='bbox 2461 2674 2514 2720; x_wconf 90' lang='lat' dir='ltr'><strong>et</strong></span> <span class='ocrx_word' id='word_1_653' title='bbox 2539 2666 2706 2721; x_wconf 83' lang='lat' dir='ltr'><strong>Judas</strong></span> <span class='ocrx_word' id='word_1_654' title='bbox 2751 2680 2874 2721; x_wconf 92' lang='lat' dir='ltr'><strong>cum</strong></span> <span class='ocrx_word' id='word_1_655' title='bbox 2926 2666 3031 2721; x_wconf 90' lang='lat' dir='ltr'><strong>illis</strong></span> <span class='ocrx_word' id='word_1_656' title='bbox 3078 2678 3206 2722; x_wconf 92' lang='lat' dir='ltr'><strong>tunc</strong></span> <span class='ocrx_word' id='word_1_657' title='bbox 3243 2676 3361 2722; x_wconf 90' lang='lat' dir='ltr'><strong>erat</strong></span> <span class='ocrx_word' id='word_1_658' title='bbox 3389 2683 3403 2720; x_wconf 89' lang='lat'><strong>:</strong></span> <span class='ocrx_word' id='word_1_659' title='bbox 3429 2681 3484 2722; x_wconf 93' lang='lat' dir='ltr'><strong>tu</strong></span> <span class='ocrx_word' id='word_1_660' title='bbox 3511 2685 3642 2725; x_wconf 84' lang='lat' dir='ltr'><strong>vero</strong></span> 
     </span>
    </p>
   </div>
   <div class='ocr_carea' id='block_1_88' title="bbox 2037 2755 3644 2825">
    <p class='ocr_par' dir='ltr' id='par_1_88' title="bbox 2037 2755 3644 2825">
     <span class='ocr_line' id='line_1_88' title="bbox 2037 2755 3644 2825; baseline 0.003 -17"><span class='ocrx_word' id='word_1_661' title='bbox 2037 2755 2255 2809; x_wconf 89' lang='lat' dir='ltr'><strong>fratrem</strong></span> <span class='ocrx_word' id='word_1_662' title='bbox 2277 2757 2522 2825; x_wconf 90' lang='lat' dir='ltr'><strong>depellis.</strong></span> <span class='ocrx_word' id='word_1_663' title='bbox 2553 2757 2678 2811; x_wconf 90' lang='lat' dir='ltr'><strong>Ideo</strong></span> <span class='ocrx_word' id='word_1_664' title='bbox 2694 2757 2856 2812; x_wconf 87' lang='lat' dir='ltr'><strong>dicit:</strong></span> <span class='ocrx_word' id='word_1_665' title='bbox 2879 2755 3001 2811; x_wconf 85' lang='lat' dir='ltr'><strong>Non</strong></span> <span class='ocrx_word' id='word_1_666' title='bbox 3019 2769 3092 2811; x_wconf 84' lang='lat' dir='ltr'><strong>est</strong></span> <span class='ocrx_word' id='word_1_667' title='bbox 3113 2759 3422 2812; x_wconf 68' lang='lat' dir='ltr'><strong>dominicam</strong></span> <span class='ocrx_word' id='word_1_668' title='bbox 3446 2775 3644 2814; x_wconf 70' lang='lat' dir='ltr'><strong>mnam</strong></span> 
     </span>
    </p>
   </div>
   <div class='ocr_carea' id='block_1_89' title="bbox 2037 2847 3648 2919">
    <p class='ocr_par' dir='ltr' id='par_1_89' title="bbox 2037 2847 3648 2919">
     <span class='ocr_line' id='line_1_89' title="bbox 2037 2847 3648 2919; baseline 0.006 -21"><span class='ocrx_word' id='word_1_669' title='bbox 2037 2847 2366 2909; x_wconf 83' lang='lat' dir='ltr'><strong>manducare,</strong></span> <span class='ocrx_word' id='word_1_670' title='bbox 2399 2848 2707 2901; x_wconf 84' lang='lat' dir='ltr'><strong>dominicam</strong></span> <span class='ocrx_word' id='word_1_671' title='bbox 2740 2865 2936 2902; x_wconf 76' lang='lat' dir='ltr'><strong>cmnam</strong></span> <span class='ocrx_word' id='word_1_672' title='bbox 2969 2863 3165 2904; x_wconf 87' lang='lat' dir='ltr'><strong>vocans</strong></span> <span class='ocrx_word' id='word_1_673' title='bbox 3203 2864 3346 2916; x_wconf 89' lang='lat' dir='ltr'><strong>eam,</strong></span> <span class='ocrx_word' id='word_1_674' title='bbox 3369 2865 3488 2919; x_wconf 76' lang='lat' dir='ltr'><strong>qua:</strong></span> <span class='ocrx_word' id='word_1_675' title='bbox 3515 2865 3648 2906; x_wconf 88' lang='lat' dir='ltr'><strong>con-</strong></span> 
     </span>
    </p>
   </div>
   <div class='ocr_carea' id='block_1_90' title="bbox 2049 2934 3644 3016">
    <p class='ocr_par' dir='ltr' id='par_1_90' title="bbox 2049 2934 3644 3016">
     <span class='ocr_line' id='line_1_90' title="bbox 2049 2934 3644 3016; baseline 0.005 -27"><span class='ocrx_word' id='word_1_676' title='bbox 2049 2934 2376 2993; x_wconf 89' lang='lat' dir='ltr'><strong>cordissime</strong></span> <span class='ocrx_word' id='word_1_677' title='bbox 2393 2940 2650 2996; x_wconf 91' lang='lat' dir='ltr'><strong>omnibus</strong></span> <span class='ocrx_word' id='word_1_678' title='bbox 2670 2941 2990 2998; x_wconf 55' lang='lat' dir='ltr'><strong>convot&#39;atis</strong></span> <span class='ocrx_word' id='word_1_679' title='bbox 3004 2942 3644 3016; x_wconf 77' lang='lat' dir='ltr'><strong>sutnitur.Unusquisque</strong></span> 
     </span>
    </p>
   </div>
   <div class='ocr_carea' id='block_1_91' title="bbox 2051 3028 3648 3098">
    <p class='ocr_par' dir='ltr' id='par_1_91' title="bbox 2051 3028 3648 3098">
     <span class='ocr_line' id='line_1_91' title="bbox 2051 3028 3648 3098; baseline 0.006 -18"><span class='ocrx_word' id='word_1_680' title='bbox 2051 3028 2191 3081; x_wconf 87' lang='lat' dir='ltr'><strong>enim</strong></span> <span class='ocrx_word' id='word_1_681' title='bbox 2223 3046 2374 3082; x_wconf 86' lang='lat' dir='ltr'><strong>suam</strong></span> <span class='ocrx_word' id='word_1_682' title='bbox 2403 3047 2602 3086; x_wconf 69' lang='lat' dir='ltr'><strong>caenam</strong></span> <span class='ocrx_word' id='word_1_683' title='bbox 2629 3035 2794 3087; x_wconf 80' lang='lat' dir='ltr'><strong>sumit</strong></span> <span class='ocrx_word' id='word_1_684' title='bbox 2821 3034 2890 3087; x_wconf 87' lang='lat' dir='ltr'><strong>ad</strong></span> <span class='ocrx_word' id='word_1_685' title='bbox 2922 3035 3353 3088; x_wconf 77' lang='lat' dir='ltr'><strong>manducandum</strong></span> <span class='ocrx_word' id='word_1_686' title='bbox 3373 3076 3388 3098; x_wconf 88' lang='lat'><strong>,</strong></span> <span class='ocrx_word' id='word_1_687' title='bbox 3418 3047 3468 3091; x_wconf 87' lang='lat' dir='ltr'><strong>et</strong></span> <span class='ocrx_word' id='word_1_688' title='bbox 3503 3038 3648 3090; x_wconf 85' lang='lat' dir='ltr'><strong>alius</strong></span> 
     </span>
    </p>
   </div>
   <div class='ocr_carea' id='block_1_92' title="bbox 2048 3118 3646 3196">
    <p class='ocr_par' dir='ltr' id='par_1_92' title="bbox 2048 3118 3646 3196">
     <span class='ocr_line' id='line_1_92' title="bbox 2048 3118 3646 3196; baseline 0.008 -28"><span class='ocrx_word' id='word_1_689' title='bbox 2048 3118 2255 3184; x_wconf 82' lang='lat' dir='ltr'><strong>quidem</strong></span> <span class='ocrx_word' id='word_1_690' title='bbox 2287 3123 2475 3184; x_wconf 83' lang='lat' dir='ltr'><strong>esurit,</strong></span> <span class='ocrx_word' id='word_1_691' title='bbox 2509 3123 2648 3176; x_wconf 77' lang='lat' dir='ltr'><strong>alius</strong></span> <span class='ocrx_word' id='word_1_692' title='bbox 2682 3132 2859 3177; x_wconf 82' lang='lat' dir='ltr'><strong>autem</strong></span> <span class='ocrx_word' id='word_1_693' title='bbox 2885 3124 3062 3178; x_wconf 81' lang='lat' dir='ltr'><strong>ebrius</strong></span> <span class='ocrx_word' id='word_1_694' title='bbox 3092 3136 3170 3180; x_wconf 87' lang='lat' dir='ltr'><strong>est</strong></span> <span class='ocrx_word' id='word_1_695' title='bbox 3208 3125 3502 3196; x_wconf 70' lang='lat' dir='ltr'><strong>(Ib.v.2l).</strong></span> <span class='ocrx_word' id='word_1_696' title='bbox 3531 3127 3646 3181; x_wconf 86' lang='lat' dir='ltr'><strong>Non</strong></span> 
     </span>
    </p>
   </div>
   <div class='ocr_carea' id='block_1_93' title="bbox 2050 3206 3652 3279">
    <p class='ocr_par' dir='ltr' id='par_1_93' title="bbox 2050 3206 3652 3279">
     <span class='ocr_line' id='line_1_93' title="bbox 2050 3206 3652 3279; baseline 0.006 -19"><span class='ocrx_word' id='word_1_697' title='bbox 2050 3206 2369 3270; x_wconf 76' lang='lat' dir='ltr'><strong>dixit,Alins</strong></span> <span class='ocrx_word' id='word_1_698' title='bbox 2385 3213 3001 3279; x_wconf 87' lang='lat' dir='ltr'><strong>esurit,alinscomedit;</strong></span> <span class='ocrx_word' id='word_1_699' title='bbox 3019 3216 3111 3269; x_wconf 88' lang='lat' dir='ltr'><strong>sed</strong></span> <span class='ocrx_word' id='word_1_700' title='bbox 3127 3216 3414 3272; x_wconf 85' lang='lat' dir='ltr'><strong>ebrietatis</strong></span> <span class='ocrx_word' id='word_1_701' title='bbox 3430 3219 3652 3270; x_wconf 85' lang='lat' dir='ltr'><strong>nomine</strong></span> 
     </span>
    </p>
   </div>
   <div class='ocr_carea' id='block_1_94' title="bbox 2041 3301 3652 3373">
    <p class='ocr_par' dir='ltr' id='par_1_94' title="bbox 2041 3301 3652 3373">
     <span class='ocr_line' id='line_1_94' title="bbox 2041 3301 3652 3373; baseline 0.002 -19"><span class='ocrx_word' id='word_1_702' title='bbox 2041 3301 2212 3371; x_wconf 87' lang='lat' dir='ltr'><strong>magis</strong></span> <span class='ocrx_word' id='word_1_703' title='bbox 2238 3301 2358 3356; x_wconf 88' lang='lat' dir='ltr'><strong>illos</strong></span> <span class='ocrx_word' id='word_1_704' title='bbox 2389 3304 2578 3373; x_wconf 87' lang='lat' dir='ltr'><strong>tangit.</strong></span> <span class='ocrx_word' id='word_1_705' title='bbox 2603 3303 2670 3358; x_wconf 87' lang='lat' dir='ltr'><strong>Et</strong></span> <span class='ocrx_word' id='word_1_706' title='bbox 2703 3302 2791 3358; x_wconf 91' lang='lat' dir='ltr'><strong>hic</strong></span> <span class='ocrx_word' id='word_1_707' title='bbox 2825 3312 2880 3359; x_wconf 93' lang='lat' dir='ltr'><strong>et</strong></span> <span class='ocrx_word' id='word_1_708' title='bbox 2927 3303 3058 3370; x_wconf 90' lang='lat' dir='ltr'><strong>illic,</strong></span> <span class='ocrx_word' id='word_1_709' title='bbox 3092 3305 3188 3369; x_wconf 88' lang='lat' dir='ltr'><strong>ait,</strong></span> <span class='ocrx_word' id='word_1_710' title='bbox 3220 3305 3398 3358; x_wconf 87' lang='lat' dir='ltr'><strong>nullus</strong></span> <span class='ocrx_word' id='word_1_711' title='bbox 3426 3314 3509 3358; x_wconf 86' lang='lat' dir='ltr'><strong>est</strong></span> <span class='ocrx_word' id='word_1_712' title='bbox 3536 3321 3652 3358; x_wconf 81' lang='lat' dir='ltr'><strong>uto-</strong></span> 
     </span>
    </p>
   </div>
   <div class='ocr_carea' id='block_1_95' title="bbox 2041 3391 3642 3464">
    <p class='ocr_par' dir='ltr' id='par_1_95' title="bbox 2041 3391 3642 3464">
     <span class='ocr_line' id='line_1_95' title="bbox 2041 3391 3642 3464; baseline 0.001 -17"><span class='ocrx_word' id='word_1_713' title='bbox 2041 3393 2163 3448; x_wconf 89' lang='lat' dir='ltr'><strong>dus.</strong></span> <span class='ocrx_word' id='word_1_714' title='bbox 2194 3391 2272 3447; x_wconf 87' lang='lat' dir='ltr'><strong>Tu</strong></span> <span class='ocrx_word' id='word_1_715' title='bbox 2322 3402 2374 3448; x_wconf 92' lang='lat' dir='ltr'><strong>te</strong></span> <span class='ocrx_word' id='word_1_716' title='bbox 2421 3394 2640 3463; x_wconf 87' lang='lat' dir='ltr'><strong>crapula</strong></span> <span class='ocrx_word' id='word_1_717' title='bbox 2691 3394 3006 3464; x_wconf 74' lang='lat' dir='ltr'><strong>disrumpis,</strong></span> <span class='ocrx_word' id='word_1_718' title='bbox 3036 3394 3166 3451; x_wconf 89' lang='lat' dir='ltr'><strong>dum</strong></span> <span class='ocrx_word' id='word_1_719' title='bbox 3218 3395 3308 3452; x_wconf 93' lang='lat' dir='ltr'><strong>ille</strong></span> <span class='ocrx_word' id='word_1_720' title='bbox 3336 3392 3477 3450; x_wconf 82' lang='lat' dir='ltr'><strong>fame</strong></span> <span class='ocrx_word' id='word_1_721' title='bbox 3506 3411 3642 3450; x_wconf 87' lang='lat' dir='ltr'><strong>con-</strong></span> 
     </span>
    </p>
   </div>
   <div class='ocr_carea' id='block_1_96' title="bbox 2042 3482 3651 3555">
    <p class='ocr_par' dir='ltr' id='par_1_96' title="bbox 2042 3482 3651 3555">
     <span class='ocr_line' id='line_1_96' title="bbox 2042 3482 3651 3555; baseline 0.006 -19"><span class='ocrx_word' id='word_1_722' title='bbox 2042 3482 2304 3548; x_wconf 89' lang='lat' dir='ltr'><strong>tabescit;</strong></span> <span class='ocrx_word' id='word_1_723' title='bbox 2331 3491 2385 3537; x_wconf 91' lang='lat' dir='ltr'><strong>tu</strong></span> <span class='ocrx_word' id='word_1_724' title='bbox 2413 3483 2584 3552; x_wconf 88' lang='lat' dir='ltr'><strong>plura,</strong></span> <span class='ocrx_word' id='word_1_725' title='bbox 2615 3499 2777 3555; x_wconf 88' lang='lat' dir='ltr'><strong>quam</strong></span> <span class='ocrx_word' id='word_1_726' title='bbox 2804 3499 2939 3554; x_wconf 92' lang='lat' dir='ltr'><strong>opus</strong></span> <span class='ocrx_word' id='word_1_727' title='bbox 2964 3487 3056 3550; x_wconf 89' lang='lat' dir='ltr'><strong>sit,</strong></span> <span class='ocrx_word' id='word_1_728' title='bbox 3085 3489 3270 3550; x_wconf 86' lang='lat' dir='ltr'><strong>sumis,</strong></span> <span class='ocrx_word' id='word_1_729' title='bbox 3306 3486 3395 3544; x_wconf 89' lang='lat' dir='ltr'><strong>ille</strong></span> <span class='ocrx_word' id='word_1_730' title='bbox 3424 3501 3554 3544; x_wconf 80' lang='lat' dir='ltr'><strong>vero</strong></span> <span class='ocrx_word' id='word_1_731' title='bbox 3581 3503 3651 3546; x_wconf 86' lang='lat' dir='ltr'><strong>nc</strong></span> 
     </span>
    </p>
   </div>
   <div class='ocr_carea' id='block_1_97' title="bbox 2040 3573 3649 3650">
    <p class='ocr_par' dir='ltr' id='par_1_97' title="bbox 2040 3573 3649 3650">
     <span class='ocr_line' id='line_1_97' title="bbox 2040 3573 3649 3650; baseline 0.005 -23"><span class='ocrx_word' id='word_1_732' title='bbox 2040 3573 2256 3643; x_wconf 87' lang='lat' dir='ltr'><strong>quidem</strong></span> <span class='ocrx_word' id='word_1_733' title='bbox 2308 3575 2627 3630; x_wconf 87' lang='lat' dir='ltr'><strong>necessariis</strong></span> <span class='ocrx_word' id='word_1_734' title='bbox 2681 3574 2896 3630; x_wconf 80' lang='lat' dir='ltr'><strong>fruitur.</strong></span> <span class='ocrx_word' id='word_1_735' title='bbox 2954 3576 3158 3647; x_wconf 88' lang='lat' dir='ltr'><strong>Duplex</strong></span> <span class='ocrx_word' id='word_1_736' title='bbox 3214 3577 3317 3632; x_wconf 83' lang='lat' dir='ltr'><strong>huc</strong></span> <span class='ocrx_word' id='word_1_737' title='bbox 3383 3592 3649 3650; x_wconf 64' lang='lat' dir='ltr'><strong>corruptae</strong></span> 
     </span>
    </p>
   </div>
   <div class='ocr_carea' id='block_1_98' title="bbox 2043 3667 3652 3740">
    <p class='ocr_par' dir='ltr' id='par_1_98' title="bbox 2043 3667 3652 3740">
     <span class='ocr_line' id='line_1_98' title="bbox 2043 3667 3652 3740; baseline 0.004 -18"><span class='ocrx_word' id='word_1_738' title='bbox 2043 3667 2363 3736; x_wconf 70' lang='lat' dir='ltr'><strong>mqualitatis</strong></span> <span class='ocrx_word' id='word_1_739' title='bbox 2402 3667 2603 3722; x_wconf 91' lang='lat' dir='ltr'><strong>malum</strong></span> <span class='ocrx_word' id='word_1_740' title='bbox 2645 3667 2884 3723; x_wconf 71' lang='lat' dir='ltr'><strong>hmreses</strong></span> <span class='ocrx_word' id='word_1_741' title='bbox 2915 3678 3104 3736; x_wconf 85' lang='lat' dir='ltr'><strong>vocat,</strong></span> <span class='ocrx_word' id='word_1_742' title='bbox 3144 3671 3267 3740; x_wconf 86' lang='lat' dir='ltr'><strong>quia</strong></span> <span class='ocrx_word' id='word_1_743' title='bbox 3313 3673 3652 3729; x_wconf 88' lang='lat' dir='ltr'><strong>contentiose</strong></span> 
     </span>
    </p>
   </div>
   <div class='ocr_carea' id='block_1_99' title="bbox 2045 3759 3646 3832">
    <p class='ocr_par' dir='ltr' id='par_1_99' title="bbox 2045 3759 3646 3832">
     <span class='ocr_line' id='line_1_99' title="bbox 2045 3759 3646 3832; baseline 0.003 -17"><span class='ocrx_word' id='word_1_744' title='bbox 2045 3761 2272 3817; x_wconf 85' lang='lat' dir='ltr'><strong>invicem</strong></span> <span class='ocrx_word' id='word_1_745' title='bbox 2315 3759 2546 3832; x_wconf 88' lang='lat' dir='ltr'><strong>agebant</strong></span> <span class='ocrx_word' id='word_1_746' title='bbox 2599 3769 2655 3816; x_wconf 92' lang='lat' dir='ltr'><strong>ct</strong></span> <span class='ocrx_word' id='word_1_747' title='bbox 2694 3760 3070 3827; x_wconf 88' lang='lat' dir='ltr'><strong>dissidebant,</strong></span> <span class='ocrx_word' id='word_1_748' title='bbox 3107 3770 3162 3817; x_wconf 91' lang='lat' dir='ltr'><strong>et</strong></span> <span class='ocrx_word' id='word_1_749' title='bbox 3204 3761 3312 3818; x_wconf 90' lang='lat' dir='ltr'><strong>alio</strong></span> <span class='ocrx_word' id='word_1_750' title='bbox 3353 3765 3646 3831; x_wconf 84' lang='lat' dir='ltr'><strong>esuriente,</strong></span> 
     </span>
    </p>
   </div>
   <div class='ocr_carea' id='block_1_100' title="bbox 2045 3850 3646 3916">
    <p class='ocr_par' dir='ltr' id='par_1_100' title="bbox 2045 3850 3646 3916">
     <span class='ocr_line' id='line_1_100' title="bbox 2045 3850 3646 3916; baseline 0.004 -12"><span class='ocrx_word' id='word_1_751' title='bbox 2045 3852 2179 3906; x_wconf 89' lang='lat' dir='ltr'><strong>alius</strong></span> <span class='ocrx_word' id='word_1_752' title='bbox 2207 3851 2593 3906; x_wconf 86' lang='lat' dir='ltr'><strong>inebriabatur.</strong></span> <span class='ocrx_word' id='word_1_753' title='bbox 2637 3853 2714 3907; x_wconf 79' lang='lat' dir='ltr'><strong>Ac</strong></span> <span class='ocrx_word' id='word_1_754' title='bbox 2746 3850 2884 3906; x_wconf 89' lang='lat' dir='ltr'><strong>bene</strong></span> <span class='ocrx_word' id='word_1_755' title='bbox 2913 3851 3070 3916; x_wconf 83' lang='lat' dir='ltr'><strong>dixit,</strong></span> <span class='ocrx_word' id='word_1_756' title='bbox 3101 3850 3525 3910; x_wconf 84' lang='lat' dir='ltr'><strong>Convenientibus</strong></span> <span class='ocrx_word' id='word_1_757' title='bbox 3553 3871 3646 3910; x_wconf 80' lang='lat' dir='ltr'><strong>vo-</strong></span> 
     </span>
    </p>
   </div>
   <div class='ocr_carea' id='block_1_101' title="bbox 2047 3941 3654 4014">
    <p class='ocr_par' dir='ltr' id='par_1_101' title="bbox 2047 3941 3654 4014">
     <span class='ocr_line' id='line_1_101' title="bbox 2047 3941 3654 4014; baseline 0.006 -20"><span class='ocrx_word' id='word_1_758' title='bbox 2047 3942 2121 3995; x_wconf 87' lang='lat' dir='ltr'><strong>bis</strong></span> <span class='ocrx_word' id='word_1_759' title='bbox 2150 3943 2201 3995; x_wconf 88' lang='lat' dir='ltr'><strong>in</strong></span> <span class='ocrx_word' id='word_1_760' title='bbox 2229 3958 2410 3997; x_wconf 83' lang='lat' dir='ltr'><strong>unum.</strong></span> <span class='ocrx_word' id='word_1_761' title='bbox 2433 3941 2541 3996; x_wconf 86' lang='lat' dir='ltr'><strong>Cur</strong></span> <span class='ocrx_word' id='word_1_762' title='bbox 2563 3943 2905 3997; x_wconf 88' lang='lat' dir='ltr'><strong>convenitis?</strong></span> <span class='ocrx_word' id='word_1_763' title='bbox 2929 3943 3131 4014; x_wconf 88' lang='lat' dir='ltr'><strong>inquit;</strong></span> <span class='ocrx_word' id='word_1_764' title='bbox 3161 3945 3289 4014; x_wconf 90' lang='lat' dir='ltr'><strong>quid</strong></span> <span class='ocrx_word' id='word_1_765' title='bbox 3313 3945 3415 4001; x_wconf 89' lang='lat' dir='ltr'><strong>sibi</strong></span> <span class='ocrx_word' id='word_1_766' title='bbox 3435 3947 3544 4002; x_wconf 87' lang='lat' dir='ltr'><strong>vult</strong></span> <span class='ocrx_word' id='word_1_767' title='bbox 3561 3947 3654 4004; x_wconf 90' lang='lat' dir='ltr'><strong>ille</strong></span> 
     </span>
    </p>
   </div>
   <div class='ocr_carea' id='block_1_102' title="bbox 2047 4034 3654 4110">
    <p class='ocr_par' dir='ltr' id='par_1_102' title="bbox 2047 4034 3654 4110">
     <span class='ocr_line' id='line_1_102' title="bbox 2047 4034 3654 4110; baseline 0.004 -21"><span class='ocrx_word' id='word_1_768' title='bbox 2047 4035 2382 4090; x_wconf 70' lang='lat' dir='ltr'><strong>conuentus?</strong></span> <span class='ocrx_word' id='word_1_769' title='bbox 2429 4034 2495 4089; x_wconf 89' lang='lat' dir='ltr'><strong>ad</strong></span> <span class='ocrx_word' id='word_1_770' title='bbox 2543 4035 2670 4105; x_wconf 91' lang='lat' dir='ltr'><strong>quid</strong></span> <span class='ocrx_word' id='word_1_771' title='bbox 2727 4036 2819 4090; x_wconf 87' lang='lat' dir='ltr'><strong>ille</strong></span> <span class='ocrx_word' id='word_1_772' title='bbox 2869 4038 3175 4091; x_wconf 90' lang='lat' dir='ltr'><strong>communis</strong></span> <span class='ocrx_word' id='word_1_773' title='bbox 3215 4041 3654 4110; x_wconf 69' lang='lat' dir='ltr'><strong>cmtus,.~quando</strong></span> 
     </span>
    </p>
   </div>
   <div class='ocr_carea' id='block_1_103' title="bbox 2049 4117 3653 4192">
    <p class='ocr_par' dir='ltr' id='par_1_103' title="bbox 2049 4117 3653 4192">
     <span class='ocr_line' id='line_1_103' title="bbox 2049 4117 3653 4192; baseline 0.008 -14"><span class='ocrx_word' id='word_1_774' title='bbox 2049 4139 2234 4179; x_wconf 88' lang='lat' dir='ltr'><strong>mensa</strong></span> <span class='ocrx_word' id='word_1_775' title='bbox 2263 4141 2368 4179; x_wconf 90' lang='lat' dir='ltr'><strong>non</strong></span> <span class='ocrx_word' id='word_1_776' title='bbox 2404 4117 2486 4179; x_wconf 45' lang='lat' dir='ltr'><strong>esi</strong></span> <span class='ocrx_word' id='word_1_777' title='bbox 2509 4128 2848 4181; x_wconf 81' lang='lat' dir='ltr'><strong>communis?</strong></span> <span class='ocrx_word' id='word_1_778' title='bbox 2877 4127 3169 4182; x_wconf 71' lang='lat' dir='ltr'><strong>Dominirze</strong></span> <span class='ocrx_word' id='word_1_779' title='bbox 3193 4138 3318 4184; x_wconf 90' lang='lat' dir='ltr'><strong>sunt</strong></span> <span class='ocrx_word' id='word_1_780' title='bbox 3348 4130 3653 4192; x_wconf 79' lang='lat' dir='ltr'><strong>facultates.</strong></span> 
     </span>
    </p>
   </div>
   <div class='ocr_carea' id='block_1_104' title="bbox 2048 4209 3655 4288">
    <p class='ocr_par' dir='ltr' id='par_1_104' title="bbox 2048 4209 3655 4288">
     <span class='ocr_line' id='line_1_104' title="bbox 2048 4209 3655 4288; baseline 0.007 -21"><span class='ocrx_word' id='word_1_781' title='bbox 2048 4231 2183 4286; x_wconf 86' lang='lat' dir='ltr'><strong>quas</strong></span> <span class='ocrx_word' id='word_1_782' title='bbox 2212 4219 2540 4286; x_wconf 89' lang='lat' dir='ltr'><strong>accepimus,</strong></span> <span class='ocrx_word' id='word_1_783' title='bbox 2572 4209 2904 4288; x_wconf 66' lang='lat' dir='ltr'><strong>pioindeque</strong></span> <span class='ocrx_word' id='word_1_784' title='bbox 2926 4234 3242 4275; x_wconf 89' lang='lat' dir='ltr'><strong>communes</strong></span> <span class='ocrx_word' id='word_1_785' title='bbox 3263 4223 3542 4278; x_wconf 85' lang='lat' dir='ltr'><strong>conservis</strong></span> <span class='ocrx_word' id='word_1_786' title='bbox 3560 4240 3655 4278; x_wconf 86' lang='lat' dir='ltr'><strong>no-</strong></span> 
     </span>
    </p>
   </div>
   <div class='ocr_carea' id='block_1_105' title="bbox 2051 4308 3658 4380">
    <p class='ocr_par' dir='ltr' id='par_1_105' title="bbox 2051 4308 3658 4380">
     <span class='ocr_line' id='line_1_105' title="bbox 2051 4308 3658 4380; baseline 0.004 -18"><span class='ocrx_word' id='word_1_787' title='bbox 2051 4308 2176 4363; x_wconf 88' lang='lat' dir='ltr'><strong>stris</strong></span> <span class='ocrx_word' id='word_1_788' title='bbox 2230 4321 2621 4380; x_wconf 87' lang='lat' dir='ltr'><strong>proponantur.</strong></span> <span class='ocrx_word' id='word_1_789' title='bbox 2658 4309 2927 4378; x_wconf 81' lang='lat' dir='ltr'><strong>Numquid</strong></span> <span class='ocrx_word' id='word_1_790' title='bbox 2975 4311 3154 4367; x_wconf 87' lang='lat' dir='ltr'><strong>domos</strong></span> <span class='ocrx_word' id='word_1_791' title='bbox 3202 4330 3302 4367; x_wconf 86' lang='lat' dir='ltr'><strong>non</strong></span> <span class='ocrx_word' id='word_1_792' title='bbox 3346 4314 3537 4369; x_wconf 82' lang='lat' dir='ltr'><strong>habetis</strong></span> <span class='ocrx_word' id='word_1_793' title='bbox 3590 4317 3658 4368; x_wconf 85' lang='lat' dir='ltr'><strong>ad</strong></span> 
     </span>
    </p>
   </div>
   <div class='ocr_carea' id='block_1_106' title="bbox 2051 4401 3655 4461">
    <p class='ocr_par' dir='ltr' id='par_1_106' title="bbox 2051 4401 3655 4461">
     <span class='ocr_line' id='line_1_106' title="bbox 2051 4401 3655 4461; baseline 0.006 -9"><span class='ocrx_word' id='word_1_794' title='bbox 2051 4401 2466 4456; x_wconf 77' lang='lat' dir='ltr'><strong>manducandum</strong></span> <span class='ocrx_word' id='word_1_795' title='bbox 2497 4412 2542 4455; x_wconf 88' lang='lat' dir='ltr'><strong>et</strong></span> <span class='ocrx_word' id='word_1_796' title='bbox 2564 4402 2836 4456; x_wconf 86' lang='lat' dir='ltr'><strong>bibendum</strong></span> <span class='ocrx_word' id='word_1_797' title='bbox 2854 4402 2879 4454; x_wconf 72' lang='grc' dir='ltr'><strong>ἱ)</strong></span> <span class='ocrx_word' id='word_1_798' title='bbox 2903 4413 2992 4457; x_wconf 86' lang='lat' dir='ltr'><strong>aut</strong></span> <span class='ocrx_word' id='word_1_799' title='bbox 3017 4403 3281 4458; x_wconf 77' lang='lat' dir='ltr'><strong>ecclesiam</strong></span> <span class='ocrx_word' id='word_1_800' title='bbox 3311 4405 3404 4460; x_wconf 84' lang='lat' dir='ltr'><strong>Dei</strong></span> <span class='ocrx_word' id='word_1_801' title='bbox 3429 4417 3655 4461; x_wconf 66' lang='lat' dir='ltr'><strong>contem.</strong></span> 
     </span>
    </p>
   </div>
   <div class='ocr_carea' id='block_1_107' title="bbox 2052 4494 3654 4570">
    <p class='ocr_par' dir='ltr' id='par_1_107' title="bbox 2052 4494 3654 4570">
     <span class='ocr_line' id='line_1_107' title="bbox 2052 4494 3654 4570; baseline 0.006 -26"><span class='ocrx_word' id='word_1_802' title='bbox 2052 4494 2168 4545; x_wconf 84' lang='lat' dir='ltr'><strong>uitis</strong></span> <span class='ocrx_word' id='word_1_803' title='bbox 2188 4533 2202 4557; x_wconf 96' lang='lat'><strong>,</strong></span> <span class='ocrx_word' id='word_1_804' title='bbox 2223 4494 2412 4563; x_wconf 86' lang='lat' dir='ltr'><strong>inquit,</strong></span> <span class='ocrx_word' id='word_1_805' title='bbox 2442 4505 2488 4548; x_wconf 87' lang='lat' dir='ltr'><strong>et</strong></span> <span class='ocrx_word' id='word_1_806' title='bbox 2517 4495 2830 4565; x_wconf 77' lang='lat' dir='ltr'><strong>confunditis</strong></span> <span class='ocrx_word' id='word_1_807' title='bbox 2859 4511 2941 4548; x_wconf 84' lang='lat' dir='ltr'><strong>eos</strong></span> <span class='ocrx_word' id='word_1_808' title='bbox 2959 4497 3044 4566; x_wconf 80' lang='lat' dir='ltr'><strong>qui</strong></span> <span class='ocrx_word' id='word_1_809' title='bbox 3076 4513 3176 4550; x_wconf 88' lang='lat' dir='ltr'><strong>non</strong></span> <span class='ocrx_word' id='word_1_810' title='bbox 3206 4497 3389 4552; x_wconf 83' lang='lat' dir='ltr'><strong>habent</strong></span> <span class='ocrx_word' id='word_1_811' title='bbox 3418 4499 3576 4570; x_wconf 88' lang='lat' dir='ltr'><strong>(Ibid.</strong></span> <span class='ocrx_word' id='word_1_812' title='bbox 3605 4517 3654 4554; x_wconf 84' lang='grc' dir='ltr'><strong>υ.</strong></span> 
     </span>
    </p>
   </div>
   <div class='ocr_carea' id='block_1_108' title="bbox 2050 4578 3656 4658">
    <p class='ocr_par' dir='ltr' id='par_1_108' title="bbox 2050 4578 3656 4658">
     <span class='ocr_line' id='line_1_108' title="bbox 2050 4578 3656 4658; baseline 0.007 -19"><span class='ocrx_word' id='word_1_813' title='bbox 2050 4578 2184 4657; x_wconf 66' lang='lat'><strong>2‘2)?</strong></span> <span class='ocrx_word' id='word_1_814' title='bbox 2226 4586 2306 4640; x_wconf 89' lang='lat' dir='ltr'><strong>Tu</strong></span> <span class='ocrx_word' id='word_1_815' title='bbox 2343 4588 2558 4657; x_wconf 84' lang='lat' dir='ltr'><strong>quidem</strong></span> <span class='ocrx_word' id='word_1_816' title='bbox 2603 4599 2777 4658; x_wconf 87' lang='lat' dir='ltr'><strong>putas,</strong></span> <span class='ocrx_word' id='word_1_817' title='bbox 2813 4589 3022 4658; x_wconf 88' lang='lat' dir='ltr'><strong>inquit,</strong></span> <span class='ocrx_word' id='word_1_818' title='bbox 3068 4589 3288 4645; x_wconf 75' lang='lat' dir='ltr'><strong>fratrem</strong></span> <span class='ocrx_word' id='word_1_819' title='bbox 3344 4604 3550 4648; x_wconf 87' lang='lat' dir='ltr'><strong>tantum</strong></span> <span class='ocrx_word' id='word_1_820' title='bbox 3606 4606 3656 4650; x_wconf 90' lang='lat' dir='ltr'><strong>te</strong></span> 
     </span>
    </p>
   </div>
   <div class='ocr_carea' id='block_1_109' title="bbox 2052 4677 3656 4743">
    <p class='ocr_par' dir='ltr' id='par_1_109' title="bbox 2052 4677 3656 4743">
     <span class='ocr_line' id='line_1_109' title="bbox 2052 4677 3656 4743; baseline 0.007 -14"><span class='ocrx_word' id='word_1_821' title='bbox 2052 4678 2374 4732; x_wconf 88' lang='lat' dir='ltr'><strong>contumelia</strong></span> <span class='ocrx_word' id='word_1_822' title='bbox 2397 4677 2635 4743; x_wconf 80' lang='lat' dir='ltr'><strong>afficere,</strong></span> <span class='ocrx_word' id='word_1_823' title='bbox 2657 4679 2918 4733; x_wconf 81' lang='lat' dir='ltr'><strong>redundat</strong></span> <span class='ocrx_word' id='word_1_824' title='bbox 2940 4689 3118 4735; x_wconf 90' lang='lat' dir='ltr'><strong>autem</strong></span> <span class='ocrx_word' id='word_1_825' title='bbox 3142 4686 3463 4738; x_wconf 85' lang='lat' dir='ltr'><strong>contumelia</strong></span> <span class='ocrx_word' id='word_1_826' title='bbox 3495 4689 3656 4740; x_wconf 74' lang='lat' dir='ltr'><strong>etunn</strong></span> 
     </span>
    </p>
   </div>
   <div class='ocr_carea' id='block_1_110' title="bbox 2054 4769 3657 4844">
    <p class='ocr_par' dir='ltr' id='par_1_110' title="bbox 2054 4769 3657 4844">
     <span class='ocr_line' id='line_1_110' title="bbox 2054 4769 3657 4844; baseline 0.007 -21"><span class='ocrx_word' id='word_1_827' title='bbox 2054 4769 2105 4823; x_wconf 91' lang='lat' dir='ltr'><strong>in</strong></span> <span class='ocrx_word' id='word_1_828' title='bbox 2135 4770 2333 4825; x_wconf 92' lang='lat' dir='ltr'><strong>locum.</strong></span> <span class='ocrx_word' id='word_1_829' title='bbox 2366 4771 2654 4826; x_wconf 77' lang='lat' dir='ltr'><strong>Ecclesium</strong></span> <span class='ocrx_word' id='word_1_830' title='bbox 2685 4774 2884 4844; x_wconf 88' lang='lat' dir='ltr'><strong>quippe</strong></span> <span class='ocrx_word' id='word_1_831' title='bbox 2914 4783 3081 4828; x_wconf 86' lang='lat' dir='ltr'><strong>totam</strong></span> <span class='ocrx_word' id='word_1_832' title='bbox 3111 4779 3438 4832; x_wconf 88' lang='lat' dir='ltr'><strong>contemnis.</strong></span> <span class='ocrx_word' id='word_1_833' title='bbox 3471 4780 3657 4835; x_wconf 65' lang='lat' dir='ltr'><strong>licele-</strong></span> 
     </span>
    </p>
   </div>
   <div class='ocr_carea' id='block_1_111' title="bbox 2053 4861 3669 4932">
    <p class='ocr_par' dir='ltr' id='par_1_111' title="bbox 2053 4861 3669 4932">
     <span class='ocr_line' id='line_1_111' title="bbox 2053 4861 3669 4932; baseline 0.008 -19"><span class='ocrx_word' id='word_1_834' title='bbox 2053 4862 2128 4913; x_wconf 88' lang='lat' dir='ltr'><strong>sia</strong></span> <span class='ocrx_word' id='word_1_835' title='bbox 2153 4862 2297 4916; x_wconf 86' lang='lat' dir='ltr'><strong>enim</strong></span> <span class='ocrx_word' id='word_1_836' title='bbox 2335 4861 2458 4917; x_wconf 91' lang='lat' dir='ltr'><strong>ideo</strong></span> <span class='ocrx_word' id='word_1_837' title='bbox 2504 4863 2721 4929; x_wconf 88' lang='lat' dir='ltr'><strong>dicitur,</strong></span> <span class='ocrx_word' id='word_1_838' title='bbox 2751 4866 2874 4932; x_wconf 86' lang='lat' dir='ltr'><strong>quia</strong></span> <span class='ocrx_word' id='word_1_839' title='bbox 2907 4869 3268 4920; x_wconf 86' lang='lat' dir='ltr'><strong>communiter</strong></span> <span class='ocrx_word' id='word_1_840' title='bbox 3293 4884 3483 4924; x_wconf 87' lang='lat' dir='ltr'><strong>onmes</strong></span> <span class='ocrx_word' id='word_1_841' title='bbox 3511 4873 3669 4925; x_wconf 68' lang='lat' dir='ltr'><strong>acui-</strong></span> 
     </span>
    </p>
   </div>
   <div class='ocr_carea' id='block_1_112' title="bbox 2056 4953 3665 5024">
    <p class='ocr_par' dir='ltr' id='par_1_112' title="bbox 2056 4953 3665 5024">
     <span class='ocr_line' id='line_1_112' title="bbox 2056 4953 3665 5024; baseline 0.01 -21"><span class='ocrx_word' id='word_1_842' title='bbox 2056 4954 2147 5021; x_wconf 87' lang='lat' dir='ltr'><strong>pit.</strong></span> <span class='ocrx_word' id='word_1_843' title='bbox 2175 4953 2281 5008; x_wconf 89' lang='lat' dir='ltr'><strong>Cur</strong></span> <span class='ocrx_word' id='word_1_844' title='bbox 2307 4970 2438 5024; x_wconf 88' lang='lat' dir='ltr'><strong>ergo</strong></span> <span class='ocrx_word' id='word_1_845' title='bbox 2459 4955 2651 5010; x_wconf 86' lang='lat' dir='ltr'><strong>domus</strong></span> <span class='ocrx_word' id='word_1_846' title='bbox 2679 4966 2785 5010; x_wconf 68' lang='lat' dir='ltr'><strong>tua:</strong></span> <span class='ocrx_word' id='word_1_847' title='bbox 2813 4957 3071 5011; x_wconf 89' lang='lat' dir='ltr'><strong>vilitatem</strong></span> <span class='ocrx_word' id='word_1_848' title='bbox 3102 4959 3151 5012; x_wconf 88' lang='lat' dir='ltr'><strong>in</strong></span> <span class='ocrx_word' id='word_1_849' title='bbox 3181 4960 3466 5015; x_wconf 88' lang='lat' dir='ltr'><strong>ecclesiam</strong></span> <span class='ocrx_word' id='word_1_850' title='bbox 3497 4963 3665 5018; x_wconf 84' lang='lat' dir='ltr'><strong>indu~</strong></span> 
     </span>
    </p>
   </div>
   <div class='ocr_carea' id='block_1_113' title="bbox 2051 5044 3658 5110">
    <p class='ocr_par' dir='ltr' id='par_1_113' title="bbox 2051 5044 3658 5110">
     <span class='ocr_line' id='line_1_113' title="bbox 2051 5044 3658 5110; baseline 0.005 -12"><span class='ocrx_word' id='word_1_851' title='bbox 2051 5044 2171 5099; x_wconf 60' lang='grc' dir='ltr'><strong>(εἰεί)</strong></span> <span class='ocrx_word' id='word_1_852' title='bbox 2217 5045 2270 5098; x_wconf 88' lang='lat' dir='ltr'><strong>Si</strong></span> <span class='ocrx_word' id='word_1_853' title='bbox 2304 5045 2449 5098; x_wconf 86' lang='lat' dir='ltr'><strong>enim</strong></span> <span class='ocrx_word' id='word_1_854' title='bbox 2494 5050 2804 5102; x_wconf 87' lang='lat' dir='ltr'><strong>contemnis</strong></span> <span class='ocrx_word' id='word_1_855' title='bbox 2839 5048 3085 5110; x_wconf 80' lang='lat' dir='ltr'><strong>fratrem,</strong></span> <span class='ocrx_word' id='word_1_856' title='bbox 3136 5066 3386 5105; x_wconf 85' lang='lat' dir='ltr'><strong>reverere</strong></span> <span class='ocrx_word' id='word_1_857' title='bbox 3431 5051 3608 5107; x_wconf 82' lang='lat' dir='ltr'><strong>lorum</strong></span> <span class='ocrx_word' id='word_1_858' title='bbox 3647 5072 3658 5106; x_wconf 91' lang='lat'><strong>:</strong></span> 
     </span>
    </p>
   </div>
   <div class='ocr_carea' id='block_1_114' title="bbox 2051 5137 3661 5214">
    <p class='ocr_par' dir='ltr' id='par_1_114' title="bbox 2051 5137 3661 5214">
     <span class='ocr_line' id='line_1_114' title="bbox 2051 5137 3661 5214; baseline 0.004 -23"><span class='ocrx_word' id='word_1_859' title='bbox 2051 5137 2252 5191; x_wconf 79' lang='lat' dir='ltr'><strong>ctenim</strong></span> <span class='ocrx_word' id='word_1_860' title='bbox 2297 5137 2533 5192; x_wconf 86' lang='lat' dir='ltr'><strong>Ecclesia</strong></span> <span class='ocrx_word' id='word_1_861' title='bbox 2582 5141 2913 5194; x_wconf 79' lang='lat' dir='ltr'><strong>coittnmclia</strong></span> <span class='ocrx_word' id='word_1_862' title='bbox 2963 5140 3220 5196; x_wconf 80' lang='lat' dir='ltr'><strong>allicitur.</strong></span> <span class='ocrx_word' id='word_1_863' title='bbox 3273 5142 3461 5214; x_wconf 81' lang='lat' dir='ltr'><strong>Neque</strong></span> <span class='ocrx_word' id='word_1_864' title='bbox 3502 5147 3661 5208; x_wconf 67' lang='lat' dir='ltr'><strong>dixit,</strong></span> 
     </span>
    </p>
   </div>
   <div class='ocr_carea' id='block_1_115' title="bbox 2050 5223 3660 5298">
    <p class='ocr_par' dir='ltr' id='par_1_115' title="bbox 2050 5223 3660 5298">
     <span class='ocr_line' id='line_1_115' title="bbox 2050 5223 3660 5298; baseline 0.006 -20"><span class='ocrx_word' id='word_1_865' title='bbox 2050 5223 2158 5280; x_wconf 85' lang='lat' dir='ltr'><strong>Eos</strong></span> <span class='ocrx_word' id='word_1_866' title='bbox 2190 5227 2440 5296; x_wconf 83' lang='lat' dir='ltr'><strong>privatis,</strong></span> <span class='ocrx_word' id='word_1_867' title='bbox 2477 5229 2569 5298; x_wconf 88' lang='lat' dir='ltr'><strong>qui</strong></span> <span class='ocrx_word' id='word_1_868' title='bbox 2603 5245 2714 5283; x_wconf 90' lang='lat' dir='ltr'><strong>non</strong></span> <span class='ocrx_word' id='word_1_869' title='bbox 2750 5231 2982 5298; x_wconf 86' lang='lat' dir='ltr'><strong>habent;</strong></span> <span class='ocrx_word' id='word_1_870' title='bbox 3015 5247 3129 5294; x_wconf 87' lang='lat' dir='ltr'><strong>aut,</strong></span> <span class='ocrx_word' id='word_1_871' title='bbox 3162 5234 3280 5286; x_wconf 73' lang='lat' dir='ltr'><strong>Non</strong></span> <span class='ocrx_word' id='word_1_872' title='bbox 3324 5235 3660 5291; x_wconf 63' lang='lat' dir='ltr'><strong>inisemnini</strong></span> 
     </span>
    </p>
   </div>
   <div class='ocr_carea' id='block_1_116' title="bbox 2051 5321 3665 5394">
    <p class='ocr_par' dir='ltr' id='par_1_116' title="bbox 2051 5321 3665 5394">
     <span class='ocr_line' id='line_1_116' title="bbox 2051 5321 3665 5394; baseline 0.004 -22"><span class='ocrx_word' id='word_1_873' title='bbox 2051 5331 2242 5372; x_wconf 87' lang='lat' dir='ltr'><strong>eorum</strong></span> <span class='ocrx_word' id='word_1_874' title='bbox 2281 5321 2369 5390; x_wconf 86' lang='lat' dir='ltr'><strong>qui</strong></span> <span class='ocrx_word' id='word_1_875' title='bbox 2431 5339 2538 5376; x_wconf 87' lang='lat' dir='ltr'><strong>non</strong></span> <span class='ocrx_word' id='word_1_876' title='bbox 2593 5322 2814 5376; x_wconf 84' lang='lat' dir='ltr'><strong>habent.</strong></span> <span class='ocrx_word' id='word_1_877' title='bbox 2853 5322 2960 5377; x_wconf 90' lang='lat' dir='ltr'><strong>Sed</strong></span> <span class='ocrx_word' id='word_1_878' title='bbox 3001 5326 3170 5393; x_wconf 57' lang='lat' dir='ltr'><strong>quid?</strong></span> <span class='ocrx_word' id='word_1_879' title='bbox 3203 5325 3549 5394; x_wconf 77' lang='lat' dir='ltr'><strong>Confunditis</strong></span> <span class='ocrx_word' id='word_1_880' title='bbox 3579 5342 3665 5379; x_wconf 83' lang='lat' dir='ltr'><strong>cus</strong></span> 
     </span>
    </p>
   </div>
   <div class='ocr_carea' id='block_1_117' title="bbox 2053 5412 3660 5488">
    <p class='ocr_par' dir='ltr' id='par_1_117' title="bbox 2053 5412 3660 5488">
     <span class='ocr_line' id='line_1_117' title="bbox 2053 5412 3660 5488; baseline 0.007 -23"><span class='ocrx_word' id='word_1_881' title='bbox 2053 5415 2138 5481; x_wconf 85' lang='lat' dir='ltr'><strong>qni</strong></span> <span class='ocrx_word' id='word_1_882' title='bbox 2203 5431 2304 5468; x_wconf 88' lang='lat' dir='ltr'><strong>non</strong></span> <span class='ocrx_word' id='word_1_883' title='bbox 2367 5415 2569 5470; x_wconf 77' lang='lat' dir='ltr'><strong>habent.</strong></span> <span class='ocrx_word' id='word_1_884' title='bbox 2631 5412 3117 5471; x_wconf 84' lang='lat' dir='ltr'><strong>Vehementissimo</strong></span> <span class='ocrx_word' id='word_1_885' title='bbox 3181 5419 3430 5488; x_wconf 83' lang='lat' dir='ltr'><strong>tangendi</strong></span> <span class='ocrx_word' id='word_1_886' title='bbox 3500 5421 3660 5476; x_wconf 80' lang='lat' dir='ltr'><strong>modo</strong></span> 
     </span>
    </p>
   </div>
   <div class='ocr_carea' id='block_1_118' title="bbox 2054 5506 3656 5582">
    <p class='ocr_par' dir='ltr' id='par_1_118' title="bbox 2054 5506 3656 5582">
     <span class='ocr_line' id='line_1_118' title="bbox 2054 5506 3656 5582; baseline 0.004 -20"><span class='ocrx_word' id='word_1_887' title='bbox 2054 5522 2239 5562; x_wconf 87' lang='lat' dir='ltr'><strong>eorum</strong></span> <span class='ocrx_word' id='word_1_888' title='bbox 2271 5507 2452 5561; x_wconf 88' lang='lat' dir='ltr'><strong>luxum</strong></span> <span class='ocrx_word' id='word_1_889' title='bbox 2473 5517 2839 5576; x_wconf 75' lang='lat' dir='ltr'><strong>rcpt&#39;J‘..~&#39;ettt:tt.</strong></span> <span class='ocrx_word' id='word_1_890' title='bbox 2862 5506 2977 5563; x_wconf 90' lang='lat' dir='ltr'><strong>Non</strong></span> <span class='ocrx_word' id='word_1_891' title='bbox 2998 5517 3104 5563; x_wconf 89' lang='lat' dir='ltr'><strong>tam</strong></span> <span class='ocrx_word' id='word_1_892' title='bbox 3132 5520 3284 5565; x_wconf 87' lang='lat' dir='ltr'><strong>curat</strong></span> <span class='ocrx_word' id='word_1_893' title='bbox 3314 5527 3535 5582; x_wconf 88' lang='lat' dir='ltr'><strong>pauper,</strong></span> <span class='ocrx_word' id='word_1_894' title='bbox 3570 5515 3656 5568; x_wconf 83' lang='lat' dir='ltr'><strong>in-</strong></span> 
     </span>
    </p>
   </div>
   <div class='ocr_carea' id='block_1_119' title="bbox 2055 5599 3659 5672">
    <p class='ocr_par' dir='ltr' id='par_1_119' title="bbox 2055 5599 3659 5672">
     <span class='ocr_line' id='line_1_119' title="bbox 2055 5599 3659 5672; baseline 0.006 -21"><span class='ocrx_word' id='word_1_895' title='bbox 2055 5600 2186 5668; x_wconf 88' lang='lat' dir='ltr'><strong>quit,</strong></span> <span class='ocrx_word' id='word_1_896' title='bbox 2222 5599 2429 5663; x_wconf 86' lang='lat' dir='ltr'><strong>cibum,</strong></span> <span class='ocrx_word' id='word_1_897' title='bbox 2461 5616 2619 5669; x_wconf 85' lang='lat' dir='ltr'><strong>quam</strong></span> <span class='ocrx_word' id='word_1_898' title='bbox 2651 5600 3052 5656; x_wconf 88' lang='lat' dir='ltr'><strong>contumeliam.</strong></span> <span class='ocrx_word' id='word_1_899' title='bbox 3090 5602 3219 5656; x_wconf 75' lang='lat' dir='ltr'><strong>Vide</strong></span> <span class='ocrx_word' id='word_1_900' title='bbox 3247 5619 3402 5672; x_wconf 85' lang='lat' dir='ltr'><strong>quam</strong></span> <span class='ocrx_word' id='word_1_901' title='bbox 3433 5606 3659 5660; x_wconf 83' lang='lat' dir='ltr'><strong>honeste</strong></span> 
     </span>
    </p>
   </div>
   <div class='ocr_carea' id='block_1_120' title="bbox 2059 5693 3658 5766">
    <p class='ocr_par' dir='ltr' id='par_1_120' title="bbox 2059 5693 3658 5766">
     <span class='ocr_line' id='line_1_120' title="bbox 2059 5693 3658 5766; baseline 0.003 -21"><span class='ocrx_word' id='word_1_902' title='bbox 2059 5693 2157 5745; x_wconf 78' lang='lat' dir='ltr'><strong>hut.</strong></span> <span class='ocrx_word' id='word_1_903' title='bbox 2191 5701 2431 5755; x_wconf 80' lang='lat' dir='ltr'><strong>excuset,</strong></span> <span class='ocrx_word' id='word_1_904' title='bbox 2466 5703 2517 5745; x_wconf 90' lang='lat' dir='ltr'><strong>et</strong></span> <span class='ocrx_word' id='word_1_905' title='bbox 2559 5707 2715 5760; x_wconf 88' lang='lat' dir='ltr'><strong>quam</strong></span> <span class='ocrx_word' id='word_1_906' title='bbox 2749 5694 3101 5749; x_wconf 86' lang='lat' dir='ltr'><strong>vehementer</strong></span> <span class='ocrx_word' id='word_1_907' title='bbox 3133 5697 3252 5750; x_wconf 87' lang='lat' dir='ltr'><strong>illos</strong></span> <span class='ocrx_word' id='word_1_908' title='bbox 3283 5706 3480 5766; x_wconf 77' lang='lat' dir='ltr'><strong>tangat.</strong></span> <span class='ocrx_word' id='word_1_909' title='bbox 3525 5697 3658 5766; x_wconf 83' lang='lat' dir='ltr'><strong>Quid</strong></span> 
     </span>
    </p>
   </div>
   <div class='ocr_carea' id='block_1_121' title="bbox 2059 5782 3656 5857">
    <p class='ocr_par' dir='ltr' id='par_1_121' title="bbox 2059 5782 3656 5857">
     <span class='ocr_line' id='line_1_121' title="bbox 2059 5782 3656 5857; baseline 0.003 -18"><span class='ocrx_word' id='word_1_910' title='bbox 2059 5788 2222 5842; x_wconf 80' lang='lat' dir='ltr'><strong>dicunt</strong></span> <span class='ocrx_word' id='word_1_911' title='bbox 2254 5783 2430 5839; x_wconf 77' lang='lat' dir='ltr'><strong>vobis?</strong></span> <span class='ocrx_word' id='word_1_912' title='bbox 2462 5783 2614 5839; x_wconf 80' lang='lat' dir='ltr'><strong>laudo</strong></span> <span class='ocrx_word' id='word_1_913' title='bbox 2649 5785 2774 5838; x_wconf 78' lang='lat' dir='ltr'><strong>ros?</strong></span> <span class='ocrx_word' id='word_1_914' title='bbox 2801 5782 2869 5839; x_wconf 83' lang='lat' dir='ltr'><strong>In</strong></span> <span class='ocrx_word' id='word_1_915' title='bbox 2895 5786 2988 5840; x_wconf 75' lang='lat' dir='ltr'><strong>hoc</strong></span> <span class='ocrx_word' id='word_1_916' title='bbox 3013 5803 3112 5841; x_wconf 87' lang='lat' dir='ltr'><strong>non</strong></span> <span class='ocrx_word' id='word_1_917' title='bbox 3136 5787 3289 5842; x_wconf 79' lang='lat' dir='ltr'><strong>laudo</strong></span> <span class='ocrx_word' id='word_1_918' title='bbox 3311 5783 3534 5857; x_wconf 66' lang='grc'><strong>(1.601.</strong></span> <span class='ocrx_word' id='word_1_919' title='bbox 3571 5789 3656 5844; x_wconf 86' lang='grc'><strong>11.</strong></span> 
     </span>
    </p>
   </div>
  </div>
