4088 6466
488 386 601 446 "33)

481 495 597 568 εἳ).
629 493 766 564 Quid
793 492 899 548 hoc
922 491 1047 548 est?
1066 489 1194 545 Post
1234 487 1654 543 demonstratam
1685 481 2062 538 absurditatein

484 589 656 644 lenior
683 589 927 655 sequitur
963 579 1254 650 increpatio
1281 619 1294 643 ,
1323 587 1378 632 et
1417 577 1538 646 jure
1588 573 1804 644 quidem
1853 568 2066 641 merito,

487 693 556 732 ne
598 674 1021 746 impudentiores
1064 668 1378 724 evaderent.
1411 666 1728 734 Priusquam
1769 661 1912 715 enim
1953 673 2068 712 rem

485 765 772 824 absurdam
813 776 932 816 esse
975 760 1391 822 demonstraret,
1415 756 1705 827 perfectam
1748 750 2067 806 sententiam

420 849 438 864 ⁶
488 854 676 907 extulit
737 850 926 907 dicens
957 892 974 917 ,
1022 848 1136 904 Hoc
1187 860 1356 904 autem
1408 845 1705 917 prmipiens
1757 859 1860 896 non
1914 841 2069 895 laudo

473 946 522 1016 (ι
538 987 552 1001 .
572 943 698 999 Cor.
718 941 910 1014 11.17)
949 941 1237 1012 Postquam
1267 947 1442 994 autem
1462 947 1709 994 accurate
1729 937 2037 991 demonstra
2051 966 2067 976 -

488 1036 559 1089 vit
578 1035 699 1090 illos
723 1049 842 1090 esse
867 1035 1222 1105 complurium
1250 1033 1533 1088 criminum
1562 1045 1704 1097 reos,
1734 1029 1939 1084 leniore
1961 1028 2067 1082 uti-

482 1134 570 1179 tur
595 1125 989 1189 criminatione,
1018 1125 1072 1179 in
1105 1125 1224 1194 .jam
1269 1121 1536 1177 dictorum
1581 1129 1840 1191 apparatu
1882 1128 1937 1173 et
1975 1117 2068 1172 del

482 1217 867 1271 monstratione
887 1215 1240 1271 accusationis
1265 1214 1660 1270 vehementiam
1709 1214 1936 1283 positam
1982 1226 2069 1266 re-

483 1306 751 1374 linquens.
781 1305 980 1361 Deinde
1036 1307 1090 1360 in
1139 1306 1417 1376 mysticam
1468 1320 1709 1360 mensam
1761 1319 2067 1359 sermonem

486 1397 755 1463 transfert,
789 1407 843 1452 ut
870 1399 948 1451 eis
970 1398 1089 1466 plus
1116 1397 1325 1451 timoris
1353 1399 1634 1452 incuteret.
1664 1392 1777 1466 Ego
1803 1395 1953 1462 enim,
1986 1395 2040 1448 in

481 1488 614 1557 quit,
633 1489 804 1558 accepi
823 1505 855 1542 a
879 1488 1120 1556 Domino,
1139 1489 1274 1558 quod
1295 1498 1340 1541 et
1367 1487 1556 1541 tradidi
1577 1488 1710 1540 vobis
1735 1485 1841 1558 (Ib.
1869 1504 1919 1541 υ.
1943 1486 2061 1555 25).

480 1580 662 1647 Qualis
695 1579 811 1636 haec
839 1582 1259 1651 consequentia?
1290 1581 1363 1637 De
1403 1581 1674 1636 communi
1716 1579 1936 1649 prandio
1980 1577 2062 1631 lo-

479 1671 680 1740 queris,
727 1680 782 1725 et
820 1670 1088 1726 horrenda
1111 1672 1368 1742 mysteria
1416 1669 1840 1727 commemoras?
1867 1670 2062 1737 Etiam,

479 1759 669 1829 inquit.
698 1760 754 1815 Si
783 1761 926 1815 enim
961 1761 1238 1816 tremenda
1280 1761 1370 1815 ilia
1421 1776 1604 1816 mensa
1634 1761 1882 1816 omnibus
1912 1773 2064 1814 com-

480 1851 658 1906 munis
712 1852 1051 1922 proponitur,
1099 1861 1155 1908 et
1195 1852 1346 1907 diviti
1388 1863 1443 1906 et
1492 1855 1730 1926 pauperi,
1770 1866 1941 1921 neque
1979 1851 2064 1905 illa

477 1940 670 1996 fruitur
689 1942 906 1998 uberius
923 1943 1094 2009 dives,
1119 1953 1175 2000 et
1201 1944 1413 2013 parcius
1439 1957 1664 2012 pauper,
1689 1941 1783 1996 sed
1807 1957 1943 1997 unus
1965 1942 2063 1996 lio-

476 2045 596 2096 nor,
619 2041 672 2086 et
702 2048 838 2088 unus
862 2048 1146 2100 accessus;
1176 2050 1238 2090 ac
1264 2037 1437 2090 donec
1479 2051 1667 2090 omnes
1703 2037 2067 2090 communica—

474 2121 668 2187 verint,
691 2130 745 2175 et
767 2122 1054 2193 participes
1083 2123 1283 2179 fuerint
1303 2125 1464 2194 hujus
1494 2125 1787 2194 spirituaiis
1810 2135 1865 2181 et
1897 2140 2066 2181 sacrm

477 2223 699 2274 menste,
736 2226 855 2280 qua:
910 2213 1182 2281 proposita
1237 2223 1362 2268 sunt
1412 2229 1516 2268 non
1565 2213 1930 2280 retrahuntur,
1970 2215 2064 2270 sed

475 2308 620 2353 stant
646 2300 956 2355 sacerdotes
980 2318 1187 2369 onmes,
1217 2304 1300 2358 vel
1328 2305 1566 2358 omnium
1596 2307 1988 2374 pauperrimum
2010 2315 2066 2361 et

476 2389 790 2444 vilissimum
819 2400 1192 2462 exspectantes
1226 2409 1239 2444 :
1272 2393 1439 2447 multo
1483 2395 1652 2462 magis
1674 2395 1725 2447 in
1754 2394 1853 2449 hac
1879 2395 2062 2450 sensili

474 2495 660 2535 niensa
702 2481 752 2534 id
798 2482 1084 2551 agendum.
1117 2483 1242 2537 ideo
1290 2484 1434 2544 illam
1484 2484 1807 2539 dominicam
1852 2501 2062 2540 coenam

478 2573 787 2626 memoravi.
819 2571 932 2644 Ego
960 2576 1092 2626 enim
1129 2576 1302 2643 accepi
1325 2593 1356 2627 a
1385 2575 1623 2642 Domino,
1653 2577 1786 2644 quod
1807 2587 1852 2629 et
1874 2577 2064 2631 tradidi

475 2661 629 2723 vobis,
655 2664 894 2729 quoniam
917 2662 1167 2717 Dominus
1191 2663 1362 2731 Jesus,
1383 2665 1433 2716 in
1457 2682 1557 2736 qua
1583 2677 1724 2718 nocte
1746 2667 2059 2732 tradebatur,

473 2754 664 2822 saepit
694 2770 900 2822 panem,
937 2765 983 2808 et
1024 2758 1216 2826 gratias
1261 2773 1414 2827 agens
1461 2757 1629 2826 fregit,
1657 2767 1702 2810 et
1743 2757 1870 2810 dixit
1895 2775 1914 2812 :
1952 2757 2063 2812 Hoc

474 2852 547 2896 est
570 2859 755 2912 corpus
784 2861 980 2912 meum,
1011 2847 1146 2915 quod
1186 2862 1278 2914 pro
1308 2846 1478 2900 multis
1504 2848 1780 2920 frangitur,
1809 2848 1860 2902 in
1883 2852 2060 2903 remis-

473 2935 667 2988 sionem
691 2944 1031 3005 peccatorum.
1065 2935 1176 2990 Hoc
1207 2938 1360 3006 facite
1396 2937 1450 2990 in
1498 2952 1659 2989 nteant
1697 2954 2058 2992 commemora-

475 3024 680 3080 tionem.
706 3024 952 3080 Similiter
977 3037 1023 3081 et
1045 3026 1251 3080 calicem
1287 3034 1552 3096 postquam
1576 3027 1815 3095 cenavit,
1846 3029 2017 3084 dicens
2038 3044 2060 3082 :

476 3115 578 3170 llic
614 3117 752 3170 calix
796 3133 977 3171 novum
1029 3127 1382 3173 testamentum
1423 3127 1496 3172 est
1545 3120 1598 3172 in
1637 3135 1748 3174 meo
1804 3121 2061 3190 sanguine

477 3206 640 3278 (Ibid.
663 3224 712 3260 υ.
744 3207 815 3263 ss
838 3237 866 3248 -
884 3207 1003 3279 25).

544 3298 598 3353 5.
629 3298 830 3353 Deinde
857 3299 1024 3353 multa
1069 3300 1319 3368 loquutus
1362 3302 1504 3354 circa
1544 3315 1671 3366 eos,
1717 3302 1807 3370 qui
1846 3302 2061 3373 indigne

476 3389 730 3460 mysteria
759 3389 1105 3460 participant,
1138 3392 1226 3445 ubi
1275 3391 1394 3445 illos
1426 3392 1771 3447 vehementer
1800 3394 1971 3464 tetigit
2008 3403 2063 3450 et

473 3481 735 3550 coarguit,
777 3481 1062 3551 docuitque
1110 3496 1224 3547 eos,
1269 3485 1355 3552 qui
1404 3485 1718 3552 sanguinem
1769 3492 1825 3538 et
1863 3499 2061 3555 corpus

472 3572 672 3627 Christi
725 3581 925 3628 temere
971 3587 1035 3628 ac
1088 3573 1444 3644 perfunctorie
1495 3576 1781 3645 accipiunt,
1817 3579 2058 3633 eamdem

473 3663 743 3718 subituros
767 3677 887 3719 esse
915 3678 1149 3733 pmuam,
1181 3680 1338 3734 quam
1371 3667 1404 3719 ii
1427 3666 1515 3736 qui
1545 3666 1814 3721 Christum
1843 3669 2056 3723 occide~

477 3762 625 3816 runt;
658 3767 844 3807 rursus
883 3752 951 3807 ad
992 3755 1323 3823 propositum
1356 3765 1725 3825 argumentum
1754 3771 2056 3812 sermonem

475 3845 662 3912 refert,
689 3845 874 3900 dicens
901 3861 916 3898 :
947 3843 1130 3916 Itaque
1158 3846 1366 3915 fratres,
1390 3863 1504 3899 cum
1530 3849 1801 3902 convenitis
1827 3850 1894 3902 ad
1916 3867 2053 3903 num-

475 3936 781 4001 ducandum,
797 3936 1004 3990 invicem
1021 3948 1322 4005 exspectate.
1339 3938 1400 3993 Si
1415 3939 1523 4005 quis
1544 3928 1711 3991 dutem
1730 3941 1904 4004 esurit,
1924 3942 2060 3995 domi

475 4028 762 4092 manducet,
777 4037 948 4081 utnon
969 4029 1022 4082 in
1037 4031 1294 4098 judicium
1314 4032 1674 4116 conveniatiiﬂ
1690 4077 1702 4089 .
1723 4033 1895 4116 Certi
1908 4037 1930 4089 'l
1944 4076 1957 4091 .
1976 4036 2065 4100 55,

474 4116 732 4188 5ι).νὶᾱε
755 4120 1024 4187 quomodo
1051 4120 1277 4175 latenter
1300 4123 1462 4176 etiam
1501 4125 1842 4179 voracitatem
1874 4140 2060 4180 eorum

476 4213 713 4266 damnet.
735 4210 852 4266 Non
879 4212 1046 4276 dixit,
1068 4212 1124 4267 Si
1151 4215 1388 4278 esuritis,
1421 4215 1535 4281 sed,
1571 4217 1633 4271 Si
1657 4217 1771 4285 quis
1797 4217 1973 4283 esurit,
2005 4226 2060 4272 ut

471 4301 698 4378 quisque
722 4313 864 4357 metu
894 4311 948 4358 et
973 4304 1175 4373 pudore
1204 4303 1417 4371 ductus,
1449 4320 1517 4360 ne
1537 4321 1661 4361 reus
1685 4306 1788 4362 hoc
1818 4308 1871 4362 in
1895 4324 2059 4379 nego-

478 4395 553 4451 tio
606 4391 866 4460 videatur,
916 4409 1036 4450 sese
1080 4396 1369 4450 emendare
1421 4409 1775 4468 praeoccupet.
1806 4401 1979 4469 Atque
2025 4417 2057 4455 a

479 4491 621 4541 metu
648 4486 889 4556 supplicii
917 4502 1220 4542 sermonem
1241 4489 1512 4545 concludit
1535 4489 1718 4546 dicens
1744 4509 1756 4545 :
1785 4490 1850 4546 Ut
1880 4494 2056 4560 nonin

1210 374 1271 430 S.
1305 370 1584 430 JOANNIS
1617 359 2096 426 CHRYSOSTOMI
2132 358 2448 418 ARCHIEP.
2488 360 3018 420 CONSTANTlNOP.

3663 359 3769 416 ξω

2170 475 2429 544 judicium
2453 479 2780 543 conveniatis,
2812 477 2864 531 id
2892 484 2993 543 est,
3022 477 3075 531 in
3101 470 3600 531 condemnationem
3631 485 3686 531 et
3712 477 3767 531 in

2173 569 2546 639 opprobrium.
2579 568 2692 623 Non
2706 579 2806 624 est
2835 569 2978 623 enim
3000 567 3169 633 cibus,
3200 567 3390 636 inquit,
3412 583 3595 637 neque
3610 582 3768 623 meno

2174 675 2255 727 su,
2284 676 2402 730 qua:
2428 676 2548 715 cum
2581 659 2786 731 pudore
2816 660 2992 714 fratris
3011 700 3028 725 ,
3051 674 3172 713 cum
3202 659 3459 729 deSpectu
3496 659 3768 720 ecclesiae.

2175 759 2229 804 et
2261 765 2382 804 cum
2420 758 2565 804 tanta
2593 752 2882 805 voracitate
2912 751 2996 805 vel
3033 749 3443 819 intemperantia
3477 749 3772 817 conjuncta

2176 851 2278 895 est.
2304 838 2428 894 Haec
2456 855 2561 895 non
2601 853 2724 896 sunt
2759 842 2962 903 izetitia,
2985 840 3081 896 sed
3124 841 3444 910 supplicium
3491 849 3543 895 et
3583 854 3770 910 pinna.

2172 930 2414 1000 Magnam
2458 933 2600 986 enim
2636 933 2789 988 vobis
2824 933 3093 987 att-rabilis
3126 935 3385 988 ultionem
3415 932 3542 987 dum
3573 931 3771 986 lratres

2173 1023 2493 1077 contumelia
2516 1022 3053 1089 aﬂieitis,ecciesiam
3092 1024 3456 1090 contemnitis,
3493 1034 3770 1078 sanetum-

2172 1127 2277 1183 que
2304 1112 2452 1168 illum
2479 1114 2654 1168 locum
2682 1113 2948 1183 propriam
2974 1113 3193 1168 domum
3222 1112 3418 1178 facitis,
3443 1113 3660 1183 quando
3686 1115 3770 1166 ci-

2173 1203 2299 1258 bum
2336 1219 2580 1260 seorsum
2610 1205 2840 1261 sumitis.
2884 1204 2977 1260 liis
3030 1213 3087 1260 et
3128 1218 3224 1259 vos
3269 1202 3488 1268 auditis,
3544 1203 3765 1268 fratres,

2174 1296 2419 1351 obturate
2448 1311 2542 1352 ora
2578 1312 2788 1360 eorum,
2818 1296 2908 1366 qui
2936 1295 3231 1366 apostolico
3250 1294 3396 1349 dicto
3411 1294 3768 1364 doctrinaque

2174 1393 2374 1440 temere
2404 1396 2652 1450 utuntur;
2683 1386 2941 1455 corripite
2965 1400 3080 1450 eos,
3112 1385 3207 1455 qui
3232 1385 3286 1439 in
3309 1400 3464 1437 suum
3496 1383 3764 1438 aliorum-

2173 1490 2276 1544 que
2296 1475 2547 1530 damnum
2575 1476 2868 1544 Scriptnris
2894 1483 3130 1548 utuntur.
3157 1473 3338 1528 Nostis
3363 1474 3507 1528 enim
3540 1473 3608 1528 de
3631 1489 3767 1544 qua-

2174 1582 2294 1620 nam
2322 1583 2380 1622 re
2400 1571 2503 1623 hoc
2535 1567 2673 1621 dicat
2709 1584 2722 1620 :
2761 1565 2970 1636 Oportet
3009 1576 3177 1620 autem
3213 1577 3261 1622 et
3311 1569 3521 1620 hereses
3557 1583 3666 1620 esse
3709 1568 3766 1620 in

2171 1658 2326 1724 vobis,
2351 1673 2543 1726 nempe
2566 1657 2633 1713 de
2653 1659 2875 1712 dissidio
2903 1658 3045 1712 circa
3072 1673 3314 1711 mensam
3343 1657 3546 1712 oboriri
3573 1657 3758 1723 solito,

2169 1749 2596 1819 quandoquidem
2635 1750 2780 1803 Atius
2818 1751 3017 1819 quidem
3043 1750 3233 1814 esurit,
3264 1750 3398 1804 alius
3439 1766 3556 1805 vero
3593 1750 3766 1804 ebrius

2169 1853 2241 1896 est
2268 1843 2341 1913 (1.
2372 1842 2489 1897 Cor.
2522 1843 2609 1897 li.
2632 1840 2748 1915 2i).

2242 1934 2542 1988 Adliortatio
2585 1934 2653 1986 ad
2695 1950 2974 2004 pauperum
3012 1949 3212 1986 curant.
3238 1963 3308 1974 —
3332 1933 3411 1988 Ac
3450 1947 3573 1988 cum
3613 1940 3765 1988 recta

2169 2028 2274 2083 fide
2303 2030 2424 2082 vita:
2444 2028 2704 2082 rationem
2731 2043 2851 2081 cum
2881 2025 3222 2097 dogmatibus
3251 2037 3637 2096 congruentem
3665 2039 3762 2079 ex-

2172 2117 2452 2173 bibeamus
2476 2159 2492 2185 ,
2530 2118 2756 2172 multam
2795 2131 2921 2188 erga
2972 2131 3238 2188 pauperes
3289 2115 3722 2170 benevolentiam
3745 2153 3764 2180 ,

2170 2211 2390 2265 multam
2437 2225 2728 2280 egenorum
2779 2225 2962 2265 curam
3007 2209 3398 2277 suscipiamus;
3429 2208 3762 2278 negotiatio-

2171 2318 2291 2357 nem
2321 2302 2652 2372 spiritualem
2689 2315 3059 2365 exerceamus,
3092 2299 3226 2353 nihil
3251 2301 3372 2369 plus
3403 2299 3762 2368 inquiramus,

2167 2408 2324 2462 quam
2365 2393 2658 2447 necessitas
2699 2393 2948 2460 postulet.
2983 2390 3074 2444 Hac
3099 2399 3223 2443 sunt
3253 2389 3475 2455 divitias,
3507 2388 3626 2444 bzec
3655 2405 3762 2443 ne-

2165 2481 2402 2550 gotiatio,
2446 2480 2534 2535 hic
2577 2481 2859 2536 thesaurus
2893 2478 3224 2545 indeiiciens,
3253 2478 3300 2532 si
3342 2478 3519 2533 omnia
3573 2486 3762 2533 nostra

2165 2571 2221 2627 in
2261 2573 2454 2628 caelum
2491 2572 2910 2638 transferamus,
2941 2580 2996 2628 et
3036 2572 3179 2626 circa
3209 2571 3436 2642 depositi
3458 2570 3762 2625 custodiam

2166 2675 2311 2721 metu
2333 2665 2493 2719 soluti
2521 2664 2768 2719 ﬁdamus.
2798 2663 3001 2733 Duplex
3044 2677 3275 2734 namque
3317 2679 3384 2719 ex
3419 2664 3762 2735 eleemosyua

2166 2756 2319 2811 nobis
2345 2757 2549 2811 lucrum
2580 2753 2800 2809 accedet
2827 2770 2841 2805 ε
2865 2752 3005 2822 quod
3027 2752 3234 2807 scilicet
3261 2769 3368 2806 non
3397 2753 3532 2807 ultra
3561 2753 3760 2807 timea-

2164 2863 2282 2901 mus
2311 2848 2453 2900 circa
2481 2845 2751 2914 depositas
2779 2844 3052 2914 pecunias,
3083 2859 3152 2898 ne
3182 2844 3328 2899 fures
3359 2855 3450 2899 aut
3479 2859 3760 2898 murorum

2163 2935 2470 3001 efl‘ossores,
2500 2945 2589 2990 aut
2633 2932 2948 3003 nequissimi
2990 2933 3144 2988 servi.
3172 2933 3316 3002 ipsas
3362 2933 3712 3003 pessumdent
3741 2953 3757 2987 :

2163 3036 2219 3084 et
2253 3027 2397 3097 quod
2426 3026 2504 3081 sic
2530 3026 2788 3096 depositte
2818 3040 2926 3080 non
2953 3034 3156 3080 temere
3180 3024 3407 3080 defossae
3437 3026 3552 3080 sine
3581 3025 3760 3080 fructu

2157 3119 2402 3188 jaceant;
2443 3118 2536 3173 sed
2594 3116 3042 3188 quemadmodum
3093 3116 3244 3170 radix
3299 3117 3354 3171 in
3403 3117 3584 3186 pingui
3639 3119 3760 3172 solo

2163 3213 2403 3283 plantata
2427 3225 2635 3265 annuos
2678 3211 3129 3279 tempestivosque
3169 3208 3371 3264 fruetus
3424 3207 3650 3279 profert,
3680 3211 3758 3265 sic

2165 3312 2219 3357 et
2248 3309 2527 3372 argentum
2555 3300 2609 3354 in
2639 3314 2932 3370 pauperum
2969 3299 3216 3353 manibus
3253 3300 3490 3362 insitum,
3524 3312 3629 3352 non
3658 3314 3756 3352 an-

2164 3407 2301 3448 nuos
2339 3392 2537 3456 solum,
2563 3389 2655 3444 sed
2697 3390 2859 3444 etiam
2898 3388 3236 3460 quotidianos
3271 3389 3576 3458 spirituaies
3599 3391 3759 3444 nobis

2163 3483 2359 3538 referat
2386 3483 2611 3548 fructus,
2646 3481 2894 3537 ﬁduciam
2923 3497 3048 3551 erga
3080 3481 3267 3547 Deum,
3296 3493 3638 3550 peccatorum
3666 3496 3759 3534 ve-

2165 3575 2327 3638 niam,
2356 3589 2477 3628 cum
2527 3573 2734 3643 angelis
2756 3573 3224 3643 propinquitatem,
3251 3574 3634 3628 conscientiam
3659 3573 3758 3628 bo-

2163 3681 2308 3728 nam,
2339 3665 2577 3720 laetitiam
2616 3665 2910 3732 spiritualis
2954 3665 3349 3730 exsultationis,
3379 3680 3528 3735 spem
3551 3665 3757 3734 pudore

2162 3774 2403 3822 vacuam,
2460 3758 2723 3812 mirabilia
2777 3758 2935 3823 bona,
2979 3772 3099 3827 qua:
3153 3758 3470 3826 praeparavit
3501 3757 3641 3812 Deus
3683 3758 3755 3811 ti-

2163 3851 2432 3904 mentibus
2470 3864 2548 3912 se,
2582 3849 2748 3916 iisque
2792 3848 2882 3917 qui
2934 3847 3156 3901 ferventi
3205 3847 3522 3917 ardentique
3573 3849 3756 3903 animo

2163 3941 2442 4010 requirunt
2491 3938 2914 3993 misericordiam
2965 3938 3227 3992 adventus
3267 3938 3401 4005 ejus.
3444 3937 3614 4003 Quam
3656 3952 3757 3993 nos

2163 4044 2350 4084 omnes
2372 4071 2386 4094 ,
2417 4030 2516 4083 hac
2547 4031 2649 4082 vita
2691 4027 2986 4082 secundum
3015 4028 3267 4097 placitum
3308 4027 3424 4095 ejus
3465 4036 3755 4091 transacta,

2162 4125 2374 4192 assequi
2401 4122 2693 4192 contingat,
2725 4137 2824 4176 nec
2846 4136 2953 4176 non
2981 4131 3242 4175 azternum
3271 4135 3456 4174 eorum
3484 4119 3574 4188 qui
3604 4120 3753 4174 salu-

2166 4224 2270 4269 tem
2293 4227 2716 4284 consequuntur,
2747 4213 3020 4284 gaudium,
3046 4213 3215 4281 gratia
3244 4220 3296 4264 et
3324 4210 3758 4265 miserationibus

2164 4308 2274 4361 veri
2308 4309 2400 4363 Dei
2428 4317 2483 4361 et
2510 4306 2809 4361 Salvatoris
2845 4307 3016 4360 nostri
3063 4305 3192 4360 .iesu
3229 4303 3450 4370 Christi,
3474 4305 3560 4358 cui
3586 4305 3756 4373 gloria

2162 4409 2217 4455 et
2237 4398 2516 4469 imperium
2547 4414 2669 4453 cum
2717 4397 2874 4452 Patre
2917 4397 3138 4469 ejusque
3182 4396 3524 4450 sanctissimo
3555 4394 3758 4466 Spiritu

2165 4493 2218 4546 in
2245 4490 2438 4548 saecula
2468 4491 2809 4546 sreculorum.
2843 4492 3035 4544 Amen.

813 4768 1520 4782 -ι--η-ρυα--ὀς--α
1541 4763 1887 4774 Α-ω-ε--ο--ι
1927 4761 1932 4766 ·
1958 4763 2015 4768 ν-ὐ-
2052 4762 2064 4768 ο
2098 4758 3548 4770 -*-›υ-----ο-η--...⁴---.--“.---ι-ο---αυα
3571 4755 3618 4764 ’θ’
3640 4753 3668 4762 ’ί

481 4774 827 4807 Ξ.

1922 5021 2300 5084 MONITUM

538 5241 788 5298 Soannes
821 5239 1267 5310 Chrysostomus,
1300 5235 1395 5305 qui
1421 5249 1528 5289 non
1562 5233 1728 5288 semei
1768 5248 1833 5288 cx
1881 5241 2123 5302 tempore
2155 5231 2511 5286 concionatus
2550 5238 2666 5293 cst,
2702 5227 2845 5281 hanc
2889 5223 3081 5280 habuit
3123 5221 3404 5279 homiiiam
3440 5222 3736 5277 occasione

482 5357 857 5415 mendicorum
887 5364 942 5410 et
970 5368 1290 5424 egenorum,
1319 5365 1459 5422 quos
1503 5348 1702 5403 hiemis
1733 5356 1978 5417 tempore
2004 5348 2269 5416 jacentes,
2291 5360 2414 5400 cum
2444 5360 2537 5414 per
2564 5343 2742 5396 forum
2767 5350 2822 5395 et
2842 5339 3162 5410 angiportus
3193 5339 3259 5392 ad
3286 5338 3571 5394 ecclesiam
3612 5349 3740 5405 per-

481 5480 653 5541 geret,
696 5475 992 5539 repererat.
1034 5466 1190 5520 liunc
1245 5465 1311 5518 ad
1363 5460 1798 5517 concionandum
1851 5469 2191 5528 apparatum,
2235 5457 2363 5510 dum
2403 5457 2504 5510 iter
2538 5455 2759 5519 faceret,
2803 5454 3132 5506 adornavit:
3171 5460 3224 5504 et
3254 5451 3393 5505 hanc
3435 5451 3741 5520 elegantem

486 5583 812 5638 concionem
849 5580 915 5634 de
944 5580 1288 5649 eieemosyna
1325 5574 1784 5646 αὑτοσχεδιαστὴς
1813 5583 1996 5629 orator
2026 5573 2422 5643 pronuntiavit.
2454 5570 2584 5623 Eam
2621 5583 2787 5638 porro
2829 5568 3128 5622 Antiochia:
3160 5567 3402 5621 habitam
3450 5565 3622 5620 fuisse.
3657 5567 3744 5620 iu-

484 5699 653 5764 dicat,
685 5713 794 5753 non
825 5697 987 5754 modo
1014 5713 1137 5753 cum
1175 5699 1268 5762 ait,
1312 5713 1369 5752 se
1399 5711 1494 5767 per
1529 5697 1706 5750 forum
1733 5705 1784 5750 ct
1813 5695 2060 5768 angiport

2184 5693 2271 5746 διὰ
2302 5694 2397 5763 τῆς
2431 5692 2636 5760 ἀγορᾶς
2675 5692 2772 5744 καὶ
2812 5690 2920 5742 τῶν
2961 5687 3283 5754 στενωπῶν,
3328 5687 3612 5741 ecclesiam
3651 5704 3746 5757 pc-

491 5811 639 5868 t'tissc
672 5833 684 5866 :
720 5828 894 5884 neque
928 5814 1071 5870 enim
1104 5830 1226 5869 cum
1254 5814 1544 5886 episcopus
1570 5811 2206 5884 Constantinopolitanu;
2243 5823 2378 5880 crat,
2417 5819 2524 5866 tam
2559 5811 2748 5881 procul
2796 5809 3023 5865 ecclesia
3053 5808 3311 5878 degebat;
3363 5804 3456 5860 sed
3497 5804 3659 5860 etiam
3695 5813 3749 5859 ct
