4088 6400
513 301 610 358 26!

1625 458 2038 474 w-

1225 305 1285 362 S.
1322 304 1607 363 JOANNIS
1643 302 2137 361 CHRYSUSTOMI
2176 302 2498 359 ARCHIEP.
2539 300 3099 359 CONSTANTINOP.

3689 280 3798 336 281

3241 465 3696 478 ———

1598 653 1858 743 ΠΕΡΙ
1913 587 2755 737 ΕΑΕΗΜΟΣΥΝΗΣ

513 829 917 920 ἐκφωνηθείς
946 845 1017 900 έν
1043 842 1125 911 τῷ
1160 839 1432 912 παριέναι
1455 830 2104 904 αὑτὸνχειμῶνοςῶρςι,
2145 830 2243 884 καί
2278 829 2428 884 ἰδεῖν
2458 831 2600 898 τοὺς
2653 831 2921 900 πένητας
2943 831 3041 885 καί
3089 832 3368 901 πτωχοὺς
3436 829 3820 897 (frumenti;-

1514 943 1661 994 τους
1693 923 2083 995 ἐρριμμένους
2115 923 2266 978 κατὰ
2295 921 2412 990 τὴν
2429 922 2677 993 ἀγοράν.

583 1278 653 1325 α’.
669 1269 969 1341 Πρεσϐείαν
989 1268 1109 1322 τινὰ
1122 1268 1338 1337 δικαίαν
1359 1270 1453 1323 καῖ
1467 1268 1722 1337 λυσιτελῆ
1743 1269 1837 1321 καὶ
1853 1267 2098 1339 πρέπου-

515 1373 617 1408 σαν
659 1355 788 1424 ὑμῖν
820 1352 1054 1421 ἀνέστην
1086 1354 1445 1423 ποιησόμενος
1489 1353 1730 1422 τήμερον
1763 1350 1903 1421 πρὸς
1931 1350 2096 1421 ὑμᾶς·

513 1439 700 1509 ἑτέρου
732 1435 830 1507 μὲν
849 1435 1082 1499 οὐδενὸς,
1105 1433 1216 1490 τῶν
1243 1435 1298 1488 δὲ
1321 1436 1421 1506 τὴν
1465 1434 1621 1487 πόλιν
1652 1432 1950 1488 οἰκούντων
1966 1435 2102 1504 ἡμῖν

513 1518 746 1590 πτωχῶν
788 1518 883 1572 ἐπὶ
915 1517 1119 1588 ταύτην
1153 1534 1220 1588 με
1252 1516 1771 1588 χειροτονησάντων,
1799 1515 1859 1568 οὐ
1889 1517 2102 1587 ῥήμασι

515 1602 608 1656 καὶ
637 1602 952 1672 ψηφίσμασι
985 1600 1080 1655 καί
1117 1599 1304 1670 κοινῆς
1335 1598 1525 1670 γνώμη
1563 1598 1783 1669 βουλῆς,
1829 1599 1968 1652 ἀλλά
2013 1599 2105 1654 διά

511 1684 619 1738 τῶν
651 1683 941 1755 θεαμάτων
966 1681 1074 1737 τῶν
1102 1680 1352 1736 ἐλεεινῶν
1380 1682 1473 1736 καὶ
1501 1679 2108 1752 πικροτάτωνᾸΙαριὼν

513 1767 624 1838 γάρ
650 1765 739 1821 διά
760 1766 861 1838 τῆς
887 1767 1093 1836 ἀγοράς
1119 1764 1213 1817 καὶ
1238 1762 1346 1816 τῶν
1376 1762 1686 1826 στενωπῶν,
1723 1764 1817 1816 καὶ
1843 1762 1982 1834 πρὸς
2006 1762 2109 1835 τὴν

515 1848 788 1920 ὑμετέραν
844 1847 1058 1902 σύνοδον
1107 1845 1387 1908 σπεύδων,
1454 1839 1572 1897 εἶτα
1625 1843 1770 1916 δρῶν
1815 1846 1873 1898 ὲν
1923 1845 2110 1915 μέσοις

513 1931 774 2001 ἀμφόδοις
790 1930 1159 2002 ἐρριμμένους
1175 1927 1424 1991 πολλοὺς,
1443 1926 1538 1980 καὶ
1549 1927 1676 1992 τοὺς
1702 1927 1804 1998 μέν
1813 1927 1912 1990 τάς
1923 1929 2113 1998 χεῖρας

514 2012 973 2083 ἐκκεκομμένους,
993 2012 1120 2074 τούς
1135 2010 1193 2064 δι
1218 2009 1345 2072 τούς
1365 2008 1700 2080 ὀφθαλμοὺς,
1717 2010 1845 2072 τοὺς
1859 2008 1916 2062 δέ
1939 2008 2113 2065 ἐλκῶν

515 2095 613 2149 καὶ
641 2093 970 2166 τραυμάτων
987 2094 1224 2148 ἀνιάτων
1249 2093 1542 2162 γέμοντας,
1570 2092 1851 2148 καὶταῦτα
1879 2093 2114 2163 μάλιστα

516 2178 918 2249 προϐάλλοντας
944 2177 1054 2230 τῶν
1086 2175 1292 2247 μερῶν,
1323 2174 1360 2229 ά
1393 2175 1804 2244 συγκαλύπτειν
1823 2177 2115 2246 ἀναγκαῖον

514 2257 583 2332 ἦν
604 2259 688 2314 διὸ
716 2262 815 2330 τὴν
848 2259 1279 2328 ἐναποκειμένην
1326 2257 1509 2320 αὐτοῖς
1544 2258 1835 2327 σηπεδόνα,
1883 2260 2118 2330 ἐσχάτης

515 2344 744 2413 ἐνόμισα
766 2341 1163 2410 ἀπανθρωπίας
1193 2337 1354 2403 εἶναι,
1389 2341 1452 2393 τὸ
1490 2341 1569 2411 μὴ
1597 2342 1728 2411 περὶ
1763 2340 1970 2394 τούτων
1999 2341 2118 2394 δια-

514 2423 772 2494 λεχθῆναι
808 2423 944 2493 πρὸς
987 2423 1087 2492 τὴν
1140 2423 1422 2494 ὑμετέραν
1461 2423 1705 2492 ἀγάπην,
1742 2423 1837 2476 καὶ
1881 2422 2118 2490 μάλιστα

519 2506 656 2576 μετίι
682 2505 792 2558 τῶν
831 2505 1142 2575 εἰρημένων
1165 2505 1260 2558 καὶ
1287 2503 1383 2560 τοῦ
1412 2504 1603 2574 καιροῦ
1635 2504 1772 2575 πρὸς
1813 2503 1971 2557 τοῦτο
1995 2520 2120 2557 συν-

513 2587 780 2650 νοοῦντος
797 2588 966 2657 ἡμᾶς,
985 2588 1098 2640 Ἀεὶ
1130 2587 1230 2656 μὲν
1259 2587 1368 2658 γὰρ
1391 2587 1689 2654 ἀναγκαῖον
1716 2586 1843 2649 τοὺς
1871 2586 2118 2656 περὶτῆς

515 2668 889 2742 ἐλεημοσύνης
913 2669 1187 2724 ποιεῖσθαι
1215 2669 1428 2738 λόγους,
1452 2668 1642 2738 ἐπειδὴ
1677 2669 1772 2726 καὶ
1809 2670 1974 2738 ἡμεῖς
1993 2667 2122 2720 πολ-

515 2753 617 2823 λῆς
647 2752 850 2823 ταύτης
899 2751 1051 2822 παρά
1096 2751 1192 2805 τοῦ
1223 2753 1554 2822 ποιήσαντος
1596 2753 1745 2821 ἡμᾶς
1773 2750 2004 2821 δεόμεθα
2027 2753 2120 2804 Δε-

519 2836 743 2890 σπότου·
780 2836 1013 2906 μάλιστα
1055 2834 1114 2888 δέ
1147 2835 1205 2887 ἐν
1235 2832 1315 2900 τῷ
1354 2834 1582 2903 παρόντι
1612 2831 1808 2903 καιρῷ,
1835 2834 1922 2886 ὅτε
1953 2831 2119 2895 πολὺς

515 2918 547 2970 ό
575 2917 804 2990 κρυμός.
849 2918 936 2970 Ἑν
970 2918 1069 2987 μὲν
1106 2916 1215 2987 γὰρ
1246 2913 1325 2985 τῷ
1374 2915 1540 2986 θέρει·
1565 2914 1769 2984 πολλὴν
1823 2913 1974 2984 παρὰ
2019 2915 2119 2984 τῆς

517 2998 670 3069 ὥρας
705 2998 890 3069 έχουσι
921 2997 1276 3070 παραμυθίαν
1309 2997 1359 3049 οἱ
1395 2997 1648 3067 πένητες·
1689 2997 1782 3050 καὶ
1814 2995 1966 3070 [249]
2009 2997 2120 3066 γὰρ

519 3084 615 3137 καὶ
647 3083 888 3152 γυμνοὺς
921 3078 1161 3151 βαδίζειν
1195 3081 1500 3144 ἀκίνδυνον,
1533 3081 1655 3134 ἀντὶ
1698 3081 1993 3150 περιϐολῆς
2023 3081 2120 3150 τῆς

519 3169 739 3230 ἀκτῖνος
759 3165 1036 3238 ἀρκούσης
1075 3165 1280 3227 αὐτοῖς,
1312 3167 1417 3236 ἐπ’,
1438 3165 1670 3233 ἐδάφους
1706 3165 1894 3228 ἁπλῶς
1923 3164 2121 3218 καθεύ-

519 3249 635 3306 δειν
674 3249 768 3302 καὶ
793 3247 1038 3318 αἰθρίους
1087 3246 1524 3316 διανυκτερεύειν
1569 3246 1830 3315 ἀσφαλές·
1865 3248 1959 3299 καὶ
1996 3244 2119 3299 οὐτε

521 3332 895 3402 ὑποδημάτων
917 3331 1102 3394 αὐτοῖς
1139 3329 1296 3400 χρεία
1333 3330 1592 3402 τοσαύτη,
1629 3329 1752 3384 οὐτε
1791 3331 2120 3394 οἰνοποσίας,

521 3415 652 3470 οὔτε
681 3413 1070 3482 δαψιλεστέρας
1121 3412 1353 3482 τροφῆς,
1386 3413 1501 3466 ἀλλ’
1540 3413 1838 3484 ἀρκοῦνται
1880 3413 1977 3483 μὲν
2003 3415 2123 3476 ταῖς

521 3497 632 3551 τῶν
667 3497 875 3551 ὑδάτων
895 3493 1506 3566 πηγαῖς,άρκοῦνταιδὲ
1540 3498 1588 3548 οἱ
1611 3497 1708 3564 μὲν
1731 3495 1840 3548 τῶν
1873 3495 2121 3564 λαχάνων

527 3583 644 3644 τοῖς
669 3578 1040 3650 φαυλοτέροις,
1073 3577 1121 3631 οί
1159 3578 1215 3631 δὲ
1235 3580 1571 3650 σπερμάτων
1606 3578 1789 3650 ξηρῶν
1817 3578 2120 3648 ὀλιγότητι,

526 3661 788 3733 τῆ-ὦρας
812 3661 906 3714 τοῦ
932 3662 1084 3723 ιτους
1107 3659 1533 3732 ἐσχεδιασμένην
1564 3661 1746 3724 αὐτοῖς
1772 3660 2120 3732 παρεχούσης

529 3747 629 3816 τὴν
660 3745 960 3814 τράπεζαν.
1001 3744 1113 3797 Καὶ
1141 3743 1342 3814 ταύτης
1367 3745 1424 3798 δέ
1461 3746 1562 3799 οὐκ
1596 3740 1855 3818 ἐλάττονα
1904 3745 2120 3814 ἔχουσιν

531 3828 725 3899 ἑτέραν
755 3827 1133 3896 παραμυθίαν,
1164 3827 1262 3898 τὴν
1313 3829 1411 3898 τῆς
1475 3827 1740 3897 ἐργασίας
1776 3825 2042 3880 εὐκολίαν·
2072 3825 2122 3879 οἰ

528 3911 637 3981 γάρ
675 3911 774 3975 τὰς
803 3909 980 3972 οἰκίας
1013 3910 1482 3983 οἰκοδομούμενοι,
1533 3912 1624 3964 καὶ
1645 3914 1692 3963 οί
1722 3911 1821 3980 τήν
1848 3910 1951 3981 γῆν
1991 3907 2126 3962 σκάο

531 4011 778 4058 πτοντες,
809 3994 904 4046 καὶ
927 3995 979 4046 οἰ
1020 3994 1118 4065 τὴν
1155 3994 1428 4048 θάλασσαν
1456 3996 1732 4057 πλέοντες,
1779 3994 1877 4063 τῆς
1921 3993 2125 4046 τούτων

532 4076 767 4146 μάλιστα
797 4075 1010 4128 δέονται
1040 4078 1351 4146 συνεργίας.
1375 4079 1486 4131 Καὶ
1508 4080 1644 4148 ὅπερ
1665 4080 1779 4139 τοῖς
1805 4075 2125 4129 πλουτοῦσιν

528 4159 688 4229 ἀγροὶ
725 4157 816 4210 καὶ
869 4158 1038 4211 οἰκίαι
1079 4158 1173 4210 καὶ
1204 4159 1390 4211 λοιπαὶ
1418 4158 1875 4234 πρόσοδοιητοῦτο
1914 4157 2123 4219 τούτοις

526 4242 588 4293 τὸ
611 4240 770 4310 σῶμά
806 4242 919 4292 ἐστι
949 4240 1044 4292 καί⁵
1081 4241 1230 4292 πᾶσα
1261 4240 1372 4293 ἀπὸ
1401 4240 1510 4292 τῶν
1543 4241 1742 4309 χειρῶν
1777 4241 1812 4307 ἡ
1844 4239 2123 4308 πρόσοδος,

527 4321 792 4393 ἑτέρωθεν
847 4322 903 4374 δὲ
940 4322 1261 4392 οὐδαμόθεν.
1318 4323 1416 4374 Διὰ
1468 4323 1626 4375 τοῦτο
1652 4322 1842 4390 θέρους
1873 4320 1972 4390 μὲν
1994 4321 2129 4372 ἀπο-

527 4403 750 4458 λαύουσί
776 4420 919 4466 τινος
943 4404 1315 4474 παραμυθίας·
1347 4406 1403 4456 ὲν
1428 4403 1484 4456 δὲ
1515 4407 1579 4474 τῇ
1611 4403 1704 4455 τοῦ
1721 4403 1986 4471 χειμῶνος
2007 4400 2127 4472 ὥρα

530 4488 703 4550 πολὺς
747 4487 930 4551 αὐτοῖς
958 4487 1224 4542 πάντοθεν
1277 4489 1305 4539 ό
1343 4487 1596 4558 πόλεμος,
1639 4487 1732 4539 καὶ
1772 4485 1935 4554 διπλῆ
1964 4487 1996 4553 η
2025 4501 2124 4535 πο-

530 4571 766 4643 λιορκία,
803 4571 896 4625 τοῦ
925 4570 1085 4642 λιμοῦ
1122 4571 1499 4630 κατεσθίοντος
1541 4570 1688 4623 ἔνδον
1716 4570 1786 4622 τά
1819 4570 2123 4637 σπλάγχνα,

529 4655 626 4708 τοῦ
659 4653 873 4725 κρυμοῦ
899 4652 1203 4724 πηγνύντος
1219 4654 1318 4722 τὴν
1350 4654 1527 4721 σάρκα
1553 4651 1775 4715 ἔξωθεν,
1802 4654 1895 4705 καὶ
1925 4650 2127 4720 νεκράν

531 4739 921 4807 ἐργαζομένου.
964 4737 1056 4790 Διὸ
1093 4739 1188 4791 καὶ
1237 4738 1482 4800 πλείονος
1537 4738 1634 4805 μὲν
1690 4737 1873 4798 αὐτοῖς
1922 4735 2126 4805 τροφῆς

528 4820 630 4884 δεῖ,
665 4820 1018 4889 ἰσχυροτέρας
1052 4820 1109 4873 δὲ
1139 4821 1238 4891 τῆς
1283 4819 1597 4891 περιϐολῆς,
1639 4817 1733 4869 καὶ
1764 4818 1983 4885 στέγης,
2034 4815 2127 4868 καὶ

533 4901 802 4964 στιϐάδος,
854 4903 947 4954 καὶ
980 4903 1361 4973 ὑποδημάτων,
1393 4904 1486 4955 καὶ
1520 4902 1730 4954 πολλῶν
1764 4901 1987 4969 ἐτέρων.
2020 4901 2129 4952 Καὶ

531 4987 595 5039 τὸ
611 4985 675 5055 δὴ
708 4986 919 5039 πάντων
951 4986 1353 5056 χαλεπώτερον,
1389 4987 1509 5039 οὐδὲ
1554 4985 1817 5056 ἐργασίας
1862 4984 1945 5046 τίς
1978 4983 2128 5035 ἐστιν

532 5069 716 5130 αὐτοῖς
765 5068 1013 5136 εὐπορία·
1038 5069 1099 5120 οὐ
1148 5069 1255 5139 γάρ
1300 5067 1584 5136 ἐπιτρέπει
1613 5067 1705 5119 τοῦ
1736 5067 1888 5128 ἔτους
1916 5068 1947 5136 ἡ
1980 5064 2117 5136 ὣρα.

548 5149 703 5204 Ἐπεὶ
729 5145 821 5202 οὖν
846 5151 939 5201 καὶ
974 5150 1172 5202 πλείων
1201 5151 1434 5218 αὐτοῖςὴ
1465 5148 1574 5200 τῶν
1593 5150 1906 5216 ἀναγκαίων
1938 5150 2118 5218 χρεία,

535 5234 630 5286 καὶ
663 5233 723 5286 τὸ
754 5231 1082 5303 ἐργάξεσθαι
1117 5235 1256 5303 μετά
1284 5233 1475 5286 τούτου
1510 5232 1878 5302 παρῄρηνται,
1909 5232 2121 5293 οὐδενὸς

535 5316 660 5377 τούς
677 5313 891 5378 ἀθλίους
926 5315 1308 5385 μισθουμένου.
1350 5316 1466 5368 οὐδὲ
1514 5315 1803 5378 καλοῦντος
1834 5317 1912 5377 είς
1941 5315 2124 5367 διακο-

537 5399 676 5458 νίαν,
707 5399 858 5466 φέρε,
883 5397 983 5460 τάς
1007 5399 1114 5450 τῶν
1137 5400 1440 5468 ἐλεημόνων
1467 5398 1878 5467 άντεισάγωμεν
1935 5401 2122 5468 χεῖρας

536 5482 658 5534 ἀντὶ
691 5481 798 5533 τῶν
853 5484 1248 5553 μισθουμένων,
1298 5485 1388 5536 τὸν
1420 5484 1634 5554 άληθῶς
1678 5482 1990 5553 προστάτην
2025 5483 2118 5535 καὶ

539 5564 809 5633 κηδεμόνα
851 5566 960 5618 τῶν
1004 5567 1063 5619 ὲν
1099 5569 1255 5637 πενίᾳ
1317 5566 1532 5631 ζώντων
1590 5567 1799 5620 Παῦλον
1857 5566 2114 5635 συνεργόν

539 5651 673 5716 πρὸς
704 5644 800 5717 τήν
831 5648 1122 5720 πρεσϐείαν
1161 5651 1356 5719 ταύτην
1409 5649 1680 5715 λαϐόντες.
1722 5652 1830 5704 Καὶ
1855 5651 1960 5721 γὰρ
1991 5649 2114 5703 πολο

2200 1267 2298 1340 λῆν
2323 1267 2419 1321 τοῦ
2442 1266 2766 1337 πράγματος
2794 1266 3029 1318 ποιεῖται
3056 1264 3156 1334 τὴν
3183 1263 3444 1334 πρόνοιαν
3495 1257 3676 1324 οὗτος,
3717 1262 3812 1314 καὶ

2201 1353 2335 1423 ὅσην
2371 1351 2548 1413 οὐδεὶς
2573 1349 2781 1419 ἕτερος.
2812 1349 2914 1401 Διά
2941 1363 3034 1400 τοι
3049 1346 3210 1400 τοῦτο
3227 1347 3355 1409 τοὺς
3386 1344 3640 1417 μαθητάς
3671 1344 3813 1414 πρὸς

2203 1435 2295 1488 τὸν
2330 1435 2536 1503 Πέτρον
2567 1431 2896 1501 διελόμενος,
2925 1431 3026 1502 τὴν
3064 1429 3172 1483 τῶν
3205 1431 3455 1500 πενήτων
3483 1429 3544 1482 οὐ
3579 1428 3814 1481 διείλετο

2206 1516 2564 1588 προστασίαν·
2602 1513 2715 1568 ἀλλ’
2743 1512 2943 1578 εἰπὼν,
2965 1513 3049 1566 ὅτι
3079 1512 3280 1578 Δεξιὰς
3309 1513 3541 1566 ἔδωκαν
3563 1511 3695 1580 ἐμοὶ
3713 1510 3812 1563 καί

2208 1599 2486 1668 Βαρνάϐᾳ
2504 1599 2840 1663 κοινωνίας,
2856 1596 2958 1650 ῖνα
2977 1596 3150 1664 ἡμεῖς
3169 1597 3257 1662 εἰς
3278 1595 3349 1648 τὰ
3365 1595 3537 1662 ἔθνη,
3554 1593 3727 1648 αὐτοὶ
3745 1593 3815 1646 δὲ

2207 1687 2296 1750 είς
2308 1681 2420 1749 τὴν
2437 1679 2786 1748 περιτομὴν,
2799 1680 3070 1750 ἐπήγαγε,
3082 1681 3289 1732 Μόνον
3309 1677 3428 1730 τῶν
3445 1675 3703 1746 πτωχῶν
3715 1678 3817 1730 ἵνα

2205 1766 2698 1836 μνημονεύωμεν,
2713 1762 2746 1815 δ
2765 1762 2863 1814 καὶ
2888 1761 3246 1816 ἐσπούδασα
3265 1759 3414 1813 αὐτὸ
3442 1760 3622 1814 τοῦτο
3652 1756 3816 1826 ποιῆο

2211 1863 2336 1902 σαι.
2370 1847 2480 1901 Καὶ
2502 1845 2614 1916 γὰρ
2644 1842 2924 1914 πανταχοῦ
2951 1842 3060 1897 τῶν
3103 1837 3433 1896 Ἐπιστολῶν
3445 1840 3538 1894 τὸν
3554 1845 3686 1914 περὶ
3701 1840 3824 1894 τού-

2211 1948 2321 1985 των
2352 1929 2598 1998 εἰσφέρει
2643 1927 2823 1996 λόγον,
2875 1927 2969 1980 καὶ
2999 1927 3101 1978 οὐκ
3149 1924 3297 1978 ἔστιν
3341 1924 3524 1995 εὑρεῖν
3555 1923 3820 1993 οὐδεμίαν

2215 2013 2503 2082 ἐπιστολὴν
2528 2011 2733 2081 ταύτης
2753 2009 2912 2073 ἐκτὸς
2949 2007 3116 2064 οὖσαν
3136 2008 3238 2078 τῆς
3269 2008 3666 2080 παραινέσεως.
3697 2003 3819 2060 (ὶῖδε

2214 2097 2346 2170 γάρ,
2374 2092 2516 2150 οἶδεν
2549 2098 2650 2164 ὅση
2680 2095 2773 2148 τοῦ
2839 2095 3171 2166 πράγματος
3206 2095 3240 2164 ἡ
3303 2092 3478 2162 ἰσχύς·
3524 2091 3614 2144 διά
3658 2090 3822 2143 τοῦτο

2217 2180 2469 2250 καθάπερ
2506 2178 2766 2249 οἰκοδομῇ
2807 2177 3134 2247 θαυμαστὴν
3172 2173 3377 2246 ὀροφὴν
3408 2171 3678 2235 ἐπιτιθεὶς
3701 2176 3824 2235 ταῖς

2217 2265 2432 2326 λοιπαῖς
2482 2261 2841 2332 παραινέσεσι
2891 2258 2988 2312 καὶ
3023 2257 3379 2328 συμϐουλαῖς,
3408 2257 3508 2327 τὴν
3542 2258 3675 2327 περί
3695 2257 3824 2309 τού-

2218 2365 2329 2401 των
2359 2348 2573 2413 εἰσάγει
2611 2344 2986 2399 διδασκαλίαν.
3013 2344 3193 2412 Ὅπερ
3225 2337 3321 2394 οὖν
3342 2342 3437 2394 καὶ
3459 2339 3699 2394 ἐνταῦθα
3727 2357 3823 2393 πε-

2222 2428 2420 2499 ποίηκε
2478 2427 2781 2498 διαλεχθεὶς
2836 2426 2966 2496 περὶ
3005 2424 3378 2485 ἀναστάσεως,
3437 2422 3534 2475 καὶ
3579 2424 3649 2476 τά
3687 2423 3833 2477 ἄλλα

2221 2511 2524 2582 διορθώσας
2575 2511 2812 2572 ἅπαντα,
2867 2511 2948 2572 εἰς
3006 2508 3098 2561 τὸν
3137 2509 3264 2578 περὶ
3307 2507 3407 2575 τῆς
3453 2504 3828 2577 ἐλεημοσύνης

2222 2595 2487 2648 κατέλυσε
2516 2593 2695 2660 λόγον,
2729 2591 2901 2654 οὕτως
2936 2590 3128 2644 εἰπών·
3172 2591 3311 2658 Περὶ
3343 2589 3412 2642 δὲ
3444 2587 3553 2656 τῆς
3609 2590 3826 2659 λογίας

2221 2677 2334 2746 τῆς
2355 2680 2442 2742 εὶς
2466 2677 2607 2740 τοὺς
2638 2677 2870 2745 ἁγίους,
2903 2675 3100 2740 καθὼς
3121 2674 3366 2738 διέταξα
3394 2673 3524 2740 ταῖς
3571 2675 3826 2740 Ἐκκλη-

2222 2763 2385 2826 σιαις
2412 2759 2525 2828 τῆς
2573 2758 2898 2824 Γαλατίας,
2945 2758 3099 2811 οὕτω
3153 2758 3252 2810 καί
3283 2756 3455 2826 ὑμεῖς
3508 2756 3827 2821 ποιήσατε·

2222 2844 2376 2898 κατὰ
2425 2845 2575 2912 μίαν
2604 2841 2924 2897 σαϐϐάτων
2953 2841 3212 2906 ἕκαστος
3236 2839 3427 2910 ὑμῶν.
3465 2841 3668 2894 Σκόπει
3699 2841 3827 2895 σύν-

2220 2944 2338 2980 εσιν
2361 2925 2754 2995 άποστολικὴν,
2804 2924 2920 2986 πῶς
2955 2924 3233 2995 εὐκαίρως
3273 2922 3483 2991 ταύτης
3509 2923 3691 2993 ἥψατο
3727 2923 3827 2994 τῆς

2224 3011 2621 3082 παραινέσεως.
2683 3007 2904 3078 Ἐπειδὴ
2956 3007 3066 3078 γὰρ
3098 3008 3374 3078 ἀνέμνησε
3407 3007 3501 3060 τοῦ
3540 3007 3827 3076 μέλλοντος

2221 3092 2596 3164 δικαστηρίου,
2629 3091 2725 3144 καὶ
2762 3090 2856 3143 τοῦ
2896 3090 3140 3160 βήματος
3187 3090 3396 3144 ἐκείνου
3432 3090 3525 3143 τοῦ
3565 3090 3827 3161 φοϐεροῦ,

2224 3177 2320 3230 καὶ
2346 3175 2444 3244 τῆς
2473 3174 2655 3243 δόξης,
2675 3170 2743 3246 ἦς
2761 3172 3163 3244 ἀμφιέννυσθαι
3190 3171 3415 3242 ἔμελλον
3447 3175 3497 3225 οί
3530 3173 3824 3243 κατωρθω-

2225 3258 2404 3320 κότες,
2436 3258 2530 3310 καὶ
2559 3257 2659 3326 τῆς
2709 3256 2982 3308 ἀθανάτου
3033 3255 3338 3326 διατριϐῆς·
3380 3257 3503 3308 τότε
3537 3254 3724 3309 λοιπὸν
3747 3258 3828 3322 εἰς

2223 3341 2317 3394 τὸν
2345 3340 2476 3410 περὶ
2505 3339 2711 3392 τούτων
2750 3337 3012 3408 ἐμϐάλλει
3044 3337 3225 3405 λόγον,
3279 3336 3369 3390 ἵνα
3405 3340 3527 3400 ταῖς
3559 3341 3826 3408 χρησταῖς

2225 3422 2436 3476 ἐλπίσιν
2467 3420 2814 3483 ἀναπνεύσας
2849 3421 2942 3474 καὶ
2976 3421 3123 3491 ῥᾴων
3143 3420 3437 3490 γενόμενος
3461 3422 3489 3472 ὁ
3515 3422 3825 3494 ἀκροατὴς,

2228 3503 2368 3574 μετά
2417 3502 2659 3566 πλείονος
2706 3503 2870 3555 αὐτὸν
2926 3501 3286 3571 καταδέξηται
3343 3503 3444 3572 τῆς
3488 3502 3828 3574 προθυμίας,

2223 3586 2609 3657 ἐνακμάζοντα
2638 3585 2729 3637 τὸν
2762 3583 2927 3653 φόϐον
2959 3583 3111 3656 [250]
3146 3585 3286 3654 ἒχων
3308 3584 3409 3653 τῆς
3434 3585 3691 3656 κρίσεως,
3728 3586 3826 3640 καὶ

2222 3668 2611 3741 γαυριωμένην
2640 3667 2740 3738 τὴν
2759 3667 2941 3737 ψυχὴν
2969 3669 3091 3730 ταῖς
3124 3668 3231 3720 τῶν
3274 3667 3654 3737 ἀποκειμένων
3683 3670 3826 3736 ἀγα-

2225 3752 2334 3806 θῶν
2361 3750 2732 3822 προσδοκίαις.
2765 3749 2824 3801 ‘0
2857 3748 2964 3819 γάρ
2989 3751 3114 3820 περί
3145 3749 3498 3813 ἀναστάσεως
3527 3750 3827 3820 δυνάμενος

2226 3834 2555 3903 φιλοσοφεῖν,
2613 3832 2708 3885 καὶ
2747 3833 3096 3901 μεταστήσας
3140 3832 3334 3884 ἑαυτὸν
3393 3832 3513 3885 ὅλον
3557 3833 3696 3902 πρδς
3726 3833 3827 3905 τὴν

2228 3917 2347 3969 ἐκεῖ
2403 3914 2569 3980 ζωὴν,
2621 3913 2776 3966 οὐδὲν
2835 3914 3105 3984 ἡγήσεται
3156 3911 3226 3965 τά
3269 3915 3512 3985 παρόντα
3564 3912 3727 3977 εἶναι,
3763 3917 3827 3968 οὐ

2229 3997 2480 4060 πλοῦτον,
2505 3998 2605 4049 οὐκ
2635 3996 2915 4066 εὐπορίαν,
2951 3996 3011 4048 οὐ
3043 3996 3289 4067 χρυσίον,
3324 3997 3424 4048 οὐκ
3441 3999 3706 4069 ἄργυρον,
3727 3998 3826 4070 οὐχ

2231 4079 2460 4150 ἱματίων
2487 4079 2802 4149 περιϐολὴν,
2837 4078 2899 4130 οὐ
2931 4080 3165 4152 τρυφὴν,
3205 4079 3266 4131 οὐ
3293 4081 3571 4149 τραπέζας
3589 4081 3823 4134 οτολυτε-

2227 4164 2361 4224 λεῖς,
2393 4162 2494 4214 οὐκ
2518 4160 2646 4215 ἀλλο
2678 4162 2786 4212 τῶν
2815 4161 3070 4214 τοιούτων
3113 4162 3288 4214 οὐδέν·
3326 4165 3354 4214 ὁ
3373 4162 3430 4214 δὲ
3458 4162 3630 4215 ταῦτα
3657 4164 3826 4234 μηδὲν

2229 4242 2371 4298 εἶναι
2423 4244 2682 4314 νομίζων,
2725 4243 3090 4314 εὐκολώτερον
3129 4245 3227 4314 τῆς
3271 4243 3381 4296 τῶν
3415 4248 3666 4314 πενήτων
3705 4246 3806 4300 ἀνθ

2230 4327 2409 4390 έξεται
2436 4326 2792 4396 προστασίας.
2840 4325 2940 4378 Διά
2989 4327 3046 4380 δὲ
3085 4325 3243 4380 τοῦτο
3269 4329 3365 4381 καὶ
3394 4329 3606 4393 Παῦλος
3643 4331 3827 4395 καλῶς

2233 4409 2769 4478 προπαρασκευάσας
2819 4409 2998 4462 αὐτῶν
3036 4408 3134 4480 τὴν
3183 4410 3422 4463 διάνοιαν
3462 4414 3528 4482 τῇ
3566 4413 3696 4482 περὶ
3724 4413 3826 4484 τῆς

2231 4489 2582 4550 ἀναστάσεως
2597 4489 2914 4567 φιλοσοφίᾳ,
2931 4491 3050 4542 τότε
3071 4493 3333 4561 είσήγαγε
3358 4494 3458 4564 τὴν
3479 4499 3823 4567 παραίνεσιν.

2303 4569 2408 4624 Καὶ
2437 4572 2538 4623 οὐκ
2566 4566 2710 4632 εἷπε,
2729 4573 2863 4640 Περὶ
2886 4571 2940 4623 δὲ
2972 4573 3068 4642 τῆς
3092 4573 3276 4641 λογίας
3291 4576 3389 4644 τῆς
3419 4580 3496 4630 εἰς
3525 4566 3651 4642 τοὺς
3678 4598 3829 4634 πτω-

2229 4653 2376 4720 χοὺς,
2404 4651 2545 4716 οὐδὲ,
2574 4653 2675 4721 τῆς
2708 4654 2785 4715 εἰς
2815 4655 2938 4717 τούς
2968 4655 3226 4725 πένητας,
3264 4656 3424 4721 ἀλλά,
3447 4655 3558 4724 τῆς
3575 4661 3663 4723 είς
3683 4660 3830 4724 τοὺς

2227 4732 2453 4798 ἁγίους·
2471 4731 2742 4786 παιδεύων
2776 4736 2903 4798 τοὺς
2938 4735 3235 4799 ἀκούοντας
3270 4737 3362 4789 καὶ
3411 4738 3536 4800 τοὺς
3566 4741 3624 4791 ἐν
3661 4740 3827 4810 πενίᾳ

2233 4815 2557 4886 θαυμάζειν,
2599 4817 2728 4868 ὅταν
2755 4818 3000 4881 εὐσεϐεῖς
3048 4813 3171 4883 ὦσι,
3221 4821 3314 4872 καὶ
3337 4821 3462 4883 τοὺς
3495 4823 3552 4874 ἐν
3605 4821 3827 4893 πλούτῳ

2229 4897 2529 4964 διαπτύειν,
2565 4899 2693 4951 ὅταν
2724 4900 2927 4973 ἀρετῆς
2957 4904 3390 4974 καταφρονῶσιν.
3423 4901 3542 4957 Οῐδε
3567 4905 3699 4973 γοῦν
3730 4909 3827 4961 καὶ

2235 4982 2456 5041 βασιλέα
2491 4981 2720 5052 βέϐηλον
2749 4984 2934 5036 καλεῖν
2979 4987 3071 5038 καὶ
3102 4988 3440 5056 παράνομον,
3472 4989 3600 5041 ὅταν
3627 4988 3824 5059 £1090;

2225 5061 2256 5136 ᾖ
2291 5065 2370 5135 τῷ
2413 5065 2556 5136 Θεῷ,
2595 5066 2687 5118 καὶ
2721 5067 2972 5138 πτωχοὺς
3013 5070 3220 5136 ἁγίους,
3248 5071 3376 5123 ὃταν
3426 5073 3689 5136 ἐπιεικεῖς
3716 5066 3822 5126 ὦσι

2228 5151 2321 5200 καὶ
2351 5148 2580 5218 μέτριοι.
2615 5148 2718 5199 Τὸν
2751 5149 2880 5214 γοῦν
2934 5150 3162 5218 Νέρωνα
3217 5155 3515 5224 μυστήριον
3545 5158 3644 5222 τῆς
3699 5156 3820 5208 ἀνο-

2234 5232 2360 5300 μίας
2397 5231 2574 5294 καλεῖ,
2603 5231 2798 5299 λέγων·
2828 5249 2834 5254 ‘
2869 5233 2940 5286 Τὸ
2979 5235 3087 5303 γὰρ
3121 5236 3462 5305 μιοστήριον
3515 5237 3628 5304 ἤδη
3657 5238 3824 5306 ἐνερ-

2230 5313 2411 5382 γεῖται
2435 5313 2541 5382 τῆς
2576 5315 2850 5383 ἀνομίας·
2888 5317 3111 5380 τούτους
3145 5318 3198 5371 δὲ
3233 5321 3327 5372 καὶ
3365 5321 3486 5372 οὐδὲ
3521 5321 3620 5389 τῆς
3647 5322 3821 5390 ἀναγ-

2232 5397 2389 5459 καίας
2416 5397 2783 5467 εὐποροῦντας
2809 5401 3033 5470 τροφῆς,
3063 5401 3176 5453 ἀλλ’
3205 5404 3268 5454 ἐκ
3305 5402 3397 5455 τοῦ
3428 5405 3670 5457 ἐπαιτεῖν
3693 5406 3822 5477 ιερε-

2233 5478 2520 5549 φομένους,
2559 5482 2745 5548 ἁγίους
2779 5482 3079 5554 ὠνόμασεν.
3113 5485 3261 5556 ’Ἅμα
3306 5485 3361 5537 δὲ
3393 5488 3673 5550 κάκείνους
3693 5487 3823 5541 λανο

2227 5563 2495 5625 θανόντως
2528 5565 2774 5617 ἐδίδασκε
2807 5565 2879 5634 μὴ
2912 5567 3051 5634 μέγα
3077 5570 3316 5637 φρονεῖν,
3337 5569 3469 5638 μηδὲ
3495 5570 3821 5640 ἐπαίρεσθαι

2225 5650 2288 5717 τῇ
2316 5649 2415 5717 τῆς
2445 5648 2658 5718 ἐντολῆς
2713 5648 2877 5717 δόσει,
2911 5649 2984 5714 ὡς
3017 5651 3257 5706 εὐτελέσι
3302 5653 3410 5706 τισὶ
3463 5656 3554 5708 καί
3585 5654 3819 5710 εὐκαταο
