4088 6410
313 329 430 388 261

1662 330 1749 385 DE
1790 327 2277 385 ELEEMOSYNA.

3495 334 3610 393 56‘).

1310 679 1444 757 DE
1519 678 2203 760 ELEEMOSYNA
2277 677 2616 758 SEBMO

329 941 604 988 HABH’US
634 939 767 984 σοι
792 936 1016 982 818118
1056 934 1356 980 ΤΕΙΡΟΒΒ
1384 930 1932 987 ranmnsussn,

2037 928 2409 976 PPAUPIIBS
2451 932 2902 993 IRNDICOSQUB
2942 942 3306 999 numeros
3348 955 3638 1007 νωιηιτ

1650 1030 1715 1074 ιι(
1757 1027 1944 1073 F030-
1966 1027 2305 1072 JACBNTIS.

1762 1152 2157 1167 Ψ

400 1262 455 1314 t.
490 1257 735 1313 Hostilia!
760 1256 915 1327 hujus
952 1254 1197 1310 ιιαιιηάω
1223 1252 1443 1307 o‘Ccasio.
1478 1280 1551 1291 -
1580 1248 1927 1320 Legationem

328 1349 614 1420 quamdam
635 1350 853 1419 justam,
880 1348 1064 1402 utilem
1088 1346 1345 1415 vobisque
1369 1350 1755 1412 congruentem
1782 1336 1924 1408 apud

333 1457 426 1497 vos
453 1440 699 1495 obiturus
718 1439 918 1495 accessi
948 1436 1145 1500 hodie;
1177 1451 1281 1490 non
1303 1436 1371 1491 ab
1395 1435 1502 1488 alio
1527 1432 1778 1503 quopiam
1806 1443 1929 1483 ora-

332 1544 414 1587 tor
439 1531 788 1596 constitutus,
815 1544 974 1600 quam
1000 1544 1030 1583 a
1054 1528 1395 1599 pauperibus,
1416 1526 1505 1595 qui
1529 1534 1764 1579 vestram
1789 1521 1929 1575 hanc

328 1623 599 1676 civitatem
630 1621 909 1686 incolunt;
938 1634 1042 1674 non
1074 1618 1273 1683 verbis,
1304 1631 1409 1669 non
1436 1613 1680 1677 calculis,
1710 1628 1815 1666 non
1841 1624 1927 1665 se-

331 1712 739 1766 natusconsulto
765 1712 985 1778 missus,
1008 1710 1101 1765 sed
1124 1708 1521 1763 miserabilibus
1539 1703 1928 1760 acerbissimis-

329 1815 434 1871 que
477 1800 822 1869 spectaculis.
850 1798 981 1853 Nam
1006 1813 1127 1853 cum
1168 1797 1233 1852 ad
1276 1806 1475 1851 cretum
1521 1804 1757 1852 vestrum
1798 1808 1927 1863 pro-

332 1908 528 1965 perans
546 1908 643 1963 per
658 1892 831 1947 forum
854 1901 908 1946 et
923 1892 1235 1961 angiportus
1254 1889 1560 1955 transirem,
1580 1887 1927 1956 videremque

328 1987 526 2041 multos
564 1985 760 2041 mediis
789 1986 841 2039 in
873 1984 1027 2038 biviis
1061 1984 1336 2053 jacentes,
1369 1980 1504 2035 alios
1544 1978 1774 2035 exsectis
1810 1993 1926 2031 ma-

330 2078 507 2141 nibus,
560 2076 697 2131 alios
722 2075 935 2130 eﬂossis
974 2075 1165 2139 oculis,
1211 2074 1345 2128 alios
1393 2070 1664 2126 ulceribus
1695 2068 1929 2123 vulneri-

330 2170 537 2235 busque
590 2167 978 2223 insanabilibus
1030 2166 1251 2236 plenos,
1314 2164 1540 2233 illasque
1590 2162 1927 2233 potissimum

329 2269 511 2331 partes
562 2258 898 2323 exhibentes,
949 2273 1082 2326 quas
1126 2266 1345 2327 propter
1388 2256 1596 2310 saniem
1642 2262 1931 2323 contegere

326 2367 463 2421 opus
487 2360 608 2405 erat
638 2368 651 2403 :
675 2345 933 2405 extremae
961 2348 1364 2403 inhumanitatis
1384 2362 1505 2403 esse
1532 2347 1685 2412 duxi,
1712 2347 1757 2399 si
1788 2345 1928 2413 apud

328 2445 607 2500 caritatem
644 2452 882 2498 vestram
926 2442 995 2496 de
1039 2440 1124 2496 his
1162 2457 1268 2496 non
1312 2440 1474 2495 verba
1523 2438 1778 2505 facerem,
1807 2452 1929 2492 cum

327 2535 562 2590 maxime
590 2542 785 2603 prater
812 2546 898 2601 ea,
925 2548 1045 2602 qua:
1072 2532 1211 2587 dicta
1242 2540 1385 2597 sunt,
1416 2546 1504 2587 me
1526 2540 1736 2600 tempus
1765 2530 1929 2585 etiam

326 2627 395 2682 ad
422 2642 543 2681 eam
573 2641 687 2682 rem
716 2626 1088 2696 compelleret.
1120 2623 1251 2679 Nam
1285 2638 1500 2695 semper
1543 2622 1757 2693 quidem
1795 2636 1930 2675 con-

329 2718 477 2773 venit
525 2717 595 2773 de
648 2717 992 2788 eleemosyna
1042 2731 1347 2770 sermonem
1404 2715 1637 2780 habere,
1683 2713 1929 2784 quando-

326 2809 546 2879 quidem
570 2818 622 2862 et
653 2824 754 2863 nos
781 2808 943 2861 multa
974 2806 1184 2861 Domini
1210 2806 1299 2877 qui
1329 2821 1425 2861 nos
1445 2806 1685 2861 condidit
1714 2805 1927 2859 miseri-

327 2899 509 2953 cordia
552 2914 802 2968 egemus;
832 2897 926 2952 sed
972 2898 1072 2952 hac
1116 2906 1433 2966 tempestate
1477 2897 1737 2963 maxime,
1782 2905 1929 2951 tanto

331 2998 554 3059 urgente
573 2987 791 3059 frigore.
818 2987 1029 3045 Estate
1046 3003 1277 3057 namque
1300 2987 1555 3056 temporis
1576 2986 1931 3041 commoditas

331 3095 583 3149 magnum
628 3078 783 3134 atl'ert
819 3080 1142 3149 pauperibus
1174 3078 1423 3133 solatium
1458 3096 1472 3131 :
1508 3065 1629 3130 nam
1668 3077 1751 3131 vel
1798 3075 1924 3129 nudi

328 3172 449 3226 sine
498 3170 739 3241 periculo
773 3171 1050 3226 ambulare
1095 3178 1338 3240 possunt,
1369 3184 1493 3223 cum
1540 3170 1745 3223 solares
1795 3168 1928 3222 radii

328 3261 637 3316 vestimenti
683 3260 803 3315 loco
845 3260 972 3325 sint,
1000 3274 1121 3314 eum
1161 3267 1281 3314 tuto
1314 3261 1519 3330 possint
1551 3260 1601 3312 in
1650 3258 1796 3312 nudo
1839 3273 1931 3327 pa-

328 3353 571 3406 vimento
599 3350 819 3413 cubare,
849 3360 903 3405 et
932 3350 1033 3405 sub
1059 3349 1149 3405 dio
1174 3360 1360 3405 noctes
1388 3351 1724 3420 transigere;
1756 3363 1929 3419 neque

329 3442 467 3497 adeo
494 3442 876 3496 calceamentis
912 3440 1180 3511 indigent,
1214 3457 1318 3496 non
1348 3441 1457 3495 vini
1498 3450 1647 3510 potu,
1678 3455 1785 3494 non
1817 3441 1932 3494 lau-

332 3533 467 3587 tiore
498 3530 621 3585 cibo
646 3548 661 3585 :
696 3546 820 3585 nam
846 3535 976 3585 satis
1004 3540 1131 3585 sunt
1161 3531 1289 3601 ipsis
1316 3531 1490 3585 fontes
1516 3545 1812 3601 aquarum;
1846 3530 1930 3585 his

332 3622 525 3675 viliora
548 3622 717 3685 olera,
746 3621 849 3675 illis
872 3636 1037 3688 pauca
1058 3620 1313 3690 aridaque
1340 3622 1604 3691 legumina
1631 3620 1927 3686 sufﬁciunt,

330 3713 456 3764 anni
512 3720 831 3780 tempestate
880 3718 1138 3780 apparatu
1182 3708 1392 3765 facilem
1449 3696 1930 3780 ipsisinstrucnte

330 3815 596 3854 mensam.
623 3799 883 3870 Aliudque
924 3815 1023 3855 nec
1060 3802 1236 3854 minus
1266 3800 1607 3855 commodum
1646 3810 1771 3854 tunc
1802 3801 1931 3870 ipsis

332 3890 507 3955 adest;
534 3889 793 3959 operandi
824 3905 1016 3959 nempe
1044 3891 1266 3945 facultas
1301 3909 1312 3943 :
1340 3907 1462 3944 nam
1494 3895 1583 3961 qui
1611 3892 1802 3946 domos
1830 3907 1927 3945 ex-

332 3990 569 4046 struunt,
597 3982 690 4052 qui
738 3992 933 4038 terram
975 3982 1205 4045 fodiunt,
1255 3984 1344 4051 qui
1390 3984 1441 4037 in
1479 3984 1609 4038 mari
1658 3984 1925 4053 navigant,

335 4073 529 4128 horum
576 4074 807 4129 maxime
837 4076 1135 4130 ministerio
1177 4090 1311 4144 opus
1340 4076 1558 4130 habent.
1606 4076 1760 4143 Quod
1788 4078 1930 4130 enim

335 4163 593 4217 divitibus
639 4173 765 4218 sunt
821 4166 969 4235 agri,
1022 4166 1216 4220 domus
1265 4167 1553 4237 easterique
1607 4177 1929 4235 proventus,

337 4254 572 4323 idipsum
600 4265 682 4309 est
705 4255 811 4309 illis
834 4270 1052 4325 corpus,
1085 4267 1134 4309 et
1168 4258 1255 4326 qui
1291 4260 1534 4311 manibus
1557 4258 1731 4327 parari
1761 4269 1935 4327 potest

338 4345 544 4399 reditus
578 4344 833 4398 :‘aliunde
862 4345 991 4398 nihil
1032 4346 1203 4399 adest.
1234 4347 1568 4416 Quapropter
1597 4357 1784 4402 aestate
1816 4348 1935 4419 qui-

337 4434 459 4488 dem
485 4434 757 4504 quidpiam
781 4435 1001 4489 oll’ertur
1026 4436 1222 4501 solatii;
1249 4437 1472 4492 hiberno
1489 4449 1664 4493 autem
1694 4449 1937 4510 tempore

340 4542 593 4595 magnum
623 4524 729 4579 illis
775 4526 1008 4597 undique
1047 4527 1267 4593 bellum,
1300 4528 1496 4597 duplex
1523 4529 1730 4583 obsidio
1752 4573 1765 4595 ,
1796 4528 1937 4585 fame

341 4618 485 4670 intus
513 4617 717 4670 viscera
748 4616 992 4683 rodente,
1025 4618 1327 4689 frigorequc
1356 4622 1694 4675 extrinsecus
1720 4637 1937 4676 carnem

341 4708 696 4777 Congelaute,
720 4716 775 4762 et
804 4710 952 4778 quasi
986 4724 1091 4763 mox
1108 4719 1249 4763 tuam
1284 4712 1561 4765 reddente.
1595 4710 1799 4767 Idcirco
1833 4714 1939 4768 lar-

342 4800 491 4868 giore
513 4799 659 4864 cibo,
690 4798 939 4854 densiore
966 4802 1159 4855 vestitu
1192 4816 1326 4871 opus
1355 4802 1581 4869 habent,
1615 4804 1940 4875 insuperque

346 4900 510 4957 tecto,
552 4900 741 4957 strato,
773 4892 1150 4947 calceamentis
1186 4895 1473 4964 multisque
1512 4898 1648 4950 aliis.
1680 4898 1940 4967 Quodque

345 4982 449 5036 illis
476 4980 721 5035 acerbius
752 4990 857 5046 est,
890 4997 957 5036 ne
983 4983 1237 5051 operandi
1265 4985 1479 5054 quidem
1508 4986 1812 5043 facultatem
1842 4988 1939 5041 ha-

347 5074 473 5125 bent
506 5088 520 5123 :
548 5086 725 5142 neque
757 5073 903 5137 enim
934 5072 983 5126 id
1024 5074 1147 5127 anni
1191 5083 1479 5144 tempestas
1518 5079 1731 5145 patitur.
1763 5082 1942 5145 Quan-

344 5163 633 5233 doquidem
666 5164 825 5233 igitur
862 5165 1099 5233 pluribus
1146 5167 1383 5237 indigent
1423 5168 1593 5237 iisque
1624 5172 1943 5225 necessariis

346 5258 529 5321 rebus,
560 5271 734 5326 neque
758 5257 1015 5325 Operatidi
1042 5258 1263 5313 facultas
1284 5260 1454 5323 adest,
1483 5261 1696 5315 nemine
1719 5264 1945 5319 miseros

344 5347 703 5413 conducentc,
739 5349 953 5403 nemine
978 5349 1042 5402 ad
1066 5364 1199 5418 Opus
1220 5360 1462 5414 vocante,
1496 5366 1612 5420 age,
1636 5354 1943 5409 conducen-

349 5441 479 5494 tium
514 5442 649 5507 vice,
696 5442 1124 5496 misericordimn
1166 5442 1441 5497 hominum
1486 5460 1674 5499 manus
1711 5448 1946 5517 porriga~

349 5548 467 5585 ntus
500 5549 513 5583 :
547 5542 709 5602 atque
752 5534 816 5587 ad
852 5534 989 5589 hanc
1035 5536 1352 5605 legationem
1397 5537 1617 5591 Paulum
1654 5554 1946 5609 egenorum

348 5638 474 5677 vere
504 5632 787 5691 patronum
816 5636 868 5678 et
898 5637 1199 5681 curatorem
1230 5628 1280 5680 in
1306 5628 1564 5697 collegam
1588 5643 1945 5684 assumamus.

352 5712 564 5767 Etenim
618 5730 862 5784 magnam
910 5717 994 5772 ille
1028 5718 1246 5787 hujusce
1288 5719 1387 5785 rci,
1422 5728 1472 5773 ct
1504 5728 1758 5788 quantam
1790 5737 1948 5778 nemo

2036 1242 2192 1308 alius,
2225 1244 2641 1305 sollicitudinem
2672 1249 2852 1309 habet.
2896 1255 3051 1314 Unde
3094 1258 3281 1318 divisis
3319 1278 3442 1324 cum
3473 1268 3636 1329 Petro

2034 1331 2331 1403 discipulis,
2366 1353 2658 1408 pauperum
2680 1357 2864 1399 curam
2886 1363 2993 1403 non
3022 1348 3204 1408 divisit
3233 1372 3248 1408 :
3272 1358 3369 1413 sed
3398 1375 3521 1417 cum
3551 1362 3634 1419 tli-

2032 1424 2221 1519 xisset,
2246 1425 2478 1519 “Dextras
2504 1431 2752 1488 dederunt
2778 1438 2904 1492 mihi
2933 1448 2980 1493 ct
3001 1439 3256 1500 Barnaba
3275 1450 3549 1519 societatis,
3578 1465 3637 1509 ut

2032 1529 2130 1613 nos
2156 1515 2207 1569 in
2226 1514 2437 1613 gentes,
2461 1522 2562 1591 ipsi
2597 1524 2651 1577 in
2692 1526 3125 1588 circumcisioncm
3158 1534 3299 1610 (Gul.
3328 1539 3385 1595 2.
3408 1542 3487 1613 9),
3533 1514 3635 1602 ad-

2027 1604 2155 1707 jeeit
2177 1647 2191 1670 ,
2224 1605 2446 1707 Tantum
2494 1620 2559 1707 ut
2586 1630 2869 1707 pauperum
2904 1604 3415 1686 mcmorcs‘csscmus
3443 1604 3636 1707 siquod

2031 1694 2183 1794 ctiam
2212 1696 2460 1794 sollicitus
2484 1702 2560 1771 fui
2585 1701 2681 1757 hoc
2709 1706 2875 1774 ipsum
2905 1714 3074 1781 facere
3096 1714 3258 1787 (Ibid.
3302 1735 3349 1774 ο.
3390 1694 3523 1794 10)..
3541 1727 3633 1783 Et-

2030 1787 2174 1841 enim
2198 1788 2393 1860 ubique
2412 1806 2513 1862 per
2531 1796 2787 1863 epistolas
2806 1815 2929 1856 suas
2954 1802 3037 1858 his
3056 1804 3125 1860 de
3147 1809 3305 1864 rebus
3324 1787 3632 1871 sermonem

2033 1878 2268 1974 inducit,
2289 1896 2467 1953 neque
2502 1884 2663 1940 ullam
2695 1888 2812 1957 ejus
2846 1894 3085 1960 reperias
3122 1899 3405 1966 epistolam
3448 1903 3638 1974 hujus-

2034 1969 2178 2023 modi
2204 1972 2571 2030 admonitione
2592 1990 2831 2033 vacuam.
2864 1980 3079 2039 Sciebat
3105 1988 3269 2057 enim,
3297 1992 3499 2048 sciebat
3520 1969 3633 2052 uti-

2034 2074 2141 2128 que
2162 2062 2346 2130 quanti
2376 2066 2634 2120 momenti
2664 2083 2752 2123 res
2778 2070 2847 2123 sit
2879 2089 2894 2126 :
2922 2075 3274 2142 quamobrem
3298 2096 3362 2135 ac
3388 2084 3433 2136 si
3460 2085 3633 2141 (edifi-

2033 2149 2118 2203 cio
2146 2150 2391 2207 mirabile
2423 2154 2689 2225 fastigium
2738 2158 3013 2230 imponat,
3058 2166 3279 2237 reliquis
3319 2175 3538 2228 monitis
3577 2186 3637 2233 et

2032 2241 2274 2297 consiliis
2303 2242 2602 2301 doctrinam
2626 2247 2728 2305 hac
2753 2250 2819 2305 de
2846 2268 2905 2308 re
2923 2252 3129 2325 adjicit.
3153 2259 3308 2326 Quod
3340 2266 3502 2320 etiam
3533 2266 3636 2324 hoc

2033 2330 2152 2385 loco
2182 2331 2328 2400 fecit,
2363 2351 2485 2391 eum
2509 2337 2575 2393 de
2601 2342 2997 2400 resurrectione
3027 2346 3314 2417 loquutus,
3351 2365 3634 2426 postquam

2031 2432 2226 2477 extera
2269 2428 2449 2481 omnia
2498 2427 2860 2500 disposuerat,
2905 2436 2958 2490 in
2998 2437 3139 2495 hunc
3179 2440 3248 2496 de
3286 2443 3634 2520 eleemosyna

2038 2530 2343 2611 sermonem
2373 2519 2570 2576 desinit
2595 2523 2678 2578 his
2707 2525 2886 2580 verbis
2910 2544 2925 2581 :
2954 2526 3033 2582 Dc
3056 2530 3277 2587 collectis
3305 2545 3494 2603 autem,
3522 2519 3641 2611 qua!

2034 2609 2164 2676 ﬁunt
2190 2610 2242 2663 in
2269 2622 2493 2679 sanctos,
2520 2615 2654 2668 sicut
2679 2616 2914 2671 ordinari
2944 2617 3189 2676 Ecclesiis
3215 2621 3453 2691 Galatia,
3486 2609 3560 2682 sic
3584 2638 3632 2684 et

2033 2714 2119 2752 cos
2160 2702 2314 2769 facile
2356 2717 2375 2755 :
2417 2703 2472 2757 in
2510 2719 2614 2758 una
2660 2704 2986 2761 sabbatorum
3034 2713 3382 2786 unusquisque
3418 2727 3639 2774 vestrum

2034 2790 2112 2859 (l.
2144 2793 2263 2846 Cor.
2292 2794 2379 2849 l6.
2420 2795 2470 2849 l.
2497 2793 2579 2865 2).
2603 2796 2990 2881 Animadverte
3016 2803 3354 2870 prudentiam
3384 2811 3642 2881 apostoli-

2032 2900 2173 2948 eam,
2219 2901 2378 2954 quam
2430 2896 2732 2957 opportune
2771 2889 2911 2946 hanc
2943 2901 3137 2949 tractet
3181 2896 3629 2956 admonitionem.

2034 2974 2321 3044 Postquam
2370 2978 2514 3031 enim
2564 2977 2803 3034 futurum
2839 2980 3101 3051 judicium
3142 2994 3197 3040 et
3228 2988 3461 3045 tribunal
3508 2991 3639 3048 illud

2034 3064 2372 3119 tremendum
2394 3080 2929 3135 commemorarent,
2963 3082 3063 3127 nec
3085 3089 3190 3128 non
3212 3076 3438 3145 gloriam
3467 3081 3635 3149 illam,

2031 3168 2133 3222 qua
2156 3155 2443 3211 ainieiendi
2473 3168 2596 3211 sunt
2618 3158 2673 3223 ii,
2698 3160 2786 3229 qui
2811 3162 2981 3230 probe
3002 3163 3260 3235 vixerint,
3288 3177 3448 3240 atque
3472 3174 3637 3229 vitam

2033 3246 2389 3301 immortalem
2419 3264 2433 3300 :
2466 3258 2593 3303 tunc
2625 3249 2847 3307 demum
2893 3251 2978 3308 his
3013 3253 3083 3310 de
3124 3256 3285 3313 rebus
3327 3273 3636 3319 sermonem

2033 3334 2215 3399 infert,
2248 3346 2305 3390 ut
2331 3339 2467 3391 bona
2493 3354 2590 3409 spe
2620 3340 2785 3395 fultus
2810 3351 2973 3413 atque
3000 3345 3303 3415 expeditior
3336 3348 3508 3407 factus
3536 3369 3631 3409 au-

2032 3426 2208 3491 ditor,
2239 3428 2445 3497 majore
2490 3430 2663 3499 ipsum
2702 3432 2981 3490 alacritate
3024 3436 3341 3505 susciperet,
3392 3449 3502 3495 tum
3557 3444 3639 3497 in-

2033 3526 2211 3571 stante
2235 3516 2420 3587 judicii
2454 3519 2647 3575 timore
2672 3532 2873 3589 motus,
2904 3533 3015 3578 tum
3043 3527 3407 3594 repositorum
3442 3544 3639 3601 exspe-

2032 3609 2268 3664 ctatione
2297 3610 2557 3665 bonorum
2602 3614 2863 3681 gestiens.
2908 3614 3120 3671 Etenim
3160 3619 3248 3687 qui
3276 3619 3346 3674 de
3392 3636 3643 3679 resurre-

2034 3702 2215 3754 ctione
2246 3700 2610 3771 philosophari
2637 3712 2833 3772 potest,
2860 3714 2915 3759 et
2944 3706 3012 3760 ad
3040 3705 3273 3762 futuram
3299 3708 3445 3765 illam
3474 3711 3641 3768 vitam

2034 3805 2094 3844 se
2133 3799 2303 3843 totum
2346 3791 2620 3857 transfert,
2666 3795 2951 3861 praesentia
2982 3796 3136 3850 nihili
3178 3796 3359 3863 faciet,
3391 3798 3641 3865 divitias,

2039 3880 2339 3945 facultates,
2364 3898 2575 3949 aurum,
2596 3894 3259 3956 argentum,sumptuosas
3279 3899 3480 3957 vestes,
3508 3892 3646 3947 deli-

2035 3973 2147 4027 cias
2173 4014 2188 4039 ,
2231 3974 2427 4027 lautam
2474 3989 2736 4038 mensam,
2768 3984 2859 4029 aut
2886 3976 3098 4046 quidvis
3124 3978 3269 4033 aliud
3298 3980 3476 4037 simile
3510 3998 3523 4036 :
3553 3986 3647 4053 qui

2036 4077 2214 4119 autem
2245 4064 2359 4119 hare
2387 4066 2517 4118 nihil
2549 4082 2673 4120 esse
2695 4076 2924 4135 reputat,
2958 4082 3254 4138 pauperum
3284 4074 3643 4140 patrocinium

2035 4156 2245 4210 facilius
2275 4158 2550 4250 suscipiet.
2598 4156 2831 4226 Ideoque
2879 4158 3097 4224 I’aulus,
3128 4169 3415 4230 postquam
3456 4178 3647 4218 eorum

2037 4259 2272 4303 mentem
2325 4263 2419 4317 per
2475 4250 2869 4319 philosophiam
2927 4250 3075 4305 illam
3125 4252 3194 4307 de
3246 4257 3650 4312 resurrectione

2041 4341 2262 4409 pulchre
2320 4352 2746 4411 praeparaverat,
2806 4353 2935 4397 tunc
3000 4343 3431 4403 adhortationem
3492 4348 3649 4406 illam

2039 4432 2234 4486 intulit.

2116 4523 2323 4593 Pauper
2338 4526 2451 4594 pius
2477 4525 2630 4578 divite
2653 4525 2882 4595 improbo
2920 4530 3260 4597 praestantior.
3295 4529 3494 4588 Paulus
3514 4551 3648 4603 pau-

2040 4632 2183 4685 peres
2196 4631 2516 4685 sumnwpcre
2530 4626 2695 4673 curat.
2710 4615 2904 4671 —-—Non
2921 4618 3074 4683 dixit,
3098 4620 3171 4674 De
3192 4622 3415 4676 collecta
3434 4638 3566 4681 vero
3591 4626 3649 4681 in

2042 4707 2335 4772 mendicos,
2361 4708 2466 4774 vel,
2488 4709 2538 4761 in
2564 4723 2846 4778 pauperes;
2873 4713 2991 4774 sed,
3014 4708 3080 4761 In
3106 4723 3308 4765 sanrtos
3333 4728 3351 4765 :
3372 4715 3650 4771 auditores

2045 4803 2330 4857 instituens
2362 4810 2418 4855 ut
2442 4817 2643 4871 egenos
2670 4802 3013 4856 admirationi
3044 4804 3321 4869 haberent,
3348 4807 3393 4860 si
3426 4808 3646 4877 quidem

2045 4896 2116 4949 illi
2148 4894 2220 4965 pii
2250 4903 2459 4959 essent;
2504 4895 2804 4964 divitesque
2832 4907 3177 4964 respuerent,
3202 4898 3245 4950 si
3289 4901 3542 4955 virtutem
3573 4903 3651 4957 illi

2044 4985 2408 5054 despicerent.
2450 4984 2600 5041 Solet
2637 4986 2779 5041 enim
2828 4986 2989 5039 etiam
3030 4986 3415 5056 Imperatorem
3468 4992 3649 5061 profa-

2047 5092 2175 5129 num
2221 5086 2275 5129 et
2308 5078 2547 5146 iniquum
2573 5090 2785 5140 vocare,
2813 5076 3027 5145 quando
3056 5078 3302 5135 inimicus
3328 5091 3412 5135 est
3440 5082 3569 5147 Dei;
3594 5094 3649 5139 et

2048 5183 2310 5239 pauperes
2339 5179 2571 5233 sanctos,
2602 5182 2721 5221 cum
2754 5170 2908 5239 probi
2938 5172 3275 5241 modestique
3306 5185 3447 5229 sunt.
3479 5176 3654 5231 Nero-

2049 5275 2169 5313 nem
2218 5260 2414 5328 quippe
2460 5260 2776 5331 mysterium
2824 5260 3117 5329 iniquitatis
3170 5273 3363 5328 vocat,
3424 5265 3649 5323 dicens:

2051 5350 2354 5421 Mysterinnt
2404 5352 2536 5405 cnim
2580 5368 2713 5404 nunc
2758 5362 3000 5418 aperatur
3043 5354 3328 5424 iniquitatis
3352 5354 3425 5425 (Ξ.
3472 5355 3647 5411 Thess.

2049 5441 2103 5494 2.
2128 5442 2182 5511 7)
2206 5459 2220 5507 ;
2246 5442 2343 5495 hos
2366 5451 2542 5495 autem
2566 5441 2653 5511 qui
2677 5442 2943 5497 alimentis
2966 5444 3213 5513 egebant,
3239 5455 3291 5498 et
3314 5446 3654 5501 emendicatn

2052 5550 2189 5604 pane
2218 5534 2519 5599 alebantur,
2552 5544 2768 5590 sanctos
2808 5537 3059 5605 appellat.
3095 5535 3313 5591 Interim
3354 5554 3480 5592 vero
3528 5542 3655 5593 sub-

2054 5628 2283 5681 obscure
2318 5627 2475 5681 docet
2522 5628 2660 5694 illos,
2704 5644 2772 5683 ne
2814 5628 3108 5683 efferantur
3154 5630 3367 5693 animo,
3427 5648 3560 5685 nete
3588 5632 3655 5685 tle

2056 5718 2366 5793 lmjustnodi
2410 5721 2663 5776 mandato
2696 5722 3054 5791 extollantur,
3108 5739 3165 5778 ac
3220 5724 3261 5777 si
3299 5723 3579 5780 i'iiioribtts
3617 5736 3675 5780 et
