4088 6402
467 329 567 386 £63

458 437 888 508 despectioribus
931 437 1252 519 largiantur,
1298 434 1397 492 sed
1439 443 1590 491 certo
1625 433 1799 490 sciant
1837 431 2047 502 sibique

463 527 844 598 persuadeant,
869 526 918 582 id
943 526 1044 581 sibi
1068 527 1301 582 maximo
1321 539 1440 581 esse
1461 523 1675 593 honori,
1695 521 1837 594 quod
1863 535 2049 578 eorum

463 633 736 675 aerumnas
761 618 1099 688 participem.

533 708 596 766 2.
621 707 738 764 lam
761 722 888 763 vero
912 721 1090 776 opera:
1109 707 1340 777 pretium
1362 707 1465 762 erit
1491 704 1804 776 disquirere.
1831 700 2049 774 quinam

462 798 575 872 sint
622 798 698 854 illi
746 801 953 854 sancti:
983 786 1089 852 non
1136 798 1278 852 enim
1315 797 1402 852 hic
1429 806 1631 852 tantum
1670 796 1883 850 illorum
1933 808 2049 848 meo

467 889 640 954 minit,
669 888 765 944 sed
805 889 970 945 etiam
1009 889 1138 944 alibi
1173 905 1294 943 eum
1336 887 1464 942 dicit
1497 884 1692 942 :Nunc
1721 895 1889 940 autem
1928 900 2048 954 pro-

464 981 667 1050 ﬁciscor
690 978 744 1033 iu
764 968 1054 1034 Jerusalem
1085 980 1372 1034 ministrare
1389 977 1579 1032 sanctis
1613 976 1786 1047 (Rom.
1818 975 1907 1031 15.
1929 973 2043 1048 25).

467 1071 534 1125 Et
558 1071 728 1127 Lucas
756 1071 808 1125 in
844 1071 1010 1138 Actis,
1035 1086 1155 1124 cum
1179 1084 1368 1139 magna
1398 1066 1572 1124 fames
1601 1061 1927 1132 immineret,
1951 1067 2047 1120 hos

461 1165 606 1232 ipsos
626 1170 843 1217 sanctos
868 1161 938 1216 ita
959 1169 1344 1216 commemorat
1367 1175 1384 1215 :
1410 1158 1662 1229 Discipuli
1685 1167 1874 1223 autem,
1897 1164 2048 1228 prout

460 1252 577 1320 quis
604 1251 818 1307 habebat
839 1293 855 1320 ,
883 1259 1257 1323 proposuerunt
1281 1250 1468 1322 singuli
1491 1249 1685 1303 mittere
1701 1247 1770 1301 ad
1798 1262 2047 1318 pauperes

458 1351 782 1408 sanctorum,
799 1343 888 1413 qui
911 1341 1096 1396 suntin
1117 1339 1405 1396 Jerusalem
1432 1338 1570 1412 (Act.
1602 1339 1690 1394 11.
1709 1336 1826 1408 29).
1853 1336 1919 1391 Et
1947 1335 2048 1390 ite-

459 1447 603 1500 rum,
632 1432 774 1504 quod
802 1442 928 1488 ante
968 1431 1236 1497 dicebam,
1278 1430 1374 1496 ait,
1408 1428 1634 1484 Tantum
1666 1438 1721 1483 ut
1765 1442 2046 1498 pauperum

460 1539 702 1579 memores
730 1539 970 1589 essemus,
997 1522 1134 1594 quod
1172 1523 1323 1577 etiam
1367 1521 1616 1577 sollicitus
1641 1523 1718 1593 fui
1744 1522 1839 1576 Itoc
1876 1522 2044 1590 ipsum

459 1615 628 1684 facere
647 1612 790 1684 (Gal.
822 1613 877 1669 2.
907 1613 1016 1682 l0).
1047 1614 1335 1684 Postquam
1364 1628 1494 1670 vero
1513 1614 1590 1667 sic
1618 1613 1759 1668 inter
1781 1627 1881 1666 nos
1908 1611 2044 1666 divi-

457 1708 646 1775 simus,
695 1719 749 1763 ut
781 1709 913 1763 mihi
956 1707 1175 1775 Gentes,
1219 1707 1379 1763 Petro
1417 1705 1590 1763 Judtei
1637 1700 2040 1774 contingerent,

454 1801 727 1858 communi
774 1800 1042 1855 sententia
1090 1799 1483 1864 constituimus,
1530 1796 1718 1866 inquit,
1761 1794 2044 1850 ut'divisio

456 1889 572 1945 haec
596 1890 662 1943 ad
694 1903 955 1958 pauperes
989 1901 1097 1943 non
1130 1889 1473 1958 pertingeret.
1505 1887 1638 1942 Nam
1681 1901 1803 1941 eum
1849 1884 2042 1954 praedi-

453 1978 666 2046 cabant,
690 1978 779 2034 ille
823 1977 1056 2044 Judaeis,
1087 1977 1176 2032 hic
1218 1977 1476 2033 Gentibus
1521 1975 1886 2046 praedicabat:
1918 1989 2040 2029 cum

455 2086 585 2128 vero
625 2069 950 2140 pauperibus
998 2067 1490 2139 patrocinabantur,
1519 2082 1627 2122 non
1668 2066 1738 2120 ita
1781 2079 1870 2121 res
1908 2081 2043 2121 con-

453 2161 634 2216 stituta
656 2170 792 2224 erat,
841 2168 900 2214 ut
933 2159 1022 2215 ille
1061 2158 1388 2229 pauperibus
1416 2157 1721 2213 Judaornm
1743 2197 1760 2222 ,
1798 2155 1886 2212 hic
1913 2172 2041 2210 vero

450 2249 774 2323 pauperibus
803 2248 1049 2305 Gentium
1088 2259 1292 2304 tantum
1320 2263 1501 2304 curam
1541 2249 1874 2319 impenderet
1902 2263 1916 2301 :
1944 2247 2040 2301 sed

452 2349 677 2411 uterque
717 2354 841 2409 erga
871 2353 1132 2410 pauperes
1176 2337 1484 2394 Judaeorum
1527 2353 1771 2408 magnam
1819 2336 2039 2408 gerebat

448 2444 656 2484 curam.
704 2429 1061 2496 Quamobrem
1119 2428 1332 2483 dicebat
1381 2444 1396 2481 :
1452 2426 1669 2482 Tantum
1727 2438 1781 2480 ut
1842 2444 2040 2496 paupe-

447 2538 564 2575 rum
607 2537 850 2575 memores
901 2536 1141 2586 essemus,
1178 2521 1315 2590 quod
1337 2520 1489 2575 etiam
1533 2521 1779 2575 sollicitus
1827 2521 1903 2591 fui
1942 2520 2037 2574 hoc

449 2613 618 2680 ipsum
658 2615 843 2682 facere.
877 2608 1107 2679 Quinam
1156 2625 1285 2681 ergo
1332 2619 1458 2666 sunt
1499 2611 1593 2677 illi,
1622 2611 1690 2666 de
1715 2612 1907 2682 quibus
1951 2612 2038 2667 hic

449 2703 702 2772 loquitur,
726 2717 936 2756 necnon
981 2704 1036 2756 in
1059 2701 1283 2772 epistola
1310 2701 1376 2756 ad
1421 2702 1714 2769 Romanos,
1754 2711 1808 2757 et
1837 2703 1890 2757 in
1923 2703 2039 2773 epi—

445 2792 582 2847 stola
611 2791 680 2846 ad
708 2791 923 2847 Galatas
945 2832 960 2860 ,
999 2807 1097 2862 pro
1121 2792 1317 2863 quibus
1341 2792 1501 2846 etiam
1551 2791 1864 2848 Macedonas
1910 2791 2038 2846 hor-

447 2883 626 2939 tatur?
666 2882 976 2938 Iudaeorum
1030 2897 1313 2954 pauperes,
1344 2884 1434 2952 qui
1476 2881 1828 2956 Jerosolymis
1871 2882 2035 2954 dege-

445 2974 595 3028 bant.
625 2972 696 3027 Et
723 2987 821 3026 cur
846 2981 1048 3028 tantam
1073 2987 1262 3028 eorum
1305 2987 1491 3027 curam
1533 2973 1728 3028 habet?
1755 2975 1949 3028 Annon
1978 2974 2033 3027 in

449 3065 676 3136 singulis
711 3065 1018 3120 civitatibus
1043 3079 1308 3136 pauperes
1343 3073 1398 3120 et
1441 3065 1674 3122 mendici
1709 3065 1900 3122 erant?
1925 3063 2034 3121 Cur

440 3153 510 3209 ad
559 3154 682 3209 illos
730 3154 931 3221 mittit,
968 3163 1024 3210 et
1048 3168 1147 3224 pro
1185 3156 1265 3209 eis
1302 3169 1489 3210 omnes
1532 3155 1724 3227 rogat?
1765 3155 1882 3210 Non
1917 3157 2033 3212 sine

442 3259 606 3300 causa
641 3260 791 3308 sane,
823 3260 922 3299 nec
965 3255 1200 3309 temere,
1226 3259 1404 3314 neque
1453 3259 1519 3299 ex
1547 3259 1899 3316 personarum
1938 3260 2033 3300 ac-

440 3336 719 3406 ceptione;
747 3334 843 3390 sed
871 3335 1071 3390 utiliter
1099 3345 1153 3390 et
1181 3334 1481 3390 commode.
1513 3335 1647 3392 Rem
1672 3345 1851 3391 autem
1875 3338 2034 3407 paulo

441 3425 603 3480 altius
647 3433 894 3494 repetere
923 3440 1142 3480 necesse
1168 3433 1269 3480 est.
1311 3424 1573 3492 Quoniam
1608 3425 1916 3480 ludat-orum
1947 3443 2034 3481 res

438 3517 804 3579 conciderant.
835 3525 892 3571 et
920 3530 1040 3570 cum
1082 3516 1266 3571 losum
1296 3516 1677 3586 cruciﬁgerent
1699 3559 1715 3583 ,
1751 3534 1933 3573 vocem
1963 3519 2029 3572 il-

443 3607 573 3672 lam,
599 3605 720 3660 Non
747 3607 988 3661 habemus
1011 3623 1176 3677 regem
1203 3607 1300 3660 nisi
1325 3605 1576 3661 Cwsarem
1595 3606 1772 3674 (Joan.
1803 3607 1890 3662 19.
1916 3607 2027 3677 15).

441 3704 630 3750 contra
673 3709 733 3750 se
778 3707 947 3750 ratam
998 3695 1253 3761 fecerant,
1304 3710 1367 3750 ac
1398 3695 1616 3749 demum
1670 3695 2030 3752 Romanorum

439 3785 666 3854 imperio
710 3787 909 3839 subditi
940 3794 1135 3848 erant,
1185 3800 1362 3850 neque
1399 3785 1479 3838 sui
1528 3785 1700 3853 jueis,
1751 3798 1808 3840 ut
1854 3798 2030 3852 antea,

439 3883 626 3939 erant;
661 3891 833 3945 neque
864 3889 1084 3945 prorsus
1105 3876 1267 3941 servi,
1294 3883 1348 3928 ut
1371 3874 1482 3943 jam
1508 3886 1654 3939 sunt,
1681 3877 1776 3930 sed
1805 3878 1856 3930 in
1883 3893 2035 3931 com-

441 3966 745 4020 tuilitonum
780 3964 972 4019 ordine
1019 3965 1327 4029 constituti,
1373 3966 1572 4019 tributa
1618 3964 2033 4034 lmperatoribus

445 4055 790 4126 pendebant,
823 4064 878 4108 et
906 4063 1164 4124 praetores
1190 4054 1258 4106 ab
1287 4056 1363 4108 eis
1387 4055 1722 4124 accipiebant
1749 4073 1766 4109 ί
1797 4056 2031 4124 plerum-

442 4161 550 4217 que
574 4147 735 4202 etiam
766 4148 880 4200 suis
910 4146 1200 4200 utebantur
1225 4144 1450 4215 legibus,
1479 4155 1534 4200 et
1562 4160 1656 4201 eos
1681 4147 1770 4216 qui
1800 4147 1941 4215 apud
1972 4163 2032 4202 se

441 4239 854 4309 delinquerent,
901 4236 1195 4292 secundum
1239 4236 1408 4305 patria
1461 4237 1653 4304 placita
1708 4237 2030 4307 plcctcbant.

441 4330 597 4400 Quod
633 4338 812 4384 autem
843 4329 1040 4383 tributa
1080 4327 1342 4384 Romanis
1371 4328 1667 4397 penderent
1703 4329 1876 4398 palam
1907 4327 2033 4385 hinc

444 4437 547 4486 est,
593 4421 736 4493 quod
778 4421 960 4476 Jesum
990 4428 1262 4475 tentantes
1296 4421 1718 4492 interrogarent.
1748 4421 2028 4493 Magister,

443 4517 620 4569 licetne
656 4513 780 4566 dare
811 4527 1014 4565 censum
1041 4511 1256 4575 (ἔφθανε,
1303 4526 1474 4563 annon
1522 4510 1733 4582 (Matth.
1762 4512 1852 4567 22.
1906 4514 2030 4583 l7)?

441 4616 494 4659 at
520 4606 634 4673 ipse
665 4603 828 4673 jussis
858 4600 1149 4656 ostendere
1179 4601 1445 4656 nomisma
1475 4600 1647 4658 dixit:
1679 4601 1893 4656 Reddite
1917 4619 2031 4671 qtttB

442 4709 561 4753 sunt
584 4697 801 4752 Censoris
826 4695 1037 4762 Ctesari,
1065 4705 1111 4750 et
1133 4711 1246 4766 que
1275 4703 1393 4750 sunt
1421 4692 1520 4748 Dei
1547 4693 1653 4748 Deo
1677 4693 1783 4764 (Ib.
1825 4714 1869 4749 υ.
1897 4696 2024 4765 2i);

442 4792 615 4846 Lucas
635 4806 763 4844 vero
787 4788 938 4856 dicit,
964 4798 1018 4843 et
1045 4789 1242 4843 milites
1262 4799 1316 4844 et
1345 4789 1587 4844 tribunos
1614 4788 1861 4845 habuisse
1889 4800 2021 4846 tem-

441 4885 587 4954 plum
617 4882 768 4952 (Luc.
795 4883 888 4937 22.
933 4881 1046 4950 52).
1076 4880 1208 4949 Qua:
1234 4893 1548 4951 argumenta
1585 4898 1688 4936 non
1733 4882 1868 4936 levia
1903 4892 2030 4937 sunt

442 4977 609 5031 fuisse
649 4975 865 5030 Iudaeos
889 4972 1151 5026 Romanis
1195 4972 1436 5026 subditos
1470 4989 1484 5026 :
1517 4972 1658 5042 quod
1700 4984 1877 5028 autem
1909 4990 2029 5042 pro-

437 5066 570 5138 priis
617 5073 894 5120 uterentur
945 5061 1152 5132 legibus
1204 5061 1327 5116 hinc
1366 5063 1541 5130 palam
1581 5073 1683 5127 est,
1729 5065 1872 5133 quod
1911 5066 2028 5119 Ste-

442 5158 678 5227 phanum
710 5156 995 5224 lapidarint
1025 5169 1124 5208 nec
1145 5153 1211 5207 ad
1242 5155 1473 5208 tribunal
1498 5154 1739 5217 ductum,
1771 5155 2026 5210 Iacobum

441 5251 660 5302 fratrem
689 5245 901 5299 Domini
931 5243 1320 5309 interfecerint,
1353 5242 1627 5297 Christum
1658 5245 1828 5312 ipsum
1859 5248 2028 5299 cruci-

443 5338 678 5399 tixerint,
713 5335 926 5390 etiamsi
959 5334 1125 5401 judex
1166 5333 1510 5396 concederet,
1543 5343 1600 5386 ut
1626 5335 1769 5388 omni
1811 5336 2030 5390 crimine

439 5429 576 5482 liber
600 5426 794 5480 abiret.
838 5427 1178 5494 Quapropter
1220 5441 1410 5480 manus
1455 5427 1584 5480 lavit
1609 5427 1792 5482 dicens
1828 5446 1839 5478 :
1872 5427 2032 5480 Innu-

438 5537 554 5573 cens
578 5536 692 5574 sum
719 5538 751 5571 a
781 5518 1034 5587 sanguine
1060 5519 1153 5571 hoc
1179 5518 1395 5589 (Matth.
1423 5520 1512 5572 27.
1542 5520 1656 5587 2i).
1690 5520 1750 5573 Et
1781 5520 1901 5588 quia
1931 5521 2028 5573 ad-

442 5610 656 5665 modum
683 5611 941 5664 instantcs
970 5608 1205 5675 videbat,
1235 5611 1348 5678 ipse
1380 5612 1596 5679 quidem
1631 5613 1894 5665 calculum
1924 5629 2029 5668 non

440 5703 587 5771 tulit,
620 5704 715 5761 scd
743 5703 1004 5760 abscessit
1037 5721 1048 5759 :
1078 5702 1156 5758 illi
1186 5718 1314 5764 vero
1351 5704 1566 5776 propria
1602 5706 1885 5777 tyrannide
1913 5707 2024 5774 usi,

1173 324 1232 382 S.
1269 321 1549 380 JOANNIS
1583 318 2065 380 CHRYSOSTOMl
2110 318 2430 376 ABCllIEP.
2459 319 2996 376 CONSTANTINOP.

3645 324 3747 382 ιω

2164 439 2332 485 totum
2362 440 2544 502 postea
2572 432 2928 502 petfecerunt.
2960 432 3181 488 Paulum
3209 434 3369 490 etiam
3397 451 3540 507 saepe
3562 453 3748 509 aggre-

2159 519 2467 576 diebantnr.

2228 607 2529 666 Iudaeorum
2567 613 2620 678 iu
2660 611 2973 668 Christianos
3021 615 3328 671 immanitas.
3370 615 3465 671 Die
3489 618 3748 673 dooninim

2159 703 2440 770 presertim
2464 703 2775 774 elemosyna
2795 706 3070 776 eroganda.
3092 737 3164 748 -—
3183 706 3316 775 Quia
3344 708 3503 777 igitur
3528 724 3628 763 suo
3651 711 3749 764 tri-

2159 789 2339 844 bunali
2382 791 2668 846 utebantur
2691 834 2707 858 ,
2751 794 2875 848 hinc
2900 798 3120 866 contigit
3158 807 3213 852 ut
3249 799 3579 854 contribules
3601 841 3616 862 ,
3658 802 3747 868 qui

2155 878 2467 948 credebant,
2489 884 2699 938 czeteris
2725 874 2996 954 asperiora
3023 897 3349 956 paterentur.
3379 889 3434 944 lu
3458 889 3576 944 aliis
3599 901 3750 946 certe

2156 970 2456 1026 civitatibus
2482 981 2537 1028 et
2569 974 2849 1030 tribunalia
2871 987 2924 1030 et
2950 977 3095 1046 leges
3116 987 3170 1032 et
3195 981 3536 1049 magistratus
3560 990 3746 1045 erant;

2156 1060 2251 1114 sed
2274 1077 2379 1116 non
2405 1062 2596 1118 licebat
2620 1065 2906 1134 gentilibus
2932 1081 3025 1121 eos
3045 1082 3108 1122 ex
3138 1067 3271 1132 suis,
3302 1069 3391 1137 qui
3415 1068 3704 1124 deﬁcerent
3727 1111 3744 1136 ,

2154 1151 2369 1220 propria
2391 1154 2654 1207 sententia
2676 1155 2760 1208 vel
2783 1154 3084 1211 interﬁcere
3105 1156 3185 1210 vel
3209 1155 3475 1226 lapidibus
3489 1158 3746 1222 obruere.

2152 1247 2246 1294 aut
2284 1240 2484 1312 aliquid
2511 1243 2644 1313 ipsis
2675 1243 2799 1298 mali
2829 1240 3027 1300 inferre
3056 1262 3069 1298 :
3098 1256 3189 1300 aut
3215 1245 3260 1301 si
3288 1245 3409 1316 quis
3437 1245 3747 1316 deprehen-

2151 1329 2377 1387 debatnr
2405 1333 2511 1389 tale
2537 1334 2789 1403 quiddam
2819 1345 3014 1405 przeter
3032 1336 3271 1406 judicunt
3299 1339 3620 1392 sententiam
3653 1355 3749 1409 pa.

2154 1430 2344 1490 trasse,
2375 1423 2420 1477 is
2443 1425 2794 1494 puniebatur;
2823 1425 3022 1482 Iudaeis
3046 1437 3226 1484 autem
3253 1444 3443 1499 magna
3465 1432 3605 1486 circa
3627 1446 3745 1488 rem

2152 1509 2291 1566 hanc
2336 1521 2574 1580 potestas
2617 1515 3027 1572 concedebatur.
3073 1519 3410 1590 Quapropter
3453 1522 3697 1591 graviora
3724 1563 3742 1589 ,

2149 1617 2310 1673 quam
2339 1605 2519 1662 caeteri
2549 1621 2736 1662 omnes
2759 1650 2774 1672 ,
2803 1608 3140 1678 patiebantur
3166 1610 3202 1665 ii
3230 1626 3295 1666 ex
3323 1611 3431 1666 illis
3455 1652 3472 1679 ,
3504 1614 3594 1684 qui
3624 1630 3747 1670 ere-

2148 1692 2385 1760 debant,
2416 1709 2479 1750 ac
2506 1696 2552 1749 si
2582 1696 2722 1750 inter
2761 1697 2968 1752 medius
3005 1699 3160 1769 lupos
3201 1703 3480 1774 intercepti
3515 1714 3702 1759 essent
3723 1745 3745 1772 ,

2149 1783 2430 1848 adstante,
2461 1786 2548 1854 qui
2587 1787 2856 1855 eriperet,
2890 1790 3125 1844 nemine.
3171 1790 3245 1846 ita
3287 1808 3480 1863 nempe
3517 1794 3744 1850 Paulum

2149 1890 2293 1946 saepe
2337 1877 2675 1947 ﬂagellabant
2701 1897 2715 1933 :
2743 1879 2866 1934 audi
2909 1881 3181 1950 quomodo
3211 1883 3263 1938 id
3304 1885 3419 1953 ipse
3455 1885 3695 1942 declaret
3728 1906 3742 1941 :

2152 1966 2427 2044 Quinquies
2449 1970 2797 2038 quadragenas
2825 1986 2856 2023 a
2882 1971 3084 2025 Judwis
3110 1989 3212 2026 una
3237 1975 3404 2029 minus
3428 1978 3602 2046 accepi
3626 1993 3644 2029 :
3667 1987 3745 2030 ter

2149 2055 2301 2126 virgis
2325 2072 2485 2111 casus
2510 2074 2640 2123 sunt,
2670 2061 2824 2112 semel
2850 2062 3108 2131 lapidatus
3136 2079 3248 2117 sunt
3274 2064 3347 2131 (2.
3380 2064 3499 2120 Cor.
3526 2068 3616 2122 11.
3645 2069 3738 2122 24.

2146 2147 2260 2214 25).
2288 2146 2439 2215 Quod
2466 2157 2646 2203 autem
2674 2148 2787 2204 haac
2813 2166 2916 2204 non
2943 2154 3252 2222 conjectura
3282 2154 3421 2210 dicta
3453 2157 3556 2210 sint
3577 2199 3593 2223 ,
3628 2158 3746 2225 ipse.

2147 2237 2342 2293 Paulus
2367 2238 2434 2294 ad
2467 2239 2723 2296 Hebraeos
2750 2243 2989 2297 scribens
3014 2243 3254 2299 declarat
3280 2263 3294 2300 :
3317 2245 3745 2302 Rememoramini

2144 2339 2311 2386 autent
2334 2331 2572 2400 pristinos
2592 2332 2718 2399 dies,
2746 2335 2797 2387 in
2821 2335 2998 2404 quibus
3017 2336 3290 2390 illuminati
3317 2355 3552 2408 magnum
3577 2352 3716 2393 certa
3733 2370 3745 2379 ~

2143 2436 2257 2474 men
2284 2421 2592 2475 sustinuistis
2619 2423 2948 2491 passionum:
2972 2435 3021 2477 et
3054 2425 3106 2478 in
3131 2427 3292 2480 altero
3317 2428 3517 2498 quidem
3546 2446 3742 2499 oppro-

2144 2511 2266 2564 briis
2283 2522 2329 2564 et
2357 2510 2756 2566 tribulationibus
2787 2516 3126 2584 spectaculum
3147 2518 3294 2587 facti,
3322 2519 3375 2572 in
3395 2519 3555 2573 altero
3574 2532 3746 2575 autem

2144 2602 2268 2656 socii
2293 2602 2460 2656 taliter
2478 2604 2775 2671 patientium
2797 2603 2980 2670 effecti.
3022 2606 3222 2661 Etenim
3240 2611 3473 2677 rapinam
3496 2613 3746 2665 bonorum

2143 2701 2420 2748 vestrorum
2446 2709 2560 2747 cum
2581 2695 2770 2765 gaudio
2798 2698 3086 2766 suscepistis
3110 2739 3124 2764 ,
3153 2711 3506 2769 cognoscentes
3531 2718 3618 2756 vos
3645 2705 3742 2755 Ita.

2145 2784 2258 2857 bere
2273 2787 2529 2839 meliorem
2558 2786 2888 2840 substantiam
2921 2787 2972 2840 in
3003 2789 3139 2842 uelis
3157 2830 3173 2856 ,
3203 2799 3249 2843 et
3279 2800 3560 2845 manentem
3579 2791 3737 2860 (Heb.

2145 2877 2232 2932 l0.
2257 2870 2473 2947 52-34).
2499 2877 2565 2931 Et
2583 2892 2706 2931 cum
2724 2876 3230 2934 Thessalonicenses
3251 2881 3647 2944 adhortaretur.
3677 2883 3743 2936 il-

2141 2967 2222 3022 los
2243 2966 2296 3022 in
2326 2966 2560 3022 medium
2582 2967 2800 3022 adduxit
2829 2985 2842 3021 :
2880 2966 2976 3022 Vos
2996 2969 3132 3022 enim
3159 2969 3432 3024 imitatores
3456 2971 3579 3040 facti
3598 2974 3741 3042 estis,

2140 3063 2342 3130 fratres,
2373 3057 2714 3112 Eeclesiarum
2734 3058 2859 3125 Dei,
2883 3074 2999 3127 qua
3024 3069 3144 3114 sunt
3169 3061 3222 3113 in
3244 3059 3433 3116 Judtea
3459 3078 3478 3116 :
3503 3065 3626 3132 quia
3652 3082 3737 3118 ea-

2139 3150 2253 3204 dem
2284 3151 2420 3218 passi
2444 3151 2559 3204 estis
2584 3167 2669 3204 vos
2692 3167 2725 3203 a
2753 3151 3114 3206 contribulibus
3140 3155 3333 3219 vestris,
3363 3156 3492 3208 sicut
3517 3165 3564 3210 et
3586 3157 3682 3226 ipsi
3706 3173 3742 3210 ι

2139 3241 2338 3296 Iudaeis
2372 3242 2450 3313 (l.
2486 3240 2665 3295 Thess.
2695 3242 2750 3295 2.
2780 3242 2890 3310 14).
2919 3241 3053 3308 Quia
3081 3243 3239 3312 igitur
3263 3244 3507 3313 graviora
3528 3286 3542 3307 ,
3572 3261 3734 3314 quam

2139 3347 2330 3387 omnes
2354 3332 2463 3398 alii,
2497 3332 2857 3402 patiebantur,
2887 3342 2942 3387 et
2968 3348 3073 3388 non
3105 3333 3266 3389 modo
3289 3335 3407 3390 sine
3431 3338 3735 3392 misericor-

2141 3422 2226 3477 dia
2255 3439 2380 3477 cum
2409 3423 2514 3477 illis
2537 3424 2814 3493 agebatur,
2838 3424 2935 3478 sed
2963 3425 3126 3478 etiam
3149 3425 3329 3479 omnia
3355 3427 3420 3480 iis
3447 3428 3735 3496 rapieban-

2141 3523 2225 3570 tur
2248 3523 2302 3568 et
2326 3514 2722 3579 auferebantur,
2751 3524 2804 3568 et
2830 3513 3063 3584 undique
3104 3514 3203 3585 ipsi
3231 3515 3564 3586 pellebantur
3583 3560 3596 3583 ,
3616 3517 3736 3586 jure

2138 3622 2326 3663 ontncs
2371 3606 2438 3661 ad
2479 3622 2664 3662 eorum
2707 3605 3106 3674 suscipiendum
3139 3608 3491 3676 patrocinium
3517 3610 3729 3664 excitat.

2139 3695 2443 3768 iterumque
2468 3697 2774 3753 Corinthios
2805 3697 3016 3752 illorum
3047 3699 3213 3768 gratia
3243 3700 3484 3754 hortatur
3509 3701 3592 3754 his
3615 3717 3737 3756 ver-

2140 3788 2222 3842 bis
2251 3806 2263 3841 :
2293 3787 2372 3842 De
2394 3789 2604 3842 collecta
2629 3799 2794 3842 autent
2817 3791 2871 3841 in
2899 3799 3119 3854 sanctos,
3149 3790 3277 3843 sicut
3304 3791 3534 3844 ordinari
3565 3790 3738 3846 Eccle-

2139 3880 2226 3932 siis
2257 3877 2492 3945 Calatiw,
2523 3881 2594 3932 sic
2620 3892 2666 3932 et
2693 3895 2778 3933 vos
2800 3881 2949 3948 facile
2969 3881 3043 3948 (1.
3074 3879 3191 3933 Cor.
3225 3882 3311 3934 16.
3349 3885 3421 3950 1).

2210 3970 2264 4024 3.
2309 3969 2490 4040 Itaque
2514 3972 2730 4039 quinam
2763 3971 2835 4025 illi
2864 3972 3030 4025 sancti
3056 3972 3184 4038 sint,
3212 3981 3268 4027 et
3291 3987 3388 4027 cur
3407 3988 3592 4028 eorum
3623 3993 3736 4030 ma-

2132 4061 2306 4128 jorem
2351 4077 2535 4114 curam
2578 4071 2764 4131 gerat,
2802 4062 2912 4130 jam
2959 4063 3090 4116 satis
3135 4063 3561 4119 demonstratum
3609 4079 3735 4123 est:

2139 4150 2400 4221 reliquum
2449 4161 2532 4205 est
2582 4160 2639 4205 ut
2686 4167 2991 4221 qua-ramus
3037 4154 3195 4207 etiam
3225 4196 3240 4220 ,
3287 4170 3385 4209 cur
3426 4155 3734 4212 Galatarum

2137 4243 2459 4296 meminerit.
2490 4242 2601 4296 Cur
2637 4251 2811 4296 autem
2845 4258 2949 4297 non
2978 4245 3111 4298 dixit
3148 4263 3161 4298 :
3194 4245 3269 4300 De
3297 4247 3522 4302 collecta
3549 4260 3733 4305 autem

2141 4335 2192 4389 in
2235 4348 2447 4390 sanctos
2486 4335 2587 4390 hoc
2626 4336 2783 4391 facite
2815 4354 2827 4390 :
2859 4352 2963 4392 una
2994 4337 3337 4393 sabbatorum
3367 4343 3736 4412 unusquisque

2141 4435 2378 4481 vestrum
2408 4426 2546 4494 apud
2573 4442 2630 4480 se
2657 4436 2881 4496 seponat
2909 4427 3305 4492 thesaurizans;
3332 4432 3426 4486 sed
3455 4442 3734 4502 postquam

2138 4517 2393 4583 dixisset,
2430 4517 2508 4571 De
2537 4518 2747 4573 collecta
2782 4530 2949 4573 autent
2981 4520 3031 4572 in
3070 4531 3270 4575 sanctos
3294 4563 3309 4586 ,
3345 4523 3473 4575 sicut
3506 4525 3736 4577 ordinant

2140 4607 2382 4663 Ecclesiis
2408 4606 2627 4661 Galatite
2644 4650 2659 4675 ,
2687 4609 2758 4662 sic
2788 4620 2834 4662 et
2868 4627 2954 4662 vos
2982 4611 3133 4679 facite
3151 4611 3176 4663 .9
3199 4611 3306 4665 Cur
3333 4613 3433 4667 hoc
3459 4613 3564 4684 agit
3590 4656 3603 4678 ,
3633 4631 3734 4669 nec

2139 4700 2295 4754 unius
2338 4701 2632 4754 duarmnvc
2655 4742 2670 4764 ,
2701 4709 2790 4755 aut
2835 4701 2991 4754 trium
3023 4703 3292 4756 civitatum
3324 4707 3561 4760 meminit
3593 4750 3608 4772 ,
3635 4707 3731 4762 scd

2135 4793 2310 4862 gentis
2338 4793 2594 4862 integrae?
2633 4791 2699 4847 Ut
2723 4792 2895 4860 majus
2924 4793 3156 4846 studium
3187 4795 3520 4864 susciperent
3548 4838 3562 4861 ,
3593 4799 3730 4853 alio-

2138 4899 2362 4955 rumque
2383 4884 2563 4939 laudes
2586 4885 2802 4951 majoris
2819 4883 2916 4939 sibi
2929 4884 3285 4939 aemulationis
3300 4887 3513 4941 occasio
3527 4901 3726 4947 essent.

2137 4976 2341 5030 Deinde
2387 4976 2603 5030 modum
2629 5018 2643 5043 ,
2676 4991 2782 5046 quo
2808 4977 3097 5052 prmcepit,
3128 4976 3365 5030 declarat
3398 4997 3410 5032 :
3448 4978 3548 5032 Per
3578 4995 3735 5034 unum

2136 5068 2366 5131 sabbati,
2395 5068 2600 5137 inquit,
2633 5068 2978 5138 unusquisque
3005 5078 3216 5122 vestrum
3241 5071 3382 5138 apud
3410 5087 3462 5123 se
3488 5083 3697 5139 seponat
3717 5114 3733 5136 ,

2136 5162 2411 5214 recondens
2437 5158 2571 5227 quod
2592 5162 2686 5214 sibi
2717 5161 2963 5230 placuerit
2988 5202 3002 5226 ,
3033 5171 3087 5213 ut
3110 5177 3210 5214 non
3236 5179 3350 5215 cum
3378 5179 3556 5216 uenero
3576 5204 3588 5228 ,
3615 5174 3736 5217 tunc

2138 5251 2360 5304 collectae
2396 5250 2522 5316 ﬁant
2549 5252 2624 5316 (1.
2651 5247 2770 5304 Cor.
2797 5250 2883 5305 16.
2910 5249 2988 5321 2).
3020 5250 3190 5304 Unam
3221 5253 3565 5308 sabbatorum
3622 5250 3733 5307 Do.

2139 5341 2387 5394 minicam
2411 5343 2637 5395 vocavit.
2666 5341 2730 5394 Et
2750 5357 2843 5395 cur
2867 5343 3021 5395 talem
3045 5342 3184 5396 diem
3209 5344 3462 5398 oblationi
3486 5346 3736 5414 deputat?

2139 5449 2234 5487 cur
2267 5447 2371 5486 non
2401 5432 2569 5496 dixit,
2599 5432 2831 5486 secunda
2858 5433 3201 5486 sabbatorum
3234 5446 3324 5486 aut
3361 5435 3513 5488 tertia
3545 5436 3732 5489 sabba-

2140 5535 2312 5576 torum
2335 5563 2349 5585 ,
2377 5532 2468 5576 aut
2505 5523 2555 5575 in
2585 5524 2714 5592 ipsis
2752 5522 3026 5578 sabbatis?
3069 5524 3184 5580 Non
3218 5534 3416 5580 temere
3452 5526 3691 5594 profecm
3717 5570 3731 5589 ,

2141 5629 2238 5667 nec
2268 5613 2382 5666 sine
2419 5627 2611 5678 causa;
2647 5615 2738 5668 sed
2769 5614 2907 5682 quod
2941 5613 3095 5668 vellet
3125 5629 3154 5668 a
3186 5618 3442 5684 temporis
3474 5629 3732 5684 opportu-

2142 5709 2305 5763 nitate
2324 5706 2514 5778 juvari,
2541 5717 2595 5764 ut
2617 5708 2787 5779 majus
2809 5707 3153 5767 olIercntibus
3173 5710 3408 5766 studium
3431 5710 3731 5767 accederet.
