4088 6416
287 390 399 446 135

289 503 474 572 Neque
513 496 654 553 enim
687 509 850 567 parva
881 509 969 552 res
1003 493 1256 549 omnibus
1292 491 1347 548 in
1375 487 1604 561 negotiis
1631 490 1889 561 temporis

289 591 686 662 opportunitas.
735 586 800 642 Et
835 586 961 658 quid
984 627 999 652 ,
1030 584 1181 641 dices
1203 626 1220 652 ,
1265 583 1683 653 opportunitatis
1729 581 1892 636 habet

288 694 503 751 tempus
527 722 542 747 ,
584 689 640 733 ut
677 681 800 750 quis
839 675 1224 748 persuadeatur
1269 676 1670 746 eleemosynam
1714 672 1892 728 dare?

285 773 442 842 Quod
471 773 570 826 hac
599 771 685 825 die
713 771 780 824 ab
819 769 967 823 omni
996 782 1159 839 opere
1183 777 1429 823 cessetur
1450 808 1466 833 ,
1497 765 1640 836 quod
1672 764 1890 820 hilarior

287 867 501 918 animus
526 878 590 916 ex
619 862 718 914 hac
742 859 921 930 quiete
949 859 1219 924 teddatur,
1240 858 1488 930 quodque
1508 861 1746 912 omnium
1777 871 1890 911 ma-

287 957 492 1008 ximum
523 962 605 1005 est
629 993 645 1018 ,
677 950 815 1020 quod
850 950 941 1005 illo
969 949 1056 1005 die
1094 949 1390 1004 innumeris
1429 948 1668 1002 fruamur
1709 947 1882 1001 bonis.

289 1045 401 1101 llac
429 1045 625 1114 quippe
649 1042 738 1097 die
762 1041 934 1096 soluta
962 1056 1110 1096 mors
1138 1048 1239 1105 est,
1269 1040 1530 1094 exstincta
1557 1036 1883 1102 maledictio,

287 1136 522 1189 deletum
565 1143 840 1204 peccatum
867 1173 883 1198 ,
914 1140 1081 1202 porta:
1119 1131 1274 1187 inferi
1313 1130 1636 1195 confracta,
1678 1130 1889 1184 vinctus

286 1225 535 1280 diabolus
555 1267 570 1291 ,
601 1225 910 1279 diuturnum
937 1223 1136 1278 bellum
1168 1223 1492 1294 diremptum
1516 1263 1533 1288 ,
1561 1219 1886 1276 reconciliati

287 1317 397 1373 Deo
439 1315 687 1372 homines
710 1359 726 1383 ,
756 1327 1106 1387 nostrumque
1143 1330 1312 1386 genus
1337 1314 1404 1370 ad
1431 1313 1708 1386 pristinam
1733 1353 1748 1378 ,
1780 1313 1888 1366 imo

287 1411 466 1480 potius
491 1410 557 1464 ad
584 1409 742 1479 longe
768 1407 1025 1479 majorem
1063 1407 1396 1462 nobilitatem
1422 1404 1579 1460 rediit
1607 1422 1622 1458 :
1651 1404 1886 1474 viditque

283 1504 366 1558 sol
397 1501 765 1556 admirandum
795 1500 922 1556 illud
953 1500 1316 1570 spectaculum
1339 1541 1354 1564 ,
1387 1498 1658 1553 hominem
1684 1497 1884 1551 factum

286 1595 668 1650 immortalem.
702 1593 827 1648 Haec
856 1593 1032 1648 omnia
1059 1601 1113 1647 et
1143 1592 1262 1648 talia
1297 1591 1480 1645 volens
1505 1590 1620 1659 ipse
1649 1588 1806 1643 nobis
1833 1589 1884 1643 in

288 1685 602 1740 memoriam
626 1698 897 1748 revocare,
923 1682 1063 1737 diem
1087 1682 1232 1736 illum
1256 1681 1307 1735 in
1330 1680 1564 1735 medium
1576 1678 1885 1745 attulit,ceu

287 1778 338 1833 in
371 1779 692 1833 advocatum
725 1777 871 1829 illum
893 1789 1196 1839 assumens,
1228 1783 1284 1828 ut
1314 1773 1535 1842 singulis
1563 1771 1705 1827 dicat
1732 1788 1746 1824 :
1775 1770 1881 1826 Co-

282 1871 414 1938 gita,
439 1868 621 1932 homo,
650 1876 781 1936 quot
804 1866 1152 1936 qualibusque
1174 1865 1328 1919 bonis
1348 1863 1578 1918 donatus
1598 1864 1671 1917 sis
1701 1862 1882 1928 hodie,

286 1971 418 2030 quot
448 1959 768 2029 quantisque
809 1956 963 2010 malis
993 1965 1209 2024 ereptus
1241 1972 1253 2006 :
1284 1953 1454 2024 qualis
1482 1969 1602 2007 cum
1631 1954 1776 2022 prius
1800 1967 1885 2008 es—

284 2066 392 2109 ses.
427 2050 596 2118 qualis
625 2059 806 2119 postea
837 2047 1003 2100 factus
1035 2047 1129 2100 sis.
1159 2045 1309 2112 Quod
1335 2046 1378 2098 si
1409 2045 1523 2098 dies
1555 2044 1756 2098 natales
1783 2057 1884 2097 non

283 2151 424 2193 stros
453 2141 760 2203 recolimus,
791 2139 940 2192 multi
970 2147 1145 2192 autem
1174 2137 1312 2192 servi
1345 2137 1504 2192 etiam
1534 2151 1628 2191 eos
1647 2179 1661 2200 ,
1691 2137 1884 2206 quibus

284 2230 532 2285 libertate
560 2231 738 2284 donati
769 2242 890 2284 sunt
912 2272 925 2294 ,
960 2244 1152 2299 magno
1180 2243 1300 2282 cum
1334 2227 1538 2281 honore
1566 2229 1880 2292 celebrant,

284 2325 353 2375 ita
389 2332 444 2374 ut
474 2322 562 2375 alii
589 2323 829 2376 convivia
860 2321 1086 2384 faciant,
1120 2319 1207 2372 alii
1234 2328 1412 2373 autem
1443 2318 1720 2373 liberiores
1743 2317 1881 2373 dona

285 2415 578 2483 largiantur
607 2431 620 2466 :
650 2414 817 2466 multo
849 2413 1016 2480 magis
1045 2426 1140 2464 nos
1173 2412 1312 2464 hunc
1343 2410 1482 2464 diem
1516 2411 1756 2464 venerari
1789 2425 1884 2478 par

281 2517 382 2565 est.
415 2522 572 2574 quem
606 2521 711 2558 non
737 2505 1017 2571 erratcrit,
1046 2503 1088 2558 si
1119 2505 1236 2574 quis
1263 2505 1424 2557 totius
1453 2504 1698 2556 humana:
1723 2513 1881 2557 natu-

231 2621 238 2628 υ
280 2613 356 2652 ra:
384 2599 525 2651 diem
554 2598 782 2651 natalem
815 2596 1101 2650 vocaverit.
1153 2595 1348 2649 Pcrditi
1381 2595 1521 2649 enim
1549 2610 1794 2660 eramus,
1829 2605 1881 2648 et

283 2691 484 2744 inventi
516 2705 735 2751 sumus;
768 2690 1000 2753 mortui,
1031 2698 1084 2742 et
1112 2689 1427 2751 revisimus;
1463 2688 1686 2750 inimici,
1713 2696 1766 2741 ct
1792 2703 1880 2741 re—

279 2781 553 2835 conciliati
595 2795 798 2834 sumus.
846 2779 1184 2849 Quapropter
1214 2795 1334 2834 eum
1379 2779 1581 2833 honore
1617 2779 1882 2849 spirituali

279 2875 461 2929 Colere
489 2890 580 2945 par
603 2885 703 2939 est,
724 2889 826 2927 non
850 2875 1250 2937 conviviismon
1275 2874 1378 2928 vini
1405 2884 1550 2942 potu,
1579 2891 1682 2928 non
1706 2874 1881 2931 ebrie-

282 2974 414 3028 tate,
442 2981 546 3018 non
576 2965 836 3033 tripudiis,
863 2964 955 3018 sed
983 2963 1232 3018 fratribus
1259 2965 1455 3017 nostris
1478 2965 1881 3033 pauperioribus

281 3056 347 3109 ad
381 3071 558 3110 rerum
588 3061 794 3125 copiam
826 3055 1087 3110 adductis.
1126 3053 1252 3108 [Lee
1281 3055 1399 3108 dico
1431 3071 1535 3108 non
1568 3065 1624 3109 ut
1653 3055 1880 3111 laudetis

280 3155 512 3210 tatttum,
545 3145 638 3199 sed
667 3153 724 3198 ut
753 3146 912 3200 etiam
948 3145 1247 3199 imitemini.
1278 3145 1354 3199 Ne
1377 3147 1572 3214 putetis
1600 3146 1739 3201 enim
1765 3145 1882 3201 lucc

283 3237 348 3290 ad
372 3236 679 3291 Corinthios
696 3237 867 3290 solum
890 3237 1030 3291 dicta
1054 3237 1236 3304 fuisse,
1258 3238 1352 3291 sed
1374 3239 1532 3292 etiam
1552 3239 1617 3292 ad
1638 3249 1877 3293 nostrum

278 3327 520 3396 singulos
539 3336 588 3381 et
613 3326 679 3380 ad
704 3328 1116 3398 universoshqui
1141 3337 1258 3397 post
1282 3327 1444 3382 futuri
1469 3337 1614 3382 sunt.
1647 3329 1876 3398 ldipsmn

277 3432 408 3471 vero
439 3417 693 3471 faciamus
713 3417 855 3487 quod
881 3417 1076 3471 Paulus
1104 3419 1354 3487 pmcepit
1384 3436 1398 3472 :
1428 3427 1478 3472 ct
1498 3418 1584 3474 die
1611 3419 1879 3476 dominico

279 3507 648 3579 unusquisque
679 3519 919 3563 nostrum
951 3509 1095 3563 domi
1125 3524 1256 3579 Opes
1282 3510 1578 3566 dominicas
1608 3523 1832 3582 reponat
1863 3531 1875 3566 :

279 3601 454 3670 sitque
501 3599 603 3655 hoc
629 3601 712 3654 lex
743 3611 797 3654 et
822 3600 1153 3654 consuetudo
1184 3602 1545 3668 immutabilis,
1581 3620 1753 3674 neque
1779 3606 1876 3660 ad-

278 3691 578 3747 monitione
603 3690 860 3760 deinceps
889 3690 973 3744 vel
1000 3691 1224 3746 consilio
1249 3707 1382 3760 opus
1407 3694 1510 3747 erit
1541 3695 1696 3749 nobis
1727 3713 1739 3749 :
1768 3711 1876 3750 non

278 3782 421 3837 enim
451 3789 656 3835 tantum
694 3781 834 3836 valet
863 3795 1043 3835 sermo
1071 3789 1125 3835 et
1147 3780 1441 3837 admonitio
1461 3824 1476 3847 ,
1509 3795 1764 3854 quantum
1795 3787 1876 3840 in-

279 3883 523 3929 Veterata
563 3873 914 3929 consuetudo.
948 3872 1004 3928 Si
1051 3872 1155 3928 hoc
1189 3882 1485 3930 statuamus
1509 3917 1524 3941 ,
1555 3885 1612 3930 ttt
1655 3878 1878 3947 singulis

279 3963 570 4020 dominicis
589 3963 788 4032 aliquid
815 3963 868 4017 in
890 3963 1187 4018 subsidium
1211 3979 1502 4034 pauperum
1526 3966 1875 4036 deponamus,

277 4070 348 4110 ne
375 4055 592 4126 quidem
621 4054 665 4109 si
692 4063 958 4111 sexcenta
981 4065 1204 4126 urgeant
1226 4056 1595 4124 necessitates,
1627 4057 1764 4113 hanc
1797 4060 1873 4114 lc-

277 4161 398 4216 gem
431 4145 902 4215 transgrediemur.

353 4235 542 4290 Omnes
567 4235 936 4307 eleemosynam
956 4251 1048 4304 pro
1069 4237 1253 4292 viribus
1274 4237 1398 4291 dare
1416 4249 1642 4309 oportet;
1673 4240 1879 4294 eleemo-

277 4343 406 4396 syua
426 4342 544 4379 cum
580 4325 768 4395 gaudio
806 4326 1101 4396 eroganda;
1129 4327 1456 4398 eleemosyute
1480 4329 1624 4382 ritus.
1648 4360 1714 4369 —-
1730 4330 1878 4384 Post-

277 4431 438 4486 quam
469 4431 597 4468 vero
621 4414 791 4479 dixit,
824 4415 926 4470 Per
953 4418 1105 4469 unam
1131 4418 1360 4481 sabbati,
1396 4420 1630 4474 subdidit
1651 4463 1665 4482 ,
1702 4419 1875 4476 Unus-

276 4504 486 4573 quisque
515 4515 748 4558 vestruut.
780 4503 897 4560 Non
927 4505 1123 4560 divites
1154 4515 1356 4560 tantum
1385 4506 1650 4578 alloquor,
1686 4510 1875 4579 inquit,

277 4595 372 4650 sed
417 4595 576 4650 etiam
609 4609 908 4664 pauperes;
944 4611 1049 4650 non
1080 4597 1277 4652 liberos
1317 4607 1520 4653 tantum
1548 4641 1563 4666 ,
1594 4601 1687 4656 sed
1715 4603 1876 4658 etiam

277 4700 498 4752 servos;
545 4701 650 4740 non
677 4686 820 4741 viros
846 4687 1008 4742 modo
1033 4729 1046 4749 ,
1077 4689 1168 4743 sed
1195 4699 1251 4744 et
1276 4691 1528 4747 mulieres
1559 4711 1572 4747 :
1605 4694 1779 4748 nullus
1810 4695 1879 4748 sit

276 4779 343 4829 ab
372 4776 476 4832 hoc
501 4777 798 4832 ministerio
829 4778 1098 4844 imnmuis,
1125 4796 1300 4849 neque
1329 4780 1430 4836 hoc
1464 4783 1612 4837 lucro
1641 4800 1834 4839 vacuus
1855 4826 1869 4849 ,

276 4867 371 4920 sed
406 4866 772 4937 unusquisque
801 4867 990 4922 oﬂ'erat
1015 4885 1029 4921 :
1055 4884 1228 4938 neque
1258 4870 1529 4925 collationi
1555 4873 1678 4926 huic
1704 4873 1876 4930 obstet

276 4955 476 5024 inopia.
500 4954 1003 5027 Quantumcumque
1022 4958 1164 5014 enim
1188 4973 1389 5028 pauper
1409 4961 1503 5025 sis,
1532 4977 1640 5017 non
1665 4978 1725 5017 es
1747 4977 1877 5033 pau-

274 5047 455 5114 perior
481 5046 638 5101 vidua
669 5047 756 5102 illa
777 5089 793 5114 ,
826 5064 952 5116 qua:
971 5064 1186 5105 omnem
1215 5050 1568 5107 substantiam
1600 5068 1752 5108 suam
1780 5070 1874 5110 ex-

274 5135 457 5189 hausit
482 5135 501 5205 (
530 5134 655 5190 Luc.
677 5136 769 5191 Si.
795 5128 957 5208 2-5).-
987 5138 1487 5213 Quantumcumque
1524 5159 1726 5215 pauper
1763 5147 1837 5200 sis
1856 5189 1871 5210 ,

273 5241 378 5282 nou
403 5240 464 5282 es
487 5230 774 5298 pauperior
802 5232 1027 5286 muliere
1051 5231 1291 5297 Sidonia,
1319 5248 1439 5303 qua:
1468 5235 1589 5290 licet
1615 5237 1872 5306 pugillum

275 5317 462 5373 farina:
495 5328 699 5374 tantum
732 5320 950 5376 haberet
975 5365 988 5386 ,
1019 5339 1087 5376 ne
1115 5324 1193 5378 sic
1223 5325 1437 5393 quidem
1463 5326 1530 5380 ab
1557 5326 1874 5394 excipiendo

275 5409 537 5480 propheta
565 5413 797 5468 cohibita
820 5423 935 5477 est;
965 5415 1058 5470 sed
1092 5417 1213 5471 licet
1237 5419 1646 5473 circumstantes
1677 5419 1873 5475 liberos

274 5501 501 5564 videret,
537 5513 919 5575 urgentemque
948 5504 1139 5561 famem
1163 5546 1178 5572 ,
1210 5522 1385 5578 neque
1414 5507 1553 5562 aliud
1582 5509 1870 5579 quidquam

273 5593 500 5651 haberet
523 5595 823 5666 depositum
847 5639 859 5660 .
892 5615 1078 5670 magna
1105 5615 1226 5655 cum
1257 5601 1528 5657 alacritate
1556 5602 1869 5672 prophetam

269 5685 483 5755 excepit
507 5686 582 5754 (3.
609 5687 734 5760 Reg.
771 5689 855 5744 i7.
893 5691 978 5745 10.
1012 5690 1166 5761 sin).
1197 5691 1312 5759 Qua
1343 5709 1470 5747 vero
1498 5694 1565 5747 de
1594 5709 1754 5749 causa
1783 5695 1866 5749 di-

273 5775 372 5844 xit,
401 5775 551 5846 Apud
577 5793 628 5832 se
651 5789 858 5850 reponat
883 5781 1227 5837 tltesattrisans
1251 5786 1323 5853 (i.
1353 5785 1468 5840 Cor.
1500 5787 1580 5842 i6.
1607 5786 1700 5857 2)?
1725 5787 1860 5854 Quia

1577 374 1668 434 DE
1709 370 2195 432 ELEEIOSYNA.

3494 380 3600 440 968

2001 487 2236 544 fortasse
2263 501 2388 544 cum
2417 487 2688 545 modicum
2717 499 2895 556 esset,
2929 490 2979 545 id
3007 493 3292 550 ostendere
3321 497 3608 554 verebatur

2001 587 2055 633 et
2073 578 2446 634 erubescebat.
2473 577 2811 650 Quapropter
2829 581 2984 648 dixit,
3010 580 3091 638 Tu
3115 597 3268 640 sem
3287 595 3346 642 et
3366 589 3605 653 custodi.

1995 679 2192 724 etcum
2215 669 2546 726 oblationem
2571 669 2866 742 frequentia
2889 674 3033 744 quod
3058 690 3277 744 parvum
3299 688 3436 742 erat,
3461 680 3601 734 mul-

1999 770 2110 814 tum
2130 758 2377 814 enectum
2397 760 2578 824 fuerit,
2608 771 2735 816 tunc
2761 763 2814 817 in
2837 763 3070 818 medium
3094 766 3392 834 producito.
3417 767 3604 839 Neque

1993 850 2148 914 dixit,
2166 852 2444 920 colligens,
2463 852 2557 908 sed
2580 851 2954 908 Thesaurisaus
2966 869 2988 918 ;
3005 864 3061 908 ιιι
3087 857 3284 923 discas,
3304 873 3602 928 expensam

1996 941 2138 997 illam
2167 957 2290 998 esse
2310 943 2644 1011 thesaurum,
2664 945 2788 1015 quia
2812 953 3058 1015 sumptus
3075 947 3164 1002 ille
3182 949 3467 1004 thesaurus
3486 951 3604 1007 ειη.

1993 1033 2134 1088 citur
2158 1053 2172 1088 :
2193 1033 2497 1101 thesaurus,
2521 1035 2761 1104 inquam,
2785 1037 2930 1090 omni
2955 1039 3207 1092 thesauro
3230 1041 3444 1097 melior.
3466 1042 3601 1099 Nam

1994 1123 2101 1188 hic,
2124 1125 2215 1196 qui
2241 1126 2341 1181 sub
2361 1139 2579 1182 sensum
2606 1128 2772 1194 cadit,
2793 1128 3080 1184 thesaurus
3099 1131 3304 1188 insidiis
3325 1135 3602 1204 impetitur

1991 1227 2048 1272 et
2073 1218 2438 1284 imminuitur,
2474 1234 2726 1291 saepeque
2754 1235 2883 1284 eos,
2910 1223 3000 1292 qui
3033 1222 3208 1292 ipsum
3239 1225 3556 1282 invenerant
3578 1271 3594 1293 ,

1994 1311 2226 1380 perdidit
2272 1329 2287 1366 :
2334 1311 2618 1368 thesaurus
2664 1327 2798 1368 vero
2842 1315 3076 1370 caelestis
3116 1331 3312 1386 secus;
3357 1319 3600 1376 imminui

1993 1413 2226 1470 namque
2244 1410 2300 1456 et
2319 1402 2528 1457 insidiis
2555 1403 2740 1474 impeti
2781 1406 2995 1476 nequit,
3026 1405 3171 1462 salus
3197 1408 3601 1478 possidentibus

1991 1491 2484 1571 etaccipientibus.
2516 1491 2632 1548 Non
2665 1502 2908 1565 tempore
2935 1499 3291 1564 consumitur,
3323 1514 3433 1554 non
3461 1503 3600 1569 perit

1989 1578 2188 1634 invidia
2214 1622 2230 1647 ,
2261 1581 2357 1637 sed
2391 1584 2584 1638 talibus
2610 1598 2832 1654 prorsus
2857 1585 3064 1642 insidiis
3091 1587 3402 1645 inaccessos
3424 1633 3440 1657 ,
3468 1605 3596 1647 sex-

1991 1683 2148 1727 centa
2178 1674 2555 1746 colligentibus
2584 1675 2796 1732 confert
2825 1676 2985 1732 bona.

2062 1765 2116 1819 4.
2157 1765 2606 1836 Obtemperemus
2631 1767 2792 1837 igitur
2811 1807 2824 1831 ,
2851 1776 2905 1822 et
2929 1769 3011 1823 sic
3035 1783 3133 1825 nos
3159 1769 3259 1840 ipsi
3291 1772 3548 1827 faciamus
3578 1789 3594 1827 :

1990 1853 2204 1923 sintque
2225 1871 2393 1910 sacra:
2417 1856 2658 1925 pecunia:
2676 1857 2728 1911 in
2748 1857 2997 1913 domibus
3017 1862 3218 1914 nostris
3231 1872 3354 1916 cum
3378 1863 3598 1931 privatis

1990 1945 2182 2014 opibus
2205 1947 2474 2016 repositae,
2501 1957 2556 2001 ut
2578 1963 2672 2017 per
2694 1962 2788 2002 eas
2815 1949 3035 2018 privatas
3058 1949 3164 2006 illt‘e
3185 1963 3592 2008 conserventur.

1988 2036 2451 2102 Quemadmodum
2497 2039 2639 2094 enim
2667 2040 2721 2094 in
2749 2042 2910 2112 regiis
2937 2042 3166 2106 aerariis,
3195 2044 3240 2098 si
3269 2045 3468 2101 subditi
3495 2061 3594 2102 cu.

1983 2128 2198 2196 jusdam
2233 2132 2472 2200 pecuniae
2500 2132 2773 2195 intersint,
2806 2133 3028 2202 privatae
3056 2133 3322 2204 regiarum
3350 2152 3510 2192 causa
3540 2138 3593 2194 in

1991 2227 2105 2274 tuto
2129 2221 2460 2276 collocantur
2487 2241 2500 2278 :
2524 2225 2604 2278 sic
2628 2233 2682 2278 et
2708 2225 2751 2278 si
2780 2224 2924 2279 domi
2952 2227 3217 2296 repositas
3243 2227 3440 2284 habeas
3466 2246 3598 2301 pau-

1988 2323 2175 2378 perum
2201 2314 2472 2380 pecunias,
2501 2329 2634 2383 quas
2661 2313 2748 2370 die
2773 2315 3044 2371 dominico
3068 2316 3291 2388 colligas
3311 2361 3324 2382 ,
3356 2319 3462 2375 illa:
3488 2321 3596 2377 tuis

1987 2403 2329 2458 securitatem
2365 2407 2592 2474 parient.
2643 2407 2717 2462 Ita
2745 2408 3087 2475 dispensator
3111 2410 3218 2464 eris
3244 2413 3592 2480 pecuniarum

1989 2500 2200 2548 tuarum
2233 2510 2260 2548 a
2295 2495 2456 2549 Paulo
2486 2499 2829 2553 constitutus.
2871 2497 3008 2566 Quid
3039 2499 3198 2553 dico?
3228 2501 3318 2555 Ea:
3341 2518 3460 2571 quae
3480 2502 3594 2574 jam

1987 2585 2228 2640 collecta:
2251 2588 2314 2639 ad
2345 2588 2522 2656 plures
2543 2590 2873 2660 colligendas
2894 2593 3232 2648 occasionem
3260 2594 3351 2648 tibi
3371 2610 3591 2650 ansam-

1986 2691 2091 2744 que
2123 2678 2457 2745 praebebunt.
2510 2679 2564 2735 Si
2596 2683 2740 2734 enim
2769 2682 2924 2736 bonae
2953 2683 3077 2736 huic
3099 2685 3474 2740 consuetudini
3505 2687 3592 2740 ln-

1987 2768 2136 2821 itium
2168 2768 2401 2832 dederis,
2428 2771 2542 2840 ipse
2572 2775 2800 2841 teipsum
2832 2775 3072 2841 excitare
3103 2778 3302 2844 poteris
3331 2776 3449 2832 sine
3481 2778 3595 2832 ullo

1985 2859 2250 2929 symbolo.
2286 2859 2363 2914 Sit
2395 2862 2554 2930 igitur
2584 2862 2686 2917 hoc
2713 2864 2874 2919 modo
2903 2865 3160 2940 cujusque
3185 2866 3380 2922 domus
3411 2869 3589 2923 eccle-

1985 2949 2085 3010 sia,
2120 2950 2286 3004 sacris
2318 2952 2558 3019 pecuniis
2597 2955 2740 3008 intus
2783 2956 3052 3024 repositis.
3105 2957 3398 3011 Enimvero
3427 2973 3594 3029 gazo-

1989 3039 2231 3109 phylacia
2254 3083 2267 3106 ,
2296 3058 2415 3112 qua:
2441 3043 2526 3098 hic
2557 3045 2820 3099 habentur
2840 3087 2853 3109 ,
2881 3046 3090 3101 illarum
3117 3049 3422 3117 symbolum
3444 3057 3592 3106 sunt.

1986 3129 2087 3186 Ubi
2116 3147 2406 3201 pauperum
2433 3137 2672 3204 pecunize
2695 3136 2899 3206 iacent,
2927 3138 3234 3194 inaccessus
3253 3140 3593 3199 daemonibus

1984 3239 2068 3284 est
2095 3230 2243 3286 locus
2273 3249 2286 3284 :
2316 3231 2558 3287 collectre
2587 3249 2817 3303 namque
2836 3234 2902 3288 ad
2927 3235 3328 3308 eleemosynam
3353 3237 3595 3307 pecunia;

1985 3322 2126 3393 plus,
2152 3339 2310 3393 quam
2335 3335 2566 3388 scutum,
2591 3325 2766 3392 hasta,
2789 3335 2841 3380 et
2861 3341 3031 3393 arma,
3059 3341 3326 3398 omneque
3351 3330 3596 3398 corporis

1985 3414 2276 3481 robur,aut
2297 3415 2523 3469 militum
2549 3432 2738 3470 manus
2765 3416 2954 3471 domos
2976 3418 3242 3474 muniunt.
3265 3419 3400 3473 Cum
3423 3421 3594 3474 dixis-

1985 3516 2068 3562 set
2105 3519 2149 3562 et
2165 3523 2232 3577 go
2258 3550 2272 3574 ,
2303 3507 2519 3578 quando
2547 3550 2560 3574 ,
2591 3523 2618 3562 a
2649 3508 2844 3578 quibus
2874 3517 2930 3564 et
2971 3509 3240 3578 quomodo
3285 3510 3593 3580 huiusmodi

1987 3603 2226 3670 pecunia:
2256 3601 2574 3671 colligendae
2602 3603 2732 3664 sint,
2762 3612 2990 3671 quantas
3032 3601 3152 3656 illas
3194 3617 3316 3658 esse
3343 3613 3591 3671 oporteat

1985 3691 2324 3746 offerentium
2341 3693 2564 3747 arbitrio
2583 3692 2854 3762 relinquit.
2877 3691 2994 3747 Non
3013 3691 3157 3747 enim
3175 3691 3338 3759 dixit,
3358 3692 3588 3748 Tantum

1985 3793 2039 3840 et
2070 3794 2277 3840 tantum
2310 3784 2463 3851 offer,
2494 3801 2562 3840 ne
2589 3799 2878 3839 onerosum
2908 3785 2978 3838 sit
3007 3793 3334 3855 praeceptum
3361 3826 3376 3850 ,
3409 3786 3591 3840 multis

1989 3887 2356 3945 paupertatem
2404 3876 2815 3946 objicientibus;
2865 3891 2935 3930 ne
2981 3891 3247 3945 pauperes
3298 3877 3540 3932 dicereut
3573 3918 3588 3940 ,

1988 3970 2126 4037 Quid
2151 3971 2309 4041 igitur
2334 3971 2378 4024 si
2403 3986 2508 4024 non
2533 3969 2841 4035 possimus?
2865 3968 2962 4022 sed
2989 3967 3226 4023 facultati
3251 3969 3592 4024 offerentium

1962 4060 2277 4115 oblationis
2303 4059 2522 4115 modum
2553 4061 2795 4129 permisit
2827 4077 2841 4113 :
2878 4057 3257 4130 Unusquisque,
3288 4061 3478 4132 inquit,
3509 4078 3590 4116 re-

1986 4161 2148 4205 strum
2173 4152 2321 4222 apud
2332 4170 2387 4207 se
2408 4161 2618 4222 seponat
2645 4151 2994 4204 thesaurisz
3018 4150 3156 4221 quod
3199 4150 3302 4202 sibi
3338 4147 3598 4216 placuerit

1987 4241 2080 4313 (i.
2113 4242 2232 4297 Cor.
2265 4243 2349 4298 16.
2384 4241 2464 4313 2)
2496 4262 2508 4298 :
2549 4259 2657 4297 non
2689 4242 2841 4304 dixit,
2873 4239 3015 4310 quod
3046 4241 3298 4311 potuerit,
3329 4249 3421 4295 aut
3446 4241 3590 4310 quod

1987 4343 2260 4404 repertum
2293 4335 2484 4398 fuerit;
2519 4335 2612 4390 sed
2639 4377 2654 4399 ,
2690 4332 2840 4399 Quod
2868 4333 2962 4386 sibi
2993 4333 3271 4402 placuerit,
3300 4333 3418 4389 sive
3442 4335 3588 4404 quod

1986 4425 2329 4479 commodum
2358 4426 2537 4483 fuerit.
2561 4425 2854 4479 ostendens
2885 4439 3176 4494 supernum
3205 4434 3395 4479 nutum
3421 4434 3474 4479 et
3497 4426 3591 4480 loe-

1987 4513 2347 4567 nevolentiam
2374 4514 2474 4584 ipsi
2503 4513 2808 4568 adfuturam
2834 4527 2974 4568 esse.
3017 4512 3133 4567 Non
3159 4514 3302 4569 enim
3332 4513 3384 4568 id
3410 4515 3588 4569 solum

1987 4602 2262 4670 spectabat
2307 4602 2506 4657 Paulus
2538 4644 2553 4668 ,
2601 4612 2658 4656 ut
2710 4603 2949 4671 pecunias
2997 4603 3323 4673 pauperibus
3379 4604 3587 4659 submi-

1988 4693 2348 4748 nistrarentttr
2373 4736 2388 4758 ,
2417 4692 2510 4747 sed
2543 4701 2598 4746 ut
2634 4692 2685 4746 id
2717 4708 2906 4762 magna
2948 4708 3070 4746 cum
3099 4693 3376 4747 alacritate
3411 4693 3588 4749 ﬂeret.

1989 4783 2198 4838 Etenim
2227 4784 2366 4838 Deus
2384 4800 2488 4838 non
2509 4782 2579 4837 ob
2599 4783 2650 4836 id
2673 4790 2874 4837 tantum
2893 4783 3292 4856 eleemosynam
3310 4786 3590 4854 praecepit,

1985 4885 2046 4930 ut
2067 4876 2280 4930 alantur
2309 4875 2485 4945 egeni,
2514 4873 2607 4930 sed
2635 4875 2799 4931 etiam
2833 4883 2890 4930 ut
2918 4874 3172 4930 dantibus
3202 4874 3464 4932 beneﬁcia
3491 4890 3586 4931 ac.

1985 4965 2272 5032 cederent;
2302 4975 2627 5036 propterque
2656 4965 2758 5020 hos
2779 4965 2948 5035 magis
2966 5004 2983 5032 ,
3011 4979 3171 5036 quam
3202 4975 3422 5036 propter
3446 4966 3586 5021 illtts.

1983 5055 2119 5111 Nam
2147 5057 2192 5112 si
2219 5070 2512 5127 pauperum
2539 5054 2817 5110 dumtaxat
2844 5054 3119 5112 habuisset
3141 5057 3428 5121 rationem,
3452 5072 3594 5126 prte-

1983 5147 2217 5219 cepisset
2247 5157 2452 5201 tantum
2489 5156 2547 5202 ut
2577 5146 2819 5217 pecunia:
2843 5156 3197 5217 erogarentur
3218 5188 3234 5213 ,
3265 5161 3440 5218 neque
3467 5162 3592 5202 ero-

1982 5241 2218 5310 gantium
2234 5240 2560 5294 alacritatem
2579 5238 2942 5308 requisivisset
2964 5255 2977 5292 :
2992 5248 3046 5292 at
3063 5253 3204 5294 nunc
3217 5238 3369 5294 vides
3382 5248 3597 5309 aposto-

1985 5332 2096 5386 lum
2113 5332 2256 5386 omui
2276 5330 2631 5386 sollicitudine
2647 5331 3067 5400 przrcipientem,
3085 5342 3141 5385 ut
3156 5331 3260 5386 laeti
3278 5330 3588 5403 hilaresque

1982 5424 2091 5478 sint
2116 5423 2414 5494 largitores.
2449 5424 2512 5476 Et
2536 5422 2825 5494 aliquando
2850 5421 2998 5490 dicit,
3029 5422 3150 5476 Non
3167 5439 3231 5478 ex
3251 5424 3475 5490 tristitia,
3499 5433 3589 5478 aut

1983 5533 2046 5571 ea:
2090 5519 2381 5571 necessitate
2407 5532 2427 5570 :
2452 5516 2666 5570 hilarem
2702 5518 2833 5570 enim
2870 5515 3097 5570 datorem
3125 5515 3291 5586 diligit
3323 5513 3459 5581 Deus
3489 5515 3585 5586 (3.

1985 5604 2104 5659 Cor.
2123 5605 2175 5661 9.
2208 5606 2298 5676 7);
2333 5621 2439 5660 non
2467 5606 2783 5676 simpliciter
2808 5605 3051 5662 datorem
3075 5647 3090 5670 ,
3124 5605 3219 5661 sed
3245 5621 3370 5661 eum
3397 5608 3488 5678 qui
3521 5607 3588 5660 li-

1982 5697 2173 5752 bcntcr
2201 5696 2251 5751 id
2281 5698 2407 5770 agit.
2444 5698 2511 5754 Et
2543 5698 2734 5753 iterum
2766 5697 2892 5752 alibi
2925 5715 2939 5752 :
2974 5697 3075 5765 Qui
3104 5697 3276 5752 tribuit
3305 5699 3359 5751 in
3382 5698 3585 5767 simpli-

1983 5790 2151 5855 citate,
2183 5792 2267 5858 qul
2293 5799 2473 5858 μναῖ-εει
2503 5789 2553 5844 in
2582 5787 2945 5855 sollicitudine,
2975 5789 3059 5858 qui
3087 5789 3352 5844 miseretur
3377 5788 3430 5842 in
3459 5787 3588 5841 ltila-
