4088 6400
536 336 648 394 167

522 452 693 503 .ritats
718 443 897 515 (Best.
929 442 1015 498 i9.
1040 437 1117 513 8).
1152 438 1278 495 Hac
1301 445 1383 494 est
1407 440 1551 493 enim
1579 438 1915 509 eieemosyna
1938 477 1954 503 ,
1978 436 2026 491 si
2049 436 2123 492 ita

531 535 779 601 dederis,
798 543 858 588 ut
876 529 1130 603 gaudeas,
1157 536 1212 584 et
1234 536 1389 598 putes
1408 536 1461 582 te
1486 527 1656 597 magis
1677 527 1940 595 accipere,
1962 538 2123 593 quam

538 626 691 682 dare.
723 624 952 692 ideoque
986 619 1162 675 modis
1186 618 1437 674 omnibus
1461 625 1685 673 conatur
1708 624 1768 669 ut
1800 616 1919 670 leve
1965 613 2126 669 faciat

541 722 885 786 praestitum,
901 727 967 770 ac
980 726 1104 769 cum
1124 710 1402 766 alacritate
1422 707 1514 763 flat
1528 706 1745 763 oblatio.
1767 706 1833 761 Et
1844 703 2123 771 considera

534 818 669 881 quot
690 804 956 880 capitibus
984 801 1240 875 ποθι)ιὶ
1265 800 1472 872 pondus
1506 797 1720 854 auferre
1745 803 1971 867 satagat.
2001 794 2123 851 Pri-

536 917 627 958 mo
668 899 823 970 jubet
859 911 970 952 non
1005 910 1170 950 unum
1197 933 1214 959 ,
1245 900 1340 949 ant
1374 890 1513 948 duos
1543 899 1721 946 ttesve
1751 886 1949 944 oiferre
1971 927 1988 953 ,
2025 885 2124 943 sed

532 993 843 1047 universam
870 987 1165 1043 civitatem.
1203 982 1439 1039 Collecta
1478 980 1621 1037 enim
1663 978 1797 1034 nihil
1824 977 1969 1033 aliud
1997 987 2080 1033 est
2102 1017 2119 1045 ,

534 1099 696 1155 quam
720 1080 939 1137 collatio
963 1087 1019 1134 et
1045 1075 1345 1148 symbolum
1370 1070 1440 1127 ab
1463 1070 1711 1127 omnibus
1734 1069 1994 1125 oblatum.
2025 1067 2126 1124 Se-

533 1173 715 1231 cundo
758 1166 1130 1241 accipientium
1174 1163 1419 1235 dignitati
1467 1160 1755 1232 prospicit;
1824 1174 1932 1214 non
1977 1158 2120 1214 enim

530 1263 689 1331 dixit,
717 1272 1001 1333 pauperes,
1029 1254 1124 1312 sed
1154 1252 1394 1310 Samos.
1422 1250 1605 1308 Tertio
1631 1250 1936 1319 exemplum
1964 1246 2123 1303 παθη

534 1353 795 1417 aliorum,
811 1349 903 1421 qui
929 1346 1104 1405 simile
1125 1343 1377 1416 quiddam
1402 1341 1673 1407 fecerant:
1698 1340 1845 1396 Sicut
1867 1338 2120 1406 ordinari,

536 1441 730 1513 inquit,
755 1438 997 1495 laciniis
1019 1433 1251 1493 Galatia.
1283 1431 1366 1488 Ad
1396 1431 1511 1487 haec
1532 1430 1639 1487 diei
1666 1427 2120 1501 opportunitatem

531 1531 713 1601 adjicit
736 1548 751 1584 :
770 1527 877 1586 Par
893 1542 1051 1583 unum
1067 1524 1410 1587 missimus,
1428 1521 1523 1591 ait,
1545 1520 1886 1591 aequisque
1903 1527 2120 1573 aestum

530 1624 672 1695 apud
695 1638 752 1678 ss
773 1628 984 1691 seponat
1012 1617 1379 1673 thesauri-isses.
1409 1612 1613 1683 Quinto
1636 1652 1653 1681 ,
1683 1625 1790 1667 non
1816 1609 1969 1681 jubet
1996 1623 2119 1664 om-

530 1730 656 1771 nem
685 1711 970 1770 confertim
1009 1707 1199 1767 inferri
1240 1707 1667 1778 eleemosynam;
1709 1700 1806 1759 sed
1843 1702 2041 1757 sensim
2066 1708 2122 1756 et

529 1804 807 1879 paulatim.
852 1802 969 1859 Non
998 1801 1141 1857 enim
1169 1813 1269 1871 par
1298 1806 1383 1855 est
1410 1798 1547 1851 ratio
1574 1794 1755 1855 omnia
1785 1807 1892 1848 uno
1917 1791 2006 1847 die
2032 1792 2118 1846 in-

526 1894 655 1951 ferri
682 1890 975 1965 precipere
997 1931 1016 1957 ,
1037 1899 1133 1945 aut
1162 1889 1215 1944 in
1244 1887 1552 1943 diuturnum
1584 1894 1794 1954 tempus
1824 1882 1911 1937 illa
1943 1882 2121 1938 minu-

532 1982 683 2037 tatim
722 1980 1003 2038 dividere:
1032 1994 1155 2035 nam
1199 1977 1303 2035 hoc
1329 1976 1489 2032 modo
1527 1975 1769 2045 impensa
1798 1987 1867 2029 ne
1890 1973 2120 2027 sentitur

528 2071 766 2143 quidem.
803 2071 1000 2137 Sexto,
1032 2085 1139 2125 non
1166 2067 1463 2139 praescribit
1491 2080 1795 2121 mensuram
1819 2106 1833 2129 ,
1864 2066 1958 2119 sed
1981 2062 2118 2118 οπε-

534 2163 765 2219 rentium
804 2161 1027 2217 arbitrio
1054 2159 1304 2229 relinquit
1326 2184 1347 2224 ,
1372 2167 1428 2214 et
1456 2155 1582 2211 illud
1618 2170 1649 2211 a
1682 2154 1793 2211 Deo
1816 2153 1997 2209 datum
2025 2151 2120 2208 de-

527 2254 697 2307 clarat
722 2268 737 2305 :
766 2264 890 2305 nam
915 2264 1037 2305 cum
1062 2248 1230 2313 dicit,
1265 2246 1419 2312 Quod
1442 2244 1760 2301 commodius
1786 2243 1970 2315 fuerit,
2000 2240 2118 2295 hare

527 2342 689 2399 ambo
708 2324 925 2397 indicat.
950 2340 1247 2413 Septimum
1262 2354 1474 2411 quoque
1492 2339 1652 2396 alium
1672 2336 1889 2393 modum
1911 2335 2113 2406 adjicit,

525 2434 732 2500 dicens,
765 2431 836 2488 Ut
862 2449 987 2498 non,
1013 2448 1127 2485 cum
1152 2446 1353 2497 uenero,
1381 2442 1501 2485 tunc
1524 2430 1747 2485 “(item
1772 2428 1921 2497 ﬁant.
1946 2428 2114 2485 Simul
2146 2503 2152 2509 .

525 2524 670 2579 enim
717 2538 813 2578 eos
857 2522 1058 2578 excitat
1087 2530 1460 2590 exspectantes
1494 2520 1781 2575 adventum
1825 2535 1979 2575 suum
2004 2561 2021 2587 ,
2062 2530 2115 2575 et

524 2616 853 2681 consolatur,
878 2622 1080 2669 certum
1106 2612 1368 2669 adventus
1392 2611 1472 2666 sui
1496 2611 1637 2665 diem
1664 2610 1989 2680 significans.
2013 2609 2115 2665 Ne-

521 2722 632 2777 que
673 2704 755 2760 bis
798 2712 1082 2761 contentus
1118 2714 1362 2757 octavum
1403 2700 1549 2757 aliud
1587 2701 1789 2772 adjicit.
1836 2700 2113 2770 Quodnam

523 2795 693 2850 illud?
716 2795 846 2854 Cum
864 2804 1030 2850 autem
1056 2810 1277 2865 prauus
1306 2798 1471 2866 fuero,
1498 2792 1690 2863 inquit,
1714 2808 1842 2862 quos
1867 2795 2111 2861 probave-

522 2890 638 2943 ritt's
659 2906 748 2957 per
772 2888 1030 2959 epistolas,
1052 2886 1145 2942 itos
1169 2888 1364 2941 ntittsm
1388 2888 1617 2957 νοτία-η
1638 2884 1856 2956 gratiam
1875 2893 2106 2939 uestram.

528 2981 677 3048 Quod
700 2980 743 3034 st'
768 2980 979 3052 dignum
1002 2980 1152 3051 fuerit
1180 2987 1235 3032 att
1266 2987 1315 3032 et
1338 2993 1430 3049 ego
1458 2993 1600 3042 eam,
1631 2993 1830 3032 mecum
1866 2977 2008 3030 ibunt
2030 2976 2109 3044 (i.

524 3071 645 3127 Cor.
674 3072 760 3129 ιθ.
783 3073 834 3127 3.
862 3071 941 3142 4).
972 3071 1104 3126 Vide
1129 3084 1286 3139 quam
1312 3069 1480 3123 aliena
1502 3083 1533 3123 a
1562 3067 1701 3122 fastu
1730 3076 1785 3123 et
1810 3081 1969 3137 quam
1991 3081 2107 3120 mo-

523 3161 676 3216 desta
717 3162 789 3216 sit
834 3162 989 3216 beata
1033 3169 1089 3215 et
1127 3172 1385 3229 generosa
1426 3158 1515 3212 illa
1551 3157 1727 3211 anima
1750 3197 1767 3223 ,
1798 3156 1920 3211 vide
1952 3170 2111 3226 quam

522 3255 747 3309 sollicita
773 3293 790 3319 ,
830 3267 989 3322 quam
1032 3250 1229 3306 amoris
1273 3249 1449 3319 plena.
1490 3248 1668 3304 Noluit
1710 3248 1853 3304 enim
1878 3288 1895 3313 ,
1939 3260 2114 3317 neque

525 3358 712 3413 passus
740 3352 824 3399 est
863 3351 921 3398 ut
950 3342 1019 3407 ii,
1060 3340 1149 3410 qui
1183 3339 1431 3410 pecunias
1458 3338 1881 3393 administraturi
1911 3344 2067 3392 erant
2092 3376 2108 3401 ,

521 3438 781 3493 arbitratu
826 3435 905 3489 sui
952 3434 1118 3504 ipsius
1151 3430 1624 3497 constituerentur,
1657 3429 1753 3485 sed
1783 3444 1970 3485 eorum
1996 3430 2110 3486 eie-

522 3529 753 3583 ctionem
778 3526 903 3595 ipsis
926 3523 1185 3594 permisit,
1204 3536 1378 3592 neque
1396 3520 1736 3576 contumelia
1756 3520 1877 3575 loco
1899 3521 2105 3587 habuit,

524 3620 567 3673 si
607 3616 1005 3673 Corinthiorum
1036 3614 1243 3670 calculo
1274 3621 1436 3684 atque
1459 3613 1724 3670 sententia
1748 3651 1763 3679 ,
1798 3628 1904 3668 non
1930 3622 2109 3668 autem

523 3711 711 3773 Pauli,
753 3708 1243 3770 constituerentur;
1283 3712 1468 3758 contra
1508 3718 1639 3760 vero
1679 3702 1969 3758 absurdum
1997 3704 2111 3759 fore

521 3800 770 3863 censuit,
802 3799 846 3853 si
890 3796 1091 3852 oblatio
1116 3811 1301 3851 eorum
1332 3804 1509 3862 esset,
1536 3795 1904 3850 ministrorum
1932 3802 2109 3850 autem

521 3895 711 3949 electio
735 3905 855 3945 sua.
884 3889 1116 3961 ideoque
1145 3888 1198 3943 id
1228 3888 1331 3944 illis
1358 3886 1661 3954 commisit,
1687 3886 2007 3942 modestiam
2033 3886 2100 3942 si-

523 3984 631 4038 mul
652 3998 801 4037 suam
823 3980 1131 4045 ostendens,
1151 3989 1311 4050 atque
1330 3994 1545 4035 omnem
1561 3994 1746 4034 ansam
1763 3979 2113 4049 umbramque

523 4070 765 4124 adversae
787 4066 1105 4139 suspicionis
1131 4079 1402 4122 resecans.
1430 4065 1561 4121 Nam
1590 4066 1714 4121 licet
1735 4066 1851 4122 sole
1875 4064 2111 4136 splendi-

521 4160 642 4215 dior
677 4170 731 4214 et
773 4158 845 4213 ab
883 4158 1029 4214 omni
1073 4158 1213 4213 mala
1249 4155 1553 4227 suspicione
1594 4156 1803 4212 alienus
1826 4165 2013 4212 esset:
2044 4172 2111 4213 ex

523 4248 812 4305 abundanti
830 4258 1006 4305 tamen
1018 4247 1242 4305 curabat
1256 4246 1641 4303 inﬁrmioribus
1655 4263 1715 4303 se
1730 4257 2108 4319 attemperare,

523 4352 579 4397 et
619 4340 777 4394 falsas
804 4340 1135 4408 suspiciones
1170 4338 1425 4409 eil’ugere.
1469 4338 1756 4409 Propterea
1784 4338 1956 4395 dicit:
1984 4339 2110 4393 Cum

521 4443 690 4487 autem
713 4446 931 4502 presens
956 4434 1117 4498 (uno,
1139 4445 1264 4499 quos
1288 4429 1634 4497 probaueritis,
1655 4431 1749 4486 hos
1771 4432 1967 4485 mittam
1994 4447 2109 4501 per-

522 4528 653 4595 ferre
690 4522 906 4593 gratiam
939 4528 1174 4575 restrain.
1206 4518 1346 4589 Quid
1386 4519 1561 4577 dicis?
1600 4518 1681 4575 'l‘u
1710 4535 1816 4575 non
1847 4522 2064 4592 navigas
2087 4563 2104 4589 ,

525 4630 701 4684 neque
730 4614 982 4684 pecunias
1008 4612 1204 4684 accipis
1223 4654 1241 4676 ,
1268 4612 1360 4668 sed
1386 4612 1504 4669 aliis
1531 4627 1646 4669 rem
1673 4613 2002 4669 committis?
2029 4614 2108 4671 Ne

514 4705 683 4774 igitur
710 4705 831 4760 talia
858 4704 1156 4774 cogitantes
1179 4703 1455 4773 segniores
1478 4702 1793 4769 evaderent,
1823 4702 1946 4759 vide
1968 4718 2105 4774 quo-

518 4799 683 4854 modo
708 4807 760 4853 et
791 4798 891 4852 hoc
920 4797 1109 4851 iterum
1135 4806 1343 4851 caveat.
1367 4794 1484 4850 Non
1512 4795 1653 4849 enim
1680 4794 1997 4864 simpliciter
2022 4796 2108 4850 di-

520 4896 619 4959 sit,
645 4891 791 4957 Quos
814 4889 1187 4959 probaveritis,
1224 4888 1448 4951 mittam,
1476 4887 1569 4943 sed
1599 4887 1771 4957 quid?
1799 4885 1901 4941 Per
1924 4888 2111 4959 episto-

512 4983 618 5037 las.
666 4980 888 5035 Etiamsi
918 4993 1143 5049 corpore
1182 4993 1289 5032 non
1336 4976 1617 5033 adfuturus
1658 4978 1759 5032 sim
1788 5018 1801 5041 ,
1834 4988 1889 5032 at
1936 4978 2108 5034 literis

517 5073 655 5127 meis
684 5085 920 5139 pmsens
945 5085 1059 5133 ero,
1091 5083 1383 5137 eorumque
1408 5068 1684 5122 ministerii
1713 5070 1997 5139 particeps.

590 5162 645 5215 5.
686 5159 820 5215 Nunt
869 5160 952 5215 vel
998 5160 1187 5213 umbra
1238 5158 1411 5225 Pauli,
1451 5158 1539 5213 vel
1578 5160 1953 5217 calceamentis
1990 5162 2105 5231 ejus

513 5249 661 5315 digni
688 5264 895 5316 sumus,
916 5249 1129 5319 quando
1174 5249 1263 5304 ille
1307 5257 1453 5303 tanta
1511 5249 1652 5319 apud
1707 5266 1895 5307 omnes
1936 5252 2103 5322 gloria

518 5340 727 5409 fulgens
766 5340 1005 5394 omnium
1048 5339 1220 5409 rejicit
1265 5340 1519 5406 honores,
1551 5357 1649 5396 nos
1676 5353 1853 5399 autem
1905 5354 2105 5399 stoma-

512 5430 742 5487 rhamur
761 5438 818 5485 et
845 5445 986 5501 aegre
1028 5430 1268 5497 ferimus,
1290 5432 1334 5487 si
1360 5448 1466 5487 non
1500 5436 1765 5490 sententia
1801 5443 1855 5491 et
1898 5438 2103 5493 calculo

516 5527 702 5575 rostro
720 5520 899 5575 talium
918 5521 1263 5591 pecuniarum
1293 5525 1523 5593 prompti
1539 5534 1805 5592 creentur,
1824 5535 2101 5584 contumco

518 5609 749 5679 liamqnc
778 5610 932 5665 nobis
961 5610 1148 5666 inferri
1173 5620 1421 5681 putamus
1445 5628 1567 5669 cum
1600 5615 1755 5671 nobis
1786 5616 2101 5673 inconsultis

510 5699 751 5773 quipiam
782 5704 1031 5773 pecunias
1069 5703 1379 5775 impendunt
1419 5709 1576 5763 suas?
1623 5708 1755 5763 Vide
1801 5710 1959 5766 etiam
1990 5728 2091 5783 qua

1249 327 1306 383 S.
1346 322 1620 382 iOANNlS
1654 322 2129 384 CHRYSOSTOII
2167 322 2491 382 ARCHIBP.
2528 317 3067 383 CONSTANTINOP.

2226 436 2439 492 ratione
2474 436 2557 491 sui
2585 436 2780 508 ubique
2803 434 3131 490 mentionem
3178 431 3359 501 faciat,
3402 448 3576 506 neque
3620 436 3833 506 uspiam

2226 526 2613 582 obliviscatur:
2637 541 2809 598 neque
2832 526 2976 581 enim
3002 526 3089 581 hic
3134 523 3444 581 mandatum
3471 535 3631 581 vocat
3656 525 3791 584 illud
3810 566 3828 593 .

2229 632 2403 687 neque
2452 616 2871 688 eleemosynam,
2912 615 3007 673 sed
3042 614 3319 683 Gratiam;
3360 615 3657 673 utendas
3692 617 3838 674 sicut

2228 716 2474 762 mortuos
2540 707 2805 763 suscitare
2832 749 2849 774 ,
2897 707 3175 764 (immunes
3225 708 3430 780 pellere
3473 716 3532 764 et
3584 707 3842 778 leprosos

2225 798 2523 863 mundare,
2551 798 2630 852 sic
2656 806 2711 852 et
2740 811 3005 867 pauperes
3038 798 3225 868 juvare
3258 798 3447 870 gratim
3480 810 3619 868 opus
3660 810 3829 864 esse;

2226 887 2338 943 imo
2362 886 2542 956 potius
2566 887 2669 942 hoc
2694 901 2854 959 quam
2882 886 3009 943 illud
3039 906 3055 943 :
3080 900 3241 959 atque
3280 888 3491 946 etiamsi
3520 888 3692 960 gratia
3715 889 3788 945 sit
3805 926 3830 957 ,

2224 975 2402 1031 studio
2422 984 2607 1034 tamen
2635 986 2692 1033 et
2714 977 2990 1033 alacritate
3007 992 3143 1049 Opus
3169 977 3327 1034 nobis
3362 986 3446 1034 est
3478 987 3540 1033 nt
3564 978 3831 1051 eligamu

2221 1076 2277 1122 et
2297 1066 2549 1132 velimus,
2577 1077 2632 1123 et
2651 1083 2749 1125 nos
2767 1068 2938 1140 gratia
2967 1068 3158 1139 dignos
3182 1067 3491 1124 reddamus.
3511 1069 3627 1126 Hoc
3647 1071 3831 1140 itaque

2222 1156 2290 1212 ad
2313 1157 2736 1215 eonsolatibuem
2770 1158 2989 1228 attulit,
3035 1157 3177 1229 quod
3206 1159 3391 1215 literas
3416 1174 3544 1214 suas
3570 1175 3693 1217 cum
3718 1161 3831 1217 illis

2222 1247 2489 1313 mitteret;
2512 1247 2656 1305 aliud
2674 1263 2803 1304 vero
2817 1249 2993 1319 majus
3006 1250 3222 1320 adjecit,
3239 1249 3380 1321 quod
3398 1264 3459 1305 se
3482 1251 3831 1321 polliceretur

2221 1336 2428 1394 itineris
2446 1339 2651 1394 socium
2673 1339 2787 1395 fore
2810 1338 2994 1405 :Qttod
3009 1341 3056 1395 si
3073 1340 3287 1411 dignatas
3300 1340 3472 1411 fuerit,
3493 1341 3685 1411 inquit,
3700 1350 3762 1395 et
3778 1354 3835 1396 es

2217 1442 2455 1499 queant,
2474 1428 2821 1483 mittunt
2836 1430 2887 1500 (i
2900 1428 3141 1485 .Cor.i6.
3155 1430 3296 1499 ΞΑ).
3314 1428 3410 1485 ilic
3425 1429 3828 1486 animadvertas

2220 1518 2382 1573 velim
2402 1520 2519 1589 ejus
2540 1518 2902 1591 prudentiam.
2940 1518 3126 1591 Neque
3143 1522 3287 1576 enim
3314 1521 3529 1592 negavit
3556 1535 3619 1577 se
3647 1521 3825 1579 simul

2220 1608 2419 1665 iturum
2441 1650 2461 1679 ,
2488 1624 2663 1682 neque
2690 1611 2913 1667 omnino
2938 1610 3208 1683 pollicitus
3226 1619 3344 1678 est;
3374 1611 3469 1668 sed
3498 1612 3628 1668 illud
3651 1613 3821 1668 etiam

2217 1692 2463 1756 dantiutn
2506 1700 2730 1756 arbitrio
2777 1700 3040 1771 permisit,
3070 1714 3274 1773 eosque
3314 1701 3664 1779 profectionis
3708 1717 3826 1759 sum

2217 1789 2470 1846 dominos
2510 1790 2665 1855 fecit;
2696 1789 2939 1847 indicans
2958 1830 2975 1858 ,
3003 1792 3050 1846 si
3074 1790 3277 1847 donum
3306 1801 3510 1847 tantum
3542 1792 3683 1848 foret
3703 1832 3724 1860 ,
3764 1802 3827 1847 ut

2217 1896 2282 1938 se
2327 1882 2552 1938 incitare
2592 1890 2805 1951 posset,
2851 1882 2955 1939 iter
2986 1897 3047 1938 se
3082 1892 3456 1955 suscepturum
3500 1897 3644 1939 esse.
3685 1883 3824 1939 Nam

2219 1988 2345 2029 cum
2402 1973 2554 2040 dicit,
2587 1971 2651 2029 Si
2697 1973 2910 2046 dignam
2957 1973 3229 2044 fuerit,“
3274 1973 3665 2030 subindicautis
3712 1982 3820 2031 est.

2220 2063 2374 2133 Quod
2402 2065 2449 2119 si
2478 2062 2864 2135 profectionem
2909 2064 3053 2120 illam
3094 2065 3319 2121 omnino
3355 2074 3643 2137 negasset,
3673 2064 3826 2136 ipsos

2219 2157 2524 2228 ignaviores
2550 2156 2932 2229 scgnioresque
2962 2156 3325 2225 reddidisset;
3369 2158 3453 2214 sin
3495 2156 3661 2214 dubie
3690 2172 3823 2228 pro-

2215 2247 2473 2314 misisset,
2527 2247 2944 2318 negligentiam
2991 2246 3225 2303 fecisset.
3272 2246 3399 2303 ideo
3448 2261 3550 2304 nec
3594 2248 3825 2303 omnino

2216 2346 2399 2413 negat,
2424 2353 2597 2409 neque
2627 2338 2943 2409 pollicetur;
2972 2338 3066 2395 sed
3094 2338 3224 2395 illud
3246 2340 3470 2397 arbitrio
3504 2338 3821 2396 Corinthio-

2214 2446 2334 2485 rum
2361 2431 2617 2501 relinquit
2634 2431 2842 2499 dicens,
2872 2431 3022 2497 Quod
3042 2432 3088 2488 si
3111 2432 3324 2504 dignam
3353 2433 3525 2504 fuerit.
3578 2432 3822 2489 Audien-

2216 2531 2298 2577 tes
2322 2522 2468 2577 enim
2497 2522 2720 2579 Paulum
2747 2522 2922 2592 ipsum
2948 2522 3250 2579 delaturum
3279 2524 3607 2580 oblationem
3638 2537 3817 2589 suam,

2216 2612 2405 2682 majori
2434 2612 2615 2668 studio
2641 2623 2697 2668 et
2718 2613 2997 2669 alacritate
3020 2612 3089 2668 ad
3116 2612 3169 2668 id
3189 2612 3267 2670 rei
3296 2612 3608 2669 ferebantur
3625 2656 3640 2680 ,
3672 2615 3821 2687 quod

2212 2712 2413 2756 sancta:
2440 2702 2551 2757 illis
2602 2717 2794 2758 manus
2840 2703 2977 2759 dona
3019 2712 3328 2760 tractatum
3366 2714 3582 2773 essent,
3607 2716 3665 2762 et
3694 2706 3822 2763 huic

2213 2791 2475 2848 sacriﬁcio
2502 2807 2689 2864 preces
2709 2794 2851 2850 illius
2864 2794 3203 2851 accederent.
3244 2795 3414 2852 Porro
3438 2798 3484 2852 si
3509 2796 3678 2853 Paulo
3704 2806 3816 2852 tra-

2212 2884 2375 2939 dituri
2400 2885 2539 2939 dona
2568 2884 2871 2953 Corinthii,
2904 2886 2955 2941 id
3000 2900 3123 2942 cum
3169 2886 3374 2958 majore
3417 2887 3699 2944 alacritate
3741 2888 3820 2943 fa-

2210 2975 2460 3039 ciebant,
2486 2986 2541 3029 tu
2568 2975 2718 3030 Pauli
2752 2977 2980 3033 Domino
3003 2976 3227 3034 daturus
3254 2980 3401 3048 (nam
3428 2993 3525 3049 per
3552 2993 3820 3051 pauperes

2214 3065 2305 3120 ille
2324 3065 2589 3137 suscipit),
2617 3081 2776 3137 quam
2802 3066 3204 3123 excusationem
3239 3068 3520 3124 habiturus
3557 3069 3660 3125 es?
3706 3070 3818 3127 Ne-

2212 3171 2317 3227 que
2340 3159 2484 3212 enim
2508 3199 2523 3223 ,
2557 3159 2658 3212 nisi
2689 3172 2879 3227 magna
2917 3157 3109 3213 fuisset
3136 3159 3337 3215 oblatio
3370 3160 3643 3233 multaque
3686 3177 3819 3219 cura

2213 3248 2394 3318 digna,
2428 3249 2514 3304 ille
2537 3250 2624 3305 cui
2655 3258 2800 3305 totus
2826 3250 2975 3307 orbis
3006 3251 3242 3309 creditus
3260 3293 3277 3319 ,
3305 3260 3361 3307 et
3384 3252 3470 3308 cui
3491 3267 3638 3309 cum
3662 3266 3821 3312 erant

2212 3352 2403 3394 omnes
2426 3340 2526 3394 sub
2553 3339 2669 3395 sole
2694 3340 2979 3406 Ecclesia,
3009 3341 3281 3411 pollicitus
3304 3350 3451 3399 esset
3472 3358 3533 3400 se
3557 3345 3819 3415 pecunias

2212 3428 2712 3485 administraturum
2739 3444 2879 3486 esse.
2922 3430 3049 3487 llaec
3072 3432 3232 3503 igitur
3263 3434 3446 3489 animo
3478 3444 3815 3505 reputantes,

2211 3520 2325 3575 sive
2346 3520 2680 3591 largiendum
2709 3524 2803 3592 sit,
2834 3523 2947 3579 sive
2972 3524 3094 3580 aliis
3138 3525 3485 3597 largientibus
3504 3530 3820 3585 ministran-

2211 3608 2362 3675 dum,
2400 3626 2469 3667 ne
2504 3626 2697 3682 segnes
2717 3614 2905 3679 simus,
2936 3630 3108 3686 neque
3132 3616 3333 3685 musti,
3360 3617 3505 3688 quod
3534 3619 3819 3677 facultates

2212 3703 2367 3757 nobis
2393 3705 2719 3761 minuantur.
2758 3707 3041 3773 Quomodo
3079 3710 3221 3765 enim
3250 3709 3541 3767 absurdum
3564 3727 3671 3767 non
3703 3712 3819 3769 fue-

2213 3796 2317 3860 rit,
2351 3795 2477 3851 dum
2506 3797 2734 3867 agricola
2765 3813 2949 3855 semen
2982 3800 3188 3870 jaciens
3206 3840 3221 3866 ,
3248 3810 3305 3857 et
3328 3801 3468 3857 bona
3489 3802 3772 3860 eﬂuttdens
3798 3846 3813 3871 ,

2213 3902 2320 3941 non
2346 3889 2604 3953 tristatur,
2631 3905 2729 3945 nec
2753 3890 2921 3959 dolet,
2945 3906 3121 3963 neque
3144 3892 3195 3947 id
3215 3903 3461 3964 sumptus
3481 3893 3603 3950 loco
3627 3895 3814 3961 habet,

2213 3979 2310 4035 sed
2340 3981 2547 4036 lucrum
2582 3982 2760 4053 potius
2802 3992 2857 4040 et
2884 3995 3202 4056 proventum
3225 4001 3347 4043 esse
3370 3997 3554 4058 putat,
3598 3990 3814 4044 tametsi

2210 4086 2336 4141 spes
2382 4074 2452 4128 sit
2478 4072 2677 4130 incerta
2709 4092 2723 4129 :
2756 4085 2825 4142 te,
2858 4078 2949 4147 qui
2986 4092 3093 4133 non
3141 4093 3240 4149 pro
3282 4080 3533 4151 paribus,
3563 4080 3660 4137 sed
3714 4096 3817 4152 pro

2213 4163 2381 4218 multo
2410 4164 2702 4235 majoribus
2729 4167 2984 4237 seminas,
3011 4177 3067 4224 et
3088 4170 3181 4240 qui
3210 4169 3264 4225 in
3292 4170 3436 4239 ipsas
3459 4170 3660 4227 Christi
3689 4187 3813 4227 ma-

2213 4269 2317 4309 nus
2359 4264 2637 4325 argentum
2677 4257 2918 4327 jacturus
2945 4274 3025 4327 es,
3069 4261 3335 4330 refugere,
3370 4271 3583 4332 torpere
3606 4304 3624 4327 .
3654 4272 3708 4320 et
3729 4265 3814 4320 in-

2212 4345 2388 4415 epiam
2437 4347 2814 4416 praetendant
2840 4349 3036 4406 Annon
3076 4359 3287 4422 poterat
3324 4351 3466 4407 Deus
3515 4354 3815 4425 pracipere

2213 4435 2410 4501 telluri,
2440 4444 2500 4491 ut
2544 4437 2813 4507 proferret
2857 4454 3049 4496 aurum
3081 4443 3313 4511 purum?
3349 4442 3450 4511 Qui
3479 4444 3623 4499 enim
3651 4445 3809 4512 dixit,

2212 4523 2469 4581 Germinet
2492 4536 2626 4589 terra
2641 4528 2848 4583 herbam
2870 4530 2993 4601 [teni
3029 4528 3182 4599 (Gen.
3215 4532 3268 4586 i.
3297 4530 3409 4603 ii),
3448 4548 3689 4604 moxque
3716 4549 3813 4591 co-

2211 4628 2445 4670 mantem
2474 4615 2748 4684 exhibuit,
2780 4614 2983 4689 poterat
3031 4620 3173 4676 haud
3222 4621 3386 4676 dubie
3428 4624 3721 4693 praecipere
3751 4636 3813 4680 ut

2158 4780 2164 4785 .
2214 4702 2388 4759 fontes
2427 4714 2483 4762 et
2522 4706 2669 4762 fluvii
2710 4723 2901 4763 aurum
2939 4708 3141 4779 jugiter
3181 4710 3485 4769 funderent.
3526 4715 3725 4770 Verum
3754 4717 3809 4772 id

2212 4794 2401 4860 noluit,
2423 4795 2742 4855 sedmultos
2768 4798 2818 4852 in
2844 4810 3156 4870 paupertate
3191 4801 3395 4858 dimisit
3424 4812 3533 4858 tum
3560 4805 3632 4859 ob
3659 4808 3809 4877 ipso.

2211 4878 2370 4955 rum,
2427 4899 2537 4944 tum
2590 4889 2661 4945 ob
2710 4890 2853 4945 tuam
2904 4892 3210 4949 utilitatem.
3249 4894 3384 4951 Nam
3439 4896 3514 4951 ad.
3554 4899 3806 4955 virtutem

2210 4982 2560 5049 opportunior
2585 4992 2666 5037 est
2694 4993 2977 5053 paupertas
3003 4983 3204 5040 divitiis
3226 5028 3242 5053 ,
3271 4998 3326 5043 et
3356 4988 3439 5054 iis,
3479 4991 3569 5059 qui
3596 4991 3651 5045 in
3681 5008 3807 5062 pec-

2210 5072 2345 5126 catis
2364 5082 2508 5136 sunt,
2533 5089 2638 5127 non
2657 5089 2816 5144 parva
2838 5076 3135 5131 consolatio
3161 5077 3335 5133 oritur
3354 5077 3422 5133 ab
3446 5080 3648 5137 auxilio
3672 5097 3805 5153 ege-

2210 5163 2294 5217 nis
2337 5166 2594 5231 prazstito.
2638 5165 2915 5236 Tantaque
2958 5168 3179 5237 hujusce
3214 5170 3292 5226 rei
3329 5186 3456 5225 cura
3481 5182 3562 5228 est
3587 5174 3716 5239 Deo,
3748 5184 3804 5231 ut

2208 5268 2331 5309 cum
2377 5256 2686 5313 advenisset
2726 5271 2993 5329 caraeque
3045 5260 3263 5316 indutus
3315 5278 3439 5317 cum
3496 5263 3802 5321 horninibus

2207 5358 2636 5415 conversaretttr,
2668 5364 2773 5403 non
2793 5348 3135 5417 detrectaret,
3166 5368 3339 5421 neque
3365 5354 3669 5424 ignominia:
3682 5358 3804 5413 loco

2207 5436 2449 5505 haberet,
2476 5438 2617 5508 quod
2650 5440 2765 5507 ipse
2802 5454 2919 5509 quae
2957 5441 3025 5496 ad
3057 5457 3319 5512 pauperes
3352 5446 3667 5512 spectabant
3689 5446 3801 5501 dis-

2206 5539 2475 5598 pensaret.
2517 5529 2629 5584 Etsi
2669 5545 2798 5585 vero
2824 5540 2902 5585 tot
2947 5547 3111 5602 panes
3132 5532 3353 5601 fecerat,
3377 5544 3431 5591 et
3451 5552 3805 5608 quaecumque

2206 5621 2368 5675 vellet
2390 5620 2538 5687 jussu
2562 5620 2891 5691 perficiebat,
2926 5625 3052 5679 licet
3076 5634 3261 5698 posset
3280 5638 3565 5683 sexcentos
3588 5627 3803 5684 thesau-

2206 5726 2295 5766 ros
2344 5709 2626 5767 confertim
2674 5714 2979 5783 ostenderc,
3011 5716 3179 5773 noluit
3210 5726 3423 5786 tamen;
3454 5718 3550 5777 sed
3588 5735 3799 5777 marsu-
