4088 6440
281 369 390 428 1:50

286 488 435 554 pium
469 486 668 542 habere
702 487 998 559 discipulos
1019 489 1213 558 jussit,
1240 495 1292 542 et
1316 501 1436 558 qua:
1468 486 1893 542 immittebantur

285 588 524 647 portare,
564 588 725 650 atque
756 581 882 636 inde
907 581 1094 649 egenis
1121 580 1551 634 subministrare.
1593 577 1726 633 Nam
1769 593 1894 633 cum

284 670 482 726 .Indarn
527 673 864 743 a~nigmatice
901 672 972 728 de
1011 672 1319 744 proditione
1353 671 1741 743 alloquerctur,
1790 685 1895 724 non

288 761 654 832 intelligentes
689 762 938 832 discipuli
968 762 1110 833 quod
1139 762 1420 817 dicebatur
1446 803 1463 828 ,
1498 761 1787 832 putabant,
1817 761 1898 815 in-

285 852 426 920 quit,
457 853 630 920 ipsum
657 853 860 908 dixisse
898 851 972 908 illi
1001 863 1060 908 ut
1113 853 1436 925 pauperibus
1469 851 1669 921 aliquid
1709 850 1893 906 daret:

287 957 414 997 nam
446 943 800 1014 Μαι-1111111011,
826 944 1032 1015 inquit,
1061 947 1169 1014 ipse
1193 944 1428 1012 habebat,
1453 954 1500 999 et
1519 960 1636 1014 qua
1653 944 1897 998 immitte-

288 1035 477 1088 bantur
516 1035 750 1105 portabat
779 1033 959 1106 (Joan.
995 1035 1084 1091 12.
1119 1035 1200 1108 6).
1232 1035 1476 1106 Magnam
1514 1034 1714 1105 quippe
1758 1033 1900 1089 Deus

289 1126 557 1180 rationem
587 1125 750 1181 habet
768 1126 837 1181 de
866 1127 1237 1183 misericordia
1262 1169 1279 1192 ,
1313 1141 1420 1182 non
1451 1125 1520 1182 de
1565 1141 1661 1180 sua
1694 1134 1900 1180 tantum

289 1231 416 1286 erga
441 1231 564 1282 111111,
592 1215 687 1272 sed
716 1217 786 1272 de
813 1229 998 1273 nostra
1029 1219 1191 1273 etiam
1237 1219 1290 1272 in
1331 1232 1625 1274 conservos
1661 1235 1673 1270 :
1705 1231 1811 1288 qua
1833 1217 1903 1273 de

291 1322 352 1363 re
383 1308 585 1363 multas
611 1320 668 1364 et
703 1307 756 1363 in
787 1309 966 1364 Veteri
1014 1320 1070 1365 et
1113 1311 1165 1364 in
1195 1309 1346 1366 Novo
1375 1310 1721 1366 Testamento
1758 1310 1903 1380 leges

290 1399 590 1464 constituit,
633 1399 906 1456 hominem
933 1400 1130 1470 jubens
1169 1411 1226 1457 et
1259 1401 1438 1457 verbis
1465 1412 1522 1457 et
1567 1401 1807 1472 pecuniis
1848 1410 1905 1457 et

290 1489 549 1556 operibus
581 1489 869 1561 benignum
891 1507 1032 1547 esse.
1076 1492 1187 1548 llac
1213 1491 1281 1548 de
1301 1509 1362 1548 re
1387 1495 1586 1564 passim
1609 1493 1818 1566 Moyses
1845 1495 1899 1550 in

294 1577 503 1647 legibus
550 1594 856 1636 sermonem
895 1582 1082 1637 inserit
1115 1599 1128 1636 :
1156 1582 1258 1636 hoc
1297 1598 1361 1638 ex
1395 1597 1624 1654 persona
1659 1583 1750 1638 Dei
1781 1599 1906 1654 pro-

295 1668 471 1738 pheta:
515 1671 769 1738 clamant,
825 1671 1233 1728 Hiscricordiam
1280 1675 1414 1741 volo,
1470 1685 1517 1728 et
1558 1692 1661 1728 non
1701 1676 1903 1745 sacriﬁ-

290 1763 427 1815 cium
457 1762 612 1833 (Osce
640 1765 692 1820 6.
709 1763 766 1828 6)
790 1783 802 1816 :
828 1767 1056 1836 apostoli
1073 1781 1287 1838 quoque
1305 1767 1366 1821 iis
1381 1781 1618 1822 consona
1636 1776 1691 1822 et
1706 1768 1906 1823 faciunt

292 1862 349 1906 et
370 1852 787 1924 dicuntﬂlauh.
808 1856 861 1911 9.
886 1856 998 1926 15).
1050 1857 1131 1912 Ne
1159 1858 1338 1928 itaque
1364 1874 1478 1914 rem
1499 1859 1640 1914 illam
1665 1860 1903 1930 negliga-

293 1961 442 2000 ntus:
462 1961 568 2002 non
586 1948 729 2002 enirn
743 1949 1068 2019 pauperibus
1087 1950 1413 2014 tantum,sed
1431 1951 1585 2007 nobis
1599 1951 1728 2022 ipsis
1745 1953 1906 2008 maxio

293 2057 381 2096 me
403 2057 708 2111 prosumus,
732 2045 1041 2114 majoraque
1061 2045 1376 2116 accipimus,
1396 2061 1554 2116 qnam
1580 2045 1902 2117 praebemus.

367 2136 421 2187 ti.
467 2132 591 2188 Non
637 2137 977 2207 perquirenda
1023 2153 1297 2206 egenorum
1338 2137 1441 2190 vita
1482 2146 1535 2189 ut
1586 2137 1906 2208 elcemosyna

292 2235 545 2294 erogatur.
576 2256 648 2266 —
679 2226 805 2281 Hzec
835 2245 940 2282 non
965 2228 1084 2283 sine
1117 2242 1277 2282 causa
1309 2244 1452 2283 nunc
1481 2228 1634 2294 dico,
1659 2229 1753 2284 sed
1780 2229 1902 2299 quia

294 2315 536 2386 plerique
574 2333 774 2388 egenos
829 2322 1040 2375 curiose
1095 2320 1447 2390 interrogant,
1497 2320 1768 2390 inquirunt
1809 2337 1903 2390 pa-

295 2411 476 2476 lrimn,
510 2411 694 2476 vitam,
726 2427 926 2476 mores,
965 2421 1160 2478 artem,
1209 2413 1451 2482 corporis
1494 2413 1856 2468 valetudinem
1889 2431 1900 2466 :

292 2501 671 2556 accusationes
715 2503 1018 2570 intentant,
1050 2511 1105 2558 et
1130 2513 1414 2558 sexcentas
1446 2503 1515 2558 de
1551 2505 1782 2558 sanitate
1819 2520 1905 2558 ra-

293 2593 467 2647 tiones
500 2604 770 2664 repetunt.
814 2594 1048 2665 Ideoque
1073 2595 1228 2650 multi
1257 2596 1505 2664 corporis
1537 2596 1904 2652 mutilationes

290 2685 580 2750 simulant,
618 2697 673 2741 ut
715 2688 852 2743 ficta:
891 2689 1211 2743 calamitatis
1260 2688 1490 2743 artiﬁcio
1529 2687 1903 2744 crudelitatem

295 2776 796 2848 humanitatemque
834 2789 1073 2834 nostram
1098 2780 1318 2834 ﬂectere
1347 2779 1580 2836 valeant.
1625 2779 1691 2833 Et
1719 2789 1905 2833 aestate

289 2866 511 2934 quidem
555 2868 733 2923 taliter
771 2859 1073 2934 criminari,
1106 2884 1268 2938 grave
1307 2869 1432 2924 licet
1468 2869 1571 2932 sit,
1599 2885 1702 2923 non
1737 2883 1904 2940 usque

290 2955 429 3009 adeo
459 2965 636 3010 tamen
663 2973 826 3027 grave
845 2969 929 3012 est
954 2977 965 3011 :
1000 2959 1192 3030 hyeme
1219 2973 1347 3013 vero
1363 2968 1584 3029 urgente
1612 2959 1808 3029 frigore
1833 2961 1902 3014 ita

291 3060 351 3099 se
382 3045 733 3101 inlmmanum
763 3056 818 3102 et
862 3047 1032 3102 ferum
1072 3059 1328 3118 praestare
1364 3047 1631 3117 judicent,
1667 3049 1905 3103 veniam-

289 3152 398 3206 quo
440 3139 642 3194 nullam
688 3140 877 3196 otiosis
906 3141 1226 3203 concedere.
1257 3156 1434 3196 annon
1460 3157 1687 3198 summa:
1705 3144 1900 3198 erude-

295 3227 460 3282 litatis
489 3229 700 3284 fuerit?
736 3229 845 3285 Cur
869 3231 1046 3302 itaque
1075 3232 1291 3299 Paulus,
1317 3231 1458 3288 dicet
1486 3233 1699 3303 aliquis,
1731 3235 1904 3289 Thes-

291 3322 718 3377 salonicensibus
748 3325 886 3379 hanc
909 3325 1078 3392 legem
1105 3323 1310 3379 ferebat
1344 3342 1357 3378 :
1393 3325 1456 3379 Si
1491 3325 1603 3394 quis
1646 3344 1745 3380 non
1797 3331 1902 3382 vult

289 3413 542 3477 laborare,
573 3430 662 3468 nec
689 3415 959 3468 manducet
980 3415 1056 3485 (2.
1089 3415 1270 3471 Thess.
1290 3418 1343 3470 ὅ.
1371 3417 1504 3487 10)?
1537 3417 1602 3472 Ut
1627 3426 1681 3472 et
1704 3428 1758 3472 tu
1789 3420 1903 3474 haec

289 3504 497 3569 audias,
550 3515 604 3560 et
640 3522 746 3561 non
779 3508 950 3576 ipsum
993 3518 1222 3576 tantum,
1258 3510 1350 3564 sed
1397 3520 1446 3564 te
1482 3527 1696 3581 quoque
1755 3514 1900 3569 hisce

293 3595 439 3649 Pauli
469 3595 646 3650 verbis
686 3599 1000 3666 compelles.
1044 3599 1190 3654 Pauli
1224 3601 1420 3672 quippe
1449 3602 1592 3672 leges
1620 3620 1725 3657 non
1766 3621 1898 3672 pau-

291 3687 510 3753 peribns
533 3696 760 3753 tantum,
794 3691 888 3744 sed
920 3692 1081 3745 etiam
1113 3691 1268 3748 nobis
1301 3695 1487 3762 positae
1527 3704 1668 3750 sunt.
1714 3696 1897 3750 Dicam

288 3774 490 3844 aliquid
527 3793 816 3833 onerosum
863 3791 918 3836 et
973 3783 1258 3838 molestum
1311 3802 1323 3838 :
1371 3788 1484 3839 scio
1533 3785 1648 3842 fore
1702 3797 1759 3842 ut
1805 3805 1900 3844 vos

287 3869 690 3948 succenseatis;
719 3880 952 3926 attamen
985 3874 1158 3928 dimm
1184 3889 1197 3926 :
1227 3891 1332 3928 non
1351 3877 1494 3929 enim
1523 3886 1579 3930 ut
1605 3879 1894 3946 offendam,

288 3959 381 4010 sed
408 3969 463 4011 ut
491 3961 774 4014 emendem
803 3963 943 4015 dico.
991 3964 1093 4018 Illis
1121 3966 1731 4035 otiumobjicimns,rem
1754 3987 1896 4039 sa'pc

287 4051 443 4102 venia
471 4050 685 4120 dignam
712 4068 724 4105 :
761 4071 858 4107 nos
889 4065 1066 4108 autem
1098 4072 1159 4109 ea
1193 4068 1563 4124 perpetramus
1585 4102 1598 4124 ,
1635 4077 1750 4129 qua:
1787 4065 1896 4115 otio

289 4141 451 4210 longe
479 4143 724 4210 graviora
747 4144 874 4198 sint.
916 4147 985 4198 At
1014 4162 1136 4216 ego,
1164 4146 1392 4214 inquies,
1432 4158 1706 4216 paternam
1737 4151 1890 4205 here.-

286 4230 513 4285 ditatem
546 4232 736 4288 habeo.
784 4237 863 4288 An
903 4252 1054 4305 ergo,
1085 4238 1174 4292 dic
1210 4238 1339 4292 mihi
1363 4282 1377 4305 ,
1409 4241 1529 4307 quia
1564 4241 1652 4294 ille
1697 4257 1897 4310 pauper

283 4335 368 4374 eSt
397 4331 451 4375 et
479 4338 543 4376 cx
587 4325 909 4392 pauperibus
954 4336 1125 4391 ortus,
1183 4343 1283 4381 nec
1334 4329 1618 4397 opulentos
1663 4331 1895 4401 majores

283 4411 490 4471 habuit,
525 4412 715 4481 dignus
764 4426 846 4469 est
889 4418 978 4486 qui
1018 4418 1237 4485 pereat?
1297 4419 1542 4476 Profecto
1583 4437 1644 4476 ea
1689 4423 1798 4490 ipsa
1829 4424 1894 4478 de

280 4519 444 4556 causa
489 4507 961 4562 commiseratione
999 4517 1055 4563 et
1104 4511 1467 4565 misericordia
1514 4514 1652 4581 apud
1703 4515 1894 4570 divites

279 4595 476 4664 dignus
501 4595 676 4650 fuerit.
706 4597 785 4652 Tu
810 4601 1023 4667 quidem
1049 4613 1190 4670 smpe
1221 4602 1361 4655 diem
1388 4604 1437 4655 in
1470 4604 1695 4659 theatris
1719 4615 1885 4660 trans-

280 4687 452 4753 igens,
484 4688 566 4742 vel
618 4690 668 4741 in
709 4691 1050 4744 conscssibus
1073 4734 1085 4756 ,
1125 4694 1513 4764 colloquiisque
1540 4736 1552 4759 ,
1587 4713 1649 4750 ex
1699 4700 1892 4767 quibus

278 4778 412 4832 nihil
439 4779 649 4832 accedit
680 4780 833 4838 lucri.
861 4781 1039 4835 multis
1055 4783 1382 4852 obloqucris,
1419 4786 1656 4854 nihilque
1689 4789 1811 4841 mali
1843 4801 1892 4843 te

279 4885 580 4923 ..ηερε-01101*
617 4874 832 4924 '-:‘osum
864 4887 984 4926 esse
1008 4883 1196 4941 putas:
1231 4873 1375 4928 1111110
1407 4891 1536 4929 vero
1559 4877 1811 4931 miserum
1836 4891 1889 4934 et

277 4980 685 5024 a:run..:.zsn.n,
741 4965 920 5032 quiin
971 4967 1264 5033 precilms,
1323 4970 1574 5038 lacrymis
1639 4971 1890 5040 milleque

275 5055 532 5107 aerumnis
551 5064 660 5107 toto
685 5055 772 5108 die
801 5066 1063 5118 versatur,
1092 5058 1335 5120 damnas,
1361 5060 1426 5111 ad
1450 5059 1673 5113 tribunal
1701 5063 1887 5126 trahis,

272 5145 340 5199 de
367 5160 544 5212 eoque
574 5147 810 5201 rationes
832 5149 1115 5216 exposcis?
1147 5149 1413 5211 llarccinc,
1439 5165 1646 5219 qumso,
1670 5151 1886 5207 humani

272 5246 396 5288 sunt
425 5235 626 5290 animi?
653 5236 816 5305 Igitur
844 5240 1057 5307 quando
1102 5240 1255 5301 dicis,
1301 5242 1435 5307 Quid
1469 5242 1710 5297 dicemus
1743 5246 1883 5297 Pan-

274 5330 356 5381 lo‘.’
391 5341 444 5383 ttt
474 5348 536 5383 ca
589 5331 702 5399 ipsa
741 5332 832 5384 tibi
857 5374 871 5397 ,
903 5351 1006 5387 non
1040 5335 1362 5403 pauperibus
1407 5337 1589 5390 dicito.
1635 5339 1883 5407 Alioquin

278 5441 426 5486 vero,
459 5440 526 5477 ne
585 5426 758 5477 minas
805 5429 923 5492 ejus
976 5437 1179 5480 tanzmn
1213 5429 1390 5497 legas,
1425 5429 1518 5482 sed
1575 5440 1624 5483 et
1674 5434 1880 5486 veniant

271 5532 486 5585 quoque
516 5534 530 5569 :
562 5533 682 5570 nam
716 5518 807 5586 qui
833 5517 982 5584 dicit,
1014 5519 1073 5573 Si
1099 5521 1208 5587 quis
1241 5539 1339 5572 non
1363 5523 1581 5586 laborat,
1616 5539 1702 5574 nec
1733 5541 1878 5576 man-

271 5608 439 5667 ducet,
468 5607 666 5676 adjecit
694 5625 710 5660 :
747 5607 846 5660 Vos
871 5619 1037 5661 autem
1056 5651 1070 5674 ,
1105 5611 1310 5677 fratres,
1336 5613 1491 5664 nolite
1526 5612 1739 5678 deﬁcere
1763 5617 1882 5667 bene

273 5700 517 5766 facientes
565 5698 643 5768 (Ξ.
677 5699 855 5752 Thess.
889 5700 942 5756 5.
978 5702 1088 5772 15).
1122 5703 1190 5756 At
1231 5718 1462 5771 quonam
1514 5705 1589 5757 illi
1632 5706 1878 5773 Specioso

269 5791 492 5847 obtentu
521 5791 779 5847 utuntur?
811 5791 1039 5864 Fugitivi
1072 5804 1234 5862 sunt,
1273 5796 1413 5866 inqui
1441 5805 1547 5862 1111,
1583 5799 1872 5867 peregrini,

1603 373 1692 431 DE
1729 372 2214 432 ELEEIIOS‘NA.

3506 356 3613 414 270

2006 486 2359 553 πει-1101111108,
2408 487 2498 556 qui
2546 500 2641 542 sua
2697 486 2877 541 relicta
2923 488 3088 556 patria
3120 487 3174 542 in
3206 487 3478 544 civitatem
3511 503 3615 544 no-

2004 587 2172 633 stram
2200 577 2496 632 confluunt.
2543 578 2740 633 ldeone
2761 618 2778 642 ,
2802 593 2986 648 quisse
3003 620 3020 645 ,
3052 577 3429 647 stomacharis,
3457 589 3512 636 et
3531 581 3613 634 ci-

2005 669 2186 724 vitatis
2205 684 2463 725 coronam
2491 669 2730 735 vellicas,
2761 669 2883 738 quia
2907 684 3098 725 omnes
3122 686 3241 724 eam
3269 685 3613 726 communem

2005 773 2128 814 esse
2163 769 2376 827 portum
2403 758 2750 825 existimant,
2775 769 2831 812 et
2876 759 3106 829 propria:
3152 761 3386 815 alienam
3417 759 3614 830 pra-fec

2005 849 2164 904 runt?
2193 849 2306 904 lmo
2345 864 2474 904 vero
2500 851 2601 904 hac
2625 847 2695 903 de
2733 863 2896 905 causa
2940 849 3219 904 exsultare
3261 849 3502 920 oportuit
3550 863 3615 904 ac

2006 940 2344 1011 luetari,qnia
2372 939 2440 995 ad
2481 955 2673 996 manus
2717 951 2944 1004 vestras,
2995 941 3152 1010 quasi
3206 941 3275 994 ad
3323 955 3613 996 commune

2005 1033 2276 1104 quoddam
2304 1033 2629 1103 emporium,
2648 1047 2839 1087 omnes
2864 1041 3173 1096 accurrunt,
3191 1040 3247 1087 et
3269 1046 3614 1087 communem

2009 1137 2233 1179 matrem
2265 1125 2402 1180 hanc
2430 1124 2700 1188 civitatem
2723 1137 2846 1178 esse
2874 1121 3226 1178 arbitrantur.
3269 1121 3380 1189 Ne,
3407 1137 3617 1194 quaaso,

2007 1224 2216 1272 tantum
2237 1217 2543 1272 encomium
2577 1214 2943 1281 labefactetis,
2975 1229 3150 1285 neque
3171 1214 3444 1284 antiquam
3476 1213 3618 1268 hanc

2008 1318 2397 1379 paternamquc
2425 1309 2636 1366 laudem
2686 1309 2968 1365 decidatis.
3008 1309 3151 1365 Olim
3197 1324 3430 1380 namque
3491 1324 3616 1363 011111

2008 1397 2179 1456 fames
2207 1408 2376 1454 totum
2405 1401 2592 1456 orbem
2624 1401 2871 1456 invasura
2895 1409 3060 1466 esset,
3091 1401 3251 1469 hujus
3279 1397 3509 1456 civitatis
3529 1397 3618 1454 ln-

2007 1489 2150 1546 cola:
2174 1489 2661 1564 Jerosolytuitanis,
2724 1491 2914 1547 iisdem
2958 1492 3112 1563 ipsis,
3158 1490 3227 1547 de
3271 1491 3466 1561 quibus
3503 1489 3616 1561 jam

2009 1597 2189 1638 sermo
2231 1583 2477 1650 habetur,
2519 1599 2618 1654 per
2655 1581 2956 1639 Barnabam
2998 1592 3054 1638 et
3097 1583 3322 1638 Paulum
3364 1583 3619 1652 pecunias

2011 1691 2117 1731 non
2151 1691 2347 1746 paucas
2370 1678 2632 1732 miserunt
2666 1677 2802 1748 (Act.
2837 1678 2918 1732 11.
2952 1675 3067 1749 50).
3095 1676 3211 1743 Qua
3253 1675 3414 1746 igitur
3453 1674 3620 1729 fueri-

2010 1784 2131 1823 mus
2184 1770 2362 1833 venia,
2394 1784 2497 1838 qua
2549 1768 2864 1823 defensione
2909 1768 3078 1839 digni,
3125 1766 3340 1838 quando
3382 1765 3620 1837 majores

2009 1861 2227 1932 quidem
2278 1861 2447 1915 nostri
2494 1861 2656 1915 etiam
2705 1863 2885 1929 procul
2930 1861 3135 1931 positos
3187 1859 3300 1914 suis
3353 1857 3616 1928 pecuniis,

2011 1953 2172 2006 etiam
2195 1951 2260 2005 ad
2287 1953 2431 2022 ipsos
2459 1963 2834 2015 occurrentes,
2872 1948 3124 2006 aluerunt
3153 1969 3167 2005 :
3201 1965 3300 2004 nos
3327 1965 3457 2006 vero
3481 1964 3576 2004 eos
3598 1989 3618 2015 ,

2010 2045 2098 2114 qui
2125 2045 2346 2100 aliunde
2375 2045 2442 2099 ad
2471 2060 2570 2100 nos
2595 2043 2914 2116 confugiunt
2936 2086 2950 2109 ,
2981 2045 3230 2116 pellimus
3250 2086 3267 2112 ,
3293 2043 3468 2114 deque
3517 2043 3620 2097 iliis

2011 2137 2248 2192 rationes
2291 2138 2610 2207 expetimus,
2669 2153 2790 2191 cum
2833 2139 3065 2192 sciamus
3112 2150 3212 2191 nos
3267 2136 3616 2205 plurimorum

2012 2229 2275 2283 malorum
2319 2243 2439 2284 esse
2470 2230 2630 2284 reos?
2657 2229 2810 2294 Quod
2839 2229 2884 2283 si
2929 2228 3072 2283 Deus
3102 2227 3172 2282 ita
3195 2228 3479 2296 diligenter
3522 2243 3620 2280 nos

2011 2328 2362 2385 scrutaretur,
2396 2327 2454 2374 ttt
2483 2334 2582 2374 nos
2607 2335 2824 2376 causam
2841 2335 3158 2390 pauperum,
3181 2319 3380 2373 nullam
3407 2318 3620 2372 veniam

2011 2410 2094 2465 vel
2119 2410 2543 2465 misericordiam
2571 2425 3060 2480 consequeremur:
3093 2408 3157 2462 In
3178 2425 3277 2480 quo
3303 2410 3445 2463 enim
3467 2409 3590 2478 jndi
3607 2437 3622 2449 -

2009 2502 2110 2568 cio,
2142 2501 2333 2570 inquit,
2356 2501 2676 2573 judicabitis,
2693 2501 3052 2573 judicabimini
3082 2500 3298 2569 (Matth.
3493 2500 3621 2554 Esto

2010 2592 2171 2663 igitur
2223 2594 2484 2663 benignus
2534 2593 2909 2663 humanusque
2957 2607 3223 2647 conservo
3279 2609 3291 2645 :
3346 2591 3623 2661 multaqtte

2011 2694 2228 2753 peccata
2260 2683 2470 2739 dimitte
2491 2726 2506 2751 ,
2549 2701 2614 2739 ac
2642 2684 3066 2740 misericordiam
3095 2700 3316 2750 exerce,
3343 2693 3403 2738 ut
3427 2694 3480 2739 et
3507 2685 3621 2754 ipse

2011 2775 2172 2828 talem
2218 2775 2477 2842 impetres
2533 2776 2877 2830 sententiam.
2919 2774 3056 2842 Quid
3110 2774 3204 2829 tibi
3256 2774 3356 2843 ipsi
3408 2774 3618 2843 negotia

2009 2864 2273 2920 facessis?
2301 2865 2428 2936 quid
2457 2867 2671 2921 curiose
2701 2867 2998 2921 scrutaris?
3023 2865 3080 2922 Si
3113 2867 3255 2921 Deus
3279 2867 3622 2935 prmcepisset

2010 2966 2066 3010 ut
2086 2955 2313 3011 aliorum
2335 2959 2496 3010 vitam
2519 2968 2905 3023 scrutarentur,
2927 2958 3162 3012 rationes
3179 2973 3618 3028 exposceremus,

2010 3060 2295 3115 moresque
2326 3048 2541 3102 curiose
2561 3047 3004 3116 diSquireremns,
3032 3064 3212 3102 annon
3242 3049 3391 3102 multi
3420 3049 3471 3102 id
3500 3063 3615 3102 mo-

2011 3135 2148 3192 leste
2170 3135 2408 3192 ferrent?
2429 3154 2608 3192 annon
2642 3140 2778 3192 intra
2803 3154 2862 3194 se
2887 3139 3148 3202 dicerent,
3176 3140 3315 3208 Quid
3338 3139 3497 3209 igitur
3518 3140 3622 3197 hoc

2008 3228 2126 3282 est?
2153 3228 2428 3285 difﬁcilem
2458 3230 2612 3285 nobis
2656 3245 2770 3285 rem
2803 3231 2942 3285 Dens
2975 3233 3302 3301 prmscripsit
3331 3248 3442 3306 :xan
3493 3248 3618 3303 pos-

2009 3335 2193 3373 sumus
2218 3322 2446 3376 aliorum
2482 3322 2642 3375 vitam
2673 3322 3024 3378 examinare?
3063 3340 3190 3377 num
3229 3325 3431 3383 scimus
3468 3341 3618 3394 qua:-

2009 3426 2132 3465 nam
2164 3413 2252 3467 ille
2281 3413 2400 3468 talis
2433 3421 2648 3482 peccata
2671 3413 2990 3468 admiserit?
3017 3417 3208 3469 Annon
3242 3417 3391 3470 11111111
3423 3418 3615 3470 similia

2009 3505 2238 3572 plurima
2265 3505 2545 3560 dicerent?
2574 3506 2724 3561 Nunc
2751 3522 2900 3573 vero,
2931 3523 3053 3561 cum
3086 3521 3184 3561 nos
3212 3510 3280 3562 ab
3309 3509 3616 3578 hujusnunli

2009 3598 2393 3667 perquisitione
2422 3598 2685 3664 liberavit,
2708 3613 2772 3652 ac
2803 3598 3107 3653 mercedem
3136 3600 3293 3654 nobis
3325 3601 3616 3669 perfectam

2010 3705 2069 3743 se
2100 3691 2348 3744 daturum
2373 3691 2642 3759 pollicitus
2664 3701 2776 3755 est,
2816 3693 2931 3746 sive
2967 3692 3091 3746 mali
3120 3693 3234 3745 sive
3270 3693 3396 3747 boni
3430 3694 3536 3748 sint
3559 3694 3614 3758 ii,

2006 3782 2094 3850 qui
2149 3782 2436 3850 accipiunt,
2468 3782 2622 3834 nobis
2677 3781 2806 3850 ipsis
2853 3783 3125 3850 negotium
3176 3782 3502 3838 facessitnus.
3555 3786 3617 3839 lit

2009 3873 2150 3926 unde
2181 3873 2283 3927 hoc
2311 3875 2497 3943 liquet,
2529 3875 2760 3943 inquies,
2793 3875 2936 3944 quod
2967 3876 3080 3929 sive
3111 3875 3289 3938 bonis,
3320 3878 3433 3934 sive
3463 3879 3615 3933 malis

2007 3963 2336 4030 dederimus,
2363 3965 2664 4019 mercedem
2689 3966 2957 4035 accepturi
2989 3966 3200 4020 simus?
3225 3966 3302 4020 Eo
3323 3969 3465 4037 quod
3502 3968 3615 4036 ipse

2006 4054 2200 4108 dixerit
2233 4074 2242 4106 :
2273 4056 2428 4108 Orate
2453 4074 2544 4124 pro
2570 4057 2947 4117 insectantibus,
2984 4067 3028 4108 et
3054 4057 3479 4110 calumniantibus
3505 4077 3602 4120 ros

2009 4156 2062 4197 ut
2089 4149 2196 4198 sitis
2219 4149 2407 4200 similes
2426 4145 2600 4200 Patris
2623 4150 2772 4201 t'estri
2793 4190 2806 4212 ,
2837 4149 2921 4217 qui
2950 4148 3002 4200 in
3031 4150 3169 4201 caelis
3199 4159 3272 4201 est
3296 4191 3310 4216 ,
3332 4150 3417 4216 qui
3451 4153 3608 4202 solent

2004 4254 2149 4291 suum
2178 4240 2300 4292 oriri
2330 4240 2452 4308 facit
2493 4232 2646 4305 super
2692 4241 2847 4293 bonos
2876 4249 2922 4293 et
2953 4239 3135 4302 malos,
3185 4249 3232 4292 et
3289 4240 3417 4308 pluit
3456 4257 3608 4309 super

1996 4331 2166 4398 justas
2189 4342 2231 4383 et
2273 4332 2489 4401 injustas
2522 4331 2732 4401 (Malm.
2772 4331 2824 4385 5.
2860 4331 2948 4385 44.
2982 4331 3098 4399 45).
3141 4330 3605 4396 Quemadmodum

2005 4437 2132 4490 ergo
2161 4422 2418 4475 Dominus
2474 4431 2612 4486 tuus,
2667 4436 2790 4474 cum
2834 4421 3098 4473 innumeri
3147 4421 3321 4489 ipsum
3359 4420 3608 4489 hlaphc-

2005 4523 2171 4574 ment,
2195 4513 2461 4565 innumeri
2493 4511 2846 4578 fornicentnr,
2881 4511 3142 4572 hireutur,
3178 4511 3601 4576 latrocincntur,

2002 4603 2244 4670 sepulcra
2278 4604 2566 4677 effodiant,
2604 4603 2806 4655 infinita
2852 4601 2990 4655 mala
3031 4613 3365 4670 perpeti-ent,
3411 4617 3440 4655 a
3493 4607 3606 4655 suis

2001 4711 2126 4753 erga
2176 4711 2364 4749 onmes
2395 4696 2672 4749 beneficiis
2708 4710 2812 4748 non
2844 4694 3089 4759 absistit;
3138 4695 3230 4748 sed
3289 4710 3604 4749 comnmnes

2003 4788 2202 4853 radios,
2240 4803 2552 4841 communes
2609 4787 2810 4844 imbres
2853 4795 2908 4841 et
2951 4785 3158 4840 fructus
3186 4798 3340 4841 terrrc
3371 4787 3598 4857 profert,

2001 4897 2150 4934 suam
2178 4881 2439 4935 exhibens
2461 4898 2585 4950 erga
2611 4882 2856 4938 homines
2877 4881 3284 4936 beneficentiam
3323 4898 3334 4931 :
3363 4881 3440 4933 sic
3463 4890 3516 4933 et
3546 4891 3600 4932 tu

2002 4974 2180 5037 facito,
2223 4983 2275 5027 et
2315 4990 2434 5027 cum
2481 4984 2691 5043 tempus
2723 4974 3104 5028 misericordia:
3149 4974 3604 5043 humanitatisque

1999 5065 2314 5118 exhibenda:
2359 5065 2603 5126 adiuuit,
2644 5080 2904 5134 pauperes
2933 5063 3070 5126 fove,
3107 5064 3300 5118 famem
3330 5065 3480 5129 seda,
3533 5065 3603 5118 ab

1998 5155 2251 5208 (erumnis
2286 5157 2470 5220 libera,
2502 5157 2631 5210 1111111
2652 5156 2876 5210 ulterius
2902 5166 3163 5211 scrutare.
3207 5157 3339 5210 Nam
3364 5159 3408 5210 si
3438 5160 3601 5212 vitam

2000 5246 2272 5299 hominum
2305 5248 2515 5301 curiose
2542 5248 3128 5317 disquiramusmullius
3156 5264 3406 5318 umquam
3435 5250 3603 5303 mise-

1998 5338 2266 5390 rebitnur:
2301 5338 2394 5391 sed
2428 5340 2526 5392 hac
2560 5340 2931 5407 intempestiva
2958 5340 3265 5392 curiositate
3296 5341 3597 5408 praapediti,

1997 5429 2198 5498 absque
2231 5430 2427 5496 fructu,
2453 5439 2506 5483 et
2527 5431 2672 5484 omni
2701 5430 3011 5498 adjumento
3057 5430 3298 5483 destituti
3351 5430 3596 5482 manebi-

1999 5537 2135 5585 mus,
2167 5524 2500 5591 tnultumque
2530 5524 2731 5577 laboris
2769 5522 2963 5575 frustra
3010 5533 3065 5574 et
3110 5522 3378 5575 incassum
3425 5524 3595 5575 susci-

1996 5617 2224 5684 piemus.
2269 5616 2608 5684 Quapropter
2631 5631 2780 5685 rogo,
2810 5616 3223 5683 inopportunam
3255 5615 3393 5666 hanc
3420 5614 3597 5665 curio-

1992 5711 2203 5762 sitatem
2237 5710 2576 5778 abjicientes,
2600 5711 2785 5778 egenis
2815 5709 3064 5762 omnibus
3096 5709 3406 5776 largiamur,
3439 5706 3591 5774 idque

1989 5801 2322 5856 abundanter
2372 5802 2652 5871 faciamus,
2686 5812 2740 5856 ut
2792 5812 2843 5857 et
2874 5802 2971 5872 ipsi
3023 5801 3113 5854 illo
3159 5800 3244 5854 die
3275 5814 3521 5869 magnam
3564 5814 3587 5853 a
