4088 6418
284 356 395 412 273

284 468 497 526 etiamsi
535 465 851 524 contristari
883 477 980 518 vos
1006 477 1104 531 per
1133 458 1368 530 priorem
1412 449 1834 507 admonitionem
1860 483 1877 508 ,

286 573 394 613 non
445 573 533 614 me
580 551 1078 627 panitet,tametsi
1129 549 1453 620 pmoituerat
1486 562 1499 599 :
1527 541 1683 597 video
1736 538 1881 594 enim

285 650 708 706 admonitionem
741 647 887 703 illam
915 654 972 702 et
993 643 1301 709 consilium,
1324 637 1537 695 tametsi
1566 634 1633 689 ad
1665 643 1879 701 tempus

285 741 769 804 noscontristavit.
808 738 940 794 mihi
974 747 1151 792 tamen
1194 748 1441 803 magnam
1467 729 1710 785 ltetitiam
1738 732 1881 780 attu-

291 837 455 903 lisse,
487 832 610 888 Non
652 830 789 900 quod
818 829 1101 885 contristati
1127 825 1348 899 fueritis,
1378 823 1467 877 sed
1507 820 1645 891 quod
1687 815 1880 873 contri-

284 928 408 983 stati
428 927 537 981 sitis
564 924 632 978 ad
654 922 1028 993 penitentiam.
1062 918 1203 975 Ecce
1229 918 1373 973 enim
1398 915 1501 970 hoc
1541 915 1712 983 ipsum
1738 909 1880 981 quod

285 1019 585 1077 contristati
612 1017 746 1073 estis
775 1013 1072 1069 secundum
1118 1012 1318 1073 Deum,
1343 1016 1599 1080 quantum
1637 1005 1691 1059 iu
1730 1002 1884 1057 vobis

286 1110 543 1166 excitavit
585 1108 926 1165 alacritatis?
981 1104 1329 1178 Lucttientior
1374 1109 1459 1157 est
1494 1098 1656 1153 hodie
1698 1101 1884 1149 noster

285 1207 615 1263 conventus,
646 1198 888 1253 festivius
918 1208 1161 1251 nostrum
1212 1195 1479 1248 theatrum
1499 1230 1516 1256 ,
1545 1184 1883 1243 numerosior

286 1286 510 1341 fratrum
535 1287 750 1342 chorus.
780 1287 907 1343 Haec
938 1288 1049 1358 ipsa
1092 1285 1343 1341 alacritas
1372 1280 1602 1337 tristitia:
1628 1276 1773 1330 illius
1798 1281 1883 1329 est

285 1378 517 1433 fruetus.

358 1466 510 1521 Dona
528 1468 815 1535 spirituaila
836 1469 1105 1540 largitione
1117 1473 1377 1523 crescunt.
1408 1461 1644 1520 Corinthi
1666 1474 1883 1514 commo-

286 1559 396 1611 rari
458 1574 550 1613 cur
591 1561 771 1632 jussus
814 1559 1033 1615 Paulus.
1061 1558 1288 1615 —1deo
1329 1558 1588 1627 quantum
1627 1562 1754 1608 tunc
1800 1550 1881 1606 in-

286 1648 467 1715 dolui,
494 1658 699 1705 tantum
730 1666 875 1707 nunc
914 1652 1140 1721 gaudeo,
1159 1649 1348 1705 videns
1377 1645 1711 1719 spiritualem
1742 1642 1881 1697 hanc

280 1747 524 1793 nostrain
555 1740 765 1796 vineam
792 1743 1051 1797 fructibus
1075 1740 1348 1797 refertam.
1370 1738 1427 1793 Si
1447 1736 1592 1791 enim
1620 1735 1673 1789 in
1700 1734 1881 1802 vulga-

228 1880 231 1883 .
286 1831 435 1885 ribus
477 1832 594 1887 istis
620 1833 891 1890 conviviis
936 1834 1195 1889 honorem
1248 1830 1534 1902 quemdam
1580 1836 1637 1883 et
1688 1826 1878 1881 hilari-

274 1930 451 1975 tatem
519 1924 853 1980 convivatori
900 1924 1055 1981 affert
1119 1913 1476 1980 convivarum
1536 1916 1876 1990 frequentia.

282 2023 489 2083 quanto
516 2017 684 2087 magis
716 2016 768 2071 in
797 2018 1165 2087 spiritualihus
1193 2016 1277 2072 his
1304 2014 1567 2072 conviviis
1586 2012 1731 2068 idem
1762 2009 1878 2066 fieri

274 2105 539 2159 convenit
572 2124 585 2159 :
611 2108 854 2175 quamvis
886 2108 996 2162 illic
1017 2109 1363 2164 invitatorum
1392 2103 1679 2160 multitudo
1706 2103 1878 2174 magis

280 2194 533 2251 absumat
549 2212 635 2262 ea,
657 2214 778 2268 qua:
799 2208 1158 2270 apponuntur,
1178 2198 1474 2269 maiorique
1501 2197 1573 2251 sit
1591 2194 1825 2265 sumptui
1861 2209 1876 2249 :

278 2283 367 2341 hic
393 2295 579 2342 autem
610 2298 798 2344 contra
822 2330 838 2357 ,
867 2290 1062 2346 nedum
1111 2290 1359 2345 absumat
1400 2302 1618 2345 mensas
1655 2294 1877 2342 vocato-

274 2393 399 2433 rum
429 2379 754 2447 multitudo,
798 2380 1424 2451 abundantiamquoque
1444 2381 1611 2450 parit;
1643 2377 1787 2449 quod
1831 2377 1876 2432 si

273 2470 388 2526 illic
416 2480 665 2541 sumptus
706 2474 1036 2543 voluptatem
1088 2473 1243 2529 affert
1266 2515 1280 2534 .
1330 2482 1535 2543 quanto
1581 2472 1751 2540 magis
1790 2471 1877 2527 hic

274 2561 421 2617 idem
450 2562 609 2619 faciet
634 2566 876 2621 accessio
913 2574 968 2621 et
994 2566 1237 2621 reditus?
1266 2566 1397 2621 “tre
1415 2576 1500 2620 est
1529 2565 1671 2620 enim
1712 2563 1873 2634 spiri-

278 2652 503 2708 tualium
550 2671 730 2711 rernm
774 2666 998 2724 natura,
1032 2672 1139 2726 quo
1176 2656 1417 2726 pluribus
1461 2656 1871 2721 distribuuntur,

274 2744 380 2801 hoc
407 2747 640 2815 amplius
664 2757 934 2804 crescunt.
954 2748 1214 2816 Quoniam
1247 2748 1408 2819 igitur
1436 2746 1593 2802 video
1621 2748 1873 2802 refertam

275 2837 518 2892 convivis
558 2853 824 2902 mensam,
868 2848 1126 2909 exspecto
1175 2839 1336 2893 etiam
1380 2838 1615 2909 Spiritus
1648 2836 1873 2909 gratiam

269 2927 444 2981 menti
509 2936 708 2983 nostra:
764 2929 1148 2984 insonaturam.
1208 2927 1436 2997 Quando
1482 2928 1629 2983 enim
1677 2929 1876 2984 multos

273 3017 467 3073 adesse
492 3017 657 3085 videt,
679 3028 803 3075 tunc
828 3020 1163 3087 copiosiores
1193 3018 1381 3087 epulas
1406 3033 1679 3087 apponere
1700 3018 1871 3085 solet;

266 3123 383 3161 non
403 3108 548 3177 quod
575 3122 774 3177 paucos
801 3106 1033 3162 fastidiat
1060 3150 1075 3172 ,
1105 3108 1198 3163 sed
1227 3107 1367 3177 quod
1401 3109 1694 3163 multorum
1730 3108 1874 3163 salu-

262 3207 382 3252 1tem
405 3197 699 3254 desident.
729 3198 841 3253 llac
860 3198 929 3254 de
955 3213 1115 3253 causa
1148 3198 1371 3252 Paulum
1409 3214 1622 3268 quoque
1650 3206 1873 3268 praeter-

263 3297 581 3345 currentem
624 3299 851 3345 e:etcras
896 3290 1063 3346 urhcs
1091 3333 1106 3357 ,
1164 3290 1303 3361 apud
1352 3290 1671 3345 Corinthum
1724 3305 1874 3345 com-

263 3382 472 3433 snorari
501 3379 747 3435 Christus
774 3396 869 3450 per
893 3381 1153 3436 visionem
1172 3380 1353 3450 jussit,
1382 3380 1566 3435 dicens
1603 3398 1617 3434 :
1654 3378 1780 3434 Noli
1808 3382 1875 3433 ti.

271 3487 438 3534 ntere,
466 3468 558 3523 scd
590 3472 790 3539 loquere
825 3478 873 3524 et
914 3487 980 3523 ne
1022 3480 1221 3533 taceas,
1252 3470 1497 3537 quoniam
1537 3470 1759 3540 populus
1800 3479 1873 3522 est

272 3541 397 3613 main
432 3560 621 3614 utullus
656 3560 709 3613 in
740 3560 835 3613 Itac
868 3559 1070 3614 civitate
1099 3559 1236 3628 (Act.
1277 3560 1357 3613 ts.
1395 3559 1446 3613 9.
1489 3559 1597 3627 ιο).
1629 3557 1685 3615 Si
1727 3558 1871 3613 enim

266 3664 495 3724 propter
533 3668 695 3706 uuam
725 3653 993 3707 ovienlam
1035 3661 1248 3707 montes
1278 3660 1332 3708 et
1365 3667 1583 3707 nemora
1621 3661 1677 3706 ct
1723 3652 1871 3706 inac-

265 3761 421 3801 cessa
457 3746 571 3800 loca
599 3754 918 3816 pervagatus
946 3755 1029 3801 est
1058 3754 1276 3814 pastor,
1317 3745 1405 3815 qui
1444 3744 1557 3800 fieri
1599 3754 1776 3814 potest
1816 3756 1873 3800 ut

270 3858 377 3894 non
422 3840 580 3909 longe
625 3840 887 3907 majorem
930 3855 1112 3894 curam
1154 3837 1428 3905 adhibeat,
1451 3838 1663 3908 quoties
1690 3838 1871 3891 multa:

266 3949 399 3986 oves
451 3946 481 3985 a
528 3932 779 3985 socordia
828 3941 882 3986 et
931 3946 1117 3985 errore
1161 3939 1288 3985 sunt
1340 3928 1869 3997 revocand:e?Qnod

260 4024 412 4076 enim
444 4037 512 4076 ne
530 4036 730 4089 paucas
744 4020 961 4091 quidem
979 4030 1311 4079 contemnat.
1333 4020 1455 4074 audi
1487 4021 1661 4090 ipsum
1682 4020 1872 4075 dicen-

268 4124 376 4166 tt'm
408 4132 420 4167 :
454 4112 570 4166 Non
592 4122 664 4166 est
693 4112 927 4165 voluntas
978 4111 1145 4165 Patris
1177 4113 1294 4170 mei.
1331 4122 1385 4164 ut
1411 4123 1580 4181 pereat
1621 4113 1697 4164 vel
1740 4130 1870 4165 unus

264 4222 329 4260 ea:
366 4206 477 4259 istis
509 4206 733 4274 parvulis
756 4203 969 4276 (Matth.
1005 4206 1091 4260 18.
1125 4204 1233 4270 ll).
1274 4202 1458 4273 Neque
1492 4206 1753 4271 paucitas,
1782 4206 1867 4257 in-

264 4300 381 4367 quit
407 4341 423 4363 ,
456 4315 631 4369 neque
659 4300 836 4355 vilitas
873 4299 1081 4355 inducit
1112 4316 1260 4363 cum,
1293 4309 1349 4353 ut
1382 4300 1615 4371 negligat
1640 4302 1867 4355 salutem

266 4399 529 4444 nostram.

337 4480 391 4534 2.
425 4481 650 4549 Quando
671 4481 831 4552 igitur
854 4490 1055 4555 tantam
1088 4481 1249 4536 habet
1280 4481 1625 4548 parvulorum
1654 4498 1716 4537 ac
1741 4498 1869 4552 pau-

266 4586 455 4624 corum
482 4586 685 4635 curam,
714 4580 916 4625 tantam
940 4572 1103 4626 etiam
1144 4573 1457 4637 multorum,
1492 4575 1588 4625 toti
1634 4573 1703 4627 ab
1741 4574 1865 4641 ejus

148 4687 163 4701 ς
268 4660 451 4713 favore
479 4660 793 4730 pendentes,
824 4661 890 4714 ad
931 4662 1077 4716 Pauli
1131 4661 1293 4714 verba
1338 4677 1459 4727 qum
1507 4660 1670 4715 ltodic
1719 4663 1858 4743 lecta

266 4760 414 4815 sunt,
461 4766 770 4805 sermonem
828 4752 1123 4805 flectamus.
1172 4749 1379 4805 Scimus
1398 4792 1413 4816 ,
1444 4750 1634 4821 inquit,
1662 4752 1799 4820 quod
1822 4750 1869 4806 si

267 4834 525 4893 tcrrenu'm
552 4852 779 4895 nostrum
800 4840 1118 4894 domicilium
1148 4842 1302 4911 hujus
1325 4841 1639 4896 tabernaculi
1666 4844 1869 4897 destru-

266 4941 403 4983 ctum
435 4932 587 5001 fuerit
620 4931 833 5001 (2.Cor.
854 4932 907 4987 5.
940 4931 1016 5001 1).
1036 4933 1147 4986 ltno
1174 4948 1302 4987 vero
1328 4932 1489 4987 altius
1515 4944 1570 4988 et
1599 4934 1663 4987 ad
1691 4935 1867 5004 ipsum

266 5026 553 5083 exordium
584 5023 743 5094 hujus
768 5025 1050 5079 sententia:
1076 5023 1380 5079 redeamus.
1404 5026 1870 5092 Quemadmodum

267 5121 414 5176 cnim
439 5118 528 5187 qui
558 5118 755 5172 fontem
785 5116 1167 5187 pervestigant,
1189 5117 1406 5171 invento
1435 5118 1587 5187 riguo
1614 5118 1733 5172 loco
1760 5134 1869 5174 non

268 5212 383 5267 illic
424 5210 600 5265 solum
647 5209 885 5271 fodiunt,
914 5209 1006 5262 sed
1062 5209 1345 5264 humorem
1396 5225 1543 5277 eum,
1576 5220 1631 5265 et
1678 5228 1868 5267 venam

267 5313 562 5373 sequentes
592 5301 818 5356 interius
844 5311 1174 5368 scrutantur,
1203 5302 1380 5359 donec
1414 5302 1479 5357 ad
1507 5314 1669 5373 caput
1696 5305 1867 5372 ipsum

268 5403 326 5447 et
356 5392 564 5446 initium
588 5392 913 5446 fluentorum
958 5393 1311 5460 perveniant,
1340 5393 1417 5447 sic
1458 5402 1513 5447 et
1565 5410 1662 5450 nos
1709 5394 1870 5449 faciao

269 5498 407 5536 mus.
449 5482 806 5551 Posteaquam
852 5482 1156 5538 invenimus
1201 5485 1536 5552 spiritualem
1590 5485 1791 5541 fontem
1832 5503 1864 5543 c

271 5571 492 5628 Paulina
523 5574 785 5642 sapientia
846 5584 1175 5638 manantem,
1228 5578 1386 5629 verba
1434 5577 1548 5631 iure
1597 5588 1866 5649 tamquam

269 5677 461 5719 venant
490 5667 798 5735 quampiam
842 5667 1118 5735 sequendo
1142 5668 1207 5721 ad
1238 5678 1398 5736 caput
1427 5670 1597 5737 ipsum
1644 5684 1865 5727 sentcn-

269 5754 360 5811 tiu:
382 5756 768 5812 ascendamus.
822 5757 975 5826 Quod
1002 5765 1084 5813 est
1124 5757 1281 5827 igitur
1313 5758 1440 5814 illud
1473 5760 1634 5817 fontis
1656 5765 1868 5833 eaput?

966 347 1055 404 DE
1094 340 1345 401 VERBIS
1383 328 1734 395 APOSTOLI,
1772 326 1873 384 HA?

1980 318 2138 381 "ES
2174 324 2466 382 EUMDEM
2513 321 2860 384 SPIBITUM.
2903 321 2945 376 1.

3483 330 3589 386 2η

1994 445 2250 501 Habentes
2275 447 2433 518 igitur
2454 446 2685 502 enuidens
2714 446 2970 517 Spiritum
2998 447 3141 518 ﬁdei,
3171 448 3303 503 sicut
3322 450 3584 524 scriptum

1990 546 2086 603 est,
2109 534 2316 591 Credidi
2346 546 2551 607 propter
2591 538 2726 605 quod
2765 538 3006 607 loquutus
3054 555 3170 593 sum
3198 548 3286 594 :‘et
3306 556 3399 595 nos
3419 541 3586 598 credi-

1988 645 2137 693 mus,
2170 639 2480 699 quapropter
2532 639 2580 683 et
2624 629 2993 699 'loquintur(2.
3022 628 3143 685 Cor.
3202 629 3258 684 ι.
3312 630 3401 695 13:
3438 628 3585 685 Psal.

1991 718 2115 773 115.
2146 718 2261 788 10).
2287 718 2424 786 Quid
2451 718 2571 775 aisl
2600 720 2699 773 nisi
2722 718 3038 785 credideris,
3070 735 3178 775 non
3207 720 3470 791 loqueris,
3491 722 3589 778 sed

1989 819 2169 865 mulus
2225 810 2476 880 perstas?
2521 810 2723 875 Etiam,
2767 812 3173 883 inquityneque
3219 812 3478 870 diducere
3516 832 3582 874 os

1989 916 2207 973 possum
2235 903 2352 959 sine
2382 903 2507 966 fide.
2531 916 2707 974 neque
2728 919 2949 960 movere
2976 904 3234 976 linguam,
3259 924 3437 978 neque
3457 923 3586 980 ape-

1989 993 2098 1049 rire
2140 993 2276 1048 labia
2299 1036 2314 1060 ,
2346 995 2557 1051 ratione
2588 996 2846 1064 pra-ditus
2883 1011 3005 1051 cum
3036 996 3163 1063 sim,
3196 1007 3376 1053 mutus
3402 1007 3591 1069 persto

1988 1083 2091 1139 nisi
2117 1083 2249 1139 fides
2268 1085 2411 1155 loqui
2454 1083 2541 1143 me
2572 1086 2784 1142 doceat.
2812 1086 2961 1143 Sicut
2990 1089 3135 1144 enim
3169 1088 3351 1158 planta
3382 1090 3589 1161 absque

1988 1173 2169 1229 radice
2193 1174 2424 1230 fructum
2452 1192 2561 1232 non
2602 1177 2804 1247 profert
2827 1218 2843 1242 ,
2878 1179 2948 1232 ita
2987 1180 3192 1249 absque
3221 1181 3345 1236 fidei
3392 1182 3581 1238 fututa-

1989 1275 2171 1319 mento
2198 1281 2305 1320 non
2335 1268 2584 1338 provenit
2611 1283 2797 1324 sermo
2836 1269 3098 1325 doctrina!
3133 1290 3145 1325 :
3173 1281 3502 1344 quapropter
3529 1285 3585 1330 et

1986 1354 2111 1410 alibi
2159 1356 2370 1426 inquit:
2403 1356 2569 1413 Corde
2585 1360 2813 1413 creditur
2851 1361 2921 1414 ad
2966 1364 3260 1434 justitiam,
3284 1381 3375 1422 ore
3410 1374 3580 1422 autem

1985 1448 2235 1516 confessio
2260 1450 2319 1517 ﬁt
2343 1449 2413 1503 ad
2437 1450 2653 1504 salutem
2674 1451 2853 1520 (Rom.
2890 1452 2972 1509 19.
3012 1453 3124 1523 l0).

2086 1536 2242 1593 Fides
2284 1555 2407 1593 cum
2459 1540 2638 1595 baculo
2695 1555 3025 1611 coutparata;
3072 1545 3403 1619 philosophos
3452 1549 3585 1605 ridet

1984 1628 2289 1698 profanos;
2357 1631 2487 1701 ﬁdes
2571 1649 2688 1688 cum
2769 1652 2962 1689 ancora
3032 1638 3238 1692 collata.
3306 1669 3379 1682 -—-
3442 1641 3582 1711 Quid

1986 1721 2111 1777 huic
2139 1723 2317 1779 arbori
2371 1724 2455 1779 vel
2480 1725 2727 1797 praeferri
2768 1728 2853 1783 vel
2887 1728 3119 1785 conferri
3170 1739 3383 1801 potest,
3426 1732 3583 1804 citius

1984 1814 2201 1883 quidem
2242 1831 2348 1871 non
2383 1817 2519 1871 rami
2549 1819 2724 1873 solum
2745 1861 2761 1885 ,
2785 1820 2884 1875 sed
2908 1820 3057 1876 radix
3081 1839 3294 1894 quoque
3322 1825 3438 1895 ipsa
3480 1826 3584 1882 fert

1980 1901 2252 1971 fructum,
2295 1905 2412 1961 haec
2449 1906 2749 1976 justitiam,
2792 1909 2869 1965 illi
2914 1911 3180 1968 salutem?
3226 1914 3351 1971 Ideo
3398 1914 3580 1973 dicit:

1984 1992 2272 2062 Credimus,
2298 2008 2609 2068 quapropter
2631 2000 2969 2070 alloquimur.
2986 2000 3138 2059 Sicut
3162 2004 3306 2060 enim
3335 2008 3581 2064 membra

1984 2086 2234 2152 tremula,
2254 2096 2599 2144 etsenectutc
2617 2090 2887 2161 languida,
2907 2092 3098 2149 baculo
3120 2104 3234 2151 tuto
3255 2095 3581 2167 deducente,

1982 2176 2088 2230 labi
2130 2187 2185 2232 et
2209 2177 2407 2233 cadere
2443 2194 2550 2235 nou
2581 2182 2963 2251 permittuntur
2992 2202 3007 2239 :
3039 2185 3118 2240 sic
3142 2186 3305 2242 etiam
3347 2188 3583 2247 animam

1952 2258 2223 2322 nostram
2272 2267 2501 2324 infirmis
2542 2271 3042 2330 ratiocinationibus
3089 2277 3471 2334 circumactam
3515 2295 3581 2337 ae

1977 2356 2230 2426 jactatam
2259 2358 2392 2416 fides
2413 2361 2605 2431 quovis
2628 2362 2819 2418 baculo
2838 2367 3002 2421 tutius
3022 2360 3351 2436 iustentans,
3378 2385 3583 2441 suaque

1984 2450 2038 2504 vi
2066 2450 2352 2521 reficiens,
2386 2467 2731 2525 summopere
2768 2457 2979 2524 firmat,
3001 2474 3114 2517 nec
3139 2461 3265 2515 sinit
3300 2464 3578 2534 subverti,

1982 2540 2225 2597 infirmas
2253 2545 2607 2615 cogitationes
2635 2549 2914 2618 corrigens
2942 2553 3247 2619 praestantia
3270 2569 3381 2611 sua:
3407 2560 3577 2612 virtu-

1983 2631 2068 2696 tis,
2093 2641 2150 2687 et
2174 2632 2456 2705 caliginem
2479 2635 2625 2691 illam
2650 2636 2965 2708 dispellens,
2983 2642 3325 2715 animamque
3354 2646 3501 2702 velut
3526 2648 3578 2703 in

1980 2724 2253 2782 domicilio
2291 2728 2584 2785 tenebroso
2630 2732 2770 2787 inter
2798 2734 3188 2790 tumultuantes
3225 2738 3580 2809 cogitationes

1978 2816 2256 2873 sedentem
2296 2833 2397 2873 suo
2433 2819 2639 2907 fumiqe
2676 2822 2967 2879 illustrans.
3003 2825 3137 2881 Hinc
3162 2826 3256 2890 fit,
3290 2838 3347 2883 ut
3370 2830 3461 2900 qui
3490 2831 3577 2886 illa

1974 2919 2199 2977 carent,
2234 2911 2406 2966 nihilo
2443 2912 2656 2985 potiore
2694 2915 2802 2968 sint
2827 2914 3171 2983 conditione,
3200 2933 3363 2987 quam
3403 2922 3494 2991 qui
3526 2923 3577 2978 in

1981 3000 2217 3055 tenebris
2240 3002 2403 3056 vitam
2424 3002 2626 3073 degunt
2656 3022 2669 3058 :
2696 3004 2791 3059 sed
2821 3006 2960 3061 sicut
2986 3006 3058 3062 illi
3085 3017 3138 3062 et
3165 3008 3233 3063 ad
3266 3011 3495 3079 parietes
3524 3024 3580 3068 et

1980 3090 2033 3143 in
2056 3090 2212 3145 obvia
2237 3107 2464 3163 queque
2488 3094 2811 3165 impingunt,
2829 3107 2883 3149 et
2909 3098 2961 3152 in
2990 3098 3171 3154 foveas
3194 3116 3258 3155 ac
3285 3103 3578 3173 prtecipitia

1976 3183 2365 3253 prolabuntur,
2392 3200 2500 3241 nee
2542 3186 2713 3241 ullum
2754 3204 2909 3243 usum
2940 3190 3220 3247 oculorum
3252 3193 3449 3250 habent
3471 3236 3488 3261 ,
3520 3205 3573 3251 ut

1976 3274 2172 3343 quibus
2200 3274 2331 3329 nihil
2360 3276 2649 3345 prazluccat
2694 3296 2707 3332 :
2752 3280 2831 3334 sic
2858 3280 3020 3335 etiam
3051 3292 3316 3353 quotquot
3353 3284 3458 3342 fide
3483 3304 3576 3343 ea-

1978 3374 2135 3431 rent,
2168 3376 2222 3421 et
2261 3367 2401 3422 inter
2442 3382 2503 3423 se
2542 3369 2629 3424 alii
2665 3369 2719 3425 in
2760 3371 2896 3425 alios
2926 3372 3231 3439 incursant,
3269 3389 3328 3432 et
3356 3377 3407 3433 in
3435 3379 3579 3448 ipsos

1980 3455 2212 3523 parietes
2238 3498 2253 3519 .
2294 3468 2350 3513 et
2392 3467 2666 3528 postremo
2694 3460 2749 3523 in
2779 3460 3091 3529 barathrum
3121 3466 3339 3537 aliquod
3365 3470 3579 3525 exitiale

1978 3546 2119 3600 ultro
2148 3563 2207 3602 se
2233 3549 2331 3616 ipsi
2364 3551 2716 3619 pracipitant.

2013 3639 2261 3695 3.Testes
2275 3642 2404 3697 mihi
2417 3652 2538 3697 sunt
2552 3643 2625 3698 illi
2638 3644 2726 3714 qui
2742 3644 3013 3715 profanam
3028 3650 3343 3720 sapientiam
3351 3652 3576 3723 iactant,

1976 3732 2065 3801 qui
2090 3732 2314 3787 multum
2332 3734 2432 3788 sibi
2457 3736 2719 3804 promissa
2745 3736 2931 3803 barba,
2953 3740 3189 3812 tritoque
3211 3742 3373 3813 pallio
3396 3759 3462 3799 ac
3483 3746 3575 3800 ha-

1975 3823 2099 3879 culo
2118 3824 2349 3894 placent.
2366 3825 2494 3881 Post
2509 3828 2694 3898 longas
2709 3830 2854 3885 enim
2872 3846 2936 3886 ac
2951 3847 3096 3902 saepe
3113 3836 3369 3905 repetitas
3386 3837 3579 3893 disser-

1978 3915 2226 3981 taliones,
2248 3916 2453 3988 lapides
2470 3935 2578 3989 pne
2594 3920 2765 3976 oculis
2781 3923 2914 3979 sitos
2936 3939 3041 3979 non
3060 3926 3271 3982 vident:
3290 3929 3334 3984 si
3357 3930 3503 3986 enim
3522 3943 3581 3986 ut

1975 4006 2179 4074 lapides
2199 4023 2294 4064 eos
2316 4021 2623 4075 cernerent.
2644 4029 2982 4085 nequaquam
3006 4032 3100 4071 eos
3125 4018 3259 4073 deus
3274 4034 3395 4075 esse
3416 4034 3575 4091 puta-

1975 4109 2115 4155 rent.
2139 4101 2276 4168 Quin
2297 4103 2396 4172 ipsi
2413 4120 2625 4174 quoque
2648 4105 2700 4159 in
2719 4107 2856 4161 alios
2871 4108 2960 4162 alii
2980 4109 3242 4175 feruntur,
3261 4122 3419 4183 atque
3439 4115 3581 4170 inter

1976 4205 2035 4245 se
2063 4191 2407 4259 eolliduntur,
2430 4204 2488 4248 ut
2510 4196 2561 4249 in
2588 4196 2759 4265 ipsum
2784 4198 3071 4268 impietatis
3099 4201 3576 4270 profundissimam

1976 4284 2332 4353 przrcipitium
2362 4285 2752 4353 devolvantur,
2785 4304 2893 4345 non
2936 4290 3094 4347 aliam
3120 4294 3192 4347 ob
3229 4310 3381 4357 rem,
3416 4314 3577 4366 quam

1976 4374 2117 4440 qttod
2143 4376 2644 4433 ratiocinationibus
2673 4380 2784 4433 suis
2826 4382 3007 4436 omnia
3034 4399 3129 4438 sua
3155 4386 3491 4454 permittunt.
3522 4387 3577 4443 Id

1978 4481 2107 4520 vero
2136 4467 2331 4523 Paulus
2360 4470 2670 4539 significans
2708 4472 2839 4527 dicit
2886 4490 2898 4525 :
2944 4474 3274 4531 Evanucrunt
3301 4478 3353 4531 in
3385 4482 3578 4551 cogita-

1977 4558 2197 4613 tionibus
2221 4562 2329 4615 suis
2346 4602 2360 4627 ,
2385 4574 2431 4615 et
2469 4562 2845 4617 obtencbratutn
2872 4576 2943 4620 est
2983 4568 3231 4638 insipiens
3252 4586 3340 4624 cor
3358 4588 3535 4625 eorum
3561 4590 3580 4627 .'

1977 4666 2091 4703 cum
2116 4668 2170 4706 se
2195 4654 2447 4708 :rederent
2473 4671 2580 4710 esse
2608 4657 2892 4725 sapientes,
2920 4660 3061 4713 stulti
3080 4663 3205 4731 facti
3226 4673 3343 4717 sunt
3394 4663 3571 4735 (ilum.

1982 4742 2029 4795 1.
2056 4742 2147 4797 2|.
2166 4743 2284 4812 22).
2326 4745 2616 4800 Decianus
2639 4746 2835 4802 deinde
2871 4767 3031 4820 quant
3060 4756 3309 4809 occaecati
3341 4766 3396 4811 et
3429 4758 3577 4813 stulti

1978 4843 2178 4897 essent,
2210 4836 2357 4890 addit
2388 4836 2502 4893 haec
2533 4840 2692 4894 verba
2725 4857 2739 4894 :
2777 4839 3198 4915 Hauseruntque
3238 4848 3459 4918 gloriam
3496 4852 3576 4903 itt-

1976 4926 2319 4995 corruptibilis
2345 4925 2442 4981 Dei
2468 4930 2519 4981 in
2557 4928 2941 4985 similitudinem
2977 4935 3212 5004 imaginis
3225 4939 3579 5010 «corruptibilis

1978 5017 2197 5071 hominis
2220 5058 2237 5085 ,
2265 5028 2311 5071 et
2342 5019 2627 5074 volutilium
2651 5061 2665 5084 ,
2695 5032 2742 5075 et
2767 5023 3158 5095 quadrupedum
3182 5069 3196 5092 ,
3226 5039 3284 5082 et
3314 5031 3576 5101 reptilinm

1980 5107 2145 5177 (Ibid.
2180 5124 2229 5164 υ.
2252 5108 2369 5181 εδ).
2397 5110 2502 5166 Sed
2552 5113 2647 5169 has
2678 5114 2931 5170 tenebras
2963 5116 3097 5172 fides
3126 5118 3356 5175 adventu
3391 5137 3490 5177 suo
3522 5123 3573 5177 in

1979 5201 2287 5255 universum
2315 5201 2532 5257 discutit
2564 5204 2614 5258 in
2644 5203 2844 5269 anima,
2870 5221 2994 5277 qua;
3020 5221 3081 5264 se
3098 5208 3339 5280 hospitio
3357 5200 3574 5282 dignata

1979 5290 2141 5347 fuerit
2181 5311 2195 5347 :
2234 5303 2288 5347 et
2322 5295 2774 5362 quemadmodum
2815 5313 3011 5354 navem
3052 5310 3333 5357 ventorum
3373 5304 3574 5373 impetu

1973 5382 2227 5452 jactatam
2254 5427 2268 5450 ,
2314 5394 2371 5439 et
2420 5385 2679 5441 ﬂuctuum
2721 5389 2930 5444 assultu
2973 5390 3309 5461 inundatam,
3341 5394 3574 5450 demissa

1976 5492 2175 5531 ancora
2206 5478 2427 5531 omnino
2450 5478 2690 5545 stabilit,
2722 5487 2777 5534 et
2806 5480 2891 5535 vel
2922 5481 2974 5535 in
3004 5483 3183 5537 medio
3211 5485 3400 5557 pelago
3428 5486 3571 5541 radi-

1975 5578 2063 5624 cat
2093 5588 2103 5622 :
2138 5569 2207 5623 ita
2234 5571 2393 5624 etiam
2422 5580 2654 5626 mentem
2677 5581 2914 5627 nostram
2936 5576 3214 5631 extraneis
3236 5578 3575 5647 cogitationi-

1978 5670 2077 5723 bus
2098 5670 2351 5739 jactatam
2374 5670 2605 5725 adventu
2630 5686 2728 5726 suo
2758 5670 2889 5727 fides
2913 5674 3078 5729 tutius
3104 5690 3265 5744 quam
3285 5689 3481 5730 ancora
3508 5692 3574 5731 ex

1979 5762 2281 5819 imminenti
2311 5763 2584 5835 naufragio
2618 5762 2831 5832 liberat,
2852 5772 3128 5837 tamquam
3157 5768 3208 5823 iu
3235 5768 3577 5839 tranquillum
