4088 6400
558 259 659 313 275

556 393 791 454 portum,
828 388 883 445 lu
909 389 1248 470 emacientur:
1266 394 1639 454 certitudinem
1665 399 1954 459 deducens.
1982 406 2132 474 Quod

553 488 610 531 et
642 480 813 547 ipsum
856 484 1049 537 Paulus
1091 487 1394 554 signiﬁcans
1444 490 1571 545 dicit
1618 510 1631 544 :
1680 492 1953 564 PrOpterea
1996 498 2133 551 dedit

556 572 693 627 Deus
722 575 974 642 apostolos
1007 576 1075 627 ad
1107 581 1591 636 consunuuatidnem
1620 590 1907 639 sanctorum
1928 627 1942 651 ,
1975 588 2136 643 donec

551 682 875 723 occurramus
899 683 1072 725 omnes
1106 671 1162 725 in
1196 673 1441 729 unitatem
1465 677 1584 743 ﬁdei
1611 688 1659 730 et
1697 679 1971 747 agnitionis
2012 679 2136 733 Filii

552 758 648 813 Dei
664 801 677 825 ,
710 770 762 813 ttt
784 772 845 813 tte
871 762 1095 831 amplius
1126 763 1286 818 simus
1308 766 1503 834 paruuli
1527 760 1830 834 ﬂuctuantes
1852 811 1865 833 ,
1893 781 1940 821 et
1960 771 2133 834 quouis

547 862 692 903 rente
713 850 809 904 huc
836 860 983 921 atque
1008 852 1135 905 illuc
1164 855 1338 919 iactati
1378 854 1591 925 (Ep/tes.
1629 857 1682 911 4.
1718 858 1776 911 ll
1831 889 1856 900 -
1889 858 2011 929 14).
2045 859 2133 913 Vi-

545 942 642 994 des
682 940 805 994 ﬁdei
834 941 1039 997 facinus
1070 945 1381 1012 prmclarum
1405 987 1419 1009 ,
1449 946 1591 1015 quod
1620 962 1718 1001 ceu
1751 963 1943 1002 ancora
1980 966 2126 1019 qua:-

544 1034 689 1100 piam
734 1034 998 1088 tutissima
1022 1076 1037 1093 .
1079 1050 1107 1087 a
1156 1033 1499 1090 ﬂuctuatione
1538 1037 1721 1090 liberat
1757 1056 1770 1090 :
1810 1040 1946 1092 sicut
1991 1041 2129 1093 idem

545 1135 732 1174 rursus
760 1122 827 1173 ad
857 1122 1107 1175 llcbm-os
1134 1124 1339 1182 scribit.
1365 1126 1464 1178 hoc
1485 1127 1643 1178 modo
1664 1129 1727 1179 de
1750 1126 1851 1186 ﬁde
1870 1130 2092 1198 loquens
2115 1149 2127 1182 :

549 1212 715 1277 Quam
746 1213 878 1265 velut
898 1230 1138 1267 ancoram
1161 1226 1385 1270 tenemus
1406 1221 1608 1285 animm,
1629 1232 1787 1273 tutam
1809 1224 2125 1293 ﬁrmamque,

545 1311 591 1353 et
621 1303 950 1355 introeuntem
976 1320 1134 1373 usque
1152 1306 1219 1358 ad
1246 1323 1303 1359 ea
1330 1322 1443 1377 qua:
1462 1321 1575 1362 sunt
1598 1310 1730 1363 intra
1752 1314 1914 1366 velum
1943 1312 2126 1384 (Hebr.

545 1392 598 1445 6.
646 1392 710 1447 l9
738 1391 779 1462 ).
827 1393 901 1448 Ne
944 1396 1085 1448 euitn
1130 1397 1307 1451 audita
1347 1413 1539 1453 ancora
1588 1412 1741 1469 putes
1786 1404 2033 1459 deorsmu
2079 1419 2128 1461 te

545 1486 898 1551 tritlwndiuu,
933 1489 1161 1542 ostendit
1202 1506 1394 1544 novum
1434 1507 1553 1545 esse
1602 1495 1868 1563 quoddam
1914 1511 2127 1552 ancora:

543 1591 728 1647 genus,
756 1596 873 1648 quze
900 1588 1005 1633 non
1027 1580 1420 1648 deprimat,sed
1445 1598 1653 1638 sursum
1679 1596 1907 1642 mentem
1932 1590 2124 1654 elevet,

542 1670 607 1723 ad
633 1672 822 1725 ca-lutn
851 1685 1018 1742 usque
1048 1674 1309 1729 Sublatam
1332 1717 1345 1740 ,
1384 1687 1438 1731 et
1469 1678 1603 1731 intra
1637 1680 1807 1733 telum
1837 1695 1933 1735 ceu
1965 1697 2124 1737 manu

538 1762 824 1817 deductam
872 1782 884 1817 :
934 1765 1109 1819 velum
1153 1768 1295 1821 enim
1346 1768 1445 1822 hoc
1494 1770 1609 1823 loco
1651 1772 1842 1826 crclum
1894 1776 2122 1829 vocavit.

538 1853 664 1918 Cur,
693 1864 782 1909 aut
811 1858 966 1924 quam
997 1856 1066 1909 ob
1091 1858 1345 1910 causam?
1364 1859 1495 1924 Quia
1522 1861 1659 1915 sicut
1684 1864 1859 1917 Velum
1880 1865 1949 1919 ab
1973 1876 2119 1921 exte-

540 1946 680 1998 riurc
714 1955 862 2013 parte
889 1946 1214 2001 tabernaculi
1246 1947 1532 2003 dirimebat
1563 1961 1747 2007 sancta
1772 1964 2078 2010 sanctorum
2103 1998 2119 2023 ,

534 2034 609 2090 ita
636 2036 823 2087 ctclum
866 2034 1005 2089 istud
1038 2045 1304 2106 tamquam
1332 2038 1509 2093 velum
1548 2041 1780 2097 medium
1808 2044 1947 2099 inter
1975 2058 2125 2100 crea-

540 2133 710 2178 turam
747 2126 1014 2193 oltjectum
1038 2168 1052 2192 ,
1081 2129 1149 2181 ab
1185 2130 1451 2184 exteriore
1480 2134 1857 2202 tabernaculo,
1901 2138 2001 2193 hoc
2041 2149 2123 2195 est

537 2216 735 2268 mundo
762 2216 861 2270 hoc
879 2232 1035 2286 quem
1067 2219 1327 2287 videmus,
1355 2222 1556 2277 dirimit
1579 2235 1759 2280 sancta
1789 2237 2116 2293 sanctorum,

536 2305 785 2360 vidcllctst
808 2322 868 2361 ea
901 2324 1018 2377 quae
1050 2324 1212 2378 supra
1245 2327 1303 2367 se
1341 2321 1497 2378 sunt,
1537 2327 1645 2384 quo
1686 2332 1986 2386 prmcursor
2022 2336 2119 2389 pro

534 2399 688 2451 nobis
719 2398 1075 2469 introgressus
1105 2413 1185 2456 est
1208 2402 1474 2459 Christus.

601 2488 655 2542 4.
683 2488 834 2555 Quod
857 2500 1032 2546 autem
1064 2492 1191 2548 dicit
1221 2533 1233 2554 ,
1266 2497 1343 2548 sic
1373 2496 1773 2567 intelligendum
1805 2509 1887 2556 est
1920 2520 1931 2551 :
1966 2500 2117 2572 llluc,

534 2578 722 2646 inquit,
753 2581 984 2635 animam
1017 2593 1253 2638 nostram
1280 2586 1560 2642 sublimem
1584 2591 1779 2644 attollit
1810 2592 1974 2657 ﬁdes,
2010 2610 2115 2649 non

530 2670 715 2724 sincus
746 2673 867 2726 ullis
886 2678 1243 2744 prmsentibus
1266 2679 1419 2732 malis
1448 2679 1695 2749 deprimi,
1729 2684 1822 2737 sed
1848 2701 1943 2754 spe
1973 2687 2114 2740 iutu-

530 2776 712 2816 rorum
766 2764 975 2819 labores
1012 2767 1269 2820 allevans.
1323 2769 1419 2835 Qui
1469 2772 1609 2825 enim
1653 2772 1822 2827 futura
1870 2787 2110 2843 Spectat,

528 2851 762 2906 cadesﬁa
802 2869 1023 2923 sperans
1044 2899 1058 2920 ,
1104 2867 1157 2911 et
1201 2860 1395 2912 mentis
1422 2862 1603 2915 oculos
1634 2862 1726 2917 illo
1754 2865 1987 2934 dirigens
2008 2910 2020 2931 ,
2048 2885 2114 2922 ne

528 2942 689 2995 sentit
754 2944 966 3012 quidem
1031 2949 1371 3015 pricsentium
1440 2953 1699 3007 malorum
1768 2958 2108 3024 molestiam,

525 3034 975 3100 quemadmodum
1024 3050 1196 3107 neque
1241 3038 1439 3094 Paulus
1487 3044 1747 3099 sentiebat
1777 3088 1791 3111 ,
1850 3059 1903 3100 et
1957 3049 2112 3119 hujus

527 3124 879 3194 philosOphize
910 3139 1123 3181 causam
1151 3130 1375 3184 docebat
1404 3131 1589 3187 dicens
1625 3154 1637 3189 :
1670 3134 1808 3188 Nam
1838 3152 2113 3193 momenta-

525 3230 621 3267 nea
687 3216 864 3269 levitas
929 3219 1211 3288 aﬂlictiouis
1265 3233 1452 3275 nostra!
1512 3225 1635 3278 mire
1687 3241 1842 3296 supra
1908 3232 2113 3287 modum

526 3316 773 3357 internum
814 3309 1011 3375 pondus
1050 3312 1229 3379 gloria!
1268 3314 1402 3378 parit
1446 3315 1585 3368 nobis
1625 3314 1731 3389 (2._
1763 3318 1877 3372 Car.
1917 3326 1969 3379 4.
2005 3327 2111 3397 17),

527 3397 806 3462 Quomodo
826 3408 877 3451 et
898 3415 1000 3467 qua
1029 3402 1271 3456 ratione?
1301 3402 1439 3456 Dum
1466 3423 1562 3458 non
1588 3419 1871 3477 spectamus
1914 3425 1971 3466 ea
1996 3428 2112 3484 qua:

523 3489 772 3552 videnlur,
799 3490 887 3542 sed
907 3508 963 3541 ea
983 3508 1095 3559 τινα»
1116 3510 1213 3545 non
1240 3496 1469 3549 videntur
1491 3498 1594 3566 (Ib.
1623 3517 1670 3552 υ.
1697 3502 1761 3555 l8
1796 3506 1832 3565 ),
1860 3507 2108 3561 nimirum

524 3579 694 3632 oculis
735 3580 876 3633 ﬁdei.
919 3581 1069 3636 Sicut
1108 3586 1248 3637 enim
1292 3590 1533 3654 corporis
1579 3594 1718 3645 oculi
1762 3594 1888 3649 nihil
1930 3598 2107 3652 vident

525 3671 879 3742 iutclligibile,
910 3675 980 3729 ita
1009 3678 1145 3730 oculi
1182 3679 1299 3731 ﬁdei
1336 3681 1461 3733 nihil
1496 3684 1675 3737 vident
1696 3688 1965 3743 sensibile.
2002 3692 2105 3745 Sed

526 3762 594 3816 de
620 3780 719 3833 qua
748 3766 848 3819 ﬁde
876 3766 960 3820 hic
988 3768 1221 3837 loquitur
1244 3770 1475 3825 Paulus?
1500 3790 1616 3827 naui
1648 3776 1763 3829 ﬁdei
1792 3781 2106 3836 vocabulum

523 3852 787 3921 duplicent
820 3856 979 3910 habet
1005 3858 1464 3927 signiﬁcationem.
1494 3863 1702 3917 Etenim
1735 3867 1864 3921 ﬁdes
1890 3867 2104 3937 dicitur,

524 3952 621 4010 per
649 3954 806 4011 qttum
840 3947 1074 4017 prodigia
1121 3959 1245 4005 lttttc
1288 3950 1549 4007 iaciebant
1592 3955 1815 4024 :tpnslnli
1840 4000 1851 4017 ,
1896 3959 1963 4014 de
2004 3977 2107 4030 qua

523 4034 763 4090 Christus
789 4036 999 4092 dicebat
1044 4058 1055 4093 :
1101 4041 1163 4094 Si
1206 4043 1479 4098 habueritis
1523 4048 1677 4113 ﬁdem
1725 4051 1851 4103 sicut
1890 4066 2109 4121 granum

522 4125 722 4192 sinapi,
756 4126 926 4181 dicetis
944 4130 1110 4182 monti
1138 4131 1256 4183 huic
1278 4175 1292 4195 ,
1329 4132 1380 4184 Μ
1388 4134 1497 4203 igru
1518 4176 1533 4200 ,
1563 4147 1609 4189 et
1639 4139 1870 4208 migrabit
1892 4141 2106 4210 (Matth.

526 4215 612 4267 Π.
648 4214 756 4286 19).
814 4218 878 4270 Et
905 4232 1113 4273 rursum
1140 4236 1257 4274 cum
1285 4222 1529 4293 discipuli
1568 4242 1670 4280 non
1704 4243 1920 4297 possent
1950 4233 2106 4287 luna-

526 4304 686 4357 tieum
710 4306 935 4361 liberare
960 4324 989 4361 a
1017 4308 1289 4377 datmonc,
1321 4330 1639 4386 causamque
1670 4323 2103 4393 sciscitarentur,

526 4397 660 4451 hanc
682 4399 760 4453 eis
782 4401 1155 4469 subindicavit,
1172 4407 1311 4474 quod
1338 4408 1471 4461 ﬁdes
1493 4426 1585 4463 eos
1609 4412 1880 4478 deﬁCeret.
1898 4419 2102 4487 dicens,

523 4490 741 4561 Propter
764 4492 1164 4550 incredulitatem
1194 4509 1404 4553 uestram
1430 4502 1558 4571 (Ib.)
1597 4504 1661 4559 Et
1698 4507 1889 4563 Paulus
1916 4512 1980 4567 de
2011 4529 2104 4569 ea-

520 4582 642 4636 dem
670 4583 883 4639 dicebat
913 4603 926 4639 :
957 4585 1018 4641 Si
1043 4589 1265 4643 habuero
1298 4592 1452 4659 ﬁdem
1492 4597 1562 4648 ita
1588 4607 1642 4649 ut
1667 4612 1857 4656 montes
1886 4610 2105 4675 transfe-

520 4689 631 4725 ram
664 4674 741 4743 (Ι.
771 4672 888 4729 Cor.
923 4677 1010 4732 15.
1040 4678 1119 4749 2).
1144 4680 1210 4734 Et
1254 4682 1439 4739 l'etrus
1468 4696 1589 4741 eum
1621 4672 2108 4757 periclitareturvne

524 4776 855 4834 mergeretur
909 4770 1131 4837 pedibus
1185 4788 1279 4841 per
1328 4792 1471 4831 mare
1523 4779 1806 4844 ἰιιςεάρης.
1861 4786 2105 4842 eamdem

524 4856 939 4925 increpatiouem
978 4862 1179 4915 audivit
1218 4878 1245 4915 a
1280 4863 1509 4931 Chrism,
1538 4870 1754 4926 Modica.-
1786 4876 1922 4940 ﬁdei,
1953 4886 2111 4948 quare

522 4946 760 5001 dubitasti
796 4949 1015 5020 (Matth.
1069 4954 1148 5007 l4.
1188 4952 1329 5027 51)?
1363 4957 1540 5027 Itaque
1588 4960 1719 5017 ﬁdes
1760 4946 1973 5020 dicitur
2002 4981 2105 5038 qua

524 5040 780 5095 miracula
820 5052 873 5096 et
918 5044 1154 5113 prodigia
1204 5058 1477 5116 patrantur
1515 5069 1526 5104 :
1568 5053 1765 5108 dicitur
1802 5059 1925 5113 item
1971 5062 2106 5117 lides

522 5147 642 5200 qua:
669 5149 767 5189 nos
792 5135 859 5189 ad
892 5139 1218 5206 agnitionem
1249 5140 1339 5195 Dei
1372 5144 1607 5210 perducit
1637 5188 1650 5211 ,
1682 5149 1750 5200 ob
1779 5165 1934 5218 quam
1957 5155 2105 5221 quis-

524 5240 632 5293 que
661 5236 897 5281 nostrum
930 5227 1103 5283 ﬁdelis
1132 5240 1214 5285 est
1248 5250 1261 5286 :
1300 5232 1437 5287 sicut
1471 5235 1536 5288 ad
1567 5237 1835 5293 Ronumos
1865 5245 2106 5299 scribens

531 5318 661 5371 dicit
698 5336 711 5371 :
748 5318 963 5373 Gratias
1007 5339 1105 5391 ago
1151 5324 1255 5376 Deo
1292 5339 1401 5379 meo
1440 5335 1531 5395 per
1570 5326 1755 5384 Jesum
1806 5332 2098 5399 Christum,

535 5407 663 5462 mod
692 5409 821 5475 ﬁdes
854 5420 1023 5464 vestra
1053 5418 1403 5469 annuntiatur
1442 5419 1497 5472 i‘n
1533 5430 1643 5474 toto
1692 5425 1886 5478 mundo
1924 5426 2097 5495 (Rom.

530 5502 577 5549 t.
614 5498 705 5565 8);
755 5514 817 5553 ac
870 5515 1093 5556 rursum
1148 5505 1211 5557 ad
1254 5504 1823 5567 TheSsalonicenses:
1872 5517 1910 5567 Α
1960 5519 2100 5571 vobis

522 5592 660 5643 enim
709 5596 977 5658 personuit
1023 5612 1192 5651 sermo
1234 5598 1481 5661 Domini.
1535 5621 1638 5657 non
1687 5608 1859 5660 solum
1895 5610 1947 5663 in
1981 5610 2093 5663 Ma-

524 5684 742 5735 rrrtonia
786 5695 831 5737 st
874 5686 1113 5745 Achaia.
1166 5705 1338 5744 rerum
1378 5695 1535 5747 etiam
1569 5698 1619 5749 in
1653 5699 1796 5750 omni
1832 5698 1941 5751 loco
1970 5702 2098 5769 ﬁa’cs

1264 281 1322 336 S.
1358 281 1637 340 JOANNIS
1675 285 2145 348 CIIRYSOSTOMI
2187 295 2505 354 AliClllEP.
2550 298 3093 359 CONSTANTlNOP.

3720 294 3841 359 976

2245 422 2438 475 vestra,
2463 430 2579 484 quia
2601 423 2679 470 est
2711 417 2764 469 in
2799 414 2981 483 Deum,
3013 418 3305 474 dimanavit
3336 418 3411 489 (Ι.
3445 415 3628 475 Thess.
3666 422 3710 475 Ι.
3741 422 3830 487 8).

2333 508 2515 564 Fidem
2550 517 2850 584 cognitionis
2890 536 2979 572 cur
3020 519 3271 591 Spiritum
3315 520 3435 589 fidei
3482 529 3659 583 vocet;
3697 518 3834 586 ﬁda

2240 613 2394 665 quare
2418 604 2611 656 auxilio
2642 606 2865 674 Spiritus
2895 610 3134 680 indigeat.
3166 641 3235 652 —
3259 611 3479 679 Qualem
3510 610 3669 679 igitur
3694 608 3831 661 sub-

2242 688 2437 742 indit-at
2464 692 2511 744 in
2537 692 2637 747 hoc
2666 695 2783 750 loco
2810 698 3009 754 ﬁdem?
3038 701 3208 755 Dubio
3242 703 3423 771 procul
3455 700 3612 753 ﬁdem
3636 696 3827 767 ο⁰8¹⁵ί⁴

2240 778 2438 834 tionis:
2472 782 2521 836 id
2561 786 2700 853 quod
2744 803 2808 842 ex
2849 794 3195 859 sequentibus
3243 803 3404 862 patet.
3436 790 3720 848 Credimus,
3745 789 3830 842 in-

2237 869 2372 936 quit,
2399 884 2706 943 quapropter
2742 887 2789 930 et
2830 878 3105 946 loquimur.
3141 882 3279 948 Quid
3325 880 3636 937 credimus?
3679 879 3833 946 Quod

2237 958 2323 1024 qui
2362 964 2672 1018 resust'itavit
2714 967 3003 1035 Christum,
3045 973 3194 1025 etiam
3240 990 3331 1027 nos
3378 973 3695 1027 resuscitubit
3740 988 3831 1039 per

2236 1047 2466 1101 virtutem
2494 1068 2638 1105 suam
2669 1055 2745 1127 (9..
2783 1056 2901 1112 Cor.
2942 1061 2989 1114 4.
3026 1061 3137 1125 Η).
3166 1062 3279 1117 Sed
3315 1078 3480 1132 quare
3522 1078 3641 1115 eam
3673 1067 3833 1113 vorat

2237 1135 2489 1204 Spiritum
2516 1143 2654 1207 ﬁdei,
2684 1156 2739 1200 ct
2760 1149 2810 1200 in
2834 1148 3178 1206 (leuatianutn
3207 1152 3449 1206 ordinem
3476 1150 3831 1205 annumeral?

2235 1225 2364 1281 Nam
2402 1232 2445 1283 si
2491 1233 2687 1288 donum
2725 1246 2807 1291 est
2838 1238 2995 1304 fides,
3036 1253 3089 1296 et
3131 1244 3294 1297 solius
3325 1242 3555 1310 Spiritus
3585 1242 3826 1302 donum,

2236 1335 2339 1371 nou
2375 1331 2613 1377 nostrum
2656 1328 2944 1393 meritum,
2987 1346 3161 1400 neque
3204 1332 3462 1385 increduli
3504 1333 3830 1399 puuientur.

2235 1427 2405 1481 neque
2434 1414 2716 1472 credentes
2759 1419 2970 1476 laudem
3003 1424 3471 1492 promercbuntur.
3499 1423 3641 1476 Talis
3682 1421 3829 1474 enim

2231 1513 2310 1555 cst
2339 1502 2683 1561 donationum
2716 1518 2923 1573 natura,
2954 1528 3057 1566 non
3079 1523 3202 1568 sunt
3221 1529 3458 1578 Comum,
3486 1529 3657 1583 neque
3686 1527 3826 1581 pra!-

2232 1586 2354 1637 mia.
2392 1588 2595 1643 Donum
2623 1593 2766 1647 enim
2800 1611 2904 1649 non
2936 1607 3015 1651 eSt
3057 1598 3369 1667 accipientis
3410 1599 3659 1652 meritum
3681 1639 3697 1661 ,
3728 1596 3829 1651 sed

2232 1674 2497 1745 largitoris
2524 1680 2855 1739 liberalitatis
2881 1686 3217 1755 gratiﬁcatio.
3251 1686 3397 1742 lianc
3423 1690 3492 1742 ob
3520 1702 3631 1741 rem
3661 1688 3825 1741 etiam

2230 1768 2519 1839 discipulos
2543 1774 2703 1843 jussit
2734 1791 2837 1831 non
2878 1778 3113 1847 gaudere
3140 1794 3206 1833 eo
3241 1780 3383 1849 quod
3414 1779 3691 1833 daemonas
3717 1778 3821 1847 eji-

2228 1872 2433 1927 cerent,
2462 1872 2517 1917 et
2535 1880 2628 1920 eos
2654 1868 2743 1936 qui
2776 1869 2826 1923 in
2859 1870 3075 1925 nomine
3114 1886 3210 1925 suo
3248 1870 3731 1939 prophetaverant.
3768 1878 3825 1922 et

2230 1950 2453 2005 virtutes
2492 1956 2684 2010 multas
2716 1957 2952 2013 fecerant
2976 2002 2990 2024 ,
3023 1961 3223 2029 expulit
3248 1977 3278 2015 e
3306 1976 3474 2030 regno
3515 1960 3773 2014 cadurum
3805 1978 3820 2012 :

2226 2042 2477 2108 quoniam
2506 2059 2572 2098 ex
2611 2048 2720 2099 suis
2762 2051 2966 2105 meritis
2996 2054 3193 2105 nullam
3226 2051 3493 2106 habebant
3533 2050 3819 2115 ﬁduciam,

2225 2130 2319 2183 sed
2348 2131 2415 2185 ob
2445 2134 2587 2187 solas
2615 2137 2929 2195 donationes
2954 2142 3085 2196 salvi
3120 2142 3231 2196 ﬁeri
3259 2143 3527 2196 volebant.

2296 2219 2349 2273 5.
2382 2219 2435 2275 Si
2462 2223 2619 2292 igitur
2643 2228 2803 2281 etiam
2846 2229 2978 2285 ﬁdes
3011 2232 3115 2285 tale
3143 2231 3394 2301 quiddam
3439 2240 3555 2296 est,
3588 2240 3644 2285 et
3682 2230 3817 2283 nihil

2223 2322 2287 2361 ex
2310 2321 2495 2365 nostro
2521 2316 2863 2381 contulimus,
2896 2320 2989 2375 sed
3020 2330 3185 2375 totum
3217 2332 3299 2376 est
3327 2322 3511 2392 gratia:
3540 2320 3779 2390 Spiritus
3798 2361 3816 2383 ,

2223 2410 2276 2453 et
2300 2401 2410 2469 ipsa
2446 2406 2586 2458 ultro
2620 2422 2678 2462 se
2703 2409 2758 2466 in
2780 2412 2987 2465 animas
3016 2421 3226 2466 nostras
3257 2412 3498 2483 ingessit,
3527 2421 3579 2465 et
3611 2412 3814 2464 nullam

2225 2505 2321 2557 pro
2356 2507 2417 2545 ea
2457 2498 2721 2564 recepturi
2766 2514 2948 2552 sumus
2989 2501 3323 2563 mercedem.
3353 2501 3623 2571 quomodo
3655 2502 3816 2569 igitur

2222 2580 2349 2634 dicit
2384 2600 2396 2635 :
2427 2583 2589 2639 Corde
2631 2588 2763 2641 enim
2811 2591 3033 2642 creditur
3077 2592 3146 2643 ad
3186 2591 3477 2661 justitiam,
3518 2606 3604 2643 ore
3641 2600 3813 2642 autem

2221 2675 2467 2741 confessio
2507 2676 2566 2743 ﬁt
2606 2679 2673 2731 ad
2707 2680 2919 2734 salutem
2948 2680 3122 2750 (llam.
3152 2682 3238 2737 i0.
3268 2681 3404 2754 10)?
3451 2682 3715 2749 Quoniam
3757 2691 3813 2736 et

2218 2764 2334 2831 ejus
2363 2767 2453 2833 qui
2474 2767 2698 2823 credidit
2719 2813 2733 2837 ,
2765 2772 2977 2827 virtutis
2999 2776 3244 2828 meritum
3274 2785 3357 2830 est
3394 2774 3541 2829 ﬁdes.
3570 2774 3688 2840 Quo
3714 2789 3811 2827 au-

2220 2863 2324 2909 tem
2358 2860 2516 2913 modo
2542 2862 2663 2917 alibi
2698 2864 2750 2918 id
2778 2881 2989 2920 rursum
3016 2866 3318 2923 subindicat
3350 2867 3566 2933 dicens,
3603 2866 3670 2919 Ei
3694 2883 3811 2921 sero

2216 2947 2301 3013 qui
2338 2966 2437 3001 non
2464 2964 2741 3020 operatur,
2774 2958 2861 3009 sed
2894 2959 3050 3012 credit
3073 2960 3124 3011 in
3164 2975 3276 3013 eum
3305 2959 3389 3025 qui
3425 2959 3683 3029 justiﬁcat
3712 2959 3812 3011 im-

2218 3039 2385 3104 pium,
2422 3042 2701 3111 imputatur
2736 3046 2862 3113 ﬁdes
2891 3065 2985 3101 sua
3023 3048 3089 3102 ad
3122 3050 3376 3120 justitiam
3422 3047 3587 3119 (Ibid.
3615 3049 3670 3102 4.
3700 3048 3735 3103 5
3760 3051 3807 3118 ),

2216 3132 2259 3182 si
2287 3142 2451 3186 totum
2480 3147 2557 3189 est
2584 3140 2767 3206 gratia:
2796 3140 3058 3209 Spiritus?
3083 3143 3171 3211 qui
3207 3144 3349 3196 enim
3382 3142 3542 3195 etiam
3582 3140 3811 3209 patriar-

2217 3219 2369 3273 cham
2400 3224 2665 3279 Abraham
2710 3228 2956 3297 plurimis
2992 3230 3259 3285 redimivit
3300 3231 3513 3285 laudum
3549 3228 3765 3283 coronis
3788 3270 3803 3292 ,

2216 3327 2280 3365 eo
2308 3315 2446 3382 quod
2481 3322 2800 3389 contemptis
2841 3322 2999 3376 rebus
3038 3323 3407 3392 przcsentibus,
3432 3329 3629 3390 praeter
3650 3334 3804 3388 spem

2218 3402 2267 3455 in
2298 3419 2446 3474 spem
2471 3410 2731 3464 credidit?
2756 3412 2922 3478 Quam
2955 3415 3022 3467 ob
3052 3429 3164 3467 rem
3205 3413 3364 3483 igitur
3390 3412 3645 3482 Spiritum
3679 3409 3804 3463 ﬁdei

2216 3508 2368 3551 voc-tt
2402 3502 2563 3554 eam?
2595 3501 2725 3556 Illud
2768 3505 3019 3559 nimirum
3063 3507 3347 3560 ostendere
3392 3505 3615 3568 videns,
3656 3501 3804 3571 quod

2217 3588 2365 3642 initio
2389 3591 2643 3658 credere,
2675 3604 2728 3649 et
2772 3610 2961 3665 parere
3002 3596 3207 3650 vocanti
3231 3636 3245 3658 ,
3288 3604 3487 3648 nostra:
3526 3604 3611 3648 est
3645 3592 3807 3647 bonae

2216 3686 2407 3737 mentis
2438 3701 2450 3735 :
2484 3696 2540 3738 at
2567 3698 2846 3756 postquam
2875 3691 3015 3757 jacta
3043 3688 3238 3743 fuerint
3271 3688 3391 3741 ﬁdei
3419 3685 3764 3741 fundamenta
3788 3722 3805 3748 ,

2209 3771 2317 3840 jam
2345 3789 2478 3842 Opus
2506 3788 2588 3830 est
2624 3780 2818 3831 auxilio
2859 3779 3117 3847 Spiritus,
3160 3789 3214 3831 nt
3257 3780 3307 3831 in
3349 3778 3503 3831 nobis
3539 3784 3806 3845 perpetuo

2215 3874 2426 3917 maneat
2478 3867 2790 3923 inconcussa
2837 3878 2891 3923 et
2934 3869 3377 3939 inexpugnabilis.
3431 3866 3614 3936 Neque
3652 3866 3805 3919 enim

2215 3953 2374 4017 Deus,
2407 3970 2578 4024 neque
2601 3957 2830 4027 Spiritus
2853 3962 3019 4029 gratia
3052 3971 3291 4015 nostrum
3323 3958 3577 4029 praevenit
3607 3971 3808 4026 propo-

2216 4044 2375 4097 situm
2402 4064 2415 4094 -.
2446 4047 2539 4102 sed
2571 4051 2779 4104 tametsi
2806 4062 2975 4115 vocet,
3001 4062 3275 4122 esspectat
3297 4061 3494 4113 tamem
3524 4058 3579 4103 υῑ
3608 4058 3807 4117 εροιιιθ

2216 4144 2268 4188 et
2293 4139 2501 4206 propria
2527 4141 2795 4195 voluntate
2822 4143 3137 4197 accedamus
3163 4184 3177 4206 ,
3210 4158 3271 4196 ac
3294 4151 3401 4195 tum
3431 4142 3647 4195 demum
3676 4154 3805 4192 cum

2216 4232 2602 4284 accesserimus
2648 4232 2799 4286 nobis
2844 4250 2997 4288 suum
3040 4244 3208 4287 totum
3255 4234 3474 4287 exhibet
3518 4231 3803 4285 auxilium.

2216 4321 2474 4388 Quoniam
2500 4324 2637 4376 enim
2670 4324 2929 4385 diabolus,
2954 4335 3298 4395 posteaquam
3324 4325 3389 4378 ad
3420 4324 3579 4378 ﬁdem
3612 4337 3805 4375 acces-

2214 4415 2380 4466 simus
2404 4455 2417 4477 ,
2449 4416 2700 4467 euntinuu
2730 4417 2967 4486 subrepit
2996 4419 3181 4472 volens
3223 4418 3487 4487 egregiam
3539 4418 3674 4469 hanc
3718 4432 3807 4468 ra-

2212 4503 2383 4557 dicem
2440 4506 2709 4567 evellere,
2761 4516 2813 4559 ct
2863 4509 3061 4561 zizania
3104 4523 3392 4577 properans
3443 4511 3803 4566 intersercre,

2212 4611 2629 4665 germanumth
2653 4614 2716 4651 ac
2739 4615 2926 4666 purum
2958 4616 3138 4655 semen
3168 4600 3534 4668 l.cdcre,opus
3563 4610 3670 4652 tum
3699 4596 3804 4650 ha-

2217 4689 2403 4742 bemus
2449 4690 2647 4743 auxilio
2676 4690 2936 4758 Spiritus,
2977 4704 3032 4745 ut
3073 4692 3518 4763 quemadmodum
3551 4700 3805 4743 strenuus

2214 4780 2442 4845 agricola
2469 4781 2663 4833 aninuc
2691 4790 2886 4834 nostrae
2913 4780 3166 4847 insidens,
3201 4785 3364 4838 multa
3392 4797 3518 4836 cura
3547 4790 3601 4835 et
3628 4779 3807 4847 provi-

2216 4871 2393 4925 dentia
2435 4872 2697 4925 novellam
2735 4870 2855 4926 ﬁdei
2902 4873 3137 4941 plantam
3184 4874 3541 4941 undequaquc
3575 4869 3802 4923 muniat.

2217 4964 2338 5018 ldeo
2376 4964 2943 5020 Thessalonicensibus
2984 4980 3195 5036 quoque
3244 4963 3515 5019 scribebat
3558 4962 3745 5017 dicens
3788 4977 3806 5015 :

2219 5056 2465 5127 Spiritum
2503 5075 2563 5113 ne
2588 5058 2919 5129 exstinguatis
2956 5059 3030 5131 (l.
3068 5059 3241 5114 Thess.
3354 5057 3442 5127 l9)
3479 5074 3494 5111 :
3529 5065 3587 5109 ut
3614 5062 3803 5108 osten-

2216 5149 2334 5212 dat,
2375 5149 2661 5205 accedente
2705 5151 2932 5220 Spit-itus
2970 5155 3172 5221 gratia,
3224 5149 3664 5220 inexpugnabiles
3706 5161 3809 5199 nos

2218 5241 2357 5294 malo
2374 5241 2599 5296 dzemoni
2619 5253 2776 5311 atque
2797 5244 3043 5297 omnibus
3066 5244 3183 5312 ejus
3204 5243 3409 5296 insidiis
3432 5239 3639 5294 futuros
3660 5254 3802 5292 esse.

2216 5334 2347 5387 Nam
2380 5334 2421 5386 si
2454 5348 2607 5387 nemo
2653 5344 2827 5403 potest
2864 5335 3041 5389 dicere
3084 5335 3364 5390 Dominum
3404 5333 3589 5388 Jesum
3618 5330 3721 5384 nisi
3753 5332 3804 5382 in

2217 5427 2417 5479 Sniritu
2450 5437 2652 5490 sancto,
2678 5428 2844 5481 multo
2866 5428 3032 5495 magis
3060 5427 3215 5481 ﬁdem
3241 5434 3405 5479 tutam
3428 5432 3482 5478 et
3510 5422 3803 5477 radicatam

2222 5536 2326 5572 nun
2362 5529 2555 5587 poterit
2585 5518 2783 5574 habere
2810 5520 2908 5573 nisi
2943 5521 2993 5571 in
3024 5520 3223 5589 Spiritu
3252 5528 3455 5573 sancto.

2288 5609 2338 5663 6.
2388 5610 2650 5675 Quomodo
2698 5610 2921 5678 Spiritus
2966 5619 3171 5663 sanctus
3214 5612 3263 5661 in
3311 5610 3452 5661 nobis
3505 5610 3797 5660 retineatur.

2230 5703 2499 5773 Virginitas
2543 5704 2602 5755 sit
2620 5704 2803 5770 juncta
2826 5702 3213 5773 benignitati.—
3249 5707 3307 5759 At
3338 5702 3608 5772 quintode
3651 5709 3801 5769 pote-
