  <div class='ocr_page' id='page_1' title='image "/cluster/home/n/w/nwhite01/storage/ocr_20150623/51/ien.35556001660786/282.png"; bbox 0 0 4088 6470; ppageno 0'>
   <div class='ocr_carea' id='block_1_1' title="bbox 418 391 3060 471">
    <p class='ocr_par' dir='ltr' id='par_1_1' title="bbox 418 391 3060 471">
     <span class='ocr_line' id='line_1_1' title="bbox 418 391 3060 471; baseline -0.008 0"><span class='ocrx_word' id='word_1_1' title='bbox 418 416 487 471; x_wconf 76' lang='grc' dir='ltr'>Π</span> <span class='ocrx_word' id='word_1_2' title='bbox 1066 404 1156 463; x_wconf 85' lang='lat' dir='ltr'><strong>DE</strong></span> <span class='ocrx_word' id='word_1_3' title='bbox 1197 401 1448 461; x_wconf 77' lang='lat' dir='ltr'><strong>VERBIS</strong></span> <span class='ocrx_word' id='word_1_4' title='bbox 1488 398 1849 469; x_wconf 80' lang='lat' dir='ltr'><strong>APOSTOLI,</strong></span> <span class='ocrx_word' id='word_1_5' title='bbox 1893 395 2259 455; x_wconf 71' lang='lat' dir='ltr'><strong>IIABENTES</strong></span> <span class='ocrx_word' id='word_1_6' title='bbox 2299 395 2590 455; x_wconf 71' lang='lat' dir='ltr'><strong>EUMDEM</strong></span> <span class='ocrx_word' id='word_1_7' title='bbox 2632 391 2977 453; x_wconf 71' lang='lat' dir='ltr'><strong>SPIRITUH.</strong></span> <span class='ocrx_word' id='word_1_8' title='bbox 3019 391 3060 451; x_wconf 86' lang='grc' dir='ltr'><strong>Ι.</strong></span> 
     </span>
    </p>
   </div>
   <div class='ocr_carea' id='block_1_2' title="bbox 382 512 1992 586">
    <p class='ocr_par' dir='ltr' id='par_1_2' title="bbox 382 512 1992 586">
     <span class='ocr_line' id='line_1_2' title="bbox 382 512 1992 586; baseline -0.01 -3"><span class='ocrx_word' id='word_1_9' title='bbox 382 531 553 583; x_wconf 86' lang='lat' dir='ltr'><strong>rimus</strong></span> <span class='ocrx_word' id='word_1_10' title='bbox 581 523 802 578; x_wconf 81' lang='lat' dir='ltr'><strong>allicere</strong></span> <span class='ocrx_word' id='word_1_11' title='bbox 828 520 1087 574; x_wconf 78' lang='lat' dir='ltr'><strong>auxilium</strong></span> <span class='ocrx_word' id='word_1_12' title='bbox 1117 518 1372 586; x_wconf 76' lang='lat' dir='ltr'><strong>Spiritus,</strong></span> <span class='ocrx_word' id='word_1_13' title='bbox 1395 518 1552 586; x_wconf 89' lang='lat' dir='ltr'><strong>eique</strong></span> <span class='ocrx_word' id='word_1_14' title='bbox 1574 512 1901 586; x_wconf 76' lang='lat' dir='ltr'><strong>persuadere</strong></span> <span class='ocrx_word' id='word_1_15' title='bbox 1933 522 1992 567; x_wconf 83' lang='lat' dir='ltr'><strong>ut</strong></span> 
     </span>
    </p>
   </div>
   <div class='ocr_carea' id='block_1_3' title="bbox 384 606 1991 688">
    <p class='ocr_par' dir='ltr' id='par_1_3' title="bbox 384 606 1991 688">
     <span class='ocr_line' id='line_1_3' title="bbox 384 606 1991 688; baseline -0.008 -15"><span class='ocrx_word' id='word_1_16' title='bbox 384 620 526 688; x_wconf 86' lang='lat' dir='ltr'><strong>apud</strong></span> <span class='ocrx_word' id='word_1_17' title='bbox 559 631 658 671; x_wconf 90' lang='lat' dir='ltr'><strong>nos</strong></span> <span class='ocrx_word' id='word_1_18' title='bbox 684 629 903 669; x_wconf 89' lang='lat' dir='ltr'><strong>manere</strong></span> <span class='ocrx_word' id='word_1_19' title='bbox 935 612 1102 667; x_wconf 86' lang='lat' dir='ltr'><strong>velit?</strong></span> <span class='ocrx_word' id='word_1_20' title='bbox 1140 610 1247 665; x_wconf 88' lang='lat' dir='ltr'><strong>Per</strong></span> <span class='ocrx_word' id='word_1_21' title='bbox 1270 625 1434 680; x_wconf 83' lang='lat' dir='ltr'><strong>opera</strong></span> <span class='ocrx_word' id='word_1_22' title='bbox 1470 610 1609 663; x_wconf 89' lang='lat' dir='ltr'><strong>bona</strong></span> <span class='ocrx_word' id='word_1_23' title='bbox 1636 618 1692 663; x_wconf 91' lang='lat' dir='ltr'><strong>et</strong></span> <span class='ocrx_word' id='word_1_24' title='bbox 1731 606 1991 677; x_wconf 90' lang='lat' dir='ltr'><strong>optimam</strong></span> 
     </span>
    </p>
   </div>
   <div class='ocr_carea' id='block_1_4' title="bbox 386 696 1995 765">
    <p class='ocr_par' dir='ltr' id='par_1_4' title="bbox 386 696 1995 765">
     <span class='ocr_line' id='line_1_4' title="bbox 386 696 1995 765; baseline -0.008 -2"><span class='ocrx_word' id='word_1_25' title='bbox 386 708 600 765; x_wconf 84' lang='lat' dir='ltr'><strong>vivendi</strong></span> <span class='ocrx_word' id='word_1_26' title='bbox 644 706 928 762; x_wconf 86' lang='lat' dir='ltr'><strong>rationem.</strong></span> <span class='ocrx_word' id='word_1_27' title='bbox 974 704 1126 762; x_wconf 88' lang='lat' dir='ltr'><strong>Sicut</strong></span> <span class='ocrx_word' id='word_1_28' title='bbox 1171 703 1314 758; x_wconf 91' lang='lat' dir='ltr'><strong>enim</strong></span> <span class='ocrx_word' id='word_1_29' title='bbox 1363 702 1597 755; x_wconf 64' lang='lat' dir='ltr'><strong>lucernas</strong></span> <span class='ocrx_word' id='word_1_30' title='bbox 1639 699 1819 754; x_wconf 90' lang='lat' dir='ltr'><strong>lumcn</strong></span> <span class='ocrx_word' id='word_1_31' title='bbox 1869 696 1995 750; x_wconf 83' lang='lat' dir='ltr'><strong>oleo</strong></span> 
     </span>
    </p>
   </div>
   <div class='ocr_carea' id='block_1_5' title="bbox 384 794 1993 865">
    <p class='ocr_par' dir='ltr' id='par_1_5' title="bbox 384 794 1993 865">
     <span class='ocr_line' id='line_1_5' title="bbox 384 794 1993 865; baseline -0.009 -9"><span class='ocrx_word' id='word_1_32' title='bbox 384 801 669 862; x_wconf 89' lang='lat' dir='ltr'><strong>retinetur,</strong></span> <span class='ocrx_word' id='word_1_33' title='bbox 686 807 741 853; x_wconf 93' lang='lat' dir='ltr'><strong>et</strong></span> <span class='ocrx_word' id='word_1_34' title='bbox 756 805 1077 865; x_wconf 90' lang='lat' dir='ltr'><strong>consumpto</strong></span> <span class='ocrx_word' id='word_1_35' title='bbox 1099 810 1165 849; x_wconf 87' lang='lat' dir='ltr'><strong>eo</strong></span> <span class='ocrx_word' id='word_1_36' title='bbox 1186 794 1357 863; x_wconf 87' lang='lat' dir='ltr'><strong>ipsum</strong></span> <span class='ocrx_word' id='word_1_37' title='bbox 1375 807 1589 863; x_wconf 88' lang='lat' dir='ltr'><strong>quoque</strong></span> <span class='ocrx_word' id='word_1_38' title='bbox 1612 808 1713 845; x_wconf 92' lang='lat' dir='ltr'><strong>una</strong></span> <span class='ocrx_word' id='word_1_39' title='bbox 1736 805 1993 845; x_wconf 79' lang='lat' dir='ltr'><strong>consum-</strong></span> 
     </span>
    </p>
   </div>
   <div class='ocr_carea' id='block_1_6' title="bbox 386 880 1994 961">
    <p class='ocr_par' dir='ltr' id='par_1_6' title="bbox 386 880 1994 961">
     <span class='ocr_line' id='line_1_6' title="bbox 386 880 1994 961; baseline -0.005 -19"><span class='ocrx_word' id='word_1_40' title='bbox 386 902 535 961; x_wconf 88' lang='lat' dir='ltr'><strong>ptnm</strong></span> <span class='ocrx_word' id='word_1_41' title='bbox 566 888 846 945; x_wconf 72' lang='lat' dir='ltr'><strong>evanescit</strong></span> <span class='ocrx_word' id='word_1_42' title='bbox 875 888 978 941; x_wconf 91' lang='lat' dir='ltr'><strong>:ita</strong></span> <span class='ocrx_word' id='word_1_43' title='bbox 1004 887 1165 940; x_wconf 83' lang='lat' dir='ltr'><strong>etiam</strong></span> <span class='ocrx_word' id='word_1_44' title='bbox 1196 885 1426 953; x_wconf 76' lang='lat' dir='ltr'><strong>Spiritus</strong></span> <span class='ocrx_word' id='word_1_45' title='bbox 1454 882 1646 953; x_wconf 88' lang='lat' dir='ltr'><strong>gratia,</strong></span> <span class='ocrx_word' id='word_1_46' title='bbox 1667 882 1794 935; x_wconf 91' lang='lat' dir='ltr'><strong>dum</strong></span> <span class='ocrx_word' id='word_1_47' title='bbox 1828 880 1994 934; x_wconf 87' lang='lat' dir='ltr'><strong>habe-</strong></span> 
     </span>
    </p>
   </div>
   <div class='ocr_carea' id='block_1_7' title="bbox 386 973 1993 1051">
    <p class='ocr_par' dir='ltr' id='par_1_7' title="bbox 386 973 1993 1051">
     <span class='ocr_line' id='line_1_7' title="bbox 386 973 1993 1051; baseline -0.007 -14"><span class='ocrx_word' id='word_1_48' title='bbox 386 996 506 1037; x_wconf 89' lang='lat' dir='ltr'><strong>mus</strong></span> <span class='ocrx_word' id='word_1_49' title='bbox 555 995 719 1051; x_wconf 85' lang='lat' dir='ltr'><strong>opera</strong></span> <span class='ocrx_word' id='word_1_50' title='bbox 764 980 943 1045; x_wconf 88' lang='lat' dir='ltr'><strong>bona,</strong></span> <span class='ocrx_word' id='word_1_51' title='bbox 988 984 1041 1029; x_wconf 69' lang='lat' dir='ltr'><strong>et</strong></span> <span class='ocrx_word' id='word_1_52' title='bbox 1089 976 1295 1031; x_wconf 89' lang='lat' dir='ltr'><strong>crebris</strong></span> <span class='ocrx_word' id='word_1_53' title='bbox 1345 974 1708 1044; x_wconf 82' lang='lat' dir='ltr'><strong>eleemosynis</strong></span> <span class='ocrx_word' id='word_1_54' title='bbox 1756 973 1993 1025; x_wconf 88' lang='lat' dir='ltr'><strong>animam</strong></span> 
     </span>
    </p>
   </div>
   <div class='ocr_carea' id='block_1_8' title="bbox 386 1067 1993 1143">
    <p class='ocr_par' dir='ltr' id='par_1_8' title="bbox 386 1067 1993 1143">
     <span class='ocr_line' id='line_1_8' title="bbox 386 1067 1993 1143; baseline -0.005 -16"><span class='ocrx_word' id='word_1_55' title='bbox 386 1076 647 1143; x_wconf 88' lang='lat' dir='ltr'><strong>rigamus,</strong></span> <span class='ocrx_word' id='word_1_56' title='bbox 674 1080 856 1125; x_wconf 87' lang='lat' dir='ltr'><strong>manet</strong></span> <span class='ocrx_word' id='word_1_57' title='bbox 878 1086 983 1125; x_wconf 90' lang='lat' dir='ltr'><strong>non</strong></span> <span class='ocrx_word' id='word_1_58' title='bbox 1010 1070 1167 1123; x_wconf 80' lang='lat' dir='ltr'><strong>aliter</strong></span> <span class='ocrx_word' id='word_1_59' title='bbox 1188 1085 1345 1139; x_wconf 86' lang='lat' dir='ltr'><strong>quam</strong></span> <span class='ocrx_word' id='word_1_60' title='bbox 1372 1067 1583 1121; x_wconf 84' lang='lat' dir='ltr'><strong>ﬂamma</strong></span> <span class='ocrx_word' id='word_1_61' title='bbox 1608 1068 1730 1121; x_wconf 89' lang='lat' dir='ltr'><strong>oleo</strong></span> <span class='ocrx_word' id='word_1_62' title='bbox 1752 1076 1993 1121; x_wconf 88' lang='lat' dir='ltr'><strong>retenta:</strong></span> 
     </span>
    </p>
   </div>
   <div class='ocr_carea' id='block_1_9' title="bbox 384 1158 1997 1235">
    <p class='ocr_par' dir='ltr' id='par_1_9' title="bbox 384 1158 1997 1235">
     <span class='ocr_line' id='line_1_9' title="bbox 384 1158 1997 1235; baseline -0.002 -20"><span class='ocrx_word' id='word_1_63' title='bbox 384 1181 506 1235; x_wconf 62' lang='lat' dir='ltr'><strong>quis</strong></span> <span class='ocrx_word' id='word_1_64' title='bbox 532 1165 576 1219; x_wconf 85' lang='lat' dir='ltr'><strong>si</strong></span> <span class='ocrx_word' id='word_1_65' title='bbox 602 1179 708 1216; x_wconf 89' lang='lat' dir='ltr'><strong>non</strong></span> <span class='ocrx_word' id='word_1_66' title='bbox 738 1163 941 1227; x_wconf 57' lang='lat' dir='ltr'><strong>adsint,</strong></span> <span class='ocrx_word' id='word_1_67' title='bbox 967 1162 1169 1217; x_wconf 92' lang='lat' dir='ltr'><strong>recedit</strong></span> <span class='ocrx_word' id='word_1_68' title='bbox 1195 1176 1226 1214; x_wconf 92' lang='lat' dir='ltr'><strong>a</strong></span> <span class='ocrx_word' id='word_1_69' title='bbox 1256 1159 1409 1214; x_wconf 90' lang='lat' dir='ltr'><strong>nobis</strong></span> <span class='ocrx_word' id='word_1_70' title='bbox 1430 1170 1484 1213; x_wconf 91' lang='lat' dir='ltr'><strong>et</strong></span> <span class='ocrx_word' id='word_1_71' title='bbox 1506 1160 1645 1223; x_wconf 90' lang='lat' dir='ltr'><strong>abit;</strong></span> <span class='ocrx_word' id='word_1_72' title='bbox 1670 1158 1811 1229; x_wconf 88' lang='lat' dir='ltr'><strong>quod</strong></span> <span class='ocrx_word' id='word_1_73' title='bbox 1833 1158 1997 1213; x_wconf 92' lang='lat' dir='ltr'><strong>etiam</strong></span> 
     </span>
    </p>
   </div>
   <div class='ocr_carea' id='block_1_10' title="bbox 385 1247 1996 1324">
    <p class='ocr_par' dir='ltr' id='par_1_10' title="bbox 385 1247 1996 1324">
     <span class='ocr_line' id='line_1_10' title="bbox 385 1247 1996 1324; baseline -0.002 -19"><span class='ocrx_word' id='word_1_74' title='bbox 385 1256 627 1324; x_wconf 87' lang='lat' dir='ltr'><strong>quinque</strong></span> <span class='ocrx_word' id='word_1_75' title='bbox 650 1254 753 1307; x_wconf 86' lang='lat' dir='ltr'><strong>illis</strong></span> <span class='ocrx_word' id='word_1_76' title='bbox 782 1251 1080 1322; x_wconf 78' lang='lat' dir='ltr'><strong>virginibus</strong></span> <span class='ocrx_word' id='word_1_77' title='bbox 1102 1247 1548 1303; x_wconf 84' lang='lat' dir='ltr'><strong>accidit.Etenim</strong></span> <span class='ocrx_word' id='word_1_78' title='bbox 1580 1249 1683 1303; x_wconf 77' lang='lat' dir='ltr'><strong>illae</strong></span> <span class='ocrx_word' id='word_1_79' title='bbox 1709 1256 1827 1317; x_wconf 89' lang='lat' dir='ltr'><strong>post</strong></span> <span class='ocrx_word' id='word_1_80' title='bbox 1856 1248 1996 1301; x_wconf 90' lang='lat' dir='ltr'><strong>mul-</strong></span> 
     </span>
    </p>
   </div>
   <div class='ocr_carea' id='block_1_11' title="bbox 388 1339 1995 1404">
    <p class='ocr_par' dir='ltr' id='par_1_11' title="bbox 388 1339 1995 1404">
     <span class='ocr_line' id='line_1_11' title="bbox 388 1339 1995 1404; baseline -0.004 -6"><span class='ocrx_word' id='word_1_81' title='bbox 388 1356 474 1399; x_wconf 90' lang='lat' dir='ltr'><strong>tos</strong></span> <span class='ocrx_word' id='word_1_82' title='bbox 505 1344 724 1398; x_wconf 76' lang='lat' dir='ltr'><strong>labores</strong></span> <span class='ocrx_word' id='word_1_83' title='bbox 749 1358 814 1396; x_wconf 93' lang='lat' dir='ltr'><strong>ac</strong></span> <span class='ocrx_word' id='word_1_84' title='bbox 840 1342 1064 1397; x_wconf 83' lang='lat' dir='ltr'><strong>sudores</strong></span> <span class='ocrx_word' id='word_1_85' title='bbox 1085 1380 1099 1404; x_wconf 93' lang='lat'><strong>,</strong></span> <span class='ocrx_word' id='word_1_86' title='bbox 1128 1355 1250 1393; x_wconf 90' lang='lat' dir='ltr'><strong>cum</strong></span> <span class='ocrx_word' id='word_1_87' title='bbox 1284 1340 1486 1393; x_wconf 87' lang='lat' dir='ltr'><strong>nullum</strong></span> <span class='ocrx_word' id='word_1_88' title='bbox 1517 1339 1779 1393; x_wconf 79' lang='lat' dir='ltr'><strong>haberent</strong></span> <span class='ocrx_word' id='word_1_89' title='bbox 1807 1354 1871 1394; x_wconf 79' lang='lat' dir='ltr'><strong>ex</strong></span> <span class='ocrx_word' id='word_1_90' title='bbox 1902 1355 1995 1393; x_wconf 85' lang='lat' dir='ltr'><strong>sua</strong></span> 
     </span>
    </p>
   </div>
   <div class='ocr_carea' id='block_1_12' title="bbox 386 1432 1997 1505">
    <p class='ocr_par' dir='ltr' id='par_1_12' title="bbox 386 1432 1997 1505">
     <span class='ocr_line' id='line_1_12' title="bbox 386 1432 1997 1505; baseline -0.003 -16"><span class='ocrx_word' id='word_1_91' title='bbox 386 1436 719 1505; x_wconf 86' lang='lat' dir='ltr'><strong>benignitate</strong></span> <span class='ocrx_word' id='word_1_92' title='bbox 748 1433 1056 1503; x_wconf 69' lang='lat' dir='ltr'><strong>prtesidium</strong></span> <span class='ocrx_word' id='word_1_93' title='bbox 1083 1473 1097 1495; x_wconf 91' lang='lat'><strong>,</strong></span> <span class='ocrx_word' id='word_1_94' title='bbox 1132 1448 1237 1485; x_wconf 90' lang='lat' dir='ltr'><strong>non</strong></span> <span class='ocrx_word' id='word_1_95' title='bbox 1274 1441 1558 1501; x_wconf 91' lang='lat' dir='ltr'><strong>potuerunt</strong></span> <span class='ocrx_word' id='word_1_96' title='bbox 1589 1432 1730 1500; x_wconf 85' lang='lat' dir='ltr'><strong>apud</strong></span> <span class='ocrx_word' id='word_1_97' title='bbox 1773 1447 1831 1485; x_wconf 86' lang='lat' dir='ltr'><strong>se</strong></span> <span class='ocrx_word' id='word_1_98' title='bbox 1875 1433 1997 1485; x_wconf 84' lang='lat' dir='ltr'><strong>reti-</strong></span> 
     </span>
    </p>
   </div>
   <div class='ocr_carea' id='block_1_13' title="bbox 386 1522 1999 1595">
    <p class='ocr_par' dir='ltr' id='par_1_13' title="bbox 386 1522 1999 1595">
     <span class='ocr_line' id='line_1_13' title="bbox 386 1522 1999 1595; baseline -0.002 -14"><span class='ocrx_word' id='word_1_99' title='bbox 386 1542 519 1581; x_wconf 87' lang='lat' dir='ltr'><strong>uere</strong></span> <span class='ocrx_word' id='word_1_100' title='bbox 559 1525 792 1595; x_wconf 76' lang='lat' dir='ltr'><strong>Spiritus</strong></span> <span class='ocrx_word' id='word_1_101' title='bbox 816 1525 1042 1595; x_wconf 91' lang='lat' dir='ltr'><strong>gratiam</strong></span> <span class='ocrx_word' id='word_1_102' title='bbox 1078 1542 1091 1577; x_wconf 90' lang='lat'><strong>:</strong></span> <span class='ocrx_word' id='word_1_103' title='bbox 1125 1534 1286 1593; x_wconf 86' lang='lat' dir='ltr'><strong>atque</strong></span> <span class='ocrx_word' id='word_1_104' title='bbox 1342 1524 1465 1577; x_wconf 87' lang='lat' dir='ltr'><strong>ideo</strong></span> <span class='ocrx_word' id='word_1_105' title='bbox 1512 1532 1639 1577; x_wconf 91' lang='lat' dir='ltr'><strong>sunt</strong></span> <span class='ocrx_word' id='word_1_106' title='bbox 1682 1538 1713 1576; x_wconf 89' lang='lat' dir='ltr'><strong>a</strong></span> <span class='ocrx_word' id='word_1_107' title='bbox 1761 1522 1999 1577; x_wconf 83' lang='lat' dir='ltr'><strong>thalamo</strong></span> 
     </span>
    </p>
   </div>
   <div class='ocr_carea' id='block_1_14' title="bbox 386 1614 1996 1690">
    <p class='ocr_par' dir='ltr' id='par_1_14' title="bbox 386 1614 1996 1690">
     <span class='ocr_line' id='line_1_14' title="bbox 386 1614 1996 1690; baseline -0.004 -15"><span class='ocrx_word' id='word_1_108' title='bbox 386 1620 650 1690; x_wconf 65' lang='lat' dir='ltr'><strong>repulsa,</strong></span> <span class='ocrx_word' id='word_1_109' title='bbox 688 1633 988 1687; x_wconf 74' lang='lat' dir='ltr'><strong>vocemque</strong></span> <span class='ocrx_word' id='word_1_110' title='bbox 1016 1616 1159 1671; x_wconf 89' lang='lat' dir='ltr'><strong>illam</strong></span> <span class='ocrx_word' id='word_1_111' title='bbox 1194 1616 1489 1671; x_wconf 83' lang='lat' dir='ltr'><strong>terribilem</strong></span> <span class='ocrx_word' id='word_1_112' title='bbox 1519 1616 1809 1670; x_wconf 88' lang='lat' dir='ltr'><strong>audierunt</strong></span> <span class='ocrx_word' id='word_1_113' title='bbox 1850 1634 1862 1668; x_wconf 78' lang='grc' dir='ltr'>ε</span> <span class='ocrx_word' id='word_1_114' title='bbox 1903 1614 1996 1669; x_wconf 85' lang='lat' dir='ltr'><strong>Di-</strong></span> 
     </span>
    </p>
   </div>
   <div class='ocr_carea' id='block_1_15' title="bbox 386 1708 1997 1781">
    <p class='ocr_par' dir='ltr' id='par_1_15' title="bbox 386 1708 1997 1781">
     <span class='ocr_line' id='line_1_15' title="bbox 386 1708 1997 1781; baseline -0.002 -16"><span class='ocrx_word' id='word_1_115' title='bbox 386 1713 595 1777; x_wconf 72' lang='lat' dir='ltr'><strong>scedite,</strong></span> <span class='ocrx_word' id='word_1_116' title='bbox 620 1729 721 1765; x_wconf 82' lang='lat' dir='ltr'><strong>non</strong></span> <span class='ocrx_word' id='word_1_117' title='bbox 744 1712 859 1765; x_wconf 79' lang='lat' dir='ltr'><strong>nari</strong></span> <span class='ocrx_word' id='word_1_118' title='bbox 880 1728 965 1764; x_wconf 82' lang='lat' dir='ltr'><strong>vos</strong></span> <span class='ocrx_word' id='word_1_119' title='bbox 992 1709 1208 1781; x_wconf 74' lang='lat' dir='ltr'><strong>(Matth.</strong></span> <span class='ocrx_word' id='word_1_120' title='bbox 1243 1708 1335 1764; x_wconf 75' lang='lat'><strong>25.</strong></span> <span class='ocrx_word' id='word_1_121' title='bbox 1362 1710 1451 1777; x_wconf 71' lang='grc'><strong>12)</strong></span> <span class='ocrx_word' id='word_1_122' title='bbox 1476 1728 1489 1763; x_wconf 87' lang='lat'><strong>:</strong></span> <span class='ocrx_word' id='word_1_123' title='bbox 1510 1726 1630 1779; x_wconf 77' lang='lat' dir='ltr'><strong>qua:</strong></span> <span class='ocrx_word' id='word_1_124' title='bbox 1652 1710 1735 1763; x_wconf 90' lang='lat' dir='ltr'><strong>vel</strong></span> <span class='ocrx_word' id='word_1_125' title='bbox 1752 1708 1997 1779; x_wconf 71' lang='lat' dir='ltr'><strong>gi-henna</strong></span> 
     </span>
    </p>
   </div>
   <div class='ocr_carea' id='block_1_16' title="bbox 387 1800 1996 1873">
    <p class='ocr_par' dir='ltr' id='par_1_16' title="bbox 387 1800 1996 1873">
     <span class='ocr_line' id='line_1_16' title="bbox 387 1800 1996 1873; baseline -0.002 -17"><span class='ocrx_word' id='word_1_126' title='bbox 387 1804 484 1857; x_wconf 83' lang='lat' dir='ltr'><strong>fuit.</strong></span> <span class='ocrx_word' id='word_1_127' title='bbox 512 1803 767 1873; x_wconf 88' lang='lat' dir='ltr'><strong>gravior;</strong></span> <span class='ocrx_word' id='word_1_128' title='bbox 792 1811 1009 1871; x_wconf 83' lang='lat' dir='ltr'><strong>propter</strong></span> <span class='ocrx_word' id='word_1_129' title='bbox 1032 1800 1133 1854; x_wconf 89' lang='lat' dir='ltr'><strong>hoc</strong></span> <span class='ocrx_word' id='word_1_130' title='bbox 1154 1801 1314 1855; x_wconf 88' lang='lat' dir='ltr'><strong>etiam</strong></span> <span class='ocrx_word' id='word_1_131' title='bbox 1338 1801 1518 1854; x_wconf 77' lang='lat' dir='ltr'><strong>stulta:</strong></span> <span class='ocrx_word' id='word_1_132' title='bbox 1545 1810 1669 1854; x_wconf 91' lang='lat' dir='ltr'><strong>sunt</strong></span> <span class='ocrx_word' id='word_1_133' title='bbox 1695 1800 1996 1870; x_wconf 63' lang='lat' dir='ltr'><strong>appellatur;</strong></span> 
     </span>
    </p>
   </div>
   <div class='ocr_carea' id='block_1_17' title="bbox 388 1892 2000 1962">
    <p class='ocr_par' dir='ltr' id='par_1_17' title="bbox 388 1892 2000 1962">
     <span class='ocr_line' id='line_1_17' title="bbox 388 1892 2000 1962; baseline -0.001 -15"><span class='ocrx_word' id='word_1_134' title='bbox 388 1902 446 1947; x_wconf 90' lang='lat' dir='ltr'><strong>et</strong></span> <span class='ocrx_word' id='word_1_135' title='bbox 489 1893 731 1947; x_wconf 88' lang='lat' dir='ltr'><strong>merito:</strong></span> <span class='ocrx_word' id='word_1_136' title='bbox 765 1892 1019 1962; x_wconf 88' lang='lat' dir='ltr'><strong>quoniam</strong></span> <span class='ocrx_word' id='word_1_137' title='bbox 1059 1906 1180 1946; x_wconf 91' lang='lat' dir='ltr'><strong>cum</strong></span> <span class='ocrx_word' id='word_1_138' title='bbox 1226 1892 1634 1960; x_wconf 82' lang='lat' dir='ltr'><strong>impotentiores</strong></span> <span class='ocrx_word' id='word_1_139' title='bbox 1677 1893 2000 1961; x_wconf 81' lang='lat' dir='ltr'><strong>cupiditates</strong></span> 
     </span>
    </p>
   </div>
   <div class='ocr_carea' id='block_1_18' title="bbox 387 1983 1996 2053">
    <p class='ocr_par' dir='ltr' id='par_1_18' title="bbox 387 1983 1996 2053">
     <span class='ocr_line' id='line_1_18' title="bbox 387 1983 1996 2053; baseline 0 -17"><span class='ocrx_word' id='word_1_140' title='bbox 387 1984 666 2047; x_wconf 78' lang='lat' dir='ltr'><strong>vicissent,</strong></span> <span class='ocrx_word' id='word_1_141' title='bbox 692 1998 721 2037; x_wconf 90' lang='lat' dir='ltr'><strong>a</strong></span> <span class='ocrx_word' id='word_1_142' title='bbox 764 1984 940 2038; x_wconf 91' lang='lat' dir='ltr'><strong>minus</strong></span> <span class='ocrx_word' id='word_1_143' title='bbox 978 1984 1151 2038; x_wconf 87' lang='lat' dir='ltr'><strong>valida</strong></span> <span class='ocrx_word' id='word_1_144' title='bbox 1191 1992 1315 2037; x_wconf 91' lang='lat' dir='ltr'><strong>sunt</strong></span> <span class='ocrx_word' id='word_1_145' title='bbox 1356 1983 1530 2037; x_wconf 80' lang='lat' dir='ltr'><strong>victtc.</strong></span> <span class='ocrx_word' id='word_1_146' title='bbox 1568 1983 1723 2048; x_wconf 82' lang='lat' dir='ltr'><strong>Vide,</strong></span> <span class='ocrx_word' id='word_1_147' title='bbox 1764 1997 1950 2053; x_wconf 73' lang='lat' dir='ltr'><strong>qumso</strong></span> <span class='ocrx_word' id='word_1_148' title='bbox 1982 2000 1996 2036; x_wconf 87' lang='lat'><strong>:</strong></span> 
     </span>
    </p>
   </div>
   <div class='ocr_carea' id='block_1_19' title="bbox 388 2076 1999 2147">
    <p class='ocr_par' dir='ltr' id='par_1_19' title="bbox 388 2076 1999 2147">
     <span class='ocr_line' id='line_1_19' title="bbox 388 2076 1999 2147; baseline 0.002 -19"><span class='ocrx_word' id='word_1_149' title='bbox 388 2085 600 2130; x_wconf 80' lang='lat' dir='ltr'><strong>natura:</strong></span> <span class='ocrx_word' id='word_1_150' title='bbox 648 2076 956 2130; x_wconf 86' lang='lat' dir='ltr'><strong>violentiam</strong></span> <span class='ocrx_word' id='word_1_151' title='bbox 996 2086 1418 2147; x_wconf 73' lang='lat' dir='ltr'><strong>superaverunt,</strong></span> <span class='ocrx_word' id='word_1_152' title='bbox 1461 2076 1701 2129; x_wconf 83' lang='lat' dir='ltr'><strong>rabidam</strong></span> <span class='ocrx_word' id='word_1_153' title='bbox 1735 2077 1999 2131; x_wconf 87' lang='lat' dir='ltr'><strong>insaniam</strong></span> 
     </span>
    </p>
   </div>
   <div class='ocr_carea' id='block_1_20' title="bbox 388 2167 1997 2237">
    <p class='ocr_par' dir='ltr' id='par_1_20' title="bbox 388 2167 1997 2237">
     <span class='ocr_line' id='line_1_20' title="bbox 388 2167 1997 2237; baseline -0.001 -15"><span class='ocrx_word' id='word_1_154' title='bbox 388 2167 739 2223; x_wconf 88' lang='lat' dir='ltr'><strong>frcnaveruut</strong></span> <span class='ocrx_word' id='word_1_155' title='bbox 766 2210 782 2234; x_wconf 93' lang='lat'><strong>,</strong></span> <span class='ocrx_word' id='word_1_156' title='bbox 814 2168 1123 2237; x_wconf 90' lang='lat' dir='ltr'><strong>cupidinmn</strong></span> <span class='ocrx_word' id='word_1_157' title='bbox 1156 2167 1353 2222; x_wconf 73' lang='lat' dir='ltr'><strong>(luctus</strong></span> <span class='ocrx_word' id='word_1_158' title='bbox 1378 2167 1700 2222; x_wconf 85' lang='lat' dir='ltr'><strong>sedaveruut</strong></span> <span class='ocrx_word' id='word_1_159' title='bbox 1724 2210 1739 2233; x_wconf 88' lang='lat'><strong>,</strong></span> <span class='ocrx_word' id='word_1_160' title='bbox 1773 2170 1823 2220; x_wconf 93' lang='lat' dir='ltr'><strong>in</strong></span> <span class='ocrx_word' id='word_1_161' title='bbox 1856 2182 1997 2221; x_wconf 85' lang='lat' dir='ltr'><strong>terra</strong></span> 
     </span>
    </p>
   </div>
   <div class='ocr_carea' id='block_1_21' title="bbox 387 2258 1999 2329">
    <p class='ocr_par' dir='ltr' id='par_1_21' title="bbox 387 2258 1999 2329">
     <span class='ocr_line' id='line_1_21' title="bbox 387 2258 1999 2329; baseline -0.001 -17"><span class='ocrx_word' id='word_1_162' title='bbox 387 2259 651 2329; x_wconf 80' lang='lat' dir='ltr'><strong>degentes</strong></span> <span class='ocrx_word' id='word_1_163' title='bbox 677 2260 977 2329; x_wconf 84' lang='lat' dir='ltr'><strong>angelicam</strong></span> <span class='ocrx_word' id='word_1_164' title='bbox 1006 2259 1168 2313; x_wconf 87' lang='lat' dir='ltr'><strong>vitam</strong></span> <span class='ocrx_word' id='word_1_165' title='bbox 1199 2260 1483 2323; x_wconf 80' lang='lat' dir='ltr'><strong>vixerunt,</strong></span> <span class='ocrx_word' id='word_1_166' title='bbox 1521 2274 1751 2327; x_wconf 89' lang='lat' dir='ltr'><strong>corpore</strong></span> <span class='ocrx_word' id='word_1_167' title='bbox 1792 2258 1999 2311; x_wconf 75' lang='lat' dir='ltr'><strong>vestiue</strong></span> 
     </span>
    </p>
   </div>
   <div class='ocr_carea' id='block_1_22' title="bbox 390 2350 1999 2419">
    <p class='ocr_par' dir='ltr' id='par_1_22' title="bbox 390 2350 1999 2419">
     <span class='ocr_line' id='line_1_22' title="bbox 390 2350 1999 2419; baseline 0.002 -17"><span class='ocrx_word' id='word_1_168' title='bbox 390 2350 747 2419; x_wconf 79' lang='lat' dir='ltr'><strong>incorporeas</strong></span> <span class='ocrx_word' id='word_1_169' title='bbox 786 2351 1012 2405; x_wconf 74' lang='lat' dir='ltr'><strong>virtutes</strong></span> <span class='ocrx_word' id='word_1_170' title='bbox 1052 2351 1319 2404; x_wconf 64' lang='lat' dir='ltr'><strong>tantulane</strong></span> <span class='ocrx_word' id='word_1_171' title='bbox 1360 2359 1523 2415; x_wconf 77' lang='lat' dir='ltr'><strong>sinit,</strong></span> <span class='ocrx_word' id='word_1_172' title='bbox 1570 2359 1625 2404; x_wconf 91' lang='lat' dir='ltr'><strong>et</strong></span> <span class='ocrx_word' id='word_1_173' title='bbox 1665 2359 1783 2417; x_wconf 87' lang='lat' dir='ltr'><strong>post</strong></span> <span class='ocrx_word' id='word_1_174' title='bbox 1825 2360 1999 2405; x_wconf 78' lang='lat' dir='ltr'><strong>tantos</strong></span> 
     </span>
    </p>
   </div>
   <div class='ocr_carea' id='block_1_23' title="bbox 388 2440 1998 2511">
    <p class='ocr_par' dir='ltr' id='par_1_23' title="bbox 388 2440 1998 2511">
     <span class='ocr_line' id='line_1_23' title="bbox 388 2440 1998 2511; baseline 0.001 -19"><span class='ocrx_word' id='word_1_175' title='bbox 388 2440 604 2495; x_wconf 80' lang='lat' dir='ltr'><strong>labores</strong></span> <span class='ocrx_word' id='word_1_176' title='bbox 644 2456 994 2510; x_wconf 74' lang='lat' dir='ltr'><strong>pecuniarum</strong></span> <span class='ocrx_word' id='word_1_177' title='bbox 1034 2441 1381 2511; x_wconf 75' lang='lat' dir='ltr'><strong>cupiditatem</strong></span> <span class='ocrx_word' id='word_1_178' title='bbox 1430 2458 1535 2495; x_wconf 87' lang='lat' dir='ltr'><strong>non</strong></span> <span class='ocrx_word' id='word_1_179' title='bbox 1568 2450 1998 2509; x_wconf 79' lang='lat' dir='ltr'><strong>superaverunt,</strong></span> 
     </span>
    </p>
   </div>
   <div class='ocr_carea' id='block_1_24' title="bbox 390 2532 1969 2603">
    <p class='ocr_par' dir='ltr' id='par_1_24' title="bbox 390 2532 1969 2603">
     <span class='ocr_line' id='line_1_24' title="bbox 390 2532 1969 2603; baseline 0.002 -20"><span class='ocrx_word' id='word_1_180' title='bbox 390 2532 569 2585; x_wconf 72' lang='lat' dir='ltr'><strong>stultae</strong></span> <span class='ocrx_word' id='word_1_181' title='bbox 602 2547 788 2585; x_wconf 81' lang='lat' dir='ltr'><strong>revera</strong></span> <span class='ocrx_word' id='word_1_182' title='bbox 821 2542 876 2585; x_wconf 89' lang='lat' dir='ltr'><strong>et</strong></span> <span class='ocrx_word' id='word_1_183' title='bbox 902 2532 1190 2586; x_wconf 46' lang='lat' dir='ltr'><strong>insciis-ala:</strong></span> <span class='ocrx_word' id='word_1_184' title='bbox 1220 2551 1233 2586; x_wconf 91' lang='lat'><strong>:</strong></span> <span class='ocrx_word' id='word_1_185' title='bbox 1262 2543 1593 2603; x_wconf 88' lang='lat' dir='ltr'><strong>quapropter</strong></span> <span class='ocrx_word' id='word_1_186' title='bbox 1614 2548 1682 2587; x_wconf 91' lang='lat' dir='ltr'><strong>ue</strong></span> <span class='ocrx_word' id='word_1_187' title='bbox 1704 2535 1856 2585; x_wconf 87' lang='lat' dir='ltr'><strong>venia</strong></span> <span class='ocrx_word' id='word_1_188' title='bbox 1881 2533 1969 2601; x_wconf 91' lang='lat' dir='ltr'><strong>qui</strong></span> 
     </span>
    </p>
   </div>
   <div class='ocr_carea' id='block_1_25' title="bbox 386 2621 1998 2693">
    <p class='ocr_par' dir='ltr' id='par_1_25' title="bbox 386 2621 1998 2693">
     <span class='ocr_line' id='line_1_25' title="bbox 386 2621 1998 2693; baseline 0 -18"><span class='ocrx_word' id='word_1_189' title='bbox 386 2623 513 2676; x_wconf 84' lang='lat' dir='ltr'><strong>dem</strong></span> <span class='ocrx_word' id='word_1_190' title='bbox 553 2621 731 2693; x_wconf 70' lang='lat' dir='ltr'><strong>digna:</strong></span> <span class='ocrx_word' id='word_1_191' title='bbox 766 2636 892 2678; x_wconf 86' lang='lat' dir='ltr'><strong>sunt</strong></span> <span class='ocrx_word' id='word_1_192' title='bbox 932 2623 1147 2677; x_wconf 73' lang='lat' dir='ltr'><strong>habitre.</strong></span> <span class='ocrx_word' id='word_1_193' title='bbox 1180 2622 1386 2692; x_wconf 81' lang='lat' dir='ltr'><strong>Lapsus</strong></span> <span class='ocrx_word' id='word_1_194' title='bbox 1414 2625 1555 2677; x_wconf 89' lang='lat' dir='ltr'><strong>enim</strong></span> <span class='ocrx_word' id='word_1_195' title='bbox 1588 2638 1773 2679; x_wconf 88' lang='lat' dir='ltr'><strong>earum</strong></span> <span class='ocrx_word' id='word_1_196' title='bbox 1811 2638 1998 2677; x_wconf 87' lang='lat' dir='ltr'><strong>socor-</strong></span> 
     </span>
    </p>
   </div>
   <div class='ocr_carea' id='block_1_26' title="bbox 386 2714 1998 2786">
    <p class='ocr_par' dir='ltr' id='par_1_26' title="bbox 386 2714 1998 2786">
     <span class='ocr_line' id='line_1_26' title="bbox 386 2714 1998 2786; baseline 0.001 -18"><span class='ocrx_word' id='word_1_197' title='bbox 386 2714 492 2768; x_wconf 70' lang='lat' dir='ltr'><strong>diae</strong></span> <span class='ocrx_word' id='word_1_198' title='bbox 522 2715 619 2768; x_wconf 90' lang='lat' dir='ltr'><strong>fuit</strong></span> <span class='ocrx_word' id='word_1_199' title='bbox 641 2715 808 2769; x_wconf 89' lang='lat' dir='ltr'><strong>solius</strong></span> <span class='ocrx_word' id='word_1_200' title='bbox 847 2734 859 2769; x_wconf 91' lang='lat'>:</span> <span class='ocrx_word' id='word_1_201' title='bbox 891 2730 1011 2786; x_wconf 67' lang='lat' dir='ltr'><strong>qua:</strong></span> <span class='ocrx_word' id='word_1_202' title='bbox 1042 2716 1184 2769; x_wconf 92' lang='lat' dir='ltr'><strong>enim</strong></span> <span class='ocrx_word' id='word_1_203' title='bbox 1216 2716 1268 2769; x_wconf 88' lang='lat' dir='ltr'><strong>in</strong></span> <span class='ocrx_word' id='word_1_204' title='bbox 1303 2724 1446 2769; x_wconf 79' lang='lat' dir='ltr'><strong>umta</strong></span> <span class='ocrx_word' id='word_1_205' title='bbox 1481 2715 1693 2769; x_wconf 75' lang='lat' dir='ltr'><strong>[laniata</strong></span> <span class='ocrx_word' id='word_1_206' title='bbox 1726 2715 1998 2769; x_wconf 88' lang='lat' dir='ltr'><strong>fornacem</strong></span> 
     </span>
    </p>
   </div>
   <div class='ocr_carea' id='block_1_27' title="bbox 390 2806 2002 2877">
    <p class='ocr_par' dir='ltr' id='par_1_27' title="bbox 390 2806 2002 2877">
     <span class='ocr_line' id='line_1_27' title="bbox 390 2806 2002 2877; baseline 0.002 -20"><span class='ocrx_word' id='word_1_207' title='bbox 390 2814 675 2875; x_wconf 82' lang='lat' dir='ltr'><strong>potuerant</strong></span> <span class='ocrx_word' id='word_1_208' title='bbox 702 2806 1013 2874; x_wconf 89' lang='lat' dir='ltr'><strong>cupidinum</strong></span> <span class='ocrx_word' id='word_1_209' title='bbox 1036 2806 1397 2877; x_wconf 76' lang='lat' dir='ltr'><strong>exstinguere,</strong></span> <span class='ocrx_word' id='word_1_210' title='bbox 1428 2815 1482 2861; x_wconf 94' lang='lat' dir='ltr'><strong>et</strong></span> <span class='ocrx_word' id='word_1_211' title='bbox 1518 2808 1653 2860; x_wconf 89' lang='lat' dir='ltr'><strong>ultra</strong></span> <span class='ocrx_word' id='word_1_212' title='bbox 1675 2815 1824 2875; x_wconf 87' lang='lat' dir='ltr'><strong>septa</strong></span> <span class='ocrx_word' id='word_1_213' title='bbox 1858 2819 2002 2860; x_wconf 87' lang='lat' dir='ltr'><strong>tran-</strong></span> 
     </span>
    </p>
   </div>
   <div class='ocr_carea' id='block_1_28' title="bbox 390 2898 2003 2968">
    <p class='ocr_par' dir='ltr' id='par_1_28' title="bbox 390 2898 2003 2968">
     <span class='ocr_line' id='line_1_28' title="bbox 390 2898 2003 2968; baseline 0.002 -19"><span class='ocrx_word' id='word_1_214' title='bbox 390 2898 677 2958; x_wconf 87' lang='lat' dir='ltr'><strong>silieraut,</strong></span> <span class='ocrx_word' id='word_1_215' title='bbox 722 2908 777 2952; x_wconf 91' lang='lat' dir='ltr'><strong>et</strong></span> <span class='ocrx_word' id='word_1_216' title='bbox 826 2898 979 2968; x_wconf 87' lang='lat' dir='ltr'><strong>plura</strong></span> <span class='ocrx_word' id='word_1_217' title='bbox 1022 2913 1180 2967; x_wconf 88' lang='lat' dir='ltr'><strong>quam</strong></span> <span class='ocrx_word' id='word_1_218' title='bbox 1222 2898 1386 2967; x_wconf 65' lang='lat' dir='ltr'><strong>jussze</strong></span> <span class='ocrx_word' id='word_1_219' title='bbox 1431 2908 1585 2952; x_wconf 74' lang='lat' dir='ltr'><strong>erant</strong></span> <span class='ocrx_word' id='word_1_220' title='bbox 1641 2900 2003 2967; x_wconf 66' lang='lat' dir='ltr'><strong>prtestiterant</strong></span> 
     </span>
    </p>
   </div>
   <div class='ocr_carea' id='block_1_29' title="bbox 396 2989 2003 3059">
    <p class='ocr_par' dir='ltr' id='par_1_29' title="bbox 396 2989 2003 3059">
     <span class='ocr_line' id='line_1_29' title="bbox 396 2989 2003 3059; baseline 0.002 -18"><span class='ocrx_word' id='word_1_221' title='bbox 396 2990 562 3058; x_wconf 84' lang='lat' dir='ltr'><strong>(nulla</strong></span> <span class='ocrx_word' id='word_1_222' title='bbox 604 2990 747 3043; x_wconf 89' lang='lat' dir='ltr'><strong>enim</strong></span> <span class='ocrx_word' id='word_1_223' title='bbox 789 2990 873 3043; x_wconf 78' lang='lat' dir='ltr'><strong>lex</strong></span> <span class='ocrx_word' id='word_1_224' title='bbox 925 2989 1285 3059; x_wconf 76' lang='lat' dir='ltr'><strong>virginitatem</strong></span> <span class='ocrx_word' id='word_1_225' title='bbox 1332 2990 1573 3058; x_wconf 66' lang='lat' dir='ltr'><strong>prtecipit</strong></span> <span class='ocrx_word' id='word_1_226' title='bbox 1616 3006 1629 3040; x_wconf 87' lang='lat'><strong>:</strong></span> <span class='ocrx_word' id='word_1_227' title='bbox 1672 2990 1855 3043; x_wconf 78' lang='lat' dir='ltr'><strong>libera:</strong></span> <span class='ocrx_word' id='word_1_228' title='bbox 1898 2989 2003 3044; x_wconf 88' lang='lat' dir='ltr'><strong>hoc</strong></span> 
     </span>
    </p>
   </div>
   <div class='ocr_carea' id='block_1_30' title="bbox 390 3079 1999 3151">
    <p class='ocr_par' dir='ltr' id='par_1_30' title="bbox 390 3079 1999 3151">
     <span class='ocr_line' id='line_1_30' title="bbox 390 3079 1999 3151; baseline 0.002 -21"><span class='ocrx_word' id='word_1_229' title='bbox 390 3080 649 3133; x_wconf 81' lang='lat' dir='ltr'><strong>voluntati</strong></span> <span class='ocrx_word' id='word_1_230' title='bbox 680 3080 985 3134; x_wconf 90' lang='lat' dir='ltr'><strong>auditorum</strong></span> <span class='ocrx_word' id='word_1_231' title='bbox 1018 3079 1380 3151; x_wconf 78' lang='lat' dir='ltr'><strong>relinquitur),</strong></span> <span class='ocrx_word' id='word_1_232' title='bbox 1419 3088 1535 3149; x_wconf 88' lang='lat' dir='ltr'><strong>post</strong></span> <span class='ocrx_word' id='word_1_233' title='bbox 1569 3080 1682 3133; x_wconf 77' lang='lat' dir='ltr'><strong>haec</strong></span> <span class='ocrx_word' id='word_1_234' title='bbox 1709 3081 1887 3133; x_wconf 77' lang='lat' dir='ltr'><strong>tmmia</strong></span> <span class='ocrx_word' id='word_1_235' title='bbox 1917 3080 1999 3133; x_wconf 86' lang='lat' dir='ltr'><strong>vi-</strong></span> 
     </span>
    </p>
   </div>
   <div class='ocr_carea' id='block_1_31' title="bbox 389 3171 2001 3241">
    <p class='ocr_par' dir='ltr' id='par_1_31' title="bbox 389 3171 2001 3241">
     <span class='ocr_line' id='line_1_31' title="bbox 389 3171 2001 3241; baseline 0.001 -18"><span class='ocrx_word' id='word_1_236' title='bbox 389 3178 493 3223; x_wconf 83' lang='lat' dir='ltr'><strong>cta:</strong></span> <span class='ocrx_word' id='word_1_237' title='bbox 519 3181 643 3224; x_wconf 89' lang='lat' dir='ltr'><strong>sunt</strong></span> <span class='ocrx_word' id='word_1_238' title='bbox 680 3186 711 3225; x_wconf 89' lang='lat' dir='ltr'><strong>a</strong></span> <span class='ocrx_word' id='word_1_239' title='bbox 744 3171 964 3240; x_wconf 87' lang='lat' dir='ltr'><strong>pecunia</strong></span> <span class='ocrx_word' id='word_1_240' title='bbox 1000 3188 1011 3226; x_wconf 95' lang='lat'>:</span> <span class='ocrx_word' id='word_1_241' title='bbox 1045 3186 1153 3240; x_wconf 90' lang='lat' dir='ltr'><strong>quo</strong></span> <span class='ocrx_word' id='word_1_242' title='bbox 1189 3171 1315 3239; x_wconf 84' lang='lat' dir='ltr'><strong>quid</strong></span> <span class='ocrx_word' id='word_1_243' title='bbox 1344 3187 1464 3226; x_wconf 88' lang='lat' dir='ltr'><strong>esse</strong></span> <span class='ocrx_word' id='word_1_244' title='bbox 1511 3171 1867 3226; x_wconf 69' lang='lat' dir='ltr'><strong>mi~crahitius</strong></span> <span class='ocrx_word' id='word_1_245' title='bbox 1908 3187 2001 3241; x_wconf 83' lang='lat' dir='ltr'><strong>po-</strong></span> 
     </span>
    </p>
   </div>
   <div class='ocr_carea' id='block_1_32' title="bbox 393 3261 2005 3334">
    <p class='ocr_par' dir='ltr' id='par_1_32' title="bbox 393 3261 2005 3334">
     <span class='ocr_line' id='line_1_32' title="bbox 393 3261 2005 3334; baseline 0.002 -19"><span class='ocrx_word' id='word_1_246' title='bbox 393 3270 531 3327; x_wconf 87' lang='lat' dir='ltr'><strong>test,</strong></span> <span class='ocrx_word' id='word_1_247' title='bbox 571 3261 616 3313; x_wconf 88' lang='lat' dir='ltr'><strong>si</strong></span> <span class='ocrx_word' id='word_1_248' title='bbox 648 3273 866 3330; x_wconf 86' lang='lat' dir='ltr'><strong>propter</strong></span> <span class='ocrx_word' id='word_1_249' title='bbox 897 3263 1175 3330; x_wconf 89' lang='lat' dir='ltr'><strong>paululum</strong></span> <span class='ocrx_word' id='word_1_250' title='bbox 1218 3262 1427 3333; x_wconf 82' lang='lat' dir='ltr'><strong>argenti</strong></span> <span class='ocrx_word' id='word_1_251' title='bbox 1465 3278 1722 3317; x_wconf 84' lang='lat' dir='ltr'><strong>coronam</strong></span> <span class='ocrx_word' id='word_1_252' title='bbox 1759 3279 1790 3318; x_wconf 92' lang='lat' dir='ltr'><strong>e</strong></span> <span class='ocrx_word' id='word_1_253' title='bbox 1824 3264 2005 3334; x_wconf 86' lang='lat' dir='ltr'><strong>capite</strong></span> 
     </span>
    </p>
   </div>
   <div class='ocr_carea' id='block_1_33' title="bbox 394 3352 2003 3425">
    <p class='ocr_par' dir='ltr' id='par_1_33' title="bbox 394 3352 2003 3425">
     <span class='ocr_line' id='line_1_33' title="bbox 394 3352 2003 3425; baseline 0.006 -25"><span class='ocrx_word' id='word_1_254' title='bbox 394 3352 721 3422; x_wconf 79' lang='lat' dir='ltr'><strong>projiciaut?</strong></span> <span class='ocrx_word' id='word_1_255' title='bbox 752 3352 877 3407; x_wconf 68' lang='lat' dir='ltr'><strong>llzec</strong></span> <span class='ocrx_word' id='word_1_256' title='bbox 903 3352 1047 3418; x_wconf 89' lang='lat' dir='ltr'><strong>dico,</strong></span> <span class='ocrx_word' id='word_1_257' title='bbox 1078 3368 1184 3407; x_wconf 91' lang='lat' dir='ltr'><strong>non</strong></span> <span class='ocrx_word' id='word_1_258' title='bbox 1212 3353 1356 3423; x_wconf 88' lang='lat' dir='ltr'><strong>quod</strong></span> <span class='ocrx_word' id='word_1_259' title='bbox 1384 3369 1575 3408; x_wconf 89' lang='lat' dir='ltr'><strong>manus</strong></span> <span class='ocrx_word' id='word_1_260' title='bbox 1607 3356 1870 3425; x_wconf 89' lang='lat' dir='ltr'><strong>virgimun</strong></span> <span class='ocrx_word' id='word_1_261' title='bbox 1893 3355 2003 3409; x_wconf 85' lang='lat' dir='ltr'><strong>dis-</strong></span> 
     </span>
    </p>
   </div>
   <div class='ocr_carea' id='block_1_34' title="bbox 390 3447 2002 3519">
    <p class='ocr_par' dir='ltr' id='par_1_34' title="bbox 390 3447 2002 3519">
     <span class='ocr_line' id='line_1_34' title="bbox 390 3447 2002 3519; baseline 0.001 -18"><span class='ocrx_word' id='word_1_262' title='bbox 390 3448 597 3501; x_wconf 85' lang='lat' dir='ltr'><strong>solvam</strong></span> <span class='ocrx_word' id='word_1_263' title='bbox 622 3489 638 3513; x_wconf 88' lang='lat'><strong>,</strong></span> <span class='ocrx_word' id='word_1_264' title='bbox 671 3462 847 3516; x_wconf 88' lang='lat' dir='ltr'><strong>neque</strong></span> <span class='ocrx_word' id='word_1_265' title='bbox 875 3447 1017 3517; x_wconf 89' lang='lat' dir='ltr'><strong>quod</strong></span> <span class='ocrx_word' id='word_1_266' title='bbox 1043 3448 1403 3518; x_wconf 83' lang='lat' dir='ltr'><strong>virginitatem</strong></span> <span class='ocrx_word' id='word_1_267' title='bbox 1445 3450 1791 3519; x_wconf 68' lang='lat' dir='ltr'><strong>ess-tinguere</strong></span> <span class='ocrx_word' id='word_1_268' title='bbox 1816 3450 2002 3515; x_wconf 91' lang='lat' dir='ltr'><strong>velim,</strong></span> 
     </span>
    </p>
   </div>
   <div class='ocr_carea' id='block_1_35' title="bbox 393 3536 2003 3611">
    <p class='ocr_par' dir='ltr' id='par_1_35' title="bbox 393 3536 2003 3611">
     <span class='ocr_line' id='line_1_35' title="bbox 393 3536 2003 3611; baseline 0.004 -18"><span class='ocrx_word' id='word_1_269' title='bbox 393 3536 587 3593; x_wconf 89' lang='lat' dir='ltr'><strong>sedne</strong></span> <span class='ocrx_word' id='word_1_270' title='bbox 627 3539 888 3593; x_wconf 87' lang='lat' dir='ltr'><strong>inutiliter</strong></span> <span class='ocrx_word' id='word_1_271' title='bbox 911 3552 1166 3607; x_wconf 84' lang='lat' dir='ltr'><strong>currant,</strong></span> <span class='ocrx_word' id='word_1_272' title='bbox 1201 3557 1267 3595; x_wconf 91' lang='lat' dir='ltr'><strong>ne</strong></span> <span class='ocrx_word' id='word_1_273' title='bbox 1308 3552 1428 3611; x_wconf 91' lang='lat' dir='ltr'><strong>post</strong></span> <span class='ocrx_word' id='word_1_274' title='bbox 1474 3542 1733 3611; x_wconf 89' lang='lat' dir='ltr'><strong>plurimos</strong></span> <span class='ocrx_word' id='word_1_275' title='bbox 1776 3544 2003 3599; x_wconf 84' lang='lat' dir='ltr'><strong>sudores</strong></span> 
     </span>
    </p>
   </div>
   <div class='ocr_carea' id='block_1_36' title="bbox 390 3632 1995 3702">
    <p class='ocr_par' dir='ltr' id='par_1_36' title="bbox 390 3632 1995 3702">
     <span class='ocr_line' id='line_1_36' title="bbox 390 3632 1995 3702; baseline 0.004 -18"><span class='ocrx_word' id='word_1_276' title='bbox 390 3646 593 3685; x_wconf 84' lang='lat' dir='ltr'><strong>corona</strong></span> <span class='ocrx_word' id='word_1_277' title='bbox 618 3632 839 3701; x_wconf 72' lang='lat' dir='ltr'><strong>privam</strong></span> <span class='ocrx_word' id='word_1_278' title='bbox 861 3640 916 3685; x_wconf 92' lang='lat' dir='ltr'><strong>et</strong></span> <span class='ocrx_word' id='word_1_279' title='bbox 946 3633 1151 3700; x_wconf 90' lang='lat' dir='ltr'><strong>pudore</strong></span> <span class='ocrx_word' id='word_1_280' title='bbox 1180 3634 1351 3702; x_wconf 76' lang='lat' dir='ltr'><strong>plena:</strong></span> <span class='ocrx_word' id='word_1_281' title='bbox 1381 3649 1444 3688; x_wconf 82' lang='lat' dir='ltr'><strong>ex</strong></span> <span class='ocrx_word' id='word_1_282' title='bbox 1488 3651 1648 3690; x_wconf 88' lang='lat' dir='ltr'><strong>arena</strong></span> <span class='ocrx_word' id='word_1_283' title='bbox 1694 3636 1995 3691; x_wconf 56' lang='lat' dir='ltr'><strong>dist-edint.</strong></span> 
     </span>
    </p>
   </div>
   <div class='ocr_carea' id='block_1_37' title="bbox 395 3722 1999 3797">
    <p class='ocr_par' dir='ltr' id='par_1_37' title="bbox 395 3722 1999 3797">
     <span class='ocr_line' id='line_1_37' title="bbox 395 3722 1999 3797; baseline 0.004 -19"><span class='ocrx_word' id='word_1_284' title='bbox 395 3722 544 3778; x_wconf 81' lang='lat' dir='ltr'><strong>Bona</strong></span> <span class='ocrx_word' id='word_1_285' title='bbox 588 3740 676 3779; x_wconf 87' lang='lat' dir='ltr'><strong>res</strong></span> <span class='ocrx_word' id='word_1_286' title='bbox 724 3734 801 3778; x_wconf 86' lang='lat' dir='ltr'><strong>est</strong></span> <span class='ocrx_word' id='word_1_287' title='bbox 848 3726 1155 3795; x_wconf 85' lang='lat' dir='ltr'><strong>virginitas,</strong></span> <span class='ocrx_word' id='word_1_288' title='bbox 1185 3735 1238 3779; x_wconf 91' lang='lat' dir='ltr'><strong>et</strong></span> <span class='ocrx_word' id='word_1_289' title='bbox 1268 3727 1440 3794; x_wconf 84' lang='lat' dir='ltr'><strong>majus</strong></span> <span class='ocrx_word' id='word_1_290' title='bbox 1467 3743 1624 3795; x_wconf 91' lang='lat' dir='ltr'><strong>quam</strong></span> <span class='ocrx_word' id='word_1_291' title='bbox 1668 3744 1764 3797; x_wconf 91' lang='lat' dir='ltr'><strong>pro</strong></span> <span class='ocrx_word' id='word_1_292' title='bbox 1796 3739 1999 3784; x_wconf 67' lang='lat' dir='ltr'><strong>natura:</strong></span> 
     </span>
    </p>
   </div>
   <div class='ocr_carea' id='block_1_38' title="bbox 392 3816 2002 3888">
    <p class='ocr_par' dir='ltr' id='par_1_38' title="bbox 392 3816 2002 3888">
     <span class='ocr_line' id='line_1_38' title="bbox 392 3816 2002 3888; baseline 0.004 -21"><span class='ocrx_word' id='word_1_293' title='bbox 392 3816 599 3870; x_wconf 81' lang='lat' dir='ltr'><strong>viribus</strong></span> <span class='ocrx_word' id='word_1_294' title='bbox 627 3817 875 3870; x_wconf 90' lang='lat' dir='ltr'><strong>tneritum</strong></span> <span class='ocrx_word' id='word_1_295' title='bbox 914 3836 925 3870; x_wconf 93' lang='lat'><strong>:</strong></span> <span class='ocrx_word' id='word_1_296' title='bbox 961 3817 1054 3871; x_wconf 89' lang='lat' dir='ltr'><strong>sed</strong></span> <span class='ocrx_word' id='word_1_297' title='bbox 1084 3818 1221 3871; x_wconf 91' lang='lat' dir='ltr'><strong>bona</strong></span> <span class='ocrx_word' id='word_1_298' title='bbox 1252 3818 1364 3871; x_wconf 79' lang='lat' dir='ltr'><strong>haec</strong></span> <span class='ocrx_word' id='word_1_299' title='bbox 1392 3834 1479 3872; x_wconf 89' lang='lat' dir='ltr'><strong>res</strong></span> <span class='ocrx_word' id='word_1_300' title='bbox 1510 3830 1563 3873; x_wconf 94' lang='lat' dir='ltr'><strong>et</strong></span> <span class='ocrx_word' id='word_1_301' title='bbox 1591 3835 1780 3888; x_wconf 88' lang='lat' dir='ltr'><strong>magna</strong></span> <span class='ocrx_word' id='word_1_302' title='bbox 1820 3830 1873 3873; x_wconf 84' lang='lat' dir='ltr'><strong>et</strong></span> <span class='ocrx_word' id='word_1_303' title='bbox 1902 3837 2002 3875; x_wconf 83' lang='lat' dir='ltr'><strong>na-</strong></span> 
     </span>
    </p>
   </div>
   <div class='ocr_carea' id='block_1_39' title="bbox 390 3910 1998 3980">
    <p class='ocr_par' dir='ltr' id='par_1_39' title="bbox 390 3910 1998 3980">
     <span class='ocr_line' id='line_1_39' title="bbox 390 3910 1998 3980; baseline 0.003 -19"><span class='ocrx_word' id='word_1_304' title='bbox 390 3916 570 3961; x_wconf 86' lang='lat' dir='ltr'><strong>turam</strong></span> <span class='ocrx_word' id='word_1_305' title='bbox 601 3923 886 3978; x_wconf 87' lang='lat' dir='ltr'><strong>superans,</strong></span> <span class='ocrx_word' id='word_1_306' title='bbox 915 3911 1015 3963; x_wconf 88' lang='lat' dir='ltr'><strong>nisi</strong></span> <span class='ocrx_word' id='word_1_307' title='bbox 1042 3910 1420 3979; x_wconf 84' lang='lat' dir='ltr'><strong>benignitatem</strong></span> <span class='ocrx_word' id='word_1_308' title='bbox 1454 3910 1644 3965; x_wconf 86' lang='lat' dir='ltr'><strong>habeat</strong></span> <span class='ocrx_word' id='word_1_309' title='bbox 1668 3912 1998 3980; x_wconf 81' lang='lat' dir='ltr'><strong>adjunctam,</strong></span> 
     </span>
    </p>
   </div>
   <div class='ocr_carea' id='block_1_40' title="bbox 392 4002 2000 4073">
    <p class='ocr_par' dir='ltr' id='par_1_40' title="bbox 392 4002 2000 4073">
     <span class='ocr_line' id='line_1_40' title="bbox 392 4002 2000 4073; baseline 0.002 -18"><span class='ocrx_word' id='word_1_310' title='bbox 392 4016 463 4055; x_wconf 90' lang='lat' dir='ltr'><strong>ne</strong></span> <span class='ocrx_word' id='word_1_311' title='bbox 513 4002 564 4053; x_wconf 91' lang='lat' dir='ltr'><strong>in</strong></span> <span class='ocrx_word' id='word_1_312' title='bbox 613 4002 933 4056; x_wconf 84' lang='lat' dir='ltr'><strong>vestibulum</strong></span> <span class='ocrx_word' id='word_1_313' title='bbox 981 4002 1197 4071; x_wconf 84' lang='lat' dir='ltr'><strong>quidem</strong></span> <span class='ocrx_word' id='word_1_314' title='bbox 1249 4002 1467 4057; x_wconf 84' lang='lat' dir='ltr'><strong>thalami</strong></span> <span class='ocrx_word' id='word_1_315' title='bbox 1519 4004 1729 4073; x_wconf 87' lang='lat' dir='ltr'><strong>ingredi</strong></span> <span class='ocrx_word' id='word_1_316' title='bbox 1781 4007 2000 4073; x_wconf 91' lang='lat' dir='ltr'><strong>poterit.</strong></span> 
     </span>
    </p>
   </div>
   <div class='ocr_carea' id='block_1_41' title="bbox 394 4092 1998 4165">
    <p class='ocr_par' dir='ltr' id='par_1_41' title="bbox 394 4092 1998 4165">
     <span class='ocr_line' id='line_1_41' title="bbox 394 4092 1998 4165; baseline 0.004 -19"><span class='ocrx_word' id='word_1_317' title='bbox 394 4094 571 4161; x_wconf 76' lang='lat' dir='ltr'><strong>Atque</strong></span> <span class='ocrx_word' id='word_1_318' title='bbox 595 4092 679 4147; x_wconf 92' lang='lat' dir='ltr'><strong>hic</strong></span> <span class='ocrx_word' id='word_1_319' title='bbox 706 4093 839 4148; x_wconf 88' lang='lat' dir='ltr'><strong>tuihi</strong></span> <span class='ocrx_word' id='word_1_320' title='bbox 868 4094 1152 4150; x_wconf 86' lang='lat' dir='ltr'><strong>considera</strong></span> <span class='ocrx_word' id='word_1_321' title='bbox 1184 4095 1529 4165; x_wconf 82' lang='lat' dir='ltr'><strong>benignitatis</strong></span> <span class='ocrx_word' id='word_1_322' title='bbox 1557 4097 1663 4150; x_wconf 85' lang='lat' dir='ltr'><strong>vim</strong></span> <span class='ocrx_word' id='word_1_323' title='bbox 1689 4107 1740 4151; x_wconf 90' lang='lat' dir='ltr'><strong>et</strong></span> <span class='ocrx_word' id='word_1_324' title='bbox 1766 4098 1998 4153; x_wconf 90' lang='lat' dir='ltr'><strong>eleemo-</strong></span> 
     </span>
    </p>
   </div>
   <div class='ocr_carea' id='block_1_42' title="bbox 391 4187 2002 4260">
    <p class='ocr_par' dir='ltr' id='par_1_42' title="bbox 391 4187 2002 4260">
     <span class='ocr_line' id='line_1_42' title="bbox 391 4187 2002 4260; baseline 0.004 -20"><span class='ocrx_word' id='word_1_325' title='bbox 391 4202 542 4257; x_wconf 75' lang='lat' dir='ltr'><strong>syria:</strong></span> <span class='ocrx_word' id='word_1_326' title='bbox 568 4189 877 4254; x_wconf 87' lang='lat' dir='ltr'><strong>potentiam.</strong></span> <span class='ocrx_word' id='word_1_327' title='bbox 906 4187 1194 4258; x_wconf 82' lang='lat' dir='ltr'><strong>Virginitas</strong></span> <span class='ocrx_word' id='word_1_328' title='bbox 1216 4190 1333 4242; x_wconf 91' lang='lat' dir='ltr'><strong>sine</strong></span> <span class='ocrx_word' id='word_1_329' title='bbox 1357 4190 1703 4260; x_wconf 76' lang='lat' dir='ltr'><strong>cleemosyna</strong></span> <span class='ocrx_word' id='word_1_330' title='bbox 1735 4206 1800 4245; x_wconf 92' lang='lat' dir='ltr'><strong>ne</strong></span> <span class='ocrx_word' id='word_1_331' title='bbox 1832 4192 1882 4244; x_wconf 91' lang='lat' dir='ltr'><strong>in</strong></span> <span class='ocrx_word' id='word_1_332' title='bbox 1913 4207 2002 4247; x_wconf 88' lang='lat' dir='ltr'><strong>ve-</strong></span> 
     </span>
    </p>
   </div>
   <div class='ocr_carea' id='block_1_43' title="bbox 390 4278 1999 4353">
    <p class='ocr_par' dir='ltr' id='par_1_43' title="bbox 390 4278 1999 4353">
     <span class='ocr_line' id='line_1_43' title="bbox 390 4278 1999 4353; baseline 0.004 -21"><span class='ocrx_word' id='word_1_333' title='bbox 390 4278 653 4332; x_wconf 84' lang='lat' dir='ltr'><strong>stibulum</strong></span> <span class='ocrx_word' id='word_1_334' title='bbox 686 4280 902 4349; x_wconf 88' lang='lat' dir='ltr'><strong>quidem</strong></span> <span class='ocrx_word' id='word_1_335' title='bbox 936 4278 1156 4334; x_wconf 90' lang='lat' dir='ltr'><strong>thalami</strong></span> <span class='ocrx_word' id='word_1_336' title='bbox 1190 4282 1487 4351; x_wconf 88' lang='lat' dir='ltr'><strong>perducere</strong></span> <span class='ocrx_word' id='word_1_337' title='bbox 1516 4284 1728 4353; x_wconf 65' lang='lat' dir='ltr'><strong>putuit;</strong></span> <span class='ocrx_word' id='word_1_338' title='bbox 1760 4284 1999 4339; x_wconf 67' lang='lat' dir='ltr'><strong>eleemoo</strong></span> 
     </span>
    </p>
   </div>
   <div class='ocr_carea' id='block_1_44' title="bbox 390 4370 2000 4443">
    <p class='ocr_par' dir='ltr' id='par_1_44' title="bbox 390 4370 2000 4443">
     <span class='ocr_line' id='line_1_44' title="bbox 390 4370 2000 4443; baseline 0.007 -23"><span class='ocrx_word' id='word_1_339' title='bbox 390 4383 525 4439; x_wconf 86' lang='lat' dir='ltr'><strong>syua</strong></span> <span class='ocrx_word' id='word_1_340' title='bbox 574 4384 701 4423; x_wconf 88' lang='lat' dir='ltr'><strong>vero</strong></span> <span class='ocrx_word' id='word_1_341' title='bbox 752 4370 834 4424; x_wconf 88' lang='lat' dir='ltr'><strong>vel</strong></span> <span class='ocrx_word' id='word_1_342' title='bbox 882 4372 999 4425; x_wconf 83' lang='lat' dir='ltr'><strong>sine</strong></span> <span class='ocrx_word' id='word_1_343' title='bbox 1045 4372 1351 4443; x_wconf 85' lang='lat' dir='ltr'><strong>virginitate</strong></span> <span class='ocrx_word' id='word_1_344' title='bbox 1399 4374 1647 4428; x_wconf 87' lang='lat' dir='ltr'><strong>alumnos</strong></span> <span class='ocrx_word' id='word_1_345' title='bbox 1699 4390 1828 4429; x_wconf 87' lang='lat' dir='ltr'><strong>suos</strong></span> <span class='ocrx_word' id='word_1_346' title='bbox 1878 4392 2000 4431; x_wconf 88' lang='lat' dir='ltr'><strong>cum</strong></span> 
     </span>
    </p>
   </div>
   <div class='ocr_carea' id='block_1_45' title="bbox 393 4460 2003 4536">
    <p class='ocr_par' dir='ltr' id='par_1_45' title="bbox 393 4460 2003 4536">
     <span class='ocr_line' id='line_1_45' title="bbox 393 4460 2003 4536; baseline 0.006 -25"><span class='ocrx_word' id='word_1_347' title='bbox 393 4474 587 4529; x_wconf 87' lang='lat' dir='ltr'><strong>magna</strong></span> <span class='ocrx_word' id='word_1_348' title='bbox 618 4460 775 4515; x_wconf 88' lang='lat' dir='ltr'><strong>laude</strong></span> <span class='ocrx_word' id='word_1_349' title='bbox 807 4460 859 4515; x_wconf 90' lang='lat' dir='ltr'><strong>in</strong></span> <span class='ocrx_word' id='word_1_350' title='bbox 892 4477 1118 4532; x_wconf 89' lang='lat' dir='ltr'><strong>regnum</strong></span> <span class='ocrx_word' id='word_1_351' title='bbox 1147 4474 1271 4519; x_wconf 92' lang='lat' dir='ltr'><strong>ante</strong></span> <span class='ocrx_word' id='word_1_352' title='bbox 1316 4466 1593 4519; x_wconf 89' lang='lat' dir='ltr'><strong>conditum</strong></span> <span class='ocrx_word' id='word_1_353' title='bbox 1636 4467 1823 4520; x_wconf 88' lang='lat' dir='ltr'><strong>orbem</strong></span> <span class='ocrx_word' id='word_1_354' title='bbox 1868 4484 2003 4536; x_wconf 70' lang='lat' dir='ltr'><strong>prte-</strong></span> 
     </span>
    </p>
   </div>
   <div class='ocr_carea' id='block_1_46' title="bbox 396 4553 1999 4629">
    <p class='ocr_par' dir='ltr' id='par_1_46' title="bbox 396 4553 1999 4629">
     <span class='ocr_line' id='line_1_46' title="bbox 396 4553 1999 4629; baseline 0.007 -26"><span class='ocrx_word' id='word_1_355' title='bbox 396 4560 641 4617; x_wconf 88' lang='lat' dir='ltr'><strong>paratum</strong></span> <span class='ocrx_word' id='word_1_356' title='bbox 666 4568 823 4605; x_wconf 86' lang='lat' dir='ltr'><strong>manu</strong></span> <span class='ocrx_word' id='word_1_357' title='bbox 850 4553 1083 4607; x_wconf 83' lang='lat' dir='ltr'><strong>deducit.</strong></span> <span class='ocrx_word' id='word_1_358' title='bbox 1113 4554 1205 4609; x_wconf 78' lang='lat' dir='ltr'><strong>lla:</strong></span> <span class='ocrx_word' id='word_1_359' title='bbox 1227 4556 1492 4625; x_wconf 87' lang='lat' dir='ltr'><strong>siquidem</strong></span> <span class='ocrx_word' id='word_1_360' title='bbox 1516 4560 1769 4627; x_wconf 86' lang='lat' dir='ltr'><strong>quoniam</strong></span> <span class='ocrx_word' id='word_1_361' title='bbox 1801 4559 1999 4629; x_wconf 85' lang='lat' dir='ltr'><strong>largam</strong></span> 
     </span>
    </p>
   </div>
   <div class='ocr_carea' id='block_1_47' title="bbox 394 4646 2002 4718">
    <p class='ocr_par' dir='ltr' id='par_1_47' title="bbox 394 4646 2002 4718">
     <span class='ocr_line' id='line_1_47' title="bbox 394 4646 2002 4718; baseline 0.006 -20"><span class='ocrx_word' id='word_1_362' title='bbox 394 4646 797 4715; x_wconf 72' lang='lat' dir='ltr'><strong>clecmosynam</strong></span> <span class='ocrx_word' id='word_1_363' title='bbox 822 4663 927 4701; x_wconf 90' lang='lat' dir='ltr'><strong>non</strong></span> <span class='ocrx_word' id='word_1_364' title='bbox 951 4646 1331 4713; x_wconf 79' lang='lat' dir='ltr'><strong>cxltibuerant,</strong></span> <span class='ocrx_word' id='word_1_365' title='bbox 1354 4649 1643 4704; x_wconf 88' lang='lat' dir='ltr'><strong>audierunt</strong></span> <span class='ocrx_word' id='word_1_366' title='bbox 1670 4669 1681 4703; x_wconf 95' lang='lat'><strong>:</strong></span> <span class='ocrx_word' id='word_1_367' title='bbox 1706 4652 1873 4718; x_wconf 79' lang='lat' dir='ltr'><strong>Abite,</strong></span> <span class='ocrx_word' id='word_1_368' title='bbox 1901 4669 2002 4707; x_wconf 87' lang='lat' dir='ltr'><strong>non</strong></span> 
     </span>
    </p>
   </div>
   <div class='ocr_carea' id='block_1_48' title="bbox 396 4739 2003 4811">
    <p class='ocr_par' dir='ltr' id='par_1_48' title="bbox 396 4739 2003 4811">
     <span class='ocr_line' id='line_1_48' title="bbox 396 4739 2003 4811; baseline 0.007 -22"><span class='ocrx_word' id='word_1_369' title='bbox 396 4741 513 4790; x_wconf 79' lang='lat' dir='ltr'><strong>novi</strong></span> <span class='ocrx_word' id='word_1_370' title='bbox 536 4754 621 4791; x_wconf 82' lang='lat' dir='ltr'><strong>ros</strong></span> <span class='ocrx_word' id='word_1_371' title='bbox 653 4754 671 4792; x_wconf 89' lang='lat'><strong><em>:</em></strong></span> <span class='ocrx_word' id='word_1_372' title='bbox 704 4739 776 4791; x_wconf 91' lang='lat' dir='ltr'><strong>illi</strong></span> <span class='ocrx_word' id='word_1_373' title='bbox 816 4755 945 4795; x_wconf 89' lang='lat' dir='ltr'><strong>vero</strong></span> <span class='ocrx_word' id='word_1_374' title='bbox 971 4741 1059 4810; x_wconf 88' lang='lat' dir='ltr'><strong>qui</strong></span> <span class='ocrx_word' id='word_1_375' title='bbox 1099 4742 1370 4795; x_wconf 88' lang='lat' dir='ltr'><strong>sitientem</strong></span> <span class='ocrx_word' id='word_1_376' title='bbox 1402 4752 1720 4811; x_wconf 88' lang='lat' dir='ltr'><strong>potaverunt</strong></span> <span class='ocrx_word' id='word_1_377' title='bbox 1741 4785 1755 4809; x_wconf 93' lang='lat'><strong>,</strong></span> <span class='ocrx_word' id='word_1_378' title='bbox 1785 4754 1839 4799; x_wconf 90' lang='lat' dir='ltr'><strong>et</strong></span> <span class='ocrx_word' id='word_1_379' title='bbox 1879 4761 2003 4800; x_wconf 74' lang='lat' dir='ltr'><strong>esu-</strong></span> 
     </span>
    </p>
   </div>
   <div class='ocr_carea' id='block_1_49' title="bbox 398 4829 1999 4905">
    <p class='ocr_par' dir='ltr' id='par_1_49' title="bbox 398 4829 1999 4905">
     <span class='ocr_line' id='line_1_49' title="bbox 398 4829 1999 4905; baseline 0.008 -25"><span class='ocrx_word' id='word_1_380' title='bbox 398 4829 625 4882; x_wconf 85' lang='lat' dir='ltr'><strong>rientem</strong></span> <span class='ocrx_word' id='word_1_381' title='bbox 652 4829 901 4900; x_wconf 84' lang='lat' dir='ltr'><strong>aluerunt</strong></span> <span class='ocrx_word' id='word_1_382' title='bbox 929 4831 1235 4898; x_wconf 74' lang='lat' dir='ltr'><strong>Christum,</strong></span> <span class='ocrx_word' id='word_1_383' title='bbox 1267 4834 1475 4887; x_wconf 85' lang='lat' dir='ltr'><strong>tametsi</strong></span> <span class='ocrx_word' id='word_1_384' title='bbox 1506 4836 1861 4905; x_wconf 80' lang='lat' dir='ltr'><strong>virginitatem</strong></span> <span class='ocrx_word' id='word_1_385' title='bbox 1896 4854 1999 4892; x_wconf 87' lang='lat' dir='ltr'><strong>non</strong></span> 
     </span>
    </p>
   </div>
   <div class='ocr_carea' id='block_1_50' title="bbox 402 4919 2001 4995">
    <p class='ocr_par' dir='ltr' id='par_1_50' title="bbox 402 4919 2001 4995">
     <span class='ocr_line' id='line_1_50' title="bbox 402 4919 2001 4995; baseline 0.009 -24"><span class='ocrx_word' id='word_1_386' title='bbox 402 4919 707 4988; x_wconf 87' lang='lat' dir='ltr'><strong>proferrent</strong></span> <span class='ocrx_word' id='word_1_387' title='bbox 753 4923 804 4975; x_wconf 90' lang='lat' dir='ltr'><strong>in</strong></span> <span class='ocrx_word' id='word_1_388' title='bbox 852 4924 1112 4988; x_wconf 88' lang='lat' dir='ltr'><strong>medimu,</strong></span> <span class='ocrx_word' id='word_1_389' title='bbox 1158 4927 1485 4980; x_wconf 88' lang='lat' dir='ltr'><strong>audierunt:</strong></span> <span class='ocrx_word' id='word_1_390' title='bbox 1526 4927 1721 4995; x_wconf 81' lang='lat' dir='ltr'><strong>Venite,</strong></span> <span class='ocrx_word' id='word_1_391' title='bbox 1755 4930 2001 4985; x_wconf 74' lang='lat' dir='ltr'><strong>benedicti</strong></span> 
     </span>
    </p>
   </div>
   <div class='ocr_carea' id='block_1_51' title="bbox 403 5009 2003 5087">
    <p class='ocr_par' dir='ltr' id='par_1_51' title="bbox 403 5009 2003 5087">
     <span class='ocr_line' id='line_1_51' title="bbox 403 5009 2003 5087; baseline 0.008 -25"><span class='ocrx_word' id='word_1_392' title='bbox 403 5009 577 5065; x_wconf 77' lang='lat' dir='ltr'><strong>Putris</strong></span> <span class='ocrx_word' id='word_1_393' title='bbox 605 5013 699 5065; x_wconf 77' lang='lat' dir='ltr'><strong>mei</strong></span> <span class='ocrx_word' id='word_1_394' title='bbox 720 5055 735 5078; x_wconf 98' lang='lat'><strong>,</strong></span> <span class='ocrx_word' id='word_1_395' title='bbox 769 5016 1020 5081; x_wconf 59' lang='lat' dir='ltr'><strong>possidete</strong></span> <span class='ocrx_word' id='word_1_396' title='bbox 1053 5034 1261 5087; x_wconf 68' lang='lat' dir='ltr'><strong>regnum</strong></span> <span class='ocrx_word' id='word_1_397' title='bbox 1292 5029 1529 5086; x_wconf 79' lang='lat' dir='ltr'><strong>paratum</strong></span> <span class='ocrx_word' id='word_1_398' title='bbox 1571 5021 1707 5074; x_wconf 75' lang='lat' dir='ltr'><strong>vobis</strong></span> <span class='ocrx_word' id='word_1_399' title='bbox 1745 5040 1775 5073; x_wconf 78' lang='grc' dir='ltr'><strong><em>(ι</em></strong></span> <span class='ocrx_word' id='word_1_400' title='bbox 1814 5024 2003 5076; x_wconf 83' lang='lat' dir='ltr'><strong>consti-</strong></span> 
     </span>
    </p>
   </div>
   <div class='ocr_carea' id='block_1_52' title="bbox 395 5103 1999 5179">
    <p class='ocr_par' dir='ltr' id='par_1_52' title="bbox 395 5103 1999 5179">
     <span class='ocr_line' id='line_1_52' title="bbox 395 5103 1999 5179; baseline 0.009 -26"><span class='ocrx_word' id='word_1_401' title='bbox 395 5103 589 5155; x_wconf 75' lang='lat' dir='ltr'><strong>tntiane</strong></span> <span class='ocrx_word' id='word_1_402' title='bbox 636 5105 813 5157; x_wconf 72' lang='lat' dir='ltr'><strong>arandi</strong></span> <span class='ocrx_word' id='word_1_403' title='bbox 861 5104 1041 5174; x_wconf 88' lang='lat' dir='ltr'><strong>(Ibid.</strong></span> <span class='ocrx_word' id='word_1_404' title='bbox 1075 5124 1122 5160; x_wconf 86' lang='grc' dir='ltr'><strong>υ.</strong></span> <span class='ocrx_word' id='word_1_405' title='bbox 1153 5109 1221 5163; x_wconf 74' lang='lat' dir='ltr'><strong>3i</strong></span> <span class='ocrx_word' id='word_1_406' title='bbox 1249 5108 1291 5179; x_wconf 75' lang='lat' dir='ltr'><strong>j.</strong></span> <span class='ocrx_word' id='word_1_407' title='bbox 1347 5109 1411 5163; x_wconf 79' lang='lat' dir='ltr'><strong>Et</strong></span> <span class='ocrx_word' id='word_1_408' title='bbox 1456 5111 1683 5163; x_wconf 88' lang='lat' dir='ltr'><strong>merito:</strong></span> <span class='ocrx_word' id='word_1_409' title='bbox 1716 5113 1803 5179; x_wconf 87' lang='lat' dir='ltr'><strong>qui</strong></span> <span class='ocrx_word' id='word_1_410' title='bbox 1857 5116 1999 5168; x_wconf 82' lang='lat' dir='ltr'><strong>enim</strong></span> 
     </span>
    </p>
   </div>
   <div class='ocr_carea' id='block_1_53' title="bbox 399 5192 1997 5271">
    <p class='ocr_par' dir='ltr' id='par_1_53' title="bbox 399 5192 1997 5271">
     <span class='ocr_line' id='line_1_53' title="bbox 399 5192 1997 5271; baseline 0.01 -28"><span class='ocrx_word' id='word_1_411' title='bbox 399 5192 761 5262; x_wconf 84' lang='lat' dir='ltr'><strong>virginitatem</strong></span> <span class='ocrx_word' id='word_1_412' title='bbox 793 5205 1001 5262; x_wconf 84' lang='lat' dir='ltr'><strong>servat,</strong></span> <span class='ocrx_word' id='word_1_413' title='bbox 1045 5206 1099 5251; x_wconf 91' lang='lat' dir='ltr'><strong>et</strong></span> <span class='ocrx_word' id='word_1_414' title='bbox 1138 5197 1387 5265; x_wconf 86' lang='lat' dir='ltr'><strong>jejunat,</strong></span> <span class='ocrx_word' id='word_1_415' title='bbox 1418 5202 1517 5254; x_wconf 89' lang='lat' dir='ltr'><strong>sibi</strong></span> <span class='ocrx_word' id='word_1_416' title='bbox 1564 5203 1660 5271; x_wconf 90' lang='lat' dir='ltr'><strong>ipsi</strong></span> <span class='ocrx_word' id='word_1_417' title='bbox 1702 5204 1847 5257; x_wconf 90' lang='lat' dir='ltr'><strong>utilis</strong></span> <span class='ocrx_word' id='word_1_418' title='bbox 1874 5215 1997 5259; x_wconf 70' lang='lat' dir='ltr'><strong>est:</strong></span> 
     </span>
    </p>
   </div>
   <div class='ocr_carea' id='block_1_54' title="bbox 394 5285 1998 5364">
    <p class='ocr_par' dir='ltr' id='par_1_54' title="bbox 394 5285 1998 5364">
     <span class='ocr_line' id='line_1_54' title="bbox 394 5285 1998 5364; baseline 0.009 -28"><span class='ocrx_word' id='word_1_419' title='bbox 394 5287 486 5353; x_wconf 86' lang='lat' dir='ltr'><strong>qui</strong></span> <span class='ocrx_word' id='word_1_420' title='bbox 508 5300 635 5339; x_wconf 88' lang='lat' dir='ltr'><strong>vero</strong></span> <span class='ocrx_word' id='word_1_421' title='bbox 652 5285 954 5353; x_wconf 82' lang='lat' dir='ltr'><strong>miseretur,</strong></span> <span class='ocrx_word' id='word_1_422' title='bbox 974 5292 1274 5343; x_wconf 84' lang='lat' dir='ltr'><strong>communis</strong></span> <span class='ocrx_word' id='word_1_423' title='bbox 1292 5303 1371 5343; x_wconf 86' lang='lat' dir='ltr'><strong>est</strong></span> <span class='ocrx_word' id='word_1_424' title='bbox 1390 5292 1769 5363; x_wconf 85' lang='lat' dir='ltr'><strong>naufragorum</strong></span> <span class='ocrx_word' id='word_1_425' title='bbox 1794 5306 1998 5364; x_wconf 86' lang='lat' dir='ltr'><strong>portus,</strong></span> 
     </span>
    </p>
   </div>
   <div class='ocr_carea' id='block_1_55' title="bbox 398 5377 2001 5451">
    <p class='ocr_par' dir='ltr' id='par_1_55' title="bbox 398 5377 2001 5451">
     <span class='ocr_line' id='line_1_55' title="bbox 398 5377 2001 5451; baseline 0.011 -25"><span class='ocrx_word' id='word_1_426' title='bbox 398 5377 764 5445; x_wconf 77' lang='lat' dir='ltr'><strong>proximorum</strong></span> <span class='ocrx_word' id='word_1_427' title='bbox 791 5392 1156 5451; x_wconf 82' lang='lat' dir='ltr'><strong>paupertatem</strong></span> <span class='ocrx_word' id='word_1_428' title='bbox 1184 5382 1491 5451; x_wconf 85' lang='lat' dir='ltr'><strong>sublevans,</strong></span> <span class='ocrx_word' id='word_1_429' title='bbox 1512 5396 1566 5440; x_wconf 93' lang='lat' dir='ltr'><strong>et</strong></span> <span class='ocrx_word' id='word_1_430' title='bbox 1590 5389 1777 5441; x_wconf 75' lang='lat' dir='ltr'><strong>alienis</strong></span> <span class='ocrx_word' id='word_1_431' title='bbox 1814 5404 2001 5444; x_wconf 83' lang='lat' dir='ltr'><strong>ncces-</strong></span> 
     </span>
    </p>
   </div>
   <div class='ocr_carea' id='block_1_56' title="bbox 396 5469 2004 5548">
    <p class='ocr_par' dir='ltr' id='par_1_56' title="bbox 396 5469 2004 5548">
     <span class='ocr_line' id='line_1_56' title="bbox 396 5469 2004 5548; baseline 0.007 -25"><span class='ocrx_word' id='word_1_432' title='bbox 396 5469 648 5523; x_wconf 82' lang='lat' dir='ltr'><strong>sitatihus</strong></span> <span class='ocrx_word' id='word_1_433' title='bbox 674 5488 1012 5527; x_wconf 83' lang='lat' dir='ltr'><strong>succurrens.</strong></span> <span class='ocrx_word' id='word_1_434' title='bbox 1040 5475 1304 5529; x_wconf 54' lang='lat' dir='ltr'><strong>(ludorum</strong></span> <span class='ocrx_word' id='word_1_435' title='bbox 1327 5492 1389 5530; x_wconf 80' lang='lat' dir='ltr'><strong>ex</strong></span> <span class='ocrx_word' id='word_1_436' title='bbox 1421 5477 1711 5534; x_wconf 80' lang='lat' dir='ltr'><strong>benefactis</strong></span> <span class='ocrx_word' id='word_1_437' title='bbox 1732 5498 2004 5548; x_wconf 71' lang='lat' dir='ltr'><strong>qttzt&#39;cmn-</strong></span> 
     </span>
    </p>
   </div>
   <div class='ocr_carea' id='block_1_57' title="bbox 396 5565 1999 5639">
    <p class='ocr_par' dir='ltr' id='par_1_57' title="bbox 396 5565 1999 5639">
     <span class='ocr_line' id='line_1_57' title="bbox 396 5565 1999 5639; baseline 0.008 -22"><span class='ocrx_word' id='word_1_438' title='bbox 396 5578 501 5633; x_wconf 80' lang='lat' dir='ltr'><strong>que</strong></span> <span class='ocrx_word' id='word_1_439' title='bbox 522 5565 585 5618; x_wconf 85' lang='lat' dir='ltr'><strong>ad</strong></span> <span class='ocrx_word' id='word_1_440' title='bbox 610 5566 835 5619; x_wconf 85' lang='lat' dir='ltr'><strong>aliorqu</strong></span> <span class='ocrx_word' id='word_1_441' title='bbox 856 5569 1137 5623; x_wconf 75' lang='lat' dir='ltr'><strong>utilitatem</strong></span> <span class='ocrx_word' id='word_1_442' title='bbox 1164 5572 1312 5635; x_wconf 89' lang='lat' dir='ltr'><strong>liunt,</strong></span> <span class='ocrx_word' id='word_1_443' title='bbox 1336 5586 1397 5623; x_wconf 85' lang='lat' dir='ltr'><strong>ea</strong></span> <span class='ocrx_word' id='word_1_444' title='bbox 1420 5573 1758 5639; x_wconf 66' lang='lat' dir='ltr'><strong>potissimum</strong></span> <span class='ocrx_word' id='word_1_445' title='bbox 1787 5575 1999 5629; x_wconf 69' lang='lat' dir='ltr'><strong>loUthllI</strong></span> 
     </span>
    </p>
   </div>
   <div class='ocr_carea' id='block_1_58' title="bbox 397 5658 925 5724">
    <p class='ocr_par' dir='ltr' id='par_1_58' title="bbox 397 5658 925 5724">
     <span class='ocr_line' id='line_1_58' title="bbox 397 5658 925 5724; baseline 0.015 -21"><span class='ocrx_word' id='word_1_446' title='bbox 397 5658 695 5724; x_wconf 83' lang='lat' dir='ltr'><strong>promereri</strong></span> <span class='ocrx_word' id='word_1_447' title='bbox 728 5660 925 5715; x_wconf 87' lang='lat' dir='ltr'><strong>solent.</strong></span> 
     </span>
    </p>
   </div>
   <div class='ocr_carea' id='block_1_59' title="bbox 469 5750 2001 5828">
    <p class='ocr_par' dir='ltr' id='par_1_59' title="bbox 469 5750 2001 5828">
     <span class='ocr_line' id='line_1_59' title="bbox 469 5750 2001 5828; baseline 0.008 -27"><span class='ocrx_word' id='word_1_448' title='bbox 469 5750 522 5803; x_wconf 82' lang='lat'><strong>7.</strong></span> <span class='ocrx_word' id='word_1_449' title='bbox 561 5750 688 5813; x_wconf 63' lang='lat' dir='ltr'><strong>Qut:</strong></span> <span class='ocrx_word' id='word_1_450' title='bbox 712 5761 965 5820; x_wconf 64' lang='lat' dir='ltr'><strong>prarcepta</strong></span> <span class='ocrx_word' id='word_1_451' title='bbox 990 5751 1099 5805; x_wconf 81' lang='lat' dir='ltr'><strong>Deo</strong></span> <span class='ocrx_word' id='word_1_452' title='bbox 1126 5769 1259 5807; x_wconf 75' lang='lat' dir='ltr'><strong>tunc</strong></span> <span class='ocrx_word' id='word_1_453' title='bbox 1285 5756 1383 5807; x_wconf 85' lang='lat' dir='ltr'><strong>sint</strong></span> <span class='ocrx_word' id='word_1_454' title='bbox 1412 5772 1516 5823; x_wconf 69' lang='lat' dir='ltr'><strong>prie</strong></span> <span class='ocrx_word' id='word_1_455' title='bbox 1542 5759 1753 5811; x_wconf 67' lang='lat' dir='ltr'><strong>arteria.</strong></span> <span class='ocrx_word' id='word_1_456' title='bbox 1784 5758 2001 5828; x_wconf 62' lang='lat' dir='ltr'><strong>Virgini-</strong></span> 
     </span>
    </p>
   </div>
   <div class='ocr_carea' id='block_1_60' title="bbox 397 5842 1998 5922">
    <p class='ocr_par' dir='ltr' id='par_1_60' title="bbox 397 5842 1998 5922">
     <span class='ocr_line' id='line_1_60' title="bbox 397 5842 1998 5922; baseline 0.009 -29"><span class='ocrx_word' id='word_1_457' title='bbox 397 5843 515 5895; x_wconf 77' lang='lat' dir='ltr'><strong>tatis</strong></span> <span class='ocrx_word' id='word_1_458' title='bbox 544 5842 785 5913; x_wconf 77' lang='lat' dir='ltr'><strong>dignitas.</strong></span> <span class='ocrx_word' id='word_1_459' title='bbox 812 5873 877 5881; x_wconf 76' lang='lat'><strong>--—</strong></span> <span class='ocrx_word' id='word_1_460' title='bbox 912 5843 976 5898; x_wconf 77' lang='lat' dir='ltr'><strong>Et</strong></span> <span class='ocrx_word' id='word_1_461' title='bbox 1008 5855 1063 5899; x_wconf 92' lang='lat' dir='ltr'><strong>ut</strong></span> <span class='ocrx_word' id='word_1_462' title='bbox 1094 5846 1228 5904; x_wconf 60' lang='lat' dir='ltr'><strong>scias</strong></span> <span class='ocrx_word' id='word_1_463' title='bbox 1262 5847 1380 5901; x_wconf 83' lang='lat' dir='ltr'><strong>talia</strong></span> <span class='ocrx_word' id='word_1_464' title='bbox 1411 5860 1672 5919; x_wconf 63' lang='lat' dir='ltr'><strong>[incoepta</strong></span> <span class='ocrx_word' id='word_1_465' title='bbox 1704 5867 1809 5922; x_wconf 81' lang='lat' dir='ltr'><strong>pre</strong></span> <span class='ocrx_word' id='word_1_466' title='bbox 1840 5862 1998 5908; x_wconf 60' lang='lat' dir='ltr'><strong>octe-</strong></span> 
     </span>
    </p>
   </div>
   <div class='ocr_carea' id='block_1_61' title="bbox 3604 397 3712 455">
    <p class='ocr_par' dir='ltr' id='par_1_61' title="bbox 3604 397 3712 455">
     <span class='ocr_line' id='line_1_61' title="bbox 3604 397 3712 455; baseline 0.046 -6"><span class='ocrx_word' id='word_1_467' title='bbox 3604 397 3712 455; x_wconf 66' lang='lat'><strong>978</strong></span> 
     </span>
    </p>
   </div>
   <div class='ocr_carea' id='block_1_62' title="bbox 2106 506 3714 579">
    <p class='ocr_par' dir='ltr' id='par_1_62' title="bbox 2106 506 3714 579">
     <span class='ocr_line' id='line_1_62' title="bbox 2106 506 3714 579; baseline -0.001 -14"><span class='ocrx_word' id='word_1_468' title='bbox 2106 510 2183 565; x_wconf 88' lang='lat' dir='ltr'><strong>ris</strong></span> <span class='ocrx_word' id='word_1_469' title='bbox 2212 510 2323 565; x_wconf 88' lang='lat' dir='ltr'><strong>Deo</strong></span> <span class='ocrx_word' id='word_1_470' title='bbox 2347 525 2491 565; x_wconf 72' lang='lat' dir='ltr'><strong>curm</strong></span> <span class='ocrx_word' id='word_1_471' title='bbox 2512 524 2634 565; x_wconf 90' lang='lat' dir='ltr'><strong>esse</strong></span> <span class='ocrx_word' id='word_1_472' title='bbox 2651 551 2665 573; x_wconf 86' lang='lat'><em>.</em></span> <span class='ocrx_word' id='word_1_473' title='bbox 2696 508 2766 565; x_wconf 89' lang='lat' dir='ltr'><strong>de</strong></span> <span class='ocrx_word' id='word_1_474' title='bbox 2788 506 2998 578; x_wconf 85' lang='lat' dir='ltr'><strong>jejunio</strong></span> <span class='ocrx_word' id='word_1_475' title='bbox 3024 516 3080 563; x_wconf 91' lang='lat' dir='ltr'><strong>et</strong></span> <span class='ocrx_word' id='word_1_476' title='bbox 3109 506 3414 579; x_wconf 59' lang='lat' dir='ltr'><strong>virginitate</strong></span> <span class='ocrx_word' id='word_1_477' title='bbox 3437 507 3714 566; x_wconf 89' lang='lat' dir='ltr'><strong>disserens</strong></span> 
     </span>
    </p>
   </div>
   <div class='ocr_carea' id='block_1_63' title="bbox 2102 600 3715 673">
    <p class='ocr_par' dir='ltr' id='par_1_63' title="bbox 2102 600 3715 673">
     <span class='ocr_line' id='line_1_63' title="bbox 2102 600 3715 673; baseline -0.001 -15"><span class='ocrx_word' id='word_1_478' title='bbox 2102 603 2251 673; x_wconf 81' lang='lat' dir='ltr'><strong>regni</strong></span> <span class='ocrx_word' id='word_1_479' title='bbox 2281 603 2536 658; x_wconf 73' lang='lat' dir='ltr'><strong>czelorum</strong></span> <span class='ocrx_word' id='word_1_480' title='bbox 2569 601 2813 658; x_wconf 87' lang='lat' dir='ltr'><strong>meminit</strong></span> <span class='ocrx_word' id='word_1_481' title='bbox 2842 618 2856 655; x_wconf 90' lang='lat'><strong>:</strong></span> <span class='ocrx_word' id='word_1_482' title='bbox 2892 601 2982 658; x_wconf 90' lang='lat' dir='ltr'><strong>ubi</strong></span> <span class='ocrx_word' id='word_1_483' title='bbox 3014 615 3144 657; x_wconf 91' lang='lat' dir='ltr'><strong>vero</strong></span> <span class='ocrx_word' id='word_1_484' title='bbox 3182 600 3251 655; x_wconf 91' lang='lat' dir='ltr'><strong>de</strong></span> <span class='ocrx_word' id='word_1_485' title='bbox 3289 601 3628 671; x_wconf 75' lang='lat' dir='ltr'><strong>eleemosyna</strong></span> <span class='ocrx_word' id='word_1_486' title='bbox 3659 612 3715 656; x_wconf 91' lang='lat' dir='ltr'><strong>et</strong></span> 
     </span>
    </p>
   </div>
   <div class='ocr_carea' id='block_1_64' title="bbox 2104 691 3713 765">
    <p class='ocr_par' dir='ltr' id='par_1_64' title="bbox 2104 691 3713 765">
     <span class='ocr_line' id='line_1_64' title="bbox 2104 691 3713 765; baseline -0.004 -15"><span class='ocrx_word' id='word_1_487' title='bbox 2104 695 2424 750; x_wconf 84' lang='lat' dir='ltr'><strong>liberalitate</strong></span> <span class='ocrx_word' id='word_1_488' title='bbox 2453 694 2598 765; x_wconf 89' lang='lat' dir='ltr'><strong>agit,</strong></span> <span class='ocrx_word' id='word_1_489' title='bbox 2630 704 2684 748; x_wconf 90' lang='lat' dir='ltr'><strong>et</strong></span> <span class='ocrx_word' id='word_1_490' title='bbox 2709 704 2767 749; x_wconf 90' lang='lat' dir='ltr'><strong>ut</strong></span> <span class='ocrx_word' id='word_1_491' title='bbox 2794 708 2893 748; x_wconf 88' lang='lat' dir='ltr'><strong>nos</strong></span> <span class='ocrx_word' id='word_1_492' title='bbox 2922 693 3303 748; x_wconf 88' lang='lat' dir='ltr'><strong>misericordes</strong></span> <span class='ocrx_word' id='word_1_493' title='bbox 3332 691 3713 757; x_wconf 78' lang='lat' dir='ltr'><strong>exhibeamus,</strong></span> 
     </span>
    </p>
   </div>
   <div class='ocr_carea' id='block_1_65' title="bbox 2104 784 3715 858">
    <p class='ocr_par' dir='ltr' id='par_1_65' title="bbox 2104 784 3715 858">
     <span class='ocr_line' id='line_1_65' title="bbox 2104 784 3715 858; baseline -0.003 -17"><span class='ocrx_word' id='word_1_494' title='bbox 2104 787 2367 858; x_wconf 70' lang='lat' dir='ltr'><strong>pra-cipit,</strong></span> <span class='ocrx_word' id='word_1_495' title='bbox 2400 786 2559 855; x_wconf 80' lang='lat' dir='ltr'><strong>longe</strong></span> <span class='ocrx_word' id='word_1_496' title='bbox 2584 786 2817 855; x_wconf 81' lang='lat' dir='ltr'><strong>amplius</strong></span> <span class='ocrx_word' id='word_1_497' title='bbox 2845 801 3007 856; x_wconf 87' lang='lat' dir='ltr'><strong>quam</strong></span> <span class='ocrx_word' id='word_1_498' title='bbox 3034 799 3258 855; x_wconf 85' lang='lat' dir='ltr'><strong>regnum</strong></span> <span class='ocrx_word' id='word_1_499' title='bbox 3290 784 3545 837; x_wconf 77' lang='lat' dir='ltr'><strong>ctelorum</strong></span> <span class='ocrx_word' id='word_1_500' title='bbox 3579 800 3715 852; x_wconf 75' lang='lat' dir='ltr'><strong>pra:-</strong></span> 
     </span>
    </p>
   </div>
   <div class='ocr_carea' id='block_1_66' title="bbox 2104 872 3714 949">
    <p class='ocr_par' dir='ltr' id='par_1_66' title="bbox 2104 872 3714 949">
     <span class='ocr_line' id='line_1_66' title="bbox 2104 872 3714 949; baseline -0.004 -17"><span class='ocrx_word' id='word_1_501' title='bbox 2104 879 2268 932; x_wconf 89' lang='lat' dir='ltr'><strong>minm</strong></span> <span class='ocrx_word' id='word_1_502' title='bbox 2292 878 2542 949; x_wconf 87' lang='lat' dir='ltr'><strong>preponit</strong></span> <span class='ocrx_word' id='word_1_503' title='bbox 2572 894 2587 931; x_wconf 88' lang='lat'><strong>:</strong></span> <span class='ocrx_word' id='word_1_504' title='bbox 2616 875 2687 932; x_wconf 84' lang='lat' dir='ltr'><strong>Ut</strong></span> <span class='ocrx_word' id='word_1_505' title='bbox 2712 877 2871 945; x_wconf 75' lang='lat' dir='ltr'><strong>ﬁalis,</strong></span> <span class='ocrx_word' id='word_1_506' title='bbox 2898 876 3090 947; x_wconf 87' lang='lat' dir='ltr'><strong>inqttit.</strong></span> <span class='ocrx_word' id='word_1_507' title='bbox 3117 876 3310 930; x_wconf 81' lang='lat' dir='ltr'><strong>similes</strong></span> <span class='ocrx_word' id='word_1_508' title='bbox 3340 872 3513 929; x_wconf 78' lang='lat' dir='ltr'><strong>Patris</strong></span> <span class='ocrx_word' id='word_1_509' title='bbox 3541 875 3714 936; x_wconf 70' lang='lat' dir='ltr'><strong>vestri,</strong></span> 
     </span>
    </p>
   </div>
   <div class='ocr_carea' id='block_1_67' title="bbox 2103 968 3715 1040">
    <p class='ocr_par' dir='ltr' id='par_1_67' title="bbox 2103 968 3715 1040">
     <span class='ocr_line' id='line_1_67' title="bbox 2103 968 3715 1040; baseline -0.001 -17"><span class='ocrx_word' id='word_1_510' title='bbox 2103 972 2191 1040; x_wconf 84' lang='lat' dir='ltr'><strong>qui</strong></span> <span class='ocrx_word' id='word_1_511' title='bbox 2215 973 2267 1025; x_wconf 86' lang='lat' dir='ltr'><strong>in</strong></span> <span class='ocrx_word' id='word_1_512' title='bbox 2294 974 2432 1026; x_wconf 73' lang='lat' dir='ltr'><strong>ralis</strong></span> <span class='ocrx_word' id='word_1_513' title='bbox 2459 981 2531 1025; x_wconf 77' lang='lat' dir='ltr'><strong>est</strong></span> <span class='ocrx_word' id='word_1_514' title='bbox 2562 970 2778 1039; x_wconf 73' lang='lat' dir='ltr'><strong>(Matth.</strong></span> <span class='ocrx_word' id='word_1_515' title='bbox 2810 970 2866 1025; x_wconf 86' lang='lat'><strong>5.</strong></span> <span class='ocrx_word' id='word_1_516' title='bbox 2895 970 3012 1036; x_wconf 69' lang='lat'><strong>45).</strong></span> <span class='ocrx_word' id='word_1_517' title='bbox 3064 969 3173 1024; x_wconf 73' lang='lat' dir='ltr'><strong>Illae</strong></span> <span class='ocrx_word' id='word_1_518' title='bbox 3202 970 3349 1024; x_wconf 87' lang='lat' dir='ltr'><strong>enim</strong></span> <span class='ocrx_word' id='word_1_519' title='bbox 3378 968 3715 1038; x_wconf 87' lang='lat' dir='ltr'><strong>potissimum</strong></span> 
     </span>
    </p>
   </div>
   <div class='ocr_carea' id='block_1_68' title="bbox 2106 1061 3716 1132">
    <p class='ocr_par' dir='ltr' id='par_1_68' title="bbox 2106 1061 3716 1132">
     <span class='ocr_line' id='line_1_68' title="bbox 2106 1061 3716 1132; baseline -0.001 -15"><span class='ocrx_word' id='word_1_520' title='bbox 2106 1063 2252 1132; x_wconf 77' lang='lat' dir='ltr'><strong>leges</strong></span> <span class='ocrx_word' id='word_1_521' title='bbox 2287 1063 2559 1118; x_wconf 89' lang='lat' dir='ltr'><strong>hominem</strong></span> <span class='ocrx_word' id='word_1_522' title='bbox 2603 1064 2836 1117; x_wconf 90' lang='lat' dir='ltr'><strong>similem</strong></span> <span class='ocrx_word' id='word_1_523' title='bbox 2883 1063 2992 1117; x_wconf 76' lang='lat' dir='ltr'><strong>lleo</strong></span> <span class='ocrx_word' id='word_1_524' title='bbox 3035 1061 3286 1125; x_wconf 88' lang='lat' dir='ltr'><strong>reddunt,</strong></span> <span class='ocrx_word' id='word_1_525' title='bbox 3318 1072 3580 1129; x_wconf 83' lang='lat' dir='ltr'><strong>quatenus</strong></span> <span class='ocrx_word' id='word_1_526' title='bbox 3606 1061 3716 1115; x_wconf 80' lang='lat' dir='ltr'><strong>Deo</strong></span> 
     </span>
    </p>
   </div>
   <div class='ocr_carea' id='block_1_69' title="bbox 2104 1151 3715 1223">
    <p class='ocr_par' dir='ltr' id='par_1_69' title="bbox 2104 1151 3715 1223">
     <span class='ocr_line' id='line_1_69' title="bbox 2104 1151 3715 1223; baseline 0 -17"><span class='ocrx_word' id='word_1_527' title='bbox 2104 1154 2335 1209; x_wconf 85' lang='lat' dir='ltr'><strong>similem</strong></span> <span class='ocrx_word' id='word_1_528' title='bbox 2378 1155 2491 1209; x_wconf 87' lang='lat' dir='ltr'><strong>fieri</strong></span> <span class='ocrx_word' id='word_1_529' title='bbox 2532 1155 2805 1209; x_wconf 82' lang='lat' dir='ltr'><strong>hominem</strong></span> <span class='ocrx_word' id='word_1_530' title='bbox 2849 1153 2992 1215; x_wconf 85' lang='lat' dir='ltr'><strong>licet,</strong></span> <span class='ocrx_word' id='word_1_531' title='bbox 3025 1168 3147 1223; x_wconf 87' lang='lat' dir='ltr'><strong>qu:e</strong></span> <span class='ocrx_word' id='word_1_532' title='bbox 3172 1153 3239 1206; x_wconf 85' lang='lat' dir='ltr'><strong>ad</strong></span> <span class='ocrx_word' id='word_1_533' title='bbox 3273 1151 3538 1221; x_wconf 89' lang='lat' dir='ltr'><strong>publicam</strong></span> <span class='ocrx_word' id='word_1_534' title='bbox 3572 1151 3715 1206; x_wconf 89' lang='lat' dir='ltr'><strong>utili-</strong></span> 
     </span>
    </p>
   </div>
   <div class='ocr_carea' id='block_1_70' title="bbox 2106 1241 3718 1316">
    <p class='ocr_par' dir='ltr' id='par_1_70' title="bbox 2106 1241 3718 1316">
     <span class='ocr_line' id='line_1_70' title="bbox 2106 1241 3718 1316; baseline -0.004 -15"><span class='ocrx_word' id='word_1_535' title='bbox 2106 1254 2270 1301; x_wconf 86' lang='lat' dir='ltr'><strong>tatem</strong></span> <span class='ocrx_word' id='word_1_536' title='bbox 2304 1246 2525 1302; x_wconf 87' lang='lat' dir='ltr'><strong>faciunt.</strong></span> <span class='ocrx_word' id='word_1_537' title='bbox 2558 1246 2623 1299; x_wconf 82' lang='lat' dir='ltr'><strong>Et</strong></span> <span class='ocrx_word' id='word_1_538' title='bbox 2646 1245 2749 1301; x_wconf 88' lang='lat' dir='ltr'><strong>hoc</strong></span> <span class='ocrx_word' id='word_1_539' title='bbox 2770 1244 3078 1316; x_wconf 72' lang='lat' dir='ltr'><strong>significans</strong></span> <span class='ocrx_word' id='word_1_540' title='bbox 3108 1242 3355 1299; x_wconf 83' lang='lat' dir='ltr'><strong>Christus</strong></span> <span class='ocrx_word' id='word_1_541' title='bbox 3374 1243 3507 1300; x_wconf 83' lang='lat' dir='ltr'><strong>dicit</strong></span> <span class='ocrx_word' id='word_1_542' title='bbox 3538 1261 3553 1298; x_wconf 88' lang='lat'><strong>:</strong></span> <span class='ocrx_word' id='word_1_543' title='bbox 3584 1241 3718 1309; x_wconf 82' lang='lat' dir='ltr'><strong>Quia</strong></span> 
     </span>
    </p>
   </div>
   <div class='ocr_carea' id='block_1_71' title="bbox 2104 1333 3719 1407">
    <p class='ocr_par' dir='ltr' id='par_1_71' title="bbox 2104 1333 3719 1407">
     <span class='ocr_line' id='line_1_71' title="bbox 2104 1333 3719 1407; baseline -0.004 -14"><span class='ocrx_word' id='word_1_544' title='bbox 2104 1340 2262 1393; x_wconf 78' lang='lat' dir='ltr'><strong>solem</strong></span> <span class='ocrx_word' id='word_1_545' title='bbox 2303 1356 2453 1393; x_wconf 74' lang='lat' dir='ltr'><strong>suam</strong></span> <span class='ocrx_word' id='word_1_546' title='bbox 2498 1338 2621 1392; x_wconf 85' lang='lat' dir='ltr'><strong>oriri</strong></span> <span class='ocrx_word' id='word_1_547' title='bbox 2664 1338 2786 1407; x_wconf 78' lang='lat' dir='ltr'><strong>facit</strong></span> <span class='ocrx_word' id='word_1_548' title='bbox 2825 1354 2979 1406; x_wconf 68' lang='lat' dir='ltr'><strong>super</strong></span> <span class='ocrx_word' id='word_1_549' title='bbox 3018 1338 3175 1391; x_wconf 89' lang='lat' dir='ltr'><strong>bonos</strong></span> <span class='ocrx_word' id='word_1_550' title='bbox 3200 1353 3262 1389; x_wconf 82' lang='lat' dir='ltr'><strong>ac</strong></span> <span class='ocrx_word' id='word_1_551' title='bbox 3290 1337 3485 1397; x_wconf 86' lang='lat' dir='ltr'><strong>malos,</strong></span> <span class='ocrx_word' id='word_1_552' title='bbox 3512 1345 3559 1389; x_wconf 79' lang='lat' dir='ltr'><strong>cl</strong></span> <span class='ocrx_word' id='word_1_553' title='bbox 3587 1333 3719 1405; x_wconf 76' lang='lat' dir='ltr'><strong>pluit</strong></span> 
     </span>
    </p>
   </div>
   <div class='ocr_carea' id='block_1_72' title="bbox 2104 1427 3719 1503">
    <p class='ocr_par' dir='ltr' id='par_1_72' title="bbox 2104 1427 3719 1503">
     <span class='ocr_line' id='line_1_72' title="bbox 2104 1427 3719 1503; baseline -0.004 -18"><span class='ocrx_word' id='word_1_554' title='bbox 2104 1448 2258 1501; x_wconf 82' lang='lat' dir='ltr'><strong>super</strong></span> <span class='ocrx_word' id='word_1_555' title='bbox 2272 1432 2445 1503; x_wconf 74' lang='lat' dir='ltr'><strong>justas</strong></span> <span class='ocrx_word' id='word_1_556' title='bbox 2467 1447 2528 1483; x_wconf 86' lang='lat' dir='ltr'><strong>ac</strong></span> <span class='ocrx_word' id='word_1_557' title='bbox 2553 1431 2791 1502; x_wconf 78' lang='lat' dir='ltr'><strong>injustas.</strong></span> <span class='ocrx_word' id='word_1_558' title='bbox 2840 1429 2913 1483; x_wconf 90' lang='lat' dir='ltr'><strong>lla</strong></span> <span class='ocrx_word' id='word_1_559' title='bbox 2946 1444 3043 1483; x_wconf 86' lang='lat' dir='ltr'><strong>vos</strong></span> <span class='ocrx_word' id='word_1_560' title='bbox 3077 1443 3291 1498; x_wconf 89' lang='lat' dir='ltr'><strong>quoque</strong></span> <span class='ocrx_word' id='word_1_561' title='bbox 3320 1443 3418 1497; x_wconf 87' lang='lat' dir='ltr'><strong>pro</strong></span> <span class='ocrx_word' id='word_1_562' title='bbox 3446 1442 3540 1482; x_wconf 91' lang='lat' dir='ltr'><strong>sua</strong></span> <span class='ocrx_word' id='word_1_563' title='bbox 3567 1427 3719 1497; x_wconf 73' lang='lat' dir='ltr'><strong>quis~</strong></span> 
     </span>
    </p>
   </div>
   <div class='ocr_carea' id='block_1_73' title="bbox 2104 1519 3719 1594">
    <p class='ocr_par' dir='ltr' id='par_1_73' title="bbox 2104 1519 3719 1594">
     <span class='ocr_line' id='line_1_73' title="bbox 2104 1519 3719 1594; baseline -0.002 -18"><span class='ocrx_word' id='word_1_564' title='bbox 2104 1539 2210 1594; x_wconf 88' lang='lat' dir='ltr'><strong>que</strong></span> <span class='ocrx_word' id='word_1_565' title='bbox 2236 1524 2372 1577; x_wconf 90' lang='lat' dir='ltr'><strong>virili</strong></span> <span class='ocrx_word' id='word_1_566' title='bbox 2403 1522 2745 1576; x_wconf 74' lang='lat' dir='ltr'><strong>facultatibus</strong></span> <span class='ocrx_word' id='word_1_567' title='bbox 2778 1522 2976 1575; x_wconf 82' lang='lat' dir='ltr'><strong>vestris</strong></span> <span class='ocrx_word' id='word_1_568' title='bbox 3018 1521 3069 1574; x_wconf 90' lang='lat' dir='ltr'><strong>in</strong></span> <span class='ocrx_word' id='word_1_569' title='bbox 3109 1534 3453 1576; x_wconf 83' lang='lat' dir='ltr'><strong>communem</strong></span> <span class='ocrx_word' id='word_1_570' title='bbox 3494 1519 3719 1574; x_wconf 91' lang='lat' dir='ltr'><strong>fratrum</strong></span> 
     </span>
    </p>
   </div>
   <div class='ocr_carea' id='block_1_74' title="bbox 2107 1611 3721 1682">
    <p class='ocr_par' dir='ltr' id='par_1_74' title="bbox 2107 1611 3721 1682">
     <span class='ocr_line' id='line_1_74' title="bbox 2107 1611 3721 1682; baseline -0.001 -16"><span class='ocrx_word' id='word_1_571' title='bbox 2107 1615 2390 1668; x_wconf 89' lang='lat' dir='ltr'><strong>utilitatem</strong></span> <span class='ocrx_word' id='word_1_572' title='bbox 2422 1613 2655 1678; x_wconf 89' lang='lat' dir='ltr'><strong>utendo,</strong></span> <span class='ocrx_word' id='word_1_573' title='bbox 2698 1612 2980 1666; x_wconf 90' lang='lat' dir='ltr'><strong>imitamini</strong></span> <span class='ocrx_word' id='word_1_574' title='bbox 3014 1626 3139 1667; x_wconf 89' lang='lat' dir='ltr'><strong>eum</strong></span> <span class='ocrx_word' id='word_1_575' title='bbox 3165 1612 3254 1682; x_wconf 90' lang='lat' dir='ltr'><strong>qui</strong></span> <span class='ocrx_word' id='word_1_576' title='bbox 3285 1611 3423 1665; x_wconf 89' lang='lat' dir='ltr'><strong>bona</strong></span> <span class='ocrx_word' id='word_1_577' title='bbox 3458 1626 3552 1666; x_wconf 87' lang='lat' dir='ltr'><strong>sua</strong></span> <span class='ocrx_word' id='word_1_578' title='bbox 3590 1626 3721 1681; x_wconf 82' lang='lat' dir='ltr'><strong>pro-</strong></span> 
     </span>
    </p>
   </div>
   <div class='ocr_carea' id='block_1_75' title="bbox 2109 1701 3719 1773">
    <p class='ocr_par' dir='ltr' id='par_1_75' title="bbox 2109 1701 3719 1773">
     <span class='ocr_line' id='line_1_75' title="bbox 2109 1701 3719 1773; baseline 0.002 -21"><span class='ocrx_word' id='word_1_579' title='bbox 2109 1706 2256 1773; x_wconf 80' lang='lat' dir='ltr'><strong>ponit</strong></span> <span class='ocrx_word' id='word_1_580' title='bbox 2278 1720 2346 1758; x_wconf 81' lang='lat' dir='ltr'><strong>ex</strong></span> <span class='ocrx_word' id='word_1_581' title='bbox 2372 1719 2531 1773; x_wconf 78' lang='lat' dir='ltr'><strong>tequo</strong></span> <span class='ocrx_word' id='word_1_582' title='bbox 2550 1702 2823 1757; x_wconf 87' lang='lat' dir='ltr'><strong>munibus.</strong></span> <span class='ocrx_word' id='word_1_583' title='bbox 2861 1701 3054 1772; x_wconf 81' lang='lat' dir='ltr'><strong>lugens</strong></span> <span class='ocrx_word' id='word_1_584' title='bbox 3078 1711 3164 1757; x_wconf 87' lang='lat' dir='ltr'><strong>est</strong></span> <span class='ocrx_word' id='word_1_585' title='bbox 3190 1701 3511 1772; x_wconf 84' lang='lat' dir='ltr'><strong>virginitatis</strong></span> <span class='ocrx_word' id='word_1_586' title='bbox 3539 1703 3719 1773; x_wconf 86' lang='lat' dir='ltr'><strong>digni-</strong></span> 
     </span>
    </p>
   </div>
   <div class='ocr_carea' id='block_1_76' title="bbox 2107 1795 3719 1868">
    <p class='ocr_par' dir='ltr' id='par_1_76' title="bbox 2107 1795 3719 1868">
     <span class='ocr_line' id='line_1_76' title="bbox 2107 1795 3719 1868; baseline -0.001 -17"><span class='ocrx_word' id='word_1_587' title='bbox 2107 1807 2209 1864; x_wconf 64' lang='lat' dir='ltr'><strong>us,</strong></span> <span class='ocrx_word' id='word_1_588' title='bbox 2243 1797 2471 1868; x_wconf 89' lang='lat' dir='ltr'><strong>ideoque</strong></span> <span class='ocrx_word' id='word_1_589' title='bbox 2499 1798 2645 1850; x_wconf 93' lang='lat' dir='ltr'><strong>illam</strong></span> <span class='ocrx_word' id='word_1_590' title='bbox 2674 1795 2966 1849; x_wconf 89' lang='lat' dir='ltr'><strong>admodum</strong></span> <span class='ocrx_word' id='word_1_591' title='bbox 2992 1796 3100 1851; x_wconf 91' lang='lat' dir='ltr'><strong>coli</strong></span> <span class='ocrx_word' id='word_1_592' title='bbox 3140 1805 3195 1850; x_wconf 90' lang='lat' dir='ltr'><strong>et</strong></span> <span class='ocrx_word' id='word_1_593' title='bbox 3234 1795 3495 1851; x_wconf 85' lang='lat' dir='ltr'><strong>celebrari</strong></span> <span class='ocrx_word' id='word_1_594' title='bbox 3535 1796 3719 1865; x_wconf 87' lang='lat' dir='ltr'><strong>cupio.</strong></span> 
     </span>
    </p>
   </div>
   <div class='ocr_carea' id='block_1_77' title="bbox 2109 1890 3719 1963">
    <p class='ocr_par' dir='ltr' id='par_1_77' title="bbox 2109 1890 3719 1963">
     <span class='ocr_line' id='line_1_77' title="bbox 2109 1890 3719 1963; baseline -0.003 -16"><span class='ocrx_word' id='word_1_595' title='bbox 2109 1892 2203 1947; x_wconf 81' lang='lat' dir='ltr'><strong>Est</strong></span> <span class='ocrx_word' id='word_1_596' title='bbox 2238 1894 2382 1948; x_wconf 88' lang='lat' dir='ltr'><strong>enim</strong></span> <span class='ocrx_word' id='word_1_597' title='bbox 2418 1892 2650 1963; x_wconf 86' lang='lat' dir='ltr'><strong>dignitas</strong></span> <span class='ocrx_word' id='word_1_598' title='bbox 2678 1892 3017 1963; x_wconf 84' lang='lat' dir='ltr'><strong>virginitatis,</strong></span> <span class='ocrx_word' id='word_1_599' title='bbox 3053 1906 3158 1945; x_wconf 89' lang='lat' dir='ltr'><strong>non</strong></span> <span class='ocrx_word' id='word_1_600' title='bbox 3184 1891 3359 1946; x_wconf 86' lang='lat' dir='ltr'><strong>solum</strong></span> <span class='ocrx_word' id='word_1_601' title='bbox 3398 1890 3719 1945; x_wconf 66' lang='lat' dir='ltr'><strong>abstineres</strong></span> 
     </span>
    </p>
   </div>
   <div class='ocr_carea' id='block_1_78' title="bbox 2108 1982 3721 2053">
    <p class='ocr_par' dir='ltr' id='par_1_78' title="bbox 2108 1982 3721 2053">
     <span class='ocr_line' id='line_1_78' title="bbox 2108 1982 3721 2053; baseline -0.001 -16"><span class='ocrx_word' id='word_1_602' title='bbox 2108 1984 2347 2053; x_wconf 67' lang='lat' dir='ltr'><strong>nuptiis,</strong></span> <span class='ocrx_word' id='word_1_603' title='bbox 2394 2000 2580 2038; x_wconf 89' lang='lat' dir='ltr'><strong>vermn</strong></span> <span class='ocrx_word' id='word_1_604' title='bbox 2625 1985 2787 2038; x_wconf 88' lang='lat' dir='ltr'><strong>etiam</strong></span> <span class='ocrx_word' id='word_1_605' title='bbox 2835 1984 3127 2053; x_wconf 88' lang='lat' dir='ltr'><strong>benignum</strong></span> <span class='ocrx_word' id='word_1_606' title='bbox 3178 1996 3340 2049; x_wconf 77' lang='lat' dir='ltr'><strong>esse,</strong></span> <span class='ocrx_word' id='word_1_607' title='bbox 3392 1991 3447 2036; x_wconf 92' lang='lat' dir='ltr'><strong>et</strong></span> <span class='ocrx_word' id='word_1_608' title='bbox 3496 1982 3721 2036; x_wconf 77' lang='lat' dir='ltr'><strong>fratrum</strong></span> 
     </span>
    </p>
   </div>
   <div class='ocr_carea' id='block_1_79' title="bbox 2105 2073 3721 2144">
    <p class='ocr_par' dir='ltr' id='par_1_79' title="bbox 2105 2073 3721 2144">
     <span class='ocr_line' id='line_1_79' title="bbox 2105 2073 3721 2144; baseline -0.002 -15"><span class='ocrx_word' id='word_1_609' title='bbox 2105 2087 2399 2140; x_wconf 88' lang='lat' dir='ltr'><strong>amantem,</strong></span> <span class='ocrx_word' id='word_1_610' title='bbox 2423 2085 2477 2129; x_wconf 92' lang='lat' dir='ltr'><strong>et</strong></span> <span class='ocrx_word' id='word_1_611' title='bbox 2509 2090 2735 2144; x_wconf 88' lang='lat' dir='ltr'><strong>pronum</strong></span> <span class='ocrx_word' id='word_1_612' title='bbox 2758 2074 2824 2128; x_wconf 85' lang='lat' dir='ltr'><strong>ad</strong></span> <span class='ocrx_word' id='word_1_613' title='bbox 2854 2074 3551 2141; x_wconf 77' lang='lat' dir='ltr'><strong>comniiserationein.Qita:</strong></span> <span class='ocrx_word' id='word_1_614' title='bbox 3575 2073 3721 2129; x_wconf 89' lang='lat' dir='ltr'><strong>enim</strong></span> 
     </span>
    </p>
   </div>
   <div class='ocr_carea' id='block_1_80' title="bbox 2106 2164 3723 2237">
    <p class='ocr_par' dir='ltr' id='par_1_80' title="bbox 2106 2164 3723 2237">
     <span class='ocr_line' id='line_1_80' title="bbox 2106 2164 3723 2237; baseline -0.003 -15"><span class='ocrx_word' id='word_1_615' title='bbox 2106 2178 2190 2222; x_wconf 90' lang='lat' dir='ltr'><strong>cst</strong></span> <span class='ocrx_word' id='word_1_616' title='bbox 2221 2167 2429 2221; x_wconf 88' lang='lat' dir='ltr'><strong>utilitas</strong></span> <span class='ocrx_word' id='word_1_617' title='bbox 2452 2167 2777 2237; x_wconf 88' lang='lat' dir='ltr'><strong>virginitatis</strong></span> <span class='ocrx_word' id='word_1_618' title='bbox 2803 2181 2925 2219; x_wconf 90' lang='lat' dir='ltr'><strong>cum</strong></span> <span class='ocrx_word' id='word_1_619' title='bbox 2953 2164 3313 2220; x_wconf 82' lang='lat' dir='ltr'><strong>crudelitate?</strong></span> <span class='ocrx_word' id='word_1_620' title='bbox 3338 2164 3465 2234; x_wconf 92' lang='lat' dir='ltr'><strong>quid</strong></span> <span class='ocrx_word' id='word_1_621' title='bbox 3495 2164 3627 2219; x_wconf 87' lang='lat' dir='ltr'><strong>lucri</strong></span> <span class='ocrx_word' id='word_1_622' title='bbox 3654 2178 3723 2218; x_wconf 75' lang='lat' dir='ltr'><strong>ex</strong></span> 
     </span>
    </p>
   </div>
   <div class='ocr_carea' id='block_1_81' title="bbox 2109 2255 3724 2331">
    <p class='ocr_par' dir='ltr' id='par_1_81' title="bbox 2109 2255 3724 2331">
     <span class='ocr_line' id='line_1_81' title="bbox 2109 2255 3724 2331; baseline -0.002 -19"><span class='ocrx_word' id='word_1_623' title='bbox 2109 2260 2464 2331; x_wconf 84' lang='lat' dir='ltr'><strong>temperantia</strong></span> <span class='ocrx_word' id='word_1_624' title='bbox 2514 2275 2635 2314; x_wconf 88' lang='lat' dir='ltr'><strong>cum</strong></span> <span class='ocrx_word' id='word_1_625' title='bbox 2684 2257 3078 2313; x_wconf 80' lang='lat' dir='ltr'><strong>inhumanitate</strong></span> <span class='ocrx_word' id='word_1_626' title='bbox 3121 2256 3451 2326; x_wconf 74' lang='lat' dir='ltr'><strong>conjuncta?</strong></span> <span class='ocrx_word' id='word_1_627' title='bbox 3498 2255 3615 2310; x_wconf 80' lang='lat' dir='ltr'><strong>Non</strong></span> <span class='ocrx_word' id='word_1_628' title='bbox 3662 2269 3724 2309; x_wconf 86' lang='lat' dir='ltr'><strong>es</strong></span> 
     </span>
    </p>
   </div>
   <div class='ocr_carea' id='block_1_82' title="bbox 2106 2345 3724 2423">
    <p class='ocr_par' dir='ltr' id='par_1_82' title="bbox 2106 2345 3724 2423">
     <span class='ocr_line' id='line_1_82' title="bbox 2106 2345 3724 2423; baseline -0.006 -14"><span class='ocrx_word' id='word_1_629' title='bbox 2106 2364 2261 2423; x_wconf 88' lang='lat' dir='ltr'><strong>capta</strong></span> <span class='ocrx_word' id='word_1_630' title='bbox 2289 2368 2579 2423; x_wconf 89' lang='lat' dir='ltr'><strong>corporum</strong></span> <span class='ocrx_word' id='word_1_631' title='bbox 2612 2349 3073 2422; x_wconf 87' lang='lat' dir='ltr'><strong>concupiscentia,</strong></span> <span class='ocrx_word' id='word_1_632' title='bbox 3108 2348 3203 2403; x_wconf 87' lang='lat' dir='ltr'><strong>sed</strong></span> <span class='ocrx_word' id='word_1_633' title='bbox 3231 2357 3385 2419; x_wconf 86' lang='lat' dir='ltr'><strong>capta</strong></span> <span class='ocrx_word' id='word_1_634' title='bbox 3416 2361 3477 2403; x_wconf 88' lang='lat' dir='ltr'><strong>es</strong></span> <span class='ocrx_word' id='word_1_635' title='bbox 3510 2345 3724 2416; x_wconf 88' lang='lat' dir='ltr'><strong>cupidi-</strong></span> 
     </span>
    </p>
   </div>
   <div class='ocr_carea' id='block_1_83' title="bbox 2111 2439 3719 2516">
    <p class='ocr_par' dir='ltr' id='par_1_83' title="bbox 2111 2439 3719 2516">
     <span class='ocr_line' id='line_1_83' title="bbox 2111 2439 3719 2516; baseline -0.006 -15"><span class='ocrx_word' id='word_1_636' title='bbox 2111 2456 2219 2501; x_wconf 86' lang='lat' dir='ltr'><strong>tate</strong></span> <span class='ocrx_word' id='word_1_637' title='bbox 2248 2445 2597 2516; x_wconf 82' lang='lat' dir='ltr'><strong>pecuniarum</strong></span> <span class='ocrx_word' id='word_1_638' title='bbox 2631 2459 2779 2501; x_wconf 88' lang='lat' dir='ltr'><strong>:oou</strong></span> <span class='ocrx_word' id='word_1_639' title='bbox 2824 2458 2886 2498; x_wconf 86' lang='lat' dir='ltr'><strong>es</strong></span> <span class='ocrx_word' id='word_1_640' title='bbox 2926 2442 3188 2496; x_wconf 86' lang='lat' dir='ltr'><strong>admirata</strong></span> <span class='ocrx_word' id='word_1_641' title='bbox 3227 2441 3460 2496; x_wconf 91' lang='lat' dir='ltr'><strong>hominis</strong></span> <span class='ocrx_word' id='word_1_642' title='bbox 3506 2439 3719 2505; x_wconf 76' lang='lat' dir='ltr'><strong>faciem,</strong></span> 
     </span>
    </p>
   </div>
   <div class='ocr_carea' id='block_1_84' title="bbox 2108 2530 3721 2605">
    <p class='ocr_par' dir='ltr' id='par_1_84' title="bbox 2108 2530 3721 2605">
     <span class='ocr_line' id='line_1_84' title="bbox 2108 2530 3721 2605; baseline -0.006 -12"><span class='ocrx_word' id='word_1_643' title='bbox 2108 2538 2203 2593; x_wconf 83' lang='lat' dir='ltr'><strong>sed</strong></span> <span class='ocrx_word' id='word_1_644' title='bbox 2229 2537 2490 2592; x_wconf 88' lang='lat' dir='ltr'><strong>admirata</strong></span> <span class='ocrx_word' id='word_1_645' title='bbox 2534 2552 2594 2591; x_wconf 88' lang='lat' dir='ltr'><strong>es</strong></span> <span class='ocrx_word' id='word_1_646' title='bbox 2636 2536 2753 2590; x_wconf 89' lang='lat' dir='ltr'><strong>auri</strong></span> <span class='ocrx_word' id='word_1_647' title='bbox 2795 2534 3250 2605; x_wconf 88' lang='lat' dir='ltr'><strong>pulchritudinem</strong></span> <span class='ocrx_word' id='word_1_648' title='bbox 3286 2552 3299 2588; x_wconf 91' lang='lat'><strong>:</strong></span> <span class='ocrx_word' id='word_1_649' title='bbox 3333 2534 3591 2601; x_wconf 87' lang='lat' dir='ltr'><strong>majorem</strong></span> <span class='ocrx_word' id='word_1_650' title='bbox 3621 2530 3721 2585; x_wconf 91' lang='lat' dir='ltr'><strong>ad-</strong></span> 
     </span>
    </p>
   </div>
   <div class='ocr_carea' id='block_1_85' title="bbox 2108 2623 3723 2691">
    <p class='ocr_par' dir='ltr' id='par_1_85' title="bbox 2108 2623 3723 2691">
     <span class='ocr_line' id='line_1_85' title="bbox 2108 2623 3723 2691; baseline -0.006 -9"><span class='ocrx_word' id='word_1_651' title='bbox 2108 2630 2403 2685; x_wconf 75' lang='lat' dir='ltr'><strong>verSarium</strong></span> <span class='ocrx_word' id='word_1_652' title='bbox 2436 2629 2638 2691; x_wconf 79' lang='lat' dir='ltr'><strong>vicisti,</strong></span> <span class='ocrx_word' id='word_1_653' title='bbox 2671 2626 2767 2682; x_wconf 89' lang='lat' dir='ltr'><strong>sed</strong></span> <span class='ocrx_word' id='word_1_654' title='bbox 2805 2625 2999 2679; x_wconf 87' lang='lat' dir='ltr'><strong>tninori</strong></span> <span class='ocrx_word' id='word_1_655' title='bbox 3044 2634 3099 2678; x_wconf 89' lang='lat' dir='ltr'><strong>et</strong></span> <span class='ocrx_word' id='word_1_656' title='bbox 3146 2623 3484 2679; x_wconf 84' lang='lat' dir='ltr'><strong>imbccdliori</strong></span> <span class='ocrx_word' id='word_1_657' title='bbox 3530 2637 3723 2677; x_wconf 86' lang='lat' dir='ltr'><strong>succu-</strong></span> 
     </span>
    </p>
   </div>
   <div class='ocr_carea' id='block_1_86' title="bbox 2110 2714 3722 2791">
    <p class='ocr_par' dir='ltr' id='par_1_86' title="bbox 2110 2714 3722 2791">
     <span class='ocr_line' id='line_1_86' title="bbox 2110 2714 3722 2791; baseline -0.006 -16"><span class='ocrx_word' id='word_1_658' title='bbox 2110 2722 2288 2776; x_wconf 85' lang='lat' dir='ltr'><strong>buisti.</strong></span> <span class='ocrx_word' id='word_1_659' title='bbox 2343 2723 2519 2791; x_wconf 82' lang='lat' dir='ltr'><strong>Atque</strong></span> <span class='ocrx_word' id='word_1_660' title='bbox 2560 2720 2681 2775; x_wconf 89' lang='lat' dir='ltr'><strong>ideo</strong></span> <span class='ocrx_word' id='word_1_661' title='bbox 2728 2717 2937 2788; x_wconf 89' lang='lat' dir='ltr'><strong>turpius</strong></span> <span class='ocrx_word' id='word_1_662' title='bbox 2981 2717 3119 2772; x_wconf 88' lang='lat' dir='ltr'><strong>vieta</strong></span> <span class='ocrx_word' id='word_1_663' title='bbox 3163 2732 3259 2781; x_wconf 87' lang='lat' dir='ltr'><strong>es;</strong></span> <span class='ocrx_word' id='word_1_664' title='bbox 3309 2715 3430 2772; x_wconf 89' lang='lat' dir='ltr'><strong>ideo</strong></span> <span class='ocrx_word' id='word_1_665' title='bbox 3470 2732 3539 2769; x_wconf 90' lang='lat' dir='ltr'><strong>ne</strong></span> <span class='ocrx_word' id='word_1_666' title='bbox 3568 2714 3722 2768; x_wconf 69' lang='lat' dir='ltr'><strong>venia</strong></span> 
     </span>
    </p>
   </div>
   <div class='ocr_carea' id='block_1_87' title="bbox 2106 2806 3726 2883">
    <p class='ocr_par' dir='ltr' id='par_1_87' title="bbox 2106 2806 3726 2883">
     <span class='ocr_line' id='line_1_87' title="bbox 2106 2806 3726 2883; baseline -0.004 -19"><span class='ocrx_word' id='word_1_667' title='bbox 2106 2812 2324 2883; x_wconf 85' lang='lat' dir='ltr'><strong>quidem</strong></span> <span class='ocrx_word' id='word_1_668' title='bbox 2352 2812 2512 2883; x_wconf 90' lang='lat' dir='ltr'><strong>digna</strong></span> <span class='ocrx_word' id='word_1_669' title='bbox 2552 2826 2611 2867; x_wconf 86' lang='lat' dir='ltr'><strong>cs</strong></span> <span class='ocrx_word' id='word_1_670' title='bbox 2629 2851 2646 2878; x_wconf 95' lang='lat'><strong>,</strong></span> <span class='ocrx_word' id='word_1_671' title='bbox 2678 2810 2927 2866; x_wconf 87' lang='lat' dir='ltr'><strong>videlicet</strong></span> <span class='ocrx_word' id='word_1_672' title='bbox 2951 2826 3073 2879; x_wconf 70' lang='lat' dir='ltr'><strong>quae</strong></span> <span class='ocrx_word' id='word_1_673' title='bbox 3102 2818 3304 2863; x_wconf 87' lang='lat' dir='ltr'><strong>tantam</strong></span> <span class='ocrx_word' id='word_1_674' title='bbox 3332 2808 3439 2862; x_wconf 86' lang='lat' dir='ltr'><strong>vim</strong></span> <span class='ocrx_word' id='word_1_675' title='bbox 3464 2806 3726 2861; x_wconf 61' lang='lat' dir='ltr'><strong>sustinui.</strong></span> 
     </span>
    </p>
   </div>
   <div class='ocr_carea' id='block_1_88' title="bbox 2107 2898 3730 2974">
    <p class='ocr_par' dir='ltr' id='par_1_88' title="bbox 2107 2898 3730 2974">
     <span class='ocr_line' id='line_1_88' title="bbox 2107 2898 3730 2974; baseline -0.004 -15"><span class='ocrx_word' id='word_1_676' title='bbox 2107 2904 2199 2970; x_wconf 90' lang='lat' dir='ltr'><strong>sti,</strong></span> <span class='ocrx_word' id='word_1_677' title='bbox 2225 2914 2279 2960; x_wconf 90' lang='lat' dir='ltr'><strong>et</strong></span> <span class='ocrx_word' id='word_1_678' title='bbox 2308 2905 2570 2959; x_wconf 85' lang='lat' dir='ltr'><strong>adversus</strong></span> <span class='ocrx_word' id='word_1_679' title='bbox 2600 2904 2771 2974; x_wconf 89' lang='lat' dir='ltr'><strong>ipsam</strong></span> <span class='ocrx_word' id='word_1_680' title='bbox 2802 2912 3049 2956; x_wconf 78' lang='lat' dir='ltr'><strong>naturam</strong></span> <span class='ocrx_word' id='word_1_681' title='bbox 3098 2901 3343 2971; x_wconf 82' lang='lat' dir='ltr'><strong>pugnasti</strong></span> <span class='ocrx_word' id='word_1_682' title='bbox 3373 2938 3391 2965; x_wconf 93' lang='lat'><strong>,</strong></span> <span class='ocrx_word' id='word_1_683' title='bbox 3436 2899 3506 2954; x_wconf 88' lang='lat' dir='ltr'><strong>ab</strong></span> <span class='ocrx_word' id='word_1_684' title='bbox 3548 2898 3730 2952; x_wconf 83' lang='lat' dir='ltr'><strong>avari-</strong></span> 
     </span>
    </p>
   </div>
   <div class='ocr_carea' id='block_1_89' title="bbox 2110 2992 3727 3065">
    <p class='ocr_par' dir='ltr' id='par_1_89' title="bbox 2110 2992 3727 3065">
     <span class='ocr_line' id='line_1_89' title="bbox 2110 2992 3727 3065; baseline -0.007 -12"><span class='ocrx_word' id='word_1_685' title='bbox 2110 2996 2181 3053; x_wconf 87' lang='lat' dir='ltr'><strong>tia</strong></span> <span class='ocrx_word' id='word_1_686' title='bbox 2230 3011 2361 3051; x_wconf 88' lang='lat' dir='ltr'><strong>vero</strong></span> <span class='ocrx_word' id='word_1_687' title='bbox 2406 3006 2709 3065; x_wconf 80' lang='lat' dir='ltr'><strong>expugnata</strong></span> <span class='ocrx_word' id='word_1_688' title='bbox 2755 3009 2813 3049; x_wconf 89' lang='lat' dir='ltr'><strong>es</strong></span> <span class='ocrx_word' id='word_1_689' title='bbox 2838 3034 2855 3059; x_wconf 94' lang='lat'><strong>,</strong></span> <span class='ocrx_word' id='word_1_690' title='bbox 2890 3010 3050 3063; x_wconf 89' lang='lat' dir='ltr'><strong>quam</strong></span> <span class='ocrx_word' id='word_1_691' title='bbox 3091 3004 3145 3047; x_wconf 93' lang='lat' dir='ltr'><strong>ct</strong></span> <span class='ocrx_word' id='word_1_692' title='bbox 3188 2992 3453 3061; x_wconf 86' lang='lat' dir='ltr'><strong>mancipia</strong></span> <span class='ocrx_word' id='word_1_693' title='bbox 3480 3006 3727 3059; x_wconf 69' lang='lat' dir='ltr'><strong>stepeuuo</strong></span> 
     </span>
    </p>
   </div>
   <div class='ocr_carea' id='block_1_90' title="bbox 2108 3083 3727 3154">
    <p class='ocr_par' dir='ltr' id='par_1_90' title="bbox 2108 3083 3727 3154">
     <span class='ocr_line' id='line_1_90' title="bbox 2108 3083 3727 3154; baseline -0.002 -14"><span class='ocrx_word' id='word_1_694' title='bbox 2108 3102 2262 3141; x_wconf 90' lang='lat' dir='ltr'><strong>mero</strong></span> <span class='ocrx_word' id='word_1_695' title='bbox 2286 3129 2299 3152; x_wconf 86' lang='lat'><strong>,</strong></span> <span class='ocrx_word' id='word_1_696' title='bbox 2340 3096 2395 3142; x_wconf 89' lang='lat' dir='ltr'><strong>et</strong></span> <span class='ocrx_word' id='word_1_697' title='bbox 2429 3084 2640 3142; x_wconf 86' lang='lat' dir='ltr'><strong>barbari</strong></span> <span class='ocrx_word' id='word_1_698' title='bbox 2673 3084 2920 3139; x_wconf 87' lang='lat' dir='ltr'><strong>homines</strong></span> <span class='ocrx_word' id='word_1_699' title='bbox 2949 3085 3174 3139; x_wconf 90' lang='lat' dir='ltr'><strong>minimo</strong></span> <span class='ocrx_word' id='word_1_700' title='bbox 3213 3083 3432 3154; x_wconf 84' lang='lat' dir='ltr'><strong>negotio</strong></span> <span class='ocrx_word' id='word_1_701' title='bbox 3468 3094 3727 3151; x_wconf 80' lang='lat' dir='ltr'><strong>superare</strong></span> 
     </span>
    </p>
   </div>
   <div class='ocr_carea' id='block_1_91' title="bbox 2110 3186 2422 3248">
    <p class='ocr_par' dir='ltr' id='par_1_91' title="bbox 2110 3186 2422 3248">
     <span class='ocr_line' id='line_1_91' title="bbox 2110 3186 2422 3248; baseline 0.01 -17"><span class='ocrx_word' id='word_1_702' title='bbox 2110 3186 2422 3248; x_wconf 85' lang='lat' dir='ltr'><strong>potuerunt.</strong></span> 
     </span>
    </p>
   </div>
   <div class='ocr_carea' id='block_1_92' title="bbox 2181 3261 3727 3338">
    <p class='ocr_par' dir='ltr' id='par_1_92' title="bbox 2181 3261 3727 3338">
     <span class='ocr_line' id='line_1_92' title="bbox 2181 3261 3727 3338; baseline -0.005 -15"><span class='ocrx_word' id='word_1_703' title='bbox 2181 3268 2235 3323; x_wconf 87' lang='lat'><strong>8.</strong></span> <span class='ocrx_word' id='word_1_704' title='bbox 2267 3268 2395 3322; x_wconf 72' lang='lat' dir='ltr'><strong>llzcc</strong></span> <span class='ocrx_word' id='word_1_705' title='bbox 2422 3267 2583 3338; x_wconf 88' lang='lat' dir='ltr'><strong>igitur</strong></span> <span class='ocrx_word' id='word_1_706' title='bbox 2606 3263 2785 3320; x_wconf 91' lang='lat' dir='ltr'><strong>omnia</strong></span> <span class='ocrx_word' id='word_1_707' title='bbox 2812 3262 3047 3320; x_wconf 87' lang='lat' dir='ltr'><strong>scientes</strong></span> <span class='ocrx_word' id='word_1_708' title='bbox 3070 3306 3086 3331; x_wconf 97' lang='lat'><strong>,</strong></span> <span class='ocrx_word' id='word_1_709' title='bbox 3115 3261 3334 3330; x_wconf 86' lang='lat' dir='ltr'><strong>dilecti,</strong></span> <span class='ocrx_word' id='word_1_710' title='bbox 3366 3262 3481 3318; x_wconf 86' lang='lat' dir='ltr'><strong>sive</strong></span> <span class='ocrx_word' id='word_1_711' title='bbox 3512 3262 3563 3317; x_wconf 90' lang='lat' dir='ltr'><strong>in</strong></span> <span class='ocrx_word' id='word_1_712' title='bbox 3588 3276 3727 3317; x_wconf 80' lang='lat' dir='ltr'><strong>oon-</strong></span> 
     </span>
    </p>
   </div>
   <div class='ocr_carea' id='block_1_93' title="bbox 2104 3354 3722 3430">
    <p class='ocr_par' dir='ltr' id='par_1_93' title="bbox 2104 3354 3722 3430">
     <span class='ocr_line' id='line_1_93' title="bbox 2104 3354 3722 3430; baseline -0.003 -17"><span class='ocrx_word' id='word_1_713' title='bbox 2104 3361 2276 3430; x_wconf 89' lang='lat' dir='ltr'><strong>jugio,</strong></span> <span class='ocrx_word' id='word_1_714' title='bbox 2320 3361 2435 3414; x_wconf 88' lang='lat' dir='ltr'><strong>sive</strong></span> <span class='ocrx_word' id='word_1_715' title='bbox 2476 3360 2529 3413; x_wconf 90' lang='lat' dir='ltr'><strong>iu</strong></span> <span class='ocrx_word' id='word_1_716' title='bbox 2569 3358 2876 3428; x_wconf 89' lang='lat' dir='ltr'><strong>virginitate</strong></span> <span class='ocrx_word' id='word_1_717' title='bbox 2918 3357 3200 3426; x_wconf 88' lang='lat' dir='ltr'><strong>degentes,</strong></span> <span class='ocrx_word' id='word_1_718' title='bbox 3230 3370 3424 3426; x_wconf 85' lang='lat' dir='ltr'><strong>magna</strong></span> <span class='ocrx_word' id='word_1_719' title='bbox 3448 3354 3722 3424; x_wconf 89' lang='lat' dir='ltr'><strong>diligentia</strong></span> 
     </span>
    </p>
   </div>
   <div class='ocr_carea' id='block_1_94' title="bbox 2108 3446 3721 3523">
    <p class='ocr_par' dir='ltr' id='par_1_94' title="bbox 2108 3446 3721 3523">
     <span class='ocr_line' id='line_1_94' title="bbox 2108 3446 3721 3523; baseline -0.005 -15"><span class='ocrx_word' id='word_1_720' title='bbox 2108 3455 2511 3523; x_wconf 87' lang='lat' dir='ltr'><strong>eleemosynam</strong></span> <span class='ocrx_word' id='word_1_721' title='bbox 2548 3464 2923 3514; x_wconf 76' lang='lat' dir='ltr'><strong>exerceamus,</strong></span> <span class='ocrx_word' id='word_1_722' title='bbox 2954 3447 3389 3518; x_wconf 90' lang='lat' dir='ltr'><strong>quandoquidem</strong></span> <span class='ocrx_word' id='word_1_723' title='bbox 3431 3446 3572 3500; x_wconf 89' lang='lat' dir='ltr'><strong>nulla</strong></span> <span class='ocrx_word' id='word_1_724' title='bbox 3615 3446 3721 3500; x_wconf 87' lang='lat' dir='ltr'><strong>alia</strong></span> 
     </span>
    </p>
   </div>
   <div class='ocr_carea' id='block_1_95' title="bbox 2110 3539 3724 3613">
    <p class='ocr_par' dir='ltr' id='par_1_95' title="bbox 2110 3539 3724 3613">
     <span class='ocr_line' id='line_1_95' title="bbox 2110 3539 3724 3613; baseline -0.004 -13"><span class='ocrx_word' id='word_1_725' title='bbox 2110 3545 2319 3600; x_wconf 83' lang='lat' dir='ltr'><strong>ratione</strong></span> <span class='ocrx_word' id='word_1_726' title='bbox 2361 3545 2480 3598; x_wconf 89' lang='lat' dir='ltr'><strong>licet</strong></span> <span class='ocrx_word' id='word_1_727' title='bbox 2522 3542 2589 3596; x_wconf 92' lang='lat' dir='ltr'><strong>ad</strong></span> <span class='ocrx_word' id='word_1_728' title='bbox 2628 3557 2848 3613; x_wconf 88' lang='lat' dir='ltr'><strong>regnum</strong></span> <span class='ocrx_word' id='word_1_729' title='bbox 2880 3541 3136 3596; x_wconf 55' lang='lat' dir='ltr'><strong>ca&#39;lorum</strong></span> <span class='ocrx_word' id='word_1_730' title='bbox 3171 3542 3470 3611; x_wconf 88' lang='lat' dir='ltr'><strong>pervenire.</strong></span> <span class='ocrx_word' id='word_1_731' title='bbox 3514 3539 3646 3593; x_wconf 87' lang='lat' dir='ltr'><strong>Nam</strong></span> <span class='ocrx_word' id='word_1_732' title='bbox 3678 3539 3724 3594; x_wconf 90' lang='lat' dir='ltr'><strong>si</strong></span> 
     </span>
    </p>
   </div>
   <div class='ocr_carea' id='block_1_96' title="bbox 2112 3632 3725 3708">
    <p class='ocr_par' dir='ltr' id='par_1_96' title="bbox 2112 3632 3725 3708">
     <span class='ocr_line' id='line_1_96' title="bbox 2112 3632 3725 3708; baseline -0.002 -19"><span class='ocrx_word' id='word_1_733' title='bbox 2112 3637 2390 3708; x_wconf 86' lang='lat' dir='ltr'><strong>virginitas</strong></span> <span class='ocrx_word' id='word_1_734' title='bbox 2420 3636 2624 3705; x_wconf 86' lang='lat' dir='ltr'><strong>absque</strong></span> <span class='ocrx_word' id='word_1_735' title='bbox 2667 3634 3009 3704; x_wconf 83' lang='lat' dir='ltr'><strong>electuosyua</strong></span> <span class='ocrx_word' id='word_1_736' title='bbox 3055 3634 3120 3687; x_wconf 90' lang='lat' dir='ltr'><strong>ad</strong></span> <span class='ocrx_word' id='word_1_737' title='bbox 3166 3648 3389 3703; x_wconf 88' lang='lat' dir='ltr'><strong>regnum</strong></span> <span class='ocrx_word' id='word_1_738' title='bbox 3420 3647 3524 3685; x_wconf 90' lang='lat' dir='ltr'><strong>non</strong></span> <span class='ocrx_word' id='word_1_739' title='bbox 3556 3632 3725 3686; x_wconf 87' lang='lat' dir='ltr'><strong>valuit</strong></span> 
     </span>
    </p>
   </div>
   <div class='ocr_carea' id='block_1_97' title="bbox 2111 3725 3727 3801">
    <p class='ocr_par' dir='ltr' id='par_1_97' title="bbox 2111 3725 3727 3801">
     <span class='ocr_line' id='line_1_97' title="bbox 2111 3725 3727 3801; baseline -0.001 -18"><span class='ocrx_word' id='word_1_740' title='bbox 2111 3730 2428 3801; x_wconf 86' lang='lat' dir='ltr'><strong>perducere,</strong></span> <span class='ocrx_word' id='word_1_741' title='bbox 2470 3728 2739 3799; x_wconf 86' lang='lat' dir='ltr'><strong>quodnam</strong></span> <span class='ocrx_word' id='word_1_742' title='bbox 2783 3728 2928 3782; x_wconf 90' lang='lat' dir='ltr'><strong>aliud</strong></span> <span class='ocrx_word' id='word_1_743' title='bbox 2978 3727 3314 3781; x_wconf 55' lang='lat' dir='ltr'><strong>lieni-factum</strong></span> <span class='ocrx_word' id='word_1_744' title='bbox 3363 3726 3466 3780; x_wconf 87' lang='lat' dir='ltr'><strong>hoc</strong></span> <span class='ocrx_word' id='word_1_745' title='bbox 3506 3725 3727 3781; x_wconf 86' lang='lat' dir='ltr'><strong>efficere</strong></span> 
     </span>
    </p>
   </div>
   <div class='ocr_carea' id='block_1_98' title="bbox 2111 3817 3723 3893">
    <p class='ocr_par' dir='ltr' id='par_1_98' title="bbox 2111 3817 3723 3893">
     <span class='ocr_line' id='line_1_98' title="bbox 2111 3817 3723 3893; baseline -0.006 -16"><span class='ocrx_word' id='word_1_746' title='bbox 2111 3823 2229 3877; x_wconf 89' lang='lat' dir='ltr'><strong>sine</strong></span> <span class='ocrx_word' id='word_1_747' title='bbox 2257 3822 2355 3875; x_wconf 88' lang='lat' dir='ltr'><strong>hac</strong></span> <span class='ocrx_word' id='word_1_748' title='bbox 2378 3819 2615 3893; x_wconf 80' lang='lat' dir='ltr'><strong>poterit?</strong></span> <span class='ocrx_word' id='word_1_749' title='bbox 2642 3820 2889 3875; x_wconf 82' lang='lat' dir='ltr'><strong>Profecto</strong></span> <span class='ocrx_word' id='word_1_750' title='bbox 2914 3818 3140 3874; x_wconf 86' lang='lat' dir='ltr'><strong>tmllum.</strong></span> <span class='ocrx_word' id='word_1_751' title='bbox 3178 3817 3315 3872; x_wconf 84' lang='lat' dir='ltr'><strong>Toto</strong></span> <span class='ocrx_word' id='word_1_752' title='bbox 3338 3818 3496 3886; x_wconf 83' lang='lat' dir='ltr'><strong>igitur</strong></span> <span class='ocrx_word' id='word_1_753' title='bbox 3517 3817 3723 3882; x_wconf 85' lang='lat' dir='ltr'><strong>animo,</strong></span> 
     </span>
    </p>
   </div>
   <div class='ocr_carea' id='block_1_99' title="bbox 2113 3909 3726 3984">
    <p class='ocr_par' dir='ltr' id='par_1_99' title="bbox 2113 3909 3726 3984">
     <span class='ocr_line' id='line_1_99' title="bbox 2113 3909 3726 3984; baseline -0.004 -15"><span class='ocrx_word' id='word_1_754' title='bbox 2113 3917 2344 3984; x_wconf 86' lang='lat' dir='ltr'><strong>totisque</strong></span> <span class='ocrx_word' id='word_1_755' title='bbox 2372 3914 2573 3967; x_wconf 82' lang='lat' dir='ltr'><strong>viribus</strong></span> <span class='ocrx_word' id='word_1_756' title='bbox 2604 3912 2780 3967; x_wconf 89' lang='lat' dir='ltr'><strong>oleum</strong></span> <span class='ocrx_word' id='word_1_757' title='bbox 2806 3910 3145 3973; x_wconf 80' lang='lat' dir='ltr'><strong>affmnlamns</strong></span> <span class='ocrx_word' id='word_1_758' title='bbox 3187 3910 3523 3979; x_wconf 84' lang='lat' dir='ltr'><strong>lampadibus</strong></span> <span class='ocrx_word' id='word_1_759' title='bbox 3566 3909 3726 3979; x_wconf 82' lang='lat' dir='ltr'><strong>idque</strong></span> 
     </span>
    </p>
   </div>
   <div class='ocr_carea' id='block_1_100' title="bbox 2113 3999 3724 4077">
    <p class='ocr_par' dir='ltr' id='par_1_100' title="bbox 2113 3999 3724 4077">
     <span class='ocr_line' id='line_1_100' title="bbox 2113 3999 3724 4077; baseline -0.006 -16"><span class='ocrx_word' id='word_1_760' title='bbox 2113 4007 2328 4077; x_wconf 82' lang='lat' dir='ltr'><strong>largiter</strong></span> <span class='ocrx_word' id='word_1_761' title='bbox 2370 4021 2434 4060; x_wconf 90' lang='lat' dir='ltr'><strong>ac</strong></span> <span class='ocrx_word' id='word_1_762' title='bbox 2482 4004 2880 4066; x_wconf 90' lang='lat' dir='ltr'><strong>indesinenter,</strong></span> <span class='ocrx_word' id='word_1_763' title='bbox 2916 4012 2971 4054; x_wconf 92' lang='lat' dir='ltr'><strong>ut</strong></span> <span class='ocrx_word' id='word_1_764' title='bbox 3004 4000 3173 4055; x_wconf 90' lang='lat' dir='ltr'><strong>hilare</strong></span> <span class='ocrx_word' id='word_1_765' title='bbox 3200 4017 3261 4052; x_wconf 91' lang='lat' dir='ltr'><strong>ac</strong></span> <span class='ocrx_word' id='word_1_766' title='bbox 3292 4000 3498 4071; x_wconf 86' lang='lat' dir='ltr'><strong>largum</strong></span> <span class='ocrx_word' id='word_1_767' title='bbox 3542 3999 3724 4053; x_wconf 88' lang='lat' dir='ltr'><strong>lumen</strong></span> 
     </span>
    </p>
   </div>
   <div class='ocr_carea' id='block_1_101' title="bbox 2112 4092 3725 4170">
    <p class='ocr_par' dir='ltr' id='par_1_101' title="bbox 2112 4092 3725 4170">
     <span class='ocr_line' id='line_1_101' title="bbox 2112 4092 3725 4170; baseline -0.002 -20"><span class='ocrx_word' id='word_1_768' title='bbox 2112 4108 2443 4170; x_wconf 67' lang='lat' dir='ltr'><strong>permaneat.</strong></span> <span class='ocrx_word' id='word_1_769' title='bbox 2473 4098 2581 4153; x_wconf 85' lang='lat' dir='ltr'><strong>Nec</strong></span> <span class='ocrx_word' id='word_1_770' title='bbox 2608 4111 2901 4166; x_wconf 85' lang='lat' dir='ltr'><strong>pauperem</strong></span> <span class='ocrx_word' id='word_1_771' title='bbox 2941 4095 3201 4163; x_wconf 83' lang='lat' dir='ltr'><strong>respicias</strong></span> <span class='ocrx_word' id='word_1_772' title='bbox 3227 4095 3603 4163; x_wconf 68' lang='lat' dir='ltr'><strong>accipientem.</strong></span> <span class='ocrx_word' id='word_1_773' title='bbox 3627 4092 3725 4147; x_wconf 87' lang='lat' dir='ltr'><strong>sed</strong></span> 
     </span>
    </p>
   </div>
   <div class='ocr_carea' id='block_1_102' title="bbox 2116 4182 3724 4255">
    <p class='ocr_par' dir='ltr' id='par_1_102' title="bbox 2116 4182 3724 4255">
     <span class='ocr_line' id='line_1_102' title="bbox 2116 4182 3724 4255; baseline -0.006 -9"><span class='ocrx_word' id='word_1_774' title='bbox 2116 4193 2281 4246; x_wconf 79' lang='lat' dir='ltr'><strong>[leum</strong></span> <span class='ocrx_word' id='word_1_775' title='bbox 2313 4189 2649 4245; x_wconf 88' lang='lat' dir='ltr'><strong>redditurqu</strong></span> <span class='ocrx_word' id='word_1_776' title='bbox 2684 4204 2697 4240; x_wconf 87' lang='lat'><strong>:</strong></span> <span class='ocrx_word' id='word_1_777' title='bbox 2733 4202 2839 4241; x_wconf 92' lang='lat' dir='ltr'><strong>non</strong></span> <span class='ocrx_word' id='word_1_778' title='bbox 2872 4202 2995 4240; x_wconf 92' lang='lat' dir='ltr'><strong>eum</strong></span> <span class='ocrx_word' id='word_1_779' title='bbox 3024 4186 3114 4255; x_wconf 92' lang='lat' dir='ltr'><strong>qui</strong></span> <span class='ocrx_word' id='word_1_780' title='bbox 3145 4186 3340 4254; x_wconf 86' lang='lat' dir='ltr'><strong>stipem</strong></span> <span class='ocrx_word' id='word_1_781' title='bbox 3373 4184 3595 4252; x_wconf 85' lang='lat' dir='ltr'><strong>accipit,</strong></span> <span class='ocrx_word' id='word_1_782' title='bbox 3629 4182 3724 4237; x_wconf 90' lang='lat' dir='ltr'><strong>sed</strong></span> 
     </span>
    </p>
   </div>
   <div class='ocr_carea' id='block_1_103' title="bbox 2110 4276 3721 4352">
    <p class='ocr_par' dir='ltr' id='par_1_103' title="bbox 2110 4276 3721 4352">
     <span class='ocr_line' id='line_1_103' title="bbox 2110 4276 3721 4352; baseline -0.004 -14"><span class='ocrx_word' id='word_1_783' title='bbox 2110 4299 2233 4338; x_wconf 85' lang='lat' dir='ltr'><strong>cum</strong></span> <span class='ocrx_word' id='word_1_784' title='bbox 2262 4284 2349 4352; x_wconf 91' lang='lat' dir='ltr'><strong>qui</strong></span> <span class='ocrx_word' id='word_1_785' title='bbox 2379 4297 2438 4337; x_wconf 88' lang='lat' dir='ltr'><strong>se</strong></span> <span class='ocrx_word' id='word_1_786' title='bbox 2471 4281 2563 4335; x_wconf 89' lang='lat' dir='ltr'><strong>tibi</strong></span> <span class='ocrx_word' id='word_1_787' title='bbox 2586 4278 2885 4334; x_wconf 86' lang='lat' dir='ltr'><strong>debitorem</strong></span> <span class='ocrx_word' id='word_1_788' title='bbox 2909 4279 3129 4347; x_wconf 85' lang='lat' dir='ltr'><strong>obligat.</strong></span> <span class='ocrx_word' id='word_1_789' title='bbox 3161 4276 3294 4332; x_wconf 81' lang='lat' dir='ltr'><strong>Nam</strong></span> <span class='ocrx_word' id='word_1_790' title='bbox 3324 4277 3447 4331; x_wconf 90' lang='lat' dir='ltr'><strong>ideo</strong></span> <span class='ocrx_word' id='word_1_791' title='bbox 3469 4278 3605 4330; x_wconf 84' lang='lat' dir='ltr'><strong>alius</strong></span> <span class='ocrx_word' id='word_1_792' title='bbox 3632 4293 3721 4331; x_wconf 85' lang='lat' dir='ltr'><strong>ac-</strong></span> 
     </span>
    </p>
   </div>
   <div class='ocr_carea' id='block_1_104' title="bbox 2111 4371 3724 4446">
    <p class='ocr_par' dir='ltr' id='par_1_104' title="bbox 2111 4371 3724 4446">
     <span class='ocr_line' id='line_1_104' title="bbox 2111 4371 3724 4446; baseline -0.006 -13"><span class='ocrx_word' id='word_1_793' title='bbox 2111 4379 2260 4446; x_wconf 89' lang='lat' dir='ltr'><strong>cipit,</strong></span> <span class='ocrx_word' id='word_1_794' title='bbox 2290 4378 2423 4430; x_wconf 90' lang='lat' dir='ltr'><strong>alius</strong></span> <span class='ocrx_word' id='word_1_795' title='bbox 2455 4375 2651 4441; x_wconf 89' lang='lat' dir='ltr'><strong>reddit,</strong></span> <span class='ocrx_word' id='word_1_796' title='bbox 2684 4383 2741 4427; x_wconf 92' lang='lat' dir='ltr'><strong>ut</strong></span> <span class='ocrx_word' id='word_1_797' title='bbox 2762 4372 3077 4442; x_wconf 88' lang='lat' dir='ltr'><strong>accipientis</strong></span> <span class='ocrx_word' id='word_1_798' title='bbox 3111 4381 3398 4442; x_wconf 87' lang='lat' dir='ltr'><strong>paupertas</strong></span> <span class='ocrx_word' id='word_1_799' title='bbox 3427 4380 3482 4425; x_wconf 88' lang='lat' dir='ltr'><strong>ct</strong></span> <span class='ocrx_word' id='word_1_800' title='bbox 3510 4371 3724 4425; x_wconf 85' lang='lat' dir='ltr'><strong>calami-</strong></span> 
     </span>
    </p>
   </div>
   <div class='ocr_carea' id='block_1_105' title="bbox 2112 4463 3721 4523">
    <p class='ocr_par' dir='ltr' id='par_1_105' title="bbox 2112 4463 3721 4523">
     <span class='ocr_line' id='line_1_105' title="bbox 2112 4463 3721 4523; baseline -0.006 0"><span class='ocrx_word' id='word_1_801' title='bbox 2112 4480 2194 4523; x_wconf 85' lang='lat' dir='ltr'><strong>tas</strong></span> <span class='ocrx_word' id='word_1_802' title='bbox 2214 4468 2278 4522; x_wconf 91' lang='lat' dir='ltr'><strong>ad</strong></span> <span class='ocrx_word' id='word_1_803' title='bbox 2304 4466 2727 4522; x_wconf 75' lang='lat' dir='ltr'><strong>misericordiam</strong></span> <span class='ocrx_word' id='word_1_804' title='bbox 2751 4475 2802 4519; x_wconf 93' lang='lat' dir='ltr'><strong>te</strong></span> <span class='ocrx_word' id='word_1_805' title='bbox 2828 4464 3048 4519; x_wconf 82' lang='lat' dir='ltr'><strong>flectant</strong></span> <span class='ocrx_word' id='word_1_806' title='bbox 3072 4479 3136 4517; x_wconf 88' lang='lat' dir='ltr'><strong>ac</strong></span> <span class='ocrx_word' id='word_1_807' title='bbox 3155 4463 3683 4517; x_wconf 88' lang='lat' dir='ltr'><strong>conuuiserationem</strong></span> <span class='ocrx_word' id='word_1_808' title='bbox 3709 4480 3721 4515; x_wconf 91' lang='lat'>:</span> 
     </span>
    </p>
   </div>
   <div class='ocr_carea' id='block_1_106' title="bbox 2110 4554 3721 4623">
    <p class='ocr_par' dir='ltr' id='par_1_106' title="bbox 2110 4554 3721 4623">
     <span class='ocr_line' id='line_1_106' title="bbox 2110 4554 3721 4623; baseline -0.006 -8"><span class='ocrx_word' id='word_1_809' title='bbox 2110 4562 2310 4615; x_wconf 79' lang='lat' dir='ltr'><strong>divitite</strong></span> <span class='ocrx_word' id='word_1_810' title='bbox 2333 4575 2459 4613; x_wconf 90' lang='lat' dir='ltr'><strong>vero</strong></span> <span class='ocrx_word' id='word_1_811' title='bbox 2492 4557 2584 4612; x_wconf 84' lang='lat' dir='ltr'><strong>Dei</strong></span> <span class='ocrx_word' id='word_1_812' title='bbox 2614 4557 2891 4620; x_wconf 89' lang='lat' dir='ltr'><strong>reddituri,</strong></span> <span class='ocrx_word' id='word_1_813' title='bbox 2921 4555 3260 4623; x_wconf 76' lang='lat' dir='ltr'><strong>lidejubcntis</strong></span> <span class='ocrx_word' id='word_1_814' title='bbox 3289 4554 3449 4607; x_wconf 81' lang='lat' dir='ltr'><strong>etiam</strong></span> <span class='ocrx_word' id='word_1_815' title='bbox 3477 4569 3598 4606; x_wconf 91' lang='lat' dir='ltr'><strong>cum</strong></span> <span class='ocrx_word' id='word_1_816' title='bbox 3628 4570 3721 4605; x_wconf 80' lang='lat' dir='ltr'><strong>au-</strong></span> 
     </span>
    </p>
   </div>
   <div class='ocr_carea' id='block_1_107' title="bbox 2109 4641 3727 4719">
    <p class='ocr_par' dir='ltr' id='par_1_107' title="bbox 2109 4641 3727 4719">
     <span class='ocr_line' id='line_1_107' title="bbox 2109 4641 3727 4719; baseline -0.005 -15"><span class='ocrx_word' id='word_1_817' title='bbox 2109 4652 2282 4704; x_wconf 88' lang='lat' dir='ltr'><strong>ctario</strong></span> <span class='ocrx_word' id='word_1_818' title='bbox 2312 4649 2635 4703; x_wconf 80' lang='lat' dir='ltr'><strong>solutionem</strong></span> <span class='ocrx_word' id='word_1_819' title='bbox 2669 4647 2922 4707; x_wconf 86' lang='lat' dir='ltr'><strong>futuram,</strong></span> <span class='ocrx_word' id='word_1_820' title='bbox 2956 4644 3213 4713; x_wconf 91' lang='lat' dir='ltr'><strong>majorem</strong></span> <span class='ocrx_word' id='word_1_821' title='bbox 3247 4644 3338 4719; x_wconf 72' lang='lat' dir='ltr'><strong>tibi</strong></span> <span class='ocrx_word' id='word_1_822' title='bbox 3371 4643 3438 4697; x_wconf 89' lang='lat' dir='ltr'><strong>de</strong></span> <span class='ocrx_word' id='word_1_823' title='bbox 3466 4641 3640 4696; x_wconf 85' lang='lat' dir='ltr'><strong>fructu</strong></span> <span class='ocrx_word' id='word_1_824' title='bbox 3672 4651 3727 4696; x_wconf 84' lang='lat' dir='ltr'><strong>et</strong></span> 
     </span>
    </p>
   </div>
   <div class='ocr_carea' id='block_1_108' title="bbox 2112 4736 3725 4805">
    <p class='ocr_par' dir='ltr' id='par_1_108' title="bbox 2112 4736 3725 4805">
     <span class='ocr_line' id='line_1_108' title="bbox 2112 4736 3725 4805; baseline -0.004 -10"><span class='ocrx_word' id='word_1_825' title='bbox 2112 4758 2270 4795; x_wconf 87' lang='lat' dir='ltr'><strong>usura</strong></span> <span class='ocrx_word' id='word_1_826' title='bbox 2323 4741 2570 4795; x_wconf 85' lang='lat' dir='ltr'><strong>fiduciam</strong></span> <span class='ocrx_word' id='word_1_827' title='bbox 2621 4738 2837 4801; x_wconf 89' lang='lat' dir='ltr'><strong>indant,</strong></span> <span class='ocrx_word' id='word_1_828' title='bbox 2888 4746 2937 4791; x_wconf 89' lang='lat' dir='ltr'><strong>et</strong></span> <span class='ocrx_word' id='word_1_829' title='bbox 2991 4736 3057 4789; x_wconf 90' lang='lat' dir='ltr'><strong>ad</strong></span> <span class='ocrx_word' id='word_1_830' title='bbox 3108 4736 3391 4805; x_wconf 79' lang='lat' dir='ltr'><strong>largiorem</strong></span> <span class='ocrx_word' id='word_1_831' title='bbox 3426 4737 3725 4804; x_wconf 85' lang='lat' dir='ltr'><strong>eleetnosy-</strong></span> 
     </span>
    </p>
   </div>
   <div class='ocr_carea' id='block_1_109' title="bbox 2112 4828 3723 4904">
    <p class='ocr_par' dir='ltr' id='par_1_109' title="bbox 2112 4828 3723 4904">
     <span class='ocr_line' id='line_1_109' title="bbox 2112 4828 3723 4904; baseline -0.005 -16"><span class='ocrx_word' id='word_1_832' title='bbox 2112 4850 2235 4889; x_wconf 90' lang='lat' dir='ltr'><strong>nam</strong></span> <span class='ocrx_word' id='word_1_833' title='bbox 2268 4841 2576 4904; x_wconf 86' lang='lat' dir='ltr'><strong>provocent.</strong></span> <span class='ocrx_word' id='word_1_834' title='bbox 2605 4830 2737 4897; x_wconf 87' lang='lat' dir='ltr'><strong>Quis</strong></span> <span class='ocrx_word' id='word_1_835' title='bbox 2762 4828 2928 4892; x_wconf 86' lang='lat' dir='ltr'><strong>enim,</strong></span> <span class='ocrx_word' id='word_1_836' title='bbox 2957 4843 3108 4897; x_wconf 85' lang='lat' dir='ltr'><strong>rogo,</strong></span> <span class='ocrx_word' id='word_1_837' title='bbox 3138 4830 3446 4895; x_wconf 64' lang='lat' dir='ltr'><strong>eentnpfum</strong></span> <span class='ocrx_word' id='word_1_838' title='bbox 3477 4836 3723 4892; x_wconf 82' lang='lat' dir='ltr'><strong>receptu-</strong></span> 
     </span>
    </p>
   </div>
   <div class='ocr_carea' id='block_1_110' title="bbox 2113 4917 3726 4991">
    <p class='ocr_par' dir='ltr' id='par_1_110' title="bbox 2113 4917 3726 4991">
     <span class='ocr_line' id='line_1_110' title="bbox 2113 4917 3726 4991; baseline -0.006 -12"><span class='ocrx_word' id='word_1_839' title='bbox 2113 4941 2238 4989; x_wconf 87' lang='lat' dir='ltr'><strong>rus,</strong></span> <span class='ocrx_word' id='word_1_840' title='bbox 2273 4934 2327 4977; x_wconf 90' lang='lat' dir='ltr'><strong>et</strong></span> <span class='ocrx_word' id='word_1_841' title='bbox 2354 4927 2421 4978; x_wconf 91' lang='lat' dir='ltr'><strong>de</strong></span> <span class='ocrx_word' id='word_1_842' title='bbox 2452 4920 2759 4991; x_wconf 83' lang='lat' dir='ltr'><strong>recipiendo</strong></span> <span class='ocrx_word' id='word_1_843' title='bbox 2791 4934 3049 4986; x_wconf 86' lang='lat' dir='ltr'><strong>securus,</strong></span> <span class='ocrx_word' id='word_1_844' title='bbox 3084 4934 3189 4971; x_wconf 90' lang='lat' dir='ltr'><strong>non</strong></span> <span class='ocrx_word' id='word_1_845' title='bbox 3219 4919 3397 4971; x_wconf 81' lang='lat' dir='ltr'><strong>ouiuia</strong></span> <span class='ocrx_word' id='word_1_846' title='bbox 3428 4933 3521 4970; x_wconf 87' lang='lat' dir='ltr'><strong>sua</strong></span> <span class='ocrx_word' id='word_1_847' title='bbox 3552 4917 3726 4971; x_wconf 82' lang='lat' dir='ltr'><strong>libens</strong></span> 
     </span>
    </p>
   </div>
   <div class='ocr_carea' id='block_1_111' title="bbox 2110 5016 2334 5085">
    <p class='ocr_par' dir='ltr' id='par_1_111' title="bbox 2110 5016 2334 5085">
     <span class='ocr_line' id='line_1_111' title="bbox 2110 5016 2334 5085; baseline -0.013 -14"><span class='ocrx_word' id='word_1_848' title='bbox 2110 5016 2334 5085; x_wconf 84' lang='lat' dir='ltr'><strong>eroget?</strong></span> 
     </span>
    </p>
   </div>
   <div class='ocr_carea' id='block_1_112' title="bbox 2184 5102 3726 5175">
    <p class='ocr_par' dir='ltr' id='par_1_112' title="bbox 2184 5102 3726 5175">
     <span class='ocr_line' id='line_1_112' title="bbox 2184 5102 3726 5175; baseline -0.006 -12"><span class='ocrx_word' id='word_1_849' title='bbox 2184 5110 2487 5163; x_wconf 75' lang='lat' dir='ltr'><strong>Cultortnlur</strong></span> <span class='ocrx_word' id='word_1_850' title='bbox 2542 5106 2611 5159; x_wconf 87' lang='lat' dir='ltr'><strong>ad</strong></span> <span class='ocrx_word' id='word_1_851' title='bbox 2669 5107 3039 5175; x_wconf 80' lang='lat' dir='ltr'><strong>eleemosynam</strong></span> <span class='ocrx_word' id='word_1_852' title='bbox 3099 5102 3506 5171; x_wconf 81' lang='lat' dir='ltr'><strong>impertiendum.</strong></span> <span class='ocrx_word' id='word_1_853' title='bbox 3538 5132 3607 5143; x_wconf 84' lang='lat'><strong>—-</strong></span> <span class='ocrx_word' id='word_1_854' title='bbox 3651 5102 3726 5155; x_wconf 76' lang='lat' dir='ltr'><strong>Ne</strong></span> 
     </span>
    </p>
   </div>
   <div class='ocr_carea' id='block_1_113' title="bbox 2114 5200 3724 5273">
    <p class='ocr_par' dir='ltr' id='par_1_113' title="bbox 2114 5200 3724 5273">
     <span class='ocr_line' id='line_1_113' title="bbox 2114 5200 3724 5273; baseline -0.006 -16"><span class='ocrx_word' id='word_1_855' title='bbox 2114 5203 2273 5273; x_wconf 83' lang='lat' dir='ltr'><strong>igitur</strong></span> <span class='ocrx_word' id='word_1_856' title='bbox 2316 5219 2595 5272; x_wconf 81' lang='lat' dir='ltr'><strong>pareatmts</strong></span> <span class='ocrx_word' id='word_1_857' title='bbox 2636 5201 2910 5269; x_wconf 67' lang='lat' dir='ltr'><strong>pecunite,</strong></span> <span class='ocrx_word' id='word_1_858' title='bbox 2946 5200 3053 5253; x_wconf 68' lang='lat' dir='ltr'><strong>imo</strong></span> <span class='ocrx_word' id='word_1_859' title='bbox 3082 5212 3210 5252; x_wconf 87' lang='lat' dir='ltr'><strong>vero</strong></span> <span class='ocrx_word' id='word_1_860' title='bbox 3242 5212 3527 5267; x_wconf 87' lang='lat' dir='ltr'><strong>pareamus</strong></span> <span class='ocrx_word' id='word_1_861' title='bbox 3564 5212 3724 5265; x_wconf 87' lang='lat' dir='ltr'><strong>pecu-</strong></span> 
     </span>
    </p>
   </div>
   <div class='ocr_carea' id='block_1_114' title="bbox 2115 5288 3720 5364">
    <p class='ocr_par' dir='ltr' id='par_1_114' title="bbox 2115 5288 3720 5364">
     <span class='ocr_line' id='line_1_114' title="bbox 2115 5288 3720 5364; baseline -0.007 -14"><span class='ocrx_word' id='word_1_862' title='bbox 2115 5298 2217 5351; x_wconf 73' lang='lat' dir='ltr'><strong>uize</strong></span> <span class='ocrx_word' id='word_1_863' title='bbox 2246 5314 2260 5348; x_wconf 72' lang='grc' dir='ltr'>ι</span> <span class='ocrx_word' id='word_1_864' title='bbox 2292 5311 2413 5348; x_wconf 89' lang='lat' dir='ltr'><strong>nam</strong></span> <span class='ocrx_word' id='word_1_865' title='bbox 2450 5294 2537 5364; x_wconf 89' lang='lat' dir='ltr'><strong>qui</strong></span> <span class='ocrx_word' id='word_1_866' title='bbox 2587 5292 2929 5347; x_wconf 86' lang='lat' dir='ltr'><strong>facultatibus</strong></span> <span class='ocrx_word' id='word_1_867' title='bbox 2954 5292 3065 5345; x_wconf 88' lang='lat' dir='ltr'><strong>suis</strong></span> <span class='ocrx_word' id='word_1_868' title='bbox 3102 5289 3301 5358; x_wconf 86' lang='lat' dir='ltr'><strong>parcit,</strong></span> <span class='ocrx_word' id='word_1_869' title='bbox 3343 5288 3395 5341; x_wconf 89' lang='lat' dir='ltr'><strong>itt</strong></span> <span class='ocrx_word' id='word_1_870' title='bbox 3427 5303 3720 5359; x_wconf 86' lang='lat' dir='ltr'><strong>pauperum</strong></span> 
     </span>
    </p>
   </div>
   <div class='ocr_carea' id='block_1_115' title="bbox 2113 5386 3724 5456">
    <p class='ocr_par' dir='ltr' id='par_1_115' title="bbox 2113 5386 3724 5456">
     <span class='ocr_line' id='line_1_115' title="bbox 2113 5386 3724 5456; baseline -0.006 -13"><span class='ocrx_word' id='word_1_871' title='bbox 2113 5405 2304 5443; x_wconf 85' lang='lat' dir='ltr'><strong>manus</strong></span> <span class='ocrx_word' id='word_1_872' title='bbox 2334 5404 2427 5443; x_wconf 85' lang='lat' dir='ltr'><strong>eas</strong></span> <span class='ocrx_word' id='word_1_873' title='bbox 2456 5388 2709 5456; x_wconf 88' lang='lat' dir='ltr'><strong>deponit,</strong></span> <span class='ocrx_word' id='word_1_874' title='bbox 2740 5386 2791 5439; x_wconf 92' lang='lat' dir='ltr'><strong>iu</strong></span> <span class='ocrx_word' id='word_1_875' title='bbox 2826 5386 3134 5439; x_wconf 88' lang='lat' dir='ltr'><strong>thesaurum</strong></span> <span class='ocrx_word' id='word_1_876' title='bbox 3166 5394 3592 5445; x_wconf 87' lang='lat' dir='ltr'><strong>sacrosanctum,</strong></span> <span class='ocrx_word' id='word_1_877' title='bbox 3616 5397 3724 5451; x_wconf 89' lang='lat' dir='ltr'><strong>quo</strong></span> 
     </span>
    </p>
   </div>
   <div class='ocr_carea' id='block_1_116' title="bbox 2116 5475 3724 5547">
    <p class='ocr_par' dir='ltr' id='par_1_116' title="bbox 2116 5475 3724 5547">
     <span class='ocr_line' id='line_1_116' title="bbox 2116 5475 3724 5547; baseline -0.005 -10"><span class='ocrx_word' id='word_1_878' title='bbox 2116 5498 2214 5537; x_wconf 89' lang='lat' dir='ltr'><strong>nec</strong></span> <span class='ocrx_word' id='word_1_879' title='bbox 2241 5484 2496 5539; x_wconf 83' lang='lat' dir='ltr'><strong>latrones.</strong></span> <span class='ocrx_word' id='word_1_880' title='bbox 2530 5495 2630 5535; x_wconf 89' lang='lat' dir='ltr'><strong>nec</strong></span> <span class='ocrx_word' id='word_1_881' title='bbox 2656 5480 2816 5542; x_wconf 79' lang='lat' dir='ltr'><strong>servi,</strong></span> <span class='ocrx_word' id='word_1_882' title='bbox 2851 5494 2949 5531; x_wconf 76' lang='lat' dir='ltr'><strong>nec.</strong></span> <span class='ocrx_word' id='word_1_883' title='bbox 2974 5475 3319 5547; x_wconf 76' lang='lat' dir='ltr'><strong>sycophantze</strong></span> <span class='ocrx_word' id='word_1_884' title='bbox 3347 5475 3600 5539; x_wconf 84' lang='lat' dir='ltr'><strong>malefici,</strong></span> <span class='ocrx_word' id='word_1_885' title='bbox 3624 5489 3724 5529; x_wconf 87' lang='lat' dir='ltr'><strong>nec</strong></span> 
     </span>
    </p>
   </div>
   <div class='ocr_carea' id='block_1_117' title="bbox 2115 5566 3721 5641">
    <p class='ocr_par' dir='ltr' id='par_1_117' title="bbox 2115 5566 3721 5641">
     <span class='ocr_line' id='line_1_117' title="bbox 2115 5566 3721 5641; baseline -0.006 -10"><span class='ocrx_word' id='word_1_886' title='bbox 2115 5578 2236 5631; x_wconf 68' lang='lat' dir='ltr'><strong>ulla!</strong></span> <span class='ocrx_word' id='word_1_887' title='bbox 2288 5576 2594 5629; x_wconf 89' lang='lat' dir='ltr'><strong>mortalium</strong></span> <span class='ocrx_word' id='word_1_888' title='bbox 2644 5573 2849 5627; x_wconf 73' lang='lat' dir='ltr'><strong>insidia:</strong></span> <span class='ocrx_word' id='word_1_889' title='bbox 2892 5581 3173 5641; x_wconf 86' lang='lat' dir='ltr'><strong>penetrare</strong></span> <span class='ocrx_word' id='word_1_890' title='bbox 3217 5570 3445 5621; x_wconf 80' lang='lat' dir='ltr'><strong>valeant.</strong></span> <span class='ocrx_word' id='word_1_891' title='bbox 3496 5566 3721 5634; x_wconf 82' lang='lat' dir='ltr'><strong>Quodsi</strong></span> 
     </span>
    </p>
   </div>
   <div class='ocr_carea' id='block_1_118' title="bbox 2113 5656 3721 5732">
    <p class='ocr_par' dir='ltr' id='par_1_118' title="bbox 2113 5656 3721 5732">
     <span class='ocr_line' id='line_1_118' title="bbox 2113 5656 3721 5732; baseline -0.009 -11"><span class='ocrx_word' id='word_1_892' title='bbox 2113 5668 2273 5721; x_wconf 83' lang='lat' dir='ltr'><strong>etiam</strong></span> <span class='ocrx_word' id='word_1_893' title='bbox 2322 5666 2406 5720; x_wconf 80' lang='lat' dir='ltr'><strong>his</strong></span> <span class='ocrx_word' id='word_1_894' title='bbox 2445 5664 2640 5717; x_wconf 81' lang='lat' dir='ltr'><strong>auditis</strong></span> <span class='ocrx_word' id='word_1_895' title='bbox 2681 5665 2820 5732; x_wconf 86' lang='lat' dir='ltr'><strong>piget</strong></span> <span class='ocrx_word' id='word_1_896' title='bbox 2865 5673 2915 5714; x_wconf 86' lang='lat' dir='ltr'><strong>te</strong></span> <span class='ocrx_word' id='word_1_897' title='bbox 2952 5677 2981 5715; x_wconf 91' lang='lat' dir='ltr'><strong>c</strong></span> <span class='ocrx_word' id='word_1_898' title='bbox 3019 5660 3174 5713; x_wconf 81' lang='lat' dir='ltr'><strong>lmtlIS</strong></span> <span class='ocrx_word' id='word_1_899' title='bbox 3200 5662 3304 5712; x_wconf 88' lang='lat' dir='ltr'><strong>tuis</strong></span> <span class='ocrx_word' id='word_1_900' title='bbox 3332 5656 3570 5711; x_wconf 88' lang='lat' dir='ltr'><strong>nonnihil</strong></span> <span class='ocrx_word' id='word_1_901' title='bbox 3598 5672 3721 5709; x_wconf 90' lang='lat' dir='ltr'><strong>ero-</strong></span> 
     </span>
    </p>
   </div>
   <div class='ocr_carea' id='block_1_119' title="bbox 2112 5754 3719 5830">
    <p class='ocr_par' dir='ltr' id='par_1_119' title="bbox 2112 5754 3719 5830">
     <span class='ocr_line' id='line_1_119' title="bbox 2112 5754 3719 5830; baseline -0.006 -19"><span class='ocrx_word' id='word_1_902' title='bbox 2112 5778 2259 5830; x_wconf 79' lang='lat' dir='ltr'><strong>gare,</strong></span> <span class='ocrx_word' id='word_1_903' title='bbox 2305 5770 2359 5813; x_wconf 80' lang='lat' dir='ltr'><strong>ct</strong></span> <span class='ocrx_word' id='word_1_904' title='bbox 2408 5775 2581 5827; x_wconf 85' lang='lat' dir='ltr'><strong>neque</strong></span> <span class='ocrx_word' id='word_1_905' title='bbox 2624 5758 2931 5824; x_wconf 81' lang='lat' dir='ltr'><strong>ecutuplum</strong></span> <span class='ocrx_word' id='word_1_906' title='bbox 2967 5754 3353 5822; x_wconf 81' lang='lat' dir='ltr'><strong>recipiendum,</strong></span> <span class='ocrx_word' id='word_1_907' title='bbox 3384 5766 3556 5820; x_wconf 90' lang='lat' dir='ltr'><strong>neque</strong></span> <span class='ocrx_word' id='word_1_908' title='bbox 3586 5764 3719 5818; x_wconf 85' lang='lat' dir='ltr'><strong>pau-</strong></span> 
     </span>
    </p>
   </div>
   <div class='ocr_carea' id='block_1_120' title="bbox 2115 5848 3723 5926">
    <p class='ocr_par' dir='ltr' id='par_1_120' title="bbox 2115 5848 3723 5926">
     <span class='ocr_line' id='line_1_120' title="bbox 2115 5848 3723 5926; baseline -0.009 -16"><span class='ocrx_word' id='word_1_909' title='bbox 2115 5854 2257 5926; x_wconf 75' lang='lat' dir='ltr'><strong>peris</strong></span> <span class='ocrx_word' id='word_1_910' title='bbox 2286 5854 2589 5914; x_wconf 71' lang='lat' dir='ltr'><strong>calamitas,</strong></span> <span class='ocrx_word' id='word_1_911' title='bbox 2621 5866 2789 5922; x_wconf 79' lang='lat' dir='ltr'><strong>neque</strong></span> <span class='ocrx_word' id='word_1_912' title='bbox 2819 5848 2959 5903; x_wconf 79' lang='lat' dir='ltr'><strong>aliud</strong></span> <span class='ocrx_word' id='word_1_913' title='bbox 2989 5848 3275 5919; x_wconf 84' lang='lat' dir='ltr'><strong>quidquam</strong></span> <span class='ocrx_word' id='word_1_914' title='bbox 3305 5850 3519 5902; x_wconf 70' lang='lat' dir='ltr'><strong>flecti-re</strong></span> <span class='ocrx_word' id='word_1_915' title='bbox 3550 5853 3598 5899; x_wconf 88' lang='lat' dir='ltr'><strong>te</strong></span> <span class='ocrx_word' id='word_1_916' title='bbox 3630 5856 3723 5911; x_wconf 83' lang='lat' dir='ltr'><strong>po-</strong></span> 
     </span>
    </p>
   </div>
  </div>
