4088 6478
389 437 488 497 281

393 555 504 608 vita
533 552 603 606 ad
630 551 828 614 tidem;
861 558 919 606 et
943 550 1084 604 sicut
1103 547 1282 605 carnis
1312 555 1514 602 nostra:
1541 551 1728 599 natura
1757 539 1877 594 sine
1905 537 1998 592 ali-

375 621 579 699 mento
601 639 796 698 durare
834 651 943 693 non
985 647 1161 709 potest
1183 678 1201 704 ,
1231 638 1302 692 ita
1333 650 1510 706 neque
1539 631 1672 688 fides
1697 631 1816 685 sine
1842 627 2000 684 bonis

389 732 683 803 operibus:
717 727 874 784 Fides
901 731 1047 785 enim
1076 730 1186 784 sine
1223 725 1460 798 operibus
1496 730 1699 779 mortua
1736 729 1811 776 est
1840 717 1996 794 (Jac.

387 825 442 880 2.
460 821 576 895 20).
600 808 778 880 Unum
803 830 1057 893 superest
1078 817 1364 875 dicendum
1387 835 1401 872 :
1425 815 1553 888 quid
1581 824 1685 879 est,
1711 812 2000 868 Euandrus!

386 913 506 970 Non
536 914 680 970 enim
705 912 1021 983 sitnpliciter
1046 909 1202 976 disit,
1235 908 1508 964 Habentes
1535 905 1796 976 Spiritum
1827 901 1954 958 fidei
1982 919 1997 956 :

385 1005 482 1060 sed
511 1004 641 1076 quid
662 1003 689 1058 2
714 1002 973 1058 Habent“
1002 1001 1234 1056 eundem
1259 999 1533 1070 Spiritum
1570 995 1714 1065 ﬁdei.
1746 992 1814 1048 Et
1845 992 1996 1048 vole-

387 1095 512 1151 bam
539 1095 756 1166 quidem
786 1107 1044 1150 enarrare
1074 1090 1177 1147 hoc
1205 1105 1420 1162 quoque
1453 1104 1467 1143 :
1499 1087 1596 1144 sed
1625 1084 1880 1158 quoniam
1909 1085 1996 1138 vl-

384 1186 490 1242 deo
517 1184 684 1241 multa
715 1183 1109 1239 sententiarum
1157 1181 1379 1236 ﬂurtiiua
1417 1194 1484 1234 es
1510 1176 1650 1233 nuda
1682 1175 1783 1231 hac
1803 1174 1998 1230 vocula

386 1275 813 1348 prorutnpentia,
842 1289 1034 1329 vereor
1062 1289 1130 1328 ne
1155 1271 1497 1328 multitudine
1525 1283 1737 1333 eorum,
1768 1281 1892 1338 qua:
1916 1265 2000 1321 di-

381 1367 556 1424 cenda
581 1376 782 1426 essent.
816 1365 1071 1422 inundem
1097 1365 1299 1428 omnia,
1326 1372 1490 1434 atque
1514 1362 1586 1417 ita
1611 1360 1726 1416 haec
1749 1357 1994 1415 doctrina

384 1459 548 1514 nimia
594 1458 900 1529 prolixitate
943 1455 1254 1513 detrimenti
1283 1455 1501 1526 _aliquid
1547 1451 1796 1523 accipiat.
1847 1450 1997 1520 Qua-

386 1560 604 1623 propter
627 1550 717 1606 hic
743 1549 903 1605 tinem
935 1549 1136 1605 faciens
1159 1546 1435 1620 loquendi,
1455 1561 1556 1602 oro
1571 1555 1626 1600 et
1649 1545 1912 1610 obtestor,
1935 1551 1996 1597 ut

1009 436 1096 492 DE
1139 431 1386 490 VERBIS
1423 426 1781 494 APUSTOLI,
1822 423 1957 480 "Ml

2081 419 2192 477 Γεδ
2231 418 2523 475 εωιῡεδι
2559 416 2903 474 δρηιιτυκι.
2950 414 3012 471 η.

3619 411 3734 467 289

2109 544 2165 591 ct
2191 549 2314 606 qua:
2340 532 2639 594 atxlivistis,
2665 530 2735 586 de
2759 532 2986 585 honeste
3008 525 3260 594 videndo,
3284 525 3352 581 de
3381 524 3508 590 lida,
3528 523 3598 579 de
3619 526 3728 581 vir-

2105 626 2361 698 ginitate,
2392 625 2463 680 de
2507 623 2834 694 benignitate
2857 663 2875 688 ,
2918 621 2988 676 de
3027 620 3373 691 elremosyua
3396 659 3414 684 ,
3440 616 3731 687 diligenter

2105 717 2439 794 observetis:
2461 726 2518 772 et
2541 715 2658 771 lucc
2685 714 2827 771 bene
2851 713 2905 768 in
2931 711 3192 778 memoria
3223 710 3541 776 retinentes,
3563 707 3632 763 ad
3659 725 3733 765 ea

2105 824 2228 882 qua
2256 817 2550 880 supersunt
2576 805 2842 863 audienda
2873 814 3074 876 pasto
3095 803 3239 858 sitis.
3273 802 3366 858 Sic
3387 802 3534 858 enim
3566 801 3723 856 nobis

2105 900 2337 956 solidum
2364 901 2472 956 erit
2508 915 2576 956 ac
2617 900 2996 954 inconcussum
3023 895 3287 952 doctrina:
3327 900 3529 950 nostra:
3556 891 3728 949 aedifi-

2102 993 2272 1061 cium,
2301 991 2346 1047 si
2380 991 2650 1062 prioribus
2679 991 2735 1046 in
2763 998 2948 1046 mente
2969 997 3149 1044 vestra
3183 987 3324 1044 bene
3352 985 3589 1042 fundatis
3612 1026 3630 1052 ,
3658 1001 3727 1040 ea

2105 1101 2228 1157 quae
2270 1095 2571 1156 sequuntur
2609 1081 3152 1155 superstruxerimus.
3208 1079 3351 1138 Deus
3401 1086 3586 1136 autem
3630 1079 3726 1149 qui

2105 1177 2264 1232 nobis
2287 1175 2440 1232 dedit
2464 1178 2582 1232 base
2604 1175 2785 1232 dicere
2808 1216 2825 1243 ,
2860 1182 2918 1230 et
2946 1172 3100 1229 vobis
3143 1187 3266 1228 cum
3313 1171 3597 1227 alacritate
3621 1186 3720 1226 au-

2103 1267 2222 1322 dire
2240 1309 2257 1334 ,
2285 1267 2478 1338 dignos
2518 1281 2618 1322 nos
2649 1267 2844 1332 faciat,
2871 1273 2930 1320 ut
2952 1271 3009 1320 et
3039 1279 3138 1335 per
3169 1276 3335 1333 opera
3363 1261 3593 1318 fructum
3620 1261 3724 1316 ali-

2101 1375 2263 1431 quem
2289 1359 2644 1430 proferamus,
2671 1358 2838 1430 gratia
2867 1367 2923 1412 et
2952 1355 3284 1426 benignitate
3311 1353 3522 1410 Domini
3552 1353 3728 1408 nostri

2104 1450 2236 1508 Jcsu
2260 1450 2494 1517 Christi,
2525 1451 2782 1522 quoniam
2824 1448 2926 1520 ipsi
2964 1448 3133 1519 gloria
3177 1446 3232 1502 in
3268 1444 3466 1501 szccula
3492 1443 3724 1500 sacculo-

2105 1559 2245 1598 rnm.
2277 1548 2470 1598 Alne.

381 1773 463 1816 DF.
495 1773 731 1816 BISDEI
778 1773 1007 1816 VERBIS
1052 1771 1380 1826 APOSTOLI,
1427 1767 1760 1813 HABBNTES
1804 1767 1957 1812 Αυτε

2081 1766 2347 1809 ΕΗΙΒΕΗ
2392 1766 2696 1811 εριιιιτυιι
2741 1767 2946 1821 FIDEI,
2993 1765 3182 1810 SICUT
3223 1764 3541 1808 εαιιιιντωι
3587 1762 3708 1807 BS‘I’

463 1855 566 1930 (2.
615 1854 1014 1936 Cor.h.13)
1071 1875 1087 1914 ε

1136 1873 1218 1915 ΒΤ
1261 1871 1583 1916 Λυνειιευε
1629 1867 2040 1922 ΗΔΝΙΩΗΑΕΟΒ,
2087 1868 2167 1910 ΕΤ
2209 1866 2420 1911 ουηεε
2463 1867 2572 1920 QUI
2618 1867 2823 1912 VETUS
2863 1865 3343 1911 τεδτληιιςκτυιι
3386 1865 3717 1910 ειιυκκι-

466 1973 702 2028 suros,
749 1973 831 2016 ετ
873 1975 910 2016 Α
956 1971 1124 2016 novo
1165 1971 1493 2016 sanans
1536 1969 1901 2024 common,
1948 1968 2029 2011 ετ
2073 1967 2157 2010 DE
2201 1967 2623 2012 ELEEIOSYNA
2670 1949 2782 2032 (a).

1879 2084 2076 2147 μω

444 2233 496 2289 1.
534 2231 653 2289 Veri
676 2243 930 2289 amatues
958 2234 1324 2302 promissorum
1354 2251 1617 2290 memores.
1648 2263 1721 2275 —
1744 2233 1977 2303 Aposto-

372 2324 458 2379 lici
490 2325 643 2379 vobis
672 2325 940 2380 sermonis
965 2325 1354 2396 expositionem
1380 2326 1555 2381 debeo
1576 2327 1688 2396 jam
1714 2325 1806 2381 diu
1832 2344 1847 2381 :
1877 2325 1974 2380 sed

372 2413 475 2469 hoc
508 2415 750 2470 debitum
788 2431 888 2472 vos
925 2415 1173 2472 fortassis
1223 2419 1358 2472 estis
1407 2417 1560 2473 obliti
1601 2417 1674 2475 ob
1715 2417 1973 2487 temporis

367 2501 752 2574 longitudinem
780 2548 795 2570 ,
821 2522 923 2577 ego
951 2522 1080 2562 vero
1111 2522 1216 2562 nor
1265 2522 1383 2562 sum
1430 2507 1630 2563 oblitus
1677 2507 1750 2562 ob
1790 2523 1970 2563 meum

364 2610 491 2665 erga
521 2613 618 2652 vos
645 2597 915 2654 affectum.
944 2599 1032 2654 Sic
1070 2614 1131 2655 se
1174 2599 1335 2654 habet
1361 2599 1558 2654 caritas
1591 2617 1603 2653 :
1635 2599 1863 2668 vigilans
1888 2609 1972 2654 est

362 2701 426 2740 ac
451 2687 677 2743 sollicita
703 2704 729 2756 ζ
752 2703 854 2744 nec
887 2688 1164 2744 adamatos
1194 2689 1366 2744 solum
1399 2690 1451 2743 in
1486 2689 1668 2744 animo
1687 2689 1972 2746 circumfe-

363 2790 488 2835 runt
511 2781 546 2835 ii
576 2781 666 2853 qui
695 2791 899 2845 amant,
928 2782 1022 2836 sed
1047 2797 1168 2852 qua:
1191 2781 1552 2851 promiserunt
1580 2783 1750 2853 magis
1774 2784 1970 2837 tne-mi-

360 2881 559 2928 nerunt
575 2889 733 2942 quam
756 2874 880 2944 ipsi,
901 2874 991 2944 qui
1012 2873 1273 2945 promissa
1299 2885 1425 2929 sunt
1444 2874 1733 2945 recepturi.
1759 2874 1964 2930 Eodem

357 2963 523 3018 modo
551 2974 722 3020 mater
749 2966 1114 3021 amantissima
1157 2976 1435 3036 postquam
1477 2981 1677 3021 mensa:
1713 2965 1965 3037 reliquias

359 3056 542 3124 pueris
566 3058 679 3112 suis
706 3057 950 3128 reposuit
971 3098 989 3124 ,
1015 3057 1226 3113 etiamsi
1275 3058 1346 3112 illi
1384 3059 1518 3114 forte
1554 3057 1962 3126 obliviscantur,

356 3143 470 3215 ipsa
503 3154 683 3200 tamen
713 3147 980 3214 meminit,
1009 3163 1208 3219 easque
1232 3148 1515 3220 diligenter
1538 3161 1842 3204 asscrvatas
1868 3150 1960 3206 de.

356 3240 554 3308 promit
577 3281 594 3305 ,
626 3250 681 3296 et
709 3241 984 3298 famelicos
1009 3243 1090 3298 eis
1119 3243 1314 3314 pascit.
1344 3243 1498 3312 Quod
1528 3243 1573 3298 si
1605 3254 1806 3300 matres
1833 3260 1958 3315 erga

356 3316 554 3388 liberos
597 3342 707 3388 tam
751 3333 1088 3404 indulgentes
1133 3345 1294 3400 sunt,
1337 3345 1487 3405 tanto
1528 3338 1720 3406 majori
1749 3352 1877 3393 cura
1904 3349 1960 3396 et

350 3422 531 3477 studio
558 3433 738 3479 vestra
766 3426 963 3480 caritas
1003 3427 1158 3481 nobis
1195 3435 1279 3483 est
1319 3428 1693 3498 prosequenda
1715 3471 1730 3493 ,
1757 3439 1959 3502 quanto

347 3511 526 3582 major
551 3513 634 3568 vis
659 3522 744 3569 est
771 3515 1061 3584 spiritualis
1092 3527 1273 3587 partus
1297 3533 1457 3588 quam
1489 3520 1767 3575 naturalis.
1799 3521 1956 3590 Qua:-

350 3615 474 3655 aam
506 3602 669 3672 igitur
697 3603 794 3658 fuit
826 3604 912 3659 illa
943 3620 1127 3662 mensa
1153 3649 1169 3672 ,
1196 3608 1350 3677 cujus
1378 3609 1632 3680 reliquias
1656 3612 1808 3667 vobis
1832 3628 1954 3668 ser-

347 3693 632 3750 vavimus?
665 3695 837 3752 Verba
867 3709 1021 3754 erant
1059 3702 1286 3771 apostoli
1311 3741 1328 3767 ,
1355 3716 1420 3756 ex
1457 3702 1653 3771 quibus
1687 3713 1814 3802 tupc
1842 3721 1950 3760 non

347 3797 534 3853 parum
557 3788 864 3843 nutrimenti
885 3790 1179 3859 spiritualis
1200 3793 1557 3862 percepimus,
1576 3794 1728 3865 cujus
1743 3788 1950 3866 partem

345 3879 536 3933 chIris
562 3879 828 3935 mentibus
859 3881 1168 3948 indidimns,
1199 3885 1478 3954 partemin
1497 3885 1815 3943 hodiernum
1840 3888 1953 3944 dis-

345 3969 606 4036 tulimus,
657 3985 724 4027 ne
765 3972 1110 4028 multitudine
1156 3988 1472 4031 sermonum
1514 3977 1827 4034 memoriam
1857 3996 1951 4036 ve-

342 4067 510 4113 stram
535 4062 904 4116 obrueretnns.
949 4063 1207 4131 (lumbam
1254 4066 1414 4135 igitur
1454 4075 1578 4121 sunt
1622 4067 1710 4122 illa
1741 4070 1947 4125 verba?

344 4148 600 4204 [labentes
628 4161 794 4206 autem
820 4155 1050 4209 eumdem
1079 4155 1335 4223 Spiritum
1365 4157 1516 4224 ﬁdei,
1544 4160 1674 4212 sicut
1701 4161 1946 4230 scriptum

315 4252 412 4294 .est
437 4257 456 4294 :
485 4241 691 4296 Credidi
709 4285 724 4306 ,
767 4256 974 4314 propter
1009 4248 1146 4312 quod
1188 4249 1425 4318 loquutus
1462 4268 1577 4304 sum
1609 4267 1628 4305 :
1655 4254 1808 4306 etiam
1853 4271 1946 4308 nos

338 4333 591 4389 credimus
609 4375 625 4399 ,
653 4349 960 4406 σκαμωνία-
987 4347 1034 4392 et
1061 4339 1313 4406 loquimur
1334 4342 1351 4410 (
1376 4340 1432 4395 2.
1464 4340 1585 4397 Cor.
1614 4343 1666 4398 4.
1707 4344 1771 4398 15
1795 4346 1834 4414 ).
1869 4345 1944 4400 De

335 4439 440 4492 qua
472 4426 632 4495 igitur
659 4427 762 4480 llth
789 4428 858 4482 sit
883 4442 1064 4482 sermo
1085 4469 1103 4496 ,
1136 4439 1314 4485 utrum
1339 4431 1408 4486 de
1436 4447 1498 4487 ca
1533 4449 1628 4503 per
1647 4449 1808 4504 quam
1843 4452 1938 4506 pa-

337 4525 548 4571 trantur
577 4517 840 4588 prodigia,
862 4524 937 4576 de
960 4536 1063 4592 qua
1092 4521 1344 4578 Christus
1373 4525 1497 4581 dicit
1523 4570 1538 4592 ,
1573 4527 1637 4582 Si
1665 4529 1941 4587 habueritis

335 4607 490 4672 fidem
513 4608 642 4662 sicut
664 4628 880 4679 granum
905 4614 1096 4682 sinapi,
1126 4615 1301 4670 dicetis
1334 4620 1494 4673 monti
1520 4620 1664 4687 huic,
1693 4621 1862 4693 Nigra
1893 4636 1940 4678 ct

334 4698 574 4768 migrabit
610 4699 822 4766 (Matth.
854 4703 940 4758 17.
973 4705 1061 4775 19)
1090 4723 1102 4758 :
1132 4721 1200 4760 an
1227 4706 1294 4764 de
1315 4723 1402 4774 ea,
1430 4725 1550 4779 qum
1577 4713 1936 4782 cognitionem

333 4789 387 4843 iis
419 4790 573 4846 nobis
595 4792 783 4862 gignit,
809 4796 1104 4851 secundum
1119 4814 1278 4866 quam
1297 4813 1485 4855 omnes
1508 4817 1692 4858 sumus
1711 4806 1933 4863 lidcles:

332 4891 443 4933 tum
467 4896 571 4949 qua
594 4881 665 4938 de
683 4898 842 4937 causa
870 4884 1099 4954 Spiritus
1131 4889 1253 4944 lidci
1284 4891 1355 4946 sit
1381 4892 1578 4962 dictus,
1609 4903 1665 4950 et
1686 4913 1933 4966 quamam

330 4971 400 5024 sit
438 4969 552 5026 haec
587 4972 719 5029 fides
751 4991 772 5030 :
802 4976 916 5032 haec
955 4979 1132 5033 otnnia
1166 4995 1264 5050 pro
1292 4982 1496 5039 viribus
1526 4985 1668 5054 apud
1700 5000 1932 5046 vestram

335 5061 686 5118 tliSsernitnus
704 5067 981 5123 caritatem
1005 5111 1018 5132 ,
1063 5080 1224 5140 atque
1255 5073 1466 5128 interim
1493 5078 1655 5133 etiam
1684 5080 1754 5136 de
1783 5082 1928 5138 elec-

336 5167 551 5224 tnosyna
582 5157 738 5212 verba
772 5156 1018 5215 fecimus.
1063 5162 1197 5216 Cum
1231 5179 1362 5218 vero
1387 5180 1688 5236 superesset
1721 5173 1929 5242 disqui-

353 5245 549 5299 t‘lltllllll
575 5288 591 5310 ,
623 5264 724 5302 cur
747 5248 948 5304 dictum
977 5251 1047 5305 sit
1071 5294 1087 5317 ,
1118 5251 1369 5310 Ettmdem
1399 5257 1651 5327 Spiritum
1680 5262 1802 5331 ﬁdei
1827 5303 1844 5328 ,
1874 5275 1928 5320 et

335 5347 440 5401 (me
461 5336 802 5394 multitudine
824 5355 1012 5395 eorum
1033 5359 1155 5414 quae
1181 5346 1289 5414 jam
1313 5347 1576 5417 dixerant,
1607 5367 1711 5407 non
1745 5356 1928 5414 liceret

339 5425 485 5477 uiam
514 5426 630 5480 bare
658 5429 821 5484 verba
843 5430 1128 5503 diligenter
1147 5451 1401 5494 enarrare
1427 5457 1440 5494 :
1467 5431 1587 5496 ideo
1616 5444 1668 5497 in
1697 5460 1927 5514 pnesen-

345 5529 432 5568 em
460 5515 600 5572 diem
627 5535 688 5574 ea
717 5524 1075 5590 reposuimus,
1101 5535 1155 5580 et
1180 5544 1320 5583 nunc
1350 5529 1740 5588 illud’debitnm
1772 5540 1922 5595 vobis

322 5607 582 5663 reddituri
613 5612 875 5668 venimus.
910 5615 1017 5670 Cur
1060 5617 1219 5689 igitur
1260 5620 1434 5687 dixit,
1482 5622 1732 5680 Eumdem
1755 5628 1781 5682 .’
1810 5629 1922 5684 Ma-

404 5757 1011 5848 glgug-ttsszifinsdcm
1021 5769 1230 5848 f-pridic
1253 5776 1609 5848 sermocinatus
1622 5781 1684 5830 de
1707 5781 1784 5833 his
1806 5797 1922 5848 apo-

317 5820 933 5905 .urrlbishslttaltentfs
952 5820 1112 5905 anteiit
1134 5820 1903 5905 eiimmiffg."

317 5883 490 5932 iterum
515 5883 578 5934 de
599 5883 772 5937 iisdem
796 5891 948 5944 rcrbis
971 5883 1234 5948 orationem
1258 5883 1574 5958 άιῄᾇνῶέὸᾶζ-
1768 5883 1855 5907 ιη,

2079 2111 2320 2126 .-

2098 2245 2259 2303 gnam
2301 2232 2678 2304 cognationem
2721 2229 2857 2286 Novi
2899 2229 3234 2288 Testamenti
3269 2239 3328 2288 et
3360 2226 3572 2286 Veteris
3602 2229 3720 2286 vult

2095 2326 2385 2380 ostendere
2411 2342 2426 2379 :
2457 2324 2578 2380 ideo
2604 2323 2883 2395 prophetae
2911 2323 3073 2378 etiam
3103 2323 3267 2378 verba
3295 2323 3450 2378 nobis
3475 2337 3715 2380 comme-

2097 2425 2274 2470 tuorat
2301 2417 2488 2472 dicens
2519 2433 2534 2470 :
2573 2414 2829 2472 Habentes
2857 2426 3027 2470 autem
3061 2415 3291 2470 enuidens
3336 2415 3629 2487 Spiritum;
3659 2424 3719 2472 et

2093 2503 2355 2574 adjiciens
2389 2524 2404 2560 :
2431 2505 2580 2561 Sicut
2604 2507 2853 2576 scriptum
2871 2518 2946 2564 est
2965 2524 2982 2561 :
3001 2506 3207 2562 Credidi
3234 2516 3442 2577 propter
3464 2506 3601 2577 quod
3626 2506 3716 2561 lo-

2099 2605 2287 2665 quutus
2304 2613 2417 2650 sum
2445 2596 2618 2662 (Psal.
2647 2598 2673 2652 1
2691 2599 2771 2654 I5.
2804 2597 2917 2668 10).
2943 2597 3055 2653 lloc
3085 2607 3265 2652 autem
3294 2597 3612 2667 jamdudum
3651 2603 3710 2652 ct

2089 2700 2219 2744 ante
2248 2689 2445 2744 multas
2466 2699 2654 2746 :etates
2687 2689 2852 2745 David
2892 2690 3137 2757 dixerat,
3166 2689 3312 2761 quod
3340 2705 3481 2746 nunc
3509 2687 3710 2744 Paulus

2091 2778 2338 2848 adduxit,
2380 2780 2626 2836 iudicans
2661 2781 2910 2836 eamdem
2951 2779 3183 2850 Spiritus
3211 2781 3464 2852 gratiam,
3493 2789 3552 2836 et
3582 2789 3709 2836 tunc

2089 2868 2145 2922 in
2187 2869 2279 2925 illo
2301 2911 2320 2937 ,
2357 2879 2415 2927 et
2452 2886 2594 2928 nunc
2624 2872 2678 2926 in
2710 2871 2894 2934 nobis.
2930 2869 3050 2927 lidei
3084 2871 3294 2927 radices
3321 2871 3565 2942 posuisse
3593 2889 3612 2928 :
3640 2885 3707 2926 ac

2085 2959 2134 3016 si
2162 2959 2390 3027 diceret,
2423 2961 2572 3017 idem
2597 2971 2683 3016 est
2705 2963 2829 3019 ﬁdei
2856 2961 3115 3035 Spiritus,
3132 2963 3222 3034 qui
3246 2961 3301 3017 in
3329 2962 3421 3017 illo
3447 2962 3700 3034 loquutus

2085 3059 2170 3106 cst
2192 3092 2209 3117 ,
2235 3063 2290 3107 et
2320 3053 2372 3106 in
2398 3051 2552 3107 nobis
2579 3064 2855 3123 operatus.

2161 3143 2220 3199 2.
2260 3143 2454 3198 Contra
2484 3141 2821 3200 Hattichaos.
2848 3175 2922 3186 —
2949 3143 3052 3203 Ubi
3081 3161 3225 3201 nunc
3263 3152 3391 3202 sunt
3416 3146 3508 3216 qui
3532 3143 3701 3199 Vetus

2084 3234 2498 3292 Testamentum
2528 3237 2906 3303 criminantur,
2937 3239 3028 3308 qui
3057 3252 3256 3308 corpus
3280 3238 3575 3308 Scriptura:
3621 3239 3702 3294 di-

2081 3326 2342 3393 lacerant,
2374 3329 2467 3397 qui
2513 3327 2677 3384 alium
2720 3327 2902 3397 Novo,
2944 3330 3109 3384 aliutn
3135 3328 3315 3386 Veteri
3349 3327 3707 3386 Testamento

2082 3417 2252 3476 Deum
2277 3419 2617 3476 attribuunt?
2648 3421 2884 3478 Audiam
2914 3422 3137 3478 Paulum
3185 3423 3348 3494 impia
3393 3438 3493 3479 ora
3536 3426 3695 3479 obtu-

2077 3522 2312 3579 rantem,
2361 3515 2784 3586 impnguatrices
2835 3515 2929 3571 Dei
2977 3515 3186 3588 linguas
3231 3514 3608 3584 cohibentem,
3641 3528 3703 3572 et

2079 3603 2182 3661 hoe
2211 3605 2356 3661 dicto
2398 3607 2778 3663 ostendentem
2820 3608 3070 3664 eumdem
3113 3624 3235 3666 csse
3279 3609 3540 3679 Spiritum
3585 3619 3702 3666 tam

2075 3695 2210 3752 Novi
2239 3712 2404 3768 quam
2436 3697 2650 3755 Veteris
2686 3698 3039 3756 Testamenti.
3070 3699 3204 3755 Nam
3247 3709 3301 3756 et
3331 3701 3447 3772 ipsa
3474 3701 3702 3759 nomina

2076 3802 2325 3858 magnam
2359 3789 2516 3845 nobis
2560 3779 3033 3848 'l‘estamentorum
3079 3793 3491 3849 consonantiam
3520 3794 3692 3865 signi-

2076 3877 2259 3934 ilcant.
2302 3879 2512 3936 Novum
2537 3882 2685 3938 enim
2716 3881 2785 3937 ad
2813 3881 3174 3940 ditl'erentiam
3216 3885 3427 3942 Veteris
3464 3887 3685 3951 dicitur,

2070 3980 2128 4027 et
2148 3972 2312 4028 Vetus
2336 3972 2404 4028 ad
2430 3973 2795 4030 differentiam
2816 3975 2974 4041 Novi,
3004 3977 3145 4032 sicut
3168 3987 3224 4034 et
3250 3976 3448 4034 Paulus
3473 3980 3679 4050 inquit:

2071 4060 2304 4118 Dicenda
2331 4063 2558 4130 Novum,
2582 4067 2863 4136 antiquatvit
2896 4067 3030 4123 illud
3066 4071 3209 4139 prius
3243 4069 3429 4140 (Hebr.
3461 4071 3518 4128 8.
3563 4072 3690 4142 15).

2069 4154 2184 4212 Nisi
2212 4173 2344 4212 vero
2367 4159 2614 4227 ejusdem
2643 4171 2828 4216 essent
2855 4160 3092 4227 Domini,
3121 4177 3297 4233 neque
3325 4163 3428 4220 hoc
3447 4163 3689 4231 Novum,

2068 4263 2244 4319 neque
2276 4249 2407 4304 illud
2435 4250 2597 4306 Vetus
2624 4253 2886 4323 appellari
2915 4261 3116 4323 posset.
3149 4252 3333 4324 Itaque
3366 4254 3470 4310 hoc
3506 4255 3690 4325 ipsum

2069 4342 2348 4396 nominum
2374 4342 2674 4399 discrimen
2711 4345 3097 4415 cognationem
3125 4345 3405 4416 utriusque
3444 4348 3640 4402 indicat
3665 4367 3688 4403 :

2071 4441 2127 4487 ct
2154 4432 2456 4489 differentia
2505 4434 2620 4490 luce
2649 4449 2754 4489 non
2785 4444 2868 4490 est
2896 4434 2951 4490 in
2979 4449 3167 4490 eorum
3204 4436 3469 4503 essentia,
3489 4439 3588 4494 sed
3625 4441 3685 4496 in

2067 4529 2366 4582 mutatione
2409 4536 2756 4597 temporum:
2791 4528 2908 4582 solo
2951 4528 3097 4583 enim
3129 4537 3376 4599 tempore
3420 4545 3620 4587 novum
3646 4547 3684 4587 a

2063 4617 2235 4672 Veteri
2263 4619 2447 4673 distat.
2480 4618 2755 4674 Cmterum
2805 4629 3108 4687 temporum
3149 4619 3456 4677 diti‘erentia
3479 4615 3684 4682 nullam

2060 4707 2284 4763 dominii
2342 4711 2694 4765 mutationem
2751 4709 2941 4776 ali'ert,
2989 4727 3165 4782 neque
3205 4712 3618 4771 diminutionem
3659 4735 3678 4772 :

2063 4799 2115 4853 id
2141 4799 2284 4869 quod
2333 4809 2388 4854 et
2425 4800 2676 4856 (Iln-istus
2708 4800 2964 4856 indicavit
2989 4803 3215 4858 dicens:
3252 4802 3532 4875 Propterea
3559 4806 3684 4860 diro

2059 4889 2197 4943 vobis
2227 4907 2245 4944 :
2277 4893 2443 4946 omnis
2492 4892 2658 4946 scriba
2698 4893 2878 4947 doctus
2920 4895 2974 4947 in
3013 4909 3170 4965 regno
3210 4897 3451 4951 calorum
3490 4899 3679 4953 similis

2058 4993 2130 5036 est
2159 4983 2354 5036 homini
2400 4985 2789 5055 patrifamilias,
2829 4985 2917 5054 qui
2960 4989 3156 5058 profert
3201 4987 3267 5041 de
3310 4991 3549 5045 thesauro
3579 5009 3678 5045 suo

2055 5091 2184 5128 nova
2211 5087 2256 5129 et
2282 5088 2449 5131 cetera
2480 5077 2695 5148 (Matth.
2732 5080 2817 5134 15.
2850 5079 2969 5149 52).
2996 5080 3155 5134 Vides
3175 5081 3417 5138 diversas
3446 5086 3664 5157 quidem

2056 5169 2448 5236 possessiones,
2474 5168 2613 5223 idem
2657 5185 2786 5225 vero
2815 5170 3161 5228 dominium?
3194 5173 3664 5240 Quemadmodum

2052 5260 2212 5331 igitur
2238 5261 2335 5317 ille
2359 5271 2535 5331 potest
2556 5263 2878 5334 depromere
2923 5280 3060 5319 nova
3105 5274 3161 5321 et
3199 5277 3405 5333 vetera,
3432 5284 3555 5324 cum
3592 5272 3665 5325 sit

2051 5369 2190 5408 unus
2215 5365 2270 5410 et
2301 5353 2442 5410 idem
2488 5357 2872 5425 paterfamilias
2900 5374 2914 5410 :
2945 5357 3016 5412 ita
3049 5357 3137 5413 hic
3161 5374 3376 5430 quoque
3413 5361 3544 5416 nihil
3576 5378 3666 5416 ve.

2051 5453 2129 5500 tat
2157 5445 2407 5516 ejusdem
2437 5462 2560 5503 esse
2587 5447 2684 5506 Dei
2712 5458 2824 5503 tum
2855 5448 3087 5516 Novum,
3117 5459 3229 5506 tum
3271 5451 3436 5507 Vetus
3475 5453 3664 5509 Testa-

2051 5548 2290 5594 mentum
2327 5556 2342 5592 :
2388 5540 2491 5595 hoc
2529 5541 2704 5610 ipsum
2735 5542 2881 5597 enim
2926 5543 3165 5599 maxime
3199 5544 3400 5600 indicat
3436 5548 3555 5616 ejus
3580 5549 3664 5602 di-

2047 5630 2206 5687 vitias
2246 5641 2303 5687 et
2349 5632 2756 5701 abundantiam,
2795 5634 2940 5705 quod
2985 5650 3093 5691 non
3140 5637 3315 5693 solum
3362 5656 3500 5696 nova
3530 5656 3657 5714 pos-

2047 5722 2241 5786 sideat,
2270 5737 2456 5778 verum
2499 5725 2662 5780 etiam
2711 5727 2764 5782 in
2797 5726 3068 5784 veteribus
3109 5729 3494 5788 abundantiam
3546 5749 3658 5806 pra

2045 5827 2104 5868 se
2137 5814 2289 5869 ferat.

2118 5904 2238 5962 Non
2279 5910 2536 5967 contraria
2565 5920 2682 5968 sunt
2712 5912 2813 5969 duo
2842 5910 3202 5982 Testamenta;
3236 5914 3441 5974 Novum
3479 5914 3654 5975 Vetere
