4088 6456
418 347 527 403 18$

418 457 709 528 perfectius.
734 489 808 502 -—
833 461 1012 532 Itaque
1031 465 1251 518 nomine
1278 474 1482 520 tantum
1509 466 1648 523 inter
1672 483 1730 524 se
1757 468 2012 525 dill‘erunt

419 547 786 615 Testamenta,
819 561 873 605 at
902 568 1007 607 non
1049 567 1307 624 pugnant,
1339 572 1516 628 neque
1558 569 1682 614 sunt
1721 563 2011 628 contraria,

428 637 593 694 Vetus
617 641 758 696 enim
780 657 844 696 ex
870 657 1010 698 novo
1048 645 1105 699 tit
1131 655 1316 711 vetus;
1347 648 1449 704 hoc
1478 658 1656 704 autem
1685 666 1791 705 non
1822 665 2014 723 pugnis

419 737 503 784 est
539 743 712 800 neque
729 733 1144 802 contrarietatis,
1169 736 1262 791 sed
1287 736 1602 794 dill‘erentiac
1636 743 1868 796 nominis
1898 751 2015 798 tan-

426 820 722 876 tummodo.
776 822 890 893 Ego
930 836 1110 880 autem
1136 828 1298 895 addo,
1326 831 1468 900 quod
1496 831 1704 887 etiamsi
1731 836 2014 891 cantraria:

421 921 606 968 essent
648 914 792 984 leges
827 915 1034 973 Veteris
1085 920 1291 989 legibus
1343 922 1498 990 Novi,
1545 939 1911 982 asseverarem
1949 944 2015 984 ne

419 1002 499 1057 sic
532 1003 746 1072 quidem
782 1007 944 1063 alium
974 1009 1137 1065 Deum
1167 1009 1335 1068 fuisse
1373 1015 1917 1082 superinducemlum.
1953 1019 2013 1074 Si

421 1092 564 1146 enim
595 1094 787 1150 eodem
821 1107 1082 1168 tempore,
1114 1101 1318 1156 eisdem
1350 1103 1679 1169 hominibus,
1711 1107 1762 1162 in
1809 1107 2013 1162 eisdem

424 1180 587 1237 rebus
625 1188 982 1253 versantibus,
1013 1190 1201 1246 eadem
1231 1195 1412 1249 munia
1435 1197 1778 1265 abeuntihus,
1799 1208 2014 1253 eontra-

423 1271 534 1326 rias
559 1273 703 1345 leges
732 1277 1027 1346 statuisset,
1059 1282 1322 1338 rationem
1371 1285 1612 1342 fortassis
1656 1289 1890 1358 aliquam
1924 1291 2016 1342 lia-

425 1362 553 1419 here
597 1367 857 1435 potuisset
902 1385 1265 1430 eonunentum
1318 1377 1554 1448 ipsorum
1588 1397 1602 1433 :
1633 1380 1777 1451 quod
1808 1381 1852 1436 si
1895 1382 2017 1436 aliis

423 1453 549 1519 ilhc,
581 1457 700 1513 aliis
734 1460 816 1516 hac
863 1465 1077 1534 scriptae
1121 1476 1267 1535 sunt,
1299 1470 1407 1525 alio
1460 1482 1701 1542 tempore
1749 1473 1878 1538 illis.
1908 1475 2016 1530 alio

422 1545 526 1612 his,
557 1548 713 1604 aliter
751 1567 813 1607 se
852 1553 1172 1613 habentibus
1203 1558 1309 1615 illis
1349 1560 1676 1628 hominibus,
1711 1565 1863 1618 aliter
1906 1564 2012 1633 his,

420 1635 547 1703 quid
598 1653 822 1697 necesse
851 1652 937 1698 est
986 1657 1204 1718 propter
1254 1651 1430 1720 legum
1478 1652 1832 1709 ditl'ereutiam
1881 1653 2017 1711 duos

418 1730 725 1788 contrarios
777 1733 1112 1808 legislatores
1161 1739 1460 1798 inducere?
1506 1743 1768 1813 Equidem
1815 1747 2015 1801 nullam

425 1823 798 1912 necessitatem
849 1828 1048 1886 video:
1091 1833 1190 1902 ipsi
1221 1834 1516 1905 proferant,
1556 1838 1600 1892 si
1648 1837 1844 1899 habent
1873 1839 2016 1912 quod

422 1911 601 1968 dicant
636 1932 651 1968 :
691 1917 787 1972 sed
834 1920 966 1975 nihil
1001 1922 1200 1980 habere
1242 1938 1486 1996 possunt.
1533 1929 1774 2002 Namque
1802 1943 1857 1986 et
1894 1911 2016 1987 me-

423 2002 575 2059 dicus
613 2020 986 2078 saepenumero
1034 2015 1197 2070 multa
1247 2021 1518 2074 centraria
1569 2020 1712 2086 fat-it,
1764 2023 1858 2077 Sed
1912 2039 2015 2077 non

420 2097 690 2152 contraria
720 2101 949 2169 ratione,
978 2103 1086 2160 imo
1109 2106 1295 2162 eadem
1327 2120 1382 2164 et
1408 2115 1786 2167 conveniente.
1807 2114 2015 2170 Etenim

421 2185 529 2243 urit
563 2198 618 2242 et
658 2204 763 2245 non
811 2197 933 2258 urit,
975 2206 1124 2251 secat
1151 2207 1203 2252 et
1235 2215 1339 2258 non
1370 2213 1518 2257 secat
1564 2220 1728 2259 unmn
1758 2216 1813 2259 et
1869 2207 2009 2260 idem

420 2288 618 2348 corpus
648 2295 662 2332 :
695 2295 835 2335 nunc
869 2297 1075 2347 amara,
1118 2301 1261 2342 nunc
1290 2287 1464 2343 dulcia
1507 2291 1795 2360 pharmaca
1841 2293 1908 2347 ad
1940 2293 2019 2351 bi-

420 2366 652 2423 bendum
674 2371 831 2427 olfert
855 2391 868 2427 :
895 2383 950 2428 et
979 2375 1104 2431 facit
1126 2377 1341 2454 quidem
1364 2383 1661 2448 Contraria,
1687 2383 1780 2437 sed
1809 2384 2017 2439 ratione

421 2458 583 2514 simili
609 2471 771 2533 atque
808 2465 996 2520 eadem
1029 2485 1043 2520 :
1077 2485 1241 2525 unum
1281 2471 1424 2526 enim
1470 2472 1631 2529 finem
1677 2484 1904 2546 spectat,
1935 2476 2020 2530 ni-

423 2549 618 2606 mirum
648 2555 776 2624 aagri
817 2556 1124 2614 sanitatem.
1170 2561 1364 2619 Annon
1408 2563 1568 2634 igitur
1608 2565 1899 2621 absurdum
1935 2575 2022 2622 est

421 2640 689 2697 medicum
711 2646 926 2714 quidem
961 2664 1066 2703 non
1099 2650 1370 2718 incusare,
1390 2653 1532 2724 quod
1561 2655 1728 2709 multa
1749 2658 2018 2710 contraria

423 2731 583 2786 faciat
605 2734 747 2791 circa
775 2737 935 2796 unius
955 2741 1196 2810 corporis
1220 2750 1490 2808 naturam,
1513 2743 1683 2798 Deum
1705 2756 1883 2800 autem
1911 2747 2020 2800 cri-

426 2824 618 2883 minari
666 2827 808 2899 quod
853 2826 1069 2884 diverso
1123 2840 1386 2904 tempore,
1430 2833 1657 2892 diversis
1689 2834 2014 2905 hominibus,

429 2914 644 2971 diversa
675 2919 921 2972 mandata
950 2920 1200 2976 dederit?

495 3007 551 3061 3.
595 3007 1027 3067 Demonstratum
1074 3024 1157 3070 est
1206 3015 1366 3086 igitur
1395 3031 1503 3073 non
1553 3016 1720 3074 fuisse
1765 3019 2019 3077 incusan-

425 3097 574 3163 dum,
608 3100 821 3159 etiamsi
875 3105 1022 3175 leges
1070 3106 1209 3161 inter
1249 3123 1307 3164 se
1338 3109 1564 3166 fuissent
1604 3114 1888 3168 contraria:
1916 3130 1929 3166 :
1961 3123 2020 3169 ut

423 3200 603 3250 autent
650 3194 884 3252 sciamus
937 3213 1044 3254 non
1094 3213 1218 3255 esse
1264 3202 1584 3268 contrarias,
1633 3203 1729 3257 sed
1780 3203 2018 3260 diversas

425 3293 664 3353 tantttm,
712 3302 812 3358 age
868 3289 1012 3362 ipsas
1063 3290 1208 3361 leges
1246 3292 1312 3346 ‘in
1354 3293 1591 3352 medium
1640 3294 2016 3366 producamus.

425 3376 675 3445 Audistis,
694 3379 883 3451 inquit,
915 3384 1050 3454 quod
1069 3385 1262 3440 dictum
1282 3387 1347 3440 sit
1376 3388 1618 3455 antiquis,
1650 3386 1773 3442 Non
1800 3390 2018 3444 occides.

425 3467 552 3530 llaec
599 3470 682 3526 les
729 3481 812 3528 est
864 3482 1058 3540 vetus;
1109 3475 1382 3531 rideamus
1431 3493 1571 3533 lltlllc
1619 3494 1862 3534 novam:
1904 3479 2019 3548 Ego

421 3572 590 3622 autem
633 3563 748 3618 dico
791 3566 946 3630 vobis,
987 3569 1290 3644 quicumque
1338 3570 1576 3622 irascitur
1620 3571 1772 3641 fratri
1812 3588 1906 3625 suo
1947 3582 2019 3625 tee-

423 3673 579 3724 mere,
629 3675 745 3713 reus
796 3669 872 3713 est
919 3661 1163 3731 ganeum:
1207 3662 1338 3734 ignis
1388 3662 1599 3733 (Matth.
1654 3664 1706 3718 5.
1755 3663 1846 3718 2|.
1899 3663 2014 3732 22).

425 3747 673 3809 ll.eecine
695 3760 838 3815 sunt,
866 3751 1113 3818 obsecro,
1150 3755 1416 3811 contraria
1449 3755 1736 3826 mandata?
1782 3755 1849 3809 Et
1897 3757 2018 3826 quis

427 3838 529 3892 hoc
572 3839 776 3894 diceret
823 3842 1147 3907 mortalium,
1179 3843 1339 3902 modo
1385 3845 1605 3899 rationis
1647 3847 1907 3917 compos?
1959 3847 2016 3901 Si

423 3930 566 3984 enim
593 3931 769 3999 priore
807 3931 924 4002 lege
953 3943 1166 3990 vetante
1189 3934 1456 3999 occidere,
1489 3936 1754 4005 posterior
1774 3936 2013 4006 juberet,

424 4021 648 4078 fortasse
659 4024 854 4096 aliquis
867 4025 917 4078 in
936 4023 1020 4084 his
1037 4041 1120 4080 vet
1133 4024 1401 4095 bislegum
1422 4043 1647 4097 pugnam
1663 4043 1780 4082 esse
1791 4027 2013 4088 diceret:

423 4129 567 4171 nunc
605 4130 725 4169 cum
776 4115 864 4169 illa
886 4115 1108 4185 jubcnte
1156 4132 1263 4169 non
1311 4117 1578 4182 occidere,
1629 4119 1743 4171 [nec
1765 4117 1918 4186 jttbet
1951 4134 2017 4173 ne

423 4206 578 4266 irasci
607 4206 841 4273 quidem,
865 4217 1093 4276 augetur
1116 4208 1263 4275 prius
1295 4206 1623 4271 mandatum,
1655 4225 1758 4262 non
1796 4208 2018 4263 all‘ertur

423 4303 798 4354 contrarium:
841 4299 928 4352 illa
957 4299 1099 4352 enim
1143 4298 1368 4353 fructum
1412 4300 1628 4354 malitiae
1668 4311 1896 4366 resecat,
1933 4303 2014 4354 vi-

424 4387 612 4448 delicet
635 4396 834 4443 caedem
864 4407 878 4440 :
909 4388 1023 4444 lnrc
1044 4404 1171 4444 vero
1190 4390 1347 4445 etiatn
1372 4391 1601 4446 radicem
1627 4392 1793 4465 ipsam
1816 4394 2013 4460 evellit,

424 4479 674 4540 nimirum
705 4480 1030 4536 iracundiam
1064 4498 1077 4534 :
1110 4482 1198 4538 illa
1228 4483 1400 4536 rivum
1428 4483 1716 4550 tollitvitii,
1751 4483 1864 4537 lnrc
1894 4484 2011 4538 l‘on-

425 4579 531 4631 tem
581 4571 751 4640 ipsum
803 4572 1055 4634 exsiccat.
1113 4571 1256 4626 Fons
1299 4575 1441 4626 enim
1469 4585 1523 4626 et
1550 4575 1698 4628 radix
1740 4576 1904 4630 caedis
1934 4586 2017 4632 est

424 4661 572 4720 luror
615 4669 669 4714 et
712 4660 1003 4716 iracundia.
1039 4661 1128 4715 Illa
1161 4663 1242 4716 lex
1277 4670 1520 4720 naturam
1568 4674 1803 4718 nostram
1835 4675 2014 4734 poste-

423 4750 552 4806 riori
608 4753 928 4821 paratiorem
970 4753 1229 4816 reddidit,
1285 4754 1399 4809 Int-c
1445 4759 1828 4824 superveniens
1874 4758 2014 4833 quod

425 4843 831 4905 desiderabatur
878 4845 1163 4919 supplevit.
1198 4846 1452 4920 Quaenam
1499 4847 1614 4905 inec
1668 4856 1752 4903 est
1797 4859 2013 4909 contra-

426 4935 605 4998 rietas,
639 4934 766 4989 dum
815 4952 915 4990 una
950 4936 1108 4998 linem
1156 4938 1438 5002 malorum,
1469 4940 1635 4993 altera
1684 4956 1810 4994 vero
1854 4942 2012 4995 ctiam

429 5027 742 5095 principium
771 5029 1070 5096 exstirpat?
1113 5028 1203 5082 Illa
1231 5045 1443 5084 manum
1475 5047 1658 5101 puram
1689 5031 1807 5086 facit
1836 5048 1866 5086 a
1885 5049 2011 5086 sau-

426 5119 604 5185 guine,
635 5117 748 5174 hac
776 5130 1008 5175 mentem
1037 5122 1196 5176 etiam
1226 5133 1402 5177 servat
1436 5138 1464 5175 a
1502 5123 1638 5184 mala
1668 5125 2008 5195 cogitatione.

429 5207 554 5262 lia-c
574 5221 750 5263 autem
777 5212 1222 5266 consentientium
1247 5221 1371 5271 sunt
1411 5214 1606 5283 legunt,
1637 5232 1738 5268 non
1773 5233 2012 5287 pugnan-

426 5299 578 5363 tium,
613 5301 749 5354 sicut
777 5303 1012 5357 veritatis
1057 5304 1255 5361 inimici
1289 5305 1563 5359 adstruere
1594 5317 1871 5373 conantur,
1908 5326 2010 5363 non

427 5392 934 5454 animazlvertcntcs,
968 5394 1109 5463 quod
1141 5396 1217 5449 sic
1258 5412 1449 5464 magno
1494 5397 1710 5452 incuria!
1740 5411 1793 5451 et
1835 5403 2009 5469 segni-

435 5484 522 5536 tici
566 5483 772 5537 crimini
806 5487 966 5540 Deum
997 5487 1129 5540 Navi
1175 5487 1503 5541 Testatncnti
1551 5489 1805 5556 objiciunt
1831 5511 1841 5544 :
1867 5506 1983 5547 eum

429 5575 664 5642 perietnr
689 5575 826 5626 enim
854 5577 989 5631 licus
1016 5580 1152 5646 (qu-.e
1184 5579 1395 5649 quidem
1431 5579 1752 5646 blasphemia
1784 5582 1834 5634 in
1857 5593 2014 5650 caput

429 5664 638 5717 illorum
671 5675 860 5722 vertat.
893 5667 977 5733 qui
1013 5668 1161 5718 uultis
1202 5669 1312 5721 lure.
1354 5668 1600 5736 loquendi
1644 5672 2009 5722 necessitatem

425 5756 736 5824 inqtonnnt}
771 5758 1144 5833 initur-postne
1195 5775 1280 5818 res
1335 5771 1542 5814 nostras
1593 5762 2004 5831 dispeusavisse.

1135 353 1191 408 S.
1226 353 1504 411 JOA‘NNIS
1538 354 2024 415 CIIRYSOSTOMI
2065 360 2383 418 ARCIIIEP.
2425 360 2964 417 CONSTANTINOP.

3615 357 3734 419 284

2123 472 2255 540 Qtue
2286 484 2461 527 autem
2484 473 2623 534 dico.
2655 474 2733 528 sic
2748 473 2910 526 vobis
2933 471 3160 527 clariora
3187 468 3398 527 faciam.
3420 470 3604 528 Laetis
3621 470 3734 525 sli-

2120 572 2304 618 tnento
2331 564 2520 616 similis
2545 575 2628 618 est
2660 562 2868 617 Veteris
2906 562 3238 617 Tesmmcnli
3261 560 3532 627 educatio,
3553 561 3744 616 solido

2121 669 2250 709 vero
2271 655 2392 708 cibo
2411 653 2543 709 Novi
2568 654 2898 710 Tcstamenti
2925 654 3265 725 philosophia
3286 673 3300 708 :
3325 669 3391 710 ac
3416 669 3580 708 nemo
3597 663 3730 710 ante

2121 745 2273 800 lactis
2301 746 2605 800 alimoniam
2649 747 2880 801 solidum
2915 747 3093 801 cibum
3133 746 3372 802 adhibet.
3405 746 3560 816 Quod
3599 746 3726 816 qui-

2121 833 2240 889 dem
2269 833 2401 888 Novi
2434 834 2768 891 Testamenti
2801 837 2940 892 Deus
2970 837 3114 903 fecit,
3137 836 3182 891 si
3211 852 3317 892 non
3349 835 3492 891 idem
3522 845 3606 891 est
3635 836 3728 906 qui

2119 926 2278 980 etiam
2305 924 2468 982 Vetus
2498 926 2732 994 prodidit
2765 944 2780 983 :
2814 929 2960 996 prius
2986 928 3131 982 enim
3166 942 3328 997 quam
3368 926 3508 982 lacte
3554 926 3727 979 nutri-

2121 1025 2223 1084 ret,
2256 1016 2360 1071 hoc
2402 1025 2489 1073 est
2531 1017 2663 1088 legis
2713 1019 3016 1088 disciplina,
3045 1019 3111 1074 ad
3152 1019 3385 1074 solidum
3416 1031 3516 1072 nos
3543 1016 3727 1071 cihmn

2119 1109 2359 1162 adduxit.
2392 1109 2507 1164 Non
2538 1109 2694 1180 hujus
2721 1121 2899 1166 autent
2931 1111 3127 1172 solum,
3156 1111 3252 1164 sed
3294 1108 3514 1176 maioris
3558 1108 3726 1163 etiam

2119 1201 2357 1256 criminis
2375 1218 2496 1256 eum
2524 1219 2674 1259 reum
2714 1203 2935 1271 faciunt,
2952 1201 3385 1273 quandoquidem
3409 1210 3529 1271 post
3554 1198 3722 1270 quin-

2120 1292 2272 1361 quies
2308 1291 2453 1345 mille
2496 1293 2712 1347 demum
2756 1309 2948 1359 annos,
2977 1301 3070 1347 aut
3099 1292 3298 1362 plures,
3333 1290 3725 1361 providentiam

2121 1382 2288 1436 nostri
2329 1383 2546 1452 generis
2574 1385 2828 1454 suscepit.
2870 1384 2925 1440 Si
2955 1385 3100 1438 enim
3132 1398 3236 1438 non
3271 1382 3411 1437 idem
3447 1392 3591 1448 erat,
3632 1380 3727 1450 qui

2121 1487 2216 1542 per
2261 1473 2548 1542 prophetas
2585 1483 2645 1530 et
2691 1474 3022 1543 patriarchas
3053 1483 3105 1529 et
3141 1475 3319 1545 justus
3363 1474 3610 1528 homines
3639 1487 3727 1526 res

2120 1572 2335 1617 nostras
2356 1563 2721 1633 dispensabat,
2754 1564 2848 1619 sed
2877 1565 3013 1619 alter
3039 1565 3302 1635 quispiam
3334 1575 3529 1634 pra-ter
3557 1563 3724 1628 hunc,

2120 1667 2243 1708 sero
2268 1653 2557 1708 admodum
2588 1666 2638 1708 et
2663 1656 2814 1710 tarde
2841 1655 3108 1710 videbitur
3137 1656 3302 1708 nostri
3333 1653 3724 1724 providentiam

2120 1742 2425 1815 aggressus,
2453 1747 2603 1816 quasi
2645 1762 2739 1819 per
2763 1756 3134 1802 anteactorum
3163 1746 3532 1815 ptenitentiam
3559 1744 3627 1798 ad
3663 1759 3726 1798 se

2123 1855 2409 1893 reversus:
2442 1839 2582 1908 quod
2626 1839 2841 1916 quidem
2881 1849 3086 1894 tantum
3130 1839 3284 1893 abest
3310 1854 3339 1893 a
3371 1839 3501 1900 Deo,
3536 1845 3594 1890 ut
3621 1849 3724 1892 nec

2122 1930 2175 1984 in
2207 1946 2371 1984 untnn
2412 1930 2656 2000 quemvis
2695 1930 2853 2002 vulgo
2904 1931 3178 1985 hominem
3230 1937 3517 2000 competat,
3572 1935 3723 1981 tanta

2123 2031 2364 2089 tempore
2410 2031 2515 2075 tam
2560 2022 2743 2076 multis
2790 2022 2967 2092 perire
3013 2021 3307 2092 permissis,
3358 2020 3413 2074 in
3461 2017 3725 2073 extremis

2120 2110 2338 2166 demum
2367 2112 2576 2166 saxulis
2602 2111 2666 2166 ad
2707 2127 2996 2181 paucorum
3033 2111 3385 2182 quorumdam
3433 2108 3725 2178 providen-

2123 2205 2248 2258 tiam
2278 2219 2340 2258 ac
2369 2219 2551 2259 curam
2592 2204 2870 2259 accedere.

2193 2295 2245 2349 4.
2293 2293 2439 2348 Unus
2468 2304 2540 2348 est
2589 2297 2848 2364 utriusque
2882 2294 3188 2348 Testamenti
3235 2293 3515 2361 legislatar.
3564 2289 3724 2346 Pauli

2122 2382 2497 2439 Samosatensis
2547 2401 2707 2438 error.
2744 2414 2816 2425 -—
2844 2384 3074 2439 Videsne
3113 2385 3328 2454 quantis
3371 2381 3724 2451 hlasphemiis

2123 2475 2293 2530 Deum
2323 2475 2520 2530 faciant
2551 2476 2844 2532 obnoxium
2887 2477 2998 2544 isti,
3027 2477 3118 2547 qui
3163 2478 3326 2532 alium
3353 2475 3488 2531 Novi
3533 2475 3726 2530 Testa-

2122 2570 2288 2623 mcnti
2315 2570 2673 2638 legislatorem
2697 2570 2901 2634 dicunt,
2933 2570 3098 2624 alium
3128 2567 3383 2624 Veteris?
3427 2568 3560 2634 Qua:
3591 2582 3725 2621 sane

2123 2672 2314 2714 onmes
2356 2669 2706 2725 evanescunt,
2756 2660 2801 2714 si
2850 2675 3014 2715 unum
3067 2661 3343 2727 utriusque
3389 2657 3725 2711 Testameutl

2122 2749 2482 2802 assentiamur
2511 2763 2631 2804 esse
2681 2749 2871 2804 Deum.
2924 2748 3016 2804 Sic
3060 2749 3204 2804 enim
3247 2747 3548 2818 apparebit,
3596 2762 3723 2800 cum

2121 2836 2310 2891 ordine
2334 2847 2388 2892 et
2427 2838 2565 2892 bona
2613 2839 2823 2894 ratione
2865 2855 2953 2894 res
2977 2850 3190 2894 nostras
3225 2839 3561 2908 dispensare,
3595 2845 3725 2891 tunc

2121 2928 2335 2998 quidem
2366 2944 2461 2996 per
2492 2928 2686 2999 legem,
2720 2945 2864 2985 nunc
2888 2939 3065 2985 autem
3107 2944 3201 3000 per
3234 2929 3456 2999 gratiam
3483 2946 3496 2981 :
3530 2938 3579 2982 et
3614 2941 3724 2981 non

2119 3033 2331 3085 recens,
2358 3035 2531 3089 neque
2585 3035 2772 3089 nuper,
2805 3021 2898 3075 sed
2951 3021 3062 3090 jam
3116 3021 3239 3074 inde
3287 3020 3355 3074 ah
3403 3019 3555 3074 initio
3581 3029 3639 3074 et
3687 3031 3754 3072 at!

2125 3111 2294 3179 prima
2323 3126 2494 3180 usque
2515 3112 2602 3167 die
2633 3122 2812 3168 nostra
2841 3114 3021 3166 omnia
3051 3113 3367 3182 gubernare.
3397 3111 3515 3178 Quo
3540 3120 3722 3164 autem

2123 3201 2291 3269 magis
2341 3216 2528 3255 eorum
2558 3216 2650 3256 ora
2699 3202 3074 3268 obstruamus,
3105 3218 3204 3272 age
3250 3202 3362 3272 jam
3411 3202 3722 3261 testimonia

2121 3299 2234 3345 tmn
2268 3291 2669 3361 prophetarum,
2696 3303 2807 3348 tum
2834 3295 3198 3364 apostolorum
3229 3294 3578 3358 adducamus,
3601 3294 3720 3348 cla-

2123 3382 2407 3446 mantium,
2430 3399 2592 3436 untnn
2619 3399 2740 3438 esse
2781 3385 3056 3452 utriusque
3083 3383 3407 3438 Testamenti
3450 3383 3724 3453 legislatu-

2122 3488 2257 3526 rem.
2301 3474 2560 3528 Procedat
2606 3475 2766 3544 igitur
2811 3476 2862 3529 in
2913 3475 3148 3529 medium
3191 3474 3454 3529 Jcremias
3485 3475 3537 3528 in
3567 3483 3723 3528 utero

2121 3565 2507 3634 sanctiﬁcatus,
2540 3574 2594 3620 et
2641 3566 2836 3634 probet
2885 3566 2987 3620 hoc
3034 3564 3338 3631 manifeste,
3387 3581 3551 3619 unum
3597 3580 3722 3619 esse

2120 3657 2478 3727 eumdemque
2501 3657 2664 3711 Deum
2694 3667 2806 3713 tum
2822 3636 2967 3711 ’Νονί
2997 3657 3326 3712 Testamenti
3354 3699 3369 3722 ,
3417 3667 3526 3711 tum
3560 3656 3722 3710 Vete-

2121 3747 2216 3801 ris.
2244 3747 2383 3813 Quid
2415 3748 2578 3817 igitur
2606 3747 2692 3802 hic
2716 3749 2844 3804 dicit
2880 3765 2946 3803 ex
2973 3763 3200 3818 persona
3248 3747 3573 3817 legislatoris
3611 3748 3721 3800 cla-

2119 3838 2311 3893 litans?
2362 3837 2601 3892 Testubor
2642 3839 2779 3894 vobis
2818 3849 3168 3893 testamentum
3201 3854 3404 3904 novum,
3445 3855 3546 3890 non
3589 3839 3722 3891 sicut

2123 3941 2472 3987 testamentum
2498 3933 2634 4001 quod
2663 3942 2873 3986 testatus
2897 3949 3010 3986 sum
3041 3931 3266 4001 patribus
3295 3932 3468 3985 vestris
3499 3930 3716 4002 (larem.

2122 4025 2210 4077 3|.
2245 4023 2360 4091 51).
2395 4022 2575 4092 Itaque
2605 4025 2695 4092 qui
2722 4022 2926 4077 Novum
2955 4023 3356 4077 Testamentum
3384 4020 3554 4086 dedit,
3575 4019 3718 4073 idem

2121 4124 2205 4169 cst
2255 4116 2410 4180 Deus,
2458 4117 2546 4184 qui
2592 4116 2719 4169 olim
2757 4117 2917 4170 Vetus
2958 4117 3117 4169 etiam
3156 4113 3285 4168 illud
3334 4111 3576 4189 dederat.
3619 4111 3720 4166 llic

2122 4223 2250 4261 sane
2277 4207 2425 4261 Pauli
2452 4222 2663 4276 quoque
2684 4207 3079 4262 Samosatcnsis
3105 4206 3459 4261 sectatoribus
3475 4220 3567 4260 ora
3591 4214 3723 4259 sunt

2120 4298 2357 4363 occlusa,
2398 4299 2488 4368 qui
2539 4307 2732 4366 negant
2780 4307 2904 4353 ante
2939 4298 3130 4352 smcula
3165 4296 3328 4351 fuisse
3378 4295 3720 4366 Unigenitum

2125 4387 2236 4440 Dei.
2271 4387 2326 4441 Si
2358 4389 2500 4441 enim
2551 4397 2674 4441 ante
2720 4387 2897 4441 Maria:
2951 4398 3183 4456 partum,
3227 4397 3282 4440 et
3327 4395 3612 4457 antequam
3665 4387 3722 4441 in

2121 4494 2283 4532 carne
2309 4493 2367 4532 se
2396 4478 2679 4532 videndum
2711 4479 2994 4548 prashcret,
3031 4493 3137 4531 non
3168 4487 3300 4540 erat,
3335 4477 3606 4545 quomodo
3632 4477 3717 4531 le-

2120 4584 2240 4637 gem
2273 4568 2472 4624 l'erehat
2501 4583 2620 4622 cmn
2644 4585 2748 4622 non
2770 4570 2957 4624 esset?
2980 4569 3250 4638 quomodo
3275 4577 3452 4622 autem
3473 4567 3719 4622 dicebat:

2121 4658 2366 4714 Testabor
2393 4659 2531 4713 vobis
2558 4669 2908 4712 testamentum
2935 4676 3141 4724 novum,
3173 4676 3271 4712 non
3297 4659 3426 4712 sicut
3450 4668 3724 4712 leuamen.

2124 4761 2230 4816 tum
2249 4751 2386 4819 quod
2415 4759 2620 4803 testatus
2649 4766 2763 4803 sum
2789 4751 3014 4820 patribus
3042 4750 3253 4804 vestris?
3279 4750 3549 4819 quomodo
3569 4749 3719 4804 enim

2123 4849 2502 4895 testamentum
2547 4839 2706 4893 dabat
2752 4840 2989 4910 patribus
3037 4857 3258 4904 eorum,
3305 4856 3427 4895 cum
3478 4840 3722 4895 nondum

2122 4941 2283 4994 esset.
2318 4941 2374 4985 ut
2420 4931 2494 4985 illi
2527 4932 2741 5000 quidem
2785 4931 3092 4985 afﬁrmant?
3131 4931 3234 4986 Sed
3276 4941 3460 4985 contra
3503 4931 3723 4986 Judazns

2121 5023 2358 5094 quidem,
2390 5023 2684 5091 eodemque
2724 5023 2910 5076 morbo
2941 5024 3243 5076 laborantes
3275 5023 3578 5088 Pauliauos,
3605 5025 3723 5077 ido-

2123 5132 2278 5170 neum
2307 5125 2389 5171 est
2419 5114 2559 5184 quod
2610 5124 2910 5183 apponatur
2943 5113 3216 5183 propltetze
3270 5112 3428 5182 hujus
3469 5114 3719 5168 testiino-

2124 5211 2313 5261 nium:
2355 5217 2413 5262 ut
2459 5218 2637 5261 autem
2667 5207 2824 5261 etiam
2870 5206 3278 5260 Maniclizenrum
3323 5223 3416 5260 ora
3461 5208 3719 5260 cohibea-

2125 5316 2262 5362 mus,
2294 5316 2357 5354 ex
2391 5298 2543 5352 Novo
2583 5299 2925 5352 Testamento
2962 5297 3290 5351 adducamus
3321 5299 3715 5361 testimonium,

2121 5390 2550 5460 quandoquidem
2586 5389 2748 5444 Vetus
2779 5391 2928 5443 nihili
2956 5389 3224 5458 pendunt:
3263 5392 3368 5442 imo
3398 5405 3528 5443 vero
3557 5392 3717 5442 etiam

2123 5483 2349 5545 Nurum,
2389 5484 2470 5535 cui
2500 5483 2739 5549 quamvis
2773 5483 3028 5535 ltonurctn
3081 5483 3275 5535 habere
3319 5481 3484 5535 sideri
3533 5485 3714 5544 velint,

2127 5592 2227 5628 non
2265 5578 2522 5626 iiiinllrt'ili
2574 5585 2747 5627 tamen
2788 5575 2908 5628 huic
2949 5591 3105 5644 quam
3158 5575 3227 5626 illi
3269 5575 3416 5628 alteri
3469 5575 3716 5639 injuriaut

2126 5670 2359 5721 inferunt
2391 5685 2403 5720 :
2436 5685 2537 5718 uno
2567 5668 2778 5735 quidem
2811 5669 2987 5729 tnotln,
3009 5668 3147 5736 quod
3178 5668 3298 5719 dum
3336 5667 3457 5718 illud
3483 5684 3506 5715 a
3538 5666 3714 5721 Veteri

2125 5758 2475 5824 elzCllltitllll,
2521 5756 2672 5828 hujus
2699 5773 2907 5829 quoque
2958 5759 3324 5812 auctoritatem
3377 5759 3710 5814 labi-Tat‘tant.
