4088 6416
242 489 387 540 καις,
440 470 493 525 σὺ
528 487 699 541 μαχη,
736 470 858 524 οὑδέ
891 472 1231 535 ἐναντίωσις.
1264 472 1337 524 Τὸ
1367 472 1476 542 γὰρ
1508 472 1741 526 παλαιὸν
1772 473 1837 526 ἐκ

244 554 338 607 τοῦ
371 553 559 607 καινοῦ
592 553 801 620 γίνεται
832 554 1063 607 παλαιόν
1084 571 1099 587 ο
1130 553 1290 607 τοῦτο
1316 554 1372 607 δέ
1400 555 1461 607 οὑ
1496 556 1697 626 μάχης,
1716 554 1839 608 οὐδὲ

241 634 636 699 ἐναντιώσεως.
663 634 801 688 άλλά
824 636 1086 706 διαφορᾶς
1100 637 1364 708 ὀνόματος
1391 638 1581 709 μόνης.
1618 637 1759 707 Ἐγὼ
1784 638 1839 691 δέ

241 718 515 787 τοσαύτην
554 718 862 789 ὑπερδολὴν
914 720 1197 790 ποιοῦμαι,
1254 721 1359 783 ὅτι,
1383 724 1433 773 εί
1467 722 1563 773 καὶ
1606 722 1839 774 ἐναντίοι

240 796 383 870 ἦσαν
406 802 457 853 οί
489 801 645 870 νόμοι
677 800 776 871 τῆς
810 794 1053 865 Παλαιᾶς
1078 806 1191 868 τοῖς
1222 805 1323 874 τῆς
1356 804 1583 875 Καινῆς,
1633 804 1841 876 σφόδρα

244 883 311 937 ἂν
343 884 789 956 διισχυρισάμην,
820 886 897 951 ὼς
932 888 1053 941 οὑδέ
1086 886 1260 952 οὕτως
1292 888 1480 958 ἕτερον
1524 888 1843 956 ἐπεισάγειν

240 969 377 1022 Θεὸν
410 970 601 1039 ἐχρῆν.
634 969 697 1023 Εί
726 972 828 1042 μέν
854 972 965 1043 γάρ
985 974 1129 1026 κατὰ
1154 973 1250 1025 τὸν
1277 966 1443 1027 αὑτὸν
1484 973 1698 1044 καιρὸν,
1730 974 1838 1031 τοῖτ

242 1052 428 1115 αὑτοῖς
448 1051 781 1123 ἀνθρώποις,
809 1057 936 1126 περὶ
953 1057 1023 1109 τά
1052 1056 1191 1109 αὑτά
1218 1057 1610 1128 διατρίϐουσιν,
1641 1059 1701 1110 ἐν
1729 1057 1844 1117 τοῖς

241 1136 432 1198 αὑτοῖς
464 1131 583 1188 οῦσι
614 1138 961 1208 πράγμασιν,
988 1141 1269 1204 ἐναντίους
1308 1140 1574 1195 ἐπέταττε
1617 1140 1838 1211 νόμους,

243 1211 391 1287 εἶχεν
427 1218 492 1271 ἂν
526 1236 648 1273 τινα
700 1221 883 1285 αὑτοῖς
932 1222 1089 1290 λόγον
1122 1224 1252 1285 ίσως
1295 1222 1357 1276 τὸ
1380 1222 1654 1293 σόφισμα’
1706 1225 1755 1275 εί
1782 1222 1841 1277 δέ

245 1300 456 1372 ἐτέροις
492 1302 592 1373 μέν
623 1304 842 1368 ἐκεῖνοι,
876 1306 1083 1376 ἐτέροις
1112 1306 1169 1361 δέ
1201 1307 1527 1378 ἐγράφησαν
1554 1302 1723 1373 οὗτοι,
1745 1307 1842 1360 καὶ

244 1382 304 1435 ἐν
343 1384 519 1454 έτέρῳ
560 1385 661 1454 μέν
696 1388 929 1452 ἐκείνοις
980 1390 1180 1461 καιρῷ,
1223 1393 1281 1445 ἐν
1304 1392 1477 1462 ἐτέρῳ
1516 1391 1574 1445 δέ
1603 1390 1839 1457 τούτοις,

245 1463 424 1527 άλλως
472 1467 705 1531 ἐκείνοις
755 1470 1137 1541 διακειμένοις,
1190 1474 1283 1527 καὶ
1335 1474 1539 1543 ἐτέρως
1584 1472 1840 1537 τούτοις,

248 1549 376 1600 ποία
404 1560 431 1590 ι
462 1549 676 1621 ἀνάγκη
698 1551 787 1605 διὰ
813 1554 1035 1623 τὴντῶν
1061 1557 1241 1626 νόμων
1274 1556 1539 1628 διαφοράν
1565 1554 1841 1617 ἐναντίως

245 1633 490 1701 εἰσάγειν
511 1636 810 1705 νομοθέτας
830 1638 923 1691 δύο
946 1656 961 1704 ;
993 1639 1136 1707 Ἐγὼ
1154 1640 1255 1711 μέν
1275 1640 1532 1712 οὐδεμίαν
1550 1640 1683 1713 ὁρῶ,
1708 1641 1758 1693 εί
1782 1639 1842 1692 δέ

246 1716 400 1769 αὐτοὶ
426 1715 608 1785 λέγειν
641 1718 845 1789 έχουσι,
882 1722 1197 1778 εἰπάτωσαν
1217 1742 1231 1755 ·
1260 1725 1377 1778 ἀλλ’
1406 1725 1508 1778 οὑκ
1540 1726 1606 1778 ἂν
1641 1723 1838 1794 έχοιεν.

248 1798 349 1853 Καὶ
380 1803 491 1874 γάρ
534 1804 627 1857 καὶ
661 1805 845 1876 ίατρὸς
887 1808 1107 1860 ἐναντία
1147 1810 1320 1864 πολλά
1350 1804 1495 1863 ποιεῖ
1536 1810 1799 1873 πολλάκις
1822 1826 1837 1841 '

246 1884 361 1936 ἀλλ’
388 1886 493 1937 οὐκ
530 1887 642 1940 ἀπὸ
684 1890 935 1953 ἐναντίας
990 1892 1087 1963 τῆς
1119 1891 1367 1964 γνώμης,
1409 1893 1523 1947 ἀλλ’
1564 1893 1673 1947 άπὸ
1711 1894 1841 1965 μιᾶς

246 1969 342 2021 καὶ
368 1971 687 2039 συμφώνου.
745 1974 857 2027 Καὶ
908 1975 1019 2045 7&9
1052 1976 1196 2029 καίει
1232 1978 1326 2029 καὶ
1357 1977 1417 2029 οὑ
1453 1978 1619 2042 καίει,
1650 1978 1842 2047 τέμνει

248 2054 343 2106 καὶ
370 2053 435 2105 οὐ
474 2054 665 2125 τέμνει
699 2056 760 2109 τὸ
790 2058 922 2111 αὐτὸ
951 2058 1109 2129 σῶμα
1156 2060 1448 2123 πολλάκις·
1481 2061 1575 2113 καὶ
1613 2060 1708 2113 νῦν
1741 2059 1842 2129 μὲν

248 2140 446 2207 πικρὰ.
478 2138 575 2192 νῦν
597 2140 654 2193 δέ
685 2139 891 2208 γλυκέα
914 2142 1096 2195 δίδωσι
1128 2144 1305 2197 πίνειν
1330 2144 1601 2215 φάρμακα
1620 2160 1633 2173 ’
1663 2143 1756 2196 καὶ
1774 2142 1843 2197 τὰ

253 2221 351 2290 μὲν
384 2222 644 2293 γινόμενα
666 2224 907 2290 ἐναντία,
945 2227 978 2291 ή
1002 2223 1197 2297 γνώμη
1229 2226 1306 2289 δέ,
1340 2226 1433 2295 ἀφ’
1462 2221 1530 2297 ἧς
1552 2224 1725 2277 ταῦτα
1754 2223 1842 2293 γίὁ

250 2320 422 2369 νεται,
454 2306 750 2377 σύμφωνος
779 2308 873 2361 καὶ
895 2308 1023 2378 μία·
1063 2310 1196 2378 πρὸς
1225 2309 1335 2381 γάρ
1365 2309 1423 2363 ἐν
1451 2309 1604 2371 τέλος
1629 2307 1840 2378 βλέπει,

247 2388 345 2459 τὴν
360 2387 455 2440 τοῦ
478 2390 779 2459 κάμνοντος
804 2391 1033 2459 ὑγίειαν.
1066 2391 1193 2455 Πῶς
1207 2387 1302 2445 οὖν
1323 2391 1423 2445 οὑκ
1443 2391 1644 2445 ἄτοπον
1674 2387 1845 2461 ίατρῷ

252 2472 350 2541 μέν
392 2472 468 2543 μὴ
519 2472 776 2541 ἐγκαλεῖν
821 2474 1039 2527 ἐναντία
1080 2474 1323 2527 ποιοῦντι
1372 2472 1543 2526 πολλὰ
1582 2472 1677 2525 καὶ
1715 2470 1844 2541 περὶ

252 2555 504 2625 σώματος
532 2557 653 2621 ἐνὸς
682 2557 867 2626 φύσιν,
902 2557 981 2628 τῷ
1008 2557 1128 2629 Θεῷ
1166 2558 1222 2611 δέ
1258 2557 1470 2629 μέμψιν
1512 2556 1763 2624 ἐπάγειν,
1795 2555 1844 2607 εί

250 2639 395 2692 κατά
410 2638 701 2710 διαφόρους
730 2640 957 2711 καιροὺς
978 2640 1257 2711 διαφόροις
1278 2638 1586 2709 ἀνθρώποις
1612 2638 1845 2708 διάφορα

250 2723 422 2777 έδωκε
453 2723 521 2776 τά
544 2725 942 2795 προστάγματα
965 2742 979 2789 ;

320 2812 391 2878 γ’.
419 2812 543 2864 Ὅτι
570 2814 670 2881 μέν
700 2809 814 2879 οῦν,
840 2815 889 2866 εί
916 2814 1010 2867 καλ⁵
1032 2814 1267 2868 ἐναντίοι
1284 2809 1425 2884 ἦσαν
1454 2812 1505 2865 οἱ
1524 2812 1703 2882 νόμοι,
1721 2810 1846 2864 οὑδέ

250 2897 425 2961 οὕτως
479 2898 733 2967 ἐγκαλεῖν
781 2901 907 2963 εδει,
941 2901 1097 2973 δῆλον
1121 2904 1186 2955 ἐκ
1238 2901 1472 2954 τούτων·
1520 2899 1605 2952 ὅτι
1640 2898 1693 2949 δέ
1724 2896 1847 2949 οὑδέ

251 2986 389 3038 εἰσιν
411 2985 665 3051 ἐναντίοι,
686 2986 823 3039 ἀλλά
840 2988 1089 3059 διάφοροι
1118 2988 1299 3058 μόνον,
1319 2986 1475 3055 φέρε,
1497 2984 1625 3047 τοὺς
1648 2984 1848 3053 νόμους

250 3076 333 3138 είς
369 3074 534 3144 μέσον
581 3076 1080 3148 προχειρισώμεθα.
1148 3076 1503 3136 Ἠκούσατε,
1532 3073 1719 3143 φησὶν,
1757 3072 1848 3125 ὅτι

250 3162 462 3230 ἐρῤέθη
483 3162 610 3229 τοῖς
632 3163 924 3232 ἀρχαίοις,
952 3165 1033 3217 Οὐ
1060 3163 1403 3233 φονεύσεις.
1424 3155 1593 3222 Οὗτος
1619 3151 1849 3220 παλαιὸς

251 3242 281 3302 ὁ
328 3249 515 3320 νόμοςο
572 3250 772 3320 ἴδωμεν
820 3250 913 3303 τὸν
964 3251 1062 3321 τῆς
1096 3248 1345 3318 Καινῆς·
1393 3246 1541 3315 Ἐγὼ
1585 3246 1653 3299 δὲ
1692 3245 1849 3314 ,λέγω

252 3334 878 3406 ὑμῖν,Ὀόρτιζόμενος
902 3336 982 3403 τῷ
1024 3332 1267 3405 ἀδελφῷ
1308 3333 1497 3390 αὐτοῦ
1556 3332 1708 3400 εικῆ.
1754 3331 1849 3384 ἐν·

253 3424 399 3491 οχός
410 3423 580 3476 ἐστιν
601 3426 690 3490 εὶς
708 3423 823 3491 τὴν
836 3424 1097 3493 γέενναν
1116 3424 1223 3479 τοῦ
1248 3423 1458 3491 πυρός.
1488 3421 1673 3474 Ταῦτα
1696 3422 1849 3473 ἐναν-

254 3510 365 3567 τία,
393 3510 515 3562 είπέ
559 3528 669 3579 μοι,
702 3512 769 3565 τά
808 3513 1242 3582 προστάγματα;
1269 3510 1375 3563 Καὶ
1402 3509 1485 3571 τίς
1520 3507 1847 3579 ἀνθρώπων,

256 3597 358 3649 κᾶν
374 3597 625 3651 ὁπωσοῦν
643 3598 881 3662 διανοίας
905 3600 1171 3669 μετέχων,
1195 3597 1352 3653 τοῦτο
1368 3598 1433 3651 ἂν
1452 3598 1598 3649 είποι
1622 3613 1636 3661 ;
1662 3598 1723 3650 El
1750 3594 1851 3666 μὲν

256 3683 366 3753 γὰρ
413 3684 508 3736 τοῦ
558 3686 824 3756 προτέρου
880 3686 1237 3749 κελεύσαντος
1270 3686 1343 3756 μὴ
1396 3685 1665 3752 φονεύειν,
1697 3680 1850 3748 οὗτος

256 3772 577 3837 ἐκέλευσεν,
606 3773 737 3837 ἴσως
776 3775 841 3829 ἀν
880 3793 963 3833 τις
989 3774 1307 3844 ἀντινομίαν
1356 3774 1557 3843 ἐφησεν
1606 3770 1747 3826 εἶναι
1791 3773 1851 3825 τὸ

259 3856 412 3929 [272]
430 3857 720 3927 λεγόμενον
739 3874 750 3885 ·
775 3860 822 3910 εί
851 3857 906 3911 δὲ
926 3859 1133 3911 ἐκείνου
1153 3858 1467 3922 κελεύοντος
1487 3858 1559 3927 μὴ
1584 3857 1848 3926 φονεύειν,

257 3940 413 4007 οὗτος
444 3945 696 3998 ἐκέλευσε
732 3945 865 4017 μηδὲ
900 3946 1237 4017 ὀργίζεσθαι,
1271 3945 1540 4009 ἐπίτασις,
1571 3946 1670 3997 οὑκ
1702 3946 1853 3997 ἐναν-

259 4032 451 4093 τίωσις
483 4033 510 4085 6
539 4033 803 4104 πρότερος
838 4033 930 4087 τοῦ
952 4033 1206 4106 δευτέρου
1232 4034 1260 4073 ιι
1288 4033 1448 4103 νόμος
1481 4032 1628 4084 ἐστίν
1650 4051 1662 4063 ·
1696 4035 1723 4085 ό
1754 4032 1852 4102 μὲν

258 4121 371 4189 γὰρ
395 4119 487 4172 τὸν
514 4120 727 4191 καρπὸν
756 4121 853 4191 τῆς
886 4122 1085 4184 κακίας
1118 4122 1341 4191 ἐξέτεμε
1366 4160 1380 4180 ,
1434 4121 1524 4173 τὸν
1554 4121 1731 4188 φόνον,
1763 4114 1851 4173 οῦ-

259 4224 353 4269 τος
378 4207 433 4259 δὲ
487 4206 579 4259 καὶ
626 4207 725 4277 τὴν
757 4209 910 4277 ῥίζαν
938 4208 1231 4273 ἀνέσπασε,
1271 4210 1367 4279 τὴν
1400 4210 1570 4280 όργήν
1598 4225 1609 4237 ’
1648 4211 1854 4270 ἐκεῖνος

261 4294 323 4347 τὸ
359 4293 539 4363 ῥεῦμα
572 4295 670 4363 τῆς
698 4295 960 4365 πονηρίας
988 4295 1266 4365 ἐξέκοψεν,
1298 4290 1453 4361 οὗτος
1486 4297 1579 4349 καὶ
1621 4296 1719 4366 τὴν
1746 4312 1853 4364 πη-

265 4380 370 4451 γὴν
407 4380 577 4451 αὑτὴν
622 4380 871 4451 ἐξήρανε.
922 4383 1081 4454 Πηγὴ
1120 4383 1229 4455 γὰρ
1272 4385 1363 4437 καὶ
1408 4383 1531 4455 ῥίζα
1560 4383 1654 4436 τοῦ
1693 4384 1854 4451 φόνου

264 4468 438 4537 θυμὸς
468 4470 562 4521 καὶ
599 4468 759 4539 ὀργή.
805 4468 1040 4533 Ἐκεῖνος
1094 4471 1253 4523 τοῦτο
1283 4481 1305 4509 ε
1337 4470 1856 4543 προπαρεσκεύασεν

259 4557 290 4608 6
318 4555 485 4624 νόμος
512 4555 610 4624 τὴν
642 4556 804 4624 φύσιν
835 4554 935 4626 τήν
964 4558 1259 4627 ἡμετέραν,
1284 4552 1441 4622 οὗτος
1470 4558 1639 4611 ἐλθὼν
1668 4560 1726 4611 τὸ
1749 4558 1856 4610 λεϊ-

263 4660 367 4696 πον
394 4643 704 4713 ἐπλήρωσε.
742 4644 879 4696 Ποία
914 4646 1243 4714 ἐναντιότης,
1270 4646 1397 4698 ὅταν
1424 4648 1451 4698 ὁ
1485 4648 1583 4716 μὲν
1617 4647 1677 4698 τὸ
1708 4648 1857 4709 τέλος

261 4730 375 4783 τῶν
405 4730 611 4796 κακῶν,
654 4733 683 4783 6
707 4731 764 4783 δέ
798 4733 891 4783 καὶ
932 4731 1032 4802 τὴν
1066 4732 1242 4802 ἀρχὴν
1296 4733 1571 4804 ἐκκόπτῃς
1619 4734 1858 4797 Ἐκεῖνος

260 4819 363 4890 τήν
398 4816 556 4889 χεῖρα
604 4818 853 4888 καθαρὰν
879 4820 1135 4888 ἐποίησεν
1170 4823 1420 4891 αἵματος,
1445 4816 1598 4885 οὗτος
1635 4823 1728 4875 καὶ
1759 4824 1858 4893 τήν

260 4906 503 4960 διάνοιαν
527 4906 698 4975 αὐτὴν
726 4907 1003 4977 ἀπήλλαξε
1028 4909 1137 4961 τῶν
1164 4910 1419 4979 πονηρῶν
1447 4910 1854 4980 βουλευμάτων.

263 4994 453 5047 Ταῦτα
479 4994 537 5045 δέ
568 4994 1006 5065 συμφωνούντων
1034 4995 1285 5066 αλλήλοις
1309 4998 1510 5068 νόμων,
1538 4998 1659 5069 οὐχὶ
1691 5016 1858 5068 μαχο-

265 5083 449 5153 μένων
476 5081 623 5134 ἐστίν
647 5099 659 5110 ·
686 5084 822 5153 ὅπερ
850 5083 962 5136 ἀνω
991 5075 1085 5136 καὶ
1118 5084 1268 5137 κάτω
1304 5086 1663 5149 σπουδάζουσι
1693 5103 1860 5139 κατα-

264 5171 558 5233 σκευάζειν
592 5172 640 5223 οί
666 5172 764 5241 τῆς
804 5171 1065 5239 ἀληθείας
1117 5172 1325 5243 ἐχθροὶ,
1390 5174 1461 5242 μὴ
1500 5174 1855 5243 συνορῶντες.

262 5257 347 5311 ὅτι
384 5260 446 5310 ἐκ
479 5257 667 5310 τούτου
699 5259 910 5331 μεγάλῃ
948 5261 1220 5331 ῥᾳθυμίας
1256 5261 1348 5313 καὶ
1384 5261 1684 5331 ὑπεροψίας
1713 5261 1861 5330 αἱτὶᾳ

264 5345 358 5399 τὸν
385 5346 481 5415 τῆς
520 5347 729 5416 Καινῆς
752 5347 884 5401 Θεὸν
907 5348 1301 5401 ὑποϐάλλουσιν
1322 5365 1335 5377 ·
1364 5350 1721 5419 εὑρεθήσεται
1755 5351 1862 5419 γὰρ

268 5434 334 5503 (ἡ
384 5433 440 5486 δέ
476 5434 796 5503 βλασφημία
844 5438 923 5499 είς
953 5436 1049 5507 τὴν
1087 5438 1193 5488 τῶν
1220 5438 1393 5490 ταῦτα
1444 5438 1863 5504 ἀναγκαζόντων

332 5606 483 5655 'Mss
536 5609 652 5655 ποία
691 5610 889 5668 ἀνάγκη.
941 5608 1043 5658 Vox
1086 5610 1201 5657 ποία
1250 5616 1407 5661 totum
1444 5616 1597 5659 mutat
1645 5624 1860 5660 sensum.

265 5666 476 5733 Ρτεγεῑδι
504 5679 675 5733 ιιυιρπι
694 5666 943 5718 ἰωῆίυγιιιη
967 5674 1184 5727 lemioni.
1213 5675 1258 5720 in
1282 5672 1461 5733 quibus
1488 5674 1598 5720 ποία
1620 5674 1780 5721 (Ιριιςιι.

330 5731 357 5796 ιζ
389 5732 543 5796 ﬁmil.
570 5732 697 5796 εστι).
723 5734 747 5778 6
774 5732 988 5793 δεύτερος
1011 5733 1095 5780 τοῦ
1118 5731 1364 5796 προτέρου.

329 5792 355 5821 ⁸
387 5792 499 5839 Fncl
543 5793 714 5847 τούτῳ.

601 5876 869 5937 Ρηιιοι.
920 5873 1035 5932 Gn.
1086 5874 1176 5935 LI.

865 367 954 426 DE
993 369 1245 428 VERBIS
1281 366 1650 433 APOSTOLI,
1692 364 1847 420 IIABI

1957 359 2071 431 'ES‘
2100 360 2392 417 EUMDEM
2436 356 2789 417 εριιιιτωι.
2836 358 2896 413 ll.

3431 358 3535 415 9.δέ

1948 473 2095 544 ἡμᾶς
2125 473 2304 543 λέγειν
2336 475 2705 547 περιτραπείη
2740 471 3013 542 κεφαλὴν)
3041 473 3286 543 ἀκαίρως
3320 472 3388 524 τά
3415 477 3536 525 καθ’

1946 563 2094 632 ἡμᾶς
2121 564 2483 633 οίκονομήσας
2506 581 2518 593 ι
2556 563 2618 616 τὸ
2640 563 2695 616 δὲ
2737 563 2873 626 πῶς,
2902 560 3016 630 ἐγὼ
3059 560 3226 630 λέγω.
3266 558 3541 613 Γαλακτοο

1944 653 2146 723 τροφίᾳ
2178 653 2500 723 προσέοικεν
2532 652 2565 722 ἡ
2602 651 2703 721 τῆς
2732 650 2980 713 Παλαιᾶς
3025 647 3303 718 Διαθήκης
3345 646 3541 701 παιδα-

1945 744 2146 812 γωγία,
2181 745 2381 815 στερεᾷ
2410 744 2467 797 δέ
2500 745 2677 815 τροφῇ
2725 742 2825 811 τῆς
2849 741 3061 812 Καινῆς
3085 738 3361 811 Διαθήκης
3388 740 3422 809 ἡ
3456 755 3544 805 φι-

1945 833 2171 903 λοσοφία
2191 852 2203 864 ⁸
2240 834 2416 895 οὐδεὶς
2438 834 2496 887 δέ
2527 832 2657 904 πρὶν
2679 832 2712 903 ἢ
2738 832 2936 901 θρέψαι
2982 829 3240 899 γάλακτι,
3268 829 3405 897 πρὸς
3442 830 3543 899 τήν

1947 926 2177 995 στερεὰν
2206 925 2330 993 ἄγει
2360 926 2589 995 τροφήν.
2624 924 2803 995 Ὅπερ
2836 922 2991 976 ἐσται
3042 919 3362 990 πεποιηκὼς
3389 921 3417 973 6
3445 918 3545 989 τῆς

1949 1009 2157 1079 Καινῆς
2190 1010 2323 1075 Θεὸς
2347 1010 2522 1081 ἄνπερ
2550 1011 2627 1081 μὴ
2658 1005 2876 1083 αὑτὸςῇ
2907 1012 2937 1063 6
2974 1009 3074 1079 τὴν
3114 1007 3356 1063 Παλαιὰν
3382 1007 3545 1061 δεδω-

1948 1097 2058 1163 κώς
2080 1116 2093 1129 ·
2125 1100 2231 1172 πρὸ
2260 1102 2371 1173 γὰρ
2403 1101 2498 1154 τοῦ
2553 1101 2752 1171 θρέψαι
2781 1102 3016 1170 γάλακτι
3051 1101 3148 1156 καὶ
3194 1101 3262 1171 τῇ
3322 1099 3409 1153 διὰ
3446 1098 3543 1152 τοῦ

1947 1191 2114 1262 νόμον
2142 1193 2513 1263 παιδαγωγίᾳ,
2544 1194 2638 1245 ἐπὶ
2670 1194 2768 1263 τὴν
2801 1193 3030 1265 στερεὰν
3054 1194 3202 1264 ἡμᾶς
3225 1192 3402 1262 ῆγαγε
3420 1206 3546 1261 τρο-

1948 1285 2077 1354 φήν.
2116 1284 2195 1338 Οὐ
2236 1284 2415 1356 τούτῳ
2462 1285 2518 1338 δέ
2562 1286 2726 1356 μόνον
2752 1328 2769 1352 ,
2820 1285 2958 1339 ἀλλὰ
2987 1286 3084 1339 καὶ
3113 1285 3290 1355 ἑτέρῳ
3338 1280 3546 1354 μείζονι

1944 1375 2138 1429 τούτου
2194 1375 2355 1430 πάλιν
2402 1376 2566 1431 αὑτὸν
2597 1377 2993 1431 ὑποϐάλλουσιν
3043 1376 3372 1447 ἐγκλήματι,
3407 1373 3461 1427 εῐ
3482 1390 3546 1443 γε

1950 1464 2092 1533 μετὰ
2128 1465 2545 1535 πεντακισχίλια
2599 1467 2695 1519 καὶ
2728 1467 2948 1521 πλείονα
2975 1466 3071 1537 ἐτη
3100 1464 3195 1519 τοῦ
3227 1466 3418 1535 γένους
3442 1460 3547 1537 ἧκε

1948 1557 2269 1635 προνοήσων
2292 1555 2388 1611 τοῦ
2415 1558 2706 1629 ἡμετέρου.
2760 1559 2823 1611 Εί
2855 1558 2964 1628 γὰρ
2994 1558 3072 1629 μὴ
3093 1556 3256 1621 αὑτὸς
3293 1552 3383 1627 ἦν,
3410 1559 3439 1611 6
3458 1557 3548 1612 διὰ

1947 1646 2057 1699 τῶν
2088 1650 2385 1720 προφητῶν
2416 1650 2510 1703 καὶ
2535 1649 2644 1703 τῶν
2673 1650 3028 1722 πατριαρχῶν
3054 1650 3147 1703 καὶ
3182 1649 3291 1702 τῶν
3321 1649 3547 1702 δικαίων

1948 1737 2255 1812 ἀνθρώπων
2282 1741 2349 1793 τά
2372 1738 2492 1793 καθ’
2515 1742 2666 1810 ἡμᾶς
2687 1740 2903 1793 ἅπαντα
2930 1739 3252 1810 οίκονομῶν,
3281 1739 3399 1793 ἀλλ’
3427 1738 3546 1792 ἐτε-

1951 1828 2043 1899 ρός
2076 1847 2160 1893 τις
2188 1832 2338 1903 παρά
2386 1831 2575 1887 τοῦτον
2606 1832 2703 1902 ὀψέ
2740 1849 2872 1886 ποτε
2919 1832 3015 1885 καὶ
3045 1831 3288 1903 βραδέως
3314 1831 3546 1903 εὑρεθήι

1951 1937 2102 1973 σεται
2130 1924 2232 1992 τῆς
2266 1918 2545 1995 ἡμετέρας
2596 1922 3004 1993 ἐπειλημμένος
3044 1923 3321 1995 προνοίας,
3355 1921 3547 1994 ῶσπερ

1950 2010 2014 2063 ἐκ
2045 2028 2191 2076 τινος
2225 2014 2513 2083 μετανοίας
2542 2014 2853 2081 ἀνενεγκών
2878 2029 2893 2044 ·
2920 2015 3059 2084 ὅπερ
3094 2015 3153 2066 οὑ
3186 2012 3324 2066 Θεοῦ
3364 2012 3545 2085 μόνον,

1950 2102 2086 2157 ἀλλά
2116 2105 2210 2157 καὶ
2240 2103 2532 2175 ἀνθρώπου
2551 2105 2647 2159 τοῦ
2676 2105 2935 2175 τυχόντος
2956 2103 3176 2168 ἀνάξιον
3204 2104 3270 2157 ἂν
3292 2104 3403 2175 εἴη,
3432 2120 3550 2157 τοσ-

1948 2192 2139 2257 ούτους
2158 2194 2387 2264 ἀφέντος
2400 2195 2701 2249 ἀπολέσθαι
2726 2196 2785 2248 ἐν
2813 2195 3055 2266 τοσούτῳ
3075 2193 3272 2266 χρόνῳ,
3290 2193 3391 2262 ὀψέ
3414 2210 3546 2247 ποτε

1951 2288 2009 2338 ἐν
2037 2286 2250 2357 ἐσχάτῳ
2297 2286 2407 2339 τῶν
2438 2284 2648 2356 καιρῶν
2680 2285 2782 2356 τῆς
2812 2284 2920 2338 τῶν
2961 2283 3160 2353 ὀλίγων
3189 2281 3547 2336 ἐπιλασέσθαι

1954 2380 2235 2449 προνοίας.

2022 2470 2088 2524 δ’.
2140 2472 2301 2543 Ὁρᾷς
2326 2472 2479 2536 ὅσαις
2501 2470 2591 2525 τὸν
2614 2471 2747 2525 Θεὸν
2778 2468 3141 2525 ὑποϐάλλουσι
3170 2468 3547 2539 βλασφημίαις

1952 2562 2171 2623 ἐκείνοι,
2199 2563 2387 2630 ἓτερον
2422 2561 2520 2632 μιν
2561 2560 2662 2632 τῆς
2699 2561 2913 2631 Καινῆς
2938 2600 2952 2625 ,
2999 2560 3187 2631 ἐτερον
3225 2560 3282 2613 δὲ
3310 2559 3410 2629 τῆς
3440 2559 3549 2612 Ila-

1953 2648 2109 2713 λαιᾶς
2149 2651 2400 2719 λέγοντες
2428 2648 2566 2705 εἶναι
2599 2651 2929 2723 νομοθέτηνς
2967 2651 3148 2721 ’Ᾱπερ
3181 2649 3397 2703 ἅπαντα
3424 2648 3545 2702 λύει

1953 2758 2062 2807 ται,
2090 2741 2157 2795 ἂν
2187 2742 2285 2797 ἕνα
2314 2743 2586 2815 ἑκατέρας
2614 2744 2713 2813 τῆς
2730 2741 3006 2812 Διαθήκης
3028 2740 3208 2811 δῶμεν
3234 2735 3375 2794 εἶναι
3395 2739 3548 2791 Θεόν.

1954 2833 2326 2905 Εὑρεθήσεται
2358 2834 2468 2907 7&9
2498 2836 2639 2889 κατὰ
2698 2834 2857 2901 λόγον
2883 2833 2950 2886 τὰ
2984 2834 3105 2886 καθ’
3151 2835 3301 2903 ἡμᾶς
3347 2834 3551 2885 οἰκονο-

1958 2925 2095 2994 μῶν,
2128 2926 2252 2977 τότε
2279 2925 2383 2995 μὲν
2409 2926 2499 2979 διὰ
2526 2924 2619 2978 τοῦ
2644 2925 2831 2994 νόμον,
2864 2924 2957 2978 νῦν
2986 2924 3041 2977 δέ
3062 2923 3148 2976 διὰ
3176 2924 3278 2993 τῆς
3308 2924 3549 2993 χάριτος,

1956 3015 2052 3068 καὶ
2072 3014 2133 3067 οὑ
2175 3016 2528 3086 προσφάτως,
2554 3015 2674 3067 οὑδέ
2704 3014 2924 3078 νεωστὶ,
2964 3014 3080 3065 ἀλλ’
3113 3012 3322 3066 ἀνωθεν
3360 3012 3455 3065 καὶ
3487 3013 3550 3064 ἐκ

1956 3104 2181 3175 πρώτης
2198 3107 2302 3175 ημέ
2311 3122 2410 3177 ρας
2426 3108 2526 3175 τῆς
2552 3103 2825 3174 ἡμετέρας
2850 3102 3251 3173 ἐπειλημμένος
3268 3102 3548 3172 προνοίας.

1957 3195 2078 3248 Ἵνα
2109 3196 2165 3249 δέ
2196 3196 2462 3265 μειζόνως
2503 3195 2684 3249 αὐτῶν
2715 3196 2783 3247 τά
2841 3194 3085 3263 στόματα
3114 3192 3550 3263 άπορῤάψωμεν,

1958 3287 2111 3359 φέρε,
2147 3289 2242 3341 καὶ
2271 3289 2440 3349 αὑτάς
2470 3287 2569 3351 τάς
2605 3288 2792 3357 ῥήσεις
2825 3286 3262 3357 παραγάγωμεν,
3292 3285 3386 3337 καὶ
3416 3300 3551 3355 προ·

1958 3381 2158 3451 φήτας,
2186 3381 2280 3432 καὶ
2305 3378 2638 3441 ἀποστόλους
2670 3377 2931 3446 βοῶντας,
2963 3379 3045 3429 ὅτι
3080 3378 3289 3446 Καινῆς
3322 3376 3415 3429 καὶ
3438 3377 3550 3428 Πα-

1957 3471 2115 3533 λαιᾶς
2140 3466 2218 3534 εἷς
2242 3473 2389 3524 ἐστιν
2412 3474 2440 3524 6
2469 3470 2789 3541 νομοθέτης.
2818 3468 3038 3540 Παρίτω
3067 3469 3246 3521 τοίνυν
3274 3470 3353 3530 είς
3390 3469 3553 3537 μέσον

1957 3566 1985 3616 6
2022 3568 2084 3617 ἐκ
2112 3565 2320 3628 κοιλίας
2349 3564 2635 3632 ἀγιασθεὶς
2662 3562 2953 3633 Ἱερεμίας,
2984 3563 3080 3616 καὶ
3104 3562 3238 3615 αὑτὸ
3264 3561 3423 3615 τοῦτο
3446 3560 3556 3614 δει-

1959 3654 2138 3708 κνύτω
2166 3656 2353 3724 σαφῶς
2380 3656 2475 3708 ἕνα
2506 3656 2600 3708 καὶ
2631 3655 2721 3706 τὸν
2750 3654 2911 3707 αὑτὸν
2941 3652 3095 3726 [273]
3127 3653 3394 3725 ἑκατέρας
3421 3652 3554 3706 δντα

1958 3746 2057 3816 τῆς
2086 3747 2357 3817 Διαθήκης
2380 3747 2532 3800 Θεόν.
2568 3747 2631 3799 Τί
2656 3743 2747 3800 οὖν
2778 3742 2931 3809 οὗτός
2962 3762 3148 3815 φησιν,
3172 3747 3236 3797 ἐκ
3256 3744 3555 3816 προσώπου

1958 3837 2051 3890 τοῦ
2086 3837 2379 3905 νομοθέτου
2418 3836 2744 3907 κηρύττωνς
2774 3837 3144 3906 Διαθήσομαι
3176 3834 3321 3905 ὑμῖν
3349 3833 3557 3901 διαθή-

1961 3946 2078 3996 κην
2099 3929 2336 3997 καινὴν,
2372 3932 2443 3983 οὑ
2476 3931 2626 3983 κατὰ
2665 3929 2779 3997 τὴν
2800 3928 3120 3995 διαθήκην,
3155 3926 3237 3995 ἢν
3275 3926 3561 3995 διεθέμην
3668 3978 3676 3984 ,

1959 4023 2087 4087 τοῖς
2128 4022 2429 4091 πατράσιν
2472 4022 2659 4092 ὑμῶν.
2712 4024 2875 4075 ’Ὥστε
2923 4024 2950 4075 6
2998 4021 3097 4092 τὴν
3132 4019 3341 4091 Καινὴν
3376 4020 3558 4081 αὐτοῖς

1960 4116 2299 4186 διαθέμενος,
2325 4116 2487 4179 αὑτός
2510 4118 2659 4169 ἐστιν
2688 4118 2715 4168 6
2740 4115 2830 4169 καὶ
2862 4118 2962 4187 τὴν
2988 4115 3234 4169 Παλαιὰν
3258 4115 3381 4177 δοὺς
3402 4112 3555 4175 Θεός.

1974 4208 2238 4262 Ἐνταῦθα
2270 4208 2364 4261 καὶ
2396 4209 2523 4271 τοὺς
2557 4207 2665 4261 ἀπὸ
2692 4208 2904 4261 Παύλου
2922 4206 3013 4260 τοῦ
3038 4206 3401 4277 Σαμοσατέως
3433 4207 3562 4258 ἐπε-

1966 4298 2221 4367 στόμισεν
2269 4297 2469 4363 ἱκανῶς
2495 4338 2509 4362 ,
2544 4296 2592 4350 οἳ
2620 4297 2718 4367 τὴν
2754 4297 3081 4368 προαιώνιον
3130 4295 3363 4364 ὓπαρξιν
3408 4295 3561 4347 ἀναι-

1967 4388 2120 4460 ροῦσι
2149 4388 2242 4441 τοῦ
2276 4387 2636 4457 Μονογενοῦς.
2658 4391 2720 4441 Et
2742 4391 2850 4460 7&9
2882 4389 2988 4459 πρὸ
3010 4387 3105 4441 τοῦ
3131 4388 3294 4440 τόκου
3319 4385 3421 4456 τῆς
3447 4387 3561 4439 Ma.

1966 4482 2088 4553 ρίας
2118 4483 2219 4535 οὐκ
2240 4478 2329 4553 ἦν,
2371 4483 2494 4535 οὑδέ
2520 4482 2732 4553 ὑπῆρχε
2773 4482 2902 4552 πρὶν
2937 4482 2969 4552 ἢ
3005 4484 3236 4551 φανῆναι
3267 4482 3325 4532 ἐν
3372 4480 3559 4549 σαρκὶ,

1965 4574 2084 4635 πῶς
2117 4574 2425 4645 ἐνομοθέτει
2457 4576 2486 4627 6
2526 4574 2601 4643 μὴ
2654 4573 2765 4638 ῶν;
2804 4574 2921 4636 πῶς
2953 4574 3009 4626 δὲ
3041 4572 3196 4641 ἔλεγε
3218 4612 3231 4637 ,
3274 4572 3563 4638 Διαθήσοε-

1959 4684 2068 4735 μαι
2084 4668 2229 4735 ὑμῖν
2247 4666 2549 4735 διαθήκην
2571 4668 2811 4735 καινὴν,
2841 4670 2911 4720 οὺ
2936 4667 3088 4719 κατὰ
3113 4668 3227 4734 τὴν
3242 4666 3560 4735 διαθήκην,

1968 4759 2048 4827 ἣν
2094 4759 2376 4828 διεθέμην
2431 4759 2549 4825 τοῖς
2599 4759 2904 4827 πατράσιν
2933 4758 3133 4827 main“;
3189 4760 3305 4821 πῶς
3357 4759 3564 4812 διέθετο

1966 4856 2080 4915 τοῖς
2111 4854 2383 4922 πατράσιν
2419 4851 2600 4903 αὑτῶν
2632 4852 2707 4922 μή
2743 4852 3007 4921 ὑπάρχων
3032 4890 3046 4913 ,
3102 4851 3237 4920 μηδέ
3269 4850 3367 4917 ὢν,
3424 4850 3566 4903 κατά

1966 4944 2057 4998 τὸν
2094 4945 2318 4997 ἐκείνων
2356 4944 2548 5009 λόγως
2588 4943 2754 4995 Ἀλλά
2804 4944 2939 5013 πρὸς
2994 4943 3281 5005 Ἰουδαίους
3327 4944 3425 5013 μὲν
3474 4945 3565 4996 καὶ

1967 5038 2093 5100 τοὺς
2116 5037 2181 5089 τὰ
2216 5035 2484 5088 Ἰουδαίων
2508 5034 2798 5096 νοσοῦντας
2823 5034 3161 5097 Παυλιανοὺς
3188 5036 3346 5105 ἱκανὴ
3372 5036 3563 5105 στῆναι

1969 5132 2001 5199 ή
2039 5129 2131 5183 τοῦ
2169 5131 2449 5200 προφήτου
2489 5129 2795 5201 μαρτυρίαο
2860 5129 2947 5179 ἵνα
2980 5128 3036 5180 δὲ
3082 5130 3178 5181 καὶ
3227 5130 3565 5198 Μανιχαίους

1969 5226 2438 5295 ἐπιστομίσωμεν,
2472 5225 2581 5277 ἀπὸ
2597 5225 2694 5295 τῆς
2726 5224 3052 5295 Καινῆςτὴν
3088 5224 3396 5295 μαρτυρίαν
3427 5239 3570 5292 παρ-

1970 5318 2294 5387 αγάγωμεν,
2369 5318 2559 5385 ἐπειδὴ
2609 5317 2709 5386 τῆς
2758 5318 3002 5379 Παλαιᾶς
3033 5318 3209 5379 οὐδεὶς
3233 5317 3416 5377 αὐτοῖς
3452 5318 3568 5367 ἐστι

1970 5411 2147 5476 λόγος,
2176 5410 2374 5479 μᾶλλον
2412 5410 2469 5461 δὲ
2503 5410 2622 5462 οὑδέ
2647 5410 2743 5478 τῆς
2776 5409 2985 5479 Καινῆς
3006 5423 3019 5435 ⁸
3054 5409 3190 5461 ἀλλὰ
3226 5409 3321 5459 καὶ
3343 5404 3567 5475 ταύτην,

1977 5501 2037 5572 ῆν
2066 5500 2283 5554 δοκοῦσι
2322 5501 2511 5569 τιμᾷν,
2544 5499 2641 5567 οὐχ
2665 5495 2828 5570 ἦττον
2866 5497 3075 5565 ἐκείνης
3109 5493 3530 5564 καθυϐρίζουσιν
3556 5510 3569 5524 ο

1972 5596 2053 5646 ἐνὶ
2087 5595 2185 5665 μὲν
2209 5596 2416 5665 τρόπῳ,
2443 5595 2519 5664 τῷ
2543 5596 2643 5663 τῆς
2670 5595 2917 5657 Παλαιᾶς
2947 5595 3198 5665 ἐκκόψαι,
3230 5595 3328 5645 καὶ
3348 5594 3407 5646 τὸ
3429 5591 3575 5657 ἀξιό-

1978 5704 2165 5739 πιστον
2190 5688 2360 5756 αὑτῆς
2386 5686 2751 5754 λυμήνασθαι.
2780 5687 2856 5740 Οὐ
2886 5687 2997 5757 γὰρ
3020 5685 3193 5756 μικρά
3213 5684 3324 5737 τῶν
3356 5686 3411 5735 ἐν
3435 5685 3574 5753 αὑτῂ

1980 5781 2245 5851 κειμένων
2281 5786 2380 5855 τῆς
2417 5784 2678 5855 ἀληθείας
2714 5781 3007 5849 ἀπόδειξις,
3044 5781 3156 5834 τῶν
3179 5782 3237 5831 ἐν
3264 5781 3332 5849 τῇ
3363 5777 3577 5846 “animi

3132 5886 3201 5943 ’18
