4088 6442
255 423 363 482 285

258 539 375 594 Non
429 549 619 606 parum
666 531 812 587 enim
859 530 1141 583 veritatem
1187 522 1305 591 ejus
1358 518 1626 574 illustrant
1658 511 1863 568 Veteris

259 632 301 684 Τ
305 624 595 684 estatnenti
635 622 1020 694 prophetarum
1067 614 1352 687 praeconia,
1396 623 1534 680 quos
1579 606 1664 661 isti
1712 618 1865 658 aver-

259 719 431 775 sando
477 734 585 773 non
635 714 939 782 intelligunt
982 708 1185 777 majore
1230 704 1505 774 apostolos
1535 712 1694 770 quam
1742 708 1867 765 pro-

261 811 451 881 phetas
490 805 820 866 contumelia
862 818 920 857 se
951 800 1188 854 afﬁcere.
1219 796 1417 860 Unam,
1450 794 1686 862 inquam,
1714 787 1867 881 Novo

266 877 615 957 Testamento
643 896 894 967 injuriant
926 895 1124 948 faciunt
1154 890 1349 952 istam;
1393 885 1501 939 alio
1548 896 1677 938 vero
1704 877 1866 934 modo

260 995 483 1055 iterum,
504 987 650 1060 quod
678 988 876 1043 bonam
898 999 964 1037 ex
992 997 1059 1038 eo
1086 990 1289 1052 partem
1318 982 1587 1032 resecant.
1614 976 1865 1027 Attamen

264 1095 411 1140 tanta
441 1090 525 1138 est
555 1093 763 1142 eorum,
792 1091 913 1146 qum
942 1075 995 1129 in
1039 1074 1131 1128 illo
1165 1069 1532 1131 continuentur,
1562 1064 1665 1129 vis,
1704 1072 1759 1117 ut
1787 1061 1867 1114 vel

263 1190 331 1230 ex
361 1173 495 1244 ipsis
522 1169 761 1241 reliquiis
788 1166 949 1221 facile
974 1162 1297 1218 maleficium
1320 1161 1542 1215 istorum
1568 1153 1869 1225 deprehen-

263 1266 427 1318 datur
456 1280 472 1316 :
516 1269 722 1316 resecta
750 1258 895 1312 enim
924 1254 1166 1310 membra
1198 1253 1457 1324 clamant,
1491 1258 1545 1302 et
1587 1246 1869 1316 pristinum

258 1368 391 1409 cum
446 1352 561 1407 suis
600 1347 861 1405 membris
890 1358 1212 1401 consensum
1264 1340 1629 1395 indesinenter
1687 1333 1869 1403 requi-

264 1459 285 1498 ἰ
298 1453 417 1499 σοι.

338 1536 394 1591 5.
437 1532 631 1588 Probat
664 1547 825 1585 unum
872 1545 983 1585 esse
1026 1527 1365 1599 legislatorem
1407 1533 1670 1590 utriusque
1693 1514 1872 1572 Testa-

258 1624 423 1679 tnanti
446 1640 511 1678 ex
536 1623 829 1691 apostolicis
858 1621 1037 1685 verbis,
1066 1629 1111 1674 et
1135 1634 1199 1673 ea:
1223 1633 1284 1673 eo
1312 1617 1447 1685 quod
1488 1613 1639 1667 Vetus
1667 1610 1873 1665 Novum

262 1715 694 1787 prcﬁguraurit.
723 1744 795 1753 —
830 1709 1113 1779 Quomodo
1160 1709 1324 1779 igitur
1384 1701 1874 1760 demonstrabimus

268 1808 481 1864 Veteris
510 1815 564 1861 et
589 1806 725 1861 Novi
748 1802 1081 1859 TesL-tmenti
1115 1815 1279 1854 unum
1308 1811 1429 1852 esse
1470 1792 1875 1864 iegislatorem?

262 1897 349 1951 Ex
372 1897 504 1967 ipsis
526 1895 836 1965 apostolicis
869 1892 1065 1955 verbis,
1093 1906 1215 1960 qua:
1250 1886 1393 1958 apud
1422 1888 1569 1957 ipsos
1597 1884 1757 1938 etiam
1788 1896 1875 1937 re-

266 1988 390 2043 licta
422 1995 547 2040 sunt
571 2002 583 2037 :
605 2000 724 2054 qua:
749 1985 957 2037 tametsi
1003 1982 1170 2050 prima
1196 1980 1376 2032 {route
1406 1975 1687 2029 videantur
1710 1971 1874 2026 Vetus

266 2075 399 2130 illud
439 2088 720 2137 accusare,
752 2089 859 2127 non
906 2070 1251 2125 mediocriter
1294 2078 1470 2122 tamen
1516 2056 1567 2119 id
1594 2078 1876 2117 commcn-

264 2168 421 2232 daut,
452 2176 506 2220 et
531 2165 729 2219 divinis
770 2163 1003 2217 oraculis
1039 2161 1247 2215 uelitus
1294 2157 1563 2228 proditum
1589 2170 1710 2209 esse
1736 2152 1876 2207 indi—

264 2266 415 2311 cant.
462 2254 534 2310 Et
563 2255 664 2309 hoc
691 2255 860 2309 sancti
906 2252 1138 2323 Spiritus
1167 2249 1429 2320 sapientia
1460 2248 1657 2301 factum
1684 2254 1786 2319 est,
1822 2252 1882 2298 ut

264 2332 616 2403 accusatores
646 2347 799 2415 legis,
828 2344 1006 2400 ailecti
1054 2343 1222 2413 prima
1274 2342 1411 2396 facie
1439 2341 1743 2403 verborum,
1780 2338 1880 2391 im-

272 2438 567 2509 prudentes
595 2447 647 2492 et
680 2437 830 2489 inviti
855 2432 1315 2504 adseriptamejus
1331 2430 1702 2486 defensionem
1730 2442 1878 2482 rece-

268 2529 450 2600 perint
480 2546 494 2583 :
526 2536 583 2581 ut
631 2527 677 2581 si
719 2527 917 2581 vellent
946 2526 1013 2579 ad
1056 2541 1242 2579 verunt
1298 2522 1587 2592 respicere,
1616 2520 1881 2575 haberent

268 2637 576 2678 sermonem
605 2633 766 2690 quem
789 2627 1142 2689 sequerentur
1172 2635 1184 2670 :
1210 2615 1350 2686 quod
1364 2616 1407 2669 si
1432 2615 1485 2668 in
1506 2612 1880 2667 incredulitate

272 2720 669 2783 permanerent,
708 2710 905 2764 nullam
957 2709 1057 2763 sibi
1106 2710 1157 2761 itt
1208 2717 1482 2777 posterum
1527 2704 1699 2759 veniae
1729 2717 1879 2771 spem

270 2804 533 2873 reliquam
563 2802 800 2855 facerent
830 2818 841 2854 :
878 2809 935 2854 ut
963 2799 1054 2869 qui
1083 2797 1246 2852 etiam
1291 2797 1397 2851 illis
1434 2809 1555 2865 qua:
1584 2793 1715 2847 alias
1740 2793 1883 2847 reci-

272 2910 404 2966 pere
431 2892 703 2959 videntur,
734 2890 893 2946 fidem
927 2891 981 2944 in
1008 2904 1159 2945 suam
1192 2889 1429 2958 ipsorum
1467 2884 1761 2956 perniciem
1787 2883 1882 2937 ab-

275 2994 551 3059 rogarent.
591 2984 694 3041 Ubi
747 2985 906 3055 igitur
956 2983 1163 3037 Novum
1212 2980 1616 3036 Testamentum
1665 2991 1884 3032 suarum

270 3094 339 3135 ac
367 3088 612 3133 veterum
641 3078 815 3146 legunt
846 3076 1095 3129 eumdem
1137 3081 1416 3128 auctorem
1463 3085 1586 3126 esse
1619 3068 1885 3124 testatur?

258 3170 344 3236 ~Et
376 3169 501 3223 alibi
529 3168 744 3238 quidem
772 3182 879 3221 non
911 3181 1019 3221 uno
1042 3164 1163 3219 loco
1190 3182 1202 3217 :
1238 3178 1337 3217 nos
1368 3171 1547 3217 tamen
1573 3160 1696 3215 data
1719 3173 1882 3229 opera

276 3275 399 3315 eaut
453 3268 634 3313 textus
682 3266 889 3326 partem
939 3254 1292 3320 adducemus,
1325 3268 1443 3322 qua:
1470 3253 1553 3306 vel
1610 3252 1663 3304 in
1716 3250 1884 3304 Mani-

281 3350 557 3404 clueorum
588 3346 865 3402 codicibus
891 3345 1153 3400 hactenus
1177 3344 1373 3397 mansit
1401 3340 1704 3396 incolumis.
1728 3340 1886 3408 Qua:-

275 3458 403 3498 nam
445 3441 600 3497 haec?
644 3439 809 3494 Dicite
831 3439 974 3505 mihi,
1008 3438 1198 3509 inquit,
1222 3437 1307 3507 qui
1336 3436 1427 3489 sub
1453 3436 1560 3507 lege
1578 3434 1731 3489 vultis
1758 3451 1882 3498 esse,

279 3536 446 3606 legem
473 3549 575 3595 non
598 3533 815 3587 audiatis
832 3533 859 3585 .’
900 3531 1036 3603 quod
1070 3530 1327 3583 Abraham
1355 3529 1485 3582 duos
1512 3529 1645 3597 ﬁlios
1670 3527 1883 3580 habuit:

281 3644 529 3683 unumea:
557 3626 767 3691 ancilla,
794 3623 1013 3678 alterum
1056 3640 1084 3678 ε
1129 3624 1287 3677 littera
1333 3621 1479 3693 (Gal.
1528 3623 1581 3675 4.
1625 3619 1716 3674 21.
1749 3620 1883 3689 Q2)?

282 3720 618 3775 Audiverunt
636 3718 875 3773 baaretici
900 3733 1061 3772 unum
1086 3716 1337 3772 habuisse
1358 3731 1424 3771 ex
1449 3713 1644 3769 ancilla
1663 3725 1743 3778 ,et
1766 3733 1887 3769 eon-

280 3811 463 3867 festim
482 3819 833 3866 accurrerunt
860 3827 872 3865 :
906 3808 1005 3863 rati
1034 3808 1178 3863 enim
1208 3806 1291 3862 his
1313 3806 1493 3863 verbis
1512 3807 1645 3877 legis
1666 3821 1887 3861 accusa-

284 3906 484 3957 tionem
509 3902 793 3966 contiueri,
818 3903 1038 3958 resectis
1058 3903 1536 3973 consequentibus,
1557 3902 1699 3956 illatn
1730 3916 1889 3956 accu-

281 3997 549 4050 sationem
568 3994 801 4050 retinent
816 3995 919 4050 sibi
940 3996 1383 4065 patrocinantem.
1401 3997 1512 4066 Age
1530 3995 1688 4065 igitur
1705 4010 1767 4049 ex
1790 3995 1889 4048 hoc

280 4090 403 4157 ipso
456 4088 576 4143 loco
627 4088 978 4143 ostendamus
1030 4088 1281 4142 eumdem
1334 4102 1455 4143 esse
1504 4088 1886 4157 legislatoretn.

285 4180 545 4233 Abraham
580 4178 710 4234 duos
751 4179 889 4247 ﬁlios
927 4178 1123 4245 habuit,
1158 4196 1317 4233 unum
1347 4196 1410 4233 ea:
1436 4177 1647 4243 ancilla,
1674 4179 1888 4231 alterum

283 4277 561 4330 rrlibcm.
617 4276 741 4330 Ηασ
779 4287 955 4330 autem
1003 4285 1148 4339 sunt,
1199 4275 1399 4345 inquit,
1448 4292 1541 4345 per
1565 4274 1894 4347 allegoriam

288 4365 430 4416 dicta
460 4363 560 4434 (Ib.
589 4383 637 4419 υ.
670 4366 782 4436 2i).
817 4365 959 4432 Quid
980 4375 1085 4429 est,
1120 4364 1222 4419 Per
1250 4365 1570 4436 allegoriam
1594 4366 1736 4418 dicta
1755 4365 1781 4417 ?
1805 4362 1897 4418 Fi-

279 4466 432 4523 gura:
461 4467 672 4514 eorum,
706 4468 823 4522 quae
854 4456 954 4507 sub
994 4456 1163 4524 gratia
1193 4466 1534 4525 gererentur,
1566 4466 1720 4511 erant
1745 4472 1891 4526 qua:-

279 4561 516 4615 cumque
536 4546 637 4601 sub
660 4545 803 4615 Lege
830 4546 1048 4601 flebant.
1082 4550 1233 4620 Sicut
1265 4550 1410 4603 enim
1465 4550 1574 4604 illic
1613 4548 1737 4604 duae
1771 4566 1888 4601 mtt-

286 4636 469 4704 lieres,
503 4636 574 4690 ita
606 4634 693 4691 hic
722 4635 831 4692 duo
870 4637 1233 4693 Testamenta.
1284 4638 1518 4693 Primum
1564 4640 1619 4693 in
1670 4641 1771 4694 hoe
1801 4656 1893 4709 ap-
1938 4674 1941 4681 ηη

281 4735 439 4797 paret
460 4728 711 4798 cognatio
760 4727 888 4783 Novi
937 4744 1059 4783 cum
1096 4730 1307 4793 Veteri,
1365 4731 1508 4801 quod
1558 4731 1648 4787 illa
1698 4732 1889 4786 horum

285 4820 472 4888 ﬁgurae
500 4829 673 4874 erant.
704 4820 898 4891 Figura
926 4824 1069 4877 euint
1099 4825 1311 4879 veritati
1344 4841 1450 4879 non
1484 4827 1753 4881 contraria
1784 4840 1887 4891 est,

280 4908 380 4963 sed
407 4918 653 4978 cognata.
683 4909 837 4979 Quod
864 4913 907 4966 si
943 4914 1148 4970 Veteris
1176 4915 1318 4970 illius
1362 4915 1501 4971 Deus
1546 4915 1681 4971 Novi
1734 4917 1891 4988 hujus

288 5001 399 5055 Deo
436 5001 742 5056 contrarius
770 5014 935 5069 esset,
967 5004 1378 5077 haudquaquam
1423 5022 1520 5078 per
1548 5009 1666 5063 illas
1704 5010 1894 5063 mulie-

283 5106 375 5165 res
403 5090 533 5144 Novi
577 5093 998 5162 prmcellentiam
1052 5097 1469 5169 prtefigurztssa.
1503 5099 1657 5167 Quod
1710 5100 1754 5155 si
1805 5101 1893 5156 ille

285 5182 670 5253 prteiignravit,
705 5200 801 5254 par
831 5195 948 5241 erat
992 5187 1213 5243 Paulum
1246 5204 1351 5243 non
1382 5190 1527 5244 abuti
1558 5191 1655 5245 hac
1701 5191 1891 5262 figura.

285 5274 382 5330 Sin
412 5287 593 5329 autent
624 5276 827 5342 dicant,
861 5280 1005 5346 quod
1034 5280 1100 5333 ad
1128 5280 1405 5335 Judaicam
1438 5281 1802 5337 infirmitatem
1829 5301 1893 5337 se

283 5367 577 5420 demittens
608 5367 711 5421 huc
745 5367 992 5433 faciebat,
1025 5373 1309 5439 Oportebat
1344 5389 1465 5427 cum
1493 5376 1657 5428 etiam
1690 5376 1893 5429 Cra-cis

288 5460 672 5528 praedicantem
725 5464 921 5532 figuras
960 5465 1279 5519 Gra‘corunt
1320 5466 1599 5533 adhibere,
1628 5477 1682 5521 et
1708 5483 1890 5522 rerum

285 5550 428 5620 apud
457 5549 677 5606 Graecus
703 5563 976 5623 gestarum
1011 5555 1263 5612 historias
1304 5573 1751 5615 commemorare.
1786 5559 1890 5616 Sed

280 5639 387 5697 hoc
427 5658 691 5712 nusquam
739 5645 881 5711 fecit,
923 5657 978 5701 et
1019 5650 1231 5702 merito.
1279 5650 1371 5703 Illa
1416 5653 1559 5706 enim
1593 5652 1725 5707 nihil
1768 5670 1890 5708 cum

280 5743 506 5789 veritate
546 5749 835 5792 commune
884 5736 1174 5805 habebant,
1209 5741 1321 5793 hmo
1367 5754 1545 5798 autem
1602 5743 1693 5798 Dei
1747 5744 1893 5814 leges

282 5829 783 5894 erant,etoracula
893 5852 907 5888 :
975 5845 1312 5905 quapropter
1377 5856 1571 5912 magna
1637 5834 1893 5910 cognatio

899 405 994 468 DE
1037 398 1286 466 VERBIS
1326 395 1680 467 Αροετοιι,
1722 395 1882 453 HABI

1989 393 2093 452 ΓΕΒ
2129 388 2415 451 ΕυΜῦΕΜ
2454 387 2800 446 ὃΡΙῐυΤυΜ.
2843 384 2912 442 ΙΙ.

3444 384 3555 439 9,κὸ

1968 506 2251 564 veteribus
2301 504 2409 558 illis
2454 518 2584 557 cum
2633 500 2787 555 Novo
2836 498 3189 555 ‘l‘estattteuto
3240 494 3554 550 intercedit.

2036 601 2094 655 6.
2119 602 2500 670 Argumentum
2527 594 2812 649 secundum
2834 607 2902 647 ex
2930 592 3114 646 eadem
3153 574 3398 643 historia.
3435 586 3562 641 Non

1977 695 2127 763 pauci
2156 692 2208 745 in
2248 690 2412 745 Veteri
2439 687 2765 744 Testamenta
2788 702 2962 740 amore
2987 686 3145 748 ducti,
3181 701 3281 739 non
3303 687 3580 741 timore.—

1978 786 2216 841 Prinrum
2240 784 2400 853 igitur
2427 790 2801 853 argumentum
2822 780 2924 834 hoc
2950 789 3052 845 eSt,
3082 778 3244 833 Vetus
3264 777 3582 834 Testamen-

1980 886 2091 931 tum
2124 876 2297 930 mudis
2322 874 2572 929 omnibus
2599 889 2720 928 cum
2748 871 2897 927 Novo
2924 886 3255 925 consonare:
3286 870 3582 927 secundum

1976 977 2156 1023 autem
2210 967 2301 1021 illo
2349 981 2459 1019 non
2514 964 2727 1029 minus,
2779 978 2843 1018 ex
2899 963 3011 1032 ipsa
3058 961 3283 1016 historia
3329 963 3579 1016 sumitur.

1975 1056 2442 1125 Quemadmodum
2464 1055 2615 1112 enim
2648 1064 2775 1110 tunc
2802 1052 2925 1109 dute
2958 1052 3215 1109 mulieres
3247 1061 3404 1108 erant
3425 1056 3585 1110 unius

1977 1151 2105 1204 viri:
2139 1151 2210 1203 ita
2241 1165 2384 1204 nunc
2425 1148 2532 1203 duo
2571 1147 2915 1203 Testamenta
2949 1146 3107 1201 unius
3153 1146 3508 1217 legislatoris;
3537 1149 3583 1202 si

1977 1242 2122 1297 cnim
2150 1243 2287 1297 alius
2314 1251 2460 1298 esset
2478 1240 2611 1296 Novi
2635 1281 2650 1306 ,
2672 1240 2810 1295 alius
2839 1238 3047 1295 Veteris
3078 1280 3093 1305 ,
3127 1252 3583 1308 supervacaneum

1978 1342 2095 1388 erat
2122 1332 2261 1388 hanc
2292 1332 2570 1387 historiam
2591 1331 2882 1387 adducere.
2911 1329 3094 1400 Neque
3120 1332 3263 1385 enim
3294 1332 3460 1386 alium
3492 1332 3585 1385 ha-

1981 1426 2139 1481 bebat
2159 1426 2293 1481 Sara
2330 1425 2524 1489 virum,
2555 1424 2721 1478 alium
2754 1423 2925 1493 Agar;
2964 1421 3059 1476 sed
3092 1430 3316 1493 utraque
3345 1437 3507 1477 unum
3531 1434 3589 1479 et

1977 1516 2453 1589 eutudem.ltaque
2477 1515 2709 1572 dicendo
2738 1557 2755 1581 ,
2797 1513 2926 1569 Hinc
2960 1514 3091 1568 enim
3126 1523 3247 1567 sunt
3280 1514 3384 1568 duo
3408 1512 3587 1569 Testa-

1979 1620 2147 1666 menta
2195 1609 2367 1681 (Gal.
2399 1610 2453 1666 4.
2492 1608 2607 1680 ει)
2636 1650 2651 1675 ,
2684 1608 2819 1663 nihil
2872 1606 3016 1661 aliud
3065 1606 3196 1662 dicit
3240 1622 3400 1677 quam
3446 1608 3589 1679 quod

1979 1700 2230 1757 eumdem
2262 1701 2492 1755 habeant
2518 1699 2905 1770 legislatorern,
2937 1698 3076 1752 sicut
3100 1697 3202 1752 illa:
3224 1712 3397 1752 unum
3416 1698 3589 1755 virum

1982 1791 2279 1847 Abraham.
2320 1790 2429 1847 Sed
2458 1791 2629 1846 altera
2661 1788 2877 1860 quidem
2906 1799 3021 1843 erat
3048 1803 3202 1843 serva
3225 1830 3243 1854 ,
3267 1790 3438 1845 altera
3459 1804 3591 1846 vero

1982 1884 2169 1940 libera.
2191 1884 2330 1953 Quid
2348 1884 2499 1940 tum?
2524 1882 2783 1938 hactenus
2813 1882 2955 1936 enim
2978 1882 3339 1951 qumrebatur,
3362 1897 3431 1937 an
3453 1898 3592 1938 unus

1982 1976 2261 2045 utriusque
2301 1975 2372 2030 sit
2420 1974 2711 2045 legislator.
2760 1970 3042 2041 Recipiunt
3086 1970 3247 2042 igitur
3274 1972 3422 2042 prius
3448 1974 3588 2039 hoc,

1982 2078 2046 2120 ac
2102 2075 2212 2120 tum
2272 2065 2488 2119 demum
2546 2064 2612 2118 ad
2677 2062 2805 2117 illud
2872 2063 3102 2115 alterum
3150 2061 3235 2114 eis
3298 2064 3595 2131 responde-

1985 2160 2179 2213 bimus.
2226 2158 2282 2215 Si
2338 2160 2480 2214 enint
2532 2173 2627 2213 eos
2677 2158 2780 2211 hoc
2835 2168 2892 2211 ut
2954 2156 3272 2224 admittant,
3321 2161 3385 2213 ac
3434 2158 3591 2213 nobis

1985 2253 2351 2308 assentiuntur
2379 2296 2393 2320 ,
2438 2253 2686 2324 coegeris
2715 2294 2730 2317 ,
2776 2252 3087 2305 universum
3131 2250 3345 2306 illorum
3392 2252 3587 2324 dogma

1984 2352 2222 2398 corruet.
2273 2342 2568 2412 Comperto
2609 2342 2752 2398 enim
2802 2343 2964 2397 etiam
3005 2341 3216 2398 Veteris
3258 2344 3591 2400 Testamenti

1983 2434 2233 2488 eumdem
2267 2434 2628 2505 legislatorent
2661 2448 2782 2488 esse
2813 2475 2829 2499 ,
2872 2434 3013 2487 sicut
3054 2448 3243 2489 revera
3272 2444 3397 2503 est,
3429 2436 3581 2491 finetr

1987 2525 2203 2581 habebit
2230 2525 2406 2579 omnis
2438 2526 2651 2580 illorum
2681 2526 2959 2580 nobiscum
3002 2528 3391 2581 controversia.
3436 2529 3589 2583 Atta-

1988 2632 2111 2672 men
2155 2633 2225 2671 ue
2268 2619 2351 2671 vel
2388 2616 2516 2671 hinc
2555 2617 2843 2672 turbemiui
2869 2656 2887 2682 ,
2930 2615 3272 2673 advertamus
3314 2618 3596 2690 diligenter

1990 2707 2104 2762 lucc
2132 2708 2315 2762 verba.
2351 2707 2465 2762 Non
2494 2707 2638 2762 enim
2667 2707 2800 2762 dixit
2826 2749 2841 2775 ,
2876 2706 2991 2763 Una
3014 2707 3234 2777 quidem
3278 2724 3431 2763 serva
3451 2751 3465 2773 ,
3489 2724 3593 2765 una

1988 2812 2117 2852 vero
2148 2798 2315 2853 libera
2340 2814 2354 2851 :
2383 2798 2477 2853 sed
2506 2839 2521 2862 ,
2559 2796 2675 2853 Una
2715 2797 2918 2868 quidem
2949 2797 3003 2851 in
3050 2799 3338 2853 servitutem
3382 2801 3595 2869 gignens

1990 2888 2175 2961 (lbid.)
2208 2908 2223 2944 :
2256 2904 2357 2945 nec
2381 2890 2559 2944 statim
2589 2906 2744 2945 serva
2767 2899 2849 2944 est
2876 2932 2891 2954 ,
2930 2905 3051 2960 qua
3081 2890 3133 2945 in
3161 2891 3479 2945 sertitutem
3508 2894 3592 2962 gi-

1987 2982 2105 3051 gnit
2128 3000 2140 3036 :
2166 2993 2220 3037 et
2244 2982 2345 3037 hoc
2375 2984 2546 3053 ipsum
2571 2984 2639 3037 ad
2660 2984 2980 3039 servitutem
2993 2992 3174 3038 natum
3202 2998 3322 3040 esse
3345 3001 3450 3039 non
3477 3000 3594 3040 ma-

1991 3072 2087 3126 tris
2140 3083 2224 3129 cst
2290 3075 2541 3142 crimen,
2592 3076 2687 3130 sed
2738 3076 3079 3145 parvulorum
3127 3076 3219 3146 qui
3276 3087 3591 3133 nascuntur.

1990 3164 2254 3231 Quoniam
2278 3168 2426 3222 enim
2471 3183 2567 3221 sua
2603 3168 2805 3222 malitia
2838 3169 3047 3238 seipsos
3078 3168 3323 3227 libertate
3350 3172 3598 3243 privave-

1990 3268 2117 3313 runt
2148 3302 2161 3327 ,
2190 3270 2250 3315 ct
2287 3274 2316 3313 a
2353 3260 2475 3329 jure
2519 3260 2863 3331 ingenuitatis
2894 3260 3211 3317 exciderunt
3243 3306 3259 3329 ,
3304 3279 3409 3317 non
3438 3279 3594 3320 secus

1990 3365 2151 3421 quam
2183 3352 2423 3421 ingratos
2452 3364 2641 3405 servos
2672 3353 2919 3406 tractavit
2945 3365 3039 3405 eos
3077 3352 3218 3408 Deus
3250 3394 3266 3420 ,
3303 3363 3510 3411 terrore
3537 3374 3597 3410 ae

1992 3444 2151 3497 minis
2185 3444 2475 3513 castigans.
2509 3430 2649 3512 Qm’n
2690 3455 2747 3499 et
2783 3444 2942 3499 hodie
2981 3446 3131 3500 multi
3177 3457 3357 3516 patres
3397 3448 3597 3501 liberos

1992 3549 2119 3590 suos
2143 3550 2248 3589 non
2283 3545 2337 3590 ut
2358 3534 2519 3603 filios,
2552 3536 2646 3591 sed
2673 3545 2729 3589 ut
2756 3550 2944 3590 servos
2981 3547 3128 3592 metu
3156 3548 3446 3593 coercent:
3477 3556 3597 3610 quae

1991 3630 2147 3699 culpa
2180 3645 2284 3683 non
2312 3638 2592 3699 parentum
2615 3640 2719 3696 est,
2760 3630 2857 3685 sed
2883 3632 3134 3695 filiorum,
3165 3632 3253 3702 qui
3281 3648 3444 3687 causa
3485 3636 3597 3689 fue—

1994 3731 2120 3776 runt
2149 3721 2459 3791 parentibus
2484 3730 2539 3776 ut
2561 3722 2814 3777 servilem
2845 3722 2897 3776 itt
2932 3721 3148 3778 modum
3190 3725 3256 3778 ab
3284 3725 3364 3779 eis
3389 3725 3562 3782 educa
3581 3756 3593 3765 -

1994 3823 2198 3867 rentur.
2225 3812 2490 3868 Eumdem
2521 3812 2591 3867 ad
2616 3812 2836 3867 modum
2874 3816 3037 3869 etiam
3069 3816 3209 3870 Deus
3238 3816 3359 3885 ejus
3388 3808 3599 3887 tempo-

1994 3906 2067 3959 ris
2089 3905 2346 3977 populum
2375 3906 2670 3960 terroribus
2697 3921 2759 3959 ac
2791 3906 2966 3975 poenis
2993 3907 3292 3971 erudiebat,
3315 3925 3418 3962 non
3438 3910 3597 3964 aliter

1995 4012 2153 4065 quant
2203 3997 2405 4050 nullius
2448 3996 2616 4065 frugis
2657 4011 2913 4059 servum;
2968 4013 3069 4051 nec
3121 4006 3298 4051 tamen
3346 3998 3460 4052 Ιι.ιο
3507 3999 3605 4054 Dei

1995 4088 2148 4157 culpa
2177 4087 2293 4153 fuit,
2325 4098 2416 4141 aut
2436 4088 2589 4163 legis,
2619 4088 2713 4143 sed
2735 4087 3046 4142 Iuda-orum
3098 4091 3465 4158 respuendum
3497 4089 3604 4145 frc-

1996 4195 2154 4245 ntmt,
2188 4189 2244 4234 et
2268 4179 2471 4233 duriori
2503 4180 2659 4236 freno
2684 4196 2820 4250 opus
2858 4180 3192 4235 habentium.
3233 4181 3508 4253 Siquidem
3544 4185 3601 4239 itt

1996 4271 2113 4340 ipso
2140 4269 2320 4325 Veteri
2340 4270 2687 4326 Testamento
2708 4273 2905 4327 multos
2937 4273 3175 4341 reperire
3202 4273 3347 4339 licet,
3371 4275 3460 4344 qui
3491 4290 3602 4339 non

1990 4363 2064 4418 ad
2098 4364 2345 4419 eamdem
2386 4367 2495 4420 sint
2537 4365 2691 4420 tracti
2731 4365 3067 4434 disciplinam
3096 4407 3113 4430 ,
3152 4375 3208 4419 ut
3232 4366 3359 4421 Abel
3388 4408 3404 4433 ,
3439 4366 3551 4422 Noe
3588 4411 3601 4427 .

1991 4454 2268 4509 Abraham
2298 4498 2311 4522 ,
2338 4455 2519 4523 Isaac,
2549 4455 2716 4510 Iacob
2736 4497 2749 4519 ,
2776 4456 3013 4525 Joscph,
3034 4455 3241 4520 Moses,
3272 4456 3417 4511 Elias
3439 4501 3453 4523 ,
3488 4457 3592 4511 Eli-

1997 4560 2137 4599 s;etts
2165 4586 2179 4609 ,
2210 4554 2265 4600 et
2291 4560 2481 4600 omnes
2512 4547 2603 4615 qui
2648 4545 2783 4600 Novi
2830 4545 3160 4599 Testamenti
3195 4546 3437 4600 instituta
3476 4562 3597 4600 sunt

1997 4636 2268 4690 annulati:
2298 4652 2409 4690 non
2454 4638 2598 4691 enim
2636 4646 2846 4691 terrore
2879 4652 2944 4690 ac
2979 4637 3175 4706 poenis,
3223 4654 3320 4691 nec
3349 4639 3510 4693 minis
3539 4654 3599 4692 ac

1998 4731 2231 4798 tnulctis,
2263 4731 2359 4785 sed
2390 4746 2577 4785 amore
2605 4728 2696 4785 Dei
2724 4772 2739 4797 ,
2774 4740 2828 4784 et
2858 4728 3088 4785 ferventi
3116 4746 3244 4799 erga
3282 4731 3430 4784 illuttt
3470 4732 3592 4789 affe-

1998 4823 2178 4877 ctione
2210 4821 2345 4877 tales
2364 4837 2490 4891 erga
2522 4822 2687 4877 Deum
2728 4830 2854 4877 sunt
2892 4820 3086 4876 redditi
3108 4863 3122 4883 .
3152 4822 3336 4891 quales
3364 4821 3601 4877 fuerunt.

1998 4913 2115 4968 Non
2142 4914 2284 4969 enim
2310 4928 2449 4983 opus
2475 4913 2742 4968 habebant
2770 4913 3057 4979 mandatis,
3080 4927 3254 4979 neque
3274 4913 3605 4984 prtescriptis

1999 5014 2055 5061 et
2084 5007 2315 5076 legibus,
2347 5016 2403 5059 ut
2428 5006 2683 5060 virtutem
2721 5014 3061 5059 sectarentur
3084 5018 3148 5057 ac
3170 5005 3296 5057 vitia
3330 5002 3602 5073 fugerent:

2000 5098 2095 5152 sed
2126 5108 2182 5152 ut
2210 5098 2424 5169 ingenui
2456 5107 2509 5151 et
2552 5096 2759 5151 liberali
2804 5096 3021 5165 ingenio
3064 5094 3155 5161 ﬁlii
3182 5136 3197 5161 ,
3238 5106 3602 5164 agnoscentes

2000 5205 2151 5244 suam
2182 5190 2573 5255 conditionem,
2604 5189 2804 5258 absque
2832 5197 2977 5241 ntetu
3007 5186 3115 5239 ullo
3134 5196 3225 5239 aut
3248 5187 3604 5257 castigatione

2004 5285 2055 5337 itt
2080 5284 2294 5337 virtutis
2320 5295 2493 5337 castra
2528 5298 2586 5336 sc
2618 5281 2959 5335 contulerunt
2986 5300 2999 5335 :
3028 5280 3293 5348 reliquum
3324 5296 3456 5334 vero
3482 5282 3570 5335 vul
3594 5314 3600 5319 -

2002 5390 2101 5445 gus
2142 5374 2450 5429 Judzeorum
2486 5416 2501 5440 ,
2538 5375 2791 5444 quoniam
2841 5373 2932 5427 ad-
2958 5372 3216 5426 malitiant
3261 5370 3603 5437 defecerant,

2006 5468 2140 5538 legis
2179 5467 2335 5522 freno
2385 5468 2694 5522 necessario
2739 5466 3027 5521 coercendi
3079 5466 3312 5519 fuerunt.
3368 5450 3603 5535 Ideoque

2003 5572 2286 5631 postquam
2324 5562 2547 5615 vitulum
2597 5563 2867 5616 tinxerunt
2897 5602 2911 5625 ,
2944 5571 2998 5614 et
3044 5559 3294 5630 sculptile
3345 5560 3605 5615 adoravi:-

2006 5662 2159 5720 runt,
2187 5662 2298 5707 tum
2326 5651 2544 5707 demum
2574 5652 2879 5715 audierunt,
2912 5649 3164 5706 Dominus
3192 5649 3327 5704 Deus
3359 5662 3473 5703 tuus
3502 5648 3607 5702 Do—

2005 5745 2173 5798 minus
2203 5761 2334 5798 unus
2364 5754 2436 5799 est
2458 5746 2477 5817 (
2503 5742 2653 5799 Deut.
2680 5744 2733 5799 6.
2762 5744 2797 5797 4
2823 5746 2876 5811 );
2912 5752 3261 5813 posteaquam
3291 5740 3469 5795 caedes
3510 5757 3602 5811 pa-

2014 5846 2286 5893 traverunt
2352 5846 2405 5892 et
2463 5852 2659 5892 uxores
2714 5834 2947 5908 proximi
3020 5844 3444 5906 stupraverttnt,
3483 5844 3609 5891 tunc
