4088 6402
529 345 633 398 287

531 454 847 509 audiVeruttt
876 496 888 516 ,
924 452 1039 507 Non
1071 452 1261 506 occides
1292 496 1306 519 ,
1344 470 1440 507 non
1470 456 1825 510 machaberis:
1857 465 1907 509 et
1944 455 2102 508 simili

532 542 693 600 modo
716 545 913 610 reliqua
942 543 1134 595 omnia.

604 637 653 689 7.
689 635 864 702 Itaque
905 648 1010 686 non
1042 643 1124 687 est
1164 634 1483 703 vituperium
1527 635 1661 707 legis
1686 636 1825 707 qttod
1856 635 2032 704 puniat
2054 643 2104 687 ct

530 727 751 781 mulctet
770 764 786 790 ,
815 733 870 779 et
893 740 1085 780 servos
1106 726 1246 781 velut
1277 727 1550 797 improbos
1578 727 1826 783 emendet
1851 743 1913 782 ac
1938 728 2100 782 casti-

530 824 637 884 got,
664 815 758 871 sed
790 818 1113 887 prmconium
1142 818 1365 888 insigne.
1398 834 1494 874 nec
1524 820 1756 889 vulgaris
1786 820 1900 873 laus
1920 860 1934 884 ,
1962 820 2100 888 quod

528 922 623 961 eos
647 909 734 977 qui
756 908 821 963 ad
848 918 1141 964 extremam
1169 911 1425 965 malitiam
1460 912 1687 980 prolapsi
1714 910 1923 965 fuerant
1952 951 1966 975 ,
2004 926 2101 980 po-

529 993 687 1053 tuerit
715 1000 1005 1054 severitate
1049 1015 1144 1055 sua
1183 1001 1409 1056 liberare
1438 1017 1466 1054 a
1494 1003 1635 1055 vitiis
1656 1044 1671 1067 ,
1704 1003 2023 1071 mollireque
2049 1011 2101 1056 et

528 1094 881 1158 obsequentes
926 1091 1107 1161 gratiae
1169 1092 1375 1155 facere,
1415 1104 1573 1161 atque
1624 1093 1690 1147 ad
1728 1108 1919 1147 novam
1967 1091 2101 1147 hanc

528 1182 1027 1251 philesophiameeu
1042 1182 1176 1236 viam
1202 1183 1483 1252 quamdam
1506 1194 1763 1239 sternere.
1794 1184 1937 1239 ldem
1959 1174 2099 1240 enim

525 1272 753 1343 Spiritus
801 1283 909 1327 tum
955 1273 1008 1327 in
1048 1273 1224 1328 Veteri
1273 1272 1651 1338 Testamento,
1692 1284 1803 1329 tum
1854 1275 1906 1328 iu
1956 1273 2101 1328 Novo

528 1363 872 1434 dispensabat
922 1363 1098 1419 omnia
1126 1405 1141 1430 ,
1190 1364 1314 1419 licet
1350 1364 1563 1419 diverso
1601 1364 1778 1420 modo.
1811 1366 2098 1435 Propterea

529 1456 720 1509 Paulus
733 1455 764 1509 tl
772 1454 940 1509 icebat
960 1471 975 1509 :
994 1452 1240 1508 Habentes
1256 1466 1420 1509 autem
1440 1456 1668 1510 eitmdem
1684 1453 1933 1525 Spiritum
1956 1456 2098 1522 ﬁdei,

527 1543 653 1596 sicut
679 1546 916 1614 scriptum
949 1555 1018 1599 est
1036 1586 1051 1605 .
1070 1544 1294 1611 Credidi,
1328 1554 1533 1615 propter
1555 1546 1690 1615 quod
1711 1546 1945 1615 loquutus
1966 1562 2094 1599 sitm.

603 1637 800 1689 illorum
827 1636 1046 1704 probitas
1072 1651 1183 1687 cum
1208 1634 1328 1703 ﬁdei
1344 1635 1629 1689 sinceritate
1632 1635 2101 1706 jungendm—Nec

528 1726 695 1778 solum
726 1735 944 1794 propter
971 1725 1071 1779 hoc
1096 1724 1249 1784 dixit,
1288 1723 1533 1777 Eumdcm
1554 1724 1808 1793 spiritum,
1826 1719 1919 1780 sed
1946 1731 2000 1777 et
2026 1724 2100 1779 ob

524 1819 678 1870 aliam
720 1830 824 1870 neu
855 1816 1106 1868 leviorem
1139 1830 1351 1868 causam
1384 1855 1396 1874 .
1419 1805 1593 1883 quam
1612 1813 1853 1869 volebam
1883 1813 2099 1884 quidem

529 1920 666 1961 nunc
710 1903 939 1970 afferre;
970 1904 1063 1958 scd
1114 1904 1315 1958 veritus
1360 1918 1424 1956 ne
1467 1904 1705 1972 pluribus
1748 1901 1947 1973 gravati
1989 1902 2097 1970 jam

520 2000 782 2051 dicturum
810 1993 1212 2054 obliviscamini,
1242 1994 1292 2047 in
1310 1992 1466 2047 aliam
1491 1994 1630 2047 diem
1658 1992 1806 2049 vobis
1835 2008 1956 2047 eum
1986 2007 2097 2047 ser-

518 2104 732 2143 monem
757 2086 980 2141 servabo
1004 2126 1018 2150 ,
1049 2086 1256 2140 interim
1280 2084 1517 2138 hortatus
1536 2124 1552 2149 ,
1586 2092 1642 2137 ut
1670 2092 1986 2154 pnesentem
2017 2093 2099 2138 to-

521 2189 634 2233 tum
662 2180 709 2233 in
741 2178 1050 2233 memoriam
1087 2175 1380 2230 rccmttlatis
1414 2216 1429 2239 ,
1462 2186 1620 2244 atque
1658 2174 1942 2245 diligenter
1969 2176 2093 2229 reti-

519 2268 695 2323 neatis
733 2308 748 2329 ,
783 2277 944 2336 utque
992 2266 1212 2319 virtutes
1262 2264 1587 2319 Christianas
1624 2279 1745 2318 eum
1795 2264 2097 2333 dogmattun

526 2360 753 2428 puritate
789 2356 1155 2427 00:.jungatis:
1196 2354 1259 2409 Ut
1300 2356 1369 2408 sic
1402 2355 1489 2421 ﬁat
1516 2356 1705 2424 integer
1734 2354 1881 2407 homo
1914 2352 2007 2406 Dei
2032 2354 2101 2406 ad

524 2465 672 2504 omne
694 2465 818 2519 Opus
841 2448 1021 2500 bonum
1043 2454 1357 2514 praeparatus
1383 2445 1455 2514 (2.
1482 2443 1610 2497 Tim.
1639 2445 1690 2498 5.
1717 2442 1799 2515 Π)
1827 2444 2100 2512 :quaudo-

519 2541 736 2609 quidem
778 2537 907 2590 nihil
957 2534 1108 2588 nobis
1154 2533 1409 2604 profuerit
1456 2540 1599 2588 recte
1644 2536 1841 2588 sentire
1871 2574 1887 2597 ,
1914 2534 1957 2587 si
1996 2533 2099 2586 vita

526 2625 733 2682 interim
772 2626 930 2682 fuerit
958 2626 1111 2679 malis
1139 2627 1376 2680 tnorihus
1408 2626 1584 2699 vitiata
1611 2643 1624 2678 :
1656 2624 2099 2695 quemadmodum

522 2727 709 2776 contra
735 2717 1100 2786 nihilprodest
1122 2719 1232 2769 vita
1263 2717 1602 2786 incorrupta,
1644 2717 1741 2770 nisi
1781 2714 1999 2771 accedat
2036 2715 2099 2767 ti-

530 2806 618 2867 tei
640 2821 846 2877 quoque
870 2805 1164 2861 sinceritas.
1215 2805 1281 2861 Ut
1309 2806 1462 2876 igitur
1504 2807 1764 2875 integram
1819 2804 2097 2859 utilitatem

524 2907 912 2965 consequamur
938 2937 952 2959 ,
984 2897 1227 2964 utrinque
1257 2895 1408 2949 nobis
1438 2894 1811 2962 provideamus
1841 2936 1856 2959 ,
1899 2893 2100 2948 fructus

521 2986 679 3040 etiam
705 2998 994 3055 generoSos
1034 2986 1087 3038 in
1132 2985 1246 3038 aliis
1293 2982 1660 3053 proferentes:
1688 2994 1740 3038 et
1769 2999 1889 3039 cum
1918 2985 2101 3053 primis

522 3077 937 3146 elcemosynam,
958 3075 1025 3129 de
1054 3092 1154 3145 qua
1183 3076 1341 3129 etiam
1372 3090 1540 3146 nuper
1568 3075 1632 3128 ad
1664 3090 1758 3129 vus
1781 3075 1944 3129 verba
1977 3075 2098 3139 feci,

521 3182 708 3237 magna
735 3183 852 3219 eum
880 3167 1118 3236 largitate
1134 3178 1291 3235 atque
1310 3168 1439 3220 alact
1456 3168 1580 3222 itate
1604 3168 1744 3220 illaut
1764 3176 2099 3221 exercentes.

525 3257 625 3322 Qui
652 3258 795 3311 enim
834 3272 981 3325 parce
1015 3258 1246 3318 srminat,
1271 3259 1343 3309 ait
1368 3256 1661 3326 Scriptura,
1690 3273 1843 3325 pane
1865 3265 1912 3310 et
1936 3266 2100 3309 metet:

519 3357 564 3403 et
590 3347 675 3418 qui
692 3347 900 3400 seminat
936 3346 989 3398 in
1021 3345 1441 3399 benedictionibus
1473 3386 1485 3407 ,
1514 3345 1575 3397 de
1593 3345 2018 3398 benedictionibus
2044 3354 2091 3398 et

518 3448 661 3490 metet
684 3436 761 3505 (2.
787 3435 903 3490 Cor.
936 3435 1079 3503 9.6).
1101 3435 1234 3501 Quid
1263 3444 1360 3500 est,
1380 3434 1442 3487 In
1470 3434 1896 3489 benedictionibus
1916 3436 1942 3489 ?
1967 3435 2098 3490 Cum

523 3544 710 3598 magna
744 3528 1006 3596 largitate.
1054 3527 1149 3581 llic
1192 3528 1406 3595 quidem
1454 3528 1505 3580 in
1557 3527 1716 3581 I'I‘bUS
1760 3525 2102 3581 Saecularibus

519 3629 625 3674 tam
658 3618 845 3673 messis
868 3632 1024 3688 quam
1054 3618 1309 3672 sementis
1334 3617 1642 3672 eormndem
1675 3624 1755 3671 est
1790 3616 2054 3672 seminum
2086 3633 2098 3669 :

520 3724 642 3764 n'nn
674 3709 761 3778 qui
793 3709 921 3763 serit
951 3747 968 3773 ,
1005 3709 1231 3761 triticum
1274 3718 1365 3760 aut
1407 3706 1664 3763 hordeum
1715 3709 1983 3773 seminat,
2012 3717 2101 3762 aut

516 3800 714 3871 aliquid
753 3800 925 3854 simile
950 3838 967 3865 ,
1005 3809 1059 3855 et
1088 3800 1173 3869 qui
1216 3799 1398 3864 metit,
1446 3798 1671 3869 idipsum
1703 3800 1891 3865 metit;
1937 3810 1991 3855 at
2040 3801 2091 3855 iu

512 3892 862 3961 elcetnosyna
896 3906 1000 3943 non
1045 3891 1184 3944 idem
1216 3906 1314 3944 usu
1340 3891 1506 3944 venit.
1535 3889 1642 3945 Sed
1666 3889 1881 3961 °spargis
1910 3905 2103 3960 argen-

518 3991 630 4034 tum
650 4022 664 4043 ,
696 3990 749 4036 et
771 3981 975 4050 colligis
1007 3981 1249 4034 tiduciam
1277 3995 1401 4049 erga
1432 3979 1599 4034 Deum
1624 3998 1635 4032 :
1661 3980 1757 4034 das
1787 3978 2100 4049 pecuniam,

518 4081 573 4126 et
600 4071 798 4140 accipis
849 4072 1216 4125 remissionem
1267 4080 1641 4139 peccatorum:
1670 4072 1874 4140 praebes
1912 4086 2100 4141 panem

520 4179 584 4218 ac
613 4174 834 4226 vestem,
863 4171 915 4215 et
939 4175 1037 4231 pro
1064 4157 1147 4215 itis
1178 4174 1398 4230 regnum
1426 4162 1677 4215 eiciorum
1715 4161 1806 4216 tibi
1841 4173 2052 4232 paratur
2085 4205 2100 4229 ,

520 4254 767 4320 lautaque
787 4252 871 4304 illa
902 4250 1125 4313 inﬁnita,
1158 4267 1273 4319 qum
1303 4266 1399 4305 nec
1427 4252 1612 4305 oculus
1639 4252 1804 4317 vidit,
1832 4268 1928 4307 nec
1957 4257 2103 4308 auris

520 4343 740 4407 audivit,
768 4356 862 4394 nec
885 4341 936 4393 in
954 4354 1047 4394 cor
1067 4340 1301 4393 lnnuinis
1319 4344 1675 4396 ascenderunt
1694 4342 1768 4412 (ι.
1795 4343 1912 4396 Cor.
1937 4345 1990 4398 2.
2018 4346 2098 4414 9);

519 4444 572 4487 et
600 4433 739 4501 quod
769 4440 849 4486 est
872 4432 1110 4484 omnium
1138 4430 1394 4485 bonorum
1425 4447 1628 4486 summa
1655 4475 1669 4498 ,
1704 4434 1892 4489 similis
1918 4436 2101 4490 effice-

521 4523 592 4576 ris
624 4522 749 4587 Deo,
778 4530 1038 4589 quatenus
1069 4521 1119 4573 id
1152 4521 1349 4574 homini
1380 4534 1459 4575 est
1488 4524 1760 4591 possibile.
1802 4525 1930 4579 Nam
1972 4543 2093 4581 cum

518 4615 586 4666 de
631 4614 968 4680 electumyua
1007 4621 1059 4663 et
1106 4612 1429 4680 benignitate
1478 4614 1817 4669 disseruisset
1865 4616 2103 4671 Christus

521 4703 829 4770 subiunxit:
860 4700 924 4755 Ut
955 4702 1237 4771 rﬂicinmini
1265 4704 1450 4756 similes
1478 4703 1628 4758 Patri
1669 4718 1827 4760 vestro
1868 4710 2051 4763 ca'lesti
2083 4752 2099 4775 ,

518 4793 601 4856 qui
647 4792 800 4845 solent
842 4808 986 4844 suum
1024 4793 1147 4844 oriri
1195 4794 1327 4855 iubet
1358 4812 1507 4864 super
1553 4797 1708 4849 mulos
1737 4816 1795 4848 ac
1821 4799 1976 4852 bonos
2005 4842 2018 4865 ,
2054 4811 2101 4854 et

528 4882 656 4950 pluit
688 4898 837 4951 super
862 4884 1031 4950 justas
1061 4898 1119 4934 ac
1145 4883 1358 4951 injustas
1393 4884 1603 4956 (.llnttlt.
1638 4888 1687 4940 5.
1723 4889 1789 4941 43
1884 4890 1960 4943 Tu
1997 4907 2100 4945 non

520 4984 671 5041 potes
699 4975 825 5025 oriri
854 4974 1050 5039 jubere
1089 4974 1254 5027 sulem
1290 5016 1305 5040 ,
1340 4991 1511 5043 neque
1545 4978 1741 5030 indu-es
1769 4980 2053 5038 immittere
2083 5024 2097 5047 ,

519 5079 691 5132 neque
737 5064 1002 5117 beneficus
1041 5078 1159 5117 esse
1199 5065 1249 5117 in
1286 5066 1466 5118 orbem
1500 5077 1759 5121 terrarum
1805 5078 1908 5123 tam
1949 5072 2102 5143 longe

521 5156 727 5223 lati-quc
762 5163 1029 5223 patentem
1057 5170 1070 5210 :
1102 5164 1252 5209 utere
1299 5154 1633 5211 facultatibus
1677 5160 1777 5212 tuis
1803 5161 1868 5214 ad
1900 5162 2097 5217 bcueli'

518 5249 745 5299 centiam
771 5288 785 5308 ,
829 5255 883 5299 et
914 5246 1083 5300 fact-ts
1103 5262 1161 5298 es
1186 5248 1373 5301 similis
1405 5248 1451 5301 ei
1478 5250 1563 5317 qui
1596 5252 1763 5304 solem
1792 5272 1940 5308 suum
1970 5259 2097 5311 oriri

516 5339 666 5409 juhct
696 5378 712 5401 ,
739 5337 788 5390 in
812 5348 1063 5407 quantum
1094 5337 1359 5392 hominem
1391 5342 1497 5393 Deo
1532 5342 1759 5396 similem
1804 5347 1912 5399 lieri
1956 5350 2095 5403 licet.

598 5431 650 5481 8.
678 5427 1005 5497 Elremosyna
1033 5431 1181 5481 etiam
1212 5432 1429 5501 indignis
1462 5434 1633 5487 dutur.
1689 5437 1878 5507 Segncs
1907 5456 2098 5496 terocat

521 5522 582 5569 ob
608 5518 708 5569 otio
752 5517 973 5582 Paulus,
998 5521 1082 5571 sed
1120 5522 1327 5573 multum
1363 5526 1498 5576 obest
1540 5528 1657 5593 quin
1687 5545 1715 5579 Δ
1744 5530 2099 5596 benefaciestla

520 5608 1245 5663 avertat.--.-\aittt:ul"ertitc
1276 5612 1559 5681 diligenter
1598 5634 1714 5685 qum
1743 5618 1860 5672 diro
1888 5640 1899 5674 :
1934 5626 2101 5691 Super

523 5704 673 5754 bost
695 5717 752 5752 ac
776 5702 933 5755 mulas
957 5745 968 5761 ,
1007 5702 1193 5770 inquit.
1226 5702 1361 5773 Ergo
1392 5715 1441 5759 tu
1470 5723 1679 5777 quoque
1718 5714 1923 5781 quolirs
1952 5717 2096 5771 elve-

1237 340 1292 397 S.
1334 342 1610 401 .lO.\.\'NlS
1647 342 2125 401 CHRYSOSTOMI
2164 343 2479 401 ARtlllll—IP.
2522 348 3056 407 CONSTANTINOP.

3693 363 3798 420 288

2210 471 2487 527 mosynam
2518 459 2646 514 facis
2671 501 2684 523 ,
2716 479 2781 515 ne
2822 463 2985 517 vitam
3030 465 3346 533 examines,
3378 482 3553 539 neque
3587 489 3801 531 morum

2207 548 2468 602 rationem
2499 567 2767 620 reposcos.
2798 554 3146 628 Eleemosyna
3175 559 3317 613 enim
3342 600 3356 625 ,
3390 561 3491 616 hoe
3515 573 3599 618 est
3629 567 3799 622 mise-

2210 640 2345 693 ratio
2374 682 2389 703 ,
2423 640 2545 696 ideo
2583 644 2781 701 dicitur
2805 686 2820 712 ,
2868 656 2926 702 ut
2960 650 3122 703 etiam
3169 650 3398 722 indignis
3428 654 3802 723 praebeamus:

2208 734 2297 804 qui
2325 736 2468 790 enim
2493 737 2797 806 miseratur,
2832 757 2937 797 non
2966 752 3108 799 recte
3130 746 3395 801 viventem
3413 786 3431 813 ,
3458 748 3558 803 sed
3583 765 3808 818 pecun-

2210 836 2313 880 tem
2356 828 2673 885 miseratur:
2702 846 2823 885 nam
2849 835 2937 903 qui
2966 846 3108 890 recte
3133 837 3280 900 vivit.
3310 838 3467 893 laude
3498 850 3583 895 est
3607 842 3806 912 dignus

2206 924 2262 970 et
2284 930 2483 993 citrona
2509 935 2523 977 ;
2546 920 2636 988 qui
2674 936 2800 974 vero
2841 931 3027 991 peccat
3061 963 3075 986 .
3107 925 3263 980 venia
3305 936 3361 982 et
3401 928 3801 986 misericordia.

2208 1007 2541 1076 Quapropter
2586 1011 2685 1065 hac
2718 1026 2930 1083 quoque
2968 1023 3120 1085 parte
3162 1014 3327 1069 Deum
3360 1018 3689 1075 imitabimur
3709 1062 3725 1085 ,
3759 1023 3805 1076 si

2207 1100 2366 1150 etiam
2399 1099 2549 1152 inalis
2582 1099 2968 1170 benignitatem
2994 1114 3231 1159 nostram
3264 1121 3371 1161 non
3411 1108 3799 1166 subducamus.

2206 1185 2491 1242 Considera
2522 1186 2663 1243 enim
2690 1204 2847 1259 quam
2871 1192 3023 1248 multi
3052 1193 3239 1249 orbem
3263 1204 3530 1253 terrarum
3558 1199 3806 1256 habitent

2208 1276 2539 1346 blasphemi,
2584 1280 2866 1345 scelerati,
2898 1284 3313 1354 praestigiatores
3332 1328 3347 1350 ,
3377 1290 3629 1346 omnibus
3655 1293 3807 1346 vitiis

2206 1366 2417 1432 referti;
2444 1379 2679 1426 attamen
2708 1373 2803 1427 hos
2829 1389 3040 1443 quoque
3063 1390 3159 1444 per
3186 1376 3426 1448 singulos
3447 1378 3565 1434 dies
3593 1385 3807 1436 enutrit

2206 1456 2344 1512 Deus
2370 1499 2386 1523 ,
2419 1458 2619 1514 docens
2647 1476 2744 1515 nos
2766 1473 2822 1517 ut
2850 1464 3131 1520 universos
3168 1466 3416 1524 homines
3437 1470 3801 1527 beneficentia

2202 1549 2645 1618 complectamur.
2680 1551 2788 1608 Nos
2822 1570 2947 1610 vero
2973 1557 3149 1611 omnia
3184 1560 3455 1615 contrario
3483 1562 3647 1617 modo
3673 1561 3806 1618 faci-

2203 1657 2357 1699 mus:
2383 1653 2487 1693 non
2526 1646 2698 1695 solum
2732 1644 2875 1697 enim
2922 1646 3091 1701 malos
3133 1656 3187 1702 et
3234 1650 3507 1719 improbos
3547 1651 3807 1707 homines

2202 1740 2531 1796 aversamur,
2561 1734 2905 1788 verumetiam
2929 1750 3050 1790 eum
3080 1752 3242 1791 sanus
3258 1740 3521 1810 quispiam
3541 1756 3642 1796 nos
3663 1743 3801 1799 adit.

2202 1828 2293 1874 aut
2324 1833 2542 1890 propter
2566 1824 2905 1892 probitatem,
2932 1839 3022 1881 aut
3049 1839 3269 1899 propter
3291 1830 3597 1887 libertatem
3618 1873 3632 1896 ,
3660 1833 3805 1887 forte

2204 1910 2363 1964 etiam
2398 1921 2612 1981 propter
2643 1917 2947 1985 plgritiatn(
2981 1927 3037 1969 ut
3065 1928 3119 1973 et
3147 1922 3248 1975 hoc
3270 1920 3503 1993 addam)
3530 1964 3544 1987 ,
3580 1924 3632 1977 in
3664 1940 3805 1994 pau-

2207 2010 2411 2069 pertate
2438 2004 2639 2064 vite-ns.
2673 2007 2891 2073 probra,
2918 2009 3273 2063 contumelias
3296 2050 3309 2075 ,
3344 2019 3398 2066 et
3424 2012 3703 2068 innumera
3748 2015 3807 2068 in

2203 2107 2325 2148 eum
2349 2093 2565 2163 jaculati
2591 2096 2813 2151 dicteria
2839 2139 2853 2164 ,
2879 2099 3062 2154 vacuis
3086 2101 3258 2170 ipsum
3298 2103 3545 2158 manibus
3569 2106 3806 2158 remitti-

2207 2197 2345 2249 mus,
2368 2184 2729 2239 valetudinem
2761 2188 3153 2256 exprobrantes
3182 2231 3197 2253 ,
3239 2191 3404 2244 otium
3426 2191 3746 2261 objicieutes
3780 2235 3797 2258 ,

2205 2288 2391 2342 ptenas
2418 2286 2785 2344 reposcentes.
2817 2277 3050 2333 lloccine
3075 2280 3253 2349 jussus
3276 2296 3337 2336 es
3359 2322 3374 2347 ,
3406 2296 3440 2336 ο
3471 2282 3634 2339 homo
3659 2323 3676 2348 ,
3701 2285 3804 2339 ob-

2199 2363 2416 2434 iurgare
2462 2375 2666 2419 tantum
2723 2382 2788 2423 ac
2840 2368 3121 2439 increpare
3165 2372 3407 2441 cgrttos?
3444 2372 3687 2428 Hiserari
3740 2391 3807 2429 ae

2205 2454 2487 2511 sublevare
2513 2468 2878 2526 paupertatem
2906 2476 3090 2514 eorum
3116 2461 3275 2530 jussit
3306 2463 3464 2529 licus,
3497 2480 3603 2518 non
3635 2467 3805 2520 ratio-

2208 2559 2329 2599 nem
2356 2561 2638 2616 reposcere
2659 2564 2721 2603 ac
2742 2551 3050 2606 conviciari.
3083 2552 3188 2607 Sed
3216 2555 3291 2607 vis
3324 2555 3459 2608 illius
3488 2570 3667 2609 mores
3683 2572 3806 2610 cor-

2208 2634 2397 2704 rigere.
2428 2649 2480 2690 et
2511 2636 2777 2692 hominem
2803 2641 3028 2695 inertem
3053 2657 3083 2695 a
3112 2644 3337 2712 segnitie
3368 2660 3462 2698 sua
3491 2657 3804 2701 revocatum

2205 2726 2270 2778 ad
2312 2741 2446 2795 opus
2476 2727 2689 2797 aliquod
2719 2731 3023 2800 applicare?
3052 2733 3122 2787 Da
3152 2736 3317 2804 prius,
3351 2750 3414 2791 ac
3442 2746 3553 2792 tum
3583 2739 3806 2794 demum

2207 2815 2442 2885 increpa,
2477 2828 2534 2872 ut
2556 2835 2663 2873 non
2684 2821 3017 2878 crudelitatis
3053 2836 3332 2894 suspectus
3356 2828 3452 2882 fias
3474 2870 3487 2891 ,
3518 2830 3615 2884 sed
3655 2831 3807 2885 beni-

2204 2905 2426 2973 gnitatis
2472 2908 2684 2964 laudem
2728 2923 2987 2981 reportes.
3020 2915 3152 2969 Eum
3185 2918 3326 2971 enim
3356 2920 3443 2989 qui
3491 2921 3622 2975 nihil
3667 2922 3809 2978 dans

2208 3002 2410 3049 tantum
2439 3000 2745 3067 approbrat,
2771 3013 3047 3059 aversatur
3071 3021 3274 3076 pauper
3304 3049 3317 3071 ,
3347 3016 3399 3063 et
3440 3010 3623 3079 inique
3655 3011 3803 3077 fert,

2207 3100 2361 3141 sene
2411 3090 2650 3158 aspicere
2698 3094 2914 3160 quidem
2970 3097 3326 3162 sustinet;ct
3374 3100 3588 3155 merito.
3639 3101 3801 3158 Putat

2208 3177 2349 3231 enim
2376 3194 2481 3233 non
2508 3182 2651 3250 quod
2674 3183 2809 3238 bene
2836 3185 2943 3241 sibi
2970 3187 3134 3252 velit,
3177 3188 3270 3243 sed
3292 3190 3432 3259 quod
3455 3190 3586 3246 dare
3617 3192 3758 3246 nolit
3788 3232 3805 3254 ,

2209 3265 2600 3337 ohjargatorem
2628 3287 2751 3328 eum
2794 3289 2916 3330 esse
2951 3291 2965 3340 ;
2996 3277 3063 3329 ita
3096 3288 3150 3331 ut
3178 3294 3364 3333 revera
3395 3290 3499 3335 est.
3531 3281 3633 3350 Qui
3674 3298 3808 3337 vero

2214 3369 2558 3429 posteaquam
2594 3362 2743 3418 dedit
2788 3365 3074 3436 objurgat,
3117 3369 3238 3425 facit
3280 3381 3337 3427 ut
3383 3372 3568 3429 libenti
3620 3374 3807 3429 auium

2209 3448 2510 3518 ohjurgatio
2557 3465 2654 3506 sua
2705 3455 2990 3525 recipiatur
3019 3474 3034 3512 :
3059 3474 3126 3513 eo
3162 3461 3302 3530 quod
3334 3477 3441 3516 non
3470 3478 3692 3534 propter
3725 3468 3810 3521 iu-

2212 3541 2616 3610 lnnnanitatem,
2647 3546 2741 3602 sed
2776 3560 2992 3619 propter
3021 3552 3446 3609 benevolentiam
3476 3556 3807 3627 increpatio-

2208 3646 2328 3685 ncm
2351 3633 2608 3691 adhibere
2628 3637 2891 3694 videatur.
2926 3642 3015 3696 Sic
3041 3644 3200 3697 etiam
3248 3645 3446 3701 Paulus
3486 3647 3607 3702 fecit
3638 3667 3650 3711 ;
3680 3667 3805 3705 euut

2208 3726 2347 3779 enim
2375 3726 2627 3785 dixisset:
2655 3730 2754 3798 Qui
2781 3750 2880 3787 non
2903 3736 3005 3788 vult
3031 3739 3249 3807 operari.
3283 3756 3347 3793 ne
3366 3741 3479 3794 edat
3508 3743 3527 3811 (
3544 3743 3597 3796 2.
3620 3741 3806 3798 Thess.

2211 3816 2263 3869 3.
2296 3816 2429 3887 l0),
2473 3818 2712 3891 adjungit
2748 3822 3176 3882 exhortationem
3218 3828 3441 3886 dicens:
3485 3831 3585 3886 Vos
3632 3846 3809 3888 autem

2209 3904 2395 3958 bonum
2442 3910 2681 3977 facientes
2721 3929 2783 3965 ne
2820 3915 3066 3981 deﬁciatis
3095 3918 3113 3989 (
3140 3916 3222 3971 lb.
3248 3934 3294 3972 tt.
3328 3920 3454 3991 l3).
3479 3923 3640 3992 Atqui
3688 3923 3809 3979 hac

2211 4009 2471 4069 praecepta
2514 4005 2783 4058 contraria
2835 4020 2957 4062 esse
2997 4009 3262 4063 videntur.
3324 4012 3378 4067 Si
3424 4014 3566 4067 enim
3598 4017 3811 4073 otiosos

2212 4106 2314 4145 non
2337 4096 2742 4161 Oporteteibum
2773 4112 2967 4166 capere
2989 4142 3004 4165 ,
3030 4104 3299 4170 quomodo
3323 4105 3481 4173 jubcs
3512 4104 3651 4162 bene
3677 4108 3810 4163 tali-

2212 4181 2309 4236 bus
2343 4182 2547 4239 facere?
2568 4186 2671 4241 Sed
2706 4203 2810 4242 non
2840 4200 2966 4244 sunt
2988 4193 3253 4247 contraria
3276 4210 3289 4247 :
3310 4194 3465 4249 absit.
3500 4194 3625 4250 ideo
3655 4198 3809 4253 enim

2213 4270 2313 4326 hoc
2338 4272 2475 4340 dixi,
2502 4276 2690 4345 inquit,
2720 4278 2817 4343 Qui
2848 4296 2946 4334 non
2974 4282 3076 4334 ruit
3106 4284 3330 4351 aperari,
3356 4300 3418 4337 ne
3438 4286 3576 4350 edat,
3606 4302 3714 4342 non
3751 4300 3812 4343 ut

2210 4377 2303 4417 eos
2338 4364 2427 4433 qui
2458 4366 2652 4435 alioqui
2683 4367 2923 4437 largitori
2964 4380 3160 4437 erant,
3201 4386 3499 4429 averti-rem
3547 4391 3584 4431 α
3627 4377 3808 4434 danda

2207 4454 2569 4525 eleemosyna,
2598 4458 2691 4511 sed
2725 4467 2782 4512 ut
2807 4460 2857 4512 in
2885 4460 2995 4514 otio
3018 4461 3255 4517 viventes
3276 4478 3305 4516 a
3336 4465 3562 4532 segnitie
3591 4480 3688 4523 sua
3719 4484 3812 4525 re—

2208 4557 2477 4598 vocarent.
2514 4545 2690 4615 Itaque
2708 4563 2829 4603 cum
2862 4550 3011 4616 dicit,
3046 4550 3130 4605 Ne
3158 4554 3311 4617 edat,
3345 4555 3464 4609 illos
3486 4558 3812 4615 exstimulat

2210 4632 2274 4684 ad
2306 4634 2559 4696 laborem.
2591 4639 3003 4693 comminatione
3028 4640 3126 4695 hac
3150 4643 3399 4699 territos:
3423 4660 3542 4699 cum
3572 4663 3703 4702 vero
3724 4650 3812 4704 dio

2212 4721 2307 4787 cit,
2340 4721 2538 4776 Bonum
2561 4726 2798 4793 facientes
2820 4745 2881 4781 ne
2904 4728 3171 4797 deﬁciatis,
3206 4732 3302 4786 ltos
3322 4734 3518 4788 excitat
3535 4737 3609 4790 ad
3632 4737 3807 4793 benc-

2213 4809 2477 4867 liccntiam
2497 4856 2510 4877 ,
2553 4815 2667 4869 utili
2694 4817 3068 4874 exhortatione
3094 4821 3373 4890 impulsos.
3390 4823 3471 4878 Ne
3497 4826 3641 4880 enim
3677 4830 3806 4895 qui-

2210 4902 2329 4956 dam
2356 4905 2693 4961 retraherent
2720 4924 2908 4964 manus
2936 4910 3117 4965 audito
3147 4928 3249 4981 qua
3280 4914 3353 4967 illi
3383 4918 3809 4976 comminatione

2214 4991 2489 5057 feriantur,
2515 4996 2579 5049 ad
2613 4997 3019 5054 beneficentiam
3051 5001 3133 5055 his
3156 5003 3334 5057 verbis
3361 5004 3480 5059 illos
3504 5020 3763 5074 provocat
3788 5032 3806 5067 ς

2208 5084 2406 5141 Bonum
2448 5089 2681 5158 faciendo
2722 5108 2782 5145 ne
2826 5094 3093 5160 deﬁciatis.
3137 5094 3315 5164 Itaque
3353 5095 3570 5151 etiamsi
3626 5100 3807 5156 otioso

2207 5180 2321 5243 des,
2352 5180 2547 5234 bonum
2577 5180 2769 5236 fecisti.

2277 5272 2329 5325 9.
2367 5273 2477 5327 lloe
2517 5283 2571 5327 et
2610 5273 2663 5327 in
2708 5277 3050 5343 sequentibus
3092 5281 3429 5336 manifestum
3476 5283 3623 5338 fecit.
3668 5286 3805 5343 Cum

2208 5364 2349 5417 enim
2383 5365 2607 5420 dixisset
2639 5383 2651 5420 :
2683 5366 2746 5421 Si
2769 5371 2879 5435 quis
2904 5387 3004 5423 non
3030 5372 3171 5425 audit
3196 5390 3452 5429 sermones
3478 5387 3676 5431 nostros
3717 5397 3804 5447 per

2206 5454 2499 5522 epistolam,
2534 5458 2667 5509 hmic
2696 5459 2943 5522 indicate,
2975 5472 3023 5513 et
3057 5477 3117 5515 ne
3156 5479 3253 5516 con
3275 5465 3583 5519 misceamini
3610 5468 3687 5520 illi
3713 5470 3803 5537 (Ξ.

2210 5541 2385 5597 Thess.
2414 5546 2467 5598 5.
2502 5548 2609 5616 tt).
2642 5559 2800 5619 atque
2832 5553 2929 5603 huc
2970 5552 3128 5607 modo
3158 5554 3428 5610 hominem
3458 5558 3709 5626 ejeeisset
3737 5578 3807 5615 ex

2209 5633 2443 5689 Ecclesia
2471 5678 2483 5699 ,
2514 5654 2723 5692 rursum
2766 5644 2871 5694 alio
2912 5644 3068 5697 modo
3097 5660 3219 5700 eum
3261 5647 3567 5703 reconciliat
3594 5692 3608 5713 ,
3645 5652 3803 5704 redu-

2209 5736 2335 5777 cens
2382 5726 2431 5779 in
2476 5731 2697 5797 gratiam
2739 5746 2859 5786 cum
2905 5733 2984 5788 eis
3032 5750 3057 5786 a
3100 5738 3293 5806 quibus
3335 5738 3537 5809 ejectus
3577 5738 3749 5795 fuerat
3786 5762 3801 5797 :
