4088 6422
329 350 436 410 πθ

331 468 658 533 quapropter
686 459 804 512 iure
830 455 993 511 verba
1025 452 1201 509 subdit
1227 491 1244 517 ,
1274 449 1392 504 Non
1434 460 1490 502 at
1527 451 1785 504 inimicam
1825 451 1935 504 exi-

330 558 550 619 stimate,
566 551 657 604 sed
679 562 734 602 ut
756 549 964 620 ﬁatrem
993 545 1048 616 (2
1064 542 1245 604 Thess.
1260 543 1312 597 5.
1331 539 1442 612 15).
1475 539 1934 607 Quemadmodum

330 645 492 715 igitur
516 658 636 697 cum
666 640 911 702 dixisset,
942 637 1000 691 Si
1026 636 1136 706 quis
1171 651 1274 688 non
1314 635 1419 688 vult
1448 633 1699 698 laborare,
1731 649 1795 686 ne
1819 633 1935 686 edat

334 735 354 806 (
377 733 459 788 Ib.
487 751 538 789 υ.
571 733 638 787 10
661 732 680 801 )
705 773 720 796 ,
752 731 870 785 illos
898 736 1045 782 certe
1064 769 1079 792 ,
1108 727 1196 795 qui
1242 732 1503 795 possunt,
1532 738 1714 778 curam
1745 737 1932 777 eorum

331 824 532 879 habere
567 822 726 892 jussit
770 838 782 872 :
826 820 896 874 ita
941 818 1100 871 etiam
1143 815 1234 872 hic
1271 823 1617 884 posteaquam
1649 813 1818 877 dixit,
1853 812 1936 869 Ne

329 912 758 968 commisceamini
784 909 882 974 illi,
917 923 1022 964 non
1048 907 1300 961 alienavit
1327 904 1395 960 ab
1421 905 1537 974 ejus
1564 920 1692 959 cura
1722 903 1933 959 audito-

328 1016 438 1069 τίς,
467 1003 564 1058 sed
590 1001 741 1071 jubet
769 1000 1054 1069 diligenter
1079 1012 1203 1052 eum
1233 995 1527 1063 suscipere,
1558 994 1745 1050 dicens
1771 1012 1785 1047 :
1816 994 1934 1048 Non

330 1093 672 1146 utiuimicum
698 1090 982 1144 existimate
1004 1129 1018 1152 ,
1049 1087 1139 1141 sed
1166 1096 1219 1138 ut
1245 1088 1474 1157 fratrem.
1509 1083 1792 1154 Reliquisti
1819 1085 1933 1153 ejus

330 1180 813 1244 cuiusuetudinem,
847 1177 941 1232 sed
980 1191 1048 1231 ne
1091 1174 1363 1244 relinquas
1400 1173 1469 1228 de
1511 1188 1577 1228 eo
1616 1173 1922 1230 sollicitudi.

332 1288 456 1328 nem
488 1290 503 1325 :
533 1271 806 1326 exclusisti
838 1285 957 1325 eum
984 1284 1014 1322 a
1047 1274 1333 1330 conventu,
1367 1280 1435 1321 ne
1460 1265 1713 1319 excludas
1742 1281 1770 1318 a
1798 1266 1936 1321 cari-

331 1370 460 1417 tate.
493 1361 704 1416 Etenim
733 1360 832 1415 hoc
859 1359 1033 1428 ipsum
1063 1355 1255 1412 affectu
1282 1355 1523 1410 caritatis
1565 1355 1847 1421 mandavi,
1880 1366 1937 1410 ut

334 1449 436 1505 hac
480 1450 822 1519 separatione
869 1449 1036 1502 factus
1078 1446 1299 1510 melior,
1333 1444 1400 1500 ad
1442 1443 1704 1514 reliquum
1740 1460 1936 1516 corpus

331 1550 736 1604 reverteretur;
769 1537 1202 1610 quandoquidem
1243 1538 1406 1592 etiam
1444 1546 1624 1606 patres
1653 1537 1812 1593 domo
1839 1553 1933 1593 sua

313 1631 474 1687 ﬁlios
503 1631 817 1701 expellunt,
848 1646 951 1683 non
984 1637 1042 1683 ut
1071 1637 1331 1698 perpetuo
1361 1626 1491 1682 foris
1525 1639 1813 1695 maneant,
1841 1628 1933 1682 sed

331 1735 394 1778 ut
417 1723 560 1793 quod
590 1723 752 1777 domo
777 1721 1106 1786 exciderint,
1141 1718 1496 1774 modestiores
1525 1718 1682 1784 facti,
1715 1718 1933 1773 domum

330 1814 662 1884 postliminio
684 1819 1045 1867 revertantur.
1071 1811 1246 1880 Atque
1274 1810 1388 1864 haec
1413 1809 1683 1864 sufﬁciant
1702 1809 1768 1863 ad
1794 1810 1932 1875 illos,

329 1906 420 1976 qui
452 1904 718 1974 pigritiam
751 1901 873 1956 aliis
899 1900 1134 1970 objicere
1161 1899 1358 1954 solent.

403 1993 602 2048 Verum
643 1993 897 2062 quoniam
935 1990 1086 2043 mttlti
1125 1989 1243 2043 aliis
1283 1997 1508 2044 utuntur
1537 1989 1716 2045 verbis
1743 1990 1936 2060 quibus

330 2100 390 2140 se
417 2096 713 2147 excusent,
745 2098 864 2152 quae
892 2082 1045 2151 plena
1077 2079 1412 2136 crudelitatis
1439 2095 1503 2135 ac
1529 2081 1938 2136 inhumanitatis

329 2183 454 2229 sunt
476 2215 491 2238 ,
526 2185 751 2227 necesse
779 2180 864 2227 est
902 2180 959 2226 ut
999 2170 1087 2223 illa
1116 2183 1330 2240 quoque
1358 2169 1670 2240 redarguam
1695 2210 1711 2236 ,
1743 2186 1848 2225 non
1879 2182 1936 2226 nt

327 2262 732 2318 excusationem
771 2262 851 2316 eis
893 2259 1157 2325 adimam,
1203 2258 1297 2314 sed
1339 2273 1447 2329 quo
1491 2259 1837 2328 persuadeam
1879 2269 1936 2315 ut

328 2355 527 2410 omissa
557 2367 688 2406 vana
719 2361 774 2408 ct
809 2350 1019 2415 inutili,
1051 2349 1117 2405 ad
1151 2364 1339 2404 veram
1363 2358 1416 2404 et
1443 2348 1581 2418 apud
1611 2346 1806 2404 Christi
1835 2352 1933 2405 tri-

331 2445 491 2500 bunal
523 2443 861 2514 profuturam
885 2440 1255 2498 defensionem
1281 2441 1535 2510 operibus
1557 2440 1686 2510 ipsis
1707 2455 1766 2495 se
1789 2429 1934 2496 exer-

328 2550 420 2592 sea
429 2545 508 2590 nt.

401 2625 771 2680 ﬁstucatione:
797 2622 930 2677 alias
954 2637 1228 2676 avarorum
1247 2621 1434 2692 refellit
1456 2636 1476 2684 ,'
1501 2619 1769 2675 coheredes
1787 2621 1934 2690 '[ilio-

327 2739 441 2776 rum
469 2731 588 2776 εωιι
623 2733 916 2790 pauperes;
955 2726 1225 2773 sementem
1269 2731 1360 2769 cur
1397 2714 1767 2785 rleemosynam
1796 2727 1934 2770 υοσει

328 2813 626 2884 Scriptura.
653 2841 722 2851 —
742 2811 872 2879 Quae
896 2818 979 2863 est
1019 2807 1181 2880 igitur
1208 2805 1296 2861 illa
1329 2805 1624 2874 vulgarium
1653 2805 1930 2862 hominum

328 2903 518 2974 frigida
562 2917 627 2957 ac
662 2902 866 2956 inutilis
897 2896 1179 2954 defensio?
1206 2894 1401 2951 Alendi
1440 2903 1604 2963 sunt,
1635 2894 1840 2966 inquit,
1871 2897 1935 2950 li-

328 2994 444 3050 beri
465 3035 479 3056 ,
513 2993 592 3047 rei
636 2990 916 3046 familiaris
952 2987 1187 3060 gerenda
1226 2994 1310 3041 est
1348 2999 1478 3040 cura
1504 3026 1517 3050 ,
1552 2998 1774 3040 uxorem
1806 2985 1933 3051 alo,

328 3082 667 3139 necessarios
714 3087 962 3149 sumptus
1007 3076 1206 3131 multos
1250 3074 1494 3129 sustineo
1534 3089 1546 3126 :
1585 3072 1932 3144 quamobrem

328 3187 437 3229 non
477 3170 754 3242 suppetit,
802 3169 944 3224 unde
979 3165 1166 3222 obvios
1204 3163 1488 3220 sublevare
1534 3163 1756 3234 possim.
1796 3163 1934 3230 Quid

327 3265 447 3320 ais?
476 3264 643 3319 Filios
667 3263 767 3317 alis
786 3304 802 3328 ,
831 3270 886 3316 et
915 3259 1035 3315 ideo
1064 3273 1173 3313 non
1200 3264 1284 3312 est
1315 3254 1456 3310 unde
1480 3256 1756 3310 venientes
1784 3253 1850 3309 ad
1884 3266 1936 3310 te

329 3356 623 3412 subleves‘l
661 3355 773 3408 Imo
819 3360 1040 3422 propter
1085 3348 1187 3403 hoc
1235 3348 1408 3415 ipsum
1454 3343 1768 3401 sublevandi
1813 3353 1938 3400 sunt

328 3446 506 3517 egeni,
537 3453 593 3499 ut
619 3443 808 3513 exigua
839 3441 1060 3512 pecunia
1098 3437 1381 3492 Dominum
1407 3436 1496 3504 qui
1527 3449 1622 3490 eos
1648 3436 1738 3490 tibi
1764 3435 1932 3498 dedit,

330 3538 611 3610 propities,
641 3545 698 3590 ut
727 3535 890 3589 etiam
934 3542 1054 3603 post
1083 3540 1310 3586 mortem
1343 3537 1484 3584 tuam
1515 3537 1799 3597 patronum
1831 3528 1938 3582 illis

330 3631 632 3701 relinquas,
661 3634 720 3681 ut
741 3627 820 3681 eis
858 3639 1107 3695 magnum
1148 3622 1387 3676 favorem
1413 3619 1618 3674 caelitus
1648 3619 1933 3684 com-ilics,

329 3725 461 3781 dum
490 3723 581 3778 illa
619 3721 840 3791 pecunia
879 3725 1127 3786 sumptus
1165 3713 1276 3767 Deo
1313 3722 1498 3782 gratos
1531 3710 1710 3765 facies.
1747 3711 1936 3764 Annon

330 3817 516 3880 vides,
547 3827 578 3868 a
609 3813 789 3866 multis
832 3809 1077 3865 homines
1120 3813 1481 3876 praepotentes
1520 3818 1583 3858 ac
1622 3802 1934 3872 opulentos,

331 3905 466 3962 nihil
491 3904 690 3973 alioqui
718 3902 786 3956 ad
813 3916 966 3956 suum
993 3912 1162 3970 genus
1190 3895 1504 3960 attineutcs,
1535 3893 1586 3947 in
1617 3902 1938 3947 testamento

332 4010 435 4052 suo
460 3995 693 4049 insertos
721 3991 886 4046 fuisse
913 4031 929 4057 ,
967 3997 1022 4042 et
1050 3985 1233 4042 liberis
1267 3984 1381 4039 suis
1406 3982 1700 4038 coheredes
1732 3980 1900 4037 factus
1921 4023 1936 4048 ,

333 4086 467 4141 nihil
494 4084 564 4138 ob
591 4081 733 4136 aliud
770 4095 929 4151 quam
974 4089 1031 4133 ut
1073 4075 1416 4132 securitatem
1451 4073 1575 4127 filiis
1606 4072 1812 4126 modica
1846 4088 1938 4140 pc-

333 4181 492 4237 cunia
532 4177 825 4248 pararent?
865 4176 1024 4244 idque
1066 4190 1188 4230 cum
1231 4173 1492 4226 incertum
1523 4177 1667 4224 esset
1705 4179 1940 4237 quonam

334 4270 531 4326 aﬂectu
569 4279 689 4338 post
714 4268 918 4322 obitum
947 4267 1185 4337 ipsorum
1214 4264 1351 4317 ﬁlios
1380 4263 1500 4316 illos
1527 4259 1825 4316 coheredes
1851 4273 1938 4312 cs-

335 4372 458 4419 sent
483 4361 897 4432 prosequuturi?
923 4359 1002 4413 Tn
1030 4373 1158 4412 vero
1184 4371 1305 4412 cum
1333 4356 1474 4411 scias
1516 4353 1897 4407 humanitatem
1921 4387 1957 4413 ,.

1275 4474 1650 4483 __—_————-

989 4477 1270 4486 ____——-——-

347 4483 666 4492 ~.——-——-—.,
731 4485 752 4490 ο
803 4483 824 4488 ν
847 4482 928 4488 ____
943 4482 980 4485 _-_

431 4483 636 4492 *-

973 337 1064 397 DE
1108 336 1354 396 VERBIS
1392 337 1752 407 APOSTOLI,
1795 335 2162 396 HABENTES
2200 332 2505 393 EUHDEM
2539 329 2889 389 SPﬂllTUM'.
2930 329 3021 388 ﬂii

1749 4465 2010 4478 ____.__...

3528 333 3636 391 298

2044 447 2334 502 bonitatem
2356 487 2371 512 ,
2397 452 2452 500 et
2480 444 2784 514 mquitatetn
2821 443 2896 498 tui
2942 442 3187 506 Domini,
3214 455 3490 514 expertem
3514 458 3638 501 eum

2042 538 2114 594 tui
2145 536 2446 592 teStamenti
2482 533 2686 590 lacies'!
2724 549 2830 589 non
2871 533 3036 589 facies
3073 549 3196 590 eum
3224 534 3544 591 coheredem
3572 539 3639 593 li.

2041 628 2292 682 berorum
2323 627 2571 680 tuorum?
2603 625 2836 681 Hoccine
2859 636 2942 680 est
2966 627 3318 682 amantissimi
3347 629 3512 699 patris
3533 630 3643 685 ofti-

2040 716 2223 771 cium?
2247 716 2378 770 Nam
2405 717 2449 771 si
2488 716 2651 784 prolis
2680 724 2786 770 tua:
2813 731 2998 770 curam
3027 717 3172 787 geris
3195 757 3210 782 ,
3251 718 3498 791 relinque
3536 720 3643 777 illis

2039 807 2336 861 chartulam
2363 806 2650 876 scriptam,
2679 805 2731 860 in
2760 822 2862 875 qua
2897 808 3062 862 Deum
3090 807 3388 864 debitorem
3417 810 3642 867 habeas.

2041 899 2166 954 Ha-c
2193 899 2424 953 maxima
2454 897 2745 964 hereditas,
2775 900 2874 952 hoc
2899 899 3065 954 decus
3083 907 3188 965 est,
3216 898 3333 955 haec
3357 903 3645 960 securitas.

2044 989 2206 1043 Indue
2231 1003 2354 1042 eum
2390 987 2442 1042 in
2480 982 2749 1042 terrenam
2781 988 2919 1042 hanc
2947 988 3304 1044 hereditatem
3329 1030 3346 1054 ,
3379 1001 3436 1046 ut
3459 1000 3510 1047 te
3537 1009 3642 1048 una

2041 1095 2160 1132 cum
2191 1079 2296 1131 tuis
2323 1078 2505 1131 liberis
2532 1079 2582 1132 in
2611 1078 2880 1133 caelestem
2925 1079 3068 1134 illam
3110 1079 3461 1136 hereditatem
3488 1083 3646 1138 indu-

2040 1179 2145 1223 cat.
2177 1169 2276 1224 llic
2302 1168 2460 1224 heres
2490 1168 2686 1223 nobilis
2711 1178 2821 1233 est,
2851 1169 3148 1236 humanus,
3180 1171 3382 1240 bonus,
3411 1182 3606 1242 potens
3625 1217 3642 1242 ,

2041 1260 2190 1316 dites
2213 1278 2228 1327 ;
2257 1275 2422 1331 quare
2449 1261 2579 1315 nihil
2607 1270 2690 1315 est
2713 1275 2810 1315 cur
2842 1261 2959 1330 ejus
2986 1262 3302 1316 societatem
3332 1274 3642 1334 suspectam

2043 1351 2260 1407 habeas.
2309 1351 2434 1406 ldeo
2472 1349 2635 1406 etiam
2684 1352 2940 1407 sementis
2984 1361 3206 1408 vocatur
3255 1352 3599 1426 eleemosyna
3626 1399 3642 1422 ,

2040 1448 2163 1518 quia
2195 1460 2282 1502 res
2309 1445 2425 1499 haec
2456 1459 2560 1499 non
2589 1453 2972 1514 tamsumptus
2998 1453 3100 1510 est,
3126 1460 3285 1516 quam
3313 1446 3517 1501 reditus
3545 1465 3560 1502 :
3590 1456 3644 1502 tu

2041 1547 2221 1594 autem
2244 1536 2458 1607 quando
2479 1536 2852 1592 seminandum
2879 1547 2982 1602 est,
3012 1553 3117 1591 non
3144 1538 3321 1607 magni
3351 1539 3483 1594 facis
3503 1542 3644 1610 quod

2041 1645 2268 1685 evacues
2299 1629 2563 1683 fructuum
2594 1636 2836 1683 veterum
2865 1629 3251 1698 promptuaria,
3280 1629 3376 1684 sed
3401 1630 3466 1685 ad
3498 1646 3643 1685 mes-

2041 1721 2116 1776 sis
2147 1720 2337 1774 fulur-t‘.
2371 1718 2598 1772 fructum
2642 1727 2854 1788 spectas
2877 1759 2891 1781 ,
2927 1716 3085 1787 idque
3113 1733 3235 1773 cum
3265 1730 3514 1776 eventum
3546 1737 3644 1777 ne-

2041 1812 2200 1868 scias.
2223 1809 2355 1864 Nam
2377 1818 2431 1863 et
2452 1809 2662 1879 rubigo,
2685 1819 2740 1864 et
2765 1808 3064 1874 calamitas,
3093 1819 3147 1865 et
3175 1811 3398 1876 locusta,
3427 1821 3484 1866 et
3506 1815 3646 1868 acris

2043 1902 2392 1972 intemperies
2420 1909 2476 1956 et
2502 1901 2665 1956 multa
2693 1915 2792 1956 nos
2819 1916 2848 1954 a
2879 1915 2976 1970 spe
3003 1910 3060 1956 et
3083 1903 3646 1975 exspectationedvji-

2041 1995 2191 2050 ciunt
2222 2012 2236 2048 :
2266 2007 2389 2048 cum
2417 2007 2546 2047 vero
2575 1991 2627 2046 in
2662 1991 2852 2046 caelum
2877 2001 2959 2046 est
2988 2007 3174 2048 semen
3197 1993 3527 2063 jaciendum,
3554 1995 3642 2050 ubi

2042 2088 2185 2142 nulla
2221 2085 2364 2142 aeris
2403 2083 2772 2152 intemperies,
2804 2083 2984 2137 nullus
3012 2083 3188 2148 dolor,
3222 2083 3383 2138 nulla:
3413 2084 3641 2147 insidiae,

2043 2173 2412 2247 tergiversaris
2433 2189 2497 2229 ac
2519 2173 2910 2243 procrastinas?
2936 2173 3002 2226 Et
3021 2189 3178 2242 quam
3203 2186 3387 2244 speras
3410 2174 3642 2240 veniam,

2041 2267 2131 2338 qui
2175 2269 2229 2322 in
2263 2279 2456 2321 terram
2497 2263 2846 2330 seminando,
2879 2263 3211 2322 confidenter
3235 2273 3290 2319 et
3318 2264 3566 2320 alacriter
3593 2265 3648 2321 id

2041 2356 2211 2422 lacis;
2239 2373 2360 2412 eum
2387 2371 2516 2411 vero
2543 2355 2596 2409 in
2626 2369 2843 2409 manum
2873 2354 2965 2409 Dei
2997 2354 3366 2408 seminandqu
3398 2365 3500 2423 est,
3525 2372 3646 2412 ces-

2038 2464 2129 2505 sas
2169 2456 2225 2504 et
2267 2446 2530 2517 negligis?
2560 2445 2692 2499 Nam
2736 2445 2781 2500 si
2827 2454 2966 2498 terra
3015 2444 3190 2500 reddit
3233 2446 3374 2515 quod
3424 2446 3527 2501 sibi
3560 2458 3648 2503 est

2039 2537 2330 2603 creditum,
2359 2537 2526 2589 multo
2552 2533 2720 2603 magis
2748 2532 2840 2586 Dei
2873 2548 3083 2596 manus,
3112 2549 3464 2606 qnatcutnque
3493 2551 3647 2593 acce-

2041 2629 2422 2700 perit,..magno
2447 2641 2568 2681 cum
2597 2623 2804 2680 fanore
2829 2637 2911 2679 est
2937 2625 3229 2680 redditura.

2115 2720 2204 2776 to.
2233 2718 2360 2773 limo
2391 2716 2549 2787 igitur
2573 2716 2807 2772 scientes
2834 2731 2938 2771 non
2970 2719 3321 2787 reSpiciamus
3349 2728 3642 2789 sumptum,

2039 2811 2254 2885 quando
2281 2810 2679 2880 cleeuiosynam
2709 2806 2959 2872 facimus,
2985 2807 3079 2861 sed
3102 2823 3225 2862 eum
3253 2808 3344 2878 qui
3376 2808 3499 2866 inde
3525 2824 3647 2878 spe~

2040 2913 2188 2958 ratur
2224 2910 2592 2972 proventum,
2616 2900 2725 2954 imo
2762 2900 2924 2953 etiam
2971 2913 3210 2968 praesens
3247 2899 3458 2954 lucrum
3487 2917 3506 2956 :
3539 2915 3646 2959 non

2039 2995 2214 3049 solum
2249 2992 2392 3050 enim
2433 3007 2658 3063 regnum
2689 2991 2946 3047 ca‘lorum
2979 2993 3320 3064 eleemosyna
3356 3004 3646 3064 procurat,

2041 3085 2136 3141 sed
2165 3085 2215 3139 in
2248 3084 2498 3153 prmsenti
2527 3083 2688 3138 etiam
2721 3083 2814 3136 vit:
2855 3083 3195 3137 securitatem
3220 3081 3374 3138 aﬂ‘ert
3402 3094 3455 3138 et
3478 3084 3650 3139 abun-

2042 3175 2297 3231 dautiam.
2319 3174 2454 3240 Quis
2472 3173 2585 3227 hac
2603 3173 2923 3243 pollicetur?
2946 3172 3062 3240 Ipso
3078 3173 3164 3242 qui
3191 3183 3446 3241 praestare
3472 3183 3650 3244 potest

2047 3269 2319 3323 Dominus.
2358 3265 2491 3320 Dicit
2518 3264 2660 3319 enim
2693 3281 2707 3317 :
2739 3263 2841 3332 Qui
2881 3279 2973 3316 sua
3023 3263 3346 3331 pauperibus
3390 3265 3646 3332 largitur,

2042 3359 2350 3429 centuplum
2376 3356 2600 3425 accipiet
2627 3355 2679 3409 in
2709 3354 2812 3409 hoc
2837 3353 3066 3414 saeculo,
3091 3361 3146 3407 et
3171 3353 3294 3407 vita:
3317 3363 3536 3407 mternae
3563 3353 3650 3408 hc-

2043 3451 2324 3521 reditatem
2364 3445 2582 3502 habebit
2609 3443 2842 3514 (Matth.
2871 3444 2957 3499 l9.
2987 3442 3115 3512 29).
3147 3442 3306 3497 Vides
3337 3443 3650 3498 retributio-

2047 3557 2168 3595 nem
2196 3541 2249 3593 in
2275 3547 2499 3608 utraque
2527 3536 2632 3590 vita
2654 3550 2775 3589 cum
2804 3549 2996 3604 magro
3021 3534 3222 3586 fmnnre
3253 3533 3649 3602 recipiendam?

2044 3633 2122 3688 Ne
2152 3632 2311 3702 igitur
2339 3643 2648 3692 cessemus,
2675 3641 2854 3696 neque
2900 3625 3353 3694 procrastincmus
3372 3665 3387 3688 ,
3425 3623 3518 3677 Sed
3557 3639 3651 3694 per

2045 3727 2282 3796 singulos
2308 3722 2423 3776 dies
2449 3721 2804 3790 eleemosynte
2836 3717 3064 3772 fructum
3108 3715 3482 3786 percipiamus,
3512 3723 3571 3769 ut
3595 3727 3652 3770 et

2048 3820 2100 3872 in
2143 3815 2392 3886 praesenti
2423 3812 2620 3867 saeculo
2647 3812 2807 3866 rebus
2838 3809 3091 3871 secundis
3118 3808 3356 3862 fruamur
3376 3847 3392 3873 ,
3421 3818 3476 3862 et
3505 3807 3650 3862 futu-

2049 3924 2162 3964 ram
2191 3908 2352 3960 vitam
2381 3917 2815 3973 consequamur;
2842 3916 2961 3974 qua:
2993 3899 3143 3954 nobis
3168 3899 3416 3954 omnibus
3441 3899 3654 3952 coutin-

2047 4011 2156 4073 gat,
2187 4000 2354 4070 gratia
2384 4006 2438 4053 et
2475 3996 2800 4065 benignitate
2830 3993 3038 4047 Domini
3072 3993 3238 4046 nostri
3275 3991 3404 4046 .lesu
3432 3989 3652 4057 Chrisu,

2048 4109 2168 4147 cum
2198 4105 2303 4159 quo
2332 4089 2473 4144 Patri
2505 4101 2606 4141 una
2635 4101 2757 4141 cum
2786 4083 2988 4154 Spiritu
3019 4092 3207 4138 sancto
3232 4086 3423 4154 gloria,
3457 4081 3651 4148 honor,

2051 4183 2332 4252 itnpcriuin
2361 4181 2412 4233 in
2442 4179 2636 4232 smcula
2668 4177 3008 4230 saeculorum.
3039 4176 3231 4229 Amen.

2707 4444 3074 4452 __._._‘.._——_.

1467 4553 1607 4621 DE
1658 4542 2057 4618 EISDEM
2095 4530 2521 4614 VERBIS,

341 4726 673 4771 IIABENTES
718 4723 933 4766 auria.“
983 4719 1253 4762 summm
1301 4717 1602 4759 SPIBITL‘M
1650 4713 1850 4763 FIDEI,
1899 4709 2078 4751 SICUT
2122 4701 2436 4748 SCRIPTUM
2482 4699 2596 4740 EST
2644 4679 2662 4758 (
2707 4678 2766 4736 2.
2799 4678 2948 4738 Cor.
2987 4673 3197 4754 5.13)
3275 4690 3537 4742 ‘EI'QL‘A
3575 4688 3656 4731 σε

791 4821 982 4864 CAUSA
1032 4817 1230 4860 REBL‘S
1277 4816 1455 4859 BONIS
1501 4813 1710 4857 ΟΜΝΗ-8
1754 4811 1839 4853 EX
1871 4807 2068 4858 JZQUO
2114 4800 2480 4848 ιιίιυΔΝτυιι.
2531 4798 2609 4839 ΕΤ
2646 4797 2729 4838 DE
2775 4793 3192 4837 ELEEMOSYNA

421 5039 472 5090 ι.
503 5037 637 5091 Cum
667 5033 842 5102 priore
869 5035 1154 5092 cnnventu,
1190 5034 1243 5080 et
1273 5024 1360 5094 qui
1400 5024 1546 5077 illum
1579 5033 1948 5092 praecesserat,

347 5140 514 5184 unum
546 5124 769 5192 apostoli
802 5122 1002 5175 dictum
1031 5121 1426 5185 susceperimus
1454 5113 1866 5184 exponendum,
1900 5114 1949 5166 in

348 5219 464 5288 ejus
493 5215 834 5272 enarratione
876 5221 1044 5264 totum
1075 5222 1379 5262 sermonem
1406 5205 1835 5273 consumpsimus
1856 5246 1868 5266 ,
1900 5213 1954 5254 et

352 5308 514 5364 hodie
561 5319 773 5373 quoque
818 5303 868 5354 in
916 5299 1103 5353 eodem
1150 5297 1352 5351 versari
1403 5295 1773 5364 proposuimus
1805 5311 1816 5345 :
1854 5294 1953 5346 huc

351 5411 530 5454 autem
559 5399 680 5452 data
707 5411 866 5464 opera
893 5391 1136 5453 facimus,
1166 5389 1229 5444 ad
1258 5400 1486 5441 vesuam
1517 5387 1823 5450 utilitatem,
1851 5385 1990 5439 neu"

351 5494 418 5546 ad
449 5500 683 5546 nostram
713 5485 1144 5540 ostentationem.
1173 5481 1283 5535 Non
1309 5483 1448 5534 enim
1475 5490 1530 5533 ut
1561 5478 1846 5533 fecundum
1871 5493 1957 5531 me

351 5593 407 5635 et
434 5580 756 5634 multiscium
787 5575 1099 5640 ostendam;
1124 5574 1216 5627 sed
1247 5585 1302 5626 ut
1332 5583 1440 5625 tum
1470 5572 1614 5625 Pauli
1641 5569 1955 5639 sapientiam

353 5673 507 5726 vobis
533 5670 792 5738 aperiam,
823 5677 931 5721 tum
957 5674 1188 5720 vestram
1231 5663 1558 5718 alacritatem
1604 5661 1858 5725 excitem,
1889 5660 1958 5713 ita

361 5764 606 5822 eumdem
621 5776 790 5818 -vcrso
816 5774 1138 5816 scrmoncm.
1170 5756 1299 5810 Nam
1331 5766 1383 5812 ct
1423 5756 1561 5810 illius
1595 5752 1958 5821 intelligentiae

2057 5015 2390 5089 profunditas
2422 5011 2589 5079 magis
2619 5007 2870 5071 elucebit,
2904 5006 2946 5058 si
2977 5021 3043 5058 ex
3079 5020 3185 5056 uno
3209 5001 3355 5056 dicto
3385 5010 3527 5055 tanta
3558 5017 3654 5054 no-

2057 5111 2139 5163 bis
2170 5105 2552 5162 sententiarum
2591 5099 2786 5154 lluenta
2826 5095 3095 5166 proferat;
3126 5104 3176 5147 et
3211 5106 3339 5156 vos,
3368 5106 3488 5146 cum
3519 5089 3657 5143 didi-

2055 5199 2236 5254 ceritis
2274 5211 2340 5249 ex
2389 5209 2495 5245 uno
2543 5188 2770 5258 apostoli
2826 5187 2988 5240 verbo
3039 5183 3335 5238 inelTabiles
3383 5180 3662 5249 sapientia:

2057 5289 2268 5345 divitias
2290 5283 2532 5354 depromi
2560 5295 2734 5349 posse,
2762 5294 2866 5332 non
2894 5277 3182 5330 oscitantes
3207 5272 3526 5341 percurre-tis
3551 5270 3666 5339 ejus

2059 5381 2334 5451 epistolas,
2369 5375 2462 5432 scd
2493 5375 2591 5428 hac
2622 5389 2716 5443 spe
2748 5371 2948 5424 inducti
2979 5366 3214 5435 singulas
3244 5379 3427 5419 earum
3459 5372 3666 5416 senten-

2063 5476 2161 5528 tias
2201 5471 2462 5542 quuisita
2502 5483 2629 5522 cura
2674 5480 2734 5517 ac
2775 5464 3045 5533 diligentia
3091 5457 3579 5528 perscrutabitnini.
3613 5456 3665 5511 Si

2063 5567 2203 5620 enim
2231 5580 2392 5618 unum
2422 5561 2620 5615 dictum
2651 5557 2828 5611 triduo
2860 5555 3013 5607 nobis
3051 5549 3350 5605 disserendi
3389 5549 3665 5603 materiam

2063 5657 2290 5730 prtebuit
2316 5695 2330 5720 ,
2361 5661 2615 5724 quantum
2660 5650 2855 5722 putatis
2898 5647 3202 5700 thesaurum
3248 5642 3402 5697 nobis
3445 5638 3669 5710 proluu-

2067 5729 2217 5804 dcrct
2247 5759 2348 5800 una
2380 5743 2642 5814 qttchiam
2677 5756 2796 5813 pars
2829 5738 3108 5807 diligenter
3140 5741 3364 5788 tractata
3401 5748 3461 5786 ac
3494 5729 3656 5785 consl-
