4088 6436
481 327 583 386 291

480 432 702 493 derata!
733 432 811 490 Ne
838 433 996 507 igitur
1028 433 1356 487 delassemur
1394 430 1701 501 priusquam
1729 436 1897 483 totum
1926 424 2066 495 quod

481 534 729 598 superest
776 523 1216 595 decerpserituus.
1266 520 1325 578 Si
1374 521 1517 576 enim
1566 518 1903 574 metallorum
1954 510 2071 570 auri

481 618 717 673 fossores
738 657 755 682 ,
794 616 918 671 licet
954 613 1297 683 quantumvis
1326 611 1627 667 divuiarum
1660 609 1780 663 inde
1803 608 2067 663 exhause-

482 708 623 771 rint,
660 720 764 760 non
809 703 956 774 prius
1000 711 1178 767 tamen
1221 702 1346 760 inde
1388 701 1682 763 absistunt,
1714 713 1870 768 quam
1901 706 2068 751 totum

480 810 666 854 ausum
708 792 953 854 aukrant
980 810 994 846 :
1022 790 1194 847 multo
1231 791 1488 861 majorem
1524 804 1623 854 nos
1652 788 1978 855 alacritatem
2007 802 2072 842 ac

484 888 809 958 diligentiam
839 886 892 941 in
922 885 1321 957 perscrutandis
1348 883 1545 940 divinis
1566 880 1790 951 eloquiis
1815 880 2071 937 adhibere

482 979 750 1035 convenit.
773 976 908 1033 Nam
930 986 986 1033 et
1008 991 1107 1033 nos
1127 991 1314 1033 aurum
1334 973 1634 1038 effodimus,
1660 987 1764 1025 non
1794 972 2066 1034 sensibile,

483 1068 579 1123 sed
617 1068 896 1138 spirituaie
928 1085 940 1120 :
972 1084 1078 1123 non
1115 1067 1258 1122 enim
1300 1066 1351 1119 in
1390 1063 1617 1119 metallis
1656 1069 1844 1126 terrm,
1885 1061 1978 1116 sed
2018 1062 2073 1117 in

478 1159 707 1231 Spiritus
747 1145 976 1216 metallis
1016 1172 1314 1228 operamur.
1364 1156 1599 1211 Paulinae
1643 1155 1784 1209 enim
1826 1153 2066 1224 epistola:

482 1252 695 1307 metalla
722 1260 843 1306 sunt
869 1250 1097 1320 Spiritus
1120 1256 1175 1303 et
1202 1248 1374 1302 fontes
1403 1265 1416 1301 :
1445 1247 1657 1301 metalla
1688 1245 1922 1315 quidem,
1945 1245 2071 1315 quia

479 1342 671 1413 quovis
695 1356 829 1401 auro
856 1324 1199 1410 pretiosiores
1227 1337 1380 1397 nobis
1410 1336 1649 1406 pra'bcnt
1675 1335 1887 1390 divitias
1912 1350 1927 1389 :
1953 1333 2070 1388 fon—

483 1442 568 1487 tes
596 1448 742 1492 vero.
772 1432 893 1502 quia
926 1445 1211 1500 numquam
1242 1428 1535 1493 deﬁciunt;
1565 1428 1658 1483 sed
1683 1427 2071 1497 quantumlibet

480 1520 799 1587 exhaurias,
830 1520 1157 1577 tantumdem
1198 1534 1262 1574 ac
1301 1521 1469 1576 multo
1502 1519 1728 1588 amplius
1754 1533 1962 1579 rursum
1994 1518 2070 1571 af-

482 1612 617 1665 tluit.
646 1612 713 1666 Et
738 1612 839 1671 hoc
866 1612 1142 1669 evidenter
1167 1610 1444 1672 declarare
1467 1618 1641 1680 potest
1666 1618 1834 1663 totum
1860 1618 2070 1678 tempus

480 1701 621 1771 quod
660 1703 937 1779 prmteriit.
968 1700 1240 1769 Siquidem
1268 1715 1330 1753 ex
1360 1714 1465 1769 quo
1496 1699 1688 1752 Paulus
1718 1698 1847 1751 vixit
1867 1737 1882 1763 ,
1910 1698 2069 1765 quin-

484 1791 627 1860 genti
651 1792 759 1860 jam
782 1790 948 1859 elapsi
969 1798 1093 1846 sunt
1117 1789 1261 1853 anni,
1289 1798 1501 1857 totoque
1528 1788 1630 1841 hoc
1659 1796 1895 1857 tempore
1919 1788 2070 1841 multi

484 1891 595 1936 tum
615 1891 1090 1955 commentatores,
1107 1890 1216 1935 tum
1234 1880 1477 1934 doctores
1492 1894 1554 1934 ac
1575 1878 1887 1946 interpretes
1906 1878 2068 1931 multa

482 1985 626 2038 stupe
654 1966 776 2024 inde
802 1970 1183 2033 exhauserunt,
1216 1984 1313 2023 nec
1344 1978 1428 2022 ta:
1456 1985 1521 2027 en
1554 1984 1681 2036 repo
1713 1969 1811 2023 itas
1837 1968 1963 2022 inibi
1993 1969 2069 2022 di-

482 2058 636 2114 vitias
660 2074 917 2114 cvacuare
946 2060 1243 2113 valuerunt.
1271 2058 1385 2113 Non
1417 2067 1499 2112 est
1525 2058 1665 2119 enim
1690 2057 1957 2112 sensibilis
1986 2058 2073 2114 hic

482 2150 768 2205 thesaurus
793 2193 807 2217 ,
838 2160 892 2205 et
929 2151 1127 2205 idcirco
1174 2166 1279 2207 non
1314 2152 1641 2206 consumitur
1670 2166 1700 2204 a
1731 2149 1907 2205 multis
1936 2150 2069 2204 effo-

482 2240 739 2295 dientimn
775 2241 1015 2295 manibus
1042 2283 1056 2307 ,
1097 2240 1191 2295 sed
1236 2250 1457 2311 augetur
1487 2252 1541 2295 et
1580 2242 1974 2311 multiplicatur.
2007 2242 2072 2299 Et

483 2332 608 2406 quid
638 2330 755 2385 dico
785 2332 851 2386 de
883 2333 985 2387 illis
1014 2333 1101 2402 qui
1130 2342 1255 2387 ante
1296 2347 1390 2387 nos
1430 2332 1683 2386 fuerunt?
1712 2333 1879 2399 Quam
1916 2333 2066 2387 multi

487 2431 606 2488 post
629 2436 725 2474 nos
754 2420 944 2479 dicturi
971 2432 1113 2488 sunt,
1143 2436 1206 2476 ac
1232 2437 1416 2478 rursus
1441 2432 1560 2496 post
1589 2422 1712 2478 illos
1732 2422 1840 2487 alii,
1866 2436 1963 2481 nec
1994 2434 2072 2477 ta-

484 2526 606 2564 men
636 2510 882 2565 deiicient
913 2512 1070 2568 fontis
1099 2513 1148 2565 in
1177 2512 1389 2565 modum
1422 2521 1685 2568 scatentes
1710 2512 1903 2566 dixitiae
1928 2555 1943 2578 ,
1978 2529 2072 2569 ne-

482 2617 587 2670 que
631 2604 966 2656 metallorum
1013 2603 1112 2657 hoc
1153 2618 1320 2673 genus
1359 2602 1742 2661 exhaurietur?
1782 2603 2070 2671 spiritualia

481 2695 625 2746 enim
648 2703 792 2755 sunt,
815 2704 868 2747 ct
892 2703 1078 2762 suapte
1104 2704 1288 2747 natura
1316 2709 1601 2764 numquam
1626 2695 1842 2748 omnino
1866 2695 2071 2749 absumi

487 2792 726 2852 possunt.
772 2782 923 2851 Quod
961 2794 1041 2839 est
1082 2785 1238 2853 igitur
1283 2784 1407 2839 illud
1444 2785 1642 2839 dictum
1680 2784 2071 2854 apostolicum?

488 2873 739 2932 Habentes
765 2885 931 2933 autem
959 2876 1189 2929 eumdem
1219 2876 1471 2944 Spiritum
1499 2875 1652 2943 ﬁdei,
1682 2875 1807 2930 sicut
1832 2875 2071 2944 scriptum

487 2972 578 3024 est,
610 2961 835 3029 Credidi,
864 2976 1169 3035 quapropter
1193 2965 1424 3035 loquutus
1451 2981 1580 3019 εηιη.

554 3051 607 3105 2.
642 3052 821 3121 Nuper
847 3054 1005 3123 igitur
1028 3056 1367 3124 quaesivimus
1391 3070 1618 3125 quanam
1646 3055 1711 3110 de
1738 3070 1895 3110 causa
1921 3056 2072 3111 dixe-

485 3143 584 3209 rit,
618 3142 865 3197 Euutdem
903 3144 1156 3216 Spiritum
1186 3146 1347 3214 ﬁdei;
1377 3156 1431 3201 et
1458 3162 1617 3200 unam
1655 3146 1913 3201 hactenus
1941 3161 2067 3201 cau-

484 3252 597 3299 sam
624 3239 897 3297 attulimus
926 3254 940 3292 :
972 3245 1089 3291 erat
1112 3246 1290 3295 autem
1332 3238 1445 3292 inec
1476 3255 1490 3291 :
1524 3248 1581 3291 ut
1607 3236 1912 3292 ostenderet
1940 3252 2071 3293 con-

484 3330 786 3392 sonantiam
828 3327 1037 3391 Veteris
1080 3344 1142 3382 ac
1191 3328 1322 3393 Novi
1368 3327 1714 3383 Testamenti.
1753 3327 1886 3383 Cum
1929 3329 2072 3385 enim

486 3420 753 3480 invenitur
778 3419 915 3474 idem
945 3419 1063 3474 ﬁdei
1104 3419 1331 3488 Spiritus
1358 3430 1411 3473 et
1449 3420 1659 3479 Davidis
1689 3420 1919 3494 linguam
1952 3434 2070 3475 mo.

487 3511 625 3563 visse
644 3550 658 3573 ,
687 3510 948 3564 dicentem
969 3553 981 3573 ,
1014 3508 1253 3577 Credidi,
1293 3520 1498 3581 prapter
1528 3512 1663 3580 quod
1700 3512 1937 3579 loquutus
1960 3529 2071 3566 sum

485 3596 659 3667 (Prol.
688 3599 812 3663 us.
836 3599 949 3666 10),
977 3608 1031 3653 et
1060 3600 1113 3655 in
1134 3600 1280 3654 Pauli
1304 3602 1479 3654 anima
1503 3610 1751 3669 operatus
1775 3617 1915 3668 esse,
1943 3604 2072 3657 satis

482 3698 704 3769 apparet
736 3703 979 3759 magnam
1009 3702 1128 3743 esse
1154 3689 1533 3769 praphetarum
1562 3706 1679 3745 cum
1702 3691 1957 3761 apostolis
1977 3706 2071 3746 co-

484 3780 817 3851 gnationem,
834 3788 989 3847 atque
1014 3782 1083 3834 ita
1104 3782 1407 3835 necessario
1428 3784 1666 3853 sequitur
1686 3797 1929 3852 magnam
1955 3797 2072 3838 esse

488 3868 695 3932 Veteris
718 3878 770 3924 et
794 3870 921 3929 Novi
944 3869 1273 3927 Testaiucnti
1300 3862 1721 3927 consonantiam.
1750 3872 1853 3928 Sed
1883 3889 1951 3930 ne
1977 3875 2074 3929 ite-

487 3974 608 4019 rum
646 3959 830 4022 eadem
878 3969 1180 4040 repetentes
1223 3962 1432 4019 molesti
1472 3963 1622 4026 vobis
1660 3964 1854 4027 simus,
1888 3979 1985 4034 age
2020 3974 2072 4019 et

484 4050 702 4103 alteram
731 4065 942 4111 causam
974 4052 1323 4119 proferamus,
1354 4054 1421 4108 ob
1441 4069 1597 4123 quam
1620 4053 1771 4121 dixit,
1796 4055 2065 4111 Eumdem.

486 4139 603 4192 .lam
633 4149 741 4193 tum
782 4140 923 4193 enim
966 4142 1188 4195 alteram
1230 4142 1385 4210 hujus
1412 4142 1537 4195 dicti
1564 4158 1775 4197 causam
1810 4134 2071 4214 promisc-

488 4245 684 4282 ramns.
718 4229 823 4284 Sed
857 4247 990 4298 opus
1023 4242 1099 4283 est
1136 4239 1189 4283 ut
1221 4232 1521 4285 excitemini
1557 4250 1569 4285 :
1606 4232 1896 4300 profundus
1930 4238 2071 4288 enim

486 4329 571 4380 est
596 4336 783 4376 sensus
806 4336 963 4389 quem
990 4322 1195 4380 caritati
1229 4332 1421 4381 vestra:
1445 4337 1562 4381 sum
1592 4324 1850 4390 dicturus,
1874 4336 1928 4379 et
1955 4342 2071 4395 per-

488 4412 683 4479 spicaci
710 4412 889 4464 animo
917 4427 1050 4479 opus
1082 4412 1259 4477 habet,
1288 4413 1605 4483 ingenioque
1634 4428 1887 4489 peracute
1916 4437 1927 4470 :
1952 4433 2053 4487 qua

490 4511 705 4570 propter
746 4500 982 4554 obtestor
1022 4509 1078 4553 nt
1116 4515 1320 4554 Summa
1358 4504 1649 4557 attentione
1689 4522 1807 4574 qua:
1847 4507 2069 4561 dicenda

488 4602 611 4649 sunt
656 4592 982 4647 auscultetis.
1030 4591 1277 4655 Vestrum
1323 4602 1409 4653 est
1450 4593 1691 4657 lucrum,
1726 4606 1907 4652 noster
1946 4614 2075 4658 vero

489 4681 638 4733 labor
661 4696 674 4743 ;
709 4681 815 4733 imo
848 4681 1032 4750 gratiae
1058 4680 1284 4751 Spiritus
1311 4683 1476 4740 sancti
1503 4682 1702 4741 donum
1729 4727 1741 4747 ,
1772 4701 1878 4754 quo
1908 4704 2069 4746 reve-

491 4773 632 4825 laute
658 4780 861 4825 secreta
889 4813 902 4835 ,
932 4788 1103 4842 neque
1132 4774 1219 4842 qui
1246 4774 1403 4838 dicit,
1432 4790 1604 4842 neque
1631 4777 1716 4844 qui
1747 4777 1890 4830 audit
1920 4778 2063 4833 defa-

490 4863 683 4930 tigatur
712 4880 724 4915 :
756 4862 1134 4917 revelatiunem
1166 4863 1307 4917 enim
1340 4880 1527 4935 magna
1561 4865 1783 4921 facilitas
1811 4871 2067 4939 sequitur.

489 4953 841 5011 Attendamus
876 4956 1037 5023 igitur
1065 4970 1187 5010 cum
1217 4955 1491 5025 diligentia.
1520 4976 1531 5011 :
1563 4959 1683 5011 licet
1715 4961 1857 5014 enim
1898 4966 2071 5031 majoe

485 5058 599 5101 rem
646 5054 847 5116 partem
891 5046 1108 5099 auribus
1150 5047 1578 5115 persequamini,
1607 5049 1649 5102 si
1682 5048 1772 5102 vel
1792 5050 2070 5105 minimum

484 5134 923 5200 dormitaveritis,
948 5136 1247 5204 interrupto
1268 5120 1435 5189 semel
1459 5147 1708 5191 contextu
1731 5148 1897 5193 totum
1923 5142 2073 5211 igne.

488 5224 695 5278 rabilis.
726 5224 792 5277 Et
820 5224 1261 5291 quemadmodum
1294 5227 1389 5290 iis,
1422 5226 1509 5294 qui
1538 5228 1675 5281 virtut
1716 5229 1990 5298 ignorant,
2019 5243 2075 5288 et

489 5314 710 5366 ductore
738 5328 874 5381 opus
913 5314 1140 5379 habent,
1170 5315 1257 5369 diu
1292 5317 1414 5370 licet
1454 5317 1597 5370 illum
1627 5321 1834 5386 sequuti
1860 5364 1875 5386 ,
1907 5322 1957 5375 si
1978 5338 2073 5391 per

492 5404 972 5473 negligentiamch
1006 5408 1271 5476 paululum
1309 5424 1375 5463 ex
1414 5410 1585 5464 oculis
1626 5426 1747 5465 eum
1786 5414 2067 5481 amittant,

494 5496 623 5551 nihil
664 5496 881 5564 prodest
908 5498 1162 5554 hactenus
1191 5511 1443 5568 sequutus
1469 5517 1589 5556 esse
1608 5542 1626 5568 ,
1655 5502 1746 5556 sed
1777 5507 2075 5563 consistunt

492 5588 660 5663 ignari
690 5604 917 5657 quanam
949 5591 1016 5643 sit
1059 5591 1541 5660 progrediendum:
1580 5594 1649 5647 ita
1680 5598 1839 5648 etiam
1867 5598 1953 5665 qui
1986 5599 2070 5653 di-

496 5688 700 5741 centem
740 5693 1130 5749 prosequuntur
1158 5684 1336 5737 animo
1360 5724 1375 5751 ,
1406 5684 1615 5739 etiamsi
1644 5694 1844 5742 attente
1870 5689 2070 5746 doctri-

1233 322 1288 377 S.
1329 318 1609 378 ιυλΝΝις
1643 310 2129 371 ΩΙΙΠΫΞΟΞΤΟΜῘ
2166 308 2485 367 ARCIIIEP.
2525 307 3068 368 CONSTANTINOP.

3659 321 3768 381 29:!

2179 436 2304 477 nam
2341 423 2460 492 ejus
2502 421 2808 491 hauserint,
2849 421 2894 475 si
2931 421 3199 492 paulisper
3241 432 3445 481 tantum
3486 427 3782 484 oscitanter

2178 512 2394 568 audiant
2415 555 2430 579 ,
2463 522 2570 568 tota
2612 514 2752 567 serie
2780 512 2980 566 amissa
3002 554 3017 576 ,
3048 528 3155 567 non
3187 526 3410 585 possunt
3448 518 3683 586 amplius
3711 520 3781 573 ad

2176 603 2563 659 sententiarum
2605 603 2763 658 finem
2803 604 3103 672 pervenire.
3142 603 3219 660 Ne
3260 605 3421 676 igitur
3451 607 3596 664 idem
3624 609 3783 663 vobis

2176 694 2408 759 accidat,
2441 694 2689 748 omnibus
2725 710 2844 763 qua:
2885 694 3074 748 dicturi
3113 687 3296 750 sumus
3334 697 3448 766 pari
3479 706 3668 754 tenore
3697 699 3782 752 in-

2178 784 2400 850 tendite,
2430 783 2605 839 donec
2629 784 2696 838 ad
2731 784 2891 839 tinem
2926 780 3315 855 perveniamus.

2244 875 2299 928 '5.
2319 872 2420 927 Cur
2444 873 2577 927 dicat
2592 874 2820 927 eumdem
2842 890 2952 929 esse
2975 874 3229 947 Spiritum
3253 876 3394 945 ﬁdei.
3432 876 3618 949 Imago
3657 897 3707 949 ρ.
3724 897 3786 933 r-

2174 965 2545 1032 sequutionunt.
2577 993 2645 1004 --
2688 963 2888 1020 Dicturi
2932 965 3090 1035 igitur
3127 982 3231 1035 qua
3266 969 3336 1023 de
3382 984 3544 1024 causa
3592 970 3779 1036 dicat,

2186 1054 2432 1110 Habentes
2461 1063 2628 1111 autem
2657 1056 2886 1116 eumdem
2918 1054 3171 1123 Spiritum
3202 1058 3343 1125 ﬁdei,
3375 1059 3563 1113 volens
3586 1070 3762 1114 osten.

2173 1143 2302 1200 dere
2321 1144 2564 1205 eamdem
2580 1158 2700 1197 esse
2717 1145 2993 1212 utriusque
3011 1143 3336 1201 Testamenti
3357 1148 3518 1202 tidem
3535 1149 3778 1202 omnium

2174 1235 2436 1291 bonorum
2462 1247 2687 1288 matrem
2710 1276 2724 1297 ,
2754 1232 2914 1303 paulo
2934 1234 3095 1289 altius
3118 1250 3421 1291 sermonem
3447 1250 3778 1308 repetamus.

2172 1328 2261 1383 Sic
2300 1330 2445 1385 enim
2490 1329 2645 1390 nobis
2670 1343 2830 1387 causa
2858 1329 3158 1384 evidentius
3184 1330 3481 1401 apparebit.
3516 1332 3781 1398 Quaenam

2174 1420 2335 1489 igitur
2368 1430 2453 1476 est
2481 1422 2593 1475 haec
2617 1418 2820 1480 causa!
2847 1419 3092 1493 Magnum
3119 1423 3315 1479 bellum
3343 1425 3783 1482 circumsteterat

2176 1512 2362 1569 fideles
2383 1512 2509 1567 dum
2542 1512 2658 1567 haec
2681 1511 2997 1571 dicebantur
3024 1529 3038 1577 ;
3074 1512 3271 1567 bellum
3292 1553 3308 1579 ,
3337 1513 3555 1584 inquam
3574 1557 3595 1581 ι
3616 1530 3783 1584 grave

2174 1613 2229 1658 et
2272 1604 2473 1673 absque
2520 1604 2643 1665 ullis
2675 1604 2921 1658 induciis.
2953 1603 3085 1659 Nam
3110 1611 3167 1661 et
3192 1605 3439 1662 civitates
3466 1607 3693 1676 integrae
3722 1616 3782 1667 et

2176 1695 2358 1762 populi,
2384 1695 2617 1765 undique
2644 1696 2694 1748 in
2718 1710 2813 1749 eos
2834 1696 3259 1764 insurrexerant,
3279 1707 3333 1751 et
3357 1698 3572 1769 tyranni
3588 1714 3784 1753 omnes

2175 1783 2561 1838 insidiabantur
2585 1826 2599 1851 ,
2643 1795 2697 1839 et
2726 1800 2878 1855 reges
2905 1794 3091 1839 contra
3118 1800 3213 1840 eos
3238 1785 3438 1843 bellum
3469 1787 3733 1856 parabant
3765 1805 3778 1841 :

2175 1890 2321 1929 arma
2355 1877 2727 1941 movebantur,
2754 1877 2913 1948 gladii
2945 1877 3296 1944 acuebantur,
3319 1881 3589 1936 exercitus
3614 1881 3787 1935 ador—

2175 1964 2457 2026 nabantur.
2491 1974 2544 2019 et
2569 1967 2744 2019 omnia
2771 1981 2964 2035 genera
2991 1981 3269 2034 poenarum
3298 1982 3362 2023 ac
3391 1970 3791 2039 suppliciorum

2174 2054 2613 2128 excogitabantur
2645 2073 2663 2117 ε,
2692 2055 2814 2109 inde
2854 2056 3165 2117 facultatum
3197 2057 3397 2137 rapina:
3429 2068 3480 2115 et
3509 2060 3789 2115 confisca-

2178 2144 2346 2201 tiones
2366 2185 2382 2209 ,
2424 2154 2478 2198 et
2505 2158 2751 2201 carceres
2780 2159 2841 2203 ac
2873 2153 3073 2199 mortes
3101 2146 3426 2221 quotidiana:
3451 2190 3465 2211 ,
3491 2155 3791 2221 tormenta,

2175 2234 2381 2287 vincula
2403 2274 2418 2298 ,
2446 2234 2582 2303 ignis
2605 2275 2618 2299 ,
2651 2232 2872 2300 ferrum,
2906 2234 3115 2298 bestiae,
3142 2236 3398 2308 patibula,
3435 2247 3588 2298 rotte,
3619 2241 3784 2293 bara-

2176 2323 2312 2382 tbra.
2338 2323 2649 2392 przecipitia,
2671 2333 2721 2377 et
2743 2323 2996 2393 quidquid
3026 2324 3075 2377 in
3106 2325 3394 2393 perniciem
3416 2325 3653 2385 fidelium
3671 2344 3774 2391 ex-

2173 2415 2391 2484 cogitari
2425 2424 2632 2483 poterat
2660 2431 2672 2467 :
2705 2430 2764 2469 ac
2797 2430 2862 2469 ne
2884 2416 3017 2468 intra
3049 2416 3145 2470 bos
3166 2416 3379 2486 quidem
3411 2417 3543 2473 lines
3571 2420 3786 2484 bellum

2175 2521 2232 2560 se
2253 2508 2533 2561 continuit.
2565 2506 2681 2560 Non
2709 2506 2881 2561 solum
2910 2510 3053 2563 enim
3076 2510 3144 2563 ab
3164 2510 3395 2565 inimicis
3417 2513 3781 2579 excitabatur,

2176 2597 2272 2652 sed
2298 2598 2411 2665 ipsa
2434 2599 2595 2652 etiam
2618 2608 2803 2651 natura
2829 2609 3012 2652 contra
3036 2598 3266 2669 seipsam
3315 2602 3642 2658 irritabatur.
3686 2605 3783 2659 Et-

2174 2689 2317 2743 enim
2344 2687 2526 2743 liberis
2563 2689 2949 2744 insidiabantur
2976 2700 3172 2759 patres,
3207 2704 3259 2747 et
3291 2692 3410 2747 tilize
3442 2704 3634 2751 cx05as
3662 2713 3783 2751 ma-

2177 2788 2285 2834 tres
2327 2779 2633 2845 habebant,
2679 2790 2732 2834 et
2771 2780 2931 2841 amici
2970 2782 3171 2843 amicos
3208 2786 3615 2853 aversabantur,
3643 2790 3785 2847 etin

2174 2872 2518 2943 cognationes
2542 2886 2604 2925 ac
2629 2872 2857 2926 familias
2882 2872 3080 2927 bellum
3111 2873 3212 2929 hoc
3240 2875 3472 2933 latenter
3501 2891 3624 2932 sese
3651 2878 3784 2939 insi-

2177 2964 2379 3019 nuabat
2399 3004 2415 3030 ,
2445 2978 2776 3034 magnusque
2802 2965 3061 3020 tumultus
3085 2977 3201 3021 erat
3223 2982 3320 3037 per
3344 2969 3655 3025 universum
3685 2987 3780 3026 or-

2174 3055 2295 3111 bent
2333 3055 2695 3110 habitabilem.
2726 3056 2788 3110 Et
2816 3056 2953 3110 sicut
2978 3058 3129 3111 navis
3159 3058 3314 3113 undis
3342 3059 3773 3132 insurgentibus,

2175 3145 2408 3201 nubibus
2445 3147 2887 3201 concurrentibus
2914 3186 2929 3212 ,
2983 3146 3131 3203 elisis
3179 3148 3469 3206 tonitribus
3492 3193 3508 3217 ,
3545 3154 3781 3225 caligine

2178 3238 2411 3307 undique
2438 3238 2690 3308 scapham
2720 3238 2989 3308 cingente,
3022 3241 3156 3294 mari
3189 3239 3420 3308 furente,
3450 3244 3649 3300 belluis
3676 3262 3783 3301 sae»

2176 3329 2463 3394 vientibus,
2493 3330 2679 3399 piratis
2709 3331 3171 3401 oppugnantibus,
3204 3331 3333 3399 ipsis
3360 3337 3667 3391 vectoribus
3698 3340 3780 3392 in-

2179 3431 2258 3474 ter
2303 3436 2362 3475 se
2400 3422 2786 3477 dissidentibus
2806 3462 2819 3485 ,
2862 3421 3269 3493 haudquaquam
3298 3426 3528 3483 evadere
3554 3440 3733 3499 potest
3760 3473 3777 3496 ,

2176 3511 2277 3571 nisi
2306 3511 2535 3567 caelestis
2564 3513 2780 3575 dextera
2806 3553 2821 3579 ,
2856 3529 3044 3583 magna
3070 3514 3155 3566 illa
3183 3528 3248 3577 ac
3273 3526 3462 3586 potens
3484 3560 3499 3584 ,
3530 3519 3779 3575 discusso

2177 3599 2418 3670 periculo
2442 3610 2494 3657 et
2525 3603 2707 3657 sedata
2739 3610 3056 3676 tempestate
3080 3645 3094 3668 ,
3129 3604 3181 3667 in
3214 3608 3655 3685 tranquillitatem
3690 3629 3779 3665 re-

2175 3692 2335 3747 ducat
2362 3694 2671 3764 umiganles
2700 3712 2713 3749 :
2744 3696 2815 3748 ita
2840 3695 3002 3749 etiam
3030 3704 3155 3751 tunc
3177 3697 3319 3753 inter
3340 3699 3489 3755 initia
3512 3703 3778 3769 prardica-

2175 3786 2336 3840 tionis
2375 3786 2585 3841 accidit.
2633 3786 2749 3840 Non
2795 3787 2966 3841 solum
3012 3788 3158 3841 enim
3200 3798 3422 3852 externa
3453 3802 3779 3863 tempestate

2175 3876 2553 3947 puisabantur,
2584 3878 2676 3939 sed
2706 3877 2847 3931 intus
2875 3880 3034 3941 etiam
3067 3880 3379 3950 plerumque
3409 3885 3677 3943 seditione
3705 3890 3781 3945 Ia-

2180 3968 2465 4025 borabant.
2516 3969 2649 4036 Quis
2678 3969 2778 4029 hoc
2807 3970 3194 4029 dicit?-l’aulns
3223 3975 3338 4044 ipse
3380 3975 3459 4029 sic
3485 3980 3729 4036 scribens
3764 4002 3776 4037 :

2178 4057 2331 4113 Foris
2374 4075 2593 4131 pugna,
2638 4060 2774 4113 intra
2818 4062 3019 4117 timores
3059 4064 3137 4137 (2.
3175 4063 3294 4121 Cor.
3338 4068 3391 4121 7.
3421 4069 3504 4138 5).
3538 4070 3605 4124 Et
3635 4077 3780 4143 quod

2179 4148 2280 4205 hoc
2307 4164 2492 4205 verum
2522 4151 2620 4217 sit,
2650 4151 2903 4222 quodque
2931 4153 3181 4209 doctores
3208 4158 3409 4226 pariter
3438 4174 3503 4213 ac
3524 4160 3777 4233 discipuli

2178 4240 2474 4298 innumeris
2500 4244 2634 4313 septi
2669 4244 2867 4299 fuerint
2896 4245 3079 4312 malis,
3111 4256 3163 4300 et
3192 4264 3286 4317 per
3314 4265 3502 4306 omnes
3528 4268 3596 4317 ex
3621 4269 3780 4331 reque

2178 4332 2377 4387 bellum
2418 4334 2520 4388 hoc
2559 4334 2717 4389 fuerit
2754 4346 3055 4405 grassatum
3086 4378 3099 4398 .
3144 4339 3392 4393 eumdem
3426 4341 3651 4398 Paulum
3680 4347 3780 4402 ite-

2191 4435 2293 4475 'um
2318 4429 2509 4477 testem
2535 4422 2761 4478 adduco.
2795 4423 3004 4480 Vestra:
3031 4435 3209 4481 autem
3240 4437 3419 4497 partes
3438 4445 3561 4485 sunt
3583 4438 3781 4489 memi-

2177 4513 2320 4568 nisse
2356 4514 2593 4568 omnium
2625 4513 2814 4569 horum
2845 4532 2962 4585 quze
2987 4516 3144 4585 dico,
3176 4527 3231 4573 nt
3259 4522 3488 4591 cognitis
3516 4528 3776 4593 periculis

2175 4619 2240 4659 ac
2286 4604 2703 4668 tentationibus,
2752 4607 3108 4677 omnibusque
3147 4609 3598 4681 adversitatibus,
3644 4633 3782 4687 quas

2175 4694 2293 4763 ejus
2329 4696 2587 4763 temporis
2614 4694 2801 4757 fideles
2828 4696 3184 4765 perferebant,
3218 4709 3363 4754 tanto
3393 4704 3626 4772 majores
3656 4724 3781 4778 gra-

2180 4783 2279 4847 tias
2305 4786 2477 4854 agatis
2508 4785 2640 4852 Deo,
2674 4786 2763 4855 qui
2789 4787 3038 4841 omnibus
3070 4789 3175 4842 illis
3196 4791 3591 4851 calamitatibus
3617 4800 3781 4855 linem

2178 4878 2451 4947 imposuit,
2478 4889 2534 4933 et
2558 4892 2920 4934 averruneato
2950 4880 3091 4935 bello
3112 4924 3127 4947 ,
3159 4885 3656 4954 tranquillissimam
3689 4910 3785 4962 pa-

2176 4982 2293 5023 cem
2321 4969 2476 5024 nobis
2504 4970 2736 5025 confecit
2763 4988 2777 5024 :
2807 4981 2864 5024 ut
2885 4987 3044 5024 nemo
3066 4973 3151 5026 vel
3172 4976 3432 5031 socordia:
3455 4994 3669 5047 pcenam
3698 4985 3783 5043 cf.

2177 5057 2363 5128 fugiat,
2396 5059 2478 5113 vel
2508 5061 2577 5113 ob
2600 5062 2759 5113 vitam
2788 5070 2934 5115 recte
2961 5072 3132 5114 actam
3156 5066 3463 5120 cxzoilatur.

2248 5152 2301 5205 4.
2325 5148 2463 5204 Pace
2491 5149 2730 5205 Ecclesia
2758 5168 2858 5204 non
2885 5152 3468 5226 abutendunt.-Neque
3495 5164 3638 5217 enim
3659 5180 3785 5233 per,

2178 5239 2302 5294 inde
2346 5248 2463 5305 est,
2514 5242 2557 5293 si
2604 5240 2941 5309 undiquaque
2992 5242 3331 5311 impugnatus
3378 5258 3431 5301 et
3481 5250 3783 5310 innumeris

2179 5329 2592 5383 adversilatibus
2638 5328 2861 5383 obrutus
2910 5346 3171 5398 generose
3215 5336 3517 5404 subsistas,
3558 5357 3623 5395 ac
3649 5346 3694 5398 si
3728 5348 3780 5400 in

2180 5428 2337 5487 portu
2379 5434 2519 5473 nunc
2561 5418 2775 5483 sedens,
2808 5428 2862 5472 et
2892 5419 2943 5471 in
2973 5434 3179 5475 summa
3212 5426 3503 5482 securitate
3528 5435 3779 5491 eumdem

2178 5511 2411 5564 animum
2464 5525 2571 5578 pne
2613 5520 2666 5564 te
2706 5510 2866 5563 feras.
2918 5510 3134 5566 Illorum
3164 5516 3307 5568 enim
3340 5518 3578 5575 conditio
3610 5526 3781 5581 nihilo

2180 5605 2369 5658 melior
2398 5613 2534 5667 erat,
2562 5618 2719 5673 quam
2744 5618 2931 5657 eorum
2955 5606 3042 5674 qui
3077 5608 3288 5661 turbato
3313 5620 3445 5666 mari
3470 5613 3779 5682 iactantur:

2182 5712 2278 5752 nos
2309 5711 2435 5754 vero
2458 5697 2696 5752 securius
2724 5697 2930 5771 agimus
2955 5714 3112 5768 quam
3139 5702 3226 5771 qui
3254 5703 3304 5756 in
3330 5715 3547 5775 portum
3570 5709 3779 5767 devecd
