4088 6418
321 457 422 524 τῆς
445 450 700 522 σπουδῆς.
725 450 790 505 Εἰ
813 449 925 520 γὰρ
945 451 1045 520 μία
1068 449 1212 515 λέξις
1231 448 1398 521 τριῶν
1412 451 1639 522 ἡμερῶν
1668 451 1904 516 διάλεξιν

318 539 458 608 ἡμῖν
488 535 662 599 han,
699 534 866 587 πόσον
891 534 1025 602 ήμῖν
1047 532 1342 586 ἀναδλύσει
1376 531 1654 604 θησαυρὸν
1683 533 1907 602 ὀλόκλη-

323 635 420 689 ρος
448 616 724 687 περικοπή
755 615 894 686 μετά
928 614 1216 685 ἀκριϐείας
1251 614 1640 687 θεωρουμένη;
1685 616 1778 687 Μὴ
1801 614 1908 669 τοί·

320 719 418 756 νυν
461 700 862 769 ἀποκάμωμεν,
899 699 1006 761 ἐως
1050 697 1116 751 ἀν
1156 697 1218 750 τὸ
1253 699 1362 751 πᾶν
1407 698 1906 770 ἀποτρυγήσωμεν.

322 786 392 842 El
432 783 544 857 γὰρ
587 784 637 838 οί
686 781 924 853 μέταλλα
959 781 1329 851 διορύττοντες
1371 781 1621 853 χρυσίου,
1667 783 1794 834 ὅσον
1840 780 1908 835 ἀν

321 867 533 925 έκεῖθεν
565 865 846 920 κενώσωσι
883 862 1132 930 πλοῦτον,
1165 864 1225 916 ού
1257 865 1526 935 πρότερον
1553 864 1909 932 ἀφίστανται,

320 949 430 1012 ιως
471 949 540 1003 ἀν
583 948 646 1002 τδ
691 949 801 1001 πᾶν
843 947 1144 1000 ἀνέλωνται
1191 946 1445 1016 χρυσίονο
1481 947 1660 1018 πολλῷ
1708 948 1909 1018 μᾶλλον

321 1033 473 1103 ἡμᾶς
508 1030 717 1101 μείζονι
762 1029 1044 1100 προθυμία
1086 1027 1392 1098 κεχρῆσθαι
1437 1028 1518 1082 δεῖ
1555 1031 1650 1083 καὶ
1703 1031 1908 1101 σπουδῇ

323 1115 456 1185 περὶ
488 1116 588 1185 τήν
635 1114 744 1167 τῶν
786 1114 949 1168 θείων
996 1113 1198 1181 λογίων
1231 1113 1478 1184 ψευναν.
1515 1114 1626 1168 Καὶ
1656 1115 1767 1186 γάρ
1815 1117 1911 1168 καὶ

322 1199 487 1268 ήμεῖς
508 1197 732 1267 χρυσίον
755 1197 1054 1268 ὀρύττομεν
1074 1233 1089 1258 ,
1122 1195 1222 1248 οὐκ
1255 1195 1535 1264 αἰσθητὸν,
1575 1197 1713 1250 ἀλλά
1744 1214 1910 1250 πνευ-

326 1279 591 1349 ματικόν·
636 1279 700 1332 οὑ
748 1279 856 1349 γάρ
903 1277 1143 1348 μέταλλα
1180 1277 1317 1348 γῆς.
1346 1279 1484 1332 άλλά
1532 1279 1776 1348 μέταλλα
1814 1279 1910 1332 τοῦ

319 1359 643 1430 Πνεύματος
686 1358 1056 1432 ἐργαζόμεθα.
1094 1360 1160 1412 Δί
1188 1359 1297 1429 7&9
1326 1359 1605 1413 ἰπιστολαὶ
1632 1361 1726 1414 τοῦ
1759 1361 1911 1415 Παύ-

323 1442 418 1497 λου
447 1442 543 1497 τοῦ
569 1443 888 1514 Πνεύματός
914 1445 1018 1496 εἰσι
1041 1442 1279 1513 μέταλλα
1309 1443 1405 1495 καὶ
1431 1444 1604 1514 πηγαί
1629 1461 1641 1474 ι
1672 1444 1910 1515 μέταλλα

327 1526 450 1596 μέν,
481 1527 564 1580 ὅτι
596 1527 822 1597 χρυσίου
852 1526 1051 1590 παντὸς
1081 1525 1412 1599 τιμιώτερον
1449 1529 1582 1596 ήμῖν
1607 1528 1910 1600 παρέχουσι

325 1607 558 1662 πλοῦτον
580 1627 594 1640 ο
628 1611 804 1679 πηγαὶ
836 1609 911 1674 δὲ,
942 1611 1024 1662 ὅτι
1059 1609 1312 1662 οὐδέποτε
1345 1609 1721 1663 ἐπιλείπουσιν
1747 1628 1760 1642 ο
1795 1611 1913 1663 ἀλλ’

319 1692 449 1744 ὅσον
477 1691 542 1745 ἂν
583 1691 830 1768 κενώσῃς
869 1692 1098 1755 ἐκεῖθεν,
1135 1689 1388 1744 τοσοῦτον
1417 1691 1512 1744 καὶ⁵
1540 1692 1723 1762 πολλῴ
1751 1692 1913 1745 πλέον

320 1775 547 1846 ἐπιρρεῖ
575 1775 756 1829 πάλιν.
788 1772 941 1845 [280]
970 1775 1078 1827 Καὶ⁵
1104 1774 1296 1826 τούτου
1321 1775 1518 1842 γένοιτ’
1542 1775 1607 1827 ἂν
1637 1775 1912 1841 ἀπόδειξις

322 1857 506 1926 σαφὴς
532 1859 560 1908 6
587 1857 778 1926 χρόνος
807 1859 835 1909 6
865 1854 1152 1927 παρελθὼν
1191 1857 1354 1918 ἄπας.
1398 1856 1488 1920 Ἐξ
1511 1849 1572 1908 οὗ
1602 1856 1731 1925 γοῦν
1763 1856 1911 1908 Παῦ-

325 1939 416 2000 λος
444 1939 698 2008 ἐγένετο,
742 1938 1076 1992 πεντακόσια
1108 1937 1296 1991 λοιπδν
1349 1937 1446 2008 ἔτη
1488 1938 1734 2010 παρῆλθε
1758 1956 1772 1972 ο
1820 1942 1914 1993 καὶ

321 2020 512 2075 τοῦτον
556 2023 774 2077 ἅπαντα
821 2021 910 2074 τὸν
953 2022 1143 2092 χρόνον
1181 2021 1366 2074 πολλοέ
1414 2022 1515 2092 μέν
1548 2024 1911 2093 συγγραφεῖς,

321 2105 510 2159 πολλοὶ
552 2106 608 2160 δέ
651 2105 962 2158 διδάσκαλοι
995 2106 1091 2157 καὶ
1135 2104 1399 2175 ἐξηγηταὶ
1449 2105 1617 2158 πολλά
1655 2104 1914 2169 πολλάκις

321 2187 535 2241 ἐκεῖθεν
558 2186 916 2258 ἐξήντλησαν,
958 2187 1052 2240 καὶ
1078 2187 1171 2238 τὸν
1194 2187 1559 2257 ἀποκείμενον
1579 2189 1679 2240 οὐκ
1713 2188 1914 2241 ἐκένω‹

325 2284 425 2325 σαν
479 2271 729 2324 πλοῦτον.
770 2272 845 2324 Οὐ
899 2271 1008 2340 γὰρ
1070 2270 1330 2341 αἰσθητὸς
1367 2273 1396 2324 6
1448 2270 1769 2342 θησαυρόςο
1823 2270 1914 2324 διά

323 2351 480 2407 τοῦτο
497 2354 597 2407 οὐκ
611 2352 966 2406 ἀναλίσκεται
989 2355 1056 2422 τῇ
1081 2351 1186 2404 τῶν
1209 2353 1546 2422 ὸρυττόντων
1569 2354 1910 2423 πολυχειρίᾳ,

323 2435 439 2489 ἀλλ’
462 2434 684 2500 αὒξεται
715 2438 810 2490 καὶ
836 2435 1141 2497 πλεονάζει.
1171 2435 1278 2486 Καὶ
1305 2434 1358 2488 τί
1382 2434 1526 2502 λέγω
1546 2437 1673 2500 τοὺς
1705 2436 1916 2506 ἐμπροο

327 2517 487 2582 σθεν;
513 2519 677 2570 Πόσοι
709 2518 828 2585 μεθ’
858 2519 1004 2586 ἡμᾶς
1022 2516 1310 2587 ὲροῦσικαὶ
1335 2518 1452 2587 μετ’
1481 2518 1718 2580 ἐκείνους
1736 2517 1915 2590 ἕτεροι

325 2599 513 2664 πάλιν,
561 2602 653 2656 καὶ
702 2601 762 2652 ού
801 2599 1069 2652 παύσεται
1101 2596 1369 2669 πηγάζων
1413 2602 1441 2652 6
1488 2597 1753 2663 πλοῦτος,
1794 2600 1916 2652 οὐδὲ

326 2681 597 2750 ἐπιλείψκι
633 2681 805 2753 ταύτῃ
845 2682 911 2734 τά
948 2681 1228 2750 μέταλλα;
1260 2682 1608 2752 πνευματικά
1635 2684 1744 2753 γάρ
1777 2683 1914 2748 ἐστι,

326 2764 422 2816 καὶ
460 2767 524 2818 οὐ
569 2766 779 2834 πέφυκε
828 2762 1173 2817 δαπανᾶσθαι
1221 2779 1372 2818 ποτε.
1419 2764 1518 2827 Τίς
1561 2761 1657 2818 οῦν
1689 2768 1838 2819 ἐστιν
1885 2767 1917 2834 ή

329 2845 488 2915 ῥῆσις
523 2847 556 2915 ὴ
594 2846 930 2916 ἀποστολικὴ
958 2885 972 2906 ,
1007 2845 1139 2916 περλ⁸
1180 2840 1248 2918 ἦς
1281 2847 1376 2898 καὶ
1419 2845 1612 2918 πρώην
1641 2847 1778 2919 πρὸς
1816 2848 1919 2916 τὴν

329 2929 606 2999 ὑμετέραν
630 2931 854 3001 ἀγάπην
877 2930 1235 3001 διελέχθημεν
1255 2948 1268 2995 ;
1291 2931 1582 2999 Ἔχοντες
1603 2930 1672 2984 δὲ
1688 2933 1755 2984 τὸ
1769 2932 1918 2985 αὐτὸ

326 3011 572 3081 Πνεῦμα
626 3010 736 3079 τῆς
792 3014 1050 3078 πίστεως
1071 3051 1089 3078 ,
1145 3012 1295 3066 κατὰ
1350 3012 1420 3067 τὸ
1473 3012 1916 3082 τεγφαμμένονο

341 3093 735 3157 Ἐπίστευσα,
753 3094 860 3149 ’διὸ
895 3093 1195 3163 ἐλάλησα.

400 3175 468 3245 β’.
507 3177 641 3231 Τότε
677 3179 777 3248 μὲν
814 3173 906 3230 οὖν
941 3176 1268 3249 ἐζητοῦμεν,
1303 3178 1448 3242 τίνος
1487 3179 1676 3232 ἒνεκεν
1707 3181 1918 3250 εἴρηκε,

327 3259 575 3329 Πνεῦμα
607 3262 868 3326 πίστεως
912 3259 977 3313 τὸ
1026 3262 1178 3314 αὐτό
1198 3276 1212 3289 ·
1248 3262 1340 3314 καὶ
1390 3261 1520 3330 μίαν
1559 3262 1744 3315 αἰτίαν
1781 3265 1921 3326 τέως

328 3346 661 3414 εἰρήκαμεν⁹
680 3342 819 3413 αῦτη
845 3343 900 3394 δὲ
927 3337 1015 3412 ἦν,
1043 3342 1105 3394 τὸ
1136 3342 1304 3409 δεῖξαι
1337 3344 1628 3412 σύμφωνον
1649 3347 1714 3415 τῇ
1744 3347 1919 3415 Καινῇ

329 3424 428 3496 τὴν
460 3425 705 3478 Παλαιὰν
732 3421 919 3478 οὖσαν.
958 3425 1128 3477 Ὅταν
1171 3424 1279 3496 γάρ
1310 3425 1570 3495 φαίνηται
1595 3427 1657 3478 τὸ
1698 3426 1922 3496 Πνεῦμα

332 3508 432 3576 τῆς
478 3507 720 3570 πίστεως
759 3508 821 3560 τὸ
868 3507 1002 3560 αὐτὸ
1050 3508 1148 3560 καὶ
1191 3507 1292 3578 τήν
1331 3507 1427 3560 τοῦ
1481 3503 1644 3561 Δαυῒδ
1689 3512 1923 3579 κινῆσαν

331 3581 579 3665 γλῶτταν
611 3591 710 3661 τὴν
741 3590 1029 3657 λέγουσαν,
1076 3590 1464 3653 Ἐπίστευσα,
1487 3588 1579 3642 διὸ
1602 3591 1881 3655 ἐλάλησα
1904 3631 1919 3656 ,

334 3673 428 3726 καὶ
459 3674 540 3736 είς
572 3674 670 3744 τὴν
693 3673 788 3726 τοῦ
820 3673 1033 3728 Παύλου
1056 3672 1237 3743 ψυχὴν
1269 3671 1548 3742 ἐνεργοῦν,
1591 3671 1813 3743 εὔδηλον
1839 3675 1921 3727 ὅτι

332 3761 506 3830 πολλὴ
566 3762 858 3829 συγγένεια
918 3761 1219 3832 προφητῶν
1281 3761 1375 3813 καὶ
1432 3760 1768 3824 ἀποστόλων,
1829 3763 1923 3815 καί⁵

332 3849 550 3920 ἀνάγκη
583 3849 784 3922 πολλὴν
822 3848 1062 3912 nam;
1096 3849 1190 3901 καί⁸
1231 3849 1439 3916 Καινῆς
1469 3845 1611 3900 εἷναι
1644 3849 1742 3919 τὴν
1784 3867 1924 3920 συμ-

334 3938 565 4004 φωνίαν.
607 3937 749 3992 Ἀλλ’
796 3938 883 3992 ῖνα
923 3938 999 4008 μὴ
1043 3937 1206 3992 πάλιν
1244 3935 1316 3989 τά
1344 3937 1488 3990 αύτά
1531 3937 1919 4002 ἀνακινοῦντες

333 4023 641 4093 ἐνοχλῶμεν
659 4023 976 4097 ὑμῖν,φέρε,
1009 4025 1102 4078 καὶ
1125 4024 1226 4094 τὴν
1248 4023 1443 4093 ἐτέραν
1455 4024 1636 4077 αἰτίαν
1653 4023 1922 4096 εῐστωμεν,

331 4111 400 4164 δι’
426 4110 718 4181 ήνείρηκε,
741 4112 805 4165 Τὸ
834 4114 1004 4165 αὑτό·
1028 4109 1242 4182 καὶγὰρ
1268 4113 1362 4164 καὶ
1383 4111 1502 4166 τότε
1525 4112 1654 4182 ὑμῖν
1679 4113 1919 4182 ὑπεσχό-

337 4197 477 4269 μεθα
510 4198 704 4270 ἑτέραν
731 4197 910 4252 αἰτίαν
943 4201 1087 4270 ἐρεῖν
1119 4198 1221 4268 τῆς
1252 4199 1466 4269 ρήσεως
1486 4198 1712 4270 ταύτης.
1758 4200 1919 4255 ’Δλλά

331 4287 682 4357 διανάστητε·
715 4287 853 4356 βαθὺ
884 4287 994 4360 7&9
1024 4288 1086 4341 τὸ
1105 4289 1282 4357 νόημα
1310 4287 1468 4341 τοῦτό
1499 4290 1668 4354 ἐστιν,
1689 4289 1718 4342 δ
1746 4290 1926 4359 μέλλω

333 4373 516 4442 λέγειν
562 4375 700 4445 πρὸς
729 4374 827 4445 τὴν
870 4374 1146 4445 ὑμετέραν
1186 4374 1428 4444 ἀγάπην,
1470 4375 1566 4428 καὶ
1607 4377 1925 4448 διορατικῆς

332 4462 589 4533 δεόμενον
619 4463 878 4527 διανοίας,
910 4463 1001 4516 καὶ
1020 4463 1287 4534 ὀξυτάτης
1302 4463 1501 4533 ψυχῆς
1519 4464 1600 4517 διὸ
1620 4466 1928 4537 παρακαλῶ

337 4550 477 4620 μετά
487 4551 774 4621 ἀκριϐείας
787 4550 1217 4621 παρακολουθεῖν
1231 4554 1340 4613 τοῖς
1354 4551 1686 4622 ῥηθήσεσθαι
1709 4553 1928 4622 μέλλου-

337 4656 441 4692 σιν.
471 4639 534 4692 Εἰ
556 4639 664 4708 γάρ
687 4638 954 4707 ἡμέτερος
972 4639 1000 4688 6
1022 4638 1200 4700 πόνος,
1221 4638 1333 4690 ἀλλ’
1351 4638 1582 4708 ὑμέτερτ
1603 4658 1615 4688 θ
1640 4641 1700 4692 τὸ
1714 4639 1922 4712 κέρδκ,

339 4725 613 4795 μᾶλλονδὲ
633 4724 754 4778 οὐδὲ
776 4725 1050 4795 ἡμέτερος
1075 4727 1102 4778 ό
1138 4725 1318 4788 πόνος.
1343 4725 1478 4778 ἀλλά
1508 4726 1608 4795 τῆς
1639 4727 1733 4780 τοῦ
1769 4728 1929 4786 Πνεύ-

340 4831 510 4884 ματος
529 4813 798 4885 χάριτοςή
825 4813 1024 4883 δωρεά·
1053 4814 1178 4866 ὅταν
1197 4813 1253 4866 δὲ
1278 4814 1624 4886 ἀποκαλύψῃ,
1647 4815 1769 4868 οὔτε
1795 4818 1822 4868 6
1842 4816 1928 4870 λέο

335 4913 472 4967 γων,
499 4896 624 4952 οὔτε
649 4901 694 4951 οἰ
723 4899 1012 4960 ἀκούοντες
1033 4899 1322 4969 κάμνουσι*
1354 4899 1521 4970 πολλή
1541 4900 1652 4972 γάρ
1670 4901 1769 4972 τῆς
1791 4903 1928 4956 ἀπο-

340 4985 684 5056 καλύψεωςή
715 4985 952 5038 εὐκολία.
996 4984 1330 5056 Πρόσχωμεν
1370 4988 1550 5040 τοίνυν
1588 4989 1728 5058 μετά
1765 4991 1925 5062 ἀκρι-

338 5071 512 5136 σείας’
541 5072 641 5125 κᾶν
656 5074 766 5144 γάρ
780 5076 892 5136 τοῖς
917 5072 1124 5126 πλείοσι
1143 5075 1687 5146 παρακολουθήσητε,
1720 5079 1848 5148 περὶ
1870 5078 1927 5131 δὲ

342 5160 516 5231 βραχὺ
551 5160 716 5230 μέρος
754 5160 1197 5229 ἀπονυστάξητε,
1229 5160 1292 5212 τὺ
1341 5162 1448 5214 πᾶν
1481 5163 1780 5233 ἀγνοήσετε
1834 5165 1928 5218 τοῦ

341 5247 594 5312 κάλλους,
647 5247 1003 5317 διακοπείσης
1050 5248 1153 5317 τῆς
1200 5249 1524 5313 ἀκολουθίας
1573 5251 1781 5304 λοιπόν.
1822 5251 1928 5306 Καὶ

341 5334 594 5405 καθάπερ
622 5335 670 5386 οί
694 5335 794 5397 τάς
818 5334 970 5398 ὀδοὺς
995 5335 1321 5402 ἀγνοοῦντες
1342 5338 1438 5389 καὶ
1453 5337 1655 5406 ἑτέρων
1684 5337 1930 5406 δεόμενοι

339 5422 450 5474 τῶν
477 5420 836 5491 ἐᾶηγούντων,
869 5422 974 5475 κᾶν
992 5422 1128 5475 πολὺ
1148 5423 1486 5493 προέλθωσιν
1510 5424 1931 5488 ἀκολουθοῦντες

341 5510 550 5572 αὐτοῖς,
589 5509 785 5578 μικρὸν
819 5509 875 5562 δὲ
901 5510 1472 5581 ἀπορῤᾳθυμήσαντες
1502 5511 1812 5565 ἀπολέσωσι
1843 5513 1931 5565 τὸν

342 5594 669 5665 ἡγούμενον,
699 5595 852 5649 οὐδὲν
892 5597 1080 5659 αὐτοῖς
1111 5595 1302 5664 ὄφελος
1329 5596 1480 5650 ἔσται
1521 5597 1619 5666 τῆς
1659 5601 1931 5670 προτέρας

345 5681 780 5753 ἀκολουθήσεως,
803 5683 918 5737 ἀλλ’
942 5685 1191 5737 ἵστανται
1216 5684 1424 5746 λοιπὸν,
1447 5685 1548 5737 οὐκ
1569 5685 1768 5748 εἰδότες
1796 5688 1931 5740 ὃπου

350 5768 722 5835 προέλθωσιν·
755 5769 898 5826 οὕτω
918 5771 1010 5825 καὶ
1042 5773 1090 5824 οἰ
1122 5771 1200 5841 τῷ
1221 5771 1410 5839 λέγοντ
1456 5773 1926 5844 παρακολουθοῦν.

909 354 997 410 DE
1026 352 1280 412 VERBIS
1319 354 1684 414 APOSTMJ.
1731 351 2112 408 "\BENTES
2155 348 2446 406 EUMDEM
2489 343 2847 405 SPIRITUM.
2889 342 2979 400 Ill.

3489 333 3594 394 29!

2012 467 2126 515 τες,
2165 449 2263 505 ἐάν
2299 450 2452 525 παρά
2485 452 2668 506 πᾶσαν
2710 449 2810 522 τήν
2851 447 3203 504 διδασκαλὲω
3236 449 3592 520 προσέχονττς

2013 534 2212 604 μικρὸν
2257 535 2673 608 ρᾳθυμήσωσιν,
2729 535 2949 590 ἃπασαν
2995 533 3096 604 τὴν
3141 531 3466 586 ἀκολουθίαν
3510 538 3594 605 ρί-

2009 616 2233 684 ψαντες,
2266 617 2366 670 οὐκ
2395 617 2477 670 ἐτι
2512 617 2701 672 λοιπὸν
2729 618 3022 686 ἐπιστῆναι
3051 612 3129 684 τῷ
3150 614 3292 669 τέλει
3327 613 3437 668 τῶν
3467 633 3595 686 V017-

2014 698 2203 770 μάτων
2246 699 2587 771 δυνήσονται.
2621 700 2716 754 Ἴν’
2765 695 2860 755 οὖν
2905 699 2980 769 μὴ
3032 697 3191 752 τοῦτο
3239 698 3469 769 πάθητε,
3510 698 3602 753 διά

2012 782 2234 836 πάντων
2259 783 2367 837 τῶν
2391 782 2696 852 μελλόντων
2725 780 3062 853 ῥηθήσεσθαι
3094 780 3194 852 τὴν
3221 781 3343 850 ίσην
3370 797 3461 851 μοι
3487 797 3598 834 πα-

2018 864 2204 935 ρέχετε
2236 866 2495 937 σπουδὴν,
2530 866 2637 930 ἓως
2664 865 2730 920 ἂν
2764 865 2845 930 εἰς
2879 865 3016 918 αὐτὸ
3041 863 3106 918 τὸ
3133 862 3290 927 τέλος
3327 863 3595 936 ἔλθωμεν.

2081 955 2151 1016 γ’.
2178 947 2335 1011 Τίνος
2355 943 2450 1002 οὖν
2469 947 2659 1002 ῑνεκεν
2684 947 2930 1020 είρηκεν,
2962 948 3252 1016 Ἔχοντες
3275 945 3343 999 δὲ
3363 947 3430 1000 τὸ
3450 945 3598 1002 αὐτὸ

2012 1028 2257 1099 Πνεῦμα
2276 1028 2386 1098 τῆς
2420 1031 2704 1096 πίστεως,
2747 1030 2843 1083 καὶ
2885 1027 3177 1092 σπουδάζει
3208 1027 3378 1093 δεῖξαι
3407 1029 3502 1082 κα)⁸
3539 1031 3600 1082 ἐν

2010 1114 2078 1181 τῇ
2101 1112 2316 1182 Παλαιᾷ
2350 1113 2442 1166 καὶ
2466 1114 2524 1166 έν
2549 1115 2614 1184 τῇ
2639 1115 2814 1184 Καινῇ
2848 1112 3034 1166 πίστιν
3063 1107 3227 1166 οὖσαν
3256 1111 3356 1181 τὴν
3388 1111 3599 1183 μητέρα

2011 1193 2121 1247 τῶν
2145 1194 2389 1264 ἀγαθῶν,
2426 1197 2620 1269 μικρὸν
2648 1195 2854 1251 ἀνωθεν
2896 1198 3197 1264 ἀναγκαῖον
3225 1197 3431 1248 εἰπεῖν’
3461 1194 3602 1247 οὓτω

2012 1275 2124 1348 7&9
2156 1278 2308 1331 ἔσται
2353 1279 2658 1350 κατάδηλος
2700 1281 2830 1349 ἡμῖν
2868 1280 2903 1349 ἡ
2945 1279 3097 1332 αἰτία
3129 1277 3350 1347 μᾶλλον.
3384 1275 3482 1338 Τίς
3508 1272 3603 1330 οὖν

2014 1361 2162 1412 ἐστιν
2217 1360 2250 1430 ή
2295 1358 2448 1433 [281]
2486 1361 2670 1425 αἰτίας
2716 1361 2888 1424 Πολὺς
2940 1360 3179 1429 πόλεμος
3228 1358 3603 1430 περιειστήκει

2013 1441 2142 1504 τοὺς
2176 1444 2402 1505 πιστοὺς
2429 1484 2443 1504 ,
2488 1445 2653 1513 ήνίκα
2685 1442 2858 1498 ταῦτα
2890 1442 3130 1510 ἐλέγετο,
3167 1441 3404 1512 πόλεμος
3443 1439 3602 1510 χαλε-

2016 1524 2117 1586 πδς
2173 1525 2270 1578 καί
2319 1527 2655 1597 ἀκήρυκτος.
2718 1524 2822 1578 Καὶ
2880 1526 2992 1596 γάρ
3041 1526 3137 1578 καὶ
3189 1523 3374 1585 πόλεις
3419 1522 3606 1584 αὐτοῖς

2014 1606 2303 1678 ὁλόκληροι
2347 1612 2440 1661 καὶ
2472 1609 2635 1678 δῆμοι
2669 1607 2936 1662 πάντοθεν
2969 1608 3351 1672 ἐπανίσταντο,
3391 1606 3488 1659 καὶ
3509 1604 3589 1657 τύ-

2020 1706 2204 1759 ραννοι
2235 1692 2440 1755 πάντες
2458 1692 2836 1755 ἐπεϐούλευον,
2871 1691 2966 1745 καί
2989 1689 3231 1760 βασιλεῖς
3257 1687 3605 1760 παρεσκευά-

2018 1773 2193 1836 ζοντο,
2247 1776 2337 1828 καί
2385 1775 2526 1829 ὅπλα
2564 1777 2827 1838 ἐκινείτο,
2863 1775 2958 1828 καλ⁵
3005 1773 3134 1844 ξίφη
3176 1773 3411 1842 ήκονᾶτο
3439 1811 3453 1836 ,
3502 1769 3606 1824 καὶ

2021 1859 2360 1924 στρατόπεδα
2409 1858 2794 1929 ηύτρεπίζετο,
2845 1858 2940 1911 καὶ
2988 1857 3098 1910 πᾶν
3131 1850 3270 1918 εἶδος
3323 1853 3603 1917 κολάσεως

2019 1940 2111 1991 καὶ
2147 1940 2417 2012 τιμωρίας
2451 1943 2727 2006 ἐπενοεῖτο
2749 1955 2763 1968 ⁶
2797 1941 2920 1995 ὅθεν
2961 1939 3320 2007 ὑπαρχόντων
3355 1933 3606 2008 ἁρπαγαὶ

2016 2023 2110 2074 καί
2141 2021 2459 2093 δημεύσεις.
2485 2026 2582 2079 καί⁵
2608 2025 2902 2093 ἀπαγωγαὶ
2931 2027 3026 2079 καὶ
3049 2025 3270 2079 θάνατοι
3296 2022 3606 2090 καθημερι-

2017 2107 2116 2168 νοί,
2153 2107 2248 2160 καὶ
2275 2107 2659 2179 στρεϐλώσεις,
2688 2108 2782 2160 καὶ
2809 2109 3184 2178 δεσμωτήρια,
3220 2105 3314 2159 καὶ
3343 2103 3476 2174 πῦρ,
3511 2101 3606 2154 καὶ

2020 2189 2259 2261 σίδηρος,
2308 2193 2402 2243 καὶ
2437 2190 2622 2262 θηρία,
2661 2191 2754 2244 καὶ
2785 2190 2962 2255 ξύλον,
3003 2192 3098 2244 καὶ
3126 2189 3344 2260 τροχὸς,
3373 2187 3468 2241 καὶ
3511 2183 3606 2253 βά-

2023 2271 2219 2342 ραθρα,
2252 2274 2345 2326 καὶ
2373 2275 2631 2344 κρημνοὶ,
2665 2276 2760 2327 καὶ
2791 2275 2970 2327 πάντα
2996 2274 3064 2331 τά
3089 2275 3168 2338 εἰς
3192 2273 3436 2326 ἐπίνοιαν
3471 2267 3608 2337 πρὸς

2017 2355 2110 2406 τὸν
2156 2354 2263 2407 τῶν
2313 2356 2524 2410 πιστῶν
2557 2356 2777 2428 ὄλεθρον
2824 2358 3092 2409 ἐκινεῖτοο
3149 2356 3245 2408 καὶ
3274 2354 3396 2408 οὐδὲ
3442 2352 3607 2422 μέχρι

2018 2441 2225 2494 τούτων
2279 2443 2308 2494 6
2363 2443 2598 2514 πόλεμος
2645 2444 2912 2514 εἱστήκει.
2967 2442 3102 2496 Οὐδὲ
3139 2441 3249 2512 γάρ
3302 2439 3452 2507 παρᾶ
3499 2438 3608 2488 τῶν

2019 2529 2234 2600 ἐχθρῶν
2282 2531 2666 2602 ἀνερριπίζετο
2729 2531 2924 2601 μόνον,
2975 2530 3111 2582 ἀλλά
3157 2529 3250 2580 καὶ
3296 2527 3432 2593 αὑτὴ
3486 2524 3606 2576 καθ’

2022 2619 2222 2687 ἑαυτῆς
2249 2622 2281 2689 ή
2319 2620 2482 2688 φύσις
2509 2619 2776 2689 έσχίζετο.
2807 2619 2916 2671 Καὶ
2948 2617 3057 2687 γάρ
3085 2617 3274 2670 παισὶν
3305 2614 3607 2684 ἐπολέμουν

2022 2707 2279 2776 πατέρες,
2314 2708 2408 2762 καὶ
2437 2708 2734 2778 θυγατέρες
2771 2707 2998 2776 ἐμίσουν
3029 2706 3127 2768 τὰς
3160 2705 3446 2775 κυησάσας
3467 2741 3482 2765 ,
3515 2702 3610 2752 καὶ

2024 2794 2170 2864 φίλοι
2213 2795 2399 2864 φίλους
2429 2796 2840 2867 ἀπεστρέφοντο
2860 2835 2874 2858 ,
2909 2795 3001 2847 καὶ
3029 2794 3108 2856 εἰς
3137 2791 3238 2855 τάς
3289 2788 3610 2858 συγγενείας

2024 2883 2117 2935 καὶ
2149 2883 2230 2944 εἰς
2259 2882 2358 2944 τάς
2379 2881 2556 2945 οἰκίας
2586 2884 2614 2934 6
2641 2883 2878 2950 πόλεμος
2899 2875 3056 2945 οὗτος
3080 2880 3268 2950 ἕρπων
3291 2877 3486 2949 εἰσῄει,
3519 2876 3612 2928 καὶ

2025 2969 2253 3040 θόρυϐος
2294 2964 2364 3039 ἦν
2412 2968 2531 3021 τότε
2581 2969 2749 3032 πολὺς
2791 2967 2934 3020 κατά
2963 2967 3063 3036 τὴν
3107 2965 3457 3036 οἰκουμένην.
3501 2963 3612 3018 Καὶ

2025 3056 2281 3127 καθάπερ
2338 3056 2542 3120 πλοῖον,
2597 3057 2858 3127 κυμάτων
2917 3053 3372 3123 διανισταμένων,
3433 3051 3613 3120 νεφῶν

2027 3142 2521 3215 συρρηγνυμένων,
2567 3141 2807 3213 βροντῶν
2841 3141 3405 3213 καταῤῥηγνυμένων,
3443 3138 3612 3209 ζόφου

2026 3229 2294 3283 πάντοθεν
2318 3228 2644 3292 κυκλοῦντος
2675 3230 2737 3280 τὸ
2773 3229 3004 3296 σκάφος,
3035 3231 3136 3299 τῆς
3173 3229 3452 3299 θαλάσσης
3485 3243 3616 3298 μαι-

2023 3317 2279 3388 νομένης,
2325 3316 2533 3388 θηρίων
2573 3317 3050 3386 ἐπανισταμένων,
3105 3314 3386 3386 πειρατῶν
3441 3329 3614 3385 1:900-

2026 3403 2354 3469 ϐαλλόντων,
2406 3403 2584 3457 αὐτῶν
2616 3403 2724 3457 τῶν
2767 3402 2914 3456 ἔνδον
2947 3403 3382 3468 στασιαζόντων,
3413 3403 3516 3456 οὐκ
3549 3401 3617 3454 ἄν

2024 3491 2278 3561 διαφύγοι
2312 3493 2404 3544 τὸν
2431 3490 2695 3555 κίνδυνον,
2729 3491 2777 3542 εἰ
2808 3489 2882 3559 μὴ
2922 3491 2956 3560 ή
2995 3488 3108 3542 ἀνω
3135 3491 3277 3560 χεὶρ,
3311 3491 3344 3561 ή
3381 3491 3618 3560 κραταιά

2028 3579 2124 3631 καὶ
2156 3578 2391 3649 μεγάλη,
2426 3578 2833 3647 ἀποκρούσαιτο
2861 3575 2952 3629 τὸν
2979 3575 3241 3646 πόλεμον,
3274 3579 3369 3631 καὶ
3404 3577 3618 3631 λύσασα

2024 3665 2119 3719 τὸν
2145 3663 2390 3736 χειμῶνα
2413 3663 2808 3733 καταστήσειεν
2833 3662 2891 3714 ἐν
2922 3661 3137 3733 γαλήνῃ
3155 3663 3283 3724 τοὺς
3313 3664 3578 3725 πλέοντας
3602 3678 3615 3692 ·

2026 3753 2173 3806 οὓτω
2200 3752 2266 3823 δὴ
2299 3751 2395 3804 καὶ
2425 3749 2546 3804 τότε
2577 3751 2634 3803 ἐν
2665 3751 2808 3820 ἀρχῇ
2846 3749 2942 3803 τοῦ
2975 3748 3334 3820 κηρύγματος
3367 3750 3616 3818 γέγονεν.

2025 3842 2100 3895 Ού
2129 3842 2238 3912 γὰρ
2285 3838 2484 3907 ἔξωθεν
2529 3837 2898 3910 προσέϐαλλεν
2939 3839 2968 3890 6
3003 3837 3212 3908 χειμὼν
3250 3838 3434 3908 μόνον,
3483 3837 3620 3891 ἀλλά

2029 3929 2125 3983 καὶ
2175 3931 2224 3981 οἰ
2273 3927 2421 3981 ἔνδον
2464 3926 2728 3990 πολλάκις
2767 3926 2906 3995 πρὸς
2958 3926 3229 3996 ἀλλήλους
3268 3925 3616 3992 ἐστασίαζον.

2029 4018 2126 4080 Τίς
2150 4015 2310 4069 τοῦτό
2337 4033 2500 4086 φησιν
2523 4033 2538 4081 ;
2569 4015 2741 4079 Αὐτὸς
2769 4016 2798 4067 6
2829 4015 3040 4080 Παῦλος
3068 4016 3318 4087 γράφων,
3355 4005 3622 4080 Ἕξωθεν

2023 4103 2232 4175 μάχαι,
2278 4105 2507 4158 ἔσωθεν
2547 4103 2736 4172 φόϐοι.
2779 4101 2891 4155 Καὶ
2919 4101 3000 4156 ὅτι
3041 4102 3196 4155 ταῦτ’
3225 4101 3373 4155 ἐστιν
3410 4101 3621 4173 ἀληθῆ,

2030 4192 2128 4246 καὶ
2153 4189 2508 4254 διδασκάλους
2546 4191 2642 4242 καὶ
2678 4187 2930 4260 μαθητάς
2966 4189 3138 4260 μυρία
3185 4189 3624 4260 περιεστοίχιστο

2031 4279 2198 4344 κακά,
2233 4281 2329 4332 καὶ
2357 4278 2568 4339 πάντας
2602 4278 2630 4329 6
2659 4275 2893 4346 πόλεμος
2922 4276 3241 4347 ἐπενέμετο,
3267 4277 3435 4330 αὑτοῦ
3465 4279 3624 4332 πάλιν

2030 4367 2127 4420 τοῦ
2157 4365 2374 4421 Παύλου
2402 4365 2503 4434 τήν
2537 4363 2842 4436 μαρτυρίαν
2871 4364 3126 4436 παράγω.
3178 4363 3368 4434 Ὑμεῖς
3396 4364 3454 4417 δὲ
3486 4381 3622 4435 μνη-

2037 4452 2292 4520 μονεύετε
2326 4452 2434 4504 τῶν
2480 4451 2790 4519 λεγομένων
2823 4449 3106 4516 ἁπάντων,
3146 4452 3214 4504 ἵν’
3243 4452 3373 4506 δταν
3410 4451 3623 4523 μάθητε

2031 4542 2159 4603 τοὺς
2191 4539 2494 4603 κινδύνους,
2527 4539 2656 4599 τοὺς
2701 4539 3075 4608 πειρασμοὺς,
3116 4537 3185 4590 τὰ
3235 4539 3409 4610 μυρία
3441 4539 3586 4593 κακά
3607 4579 3623 4604 ,

2034 4630 2178 4698 άπερ
2224 4628 2274 4679 οἰ
2316 4627 2437 4679 τότε
2474 4624 2828 4689 πιστεύοντες
2879 4625 3175 4696 ὑπέμενον,
3215 4625 3481 4696 μειζόνως
3529 4627 3625 4680 καὶ

2030 4716 2121 4770 διά
2147 4714 2306 4769 τοῦτο
2345 4714 2706 4786 εύχαριστῆτε
2739 4711 2815 4783 τῷ
2862 4713 3013 4784 Θεῷ,
3065 4713 3141 4785 τῷ
3175 4713 3400 4769 λύσαντι
3446 4706 3625 4770 πάντα

2033 4807 2220 4858 έκεῖνα
2261 4801 2329 4856 τὰ
2373 4801 2557 4866 δεινὰ,
2590 4802 2685 4854 καὶ
2731 4801 2956 4872 εἰρήνην
2985 4801 3336 4870 εἰσαγαγόντι
3381 4802 3624 4872 βαθεῖαν,

2034 4893 2129 4946 καὶ
2153 4891 2245 4945 τὸν
2275 4890 2512 4960 πόλεμον
2534 4887 2896 4952 ἀπελάσαντι,
2919 4888 3015 4942 καὶ
3045 4888 3249 4960 πολλὴν
3276 4889 3624 4944 κατασκευάς

2036 4997 2190 5035 σαντι
2217 4979 2316 5050 τὴν
2336 4978 2580 5048 γαλήνην
2604 4993 2616 5005 ·
2646 4976 2734 5028 ῖνα
2760 4976 2952 5046 μηδεὶς
2977 4977 3117 5047 μήτε
3142 4976 3405 5048 ῥᾳθυμῶν
3429 4978 3624 5052 νομίζῃ

2033 5069 2350 5138 διαφεύγειν
2394 5065 2494 5138 τήν
2528 5063 2782 5132 κόλασιν,
2829 5063 2968 5137 μήτε
3001 5064 3286 5137 κατορθῶν
3325 5066 3625 5138 ἐπαίρηται

2034 5177 2151 5212 νυν.

2103 5243 2165 5298 δ’.
2208 5243 2284 5296 Οὐ
2321 5243 2429 5312 γάρ
2468 5242 2616 5294 ἐστιν
2662 5243 2780 5294 ἴσον
2824 5239 3168 5310 πανταχόθεν
3216 5239 3628 5310 πολεμούμενον

2034 5333 2129 5384 καὶ
2160 5329 2376 5402 μυρίοις
2401 5329 2726 5400 περιαντλού
2735 5345 2894 5398 μενον
2919 5329 3110 5389 κακοῖς
3125 5327 3419 5396 δυνηθῆναι
3437 5327 3627 5395 στῆναι

2033 5419 2322 5488 γενναίως,
2356 5417 2450 5470 καὶ
2481 5415 2734 5486 καθάπερ
2763 5418 2819 5467 ἐν
2857 5415 3034 5484 λιμένι
3064 5415 3374 5483 καθήμενον
3407 5412 3504 5466 νῦν
3534 5416 3628 5466 καὶ

2037 5509 2220 5576 πάσης
2273 5502 2620 5558 ἀπολαύοντα
2655 5502 2841 5565 ἀδείας
2888 5503 2990 5572 τὴν
3029 5501 3200 5572 αὐτὴν
3253 5499 3627 5566 ἐπιδείξασθαι

2039 5591 2374 5667 προθυμίαν.
2435 5591 2665 5644 Ἐκεῖνοι
2713 5591 2812 5661 μὲν
2857 5589 2968 5661 γὰρ
3009 5589 3118 5644 τῶν
3171 5589 3229 5641 ἐν
3274 5587 3503 5654 πελάγει
3540 5603 3628 5640 σα-

2037 5683 2305 5738 λευόντων
2334 5679 2454 5733 τότε
2477 5679 2573 5731 καὶ
2600 5676 3079 5746 κλυδωνιζομένων
3099 5675 3255 5729 οὐδὲν
3282 5675 3504 5743 ἄμεινον
3549 5673 3623 5725 διο

2047 5776 2256 5829 ἔκειντο
2274 5791 2286 5803 ·
2310 5773 2467 5841 ἡμεῖς
2488 5771 2542 5825 δὲ
2563 5773 2668 5826 τῶν
2687 5773 2743 5823 ἐν
2765 5766 2946 5837 λιμένι
2970 5767 3293 5836 καθημένων
3309 5763 3626 5829 ἀδεέστερον
