4088 6408
529 288 638 348 993

527 396 786 469 διάγομεν
807 399 1043 473 νῦν.’·Μὴ
1071 402 1249 457 τοίνυν
1283 406 1420 475 μήτε
1452 405 1546 460 ἐπὶ
1569 409 1682 472 τοῖς
1713 408 2100 481 κατορθώμασι

530 487 673 558 μέγα
705 490 1012 561 φρονῶμεν,
1045 483 1184 564 μήτε
1218 495 1310 548 ἐπὶ
1346 499 1458 560 τοῖς
1491 497 1861 568 συμπίπτουσι
1909 517 2103 572 πειρα-

529 579 688 646 σμοῖς
717 579 1176 651 καταπίπτωμεν,
1212 583 1348 653 μήτε
1378 585 1454 647 είς
1487 585 1758 657 ρᾳθυμίαν
1801 590 1866 658 τῇ
1897 589 1995 658 τῆς
2023 589 2104 640 εί-

529 667 701 737 ρήνης
743 667 897 739 ἀδείᾳ
940 669 1340 743 ἀποχρώμεθα·
1387 675 1524 730 ἀλλά
1575 677 1834 747 νήφωμεν
1879 679 1970 731 ἀεὶ
2009 679 2104 733 καὶ

527 756 908 827 γρηγορῶμεν.
931 760 1090 815 Ἐστι
1106 765 1215 834 γὰρ
1236 766 1328 817 καὶ
1349 767 1482 836 ἡμῖν
1515 767 1656 839 πάλη
1687 769 1827 840 πρὸς
1853 770 1953 834 τὰς
1985 774 2106 825 ἐπι-

527 843 727 914 θυμίας
755 847 853 918 τῆς
877 848 1116 916 φύσεως.
1152 851 1265 904 Οὐκ
1302 855 1690 910 ἐπανίστανται
1728 858 1822 911 νῦν
1851 861 1984 929 ἡμῖν
2009 860 2104 914 άν-

525 933 756 1005 θρωποι,
781 938 896 992 ἀλλ’
920 941 1308 997 ἐπανίστανται
1344 947 1401 997 αί
1431 946 1530 1016 τῆς
1560 949 1762 1018 σαρκὸς
1790 950 1972 1020 ήδοναί
1995 965 2011 983 ο
2043 951 2105 1003 οὐ

524 1024 677 1098 [εδει]
709 1028 1002 1098 πολεμοῦσι
1049 1031 1299 1103 τύραννοι
1331 1035 1424 1088 καὶ
1457 1035 1723 1105 βασιλεῖς,
1752 1039 1888 1092 ἀλλὰ
1946 1041 2104 1094 πολε.

525 1119 619 1185 μετ
636 1116 828 1187 θυμὸς,
846 1119 1147 1187 κενοδοξίας
1167 1122 1325 1194 ἔρως,
1348 1125 1558 1194 φθόνος,
1588 1127 1901 1196 βασκανίαι,
1927 1130 2021 1182 καὶ
2034 1129 2101 1183 τὰ

525 1200 697 1271 μυρία
724 1204 823 1274 τῆς
840 1202 1019 1274 ψυχῆς
1040 1205 1210 1276 πάθη.
1249 1207 1403 1260 Ἐπεὶ
1423 1205 1517 1262 οὖν
1535 1210 1759 1264 ἐκείνων
1776 1212 1884 1264 τῶν
1908 1229 2102 1282 πειρα-

525 1291 677 1361 σμῶν
705 1289 1128 1366 ἀπηλλάγμεθα,
1159 1299 1365 1354 τούτων
1397 1302 1837 1374 περιγενώμεθα.
1872 1305 1970 1358 Διὰ
1991 1305 2101 1377 γάρ

520 1379 678 1433 τοῦτο
692 1382 784 1435 ἀνέ
793 1401 973 1455 μνησα
989 1387 1134 1457 ὑμᾶς
1145 1388 1255 1442 τῶν
1273 1391 1483 1462 καιρῶν
1498 1393 1723 1447 ἐκείνων
1735 1394 1802 1448 τὰ
1815 1395 2049 1464 προσοχθ
2059 1395 2102 1446 ί-

521 1485 725 1538 σματα,
761 1472 847 1526 ἵνα
877 1475 972 1528 καὶ
998 1477 1026 1530 6
1071 1478 1130 1529 ἐν
1178 1478 1357 1549 θλίψει
1391 1480 1486 1535 νῦν
1519 1481 1616 1546 ὢν,
1660 1483 1854 1555 ίκανὴν
1888 1484 2100 1539 ἐκεῖθεν

517 1557 772 1633 λαμϐάνῃ
800 1566 1164 1638 παράκλησιν,
1184 1571 1277 1622 καὶ
1299 1571 1328 1622 6
1353 1571 1554 1643 πολλῆς
1578 1573 1867 1629 ἀπολαύων
1890 1575 2095 1640 ἀδείας.

515 1649 638 1703 ἀντὶ
690 1653 790 1722 τῆς
847 1655 1102 1727 ἀτεχνίας
1142 1659 1251 1712 τῶν
1305 1661 1569 1716 κινδύνων
1613 1665 1842 1719 ἐκείνων
1895 1667 2098 1740 πολλὴν

514 1741 710 1816 suae“
735 1743 1044 1818 προθυμίαν
1072 1752 1152 1813 είς
1179 1751 1276 1822 τὴν
1303 1752 1411 1808 τῶν
1438 1755 1657 1809 ἀτόπων
1679 1757 1959 1828 λογισμῶν
1989 1760 2095 1830 μάο

515 1847 640 1901 χην.
676 1831 772 1896 Ek
808 1835 918 1906 γὰρ
956 1839 1230 1910 ἡμετέραν
1271 1843 1554 1898 νουθεσίαν
1606 1846 1701 1900 καὶ
1748 1848 2096 1919 παράκλησιν

516 1921 610 1974 καὶ
645 1922 922 1996 ὑπομονὴν
954 1927 1135 1983 πάντα
1178 1932 1367 1987 ἐκεῖνα
1396 1935 1698 2004 ἐγράφετο·
1746 1937 1892 2010 ἅπερ
1937 1941 2098 2009 ἀναγ-

512 2014 668 2066 καῖον
679 2012 774 2069 νῦν
789 2017 926 2088 πρὸς
937 2018 1082 2090 ὑμᾶς
1094 2023 1289 2087 εἰπεῖν,
1315 2026 1410 2078 καὶ
1437 2027 1646 2093 διδάξαι
1661 2029 1722 2082 τὺ
1746 2030 1976 2098 μέγεθος
1989 2033 2097 2087 τῶν

511 2103 636 2157 τότε
668 2108 794 2172 τοὺς
829 2112 1057 2174 πιστοὺς
1086 2117 1527 2186 περιεστηκότων
1553 2118 1744 2172 δεινῶν
1765 2161 1779 2185 ,
1811 2122 1934 2192 οὐχὶ
1971 2124 2098 2188 τοὺς

511 2194 869 2263 δ.δασκάλους
917 2199 1112 2270 μόνον,
1144 2203 1282 2258 ἀλλά
1315 2206 1408 2259 καὶ
1435 2207 1564 2270 τοὺς
1595 2208 1866 2280 μαθητάς.
1902 2213 2097 2265 ΙἈκου-

515 2300 606 2337 σον
659 2285 789 2354 γοῦν
838 2287 893 2345 τί
943 2307 1126 2358 φησιν,
1158 2295 1188 2345 6
1233 2295 1446 2359 Παῦλος
1489 2299 1717 2367 γράφων
1789 2300 2089 2372 Ἑϐραίοις·

525 2377 1073 2449 Ἀναμιμνήσκεσθε
1119 2385 1225 2452 τὰς
1263 2386 1555 2456 προτέρας
1590 2389 1856 2459 ἡμέρας,
1891 2393 1962 2447 ἐν
1996 2391 2094 2460 αἶς

509 2470 908 2551 φωτισθέντες
939 2477 1185 2544 πολλὴν
1218 2479 1483 2545 ἄθλησιν
1518 2484 1875 2552 ὑπεμείνατε
1899 2488 2093 2554 παθη-
2111 2482 2124 2488 “

508 2558 729 2626 μάτων.
781 2562 914 2615 Οὐδὲ
944 2565 1053 2638 γὰρ
1090 2567 1295 2638 βραχὺς
1319 2569 1590 2640 διεγένετο
1617 2573 1806 2644 χρόνος
1826 2613 1842 2640 ,
1873 2574 1992 2628 ἀλλ’
2034 2577 2094 2629 ἐν

509 2650 695 2714 αὐτοῖς
735 2653 899 2718 εὐθὺς
930 2658 1044 2721 τοῖς
1093 2660 1407 2730 προοιμίοις
1435 2663 1538 2734 τῆς
1587 2666 1948 2735 κατηχήσεως
1999 2668 2096 2721 καὶ

509 2739 610 2810 τῆς
638 2740 989 2811 διδασκαλίας
1022 2749 1398 2818 ἐπανέστησαν
1428 2752 1615 2817 αὐτοῖς
1644 2757 1962 2826 πειρασμοὶ,
1998 2758 2095 2810 καὶ

513 2829 904 2901 βαπτισθέντες
962 2838 1165 2903 εὐθέως
1216 2841 1590 2898 ἐκινδύνευον·
1653 2847 1706 2899 τί
1766 2847 2090 2918 πάσχοντες,

511 2921 677 2978 ἄκουε
697 2942 711 2955 ·
752 2928 934 2983 Τοῦτο
969 2928 1090 2998 μὲν
1106 2971 1121 2996 ,
1156 2932 1519 3004 ὀνειδισμοῖς
1552 2935 1652 2989 καί
1679 2939 1928 3006 θλίψεσι
1961 2943 2093 2995 θεα-

509 3012 853 3086 τριζόμενοι.
907 3019 1116 3084 Πάντες
1151 3022 1260 3093 γὰρ
1293 3024 1584 3091 ἐνέπτυον,
1636 3026 1893 3099 ὕϐριζον,
1929 3048 2094 3085 κατε-

510 3105 719 3171 γέλων,
759 3108 1085 3178 ἐχλεύαζον,
1123 3115 1341 3185 μωροὺς
1373 3116 1637 3184 ἐκάλουν,
1684 3120 1976 3191 ἀνοήτους,
2011 3125 2092 3178 ὅτι

509 3193 610 3265 τῆς
658 3198 915 3269 πατρῴας
950 3202 1287 3269 ἀποστάντες
1320 3207 1597 3272 πολιτείας
1617 3248 1632 3274 ,
1684 3211 1874 3265 καινὸν
1917 3212 2094 3284 δόγμα

512 3291 888 3357 κατεδέξαντο.
937 3295 1012 3348 Οὐ
1066 3299 1262 3368 μικρὸν
1309 3299 1366 3353 δὲ
1393 3300 1552 3354 τοῦτο
1586 3301 1724 3373 πρὸς
1754 3303 1815 3356 τὸ
1839 3321 2093 3374 παρασα-

511 3381 702 3436 λεῦσαι
749 3384 958 3457 ψυχὴν,
1005 3387 1100 3441 ἐὰν
1147 3389 1222 3460 μὴ
1266 3389 1612 3463 ἐρῤιζωμένη
1647 3395 1789 3448 κατά
1832 3394 2091 3468 βάθουςή

511 3473 697 3538 πίστις
860 3477 968 3530 Καὶ
997 3478 1108 3550 γὰρ
1153 3480 1306 3534 οὐδὲν
1355 3481 1501 3537 οὕτω
1551 3483 1739 3538 δάκνει
1782 3486 1981 3558 ψυχὴν,
2017 3491 2094 3554 ὡς

508 3561 739 3627 ὄνειδος·
773 3565 928 3620 οὐδὲν
975 3565 1120 3620 οὕτω
1160 3569 1322 3638 τήκει
1367 3569 1545 3641 ψυχὴν
1577 3573 1673 3626 καὶ
1705 3575 1977 3642 διάνοιαν,
2017 3579 2094 3643 ὡς

511 3651 824 3724 σκώμματα
874 3657 972 3711 καὶ
1002 3655 1292 3728 λοιδορίαι·
1326 3659 1512 3714 πολλοὶ
1558 3663 1668 3734 γὰρ
1701 3666 1960 3731 πολλάκις
1993 3669 2091 3723 ἄν·
2119 3682 2128 3690 ’

509 3743 636 3815 δρες
683 3745 1156 3819 ὑπεσκελίσθησαν
1183 3749 1586 3821 ὀνειδιζόμενοι.
1623 3754 1810 3815 Ταῦτα
1846 3758 1903 3809 δέ
1950 3759 2095 3828 λέγω

510 3833 644 3900 νῦν,
691 3835 778 3890 ἵνα
823 3839 882 3890 ἐν
923 3839 1208 3909 παρρησίᾳ.
1255 3840 1355 3910 τὴν
1389 3841 1573 3894 πίστιν
1612 3842 1845 3914 ἔχωμεν.
1895 3849 1958 3901 Εί
1987 3850 2095 3922 γὰρ

510 3924 670 3992 τότε,
719 3926 809 3980 ὅτε
861 3928 1009 3982 πᾶσα
1054 3930 1237 3993 αὐτοῖς
1286 3929 1562 3995 ὠνείδιζεν
1612 3935 1937 4006 οἰκουμένη,
1995 3941 2095 4012 οὺχ

512 4015 1016 4088 ὑπεσκελίσθησαν,
1058 4019 1236 4090 πολλῷ
1281 4021 1482 4092 μᾶλλον
1513 4021 1608 4076 νῦν
1637 4024 1695 4076 ἐν
1730 4028 2010 4102 παρρησίᾳ
2034 4035 2096 4086 τὸ

513 4107 778 4177 κήρυγμα
803 4109 903 4180 τῆς
944 4109 1201 4180 ἀληθείας
1234 4110 1379 4181 ἐχειν
1409 4113 1520 4177 δεῖ,
1547 4115 1638 4168 ὅτε
1671 4119 1823 4172 πᾶσα
1853 4122 1885 4192 ή
1914 4124 2096 4177 οἰκου-

515 4197 655 4267 μένη
701 4197 836 4269 πρὸς
884 4199 1030 4269 ἡμᾶς
1058 4200 1410 4269 μετετάξατο.
1432 4201 1554 4256 Ὀτι
1584 4203 1639 4256 δὲ
1668 4206 1727 4258 οὐ
1769 4209 1926 4279 μέχρι
1963 4229 2094 4264 κατ..

512 4288 744 4360 ηγορίας
778 4289 873 4342 καὶ
909 4289 1236 4360 ὀνειδισμῶν
1279 4293 1375 4345 καὶ
1408 4291 1681 4365 λοιδορίας
1713 4297 1931 4352 ἵσταντο
1960 4304 2097 4355 ἐκεῖ·

515 4397 594 4432 νοι
616 4419 631 4444 ,
671 4379 810 4432 ἀλλὰ
838 4381 932 4434 καὶ
965 4381 1182 4451 ἔχαιρον
1214 4384 1264 4436 οί
1292 4383 1466 4438 ταῦτα
1492 4387 1796 4457 πάσχοντες
1818 4431 1830 4455 ,
1863 4394 2096 4450 ἄκουσον

514 4469 624 4523 τῶν
650 4469 799 4540 ἑξῆς.
837 4471 949 4525 Καὶ
978 4472 1088 4543 γὰρ
1117 4473 1230 4542 τὴν
1253 4475 1534 4544 ἁρπαγὴν
1559 4480 1679 4533 τῶν
1701 4483 2097 4553 ὑπαρχόντων

515 4558 712 4628 ὑμῶν,
751 4553 922 4632 φὴσὶ,
950 4562 1103 4630 μετὰ
1140 4563 1331 4633 χαρᾶς
1388 4568 1860 4634 προσεδέξασθε.
1931 4577 2094 4649 Ὁρᾷς

512 4651 596 4704 ὃτι
623 4651 718 4704 καὶ
743 4653 799 4705 αῖ
829 4652 1009 4706 οὐσίαι
1038 4653 1222 4708 αὐτῶν
1255 4655 1583 4727 ἐδημεύοντο
1612 4661 1674 4713 τὸ
1703 4664 1959 4729 παλαιὸν,
2003 4671 2094 4723 καὶ

518 4742 684 4794 πᾶσιν
739 4741 820 4805 είς
873 4744 1133 4815 ἁρπαγὴν
1193 4745 1512 4815 προέκειντο
1573 4753 1687 4813 τοῖς
1750 4752 2094 4826 βουλομένοις

513 4832 870 4977 ἐξηρεάζειν.
916 4835 1026 4888 Καὶ
1068 4834 1242 4889 ταῦτα
1295 4837 1396 4907 μὲν
1451 4839 1724 4911 Ἑϐραίοις
1765 4845 2094 4907 ἐπιστέλλων

515 4924 542 4977 ἐ
577 4941 691 4977 εγε.

515 4924 691 4994 ἔλεγε.

587 5021 650 5070 ε’.
665 5048 669 5056 -
683 5015 1135 5071 Θεσσαλονικεῦσι
1155 5017 1212 5071 δὲ
1228 5017 1390 5092 ἕτερα
1405 5021 1632 5076 τοιαῦτα
1650 5031 1920 5098 μαρτυρεῖ
1936 5030 2094 5084 πάλιν

517 5104 693 5173 λέγων
713 5123 726 5136 ·
773 5107 968 5176 Ὑμεῖς
994 5111 1106 5178 γὰρ
1123 5112 1393 5180 μιμηταὶ,
1424 5114 1609 5184 φησὶν,
1645 5115 1964 5189 ἐγενήθητε
1989 5123 2093 5176 τοῦ

521 5197 740 5265 Κυρίου
769 5199 870 5252 καί
900 5199 1068 5267 ἡμῶν
1087 5243 1101 5266 ,
1141 5202 1456 5272 δεξάμενοι
1488 5205 1594 5259 τὸν
1619 5209 1806 5278 λόγον
1852 5211 1923 5266 ἐν
1963 5215 2092 5269 θλί-

519 5292 621 5357 ψει
649 5293 806 5344 πολλ
818 5291 868 5358 ἦ.
909 5293 1049 5363 Ὅρα
1076 5295 1170 5346 καὶ
1212 5295 1437 5359 τούτους
1470 5297 1850 5368 θλιϐομένους,
1879 5304 1972 5357 καὶ
1997 5307 2094 5376 οὐχ

521 5383 737 5471 ἀτελῶς,
775 5384 889 5437 ἀλλ’
936 5386 995 5439 ἐν
1028 5385 1204 5457 θλίψει
1253 5389 1444 5460 πολλῇ.
1490 5392 1625 5444 Μετ’
1658 5393 1960 5461 ἐπιτάσεως
1987 5399 2092 5471 γὰρ

518 5465 586 5540 ἦν
612 5484 636 5512 α
664 5475 692 5524 6
727 5475 1027 5543 πειρασμὸς
1047 5517 1061 5541 ,
1098 5477 1354 5549 διηνεκὴς
1385 5482 1412 5532 6
1441 5481 1713 5547 κίνδυνος,
1747 5485 1868 5538 οὐδὲ
1905 5465 2094 5558 μικρὸν

519 5562 856 5617 ἀναπνεῦσαι
883 5568 1139 5636 παρέχων
1168 5570 1280 5629 τοῖς
1313 5568 1734 5640 ἀγωνιζομένοις
1760 5574 1818 5627 τό
1831 5591 1900 5632 τε.
1957 5577 2094 5635 Ἀλλ’

582 5699 606 5728 ⁸
637 5698 766 5759 11m,
789 5701 874 5763 γὰρ
900 5701 971 5762 ἦν,
999 5702 1177 5752 desunt
1200 5705 1245 5750 in
1274 5702 1461 5753 duobus
1484 5718 1598 5754 mss.

1226 305 1283 364 Β.
1323 307 1610 366 ιοΑΝΝιε
1647 308 2097 368 CHRYSOSTOM

2198 311 2474 368 mClIIEP
2535 310 3083 370 CONSTANTINOP.

3677 306 3788 363 ΞΜ

2209 435 2358 506 ὅμως
2390 437 2484 490 καὶ
2515 435 2688 491 ταῦτα
2739 434 3038 506 πάσχοντες
3078 433 3179 487 οὐκ
3221 432 3624 505 ἐδυσχέραινον.
3662 438 3788 491 οὖδέ

2206 526 2649 592 ἀπεδυσπέτουν,
2718 525 2852 579 ἀλλὰ
2911 523 3111 594 μᾶλλον
3162 525 3257 577 καὶ
3313 523 3550 594 ἱχαιρον.
3612 525 3788 580 Πόθεν

2205 617 2363 671 τοῦτο
2391 618 2583 688 δῆλον;
2629 617 2749 671 Ἀπ’
2779 615 2956 670 αὐτῶν
2987 615 3094 668 τῶν
3123 614 3216 669 τοῦ
3245 615 3458 667 Παύλου
3483 615 3750 685 ῥημάτων
3768 631 3782 648 ·

2206 706 2378 761 εἰπὼν
2420 705 2578 779 γὰρ,“
2610 708 2707 759 Ἐν
2747 708 2948 777 θλίψει
2976 703 3183 772 πολλῇ
3201 746 3215 770 ,
3265 704 3594 776 προσέθηκε,
3622 704 3787 759 Μετὰ

2205 795 2395 867 χαρᾶς
2455 798 2804 867 Πνεύματος
2849 798 3051 867 ἁγίου·
3096 795 3271 867 δηλῶν
3315 797 3394 849 ὅτι
3443 798 3490 848 οί
3537 796 3637 866 μιν
3667 811 3788 849 πει·

2209 887 2412 959 ρασμοὶ
2429 887 2529 960 τὴν
2555 887 2733 957 θλίψιν
2757 887 2992 953 ἐποίουν,
3020 889 3052 958 ἡ
3077 888 3134 940 δὲ
3157 888 3265 941 τῶν
3290 888 3617 958 πειρασμῶν
3645 887 3789 940 ὑπό-

2205 977 2355 1041 θεσις
2381 977 2480 1048 τὴν
2505 978 2680 1050 χαρὰν
2708 978 2893 1040 αὐτοῖς
2923 977 3154 1031 ἔτικτεν.
3188 979 3385 1048 Ἤρκει
3421 982 3528 1048 γὰρ
3557 980 3638 1041 εἰς
3672 995 3787 1031 πα-

2209 1068 2479 1140 ραμυθίαν
2507 1069 2569 1122 τὸ
2594 1069 2886 1135 συνειδέναι
2917 1069 3129 1131 ἐαυτοῖς
3149 1107 3164 1128 .
3211 1070 3293 1121 ὅτι
3345 1068 3518 1122 ταῦτα
3561 1068 3651 1121 διά
3689 1068 3786 1121 τὸν

2204 1161 2616 1235 Χριστὸν
2665 1162 2922 1232 ἔπασχον.
2965 1161 3109 1214 Διότι
3152 1161 3294 1231 οὐχὶ·
3333 1160 3473 1215 οὕτω
3517 1159 3787 1230 θαυμάζω

2201 1255 2328 1318 τοὺς
2355 1254 2510 1318 τότε,
2550 1254 2632 1307 ὅτι
2669 1253 2968 1317 ἐθλίϐοντο,
3009 1251 3086 1315 ὡς
3133 1250 3429 1322 θαυμάζω,
3463 1253 3546 1304 ὅτι
3601 1251 3786 1306 θλιϐό-

2206 1362 2357 1417 μενοι
2383 1346 2471 1400 διά
2501 1347 2590 1399 τὸν
2617 1344 2750 1399 Θεὸν
2789 1344 3025 1416 ἔχαιρον.
3054 1343 3224 1398 Τοῦτο
3249 1343 3360 1413 γὰρ
3390 1343 3649 1412 γενναίας
3687 1342 3786 1395 καὶ

2203 1435 2452 1505 φιλοθέου
2482 1435 2694 1506 ψυχῆς,
2727 1434 2790 1488 τὸ
2827 1433 3104 1487 θλίϐεσθαι
3152 1434 3248 1488 καὶ
3285 1434 3471 1495 κακῶς
3505 1433 3742 1501 πάσχειν
3766 1447 3781 1462 ·

2199 1526 2261 1580 τὸ
2288 1527 2344 1580 δὲ
2371 1527 2634 1595 γενναίως
2661 1527 2850 1598 φέρειν
2873 1527 2963 1581 τὸν
2988 1525 3310 1597 πειρασμὸν,
3340 1529 3434 1579 καὶ
3460 1523 3539 1595 τῷ
3571 1539 3791 1592 συγχω-

2201 1618 2384 1689 ροῦντι
2417 1618 2518 1682 τὰς
2545 1618 2753 1687 θλίψεις
2780 1618 3153 1688 εὐχαριστεῖν,
3187 1615 3347 1669 τοῦτο
3387 1615 3654 1685 μεγίστης
3689 1613 3784 1666 ἁν-

2197 1710 2383 1780 δρείας
2404 1750 2418 1773 ,
2449 1709 2609 1763 τοῦτο
2635 1708 3065 1780 διεγηγερμένης
3096 1706 3278 1778 ψυχῆς
3306 1705 3534 1759 καὶτῶν
3571 1704 3788 1774 ἀνθρω-

2201 1798 2372 1852 πίνων
2401 1798 2834 1871 ἀπηλλαγμένης
2861 1797 3138 1852 ἁπάντων.

2269 1912 2384 1966 οὐκ
2416 1910 2649 1965 ἐνταῦθα
2683 1911 2740 1965 δέ
2767 1913 2956 1981 μόνον,
2991 1909 3128 1965 ἀλλά
3168 1909 3260 1962 καὶ
3316 1907 3544 1980 ἐτέρωθι
3577 1904 3780 1977 δηλῶν,

2197 2005 2296 2057 ὅσα
2331 2002 2569 2073 ἔπασχον
2597 2003 2647 2056 οί
2677 2000 3026 2064 πιστεύοντες
3049 2001 3172 2054 τότε
3206 1999 3354 2053 κακά
3383 1997 3536 2069 παρά
3561 1996 3671 2050 τῶν
3702 1996 3784 2049 οί-

2198 2095 2364 2148 κείων
2390 2095 2483 2148 καὶ
2505 2092 2786 2162 συγγενῶν
2811 2093 2827 2161 (
2849 2090 3007 2145 τοῦτο
3027 2087 3225 2162 γὰρῆν
3249 2089 3310 2143 τὸ
3332 2085 3721 2158 χαλεπώτατον
3737 2083 3782 2154 ),

2197 2185 2398 2239 οὑτωσί
2423 2184 2540 2248 πώς
2571 2201 2735 2255 φησιν
2757 2201 2771 2215 ·
2816 2183 3014 2252 Ὑμεῖς
3035 2178 3402 2253 γὰρμιμηταί
3431 2177 3783 2246 ἐγενήθητε,

2197 2275 2478 2344 ἀδελφοὶ,
2513 2275 2636 2328 τῶν
2678 2272 3057 2341 Ἐκκλησιῶν
3100 2272 3206 2325 τοῦ
3236 2268 3384 2325 Θεοῦ
3423 2267 3543 2322 τῶν
3571 2265 3786 2321 οὐσῶν

2195 2363 2266 2417 ἐν
2293 2363 2369 2432 τῇ
2431 2363 2698 2429 Ἰουδαίᾳ.
2735 2361 2895 2416 Κατὰ
2940 2362 2992 2413 τί
3021 2359 3292 2430 μιμηταί;
3327 2359 3448 2410 Ὅτι
3475 2356 3574 2410 καί
3609 2354 3786 2425 ὑμεῖς

2195 2454 2268 2508 τὰ
2312 2456 2465 2508 αὐτὰ
2508 2451 2758 2508 ἐπάθετε
2802 2451 2922 2505 ἀπὸ
2970 2449 3090 2504 τῶν
3136 2448 3302 2502 ίδίων
3335 2443 3782 2517 συμφυλετῶν,

2195 2544 2391 2610 καθὼς
2434 2543 2536 2597 καί
2576 2542 2747 2597 αὐτοὶ
2795 2542 2916 2596 ὑπὸ
2956 2541 3075 2595 τῶν
3129 2540 3457 2596 Ἰουδαίων.
3511 2538 3645 2591 Ἰδοὺ
3685 2535 3786 2590 καὶ

2197 2635 2464 2705 πόλεμος,
2496 2632 2634 2687 ἀλλὰ
2656 2632 2748 2685 καὶ
2777 2632 3014 2702 πόλεμος
3046 2630 3339 2702 ἐμφύλιος,
3370 2629 3398 2681 ὃ
3430 2627 3604 2703 μείζω
3635 2627 3789 2680 ποιεῖ

2195 2726 2292 2798 τὴν
2314 2725 2527 2794 ὀδύνην.
2562 2725 2633 2778 El
2662 2723 2771 2792 γὰρ
2795 2722 3008 2791 ἐχθρὸς
3029 2719 3300 2775 ὠνείδισέ
3326 2736 3433 2789 με,
3463 2717 3786 2786 ὑπήνεγκα

2193 2816 2290 2883 ἂν,
2325 2815 2494 2886 φησί·
2525 2813 2608 2868 σὺ
2636 2813 2735 2878 δὲ,
2770 2813 3042 2882 ἄνθρωπε
3068 2814 3360 2880 ίσόψυχε,
3389 2808 3630 2879 ἡγεμών
3659 2823 3785 2877 μου

2194 2907 2294 2962 καί
2330 2905 2561 2977 γνωστέ
2594 2922 2747 2975 μου·
2779 2906 2915 2974 ὅπερ
2938 2902 3060 2957 τότε
3092 2902 3376 2957 συνέϐαινε
3408 2898 3780 2972 συμϐολικῶς.

2195 3001 2286 3054 Διὸ
2315 2999 2410 3053 καὶ
2440 2998 2643 3068 πολλῆς
2665 2995 2876 3050 ἐδέοντο
2902 2994 3003 3065 τῆς
3032 2992 3451 3064 παρακλήσεως.
3481 2992 3662 3061 Ὅπερ
3688 2987 3784 3044 οὖν

2195 3090 2290 3144 καὶ
2317 3088 2529 3152 Παῦλος
2558 3085 2823 3158 συνορῶν,
2845 3086 2940 3140 καὶ
2966 3085 3094 3148 τοὺς
3118 3084 3209 3138 ὑπ’
3236 3083 3385 3153 αὺτῷ
3412 3081 3781 3153 ταττομένους

2197 3181 2412 3252 βλέπων
2447 3180 2755 3250 κάμνοντας
2798 3177 2895 3231 καὶ
2930 3175 3243 3248 ίδροῦντας,
3277 3172 3677 3245 βαρυνομένους
3703 3172 3783 3243 τῷ

2199 3271 2417 3343 μεγέθει
2463 3270 2570 3323 τῶν
2601 3267 2896 3339 συμφορῶν
2943 3266 3036 3320 καὶ
3064 3268 3184 3331 ταῖς
3219 3264 3545 3334 ἐπαλλήλοις
3578 3263 3785 3318 ὀδυνω-

2201 3367 2398 3433 μένους
2426 3359 2695 3432 πληγαῖς,
2738 3358 3096 3429 πολυτρόπως
3139 3356 3320 3409 αὐτῶν
3358 3355 3667 3424 διανίστησι
3713 3351 3784 3405 τὰ

2196 3456 2549 3526 φρονήματα,
2599 3451 2694 3505 νῦν
2745 3450 2845 3521 μὲν
2873 3450 3081 3517 λέγων,
3132 3449 3320 3516 Εἵπερ
3343 3447 3578 3501 δίκαιον
3619 3444 3784 3514 παρὰ

2197 3546 2320 3611 Θεῷ
2367 3542 2814 3599 ἀνταποδοῦναι
2844 3540 2970 3606 τοῖς
3003 3540 3319 3594 θλίϐουσιν
3346 3535 3502 3607 ὑμᾶς
3529 3536 3747 3604 θλίψιν
3764 3571 3781 3598 ,

2193 3635 2292 3690 καί
2321 3633 2464 3704 ὑμῖν
2492 3632 2617 3698 τοῖς
2649 3629 3025 3700 θλιϐομένοις
3053 3628 3267 3682 ἄνεσιν
3297 3628 3427 3698 μεθ’
3456 3624 3654 3696 ἡμῶν·
3683 3622 3792 3678 νῦν

2191 3728 2249 3781 δέ
2287 3727 2461 3797 λέγων
2480 3766 2495 3791 ,
2543 3725 2596 3776 Ὀ
2625 3723 2841 3791 Κύριος
2868 3721 3067 3790 ἐγγὺς,
3083 3719 3282 3789 μηδὲν
3302 3715 3656 3788 μεριμνᾶτε·
3685 3716 3788 3771 καὶ

2195 3819 2386 3882 πάλιν,
2453 3815 2549 3883 Μὴ
2606 3813 2950 3880 ἀποϐάλητε
3002 3811 3118 3878 τὴν
3176 3809 3521 3886 παρρησίαν
3572 3804 3781 3876 ὑμῶν·

2195 3908 2508 3980 ὑπομονῆς
2560 3906 2669 3976 γὰρ
2713 3905 2884 3973 ἔχετε
2912 3902 3151 3971 χρείαν,
3179 3901 3282 3954 ἵνα
3317 3899 3384 3953 τὸ
3417 3898 3650 3968 θέλημα
3672 3897 3784 3952 τοῦ

2198 4002 2347 4057 Θεοῦ
2403 3998 2798 4066 ποιήσαντες,
2844 3993 3178 4061 κομίσησθε
3229 3989 3347 4058 τὴν
3391 3988 3780 4058 ἐπαγγελίαν.

2196 4088 2333 4146 Εἶτα
2377 4090 2513 4161 πρὸς
2548 4088 2648 4158 τὴν
2691 4083 2969 4154 ὑπομονὴν
3007 4081 3244 4149 ἀλείφων
3289 4079 3517 4144 αὐτοὺς,
3558 4078 3790 4146 ἐπάγει·

2200 4185 2330 4238 Ἔτι
2370 4180 2480 4250 γὰρ
2505 4176 2719 4249 μικρὸν
2759 4175 2940 4239 ὅσον,
2973 4174 3157 4237 ὅσον,
3197 4174 3230 4226 ό
3259 4171 3584 4240 ἐρχόμενος
3613 4168 3778 4236 ἣξει,

2197 4275 2293 4328 καὶ
2323 4277 2394 4328 οὐ
2428 4268 2673 4349 χρονιεῖ.
2705 4271 2816 4321 Καὶ
2841 4266 3093 4336 καθάπερ
3120 4264 3332 4318 παιδίον
3356 4261 3780 4332 κλαυθμυρίζον,

2196 4365 2581 4433 δυσχεραῖνον,
2610 4359 2706 4412 καὶ
2747 4358 2842 4426 τὴν
2888 4355 3100 4426 μητέρα
3151 4351 3451 4422 ἐπιζητοῦν
3493 4349 3786 4421 παρακαθ-

2197 4447 2396 4525 ήμενός
2425 4467 2506 4512 τις
2539 4446 2941 4517 παραμυθεῖται
2965 4444 3173 4513 λέγων,
3191 4447 3409 4500 ὃτιἜτι
3427 4440 3626 4511 μικρὸν
3657 4439 3786 4493 avd-

2200 4559 2401 4616 μεινον,
2445 4541 2539 4592 καὶ
2571 4538 2940 4604 ἀπαντήσεται
2967 4534 3184 4597 πάντως
3213 4533 3247 4604 ὴ
3277 4533 3489 4603 μήτηρ·
3525 4528 3785 4583 οὕτωκαὶ

2196 4633 2408 4696 Παῦλος
2451 4628 2593 4700 ὀρῶν
2637 4624 3197 4695 δυσανασχετοῦντας,
3242 4622 3629 4695 ὀδυρομένους,
3683 4620 3785 4691 τὴν

2196 4722 2499 4795 παρουσίαν
2540 4713 2931 4786 ἐπιζητοῦντας
2968 4712 3063 4766 τοῦ
3109 4713 3346 4784 Χριστοῦ
3378 4714 3501 4775 τοὺς
3531 4711 3657 4765 τότε
3691 4727 3785 4764 πι-

2195 4815 2483 4873 στεύοντας
2520 4808 2609 4862 διὰ
2653 4806 2750 4877 τὴν
2798 4806 3070 4877 ἀφόρητον
3095 4803 3202 4858 τῶν
3233 4802 3418 4856 κακῶν
3447 4802 3748 4870 ἐπαγωγὴν
3767 4843 3787 4867 ,

2193 4901 2688 4978 παραμυθούμενος
2717 4897 2902 4958 ἔλεγεν
2921 4911 2935 4925 ·
2974 4896 3094 4948 Ἔτι
3115 4893 3334 4963 μικρὸν
3379 4893 3565 4960 ὅσον,
3595 4892 3783 4961 ὅσον,

2193 5002 2225 5053 ὁ
2260 4997 2587 5066 ἐρχόμενος
2614 4990 2768 5058 ἣξει,
2806 4987 2903 5041 καί
2938 4988 3009 5041 οὐ
3047 4985 3291 5056 χρονιεῖ.

2269 5116 2343 5176 ς’.
2378 5109 2499 5161 Ὅτι
2537 5105 2636 5176 μέν
2670 5098 2762 5157 οὖν
2808 5102 2857 5154 οί
2895 5097 3459 5171 μαθηταὶ.ἐθλίϐοντο.
3483 5096 3587 5170 ,καὶ
3611 5097 3788 5167 μυρία

2194 5204 2430 5273 ἔπασχον
2459 5195 2606 5252 δεινὰ
2625 5237 2640 5261 ,
2690 5196 2784 5250 καὶ
2813 5193 3062 5263 καθάπερ
3085 5190 3144 5243 ἐν
3176 5189 3363 5260 μέσοις
3389 5186 3784 5257 ἐπειλημμένοι

2195 5295 2379 5354 λύκοις
2421 5291 2618 5362 ἄρνες,
2663 5286 2807 5340 οὕτω
2854 5281 3118 5338 πάντοθεν
3167 5281 3494 5351 ἠλαύνοντο,
3530 5279 3687 5348 δῆλον
3720 5280 3786 5330 ἐκ

2197 5387 2434 5440 τούτων·
2493 5383 2580 5433 ἵνα
2629 5380 2686 5433 δὲ
2745 5378 2920 5450 μάθῃς
2979 5377 3059 5430 ὅτι
3102 5375 3196 5429 καὶ
3245 5375 3294 5427 οἱ
3339 5372 3650 5426 διδάσκαλοι
3684 5373 3787 5424 οὐκ

2197 5479 2457 5533 ἐλάττονα
2505 5471 2740 5535 τούτων,
2773 5470 2911 5524 ἀλλά
2938 5470 3033 5522 καὶ
3060 5465 3239 5537 πολλῷ
3270 5464 3626 5536 χαλεπώτερα
3660 5465 3785 5516 τότε

2197 5573 2467 5642 ὑπέμενον
2512 5566 2654 5636 (ὅσῳ
2679 5563 2786 5635 γὰρ
2817 5563 3081 5637 μειζόνως
3125 5558 3359 5616 ἐλύπουν
3394 5561 3519 5621 τοὺς
3555 5558 3785 5629 ἐχθροὺς

2262 5720 2301 5760 δ’
2318 5718 2414 5769 Alii
2438 5714 2596 5774 διόπερ
2622 5713 2727 5775 οὐχ.
