4088 6432
351 390 459 449 295

352 504 649 561 incolumes
688 499 799 571 jam
840 512 943 568 per
991 497 1161 551 otium
1211 507 1271 549 se
1318 489 1589 546 reﬁciunt.
1614 486 1959 555 Quapropter

351 611 526 665 neque
566 602 786 664 propter
831 592 1025 644 bonam
1070 584 1284 641 vivendi
1309 582 1573 637 rationem
1604 576 1964 641 extollantur,

348 699 526 756 neque
552 681 940 738 tcntationibus
974 677 1248 739 cedamus,
1273 687 1448 745 neque
1474 671 1761 727 securitate
1786 667 1970 723 Eccle.

348 780 443 831 size
465 782 705 828 nostram
731 772 798 825 ad
831 769 1112 839 segnitiem
1137 766 1428 821 abutamur
1458 780 1472 817 :
1505 762 1636 833 quin
1670 760 1848 831 potius
1871 773 1963 813 so-

349 854 451 921 brii
487 864 657 919 simus
696 876 760 917 ac
793 861 1098 929 vigilemus.
1126 857 1258 911 Nam
1287 855 1443 911 nobis
1472 867 1689 923 quoque
1711 861 1794 907 est
1820 851 1963 904 lucta

346 955 609 1011 adversus
633 954 843 1008 innatas
866 947 1350 1019 concopiscentias.
1380 945 1497 1000 Non
1520 944 1805 1014 insurgunt
1827 956 1963 997 con-

350 1056 429 1099 tra
458 1060 559 1100 nos
587 1043 837 1097 homines
861 1083 876 1108 ,
904 1040 998 1096 sed
1028 1040 1315 1110 insurgunt
1343 1036 1588 1093 carnales
1616 1035 1960 1105 voluptates;

348 1150 458 1190 non
508 1137 822 1204 impugnant
862 1147 962 1187 nos
1003 1145 1159 1202 reges
1185 1138 1353 1197 atque
1374 1128 1584 1201 tyranni
1611 1167 1626 1193 ,
1659 1125 1753 1181 sed
1786 1126 1962 1193 impu-

346 1236 478 1300 gnat
518 1227 598 1280 ira
624 1266 639 1288 ,
676 1240 831 1279 vana:
868 1224 1054 1294 glorise
1098 1221 1329 1291 cupido,
1378 1219 1614 1285 invidia,
1655 1218 1961 1281 (enuntiatio,

347 1324 511 1387 atque
557 1315 612 1368 id
657 1329 830 1385 genus
869 1314 959 1368 alii
990 1311 1213 1367 affectus
1240 1311 1527 1365 innumeri.
1555 1308 1780 1376 Quando
1805 1308 1965 1379 igitur

349 1408 471 1463 illas
513 1406 841 1461 tentationes
879 1404 1150 1459 evasimus
1170 1444 1187 1471 ,
1231 1416 1302 1458 ne
1327 1402 1397 1457 ab
1423 1402 1506 1456 his
1526 1401 1805 1455 vincamur
1828 1414 1963 1469 ope-

350 1513 467 1553 ram
510 1496 724 1551 demus.
770 1494 896 1549 Ideo
935 1494 1079 1549 enim
1107 1493 1262 1549 vobis
1288 1493 1340 1546 in
1370 1492 1685 1547 memoriam
1713 1490 1963 1545 revocavi

349 1587 495 1641 illius
530 1586 793 1655 temporis
818 1585 1154 1639 calamitates
1179 1625 1193 1649 ,
1225 1592 1282 1638 ιιι
1309 1598 1452 1638 nunc
1476 1593 1531 1637 et
1554 1582 1643 1652 qui
1670 1579 1926 1650 afﬂigitur
1945 1620 1962 1645 ,

347 1676 598 1732 idoneam
643 1674 770 1731 inde
808 1684 1169 1745 consequatur
1205 1675 1666 1739 consolationem,
1708 1682 1765 1727 et
1791 1673 1881 1743 qui
1908 1672 1960 1726 in

347 1768 639 1823 securitate
691 1765 831 1836 agit,
873 1774 1060 1837 utpote
1108 1781 1214 1820 non
1252 1767 1580 1821 exercitatus
1623 1780 1751 1821 acre
1774 1775 1961 1821 contra

347 1856 610 1913 absurdos
637 1858 991 1927 cogitationes
1015 1867 1287 1913 certamen
1315 1860 1963 1931 suscipiat'.Propterno-

348 1959 517 2004 stram
556 1951 704 2005 enim
746 1949 1170 2006 admonitionem
1201 1959 1257 2005 et
1278 1952 1703 2006 consolationem
1732 1966 1795 2005 ac
1822 1950 1959 2006 tole-

348 2040 583 2096 rantiam
607 2040 699 2096 illa
726 2042 909 2096 omnia
936 2051 1061 2097 sunt
1080 2044 1283 2113 scripta
1314 2060 1327 2097 :
1355 2059 1476 2114 qua:
1499 2043 1716 2114 quidem
1740 2057 1963 2098 necesse

348 2132 615 2189 habemus
650 2149 793 2190 nunc
831 2134 976 2205 apud
1013 2150 1112 2190 vos
1149 2136 1367 2205 eloqui,
1410 2145 1467 2191 et
1507 2135 1704 2192 docere
1748 2136 1964 2206 quantis

346 2224 767 2282 adversitatibus
794 2226 912 2296 ejus
939 2228 1197 2297 wmporis
1216 2228 1404 2285 ﬁdeles
1418 2227 1623 2282 obsessi
1638 2226 1834 2282 fuerint
1854 2241 1961 2280 non

344 2316 599 2372 doctores
642 2317 817 2373 solum
843 2357 859 2383 ,
903 2320 1253 2374 verumetiam
1312 2317 1582 2389 discipuli.
1630 2318 1769 2374 Audi
1804 2319 1963 2387 igitur

345 2409 477 2479 quid
523 2409 670 2465 dicat
716 2410 912 2466 Paulus
952 2411 1021 2466 ad
1064 2411 1319 2467 llebrteos
1365 2412 1611 2467 scribens
1649 2430 1663 2466 :
1710 2411 1963 2465 Memores

344 2510 509 2556 estote
529 2501 763 2571 priorum
783 2503 1002 2569 dierum,
1031 2503 1085 2557 in
1113 2502 1294 2573 quibus
1320 2503 1597 2557 illuminati
1622 2503 1833 2557 multum
1853 2520 1964 2557 cer-

346 2601 521 2647 tamen
542 2594 883 2664 afﬂictionum
899 2594 1210 2648 sustinuistis
1229 2592 1412 2664 (Hebr.
1437 2593 1523 2649 10.
1546 2594 1662 2661 52).
1688 2594 1802 2649 Non
1819 2595 1962 2650 enim

348 2699 446 2754 per
466 2684 635 2741 breve
666 2694 880 2756 tempus
898 2726 915 2750 ,
946 2685 1044 2741 sed
1070 2701 1192 2741 mox
1223 2685 1292 2741 ab
1314 2688 1431 2758 ipso
1455 2688 1678 2743 exordio
1705 2688 1965 2758 pmdica-

349 2777 516 2833 tionis
557 2785 616 2833 et
653 2778 917 2835 doctrinae
954 2778 1360 2836 insurrexerunt
1384 2781 1646 2837 adversus
1667 2796 1762 2838 eos
1785 2790 1965 2837 tenta—

350 2866 561 2933 tiones,
604 2876 660 2924 et
703 2884 828 2923 mox
874 2884 906 2924 a
946 2878 1201 2941 suscepto
1236 2870 1504 2940 baptismo
1534 2874 1787 2941 periculis
1810 2882 1967 2930 erant

350 2956 579 3014 obnoxii
611 2974 625 3013 :
653 2967 710 3012 at
730 2959 1004 3029 quomodo
1028 2960 1154 3015 audi
1182 2978 1195 3014 :
1225 2960 1528 3031 Opprobriis
1556 2973 1603 3017 et
1623 2965 1967 3019 tribulationi-

348 3048 441 3104 bus
466 3050 813 3118 spectaculum
832 3051 955 3119 facti
986 3049 1093 3119 (Ib.
1122 3066 1170 3106 ν.
1200 3052 1316 3124 55).
1338 3052 1541 3107 Omnes
1567 3055 1711 3108 enim
1735 3055 1967 3125 despue.

351 3138 481 3194 bant
506 3153 637 3207 eos,
667 3141 1014 3197 contumeliis
1051 3141 1394 3211 afﬁciebant,
1443 3144 1789 3210 deridehant,
1823 3146 1965 3201 vitu-

350 3228 650 3297 perahant,
698 3229 872 3286 fatuos
910 3232 1178 3287 vocabant
1224 3248 1289 3289 ac
1318 3234 1627 3291 insensatos
1650 3278 1665 3302 ,
1698 3237 1839 3307 quod
1866 3238 1965 3293 de-

350 3330 498 3376 serta
541 3321 715 3390 patria
744 3321 964 3399 vivendi
1004 3322 1262 3391 formula,
1296 3340 1433 3381 nova
1458 3326 1653 3396 placita
1692 3332 1965 3397 suscepis-

352 3420 497 3468 sent.
538 3412 673 3479 Quae
710 3412 930 3481 quidem
962 3428 1069 3468 non
1101 3430 1288 3484 parum
1320 3416 1502 3471 valent
1527 3418 1595 3472 ad
1620 3432 1969 3475 commoven—

353 3501 480 3557 dam
520 3504 792 3568 auimam,
835 3504 890 3558 ni
932 3503 1068 3560 ﬁdes
1113 3505 1378 3575 profunde
1418 3508 1488 3563 sit
1530 3509 1789 3565 radicata.
1824 3510 1968 3567 Nihil

354 3594 500 3650 enim
540 3610 696 3665 aeque
732 3595 967 3650 animam
1000 3596 1245 3662 mordet,
1275 3613 1339 3653 ac
1371 3598 1800 3671 improperium;
1834 3601 1967 3657 nihil

354 3698 511 3754 aque
537 3683 785 3740 tabefacit
811 3694 1047 3741 mentem
1070 3726 1085 3752 ,
1115 3701 1179 3742 ac
1203 3687 1425 3743 dicteria
1452 3697 1508 3745 et
1533 3690 1775 3746 convicia
1806 3708 1819 3744 :
1844 3708 1967 3747 nam

358 3775 514 3830 multi
550 3776 650 3830 viri
691 3791 789 3845 per
831 3778 1074 3832 convicia
1100 3787 1227 3832 sunt
1252 3794 1398 3849 saepe
1422 3781 1691 3837 subversi.
1721 3782 1849 3837 llaec
1868 3798 1970 3837 au-

358 3876 465 3922 tem
504 3867 697 3936 loquor
723 3884 898 3933 nunc,
933 3879 988 3922 ut
1020 3885 1142 3925 cum
1167 3871 1358 3925 ﬁducia
1390 3872 1548 3929 ﬁdem
1578 3884 1881 3930 teneamus.
1910 3877 1969 3932 Si

355 3958 502 4014 enim
553 3958 628 4013 illi
681 3962 842 4013 totius
883 3960 1033 4014 orbis
1070 3962 1316 4017 convicio
1355 3979 1463 4018 non
1509 3974 1635 4019 sunt
1684 3967 1969 4036 subversi,

357 4053 532 4108 multo
553 4053 725 4123 magis
750 4062 933 4108 nostra
962 4063 1119 4111 aetate
1150 4056 1281 4111 ﬁdes
1309 4072 1502 4127 magna
1533 4059 1859 4115 conﬁdentia
1886 4075 1970 4117 re-

360 4144 580 4200 tinenda
610 4155 693 4200 est
714 4188 727 4210 ,
751 4147 968 4215 quando
1002 4156 1144 4203 totus
1172 4150 1318 4205 orbis
1343 4152 1409 4205 ad
1434 4161 1647 4207 nostras
1673 4162 1857 4223 partes
1883 4169 1974 4209 ac-

359 4235 543 4291 cessit.
574 4235 727 4304 Quod
753 4248 941 4303 antem,
964 4239 1039 4297 illi
1073 4255 1177 4294 non
1209 4240 1347 4296 intra
1379 4244 1677 4298 calumnias
1697 4253 1975 4301 tantumet

359 4322 649 4395 opprobria
678 4329 1030 4399 conviciaque
1052 4331 1363 4398 patientiam
1386 4335 1705 4389 retinuerint
1726 4377 1739 4400 ,
1764 4336 1858 4391 sed
1886 4337 1972 4392 illa

360 4432 482 4472 cum
514 4417 707 4485 gaudio
732 4419 1098 4484 toleraverint,
1133 4423 1254 4475 audi
1278 4439 1398 4493 qua:
1420 4435 1739 4495 sequuntur.
1768 4427 1904 4482 Nam
1927 4438 1974 4483 et

360 4509 727 4577 direptionem,
771 4510 944 4579 inquit
964 4553 976 4571 .
1010 4512 1309 4580 facultatum
1340 4524 1616 4570 vestrarum
1642 4534 1757 4571 cum
1784 4520 1973 4588 gaudio

363 4601 642 4677 pertulistis
670 4600 777 4674 (Ib.
805 4618 851 4654 υ.
885 4603 998 4675 51).
1032 4604 1197 4660 Vides
1224 4607 1368 4676 quod
1390 4616 1443 4662 et
1470 4608 1608 4664 bona
1632 4625 1818 4665 eorum
1838 4626 1972 4666 con-

365 4691 695 4748 ﬂscabantur
735 4694 863 4749 olim
891 4736 904 4758 ,
947 4706 1001 4749 et
1035 4690 1287 4752 omnibus
1320 4699 1372 4752 in
1402 4700 1639 4768 prmdam
1666 4710 1852 4768 erant,
1882 4705 1973 4773 qui

364 4798 457 4838 eos
484 4782 681 4838 ltedere
701 4795 984 4855 cuperent.
1020 4789 1194 4857 Atque
1228 4789 1342 4843 haec
1370 4790 1585 4859 quidem
1620 4793 1683 4846 ad
1719 4794 1975 4849 Hebraeos

363 4874 569 4931 scribit.

434 4968 491 5021 5.
555 4967 631 5021 De
694 4966 1267 5023 Thessalonicensibus
1336 4987 1464 5025 vero
1540 4990 1752 5028 rursum
1823 4974 1973 5030 aliud

361 5056 618 5129 quiddam
681 5059 785 5113 tale
848 5068 1135 5114 testatur:
1198 5058 1300 5113 Vos
1349 5064 1521 5125 enim,
1589 5064 1795 5133 inquit,
1855 5066 1972 5119 imi-

366 5159 553 5205 tatores
606 5147 732 5219 facti
775 5150 893 5203 estis
951 5148 1159 5204 Domini
1208 5167 1267 5204 ac
1316 5154 1497 5219 nostri,
1554 5156 1642 5223 qui
1688 5158 1977 5226 suscepistis

363 5228 646 5293 sertnoncm
675 5240 809 5292 hunc
836 5242 888 5293 in
911 5241 1233 5295 tribulatione
1260 5260 1445 5314 magna
1489 5244 1565 5316 (l.
1598 5244 1775 5302 Thess.
1808 5250 1857 5305 1.
1894 5251 1970 5317 6).

366 5331 502 5387 Vide
536 5340 699 5387 eLam
752 5331 853 5386 ltus
905 5332 1106 5402 afﬂigi,
1158 5350 1330 5403 neque
1376 5335 1427 5389 id
1476 5338 1825 5405 simpliciter,
1881 5341 1975 5394 sed

366 5422 663 5478 afﬂictione
712 5438 925 5493 magna.
984 5424 1294 5481 Vehemens
1345 5432 1601 5494 tentatio,
1661 5434 1974 5487 continuum

368 5516 669 5585 periculum
714 5532 815 5571 nec
864 5517 1140 5574 minimam
1190 5522 1407 5589 quidem
1461 5524 1763 5591 respirandi
1805 5523 1975 5579 facul—

368 5618 533 5662 tatem
583 5608 913 5663 concedebat
957 5611 1069 5675 eis,
1126 5612 1214 5681 qui
1275 5621 1401 5666 tunc
1447 5616 1703 5682 temporis
1758 5615 1810 5669 in
1860 5631 1977 5671 cer-

371 5700 573 5754 tamine
628 5711 801 5754 erant.
846 5702 1095 5757 Attamen
1151 5720 1270 5757 cum
1328 5704 1443 5759 hmc
1493 5707 1817 5772 tolerarent,
1872 5723 1977 5761 non

379 5795 559 5868 inique
597 5794 861 5857 ferebant,
917 5812 1088 5865 neque
1135 5800 1369 5851 animum
1413 5798 1835 5869 despondei-zmt,
1872 5802 1978 5855 imo

883 386 976 443 DE
1004 380 1260 442 VERBIS
1298 372 1655 441 APOSTOLI,
1697 366 2061 427 llABENTES
2098 362 2399 423 EUMDEM
2437 359 2785 421 SPIRITUM.
2831 355 2917 417 lli.

3570 364 3681 420 29b

2072 476 2380 548 gaudebant
2429 476 2612 533 etiam.
2682 472 2838 531 Unde
2884 473 2989 528 hoc
3043 471 3315 545 apparet?
3370 472 3448 528 Ex
3500 474 3679 531 verbis

2075 570 2245 640 ipsius
2286 568 2456 623 Pauli.
2491 566 2593 623 Ubi
2627 566 2770 621 enim
2802 564 2943 620 dixit
2974 581 2987 617 :
3021 562 3085 618 In
3121 563 3443 617 tribulatione
3471 582 3679 637 magna,

2071 661 2297 728 addidit,
2316 662 2442 717 Cum
2460 660 2650 733 gaudio
2673 658 2899 729 Spiritus
2919 659 3080 710 sancti
3097 657 3175 727 (1.
3198 654 3379 710 Thess.
3402 656 3454 711 1.
3473 656 3529 728 6)
3545 693 3560 717 ,
3576 660 3681 709 sci-

2073 753 2195 808 licet
2222 753 2447 809 tentatio
2471 750 2709 821 pariebat
2752 746 3465 816 afﬂictionem,,gaudebant
3504 754 3681 800 tamen

2073 854 2385 918 reputantes
2411 860 2580 916 quare
2610 852 2965 898 teutarcntur.
2996 840 3191 895 Idonea
3221 840 3365 894 enim
3404 847 3520 895 erat
3548 854 3683 894 con-

2072 941 2294 1006 solatio,
2326 938 2467 1010 quod
2489 938 2690 994 conscii
2716 946 2898 991 essent
2922 944 3139 1006 prepter
3170 933 3443 990 Christum
3481 950 3539 989 se
3567 934 3687 989 hmc

2073 1034 2202 1102 pati.
2228 1042 2553 1103 quapropter
2591 1046 2699 1086 non
2744 1042 2849 1085 tam
2890 1029 3128 1083 demiror
3154 1026 3297 1099 quod
3325 1028 3417 1082 illo
3443 1037 3685 1099 tempore

2071 1125 2475 1194 afﬂigerentur,
2524 1140 2687 1194 quam
2744 1122 2889 1193 quod
2937 1121 3099 1192 afﬂigi
3140 1137 3201 1177 se
3244 1131 3467 1192 propter
3512 1121 3682 1178 Deum

2073 1215 2400 1270 hetarentnr.
2456 1217 2567 1271 Hoc
2609 1217 2752 1271 enim
2802 1229 3086 1285 generosa:
3125 1229 3187 1269 ac
3240 1213 3411 1269 Deum
3448 1214 3682 1269 amantis

2070 1308 2266 1363 anima:
2309 1307 2547 1363 officium
2601 1318 2704 1375 est,
2753 1308 3005 1363 nimirum
3054 1305 3377 1362 afﬂictiones
3404 1314 3460 1360 et
3485 1306 3682 1363 adver-

2069 1400 2258 1454 sitates
2284 1398 2441 1457 ferre.
2463 1402 2727 1479 Craterum
2756 1415 3018 1470 generose
3049 1399 3280 1454 tolerare
3306 1398 3681 1463 tentationem,

2069 1500 2234 1563 atque
2287 1494 2508 1563 insuper
2540 1495 2743 1563 gratias
2788 1508 2950 1564 agere
3002 1493 3074 1558 ei,
3124 1491 3215 1561 qui
3247 1506 3306 1546 se
3334 1492 3529 1546 tentari
3557 1506 3683 1561 per-

2072 1583 2256 1648 mittit,
2308 1584 2358 1638 id
2413 1585 2630 1640 demum
2680 1599 2908 1639 summa:
2958 1582 3289 1637 fortitudinis
3324 1590 3427 1646 est,
3459 1582 3684 1636 animae-

2070 1692 2173 1745 que
2208 1676 2490 1746 vigilantis,
2537 1685 2594 1732 et
2639 1692 2759 1747 quae
2806 1676 3061 1731 omnibus
3101 1673 3354 1729 humanis
3400 1672 3685 1729 affectibus

2068 1769 2138 1823 sit
2180 1770 2445 1839 superior.

2140 1860 2184 1913 Α
2251 1859 2593 1931 familiaribus
2646 1870 2694 1914 et
2758 1860 3056 1931 propinquis
3134 1858 3303 1912 uexati
3374 1857 3673 1912 Christiani.

2068 1949 2275 2005 -—Nec
2314 1950 2400 2005 hic
2458 1960 2707 2014 tantum,
2780 1950 2876 2005 sed
2931 1960 2982 2026 e_t
3032 1948 3157 2003 alihi
3223 1948 3429 2003 docens
3487 1957 3685 2018 quanta

2070 2042 2209 2094 mala
2244 2051 2556 2111 paterentur
2584 2042 2702 2112 ejus
2732 2043 2990 2113 temporis
3022 2042 3211 2097 ﬁdeles
3248 2056 3281 2095 a
3332 2039 3685 2096 familiaribus

2069 2147 2132 2185 ac
2173 2133 2487 2204 propinquis
2524 2135 2650 2203 (hoc
2679 2134 2824 2189 enim
2852 2144 2968 2189 erat
2996 2132 3418 2203 gravissimum),
3454 2134 3507 2187 in
3538 2133 3683 2188 hunc

2070 2222 2291 2276 modum
2320 2223 2560 2292 loquitur
2593 2242 2610 2278 :
2648 2222 2751 2279 Vos
2793 2224 3073 2278 imitatores
3122 2224 3294 2295 fuistis
3337 2222 3685 2278 Ecclesiarum

2072 2308 2197 2377 Dei,
2266 2328 2381 2381 qua
2425 2323 2543 2367 sunt
2594 2315 2647 2367 in
2692 2304 2900 2369 Iudaea.
2971 2314 3087 2381 Qua
3137 2315 3189 2369 in
3237 2329 3299 2369 re
3350 2314 3685 2370 imitatores?

2071 2404 2325 2469 Quoniam
2370 2414 2417 2459 et
2465 2421 2551 2460 vos
2592 2406 2770 2460 eadem
2818 2406 2937 2459 estis
2964 2406 3190 2476 perpessi
3237 2422 3271 2458 a
3315 2408 3537 2476 propriis
3558 2421 3685 2459 con-

2069 2496 2379 2562 tribulibus,
2441 2498 2571 2552 sicut
2623 2509 2669 2551 et
2713 2498 2793 2551 illi
2834 2514 2868 2550 α
2920 2497 3122 2553 Iudaeis
3187 2497 3372 2571 (Ibid.
3424 2500 3480 2554 2.
3549 2502 3681 2571 ii).

2072 2588 2216 2644 Ecce
2268 2590 2503 2654 bellum,
2559 2590 2654 2645 scd
2710 2589 2909 2644 bellum
2968 2591 3160 2655 civile,
3217 2591 3362 2660 quod
3425 2591 3684 2662 majorem

2056 2680 2198 2736 'facit
2238 2682 2683 2750 indignationem.
2745 2681 2808 2735 Si
2855 2686 2991 2735 enim
3043 2682 3283 2737 inimicus
3330 2684 3686 2753 exprobrasset

2071 2772 2216 2837 mihi,
2242 2774 2430 2844 inquit,
2464 2775 2815 2828 sustinuissent
2847 2775 3038 2843 utique.
3072 2774 3150 2828 Tu
3186 2792 3323 2839 vero,
3372 2777 3525 2830 homo
3558 2794 3685 2831 unto—

2072 2866 2243 2931 nimis,
2301 2866 2408 2919 dua:
2437 2883 2577 2920 naeus
2619 2878 2665 2920 et
2711 2877 2863 2921 notus
2902 2883 3043 2921 meus
3067 2865 3290 2939 (Psalm.
3331 2869 3421 2924 54.
3453 2871 3539 2925 15.
3571 2870 3685 2943 H);

2073 2954 2125 3009 id
2192 2955 2335 3025 quod
2404 2966 2514 3009 tum
2584 2956 2634 3011 in
2710 2956 2877 3026 ﬁgura
2936 2958 3303 3027 contingebat.
3349 2960 3689 3031 Quapropter

2073 3046 2240 3101 multa
2289 3062 2425 3116 opus
2485 3046 2753 3102 habebant
2816 3050 3209 3105 consolatione.
3261 3050 3415 3118 Quod
3469 3053 3684 3123 quidem

2077 3140 2272 3193 Paulus
2324 3155 2448 3194 cum
2492 3140 2730 3206 videret,
2782 3156 2987 3211 eosque
3032 3142 3123 3212 qui
3174 3142 3240 3196 ad
3289 3158 3442 3197 suam
3497 3160 3683 3199 curam

2074 3231 2415 3301 pertinebant
2490 3231 2737 3286 laborare
2805 3247 2869 3287 ac
2933 3232 3129 3287 sudare
3193 3234 3686 3298 animadverteret,

2073 3321 2214 3392 quod
2279 3322 2487 3391 magnis
2543 3322 2939 3378 calamitatibus
2993 3336 3371 3393 gravarentur,
3441 3337 3497 3383 et
3554 3328 3686 3383 alias

2073 3429 2236 3484 super
2277 3414 2409 3467 alias
2465 3414 2648 3484 plagas
2704 3431 2848 3486 a‘grc
2890 3417 3262 3485 sustinerent,
3334 3418 3454 3475 vide
3523 3436 3683 3490 quam

2075 3506 2238 3560 variis
2286 3505 2460 3559 modis
2504 3507 2718 3561 animos
2763 3522 2951 3562 eorum
3002 3510 3236 3573 excitet,
3282 3525 3423 3565 nunc
3468 3511 3686 3582 quidem

2076 3595 2161 3650 his
2200 3596 2377 3651 verbis
2431 3614 2445 3651 :
2504 3598 2568 3652 Si
2615 3599 2819 3668 quidem
2864 3600 3058 3665 justum
3096 3610 3169 3654 est
3213 3602 3357 3671 apud
3406 3601 3568 3657 Deum
3616 3621 3688 3657 re-

2074 3686 2294 3741 tribuere
2336 3686 2694 3743 tribulantibus
2742 3703 2829 3741 vos
2870 3690 3270 3755 tribulationem,
3317 3701 3365 3745 et
3410 3692 3548 3747 vobis
3599 3697 3688 3765 qui

2076 3776 2408 3853 tribulmnini,
2470 3778 2695 3847 requiem
2768 3780 3031 3833 nobiscum
3086 3779 3161 3851 (Ξ.
3205 3779 3386 3835 Thess.
3419 3782 3470 3837 1.
3505 3782 3561 3838 6.
3591 3785 3684 3855 7):

2078 3884 2219 3923 nunc
2268 3885 2397 3924 vero
2442 3870 2525 3923 his
2570 3889 2583 3924 :
2625 3868 2878 3923 Dominus
2919 3888 3079 3941 pmpe
3122 3881 3239 3934 est,
3288 3874 3417 3927 nihil
3475 3875 3685 3929 solliciti

2076 3962 2186 4013 sitis
2237 3959 2494 4032 (Philipp.
2528 3963 2580 4017 ι1.
2628 3964 2680 4018 5.
2725 3964 2799 4031 6).
2834 3966 2911 4017 Ac
2950 3980 3186 4027 rursum,
3240 3964 3417 4020 Nolite
3459 3969 3689 4024 amittere

2078 4052 2437 4121 confidentiam
2489 4064 2707 4107 vestram
2735 4072 2753 4109 :
2787 4074 2907 4109 nam
2942 4058 3191 4127 patientia
3220 4076 3349 4129 Opus
3379 4060 3590 4128 habetis,
3637 4074 3691 4116 ut

2082 4144 2176 4198 Dei
2246 4147 2553 4200 voluntatem
2626 4149 2899 4219 facientes,
2974 4154 3242 4221 reportelis
3306 4157 3691 4224 promissionem

2078 4236 2268 4306 (Hebr.
2325 4239 2411 4293 l0.
2454 4241 2543 4295 55.
2597 4240 2710 4312 36).
2746 4242 2947 4297 Deinde
2986 4243 3052 4297 ad
3092 4246 3403 4313 patientiam
3436 4262 3528 4303 eos
3552 4264 3689 4304 con-

2080 4326 2303 4381 ﬁrmans
2329 4329 2594 4384 subinfert
2626 4348 2639 4384 :
2669 4330 2849 4384 Adhuc
2881 4332 3015 4385 enim
3046 4334 3300 4388 modicum
3317 4336 3689 4403 aliquantulum

2079 4422 2165 4489 qui
2214 4431 2452 4476 venturus
2499 4433 2568 4476 est
2622 4425 2803 4488 veniet,
2831 4435 2875 4478 et
2906 4441 3008 4479 non
3042 4426 3264 4480 tardabit
3306 4426 3467 4499 (Ibid.
3493 4446 3539 4485 υ.
3570 4431 3687 4504 5'7).

2079 4512 2229 4567 Sicut
2298 4515 2581 4583 puerulmn
2656 4511 2997 4585 plorantem,
3084 4519 3311 4573 moleste
3390 4524 3689 4589 ferentem,

2084 4616 2414 4674 matremque
2464 4621 2612 4659 suam
2668 4608 3053 4676 requirentem,
3100 4609 3344 4667 assidens
3383 4613 3576 4684 aliquis
3613 4616 3692 4672 sic

2082 4694 2388 4747 consolatur
2435 4712 2446 4745 :
2496 4695 2774 4765 Paulisper
2824 4698 3003 4751 adhuc
3046 4710 3323 4771 exspecta,
3372 4712 3428 4758 et
3470 4705 3693 4760 omnino

2085 4795 2170 4837 tua
2223 4793 2393 4838 mater
2448 4785 2622 4838 aderit
2672 4804 2685 4839 :
2740 4787 2809 4840 ita
2847 4788 3009 4842 etiam
3060 4790 3275 4855 Paulus,
3326 4793 3515 4850 videns
3550 4810 3693 4866 aegre

2085 4876 2339 4941 ferentes,
2396 4886 2831 4945 conquerentes,
2890 4879 3181 4936 adventum
3241 4883 3440 4939 Christi
3504 4896 3689 4954 requi-

2084 4980 2263 5023 rentes
2314 4970 2431 5037 cjus
2488 4972 2743 5039 temporis
2795 4972 2982 5027 ﬁdeles
3032 4984 3251 5045 propter
3296 4978 3686 5034 intolerabilem

2086 5062 2345 5113 malorum
2396 5063 2525 5122 vim,
2573 5064 2949 5119 consolaturus
3008 5066 3129 5120 illos
3176 5066 3307 5121 dicit
3337 5087 3349 5122 :
3378 5070 3692 5123 Adhucmoo

2085 5153 2252 5204 dicunt
2283 5154 2656 5223 aliquantulum
2683 5156 2770 5225 qui
2800 5168 3039 5213 venturus
3064 5170 3135 5213 est
3163 5161 3343 5228 veniet,
3385 5171 3430 5214 el
3461 5179 3560 5216 non
3593 5172 3698 5217 tar-

2084 5245 2220 5299 dabit
2230 5286 2241 5298 .

2161 5341 2214 5393 6.
2261 5340 2507 5395 Doctores
2556 5342 2660 5412 ipsi
2715 5343 2918 5412 gravius
2964 5345 3167 5415 afﬂicti.
3210 5375 3279 5385 —
3322 5343 3505 5415 itaque
3555 5349 3697 5415 quod

2087 5435 2331 5502 discipuli
2378 5435 2763 5506 afﬂigerentur,
2809 5446 2863 5492 et
2909 5437 3137 5506 plurima
3186 5437 3323 5491 mala
3364 5447 3689 5505 paterentur,

2094 5536 2149 5578 et
2204 5529 2339 5581 sicut
2395 5529 2517 5597 agni
2576 5529 2627 5581 in
2691 5528 2872 5583 medio
2926 5529 3171 5598 Inporum
3229 5529 3464 5599 nudique
3514 5544 3693 5598 perse-

2095 5621 2408 5687 quutionem
2456 5621 2804 5687 sustinerent,
2855 5638 2952 5691 per
3003 5622 3117 5675 haec
3159 5623 3288 5676 satis
3332 5632 3586 5691 apparet;
3643 5642 3701 5683 ut.

2097 5722 2272 5763 autem
2337 5712 2555 5777 sciatis,
2602 5715 2762 5767 etiam
2816 5715 3066 5769 doctores
3128 5730 3230 5768 non
3295 5714 3533 5778 minora,
3599 5714 3703 5765 imo

2103 5818 2230 5857 vero
2284 5806 2452 5857 multo
2500 5806 2745 5875 graviora
2805 5809 3126 5864 sustinuisse
3173 5809 3333 5880 (nam
3384 5822 3487 5875 quo
3533 5804 3703 5875 mag“

452 5956 475 5983 ο
506 5949 629 5999 Vide
659 5948 789 5997 hum-
822 5953 979 6000 lm-nm
1007 5954 1235 6005 secundis
1267 5956 1397 6009 ruris
1423 5968 1741 6010 tetram-tatam
1770 5960 1816 6011 iu
1851 5962 2040 6013 l’rtraat.
2077 5962 2217 6020 hujm
2251 5964 2384 6021 mini,
2412 5965 2502 6013 col.
2534 5964 2609 6015 ti.
