4088 6408
480 322 585 377 295

484 433 730 489 inimicos
752 430 997 487 veritatis
1024 426 1429 492 contristabant,
1460 442 1525 482 eo
1553 424 1720 508 magis
1748 431 1803 479 et
1833 437 1865 478 a
1895 422 2063 494 pluri-

485 528 585 582 bus
641 518 1106 590 intentabantur).
1172 520 1273 573 hoc
1316 530 1527 586 quoque
1584 514 1654 569 ab
1696 512 1925 581 eodem,
1978 511 2068 584 qui

482 614 767 685 superiora
816 623 915 665 nos
968 608 1183 675 docuit,
1231 608 1530 663 audiemus.
1577 605 1868 662 Corinthiis
1929 605 2069 660 enim

483 705 745 770 scribens,
786 703 864 757 sic
910 700 1143 771 loquitur
1172 717 1185 752 :
1220 698 1432 753 Nemini
1458 697 1635 752 dantes
1656 694 1815 750 ullam
1843 696 2071 750 occasio-

489 813 623 860 nem,
671 802 727 848 ut
774 810 875 848 non
918 793 1228 863 vituperetur
1268 790 1599 844 ministerium
1648 798 1874 842 nostrum
1919 803 1938 843 :
1983 786 2071 841 sed

486 888 536 938 iu
570 884 802 937 omnibus
847 882 1133 937 eahibesues
1181 880 1541 951 nosmetipsos,
1594 878 1723 932 sicut
1760 876 1858 931 Dei
1918 877 2071 930 mini-

483 985 649 1041 stros,
672 974 725 1029 in
756 975 914 1029 multa
942 974 1205 1045 patientia,
1235 974 1288 1026 in
1318 970 1697 1042 afﬂictionibus,
1729 971 1781 1022 in
1803 969 2072 1023 necessita-

486 1066 646 1131 tibus,
675 1066 730 1119 in
754 1066 1022 1136 angustiis,
1051 1065 1102 1117 in
1132 1062 1316 1134 plagis,
1339 1062 1389 1115 in
1415 1060 1716 1125 carceribus,
1738 1060 1792 1113 in
1817 1058 2073 1113 seditioni-

484 1156 597 1221 bus,
618 1156 671 1209 in
692 1155 967 1219 laboribus,
993 1154 1046 1207 in
1069 1153 1271 1223 vigiliis,
1300 1153 1352 1205 in
1369 1152 1585 1219 jejuuiis
1613 1149 1690 1220 (2.
1711 1148 1828 1203 Cor.
1850 1149 1901 1203 ϐ.
1921 1148 2068 1217 5-3).

490 1245 735 1301 Vidistin‘
782 1256 909 1315 quot
956 1243 1248 1298 certamina
1292 1241 1705 1304 enumeraverit,
1746 1253 1906 1309 quam
1950 1252 2069 1292 cre-

487 1336 611 1391 bras
638 1334 993 1390 teutationesl
1039 1332 1269 1387 Rursum
1300 1329 1503 1387 eisdem
1529 1329 1793 1393 scribens,
1850 1327 2071 1383 Miuistri

487 1429 673 1485 Christi
707 1434 846 1491 sunt,
890 1424 1081 1495 inquit,
1124 1432 1174 1477 ut
1217 1425 1383 1477 minus
1419 1423 1623 1493 sapiens
1651 1421 1787 1489 dico,
1834 1419 1947 1489 plus
1980 1435 2071 1489 ego

491 1521 565 1590 (2.
592 1520 711 1576 Cor.
743 1520 829 1575 ll.
859 1519 973 1589 9.3).
1027 1516 1228 1571 Deinde
1281 1517 1463 1569 volens
1511 1515 1666 1569 nobis
1713 1512 2066 1583 persuadere,

486 1613 655 1666 multo
680 1610 1015 1680 praestantius
1046 1623 1164 1662 esse
1194 1617 1407 1676 propter
1427 1605 1699 1659 Christum
1724 1600 1885 1671 afﬂigi
1914 1616 2070 1671 quam

487 1702 725 1774 prodigia
755 1700 951 1763 facere,
980 1710 1032 1754 et
1058 1700 1423 1770 probationem
1451 1696 1693 1751 adferens
1720 1693 2069 1764 apostolatus,

483 1794 879 1862 ostendensque
928 1806 988 1845 se
1036 1791 1423 1862 pnclcreudum
1475 1804 1595 1845 esse
1638 1788 1778 1853 aliis,
1810 1776 1915 1840 non
1945 1802 2072 1853 apo-

485 1884 660 1949 stolis,
705 1882 800 1937 sed
855 1880 1367 1950 pseudo-aluistolis,
1419 1895 1524 1934 nou
1560 1894 1591 1933 a
1649 1878 1917 1933 miraculis
1979 1892 2074 1947 per

483 1989 543 2028 se
585 1973 742 2027 editis
793 1980 1231 2041 argumentatur,
1302 1969 1395 2023 sed
1438 1983 1467 2022 a
1514 1968 1781 2023 continuis
1826 1966 2074 2037 periculis

485 2067 539 2120 in
581 2066 775 2136 quibus
827 2065 1158 2125 versabatur,
1207 2066 1255 2118 iu
1306 2063 1448 2117 hunc
1498 2063 1715 2117 modum
1769 2064 2010 2117 scribens
2055 2077 2072 2115 :

486 2158 552 2212 In
607 2156 859 2211 laboribus
902 2156 1173 2224 copiosius,
1218 2157 1269 2208 iu
1308 2156 1587 2209 verberibus
1638 2172 1793 2223 supra
1844 2154 2069 2219 modum,

483 2249 537 2302 in
589 2248 873 2301 carceribus
919 2246 1284 2310 abundantius,
1336 2246 1389 2298 in
1442 2247 1685 2299 mortibus
1739 2250 2021 2316 frequenter
2051 2260 2070 2298 :

480 2355 513 2391 a
560 2338 759 2393 ludatis
810 2338 1070 2407 quinquies
1117 2336 1468 2407 quadragenas
1518 2354 1619 2389 una
1666 2337 1833 2389 minus
1876 2336 2065 2405 accepi,

480 2440 555 2484 ter
597 2429 750 2499 virgis
804 2444 961 2481 ca'sus
1006 2444 1137 2493 sum,
1188 2428 1340 2482 semel
1368 2427 1627 2497 lapidatus
1652 2443 1787 2493 sum,
1832 2437 1905 2480 ter
1936 2444 2066 2479 nau—

480 2524 701 2593 fragium
752 2521 868 2591 feci,
914 2530 1057 2575 nocte
1109 2535 1170 2574 ac
1221 2521 1303 2573 die
1344 2520 1397 2573 in
1450 2520 1703 2591 profundo
1742 2521 1821 2590 egi
1849 2534 1866 2574 :
1894 2521 1945 2573 in
1988 2521 2069 2573 iti-

480 2614 681 2668 neribus
724 2629 878 2683 stupe,
918 2612 975 2666 in
1026 2612 1262 2681 periculis
1298 2612 1591 2679 ﬂuminum,
1638 2610 1872 2681 periculis
1913 2611 2072 2665 latro-

480 2719 603 2757 num
630 2746 645 2771 ,
719 2703 957 2773 periculis
1012 2718 1074 2756 ea:
1124 2718 1333 2772 genere,
1402 2701 1640 2771 periculis
1693 2718 1757 2756 ea:
1798 2701 2066 2771 gentibus,

479 2795 715 2865 periculis
760 2796 814 2846 in
849 2794 1049 2847 ciuitate
1072 2833 1088 2858 ,
1144 2791 1382 2863 periculis
1429 2792 1479 2844 in
1532 2792 1728 2845 deserto
1754 2833 1769 2857 ,
1832 2791 2069 2861 periculis

476 2888 531 2939 in
577 2885 707 2939 mari
729 2926 745 2953 ,
787 2885 1023 2956 periculis
1066 2886 1120 2938 in
1179 2885 1324 2953 falsis
1365 2870 1606 2953 fratribus
1655 2898 1673 2935 :
1718 2884 1770 2935 in
1811 2882 1983 2936 labore
2020 2892 2067 2935 et

477 2978 732 3041 ntalestia,
789 2977 841 3030 in
898 2975 1082 3044 vigiliis
1129 2991 1267 3046 sarpe
1291 3016 1305 3039 ,
1361 2976 1414 3028 in
1467 2977 1601 3047 fame
1651 2984 1696 3026 et
1736 2975 1840 3036 siti,
1871 2974 1924 3027 in
1967 2975 2064 3044 [ri-

474 3082 595 3137 gore
637 3078 684 3119 et
748 3065 1008 3132 nuditate,
1060 3076 1243 3135 prater
1288 3063 1381 3117 illa
1427 3080 1541 3132 qua-
1591 3064 1899 3118 extrinsecus
1945 3073 2065 3118 sunt

475 3154 605 3226 (Ib.
642 3155 712 3207 ad
756 3170 803 3209 ο.
842 3154 918 3211 28
939 3163 980 3226 ).
1030 3153 1095 3209 lli
1151 3161 1274 3208 sunt
1320 3153 1431 3206 veri
1493 3155 1820 3223 apostolatus
1874 3156 2065 3208 chara-

473 3253 666 3301 cteres.
702 3243 945 3313 Prodigia
969 3242 1227 3313 siquidem
1265 3252 1319 3296 et
1345 3242 1435 3296 alii
1476 3257 1620 3309 smpe
1646 3241 1922 3309 fecerunt,
1968 3258 2064 3298 nec

474 3336 556 3391 eis
595 3333 785 3389 iecisse
826 3331 1043 3402 profuit,
1094 3332 1191 3387 sed
1234 3341 1354 3402 post
1395 3333 1574 3386 omnia
1609 3333 1697 3387 illa
1725 3333 2061 3397 audiverunt,

475 3424 745 3487 Recedite,
817 3440 918 3476 non
962 3424 1076 3476 moi
1126 3439 1211 3476 vos
1268 3424 1354 3492 qui
1406 3424 1690 3491 operamini
1751 3423 2065 3492 iniquitatem

473 3514 689 3587 (Matth.
741 3515 795 3569 7.
840 3513 937 3583 25)
968 3530 981 3567 :
1014 3529 1174 3568 nemo
1201 3529 1328 3567 vero
1359 3528 1544 3567 eorum
1588 3514 1678 3583 qui
1714 3514 1900 3568 eadem
1944 3532 2064 3584 qua:

471 3606 669 3663 Paulus
695 3619 1115 3659 commemorare
1145 3614 1388 3674 possunt,
1420 3620 1605 3660 vocem
1638 3605 1781 3659 illam
1812 3622 2059 3676 umquam

468 3704 556 3751 est
600 3694 880 3750 auditurus
926 3713 941 3749 :
989 3710 1173 3750 verum
1226 3710 1348 3749 cum
1395 3710 1585 3764 magna
1634 3695 1823 3750 liducia
1869 3698 2059 3751 caelum

470 3785 831 3853 conscendet,
901 3785 1161 3856 bonisque
1213 3785 1514 3841 ca-lestibus
1575 3786 1881 3855 perfruetur
1939 3789 2059 3843 uni:-

469 3893 656 3933 VCI'SIS.

540 3968 592 4021 τ’.
636 3966 887 4021 Fortasse
931 3965 1189 4034 prolixior
1234 3966 1375 4019 visus
1424 3974 1506 4021 est
1550 3965 1702 4021 vobis
1741 3983 1920 4023 sermo
1965 3984 2059 4023 no-

466 4067 580 4113 ster
625 4074 638 4109 :
687 4056 780 4111 sed
820 4071 887 4109 ne
928 4055 1046 4109 sitis
1086 4054 1335 4120 solliciti;
1378 4070 1484 4110 non
1523 4072 1641 4111 sum
1688 4058 1885 4112 oblitus
1933 4074 2057 4127 pro-

465 4148 757 4213 missionis,
798 4145 891 4201 sed
934 4146 1110 4199 statim
1147 4146 1212 4199 ad
1259 4146 1403 4201 illam
1439 4156 1697 4201 revertar.
1728 4146 1853 4201 liae
1878 4159 2054 4213 autem

467 4255 571 4295 non
637 4249 839 4295 temere
890 4238 1113 4308 longiori
1164 4238 1407 4295 oratione
1467 4242 1771 4310 prosequuti
1834 4256 2053 4309 sumus,

465 4330 559 4385 sed
597 4340 656 4384 ut
685 4327 956 4399 prolixiori
988 4331 1265 4384 verborum
1312 4341 1571 4400 apparatu
1604 4333 1799 4385 certius
1840 4348 1902 4386 ac
1942 4334 2055 4387 cla-

465 4420 576 4475 rius
629 4418 925 4473 doctrinam
982 4428 1217 4472 nostram
1269 4421 1719 4488 approbaretuns,
1792 4424 2055 4494 simulque

463 4510 780 4565 al’llictorum
845 4509 1051 4563 animus
1110 4510 1541 4575 ςοιιευιίιωιηυτ,
1597 4520 1652 4564 ut
1703 4522 1955 4581 quotquot
1999 4516 2050 4567 in

463 4604 710 4675 periculis
758 4612 1034 4657 versantur
1075 4611 1127 4657 et
1180 4603 1581 4667 lentatiouibus,
1622 4604 1865 4659 idoneam
1912 4608 2048 4661 nacti

462 4698 882 4751 consolationem
930 4695 1227 4759 discedant,
1282 4695 1511 4751 scientes
1556 4698 1694 4765 quod
1735 4698 1864 4752 socii
1903 4698 2047 4753 Pauli

461 4804 556 4860 per
591 4788 685 4842 has
714 4787 1030 4842 alﬂictiones
1058 4787 1375 4852 efﬁciantur,
1422 4788 1527 4841 imo
1557 4804 1679 4840 vero
1707 4788 1872 4856 ipsius
1896 4789 2051 4844 Chri-

458 4879 529 4936 sti
577 4879 885 4950 angelorum
928 4877 1133 4933 Domini
1173 4894 1186 4930 :
1230 4878 1317 4947 qui
1346 4889 1523 4932 autem
1556 4876 1900 4933 afﬂictionum
1932 4881 2048 4949 ejus

460 4970 728 5042 particeps
780 4970 950 5024 estin
1002 4967 1104 5022 hoc
1149 4967 1367 5032 szeculo,
1412 4968 1464 5022 in
1502 4968 1592 5023 illo
1634 4968 1898 5041 particeps
1946 4973 2049 5027 erit

459 5072 619 5117 etiam
668 5061 885 5131 gloriae;
958 5060 1033 5114 ait
1080 5060 1221 5114 enim
1268 5076 1281 5113 :
1326 5059 1383 5113 Si
1426 5060 1625 5129 quidem
1678 5065 2041 5132 compatimur,

460 5160 512 5203 ut
565 5161 613 5204 et
661 5148 1097 5220 congloriﬁcemur
1146 5148 1325 5219 (Rom.
1356 5150 1408 5205 8.
1443 5152 1562 5221 l7);
1608 5168 1670 5205 ac
1698 5169 1903 5208 rursum
1941 5172 1952 5207 :
1983 5155 2045 5209 Si

456 5242 782 5308 sustinemus,
825 5250 879 5294 ut
924 5241 1076 5297 simul
1102 5243 1254 5296 etiam
1280 5259 1541 5313 rcgnemus
1578 5243 1651 5313 (2.
1681 5244 1812 5298 Tim.
1842 5246 1895 5299 2.
1927 5248 2036 5317 l2).

454 5332 691 5389 Omnino
738 5335 881 5389 enim
930 5350 1148 5391 necesse
1200 5346 1317 5405 ost,
1368 5347 1423 5393 ut
1473 5337 1706 5392 lidclium
1755 5354 1921 5408 genus
1958 5340 2037 5394 al-

455 5424 777 5481 llictionibus
814 5435 1087 5497 prematur
1124 5447 1135 5481 :
1169 5427 1353 5484 Omnes
1394 5432 1524 5483 enim
1554 5432 1641 5503 qui
1675 5434 1845 5485 volunt
1876 5435 1957 5502 pie
1987 5436 2037 5487 in

454 5516 654 5570 Christo
700 5517 880 5585 vivere,
932 5522 1363 5591 perscquutionem
1404 5524 1657 5591 patientur
1717 5524 1792 5592 (2.
1826 5524 1957 5577 Tim.
1982 5528 2034 5579 5.

454 5607 582 5673 12);
628 5623 692 5663 ac
736 5625 994 5666 rursum:
1026 5610 1166 5681 Fili,
1212 5613 1334 5667 dum
1376 5616 1573 5669 accedis
1614 5616 1682 5669 ad
1722 5618 2036 5672 scrutandum

454 5697 704 5766 llomiuo,
758 5719 992 5775 pra'para
1055 5706 1272 5759 animum
1338 5716 1471 5766 tuam
1532 5710 1597 5763 ad
1666 5720 1987 5767 tentattoucm
2012 5728 2028 5775 ,'

1227 314 1285 374 S.
1325 311 1603 373 JOANNIS
1640 305 2119 369 ειιηγδοετοδιι
2158 308 2474 369 ᾹΚΟῙΠΕΡ.
2520 311 3052 374 (ΣΟΝΞΤΛΝΠΧΟΡ.

3652 326 3762 385 196

2180 432 2313 478 recte
2358 428 2463 498 fac,
2514 438 2561 482 et
2598 443 2857 496 persevera
2908 427 3095 499 (Ereti.
3129 428 3181 483 2.
3215 426 3287 499 1).
3330 428 3487 484 Bella:
3542 432 3769 500 primus.

2178 512 2382 583 siones,
2430 518 2609 571 statim
2652 518 2720 572 ab
2766 517 2989 573 exordio
3035 518 3087 572 in
3134 519 3456 573 mutationes
3486 518 3783 573 incidere?

2178 605 2388 674 egregia
2435 622 2561 661 vero
2609 609 2913 664 exhortatio
2947 618 3000 662 et
3041 608 3263 677 insignis
3310 608 3609 664 consolatio
3651 611 3775 678 ejus

2178 696 2454 751 servitutis
2482 736 2498 760 .
2544 699 2789 766 pericula
2848 697 3128 755 confestim
3185 698 3512 769 degustare?
3590 699 3773 754 Plance

2179 788 2392 859 egregia
2444 788 2601 843 simul
2654 801 2709 844 et
2761 791 3093 856 admiranda,
3134 799 3189 844 et
3241 790 3531 844 maximum
3564 792 3775 846 Iucrmu

2176 877 2446 933 adferens.
2503 880 2782 947 Quodnam
2842 881 3010 937 illud?
3059 882 3192 936 Audi
3244 897 3365 951 quas
3414 892 3718 951 sequuntur
3759 900 3772 936 :

2178 968 2325 1023 Sicut
2368 971 2501 1023 enim
2559 971 2614 1025 in
2665 972 2781 1042 igne
2829 972 3073 1042 probatur
3114 989 3334 1037 aurum,
3402 973 3474 1026 sic
3542 974 3777 1027 homines

2177 1064 2369 1131 accepti
2398 1063 2449 1115 in
2476 1066 2681 1134 fornace
2710 1063 2997 1119 tentatiouis
3029 1061 3215 1134 (Eccli.
3260 1064 3315 1119 ἢ.
3349 1066 3425 1134 5).
3472 1064 3626 1132 Quod
3673 1081 3773 1119 au-

2179 1162 2284 1207 tem
2312 1154 2440 1209 dicit
2467 1157 2543 1210 sic
2568 1156 2753 1225 accipe
2792 1173 2807 1209 ε
2840 1155 2977 1211 sicut
3013 1170 3201 1209 aurum
3247 1154 3367 1226 igne
3406 1156 3775 1210 exaniinstuus

2182 1247 2365 1315 purius
2423 1247 2684 1310 redditur,
2754 1248 2866 1317 pari
2938 1246 3097 1302 modo
3152 1247 3312 1301 etiam
3362 1247 3577 1314 anima,
3652 1264 3776 1318 quas

2180 1339 2321 1393 inter
2362 1337 2680 1393 altlictioues
2720 1348 2964 1393 versatur
3015 1354 3077 1393 ac
3131 1338 3396 1409 pericula,
3448 1338 3671 1395 hilarior
3714 1356 3778 1395 ac

2177 1431 2506 1502 splendidior
2552 1447 2648 1502 per
2688 1432 2774 1487 illa
2816 1433 3014 1497 evadit,
3067 1447 3389 1501 omnemque
3430 1443 3775 1502 peccatorum

2178 1525 2437 1580 maculam
2466 1525 2741 1595 abstergit.
2786 1525 2920 1580 llinc
2967 1536 3046 1580 est
3098 1524 3237 1591 quod
3267 1525 3331 1577 ad
3373 1524 3593 1578 divitem
3625 1524 3776 1579 illum

2177 1615 2389 1670 dicebat
2436 1616 2703 1671 Abraham
2759 1634 2771 1670 :
2822 1615 3050 1670 Lazarus
3094 1615 3277 1683 recepit
3320 1615 3455 1668 mula
3503 1632 3597 1668 sua
3643 1629 3662 1667 :
3694 1616 3778 1669 hic

2176 1716 2344 1760 autem
2382 1708 2771 1761 consolationem
2801 1707 2975 1776 recipit
3015 1704 3168 1773 (Luc.
3204 1705 3291 1759 l6.
3318 1704 3432 1771 9-5).
3469 1706 3547 1758 Ac
3576 1704 3777 1757 Paulus

2176 1798 2467 1854 Corinthiis
2496 1800 2736 1854 scribens
2783 1800 2908 1853 dicit
2942 1816 2955 1853 :
2994 1796 3210 1865 Propter
3233 1797 3326 1853 hoc
3353 1797 3481 1849 inter
3508 1812 3595 1850 vos
3627 1796 3777 1848 multi

2176 1890 2447 1944 imbecilles
2494 1900 2539 1942 et
2585 1889 2813 1949 invalidi,
2866 1899 2911 1941 et
2960 1888 3218 1941 dormiunt
3258 1887 3425 1939 multi.
3484 1885 3687 1939 Etenim
3730 1886 3777 1936 si

2179 2000 2269 2036 nos
2310 1984 2449 2052 ipsos
2511 1983 2938 2053 tlijudicaremus,
3001 1996 3102 2034 non
3153 1982 3322 2049 utique
3358 1979 3716 2050 judicaremur
3759 1991 3776 2027 :

2177 2083 2229 2124 at
2271 2088 2385 2125 cum
2429 2071 2728 2140 judicamur
2783 2087 2813 2121 a
2853 2068 3074 2123 Domino
3130 2070 3468 2139 corripimur,
3531 2084 3596 2119 ne
3662 2082 3776 2118 cum

2178 2166 2366 2217 mundo
2411 2164 2711 2217 damnentur
2738 2163 2815 2230 (1.
2847 2162 2963 2215 Cor.
3001 2164 3082 2216 11.
3128 2159 3349 2228 50-53).
3401 2160 3539 2226 Quin
3577 2170 3631 2211 et
3672 2161 3777 2210 lor-

2178 2258 2468 2310 nicatorem
2516 2254 2665 2308 illum
2716 2253 2812 2307 hac
2852 2254 2920 2306 de
2964 2269 3122 2306 causa
3157 2251 3368 2305 tradidit
3411 2251 3463 2303 in
3498 2251 3777 2304 interitum

2175 2347 2372 2409 carnis,
2408 2354 2464 2399 ut
2488 2346 2707 2414 spiritus
2737 2345 2917 2397 salvus
2943 2343 3097 2398 ﬁeret
3142 2344 3221 2412 (l.
3252 2340 3369 2396 Cor.
3407 2342 3460 2397 5.
3491 2341 3568 2407 5).
3595 2351 3780 2395 Osten-

2174 2435 2308 2490 dcns
2338 2434 2586 2504 pravscnti
2617 2436 2907 2487 tentatiooc
2944 2432 3171 2487 Salutem
3215 2429 3416 2499 perﬁci,
3451 2440 3505 2483 et
3538 2431 3776 2498 pericula

2176 2528 2261 2589 iis,
2300 2528 2391 2596 qui
2430 2541 2551 2582 cum
2589 2527 2877 2597 gratiarum
2918 2526 3127 2578 actione
3166 2523 3395 2578 subeunt
3436 2522 3545 2587 illa,
3580 2522 3778 2575 anima:

2177 2618 2547 2687 purgationem
2576 2632 2695 2671 esse
2738 2618 3045 2669 maximam.
3079 2612 3261 2683 itaque
3281 2612 3421 2681 quod
3451 2611 3779 2666 alllictiones

2175 2705 2494 2775 pertulerint
2524 2707 2728 2771 lidelcs,
2763 2714 2814 2758 et
2843 2706 3148 2757 innumeras
3171 2702 3501 2756 calamitates
3548 2711 3656 2754 tam
3689 2701 3779 2755 di-

2171 2797 2360 2866 scipuli
2424 2812 2582 2866 quam
2635 2797 2927 2860 doctores,
2986 2810 3049 2848 ac
3100 2808 3167 2848 ne
3213 2793 3492 2847 minimum
3553 2791 3776 2861 quidem

2174 2889 2594 2958 reapiravcrint,
2652 2888 2812 2941 rariis
2857 2887 3094 2940 omnium
3125 2899 3378 2953 generum
3422 2882 3578 2936 bellis
3609 2882 3777 2935 undi-

2172 2995 2277 3047 que
2336 2978 2683 3043 circumdati,
2728 2978 2856 3031 satis
2902 2977 2987 3030 liic
3027 2985 3208 3029 noster
3253 2987 3433 3028 sermo
3455 2972 3773 3033 declaravit,

2170 3081 2220 3125 et
2268 3072 2418 3140 plura
2470 3068 2630 3125 etiam
2686 3068 2753 3122 de
2811 3067 2911 3121 hoc
2965 3074 3020 3121 et
3072 3063 3241 3119 sacris
3296 3063 3493 3118 Literis
3541 3062 3773 3118 studiosi

2170 3162 2420 3229 colligere
2463 3170 2707 3229 possunt.

2242 3250 2295 3305 8.
2337 3250 2597 3318 Superest
2641 3259 2696 3301 ut
2736 3248 2850 3301 tunc
2889 3247 2956 3300 ad
3004 3244 3337 3314 prOpositum
3385 3254 3632 3297 nostrum
3684 3243 3771 3298 ad-

2169 3345 2447 3398 ducamus.
2493 3341 2629 3409 Quid
2665 3349 2843 3394 autcm
2893 3352 3344 3407 proposueramus
3388 3335 3612 3390 dicere?
3653 3334 3772 3401 Qua

2168 3435 2236 3489 de
2284 3448 2442 3489 causa
2489 3433 2683 3488 Paulus
2751 3431 2971 3492 dixerit,
3022 3427 3275 3480 [labentes
3327 3429 3553 3480 eumdem
3599 3427 3773 3492 Spiri-

2166 3535 2271 3579 tum
2325 3526 2465 3596 fidei.
2528 3525 2635 3581 Cur
2687 3526 2845 3595 igitur
2913 3522 3081 3576 dixit?
3136 3520 3409 3574 Turbabat
3460 3520 3561 3573 hoc
3607 3521 3773 3573 disci-

2169 3621 2341 3690 pulos,
2390 3618 2533 3689 quod
2572 3618 2754 3687 gravia
2804 3614 3019 3685 quidem
3072 3614 3123 3666 in
3180 3627 3239 3666 re
3283 3612 3531 3683 praesenti
3568 3627 3772 3682 exper-

2166 3710 2445 3773 iebantur,
2510 3709 2646 3762 bona
2702 3722 2831 3761 vero
2876 3719 2971 3774 spe
3016 3704 3189 3759 solum
3235 3702 3640 3771 concipiebaut,
3715 3712 3771 3755 et

2166 3800 2253 3854 illa
2305 3799 2520 3869 quidem
2560 3799 2670 3865 jam
2719 3797 2983 3859 aderant,
3058 3796 3171 3848 tunc
3244 3792 3402 3862 longe
3450 3792 3767 3855 distabant;

2167 3890 2255 3944 illa
2300 3889 2407 3959 jam
2472 3887 2889 3957 contingebant,
2957 3885 3073 3939 lucc
3138 3883 3315 3937 adhuc
3380 3882 3763 3952 Sperabautur.

2164 3980 2299 4047 Quid
2350 3977 2542 4031 mirum
2584 3977 2626 4029 si
2671 3976 2824 4029 initio
2866 3974 3257 4045 praedicationis
3300 3972 3613 4041 quibusdam
3662 3972 3766 4025 hoe

2165 4084 2261 4123 usu
2304 4067 2570 4133 veniebat,
2609 4064 3041 4137 quandoquidem
3072 4078 3214 4117 nunc
3242 4072 3362 4132 post
3393 4070 3596 4115 tantqu
3627 4073 3764 4115 tem-

2163 4160 2306 4232 poris
2354 4160 2606 4229 spatium,
2669 4167 2789 4227 post
2818 4156 3251 4226 pnndicationcm
3294 4162 3406 4208 toto
3455 4154 3588 4207 orbe
3644 4169 3763 4223 pro.

2162 4238 2593 4323 pagatam,‘post
2629 4259 2706 4304 tot
2756 4258 2902 4304 certa
2955 4246 3369 4318 promissionum
3415 4256 3756 4314 argumenta,

2162 4346 2301 4399 idem
2343 4344 2522 4397 multis
2554 4343 2730 4397 adhuc
2774 4357 2871 4395 usu
2919 4340 3101 4394 venire
3154 4337 3328 4392 solet?

2230 4434 2297 4488 In
2353 4434 2511 4489 Veteri
2543 4432 2860 4486 Testamento
2902 4430 3110 4500 prannia
3142 4430 3222 4482 hic
3253 4427 3657 4497 accipiebantur.
3680 4456 3756 4468 -

2158 4526 2269 4580 Nec
2298 4524 2399 4579 hoc
2427 4525 2601 4577 solum
2632 4521 2749 4575 illos
2776 4521 3110 4590 perterrebat
3134 4559 3149 4583 ,
3180 4518 3274 4573 sed
3322 4529 3375 4572 et
3403 4516 3545 4571 aliud
3591 4517 3754 4587 quid-

2156 4616 2277 4669 dam
2304 4657 2316 4678 ,
2362 4614 2519 4684 idque
2559 4628 2662 4667 non
2706 4613 2898 4665 minus.
2942 4610 3218 4676 Quodnam
3252 4609 3399 4664 hoc?
3438 4608 3757 4678 Cogitabam

2155 4708 2292 4778 apud
2324 4723 2401 4773 se,
2432 4710 2483 4760 iu
2510 4706 2675 4761 reteri
2699 4705 3039 4759 Testamento
3060 4720 3095 4758 n
3118 4719 3169 4757 in
3193 4703 3257 4756 ad
3280 4719 3401 4757 eum
3425 4704 3641 4758 modum
3665 4720 3757 4760 res

2157 4800 2427 4853 hominum
2455 4798 2789 4868 diSpeusatas
2812 4795 2993 4861 fuisse,
3025 4796 3118 4849 sed
3148 4795 3358 4850 virtutis
3379 4796 3596 4863 prazniia
3618 4810 3721 4852 con
3739 4828 3756 4837 -

2154 4889 2329 4943 festini
2348 4888 2616 4956 accepisse
2646 4888 2964 4957 quicumque
2982 4886 3178 4954 justam
3204 4900 3267 4940 ac
3292 4895 3641 4955 temperatura
3674 4889 3754 4940 ri-

2152 4981 2304 5037 rendi
2334 4983 2591 5035 rationem
2620 4979 2994 5047 praztulissont.
3024 4977 3138 5031 Non
3161 4978 3301 5033 enim
3326 4987 3445 5047 post
3463 4993 3752 5048 corporum

2151 5073 2618 5135 resurrectionem,
2654 5085 2827 5142 neque
2854 5071 2906 5125 in
2938 5070 3107 5123 futura
3138 5069 3264 5135 vita,
3295 5069 3389 5124 sed
3414 5069 3502 5125 hic
3526 5073 3579 5125 in
3611 5086 3750 5141 prai-

2148 5164 2286 5217 senti
2332 5164 2435 5217 vita
2464 5178 2650 5217 omnes
2692 5163 2770 5216 eis
2801 5160 3182 5231 promissiones
3229 5160 3608 5229 implebantur.
3660 5164 3752 5216 Ait

2147 5254 2290 5308 enim
2313 5272 2323 5307 :
2353 5254 2412 5308 Si
2439 5252 2674 5307 dilexeris
2703 5250 2979 5305 Dominum
3002 5250 3162 5304 Deum
3194 5261 3354 5315 tuum,
3377 5251 3501 5305 bene
3520 5252 3605 5305 tibi
3629 5253 3745 5308 erit.

2146 5355 2193 5400 et
2237 5345 2589 5415 multiplicabit
2619 5342 2751 5398 Deus
2780 5354 3007 5397 armenta
3040 5344 3187 5397 boum
3224 5353 3465 5409 tuorum,
3497 5354 3543 5396 et
3571 5362 3753 5415 greges

2145 5455 2384 5510 pecorum
2413 5448 2613 5489 tuorum
2653 5453 2669 5488 :
2693 5452 2792 5489 non
2835 5436 2923 5488 erit
2954 5435 3092 5502 apud
3114 5445 3159 5487 te
3188 5434 3513 5502 infecundum
3541 5477 3554 5498 ,
3587 5452 3749 5501 neque

2142 5530 2344 5583 sterile:
2376 5545 2475 5581 non
2500 5528 2589 5580 erit
2616 5527 2753 5595 apud
2774 5537 2819 5579 te
2840 5526 3053 5596 languor
3096 5542 3251 5593 nequc
3270 5526 3517 5595 (egritudo
3548 5527 3565 5596 (
3589 5526 3739 5577 De’ut.

2144 5622 2193 5674 7.
2226 5622 2310 5676 l5.
2344 5624 2407 5677 l5
2428 5619 2466 5687 ).
2500 5618 2707 5674 Emittet
2739 5618 2873 5673 Deus
2904 5618 3292 5673 benedictionem
3320 5619 3371 5671 in
3395 5623 3748 5688 promptuaria

2145 5714 2385 5767 cellarum
2419 5714 2654 5784 taarum(
2680 5710 2827 5767 Deut.
2856 5712 2943 5766 28.
2973 5712 3023 5766 8.
3063 5710 3123 5767 12
3145 5711 3199 5779 );
3226 5713 3413 5781 aperiet
3443 5713 3648 5782 calum,
3693 5726 3748 5768 et
