  <div class='ocr_page' id='page_1' title='image "/cluster/home/n/w/nwhite01/storage/ocr_20150623/51/ien.35556001660786/302.png"; bbox 0 0 4088 6456; ppageno 0'>
   <div class='ocr_carea' id='block_1_1' title="bbox 312 408 423 468">
    <p class='ocr_par' dir='ltr' id='par_1_1' title="bbox 312 408 423 468">
     <span class='ocr_line' id='line_1_1' title="bbox 312 408 423 468; baseline -0.054 1"><span class='ocrx_word' id='word_1_1' title='bbox 312 408 423 468; x_wconf 74' lang='grc'><strong>297</strong></span> 
     </span>
    </p>
   </div>
   <div class='ocr_carea' id='block_1_2' title="bbox 311 509 1927 604">
    <p class='ocr_par' dir='ltr' id='par_1_2' title="bbox 311 509 1927 604">
     <span class='ocr_line' id='line_1_2' title="bbox 311 509 1927 604; baseline -0.017 -14"><span class='ocrx_word' id='word_1_2' title='bbox 311 535 455 589; x_wconf 66' lang='lat' dir='ltr'><strong>dolvit</strong></span> <span class='ocrx_word' id='word_1_3' title='bbox 470 533 558 588; x_wconf 79' lang='lat' dir='ltr'><strong><em>tibi</em></strong></span> <span class='ocrx_word' id='word_1_4' title='bbox 576 531 801 604; x_wconf 76' lang='lat' dir='ltr'><strong>plurium</strong></span> <span class='ocrx_word' id='word_1_5' title='bbox 821 529 1118 583; x_wconf 78' lang='lat' dir='ltr'><strong>matutinum</strong></span> <span class='ocrx_word' id='word_1_6' title='bbox 1139 533 1186 579; x_wconf 84' lang='lat' dir='ltr'><strong>et</strong></span> <span class='ocrx_word' id='word_1_7' title='bbox 1204 521 1481 579; x_wconf 79' lang='lat' dir='ltr'><strong>serotinum</strong></span> <span class='ocrx_word' id='word_1_8' title='bbox 1502 512 1672 590; x_wconf 85' lang='lat' dir='ltr'><strong><em>(Ibid.</em></strong></span> <span class='ocrx_word' id='word_1_9' title='bbox 1702 512 1796 604; x_wconf 55' lang='lat' dir='ltr'><strong>H.</strong></span> <span class='ocrx_word' id='word_1_10' title='bbox 1815 509 1927 604; x_wconf 59' lang='lat' dir='ltr'><strong>ii).</strong></span> 
     </span>
    </p>
   </div>
   <div class='ocr_carea' id='block_1_3' title="bbox 314 601 1926 689">
    <p class='ocr_par' dir='ltr' id='par_1_3' title="bbox 314 601 1926 689">
     <span class='ocr_line' id='line_1_3' title="bbox 314 601 1926 689; baseline -0.014 -14"><span class='ocrx_word' id='word_1_11' title='bbox 314 622 551 689; x_wconf 70' lang='lat' dir='ltr'><strong>Excipiet</strong></span> <span class='ocrx_word' id='word_1_12' title='bbox 577 601 696 676; x_wconf 80' lang='lat' dir='ltr'><strong>area</strong></span> <span class='ocrx_word' id='word_1_13' title='bbox 721 621 1051 681; x_wconf 80' lang='lat' dir='ltr'><strong>vindemiam,</strong></span> <span class='ocrx_word' id='word_1_14' title='bbox 1079 625 1124 673; x_wconf 88' lang='lat' dir='ltr'><strong>et</strong></span> <span class='ocrx_word' id='word_1_15' title='bbox 1149 611 1400 668; x_wconf 78' lang='lat' dir='ltr'><strong>vindemia</strong></span> <span class='ocrx_word' id='word_1_16' title='bbox 1428 614 1695 663; x_wconf 86' lang='lat' dir='ltr'><strong>sementem</strong></span> <span class='ocrx_word' id='word_1_17' title='bbox 1726 604 1745 674; x_wconf 96' lang='lat'>(</span> <span class='ocrx_word' id='word_1_18' title='bbox 1768 601 1926 656; x_wconf 75' lang='lat' dir='ltr'><strong>Leuit.</strong></span> 
     </span>
    </p>
   </div>
   <div class='ocr_carea' id='block_1_4' title="bbox 310 693 1929 781">
    <p class='ocr_par' dir='ltr' id='par_1_4' title="bbox 310 693 1929 781">
     <span class='ocr_line' id='line_1_4' title="bbox 310 693 1929 781; baseline -0.014 -13"><span class='ocrx_word' id='word_1_19' title='bbox 310 717 405 768; x_wconf 71' lang='lat'><strong>26.</strong></span> <span class='ocrx_word' id='word_1_20' title='bbox 440 714 493 768; x_wconf 72' lang='grc'><strong>4.</strong></span> <span class='ocrx_word' id='word_1_21' title='bbox 527 714 562 767; x_wconf 87' lang='grc'><strong>5</strong></span> <span class='ocrx_word' id='word_1_22' title='bbox 588 714 627 781; x_wconf 62' lang='lat'><strong>3.</strong></span> <span class='ocrx_word' id='word_1_23' title='bbox 661 712 888 780; x_wconf 78' lang='lat' dir='ltr'><strong>Aliaque</strong></span> <span class='ocrx_word' id='word_1_24' title='bbox 934 707 1100 762; x_wconf 88' lang='lat' dir='ltr'><strong>multa</strong></span> <span class='ocrx_word' id='word_1_25' title='bbox 1144 704 1304 759; x_wconf 83' lang='lat' dir='ltr'><strong><em>simili</em></strong></span> <span class='ocrx_word' id='word_1_26' title='bbox 1336 699 1496 755; x_wconf 88' lang='lat' dir='ltr'><strong>modo</strong></span> <span class='ocrx_word' id='word_1_27' title='bbox 1537 697 1616 753; x_wconf 86' lang='lat' dir='ltr'><strong>eis</strong></span> <span class='ocrx_word' id='word_1_28' title='bbox 1645 693 1929 765; x_wconf 86' lang='lat' dir='ltr'><strong>promisit,</strong></span> 
     </span>
    </p>
   </div>
   <div class='ocr_carea' id='block_1_5' title="bbox 310 783 1931 873">
    <p class='ocr_par' dir='ltr' id='par_1_5' title="bbox 310 783 1931 873">
     <span class='ocr_line' id='line_1_5' title="bbox 310 783 1931 873; baseline -0.012 -17"><span class='ocrx_word' id='word_1_29' title='bbox 310 819 433 872; x_wconf 63' lang='lat' dir='ltr'><strong>qua</strong></span> <span class='ocrx_word' id='word_1_30' title='bbox 479 802 695 873; x_wconf 79' lang='lat' dir='ltr'><strong>quidem</strong></span> <span class='ocrx_word' id='word_1_31' title='bbox 727 802 907 855; x_wconf 82' lang='lat' dir='ltr'><strong>omnia</strong></span> <span class='ocrx_word' id='word_1_32' title='bbox 954 799 1005 853; x_wconf 90' lang='lat' dir='ltr'><strong>in</strong></span> <span class='ocrx_word' id='word_1_33' title='bbox 1038 795 1288 866; x_wconf 61' lang='lat' dir='ltr'><strong>praesenti</strong></span> <span class='ocrx_word' id='word_1_34' title='bbox 1317 793 1423 845; x_wconf 88' lang='lat' dir='ltr'><strong>vita</strong></span> <span class='ocrx_word' id='word_1_35' title='bbox 1450 790 1530 845; x_wconf 88' lang='lat' dir='ltr'><strong>eis</strong></span> <span class='ocrx_word' id='word_1_36' title='bbox 1578 784 1829 842; x_wconf 79' lang='lat' dir='ltr'><strong><em>reddidit.</em></strong></span> <span class='ocrx_word' id='word_1_37' title='bbox 1874 783 1931 838; x_wconf 81' lang='lat' dir='ltr'><strong>Si</strong></span> 
     </span>
    </p>
   </div>
   <div class='ocr_carea' id='block_1_6' title="bbox 312 874 1929 959">
    <p class='ocr_par' dir='ltr' id='par_1_6' title="bbox 312 874 1929 959">
     <span class='ocr_line' id='line_1_6' title="bbox 312 874 1929 959; baseline -0.009 -16"><span class='ocrx_word' id='word_1_38' title='bbox 312 894 434 959; x_wconf 77' lang='lat' dir='ltr'><strong>quis</strong></span> <span class='ocrx_word' id='word_1_39' title='bbox 461 903 546 947; x_wconf 89' lang='lat' dir='ltr'><strong>est</strong></span> <span class='ocrx_word' id='word_1_40' title='bbox 574 892 810 953; x_wconf 90' lang='lat' dir='ltr'><strong>acutior,</strong></span> <span class='ocrx_word' id='word_1_41' title='bbox 856 888 963 957; x_wconf 89' lang='lat' dir='ltr'><strong>jam</strong></span> <span class='ocrx_word' id='word_1_42' title='bbox 995 884 1250 957; x_wconf 70' lang='lat' dir='ltr'><strong>prmvidet</strong></span> <span class='ocrx_word' id='word_1_43' title='bbox 1292 882 1635 937; x_wconf 78' lang='lat' dir='ltr'><strong>solutionem.</strong></span> <span class='ocrx_word' id='word_1_44' title='bbox 1670 874 1929 943; x_wconf 54' lang='lat' dir='ltr'><strong>Quando-</strong></span> 
     </span>
    </p>
   </div>
   <div class='ocr_carea' id='block_1_7' title="bbox 311 964 1927 1053">
    <p class='ocr_par' dir='ltr' id='par_1_7' title="bbox 311 964 1927 1053">
     <span class='ocr_line' id='line_1_7' title="bbox 311 964 1927 1053; baseline -0.011 -19"><span class='ocrx_word' id='word_1_45' title='bbox 311 984 535 1050; x_wconf 78' lang='lat' dir='ltr'><strong>quidem</strong></span> <span class='ocrx_word' id='word_1_46' title='bbox 568 983 727 1053; x_wconf 89' lang='lat' dir='ltr'><strong>igitur</strong></span> <span class='ocrx_word' id='word_1_47' title='bbox 750 979 993 1048; x_wconf 89' lang='lat' dir='ltr'><strong>corporis</strong></span> <span class='ocrx_word' id='word_1_48' title='bbox 1015 977 1219 1032; x_wconf 76' lang='lat' dir='ltr'><strong>sanitas</strong></span> <span class='ocrx_word' id='word_1_49' title='bbox 1239 1017 1253 1038; x_wconf 87' lang='lat'><strong>,</strong></span> <span class='ocrx_word' id='word_1_50' title='bbox 1286 986 1540 1043; x_wconf 93' lang='lat' dir='ltr'><strong>agrorum</strong></span> <span class='ocrx_word' id='word_1_51' title='bbox 1567 967 1793 1024; x_wconf 74' lang='lat' dir='ltr'><strong>felicitas</strong></span> <span class='ocrx_word' id='word_1_52' title='bbox 1816 1005 1831 1029; x_wconf 94' lang='lat'><strong>,</strong></span> <span class='ocrx_word' id='word_1_53' title='bbox 1861 964 1927 1018; x_wconf 88' lang='lat' dir='ltr'><strong>li-</strong></span> 
     </span>
    </p>
   </div>
   <div class='ocr_carea' id='block_1_8' title="bbox 306 1056 1929 1139">
    <p class='ocr_par' dir='ltr' id='par_1_8' title="bbox 306 1056 1929 1139">
     <span class='ocr_line' id='line_1_8' title="bbox 306 1056 1929 1139; baseline -0.012 -11"><span class='ocrx_word' id='word_1_54' title='bbox 306 1075 568 1128; x_wconf 72' lang='lat' dir='ltr'><strong>berorum</strong></span> <span class='ocrx_word' id='word_1_55' title='bbox 598 1071 808 1124; x_wconf 85' lang='lat' dir='ltr'><strong>bonitas</strong></span> <span class='ocrx_word' id='word_1_56' title='bbox 833 1078 990 1139; x_wconf 87' lang='lat' dir='ltr'><strong>atque</strong></span> <span class='ocrx_word' id='word_1_57' title='bbox 1017 1066 1167 1136; x_wconf 88' lang='lat' dir='ltr'><strong>copia</strong></span> <span class='ocrx_word' id='word_1_58' title='bbox 1195 1105 1210 1130; x_wconf 92' lang='lat'><strong>,</strong></span> <span class='ocrx_word' id='word_1_59' title='bbox 1263 1064 1432 1117; x_wconf 78' lang='lat' dir='ltr'><strong>fausta</strong></span> <span class='ocrx_word' id='word_1_60' title='bbox 1474 1072 1726 1115; x_wconf 89' lang='lat' dir='ltr'><strong>senectus</strong></span> <span class='ocrx_word' id='word_1_61' title='bbox 1748 1098 1763 1122; x_wconf 93' lang='lat'><strong>,</strong></span> <span class='ocrx_word' id='word_1_62' title='bbox 1803 1056 1929 1110; x_wconf 75' lang='lat' dir='ltr'><strong>anni</strong></span> 
     </span>
    </p>
   </div>
   <div class='ocr_carea' id='block_1_9' title="bbox 318 1149 1929 1231">
    <p class='ocr_par' dir='ltr' id='par_1_9' title="bbox 318 1149 1929 1231">
     <span class='ocr_line' id='line_1_9' title="bbox 318 1149 1929 1231; baseline -0.011 -16"><span class='ocrx_word' id='word_1_63' title='bbox 318 1164 548 1231; x_wconf 90' lang='lat' dir='ltr'><strong>partium</strong></span> <span class='ocrx_word' id='word_1_64' title='bbox 585 1160 1118 1230; x_wconf 79' lang='lat' dir='ltr'><strong>temperies-optima,</strong></span> <span class='ocrx_word' id='word_1_65' title='bbox 1147 1171 1376 1211; x_wconf 73' lang='lat' dir='ltr'><strong>annonae</strong></span> <span class='ocrx_word' id='word_1_66' title='bbox 1406 1153 1617 1206; x_wconf 85' lang='lat' dir='ltr'><strong>bonitas</strong></span> <span class='ocrx_word' id='word_1_67' title='bbox 1636 1193 1651 1217; x_wconf 92' lang='lat'><strong>,</strong></span> <span class='ocrx_word' id='word_1_68' title='bbox 1681 1149 1929 1203; x_wconf 86' lang='lat' dir='ltr'><strong>imbrium</strong></span> 
     </span>
    </p>
   </div>
   <div class='ocr_carea' id='block_1_10' title="bbox 304 1239 1930 1324">
    <p class='ocr_par' dir='ltr' id='par_1_10' title="bbox 304 1239 1930 1324">
     <span class='ocr_line' id='line_1_10' title="bbox 304 1239 1930 1324; baseline -0.01 -19"><span class='ocrx_word' id='word_1_69' title='bbox 304 1253 727 1324; x_wconf 67' lang='lat' dir='ltr'><strong>opportunitas,</strong></span> <span class='ocrx_word' id='word_1_70' title='bbox 772 1240 1139 1305; x_wconf 83' lang='lat' dir='ltr'><strong>armentorum</strong></span> <span class='ocrx_word' id='word_1_71' title='bbox 1185 1256 1237 1309; x_wconf 90' lang='lat' dir='ltr'><strong>ct</strong></span> <span class='ocrx_word' id='word_1_72' title='bbox 1283 1258 1507 1316; x_wconf 78' lang='lat' dir='ltr'><strong>gregum</strong></span> <span class='ocrx_word' id='word_1_73' title='bbox 1562 1239 1930 1304; x_wconf 87' lang='lat' dir='ltr'><strong>abundantia,</strong></span> 
     </span>
    </p>
   </div>
   <div class='ocr_carea' id='block_1_11' title="bbox 316 1330 1930 1411">
    <p class='ocr_par' dir='ltr' id='par_1_11' title="bbox 316 1330 1930 1411">
     <span class='ocr_line' id='line_1_11' title="bbox 316 1330 1930 1411; baseline -0.009 -16"><span class='ocrx_word' id='word_1_74' title='bbox 316 1344 500 1398; x_wconf 88' lang='lat' dir='ltr'><strong>omnia</strong></span> <span class='ocrx_word' id='word_1_75' title='bbox 525 1342 754 1411; x_wconf 89' lang='lat' dir='ltr'><strong>denique</strong></span> <span class='ocrx_word' id='word_1_76' title='bbox 796 1341 933 1395; x_wconf 90' lang='lat' dir='ltr'><strong>bona</strong></span> <span class='ocrx_word' id='word_1_77' title='bbox 963 1340 1069 1393; x_wconf 85' lang='lat' dir='ltr'><strong>illis</strong></span> <span class='ocrx_word' id='word_1_78' title='bbox 1098 1338 1150 1393; x_wconf 89' lang='lat' dir='ltr'><strong>in</strong></span> <span class='ocrx_word' id='word_1_79' title='bbox 1182 1337 1283 1391; x_wconf 89' lang='lat' dir='ltr'><strong>hac</strong></span> <span class='ocrx_word' id='word_1_80' title='bbox 1322 1336 1431 1389; x_wconf 87' lang='lat' dir='ltr'><strong>vita</strong></span> <span class='ocrx_word' id='word_1_81' title='bbox 1458 1330 1930 1401; x_wconf 77' lang='lat' dir='ltr'><strong>reprzcsentaban-</strong></span> 
     </span>
    </p>
   </div>
   <div class='ocr_carea' id='block_1_12' title="bbox 301 1422 1931 1503">
    <p class='ocr_par' dir='ltr' id='par_1_12' title="bbox 301 1422 1931 1503">
     <span class='ocr_line' id='line_1_12' title="bbox 301 1422 1931 1503; baseline -0.009 -14"><span class='ocrx_word' id='word_1_82' title='bbox 301 1447 403 1489; x_wconf 77' lang='lat' dir='ltr'><strong>-tur</strong></span> <span class='ocrx_word' id='word_1_83' title='bbox 427 1477 442 1501; x_wconf 91' lang='lat'><strong>,</strong></span> <span class='ocrx_word' id='word_1_84' title='bbox 476 1434 715 1503; x_wconf 86' lang='lat' dir='ltr'><strong>nihilque</strong></span> <span class='ocrx_word' id='word_1_85' title='bbox 741 1444 863 1502; x_wconf 90' lang='lat' dir='ltr'><strong>post</strong></span> <span class='ocrx_word' id='word_1_86' title='bbox 890 1434 1026 1485; x_wconf 87' lang='lat' dir='ltr'><strong>hanc</strong></span> <span class='ocrx_word' id='word_1_87' title='bbox 1056 1431 1217 1483; x_wconf 84' lang='lat' dir='ltr'><strong>vitam</strong></span> <span class='ocrx_word' id='word_1_88' title='bbox 1247 1438 1300 1483; x_wconf 88' lang='lat' dir='ltr'><strong>et</strong></span> <span class='ocrx_word' id='word_1_89' title='bbox 1325 1428 1377 1482; x_wconf 90' lang='lat' dir='ltr'><strong>in</strong></span> <span class='ocrx_word' id='word_1_90' title='bbox 1405 1426 1644 1481; x_wconf 90' lang='lat' dir='ltr'><strong>futurum</strong></span> <span class='ocrx_word' id='word_1_91' title='bbox 1677 1422 1931 1477; x_wconf 70' lang='lat' dir='ltr'><strong>smcuium</strong></span> 
     </span>
    </p>
   </div>
   <div class='ocr_carea' id='block_1_13' title="bbox 315 1514 1931 1597">
    <p class='ocr_par' dir='ltr' id='par_1_13' title="bbox 315 1514 1931 1597">
     <span class='ocr_line' id='line_1_13' title="bbox 315 1514 1931 1597; baseline -0.011 -15"><span class='ocrx_word' id='word_1_92' title='bbox 315 1526 642 1597; x_wconf 88' lang='lat' dir='ltr'><strong>sperandum</strong></span> <span class='ocrx_word' id='word_1_93' title='bbox 697 1526 1092 1595; x_wconf 76' lang='lat' dir='ltr'><strong>proponebatur</strong></span> <span class='ocrx_word' id='word_1_94' title='bbox 1134 1522 1295 1577; x_wconf 71' lang='lat' dir='ltr'><strong>:hazc</strong></span> <span class='ocrx_word' id='word_1_95' title='bbox 1342 1528 1655 1589; x_wconf 90' lang='lat' dir='ltr'><strong>reputantes</strong></span> <span class='ocrx_word' id='word_1_96' title='bbox 1702 1514 1886 1568; x_wconf 82' lang='lat' dir='ltr'><strong>fideles</strong></span> <span class='ocrx_word' id='word_1_97' title='bbox 1914 1552 1931 1579; x_wconf 96' lang='lat'><strong>,</strong></span> 
     </span>
    </p>
   </div>
   <div class='ocr_carea' id='block_1_14' title="bbox 306 1603 1933 1688">
    <p class='ocr_par' dir='ltr' id='par_1_14' title="bbox 306 1603 1933 1688">
     <span class='ocr_line' id='line_1_14' title="bbox 306 1603 1933 1688; baseline -0.009 -14"><span class='ocrx_word' id='word_1_98' title='bbox 306 1618 610 1688; x_wconf 54' lang='grc' dir='ltr'><strong>«πεδοῖ-ἰδίη</strong></span> <span class='ocrx_word' id='word_1_99' title='bbox 632 1617 841 1687; x_wconf 86' lang='lat' dir='ltr'><strong>quidem</strong></span> <span class='ocrx_word' id='word_1_100' title='bbox 868 1617 978 1669; x_wconf 72' lang='lat' dir='ltr'><strong>suis</strong></span> <span class='ocrx_word' id='word_1_101' title='bbox 1004 1615 1182 1669; x_wconf 89' lang='lat' dir='ltr'><strong>omnia</strong></span> <span class='ocrx_word' id='word_1_102' title='bbox 1209 1614 1348 1667; x_wconf 88' lang='lat' dir='ltr'><strong>bona</strong></span> <span class='ocrx_word' id='word_1_103' title='bbox 1379 1625 1487 1680; x_wconf 64' lang='lat' dir='ltr'><strong>prce</strong></span> <span class='ocrx_word' id='word_1_104' title='bbox 1519 1607 1743 1678; x_wconf 88' lang='lat' dir='ltr'><strong>pedibus</strong></span> <span class='ocrx_word' id='word_1_105' title='bbox 1766 1603 1933 1660; x_wconf 83' lang='lat' dir='ltr'><strong>fuisse</strong></span> 
     </span>
    </p>
   </div>
   <div class='ocr_carea' id='block_1_15' title="bbox 316 1701 1933 1774">
    <p class='ocr_par' dir='ltr' id='par_1_15' title="bbox 316 1701 1933 1774">
     <span class='ocr_line' id='line_1_15' title="bbox 316 1701 1933 1774; baseline -0.009 -11"><span class='ocrx_word' id='word_1_106' title='bbox 316 1711 419 1763; x_wconf 88' lang='lat' dir='ltr'><strong>sita</strong></span> <span class='ocrx_word' id='word_1_107' title='bbox 447 1750 463 1774; x_wconf 94' lang='lat'><strong>,</strong></span> <span class='ocrx_word' id='word_1_108' title='bbox 496 1710 597 1764; x_wconf 84' lang='lat' dir='ltr'><strong>sibi</strong></span> <span class='ocrx_word' id='word_1_109' title='bbox 625 1723 752 1763; x_wconf 69' lang='lat' dir='ltr'><strong>vero</strong></span> <span class='ocrx_word' id='word_1_110' title='bbox 801 1708 854 1761; x_wconf 90' lang='lat' dir='ltr'><strong>in</strong></span> <span class='ocrx_word' id='word_1_111' title='bbox 889 1708 1121 1761; x_wconf 78' lang='lat' dir='ltr'><strong>futuram</strong></span> <span class='ocrx_word' id='word_1_112' title='bbox 1152 1712 1315 1759; x_wconf 87' lang='lat' dir='ltr'><strong>vitam</strong></span> <span class='ocrx_word' id='word_1_113' title='bbox 1364 1701 1583 1773; x_wconf 66' lang='lat' dir='ltr'><strong>prmmia</strong></span> <span class='ocrx_word' id='word_1_114' title='bbox 1612 1707 1665 1752; x_wconf 89' lang='lat' dir='ltr'><strong>et</strong></span> <span class='ocrx_word' id='word_1_115' title='bbox 1704 1708 1933 1751; x_wconf 74' lang='lat' dir='ltr'><strong>coronas</strong></span> 
     </span>
    </p>
   </div>
   <div class='ocr_carea' id='block_1_16' title="bbox 305 1792 1932 1871">
    <p class='ocr_par' dir='ltr' id='par_1_16' title="bbox 305 1792 1932 1871">
     <span class='ocr_line' id='line_1_16' title="bbox 305 1792 1932 1871; baseline -0.009 -14"><span class='ocrx_word' id='word_1_116' title='bbox 305 1804 558 1871; x_wconf 58' lang='lat' dir='ltr'><strong>reposita</strong></span> <span class='ocrx_word' id='word_1_117' title='bbox 590 1816 745 1865; x_wconf 80' lang='lat' dir='ltr'><strong>esse,</strong></span> <span class='ocrx_word' id='word_1_118' title='bbox 779 1810 831 1855; x_wconf 89' lang='lat' dir='ltr'><strong>et</strong></span> <span class='ocrx_word' id='word_1_119' title='bbox 856 1816 922 1854; x_wconf 83' lang='lat' dir='ltr'><strong>ex</strong></span> <span class='ocrx_word' id='word_1_120' title='bbox 955 1800 1058 1853; x_wconf 85' lang='lat' dir='ltr'><strong>fide</strong></span> <span class='ocrx_word' id='word_1_121' title='bbox 1104 1800 1339 1867; x_wconf 89' lang='lat' dir='ltr'><strong>ipsorum</strong></span> <span class='ocrx_word' id='word_1_122' title='bbox 1382 1792 1767 1865; x_wconf 90' lang='lat' dir='ltr'><strong>promissiones</strong></span> <span class='ocrx_word' id='word_1_123' title='bbox 1801 1806 1932 1860; x_wconf 87' lang='lat' dir='ltr'><strong>pen-</strong></span> 
     </span>
    </p>
   </div>
   <div class='ocr_carea' id='block_1_17' title="bbox 306 1887 1933 1958">
    <p class='ocr_par' dir='ltr' id='par_1_17' title="bbox 306 1887 1933 1958">
     <span class='ocr_line' id='line_1_17' title="bbox 306 1887 1933 1958; baseline -0.004 -13"><span class='ocrx_word' id='word_1_124' title='bbox 306 1895 448 1949; x_wconf 76' lang='lat' dir='ltr'><strong>dere</strong></span> <span class='ocrx_word' id='word_1_125' title='bbox 475 1911 490 1949; x_wconf 92' lang='lat'><strong>:</strong></span> <span class='ocrx_word' id='word_1_126' title='bbox 518 1894 923 1948; x_wconf 72' lang='lat' dir='ltr'><strong>delassahantur</strong></span> <span class='ocrx_word' id='word_1_127' title='bbox 943 1908 1003 1946; x_wconf 89' lang='lat' dir='ltr'><strong>ac</strong></span> <span class='ocrx_word' id='word_1_128' title='bbox 1024 1891 1366 1954; x_wconf 83' lang='lat' dir='ltr'><strong>deficiebant,</strong></span> <span class='ocrx_word' id='word_1_129' title='bbox 1396 1898 1451 1943; x_wconf 94' lang='lat' dir='ltr'><strong>ut</strong></span> <span class='ocrx_word' id='word_1_130' title='bbox 1471 1888 1663 1958; x_wconf 88' lang='lat' dir='ltr'><strong>quibus</strong></span> <span class='ocrx_word' id='word_1_131' title='bbox 1688 1887 1933 1940; x_wconf 85' lang='lat' dir='ltr'><strong>universa</strong></span> 
     </span>
    </p>
   </div>
   <div class='ocr_carea' id='block_1_18' title="bbox 316 1977 1928 2047">
    <p class='ocr_par' dir='ltr' id='par_1_18' title="bbox 316 1977 1928 2047">
     <span class='ocr_line' id='line_1_18' title="bbox 316 1977 1928 2047; baseline -0.003 -12"><span class='ocrx_word' id='word_1_132' title='bbox 316 1986 424 2037; x_wconf 68' lang='lat' dir='ltr'><strong>rita</strong></span> <span class='ocrx_word' id='word_1_133' title='bbox 457 1984 595 2037; x_wconf 89' lang='lat' dir='ltr'><strong>inter</strong></span> <span class='ocrx_word' id='word_1_134' title='bbox 623 1986 944 2038; x_wconf 83' lang='lat' dir='ltr'><strong>tentationcs</strong></span> <span class='ocrx_word' id='word_1_135' title='bbox 974 1983 1279 2037; x_wconf 88' lang='lat' dir='ltr'><strong>necessario</strong></span> <span class='ocrx_word' id='word_1_136' title='bbox 1308 1989 1449 2034; x_wconf 89' lang='lat' dir='ltr'><strong>esset</strong></span> <span class='ocrx_word' id='word_1_137' title='bbox 1479 1978 1757 2047; x_wconf 68' lang='lat' dir='ltr'><strong>exigenda.</strong></span> <span class='ocrx_word' id='word_1_138' title='bbox 1802 1977 1928 2030; x_wconf 84' lang='lat' dir='ltr'><strong>H:ec</strong></span> 
     </span>
    </p>
   </div>
   <div class='ocr_carea' id='block_1_19' title="bbox 308 2068 1934 2146">
    <p class='ocr_par' dir='ltr' id='par_1_19' title="bbox 308 2068 1934 2146">
     <span class='ocr_line' id='line_1_19' title="bbox 308 2068 1934 2146; baseline -0.007 -15"><span class='ocrx_word' id='word_1_139' title='bbox 308 2078 483 2146; x_wconf 72' lang='lat' dir='ltr'><strong>igitur</strong></span> <span class='ocrx_word' id='word_1_140' title='bbox 512 2077 860 2131; x_wconf 73' lang='lat' dir='ltr'><strong>considerans</strong></span> <span class='ocrx_word' id='word_1_141' title='bbox 887 2076 1116 2139; x_wconf 82' lang='lat' dir='ltr'><strong>Paulus,</strong></span> <span class='ocrx_word' id='word_1_142' title='bbox 1163 2083 1217 2127; x_wconf 90' lang='lat' dir='ltr'><strong>et</strong></span> <span class='ocrx_word' id='word_1_143' title='bbox 1267 2074 1530 2126; x_wconf 88' lang='lat' dir='ltr'><strong>malorum</strong></span> <span class='ocrx_word' id='word_1_144' title='bbox 1562 2084 1681 2140; x_wconf 77' lang='lat' dir='ltr'><strong>qua:</strong></span> <span class='ocrx_word' id='word_1_145' title='bbox 1721 2068 1801 2122; x_wconf 89' lang='lat' dir='ltr'><strong>eis</strong></span> <span class='ocrx_word' id='word_1_146' title='bbox 1831 2068 1934 2121; x_wconf 61' lang='lat' dir='ltr'><strong>in»</strong></span> 
     </span>
    </p>
   </div>
   <div class='ocr_carea' id='block_1_20' title="bbox 321 2161 1938 2237">
    <p class='ocr_par' dir='ltr' id='par_1_20' title="bbox 321 2161 1938 2237">
     <span class='ocr_line' id='line_1_20' title="bbox 321 2161 1938 2237; baseline -0.006 -15"><span class='ocrx_word' id='word_1_147' title='bbox 321 2168 626 2237; x_wconf 78' lang='lat' dir='ltr'><strong>pendebant</strong></span> <span class='ocrx_word' id='word_1_148' title='bbox 677 2167 1100 2237; x_wconf 77' lang='lat' dir='ltr'><strong>magnitudinem</strong></span> <span class='ocrx_word' id='word_1_149' title='bbox 1127 2210 1140 2230; x_wconf 95' lang='lat'><strong>,</strong></span> <span class='ocrx_word' id='word_1_150' title='bbox 1172 2175 1226 2220; x_wconf 89' lang='lat' dir='ltr'><strong>et</strong></span> <span class='ocrx_word' id='word_1_151' title='bbox 1253 2164 1393 2233; x_wconf 89' lang='lat' dir='ltr'><strong>quod</strong></span> <span class='ocrx_word' id='word_1_152' title='bbox 1426 2164 1509 2216; x_wconf 90' lang='lat' dir='ltr'><strong>his</strong></span> <span class='ocrx_word' id='word_1_153' title='bbox 1554 2161 1771 2231; x_wconf 89' lang='lat' dir='ltr'><strong>quidem</strong></span> <span class='ocrx_word' id='word_1_154' title='bbox 1818 2168 1938 2230; x_wconf 91' lang='lat' dir='ltr'><strong>post</strong></span> 
     </span>
    </p>
   </div>
   <div class='ocr_carea' id='block_1_21' title="bbox 319 2251 1934 2321">
    <p class='ocr_par' dir='ltr' id='par_1_21' title="bbox 319 2251 1934 2321">
     <span class='ocr_line' id='line_1_21' title="bbox 319 2251 1934 2321; baseline -0.005 -12"><span class='ocrx_word' id='word_1_155' title='bbox 319 2258 524 2310; x_wconf 85' lang='lat' dir='ltr'><strong>obitum</strong></span> <span class='ocrx_word' id='word_1_156' title='bbox 552 2257 792 2310; x_wconf 83' lang='lat' dir='ltr'><strong>laborum</strong></span> <span class='ocrx_word' id='word_1_157' title='bbox 824 2257 1129 2311; x_wconf 87' lang='lat' dir='ltr'><strong>mercedem</strong></span> <span class='ocrx_word' id='word_1_158' title='bbox 1158 2255 1298 2309; x_wconf 93' lang='lat' dir='ltr'><strong>Dcus</strong></span> <span class='ocrx_word' id='word_1_159' title='bbox 1327 2262 1471 2307; x_wconf 75' lang='lat' dir='ltr'><strong>e~set</strong></span> <span class='ocrx_word' id='word_1_160' title='bbox 1500 2251 1770 2321; x_wconf 89' lang='lat' dir='ltr'><strong>pollicitus</strong></span> <span class='ocrx_word' id='word_1_161' title='bbox 1795 2292 1809 2315; x_wconf 91' lang='lat'><strong>,</strong></span> <span class='ocrx_word' id='word_1_162' title='bbox 1842 2264 1934 2317; x_wconf 89' lang='lat' dir='ltr'><strong>pa-</strong></span> 
     </span>
    </p>
   </div>
   <div class='ocr_carea' id='block_1_22' title="bbox 310 2344 1934 2425">
    <p class='ocr_par' dir='ltr' id='par_1_22' title="bbox 310 2344 1934 2425">
     <span class='ocr_line' id='line_1_22' title="bbox 310 2344 1934 2425; baseline -0.005 -22"><span class='ocrx_word' id='word_1_163' title='bbox 310 2349 491 2403; x_wconf 74' lang='lat' dir='ltr'><strong>tribus</strong></span> <span class='ocrx_word' id='word_1_164' title='bbox 518 2360 696 2403; x_wconf 89' lang='lat' dir='ltr'><strong>autem</strong></span> <span class='ocrx_word' id='word_1_165' title='bbox 741 2358 1079 2425; x_wconf 12' lang='lat' dir='ltr'><strong>prmsentem‘</strong></span> <span class='ocrx_word' id='word_1_166' title='bbox 1110 2347 1515 2402; x_wconf 87' lang='lat' dir='ltr'><strong>retributionem</strong></span> <span class='ocrx_word' id='word_1_167' title='bbox 1561 2344 1934 2413; x_wconf 78' lang='lat' dir='ltr'><strong>praestitisset;</strong></span> 
     </span>
    </p>
   </div>
   <div class='ocr_carea' id='block_1_23' title="bbox 318 2437 1924 2512">
    <p class='ocr_par' dir='ltr' id='par_1_23' title="bbox 318 2437 1924 2512">
     <span class='ocr_line' id='line_1_23' title="bbox 318 2437 1924 2512; baseline -0.002 -17"><span class='ocrx_word' id='word_1_168' title='bbox 318 2442 754 2511; x_wconf 67' lang='lat' dir='ltr'><strong>perspiciens-que</strong></span> <span class='ocrx_word' id='word_1_169' title='bbox 800 2456 1045 2512; x_wconf 78' lang='lat' dir='ltr'><strong>magnam</strong></span> <span class='ocrx_word' id='word_1_170' title='bbox 1098 2443 1148 2494; x_wconf 90' lang='lat' dir='ltr'><strong>in</strong></span> <span class='ocrx_word' id='word_1_171' title='bbox 1207 2442 1311 2495; x_wconf 89' lang='lat' dir='ltr'><strong>illis</strong></span> <span class='ocrx_word' id='word_1_172' title='bbox 1360 2439 1641 2509; x_wconf 74' lang='lat' dir='ltr'><strong>segnitiem</strong></span> <span class='ocrx_word' id='word_1_173' title='bbox 1672 2454 1702 2492; x_wconf 89' lang='lat' dir='ltr'><strong>e</strong></span> <span class='ocrx_word' id='word_1_174' title='bbox 1732 2437 1924 2491; x_wconf 87' lang='lat' dir='ltr'><strong>talibus</strong></span> 
     </span>
    </p>
   </div>
   <div class='ocr_carea' id='block_1_24' title="bbox 318 2532 1931 2605">
    <p class='ocr_par' dir='ltr' id='par_1_24' title="bbox 318 2532 1931 2605">
     <span class='ocr_line' id='line_1_24' title="bbox 318 2532 1931 2605; baseline -0.002 -15"><span class='ocrx_word' id='word_1_175' title='bbox 318 2535 734 2605; x_wconf 85' lang='lat' dir='ltr'><strong>cogitationibus</strong></span> <span class='ocrx_word' id='word_1_176' title='bbox 764 2536 1027 2601; x_wconf 90' lang='lat' dir='ltr'><strong>suboriri,</strong></span> <span class='ocrx_word' id='word_1_177' title='bbox 1059 2546 1112 2590; x_wconf 89' lang='lat' dir='ltr'><strong>et</strong></span> <span class='ocrx_word' id='word_1_178' title='bbox 1144 2537 1330 2590; x_wconf 84' lang='lat' dir='ltr'><strong>volens</strong></span> <span class='ocrx_word' id='word_1_179' title='bbox 1362 2550 1457 2589; x_wconf 90' lang='lat' dir='ltr'><strong>eos</strong></span> <span class='ocrx_word' id='word_1_180' title='bbox 1484 2535 1718 2587; x_wconf 83' lang='lat' dir='ltr'><strong>excitare</strong></span> <span class='ocrx_word' id='word_1_181' title='bbox 1744 2548 1808 2587; x_wconf 89' lang='lat' dir='ltr'><strong>ac</strong></span> <span class='ocrx_word' id='word_1_182' title='bbox 1836 2532 1931 2586; x_wconf 90' lang='lat' dir='ltr'><strong>do-</strong></span> 
     </span>
    </p>
   </div>
   <div class='ocr_carea' id='block_1_25' title="bbox 319 2622 1935 2696">
    <p class='ocr_par' dir='ltr' id='par_1_25' title="bbox 319 2622 1935 2696">
     <span class='ocr_line' id='line_1_25' title="bbox 319 2622 1935 2696; baseline -0.004 -14"><span class='ocrx_word' id='word_1_183' title='bbox 319 2641 469 2692; x_wconf 86' lang='lat' dir='ltr'><strong>cere,</strong></span> <span class='ocrx_word' id='word_1_184' title='bbox 498 2634 705 2693; x_wconf 80' lang='lat' dir='ltr'><strong>patrum</strong></span> <span class='ocrx_word' id='word_1_185' title='bbox 728 2642 939 2696; x_wconf 89' lang='lat' dir='ltr'><strong>quoque</strong></span> <span class='ocrx_word' id='word_1_186' title='bbox 962 2626 1292 2696; x_wconf 86' lang='lat' dir='ltr'><strong>temporibus</strong></span> <span class='ocrx_word' id='word_1_187' title='bbox 1309 2625 1551 2679; x_wconf 86' lang='lat' dir='ltr'><strong>eamdem</strong></span> <span class='ocrx_word' id='word_1_188' title='bbox 1575 2622 1739 2677; x_wconf 88' lang='lat' dir='ltr'><strong>fuisse</strong></span> <span class='ocrx_word' id='word_1_189' title='bbox 1757 2638 1935 2677; x_wconf 85' lang='lat' dir='ltr'><strong>rerum</strong></span> 
     </span>
    </p>
   </div>
   <div class='ocr_carea' id='block_1_26' title="bbox 318 2714 1937 2793">
    <p class='ocr_par' dir='ltr' id='par_1_26' title="bbox 318 2714 1937 2793">
     <span class='ocr_line' id='line_1_26' title="bbox 318 2714 1937 2793; baseline -0.008 -14"><span class='ocrx_word' id='word_1_190' title='bbox 318 2722 803 2793; x_wconf 63' lang='lat' dir='ltr'><strong>dispensationem,</strong></span> <span class='ocrx_word' id='word_1_191' title='bbox 828 2719 1132 2788; x_wconf 88' lang='lat' dir='ltr'><strong>multosque</strong></span> <span class='ocrx_word' id='word_1_192' title='bbox 1160 2716 1262 2771; x_wconf 83' lang='lat' dir='ltr'><strong>fide</strong></span> <span class='ocrx_word' id='word_1_193' title='bbox 1288 2715 1590 2770; x_wconf 83' lang='lat' dir='ltr'><strong>mercedem</strong></span> <span class='ocrx_word' id='word_1_194' title='bbox 1613 2714 1937 2784; x_wconf 80' lang='lat' dir='ltr'><strong>percepisse,</strong></span> 
     </span>
    </p>
   </div>
   <div class='ocr_carea' id='block_1_27' title="bbox 321 2807 1940 2883">
    <p class='ocr_par' dir='ltr' id='par_1_27' title="bbox 321 2807 1940 2883">
     <span class='ocr_line' id='line_1_27' title="bbox 321 2807 1940 2883; baseline -0.006 -14"><span class='ocrx_word' id='word_1_195' title='bbox 321 2830 426 2869; x_wconf 88' lang='lat' dir='ltr'><strong>non</strong></span> <span class='ocrx_word' id='word_1_196' title='bbox 455 2830 535 2878; x_wconf 89' lang='lat' dir='ltr'><strong>re,</strong></span> <span class='ocrx_word' id='word_1_197' title='bbox 568 2812 933 2883; x_wconf 70' lang='lat' dir='ltr'><strong>propheticum</strong></span> <span class='ocrx_word' id='word_1_198' title='bbox 957 2809 1061 2863; x_wconf 86' lang='lat' dir='ltr'><strong>illis</strong></span> <span class='ocrx_word' id='word_1_199' title='bbox 1080 2809 1277 2862; x_wconf 92' lang='lat' dir='ltr'><strong>dictum</strong></span> <span class='ocrx_word' id='word_1_200' title='bbox 1306 2809 1356 2860; x_wconf 91' lang='lat' dir='ltr'><strong>in</strong></span> <span class='ocrx_word' id='word_1_201' title='bbox 1381 2807 1694 2863; x_wconf 80' lang='lat' dir='ltr'><strong>memoriam</strong></span> <span class='ocrx_word' id='word_1_202' title='bbox 1725 2813 1940 2860; x_wconf 82' lang='lat' dir='ltr'><strong>revocat</strong></span> 
     </span>
    </p>
   </div>
   <div class='ocr_carea' id='block_1_28' title="bbox 318 2898 1935 2968">
    <p class='ocr_par' dir='ltr' id='par_1_28' title="bbox 318 2898 1935 2968">
     <span class='ocr_line' id='line_1_28' title="bbox 318 2898 1935 2968; baseline -0.007 -7"><span class='ocrx_word' id='word_1_203' title='bbox 318 2907 504 2961; x_wconf 86' lang='lat' dir='ltr'><strong>dicens</strong></span> <span class='ocrx_word' id='word_1_204' title='bbox 534 2914 551 2959; x_wconf 66' lang='grc' dir='ltr'><strong><em>τ</em></strong></span> <span class='ocrx_word' id='word_1_205' title='bbox 586 2904 841 2958; x_wconf 78' lang='lat' dir='ltr'><strong>Habentes</strong></span> <span class='ocrx_word' id='word_1_206' title='bbox 888 2902 1119 2955; x_wconf 87' lang='lat' dir='ltr'><strong>eumdem</strong></span> <span class='ocrx_word' id='word_1_207' title='bbox 1152 2900 1406 2968; x_wconf 81' lang='lat' dir='ltr'><strong>Spiritum</strong></span> <span class='ocrx_word' id='word_1_208' title='bbox 1452 2899 1593 2965; x_wconf 78' lang='lat' dir='ltr'><strong>fidei,</strong></span> <span class='ocrx_word' id='word_1_209' title='bbox 1634 2898 1763 2950; x_wconf 86' lang='lat' dir='ltr'><strong>sicut</strong></span> <span class='ocrx_word' id='word_1_210' title='bbox 1807 2899 1935 2951; x_wconf 81' lang='lat' dir='ltr'><strong>scri-</strong></span> 
     </span>
    </p>
   </div>
   <div class='ocr_carea' id='block_1_29' title="bbox 316 2990 1933 3067">
    <p class='ocr_par' dir='ltr' id='par_1_29' title="bbox 316 2990 1933 3067">
     <span class='ocr_line' id='line_1_29' title="bbox 316 2990 1933 3067; baseline -0.006 -18"><span class='ocrx_word' id='word_1_211' title='bbox 316 3007 462 3067; x_wconf 75' lang='lat' dir='ltr'><strong>ptum</strong></span> <span class='ocrx_word' id='word_1_212' title='bbox 489 3005 581 3060; x_wconf 79' lang='lat' dir='ltr'><strong>est,</strong></span> <span class='ocrx_word' id='word_1_213' title='bbox 610 2993 837 3055; x_wconf 83' lang='lat' dir='ltr'><strong>Credidi,</strong></span> <span class='ocrx_word' id='word_1_214' title='bbox 873 3001 1079 3062; x_wconf 75' lang='lat' dir='ltr'><strong>propter</strong></span> <span class='ocrx_word' id='word_1_215' title='bbox 1096 2990 1235 3061; x_wconf 82' lang='lat' dir='ltr'><strong>quod</strong></span> <span class='ocrx_word' id='word_1_216' title='bbox 1264 2990 1504 3061; x_wconf 82' lang='lat' dir='ltr'><strong>loquutus</strong></span> <span class='ocrx_word' id='word_1_217' title='bbox 1534 3004 1645 3041; x_wconf 88' lang='lat' dir='ltr'><strong>sum</strong></span> <span class='ocrx_word' id='word_1_218' title='bbox 1678 3004 1696 3040; x_wconf 91' lang='lat'><strong><em>:</em></strong></span> <span class='ocrx_word' id='word_1_219' title='bbox 1730 2995 1933 3040; x_wconf 89' lang='lat' dir='ltr'><strong>tantum</strong></span> 
     </span>
    </p>
   </div>
   <div class='ocr_carea' id='block_1_30' title="bbox 320 3077 1939 3154">
    <p class='ocr_par' dir='ltr' id='par_1_30' title="bbox 320 3077 1939 3154">
     <span class='ocr_line' id='line_1_30' title="bbox 320 3077 1939 3154; baseline -0.005 -15"><span class='ocrx_word' id='word_1_220' title='bbox 320 3102 425 3141; x_wconf 87' lang='lat' dir='ltr'><strong>non</strong></span> <span class='ocrx_word' id='word_1_221' title='bbox 456 3085 643 3139; x_wconf 86' lang='lat' dir='ltr'><strong>dicens</strong></span> <span class='ocrx_word' id='word_1_222' title='bbox 665 3083 806 3154; x_wconf 84' lang='lat' dir='ltr'><strong>quod</strong></span> <span class='ocrx_word' id='word_1_223' title='bbox 838 3097 1060 3151; x_wconf 79' lang='lat' dir='ltr'><strong>magnus</strong></span> <span class='ocrx_word' id='word_1_224' title='bbox 1088 3081 1250 3135; x_wconf 88' lang='lat' dir='ltr'><strong>etiam</strong></span> <span class='ocrx_word' id='word_1_225' title='bbox 1282 3078 1369 3133; x_wconf 89' lang='lat' dir='ltr'><strong>ille</strong></span> <span class='ocrx_word' id='word_1_226' title='bbox 1400 3078 1584 3139; x_wconf 87' lang='lat' dir='ltr'><strong>David,</strong></span> <span class='ocrx_word' id='word_1_227' title='bbox 1613 3077 1857 3147; x_wconf 80' lang='lat' dir='ltr'><strong>egregius</strong></span> <span class='ocrx_word' id='word_1_228' title='bbox 1886 3081 1939 3131; x_wconf 70' lang='lat' dir='ltr'><strong>et</strong></span> 
     </span>
    </p>
   </div>
   <div class='ocr_carea' id='block_1_31' title="bbox 319 3167 1935 3245">
    <p class='ocr_par' dir='ltr' id='par_1_31' title="bbox 319 3167 1935 3245">
     <span class='ocr_line' id='line_1_31' title="bbox 319 3167 1935 3245; baseline -0.006 -18"><span class='ocrx_word' id='word_1_229' title='bbox 319 3174 666 3229; x_wconf 80' lang='lat' dir='ltr'><strong>admirandus</strong></span> <span class='ocrx_word' id='word_1_230' title='bbox 691 3172 949 3245; x_wconf 86' lang='lat' dir='ltr'><strong>propheta</strong></span> <span class='ocrx_word' id='word_1_231' title='bbox 973 3212 987 3235; x_wconf 90' lang='lat'><strong>,</strong></span> <span class='ocrx_word' id='word_1_232' title='bbox 1020 3170 1123 3224; x_wconf 85' lang='lat' dir='ltr'><strong>fide</strong></span> <span class='ocrx_word' id='word_1_233' title='bbox 1152 3169 1565 3224; x_wconf 87' lang='lat' dir='ltr'><strong>retributionem</strong></span> <span class='ocrx_word' id='word_1_234' title='bbox 1596 3167 1896 3235; x_wconf 88' lang='lat' dir='ltr'><strong>perceperit</strong></span> <span class='ocrx_word' id='word_1_235' title='bbox 1920 3204 1935 3230; x_wconf 95' lang='lat'><strong>,</strong></span> 
     </span>
    </p>
   </div>
   <div class='ocr_carea' id='block_1_32' title="bbox 322 3257 1935 3333">
    <p class='ocr_par' dir='ltr' id='par_1_32' title="bbox 322 3257 1935 3333">
     <span class='ocr_line' id='line_1_32' title="bbox 322 3257 1935 3333; baseline -0.006 -14"><span class='ocrx_word' id='word_1_236' title='bbox 322 3282 425 3319; x_wconf 92' lang='lat' dir='ltr'><strong>non</strong></span> <span class='ocrx_word' id='word_1_237' title='bbox 465 3266 841 3333; x_wconf 71' lang='lat' dir='ltr'><strong>exlierimento</strong></span> <span class='ocrx_word' id='word_1_238' title='bbox 872 3281 885 3315; x_wconf 90' lang='lat'><strong>:</strong></span> <span class='ocrx_word' id='word_1_239' title='bbox 918 3261 1117 3330; x_wconf 83' lang='lat' dir='ltr'><strong>alioqui</strong></span> <span class='ocrx_word' id='word_1_240' title='bbox 1145 3302 1158 3324; x_wconf 94' lang='lat'><strong>,</strong></span> <span class='ocrx_word' id='word_1_241' title='bbox 1207 3260 1306 3312; x_wconf 82' lang='lat' dir='ltr'><strong>nisi</strong></span> <span class='ocrx_word' id='word_1_242' title='bbox 1368 3273 1456 3313; x_wconf 85' lang='lat' dir='ltr'><strong>res</strong></span> <span class='ocrx_word' id='word_1_243' title='bbox 1486 3257 1557 3311; x_wconf 86' lang='lat' dir='ltr'><strong>ita</strong></span> <span class='ocrx_word' id='word_1_244' title='bbox 1589 3272 1647 3311; x_wconf 88' lang='lat' dir='ltr'><strong>se</strong></span> <span class='ocrx_word' id='word_1_245' title='bbox 1677 3258 1935 3322; x_wconf 87' lang='lat' dir='ltr'><strong>haberet,</strong></span> 
     </span>
    </p>
   </div>
   <div class='ocr_carea' id='block_1_33' title="bbox 321 3350 1937 3424">
    <p class='ocr_par' dir='ltr' id='par_1_33' title="bbox 321 3350 1937 3424">
     <span class='ocr_line' id='line_1_33' title="bbox 321 3350 1937 3424; baseline -0.005 -13"><span class='ocrx_word' id='word_1_246' title='bbox 321 3374 425 3411; x_wconf 85' lang='lat' dir='ltr'><strong>non</strong></span> <span class='ocrx_word' id='word_1_247' title='bbox 448 3358 671 3412; x_wconf 82' lang='lat' dir='ltr'><strong>dixisset</strong></span> <span class='ocrx_word' id='word_1_248' title='bbox 698 3355 868 3424; x_wconf 84' lang='lat' dir='ltr'><strong>(Psal.</strong></span> <span class='ocrx_word' id='word_1_249' title='bbox 898 3356 1020 3409; x_wconf 76' lang='lat'><strong>“5.</strong></span> <span class='ocrx_word' id='word_1_250' title='bbox 1056 3352 1140 3421; x_wconf 73' lang='lat'><strong>10)</strong></span> <span class='ocrx_word' id='word_1_251' title='bbox 1171 3372 1183 3406; x_wconf 88' lang='lat'>:</span> <span class='ocrx_word' id='word_1_252' title='bbox 1214 3351 1440 3417; x_wconf 75' lang='lat' dir='ltr'><strong>Credidi,</strong></span> <span class='ocrx_word' id='word_1_253' title='bbox 1470 3360 1675 3420; x_wconf 85' lang='lat' dir='ltr'><strong>propter</strong></span> <span class='ocrx_word' id='word_1_254' title='bbox 1698 3350 1833 3420; x_wconf 86' lang='lat' dir='ltr'><strong>quod</strong></span> <span class='ocrx_word' id='word_1_255' title='bbox 1858 3353 1937 3404; x_wconf 84' lang='lat' dir='ltr'><strong>lo-</strong></span> 
     </span>
    </p>
   </div>
   <div class='ocr_carea' id='block_1_34' title="bbox 320 3444 1934 3519">
    <p class='ocr_par' dir='ltr' id='par_1_34' title="bbox 320 3444 1934 3519">
     <span class='ocr_line' id='line_1_34' title="bbox 320 3444 1934 3519; baseline -0.002 -18"><span class='ocrx_word' id='word_1_256' title='bbox 320 3458 511 3519; x_wconf 70' lang='lat' dir='ltr'><strong>quutus</strong></span> <span class='ocrx_word' id='word_1_257' title='bbox 537 3465 667 3501; x_wconf 83' lang='lat' dir='ltr'><strong>sum.</strong></span> <span class='ocrx_word' id='word_1_258' title='bbox 690 3447 849 3502; x_wconf 87' lang='lat' dir='ltr'><strong>Fides</strong></span> <span class='ocrx_word' id='word_1_259' title='bbox 878 3447 1020 3501; x_wconf 89' lang='lat' dir='ltr'><strong>enim</strong></span> <span class='ocrx_word' id='word_1_260' title='bbox 1052 3445 1115 3500; x_wconf 90' lang='lat' dir='ltr'><strong>ad</strong></span> <span class='ocrx_word' id='word_1_261' title='bbox 1146 3460 1206 3500; x_wconf 91' lang='lat' dir='ltr'><strong>ea</strong></span> <span class='ocrx_word' id='word_1_262' title='bbox 1230 3461 1349 3514; x_wconf 70' lang='lat' dir='ltr'><strong>qua:</strong></span> <span class='ocrx_word' id='word_1_263' title='bbox 1371 3453 1657 3513; x_wconf 74' lang='lat' dir='ltr'><strong>sperantur</strong></span> <span class='ocrx_word' id='word_1_264' title='bbox 1685 3444 1934 3509; x_wconf 79' lang='lat' dir='ltr'><strong>refertur,</strong></span> 
     </span>
    </p>
   </div>
   <div class='ocr_carea' id='block_1_35' title="bbox 321 3534 1938 3610">
    <p class='ocr_par' dir='ltr' id='par_1_35' title="bbox 321 3534 1938 3610">
     <span class='ocr_line' id='line_1_35' title="bbox 321 3534 1938 3610; baseline -0.004 -13"><span class='ocrx_word' id='word_1_265' title='bbox 321 3558 425 3597; x_wconf 86' lang='lat' dir='ltr'><strong>non</strong></span> <span class='ocrx_word' id='word_1_266' title='bbox 450 3541 517 3595; x_wconf 89' lang='lat' dir='ltr'><strong>ad</strong></span> <span class='ocrx_word' id='word_1_267' title='bbox 546 3556 607 3595; x_wconf 87' lang='lat' dir='ltr'><strong>ea</strong></span> <span class='ocrx_word' id='word_1_268' title='bbox 635 3555 754 3610; x_wconf 74' lang='lat' dir='ltr'><strong>quze</strong></span> <span class='ocrx_word' id='word_1_269' title='bbox 783 3538 1033 3593; x_wconf 88' lang='lat' dir='ltr'><strong>videntur</strong></span> <span class='ocrx_word' id='word_1_270' title='bbox 1058 3556 1070 3590; x_wconf 92' lang='lat'>:</span> <span class='ocrx_word' id='word_1_271' title='bbox 1096 3536 1235 3607; x_wconf 88' lang='lat' dir='ltr'><strong>quod</strong></span> <span class='ocrx_word' id='word_1_272' title='bbox 1258 3537 1403 3591; x_wconf 89' lang='lat' dir='ltr'><strong>enim</strong></span> <span class='ocrx_word' id='word_1_273' title='bbox 1433 3535 1578 3589; x_wconf 87' lang='lat' dir='ltr'><strong>videt</strong></span> <span class='ocrx_word' id='word_1_274' title='bbox 1606 3536 1747 3605; x_wconf 88' lang='lat' dir='ltr'><strong>quis,</strong></span> <span class='ocrx_word' id='word_1_275' title='bbox 1780 3534 1938 3604; x_wconf 85' lang='lat' dir='ltr'><strong>plane</strong></span> 
     </span>
    </p>
   </div>
   <div class='ocr_carea' id='block_1_36' title="bbox 320 3627 1938 3702">
    <p class='ocr_par' dir='ltr' id='par_1_36' title="bbox 320 3627 1938 3702">
     <span class='ocr_line' id='line_1_36' title="bbox 320 3627 1938 3702; baseline -0.004 -15"><span class='ocrx_word' id='word_1_276' title='bbox 320 3650 426 3688; x_wconf 92' lang='lat' dir='ltr'><strong>non</strong></span> <span class='ocrx_word' id='word_1_277' title='bbox 459 3640 640 3702; x_wconf 85' lang='lat' dir='ltr'><strong>sperat</strong></span> <span class='ocrx_word' id='word_1_278' title='bbox 669 3631 851 3702; x_wconf 84' lang='lat' dir='ltr'><strong>(Hebr.</strong></span> <span class='ocrx_word' id='word_1_279' title='bbox 885 3632 974 3687; x_wconf 83' lang='grc' dir='ltr'><strong>Η.</strong></span> <span class='ocrx_word' id='word_1_280' title='bbox 1005 3628 1103 3701; x_wconf 80' lang='grc'><strong>1.).</strong></span> <span class='ocrx_word' id='word_1_281' title='bbox 1137 3628 1192 3685; x_wconf 90' lang='lat' dir='ltr'><strong>Si</strong></span> <span class='ocrx_word' id='word_1_282' title='bbox 1234 3629 1393 3698; x_wconf 82' lang='lat' dir='ltr'><strong>igitur</strong></span> <span class='ocrx_word' id='word_1_283' title='bbox 1418 3627 1645 3682; x_wconf 89' lang='lat' dir='ltr'><strong>credidit</strong></span> <span class='ocrx_word' id='word_1_284' title='bbox 1667 3669 1682 3695; x_wconf 95' lang='lat'><strong>,</strong></span> <span class='ocrx_word' id='word_1_285' title='bbox 1719 3628 1820 3681; x_wconf 77' lang='lat' dir='ltr'><strong>illis</strong></span> <span class='ocrx_word' id='word_1_286' title='bbox 1857 3628 1938 3681; x_wconf 83' lang='lat' dir='ltr'><strong>ni-</strong></span> 
     </span>
    </p>
   </div>
   <div class='ocr_carea' id='block_1_37' title="bbox 318 3719 1937 3792">
    <p class='ocr_par' dir='ltr' id='par_1_37' title="bbox 318 3719 1937 3792">
     <span class='ocr_line' id='line_1_37' title="bbox 318 3719 1937 3792; baseline -0.004 -12"><span class='ocrx_word' id='word_1_287' title='bbox 318 3727 518 3780; x_wconf 90' lang='lat' dir='ltr'><strong>mirum</strong></span> <span class='ocrx_word' id='word_1_288' title='bbox 562 3724 791 3779; x_wconf 85' lang='lat' dir='ltr'><strong>credidit</strong></span> <span class='ocrx_word' id='word_1_289' title='bbox 824 3739 943 3792; x_wconf 71' lang='lat' dir='ltr'><strong>qutn</strong></span> <span class='ocrx_word' id='word_1_290' title='bbox 973 3722 1241 3791; x_wconf 79' lang='lat' dir='ltr'><strong>sperabat.</strong></span> <span class='ocrx_word' id='word_1_291' title='bbox 1274 3719 1426 3788; x_wconf 85' lang='lat' dir='ltr'><strong>Quod</strong></span> <span class='ocrx_word' id='word_1_292' title='bbox 1468 3720 1513 3774; x_wconf 90' lang='lat' dir='ltr'><strong>si</strong></span> <span class='ocrx_word' id='word_1_293' title='bbox 1560 3720 1638 3773; x_wconf 88' lang='lat' dir='ltr'><strong>eis</strong></span> <span class='ocrx_word' id='word_1_294' title='bbox 1668 3735 1788 3789; x_wconf 83' lang='lat' dir='ltr'><strong>qme</strong></span> <span class='ocrx_word' id='word_1_295' title='bbox 1814 3734 1937 3789; x_wconf 87' lang='lat' dir='ltr'><strong>spc-</strong></span> 
     </span>
    </p>
   </div>
   <div class='ocr_carea' id='block_1_38' title="bbox 319 3810 1934 3882">
    <p class='ocr_par' dir='ltr' id='par_1_38' title="bbox 319 3810 1934 3882">
     <span class='ocr_line' id='line_1_38' title="bbox 319 3810 1934 3882; baseline -0.002 -13"><span class='ocrx_word' id='word_1_296' title='bbox 319 3816 474 3871; x_wconf 88' lang='lat' dir='ltr'><strong>rabat</strong></span> <span class='ocrx_word' id='word_1_297' title='bbox 522 3813 769 3877; x_wconf 81' lang='lat' dir='ltr'><strong>credidit,</strong></span> <span class='ocrx_word' id='word_1_298' title='bbox 800 3829 919 3882; x_wconf 73' lang='lat' dir='ltr'><strong>quze</strong></span> <span class='ocrx_word' id='word_1_299' title='bbox 969 3829 1094 3866; x_wconf 81' lang='lat' dir='ltr'><strong>vero</strong></span> <span class='ocrx_word' id='word_1_300' title='bbox 1142 3820 1465 3882; x_wconf 85' lang='lat' dir='ltr'><strong>sperantur.</strong></span> <span class='ocrx_word' id='word_1_301' title='bbox 1510 3826 1616 3865; x_wconf 89' lang='lat' dir='ltr'><strong>non</strong></span> <span class='ocrx_word' id='word_1_302' title='bbox 1665 3810 1934 3877; x_wconf 89' lang='lat' dir='ltr'><strong>videntur,</strong></span> 
     </span>
    </p>
   </div>
   <div class='ocr_carea' id='block_1_39' title="bbox 319 3901 1934 3975">
    <p class='ocr_par' dir='ltr' id='par_1_39' title="bbox 319 3901 1934 3975">
     <span class='ocr_line' id='line_1_39' title="bbox 319 3901 1934 3975; baseline -0.004 -16"><span class='ocrx_word' id='word_1_303' title='bbox 319 3905 673 3975; x_wconf 85' lang='lat' dir='ltr'><strong>consequitur</strong></span> <span class='ocrx_word' id='word_1_304' title='bbox 711 3919 834 3958; x_wconf 88' lang='lat' dir='ltr'><strong>eum</strong></span> <span class='ocrx_word' id='word_1_305' title='bbox 880 3918 987 3957; x_wconf 88' lang='lat' dir='ltr'><strong>non</strong></span> <span class='ocrx_word' id='word_1_306' title='bbox 1039 3902 1309 3968; x_wconf 73' lang='lat' dir='ltr'><strong>recepisse</strong></span> <span class='ocrx_word' id='word_1_307' title='bbox 1336 3917 1397 3955; x_wconf 87' lang='lat' dir='ltr'><strong>ea</strong></span> <span class='ocrx_word' id='word_1_308' title='bbox 1426 3917 1545 3969; x_wconf 69' lang='lat' dir='ltr'><strong>ane</strong></span> <span class='ocrx_word' id='word_1_309' title='bbox 1590 3901 1934 3966; x_wconf 80' lang='lat' dir='ltr'><strong>crediderat;</strong></span> 
     </span>
    </p>
   </div>
   <div class='ocr_carea' id='block_1_40' title="bbox 321 3992 1937 4069">
    <p class='ocr_par' dir='ltr' id='par_1_40' title="bbox 321 3992 1937 4069">
     <span class='ocr_line' id='line_1_40' title="bbox 321 3992 1937 4069; baseline -0.004 -15"><span class='ocrx_word' id='word_1_310' title='bbox 321 4009 606 4069; x_wconf 86' lang='lat' dir='ltr'><strong>prepterea</strong></span> <span class='ocrx_word' id='word_1_311' title='bbox 638 3996 1055 4062; x_wconf 79' lang='lat' dir='ltr'><strong>dicit,Habentes</strong></span> <span class='ocrx_word' id='word_1_312' title='bbox 1085 3996 1314 4049; x_wconf 82' lang='lat' dir='ltr'><strong>eumdem</strong></span> <span class='ocrx_word' id='word_1_313' title='bbox 1347 3992 1600 4062; x_wconf 86' lang='lat' dir='ltr'><strong>Spiritum</strong></span> <span class='ocrx_word' id='word_1_314' title='bbox 1638 3994 1760 4061; x_wconf 78' lang='lat' dir='ltr'><strong><em>fidei</em></strong></span> <span class='ocrx_word' id='word_1_315' title='bbox 1791 4010 1810 4047; x_wconf 88' lang='lat'><strong><em>:</em></strong></span> <span class='ocrx_word' id='word_1_316' title='bbox 1838 3993 1937 4048; x_wconf 89' lang='lat' dir='ltr'><strong>hoc</strong></span> 
     </span>
    </p>
   </div>
   <div class='ocr_carea' id='block_1_41' title="bbox 320 4084 1932 4157">
    <p class='ocr_par' dir='ltr' id='par_1_41' title="bbox 320 4084 1932 4157">
     <span class='ocr_line' id='line_1_41' title="bbox 320 4084 1932 4157; baseline -0.005 -12"><span class='ocrx_word' id='word_1_317' title='bbox 320 4099 405 4146; x_wconf 89' lang='lat' dir='ltr'><strong>est</strong></span> <span class='ocrx_word' id='word_1_318' title='bbox 429 4132 445 4156; x_wconf 97' lang='lat'><strong>,</strong></span> <span class='ocrx_word' id='word_1_319' title='bbox 475 4090 723 4145; x_wconf 84' lang='lat' dir='ltr'><strong>eamdem</strong></span> <span class='ocrx_word' id='word_1_320' title='bbox 757 4087 911 4142; x_wconf 79' lang='lat' dir='ltr'><strong>fidem</strong></span> <span class='ocrx_word' id='word_1_321' title='bbox 933 4128 947 4152; x_wconf 96' lang='lat'><strong>,</strong></span> <span class='ocrx_word' id='word_1_322' title='bbox 978 4102 1098 4157; x_wconf 74' lang='lat' dir='ltr'><strong>qua;</strong></span> <span class='ocrx_word' id='word_1_323' title='bbox 1127 4086 1223 4139; x_wconf 89' lang='lat' dir='ltr'><strong>fuit</strong></span> <span class='ocrx_word' id='word_1_324' title='bbox 1254 4086 1305 4139; x_wconf 91' lang='lat' dir='ltr'><strong>in</strong></span> <span class='ocrx_word' id='word_1_325' title='bbox 1337 4084 1514 4138; x_wconf 75' lang='lat' dir='ltr'><strong>Veteri</strong></span> <span class='ocrx_word' id='word_1_326' title='bbox 1544 4084 1888 4138; x_wconf 87' lang='lat' dir='ltr'><strong>Testamento</strong></span> <span class='ocrx_word' id='word_1_327' title='bbox 1918 4127 1932 4152; x_wconf 91' lang='lat'><strong>,</strong></span> 
     </span>
    </p>
   </div>
   <div class='ocr_carea' id='block_1_42' title="bbox 320 4174 1936 4246">
    <p class='ocr_par' dir='ltr' id='par_1_42' title="bbox 320 4174 1936 4246">
     <span class='ocr_line' id='line_1_42' title="bbox 320 4174 1936 4246; baseline -0.005 -10"><span class='ocrx_word' id='word_1_328' title='bbox 320 4183 485 4237; x_wconf 88' lang='lat' dir='ltr'><strong>etiam</strong></span> <span class='ocrx_word' id='word_1_329' title='bbox 514 4195 614 4235; x_wconf 86' lang='lat' dir='ltr'><strong>nos</strong></span> <span class='ocrx_word' id='word_1_330' title='bbox 640 4180 923 4234; x_wconf 76' lang='lat' dir='ltr'><strong>habemus.</strong></span> <span class='ocrx_word' id='word_1_331' title='bbox 954 4179 1294 4246; x_wconf 82' lang='lat' dir='ltr'><strong>Quapropter</strong></span> <span class='ocrx_word' id='word_1_332' title='bbox 1324 4184 1380 4230; x_wconf 86' lang='lat' dir='ltr'><strong>et</strong></span> <span class='ocrx_word' id='word_1_333' title='bbox 1405 4175 1530 4229; x_wconf 89' lang='lat' dir='ltr'><strong>alibi</strong></span> <span class='ocrx_word' id='word_1_334' title='bbox 1556 4174 1623 4230; x_wconf 89' lang='lat' dir='ltr'><strong>de</strong></span> <span class='ocrx_word' id='word_1_335' title='bbox 1650 4176 1767 4243; x_wconf 87' lang='lat' dir='ltr'><strong>ejus</strong></span> <span class='ocrx_word' id='word_1_336' title='bbox 1798 4184 1936 4229; x_wconf 90' lang='lat' dir='ltr'><strong>tem-</strong></span> 
     </span>
    </p>
   </div>
   <div class='ocr_carea' id='block_1_43' title="bbox 322 4265 1936 4343">
    <p class='ocr_par' dir='ltr' id='par_1_43' title="bbox 322 4265 1936 4343">
     <span class='ocr_line' id='line_1_43' title="bbox 322 4265 1936 4343; baseline -0.004 -16"><span class='ocrx_word' id='word_1_337' title='bbox 322 4274 474 4343; x_wconf 88' lang='lat' dir='ltr'><strong>poris</strong></span> <span class='ocrx_word' id='word_1_338' title='bbox 499 4272 702 4325; x_wconf 85' lang='lat' dir='ltr'><strong>sanctis</strong></span> <span class='ocrx_word' id='word_1_339' title='bbox 718 4270 782 4323; x_wconf 88' lang='lat' dir='ltr'><strong>ad</strong></span> <span class='ocrx_word' id='word_1_340' title='bbox 809 4271 948 4325; x_wconf 91' lang='lat' dir='ltr'><strong>hunc</strong></span> <span class='ocrx_word' id='word_1_341' title='bbox 977 4268 1193 4324; x_wconf 90' lang='lat' dir='ltr'><strong>modum</strong></span> <span class='ocrx_word' id='word_1_342' title='bbox 1227 4269 1462 4337; x_wconf 88' lang='lat' dir='ltr'><strong>loquitur</strong></span> <span class='ocrx_word' id='word_1_343' title='bbox 1493 4284 1507 4321; x_wconf 87' lang='lat'><strong>:</strong></span> <span class='ocrx_word' id='word_1_344' title='bbox 1540 4265 1857 4321; x_wconf 85' lang='lat' dir='ltr'><strong>Circuierunt</strong></span> <span class='ocrx_word' id='word_1_345' title='bbox 1884 4268 1936 4321; x_wconf 85' lang='lat' dir='ltr'><strong>in</strong></span> 
     </span>
    </p>
   </div>
   <div class='ocr_carea' id='block_1_44' title="bbox 323 4356 1928 4430">
    <p class='ocr_par' dir='ltr' id='par_1_44' title="bbox 323 4356 1928 4430">
     <span class='ocr_line' id='line_1_44' title="bbox 323 4356 1928 4430; baseline -0.002 -15"><span class='ocrx_word' id='word_1_346' title='bbox 323 4362 544 4425; x_wconf 74' lang='lat' dir='ltr'><strong>melotis,</strong></span> <span class='ocrx_word' id='word_1_347' title='bbox 576 4361 628 4414; x_wconf 86' lang='lat' dir='ltr'><strong>in</strong></span> <span class='ocrx_word' id='word_1_348' title='bbox 650 4360 865 4427; x_wconf 82' lang='lat' dir='ltr'><strong>pellibus</strong></span> <span class='ocrx_word' id='word_1_349' title='bbox 892 4360 1136 4430; x_wconf 77' lang='lat' dir='ltr'><strong>caprinis,</strong></span> <span class='ocrx_word' id='word_1_350' title='bbox 1169 4368 1389 4427; x_wconf 78' lang='lat' dir='ltr'><strong>egentes,</strong></span> <span class='ocrx_word' id='word_1_351' title='bbox 1414 4356 1602 4427; x_wconf 68' lang='lat' dir='ltr'><strong>amicti,</strong></span> <span class='ocrx_word' id='word_1_352' title='bbox 1631 4358 1928 4427; x_wconf 83' lang='lat' dir='ltr'><strong>angustiati,</strong></span> 
     </span>
    </p>
   </div>
   <div class='ocr_carea' id='block_1_45' title="bbox 321 4446 1935 4521">
    <p class='ocr_par' dir='ltr' id='par_1_45' title="bbox 321 4446 1935 4521">
     <span class='ocr_line' id='line_1_45' title="bbox 321 4446 1935 4521; baseline -0.002 -17"><span class='ocrx_word' id='word_1_353' title='bbox 321 4452 504 4515; x_wconf 75' lang='lat' dir='ltr'><strong>quibus</strong></span> <span class='ocrx_word' id='word_1_354' title='bbox 548 4451 732 4521; x_wconf 83' lang='lat' dir='ltr'><strong>dignus</strong></span> <span class='ocrx_word' id='word_1_355' title='bbox 772 4467 873 4504; x_wconf 82' lang='lat' dir='ltr'><strong>non</strong></span> <span class='ocrx_word' id='word_1_356' title='bbox 912 4460 1019 4503; x_wconf 81' lang='lat' dir='ltr'><strong>erat</strong></span> <span class='ocrx_word' id='word_1_357' title='bbox 1046 4449 1265 4502; x_wconf 86' lang='lat' dir='ltr'><strong>mundus</strong></span> <span class='ocrx_word' id='word_1_358' title='bbox 1293 4448 1311 4515; x_wconf 82' lang='lat'>(</span> <span class='ocrx_word' id='word_1_359' title='bbox 1344 4447 1498 4499; x_wconf 87' lang='lat' dir='ltr'><strong>llebr.</strong></span> <span class='ocrx_word' id='word_1_360' title='bbox 1532 4448 1618 4502; x_wconf 82' lang='lat' dir='ltr'><strong>H.</strong></span> <span class='ocrx_word' id='word_1_361' title='bbox 1648 4448 1737 4501; x_wconf 79' lang='grc'><strong>57.</strong></span> <span class='ocrx_word' id='word_1_362' title='bbox 1775 4446 1885 4519; x_wconf 75' lang='lat'><strong>58)</strong></span> <span class='ocrx_word' id='word_1_363' title='bbox 1921 4464 1935 4501; x_wconf 91' lang='lat'><strong>:</strong></span> 
     </span>
    </p>
   </div>
   <div class='ocr_carea' id='block_1_46' title="bbox 324 4539 1931 4610">
    <p class='ocr_par' dir='ltr' id='par_1_46' title="bbox 324 4539 1931 4610">
     <span class='ocr_line' id='line_1_46' title="bbox 324 4539 1931 4610; baseline -0.002 -10"><span class='ocrx_word' id='word_1_364' title='bbox 324 4543 524 4600; x_wconf 85' lang='lat' dir='ltr'><strong>deinde</strong></span> <span class='ocrx_word' id='word_1_365' title='bbox 570 4543 773 4599; x_wconf 88' lang='lat' dir='ltr'><strong>docens</strong></span> <span class='ocrx_word' id='word_1_366' title='bbox 824 4558 919 4598; x_wconf 89' lang='lat' dir='ltr'><strong>eos</strong></span> <span class='ocrx_word' id='word_1_367' title='bbox 962 4542 1292 4597; x_wconf 86' lang='lat' dir='ltr'><strong>calamitates</strong></span> <span class='ocrx_word' id='word_1_368' title='bbox 1335 4539 1549 4609; x_wconf 85' lang='lat' dir='ltr'><strong>quidem</strong></span> <span class='ocrx_word' id='word_1_369' title='bbox 1603 4540 1931 4610; x_wconf 84' lang='lat' dir='ltr'><strong>pertulisse,</strong></span> 
     </span>
    </p>
   </div>
   <div class='ocr_carea' id='block_1_47' title="bbox 323 4628 1935 4704">
    <p class='ocr_par' dir='ltr' id='par_1_47' title="bbox 323 4628 1935 4704">
     <span class='ocr_line' id='line_1_47' title="bbox 323 4628 1935 4704; baseline -0.002 -16"><span class='ocrx_word' id='word_1_370' title='bbox 323 4632 630 4689; x_wconf 81' lang='lat' dir='ltr'><strong>mercedem</strong></span> <span class='ocrx_word' id='word_1_371' title='bbox 656 4648 784 4688; x_wconf 83' lang='lat' dir='ltr'><strong>vero</strong></span> <span class='ocrx_word' id='word_1_372' title='bbox 809 4631 1042 4704; x_wconf 87' lang='lat' dir='ltr'><strong>nondum</strong></span> <span class='ocrx_word' id='word_1_373' title='bbox 1070 4630 1361 4699; x_wconf 85' lang='lat' dir='ltr'><strong>recepisse,</strong></span> <span class='ocrx_word' id='word_1_374' title='bbox 1390 4628 1569 4683; x_wconf 90' lang='lat' dir='ltr'><strong>subdit</strong></span> <span class='ocrx_word' id='word_1_375' title='bbox 1594 4629 1755 4685; x_wconf 81' lang='lat' dir='ltr'><strong>verba</strong></span> <span class='ocrx_word' id='word_1_376' title='bbox 1784 4629 1900 4685; x_wconf 65' lang='lat' dir='ltr'><strong>hasc</strong></span> <span class='ocrx_word' id='word_1_377' title='bbox 1919 4670 1935 4697; x_wconf 90' lang='lat'><strong>,</strong></span> 
     </span>
    </p>
   </div>
   <div class='ocr_carea' id='block_1_48' title="bbox 325 4720 1910 4792">
    <p class='ocr_par' dir='ltr' id='par_1_48' title="bbox 325 4720 1910 4792">
     <span class='ocr_line' id='line_1_48' title="bbox 325 4720 1910 4792; baseline -0.002 -14"><span class='ocrx_word' id='word_1_378' title='bbox 325 4722 393 4778; x_wconf 85' lang='lat' dir='ltr'><strong>In</strong></span> <span class='ocrx_word' id='word_1_379' title='bbox 421 4723 526 4792; x_wconf 78' lang='lat' dir='ltr'><strong>[ide</strong></span> <span class='ocrx_word' id='word_1_380' title='bbox 552 4722 738 4776; x_wconf 84' lang='lat' dir='ltr'><strong>mortui</strong></span> <span class='ocrx_word' id='word_1_381' title='bbox 775 4730 890 4776; x_wconf 87' lang='lat' dir='ltr'><strong>sunt</strong></span> <span class='ocrx_word' id='word_1_382' title='bbox 931 4738 1105 4775; x_wconf 88' lang='lat' dir='ltr'><strong>omnes</strong></span> <span class='ocrx_word' id='word_1_383' title='bbox 1153 4721 1243 4781; x_wconf 84' lang='lat' dir='ltr'><strong>hi.</strong></span> <span class='ocrx_word' id='word_1_384' title='bbox 1278 4736 1368 4772; x_wconf 75' lang='lat' dir='ltr'><strong>nec</strong></span> <span class='ocrx_word' id='word_1_385' title='bbox 1408 4720 1764 4789; x_wconf 78' lang='lat' dir='ltr'><strong>promissiones</strong></span> <span class='ocrx_word' id='word_1_386' title='bbox 1798 4738 1910 4775; x_wconf 86' lang='lat' dir='ltr'><strong>rece</strong></span> 
     </span>
    </p>
   </div>
   <div class='ocr_carea' id='block_1_49' title="bbox 327 4810 1934 4885">
    <p class='ocr_par' dir='ltr' id='par_1_49' title="bbox 327 4810 1934 4885">
     <span class='ocr_line' id='line_1_49' title="bbox 327 4810 1934 4885; baseline -0.001 -18"><span class='ocrx_word' id='word_1_387' title='bbox 327 4823 530 4881; x_wconf 73' lang='lat' dir='ltr'><strong>perunt,</strong></span> <span class='ocrx_word' id='word_1_388' title='bbox 562 4813 650 4867; x_wconf 86' lang='lat' dir='ltr'><strong>sed</strong></span> <span class='ocrx_word' id='word_1_389' title='bbox 677 4831 710 4865; x_wconf 89' lang='lat' dir='ltr'><strong>a</strong></span> <span class='ocrx_word' id='word_1_390' title='bbox 753 4816 901 4885; x_wconf 82' lang='lat' dir='ltr'><strong>longe</strong></span> <span class='ocrx_word' id='word_1_391' title='bbox 929 4823 1124 4867; x_wconf 82' lang='lat' dir='ltr'><strong>tantum</strong></span> <span class='ocrx_word' id='word_1_392' title='bbox 1151 4825 1382 4881; x_wconf 82' lang='lat' dir='ltr'><strong>aspectas</strong></span> <span class='ocrx_word' id='word_1_393' title='bbox 1427 4810 1779 4866; x_wconf 75' lang='lat' dir='ltr'><strong>salutauerunt</strong></span> <span class='ocrx_word' id='word_1_394' title='bbox 1808 4812 1827 4885; x_wconf 88' lang='lat'>(</span> <span class='ocrx_word' id='word_1_395' title='bbox 1853 4810 1934 4866; x_wconf 80' lang='lat' dir='ltr'><strong>Ib.</strong></span> 
     </span>
    </p>
   </div>
   <div class='ocr_carea' id='block_1_50' title="bbox 327 4904 1934 4979">
    <p class='ocr_par' dir='ltr' id='par_1_50' title="bbox 327 4904 1934 4979">
     <span class='ocr_line' id='line_1_50' title="bbox 327 4904 1934 4979; baseline -0.001 -18"><span class='ocrx_word' id='word_1_396' title='bbox 327 4921 376 4961; x_wconf 75' lang='lat' dir='ltr'><strong>It.</strong></span> <span class='ocrx_word' id='word_1_397' title='bbox 410 4905 500 4962; x_wconf 76' lang='lat'><strong>39.</strong></span> <span class='ocrx_word' id='word_1_398' title='bbox 531 4916 629 4960; x_wconf 78' lang='lat' dir='ltr'><strong>etc.</strong></span> <span class='ocrx_word' id='word_1_399' title='bbox 652 4916 701 4979; x_wconf 65' lang='lat' dir='ltr'><strong>et</strong></span> <span class='ocrx_word' id='word_1_400' title='bbox 750 4908 819 4962; x_wconf 75' lang='lat' dir='ltr'><strong>i3</strong></span> <span class='ocrx_word' id='word_1_401' title='bbox 840 4906 881 4975; x_wconf 92' lang='lat'><strong>).</strong></span> <span class='ocrx_word' id='word_1_402' title='bbox 918 4905 985 4959; x_wconf 84' lang='lat' dir='ltr'><strong>Et</strong></span> <span class='ocrx_word' id='word_1_403' title='bbox 1014 4904 1286 4975; x_wconf 91' lang='lat' dir='ltr'><strong>quomodo</strong></span> <span class='ocrx_word' id='word_1_404' title='bbox 1307 4904 1556 4975; x_wconf 86' lang='lat' dir='ltr'><strong>viderunt</strong></span> <span class='ocrx_word' id='word_1_405' title='bbox 1585 4919 1698 4973; x_wconf 84' lang='lat' dir='ltr'><strong>eas,</strong></span> <span class='ocrx_word' id='word_1_406' title='bbox 1732 4922 1934 4976; x_wconf 68' lang='lat' dir='ltr'><strong>quaeso,</strong></span> 
     </span>
    </p>
   </div>
   <div class='ocr_carea' id='block_1_51' title="bbox 325 4993 1935 5066">
    <p class='ocr_par' dir='ltr' id='par_1_51' title="bbox 325 4993 1935 5066">
     <span class='ocr_line' id='line_1_51' title="bbox 325 4993 1935 5066; baseline -0.001 -17"><span class='ocrx_word' id='word_1_407' title='bbox 325 5010 450 5066; x_wconf 71' lang='lat' dir='ltr'><strong>qua:</strong></span> <span class='ocrx_word' id='word_1_408' title='bbox 479 4994 713 5049; x_wconf 90' lang='lat' dir='ltr'><strong>nondum</strong></span> <span class='ocrx_word' id='word_1_409' title='bbox 746 5004 899 5049; x_wconf 89' lang='lat' dir='ltr'><strong>erant</strong></span> <span class='ocrx_word' id='word_1_410' title='bbox 928 4994 1259 5064; x_wconf 52' lang='lat' dir='ltr'><strong>prementes?</strong></span> <span class='ocrx_word' id='word_1_411' title='bbox 1287 4993 1437 5047; x_wconf 85' lang='lat' dir='ltr'><strong>Fidei</strong></span> <span class='ocrx_word' id='word_1_412' title='bbox 1471 4994 1719 5048; x_wconf 89' lang='lat' dir='ltr'><strong>nimirum</strong></span> <span class='ocrx_word' id='word_1_413' title='bbox 1748 4996 1935 5063; x_wconf 79' lang='lat' dir='ltr'><strong>oculis,</strong></span> 
     </span>
    </p>
   </div>
   <div class='ocr_carea' id='block_1_52' title="bbox 327 5085 1940 5155">
    <p class='ocr_par' dir='ltr' id='par_1_52' title="bbox 327 5085 1940 5155">
     <span class='ocr_line' id='line_1_52' title="bbox 327 5085 1940 5155; baseline 0.002 -20"><span class='ocrx_word' id='word_1_414' title='bbox 327 5086 419 5155; x_wconf 88' lang='lat' dir='ltr'><strong>qui</strong></span> <span class='ocrx_word' id='word_1_415' title='bbox 446 5085 636 5139; x_wconf 60' lang='lat' dir='ltr'><strong>ciuium</strong></span> <span class='ocrx_word' id='word_1_416' title='bbox 668 5093 971 5155; x_wconf 87' lang='lat' dir='ltr'><strong>penetrant,</strong></span> <span class='ocrx_word' id='word_1_417' title='bbox 995 5094 1050 5141; x_wconf 91' lang='lat' dir='ltr'><strong>et</strong></span> <span class='ocrx_word' id='word_1_418' title='bbox 1078 5100 1197 5155; x_wconf 67' lang='lat' dir='ltr'><strong>quae</strong></span> <span class='ocrx_word' id='word_1_419' title='bbox 1224 5085 1274 5137; x_wconf 91' lang='lat' dir='ltr'><strong>in</strong></span> <span class='ocrx_word' id='word_1_420' title='bbox 1299 5098 1366 5139; x_wconf 88' lang='lat' dir='ltr'><strong>eo</strong></span> <span class='ocrx_word' id='word_1_421' title='bbox 1384 5092 1510 5139; x_wconf 89' lang='lat' dir='ltr'><strong>sunt</strong></span> <span class='ocrx_word' id='word_1_422' title='bbox 1537 5087 1782 5142; x_wconf 68' lang='lat' dir='ltr'><strong>universa</strong></span> <span class='ocrx_word' id='word_1_423' title='bbox 1808 5102 1940 5142; x_wconf 88' lang='lat' dir='ltr'><strong>con-</strong></span> 
     </span>
    </p>
   </div>
   <div class='ocr_carea' id='block_1_53' title="bbox 329 5175 675 5245">
    <p class='ocr_par' dir='ltr' id='par_1_53' title="bbox 329 5175 675 5245">
     <span class='ocr_line' id='line_1_53' title="bbox 329 5175 675 5245; baseline -0.006 -15"><span class='ocrx_word' id='word_1_424' title='bbox 329 5175 675 5245; x_wconf 80' lang='lat' dir='ltr'><strong>temptantur.</strong></span> 
     </span>
    </p>
   </div>
   <div class='ocr_carea' id='block_1_54' title="bbox 403 5265 1942 5338">
    <p class='ocr_par' dir='ltr' id='par_1_54' title="bbox 403 5265 1942 5338">
     <span class='ocr_line' id='line_1_54' title="bbox 403 5265 1942 5338; baseline 0.001 -17"><span class='ocrx_word' id='word_1_425' title='bbox 403 5269 458 5322; x_wconf 83' lang='grc'><strong>9.</strong></span> <span class='ocrx_word' id='word_1_426' title='bbox 486 5265 568 5327; x_wconf 79' lang='lat' dir='ltr'><strong>Tu</strong></span> <span class='ocrx_word' id='word_1_427' title='bbox 590 5281 720 5321; x_wconf 87' lang='lat' dir='ltr'><strong>vero</strong></span> <span class='ocrx_word' id='word_1_428' title='bbox 739 5266 1018 5321; x_wconf 86' lang='lat' dir='ltr'><strong>considera</strong></span> <span class='ocrx_word' id='word_1_429' title='bbox 1044 5266 1172 5319; x_wconf 90' lang='lat' dir='ltr'><strong>mihi</strong></span> <span class='ocrx_word' id='word_1_430' title='bbox 1192 5266 1285 5321; x_wconf 92' lang='lat' dir='ltr'><strong>Dci</strong></span> <span class='ocrx_word' id='word_1_431' title='bbox 1308 5266 1647 5337; x_wconf 84' lang='lat' dir='ltr'><strong>sapientiam,</strong></span> <span class='ocrx_word' id='word_1_432' title='bbox 1670 5268 1942 5338; x_wconf 73' lang='lat' dir='ltr'><strong>quoinodo</strong></span> 
     </span>
    </p>
   </div>
   <div class='ocr_carea' id='block_1_55' title="bbox 334 5356 1943 5428">
    <p class='ocr_par' dir='ltr' id='par_1_55' title="bbox 334 5356 1943 5428">
     <span class='ocr_line' id='line_1_55' title="bbox 334 5356 1943 5428; baseline 0.001 -16"><span class='ocrx_word' id='word_1_433' title='bbox 334 5356 439 5412; x_wconf 83' lang='lat' dir='ltr'><strong>Illis</strong></span> <span class='ocrx_word' id='word_1_434' title='bbox 467 5358 685 5428; x_wconf 73' lang='lat' dir='ltr'><strong>prtemia</strong></span> <span class='ocrx_word' id='word_1_435' title='bbox 712 5373 742 5412; x_wconf 89' lang='lat' dir='ltr'><strong>e</strong></span> <span class='ocrx_word' id='word_1_436' title='bbox 765 5357 1055 5428; x_wconf 84' lang='lat' dir='ltr'><strong>longinquo</strong></span> <span class='ocrx_word' id='word_1_437' title='bbox 1073 5358 1390 5423; x_wconf 82' lang='lat' dir='ltr'><strong>ostenderit,</strong></span> <span class='ocrx_word' id='word_1_438' title='bbox 1409 5374 1528 5426; x_wconf 69' lang='lat' dir='ltr'><strong>quae</strong></span> <span class='ocrx_word' id='word_1_439' title='bbox 1556 5358 1676 5411; x_wconf 91' lang='lat' dir='ltr'><strong>ideo</strong></span> <span class='ocrx_word' id='word_1_440' title='bbox 1698 5359 1810 5412; x_wconf 89' lang='lat' dir='ltr'><strong>suis</strong></span> <span class='ocrx_word' id='word_1_441' title='bbox 1838 5374 1943 5414; x_wconf 90' lang='lat' dir='ltr'><strong>non</strong></span> 
     </span>
    </p>
   </div>
   <div class='ocr_carea' id='block_1_56' title="bbox 333 5450 1945 5521">
    <p class='ocr_par' dir='ltr' id='par_1_56' title="bbox 333 5450 1945 5521">
     <span class='ocr_line' id='line_1_56' title="bbox 333 5450 1945 5521; baseline 0 -16"><span class='ocrx_word' id='word_1_442' title='bbox 333 5452 513 5505; x_wconf 81' lang='lat' dir='ltr'><strong>statim</strong></span> <span class='ocrx_word' id='word_1_443' title='bbox 536 5450 705 5518; x_wconf 87' lang='lat' dir='ltr'><strong>dedit,</strong></span> <span class='ocrx_word' id='word_1_444' title='bbox 735 5466 842 5521; x_wconf 90' lang='lat' dir='ltr'><strong>quo</strong></span> <span class='ocrx_word' id='word_1_445' title='bbox 870 5450 1040 5521; x_wconf 87' lang='lat' dir='ltr'><strong>major</strong></span> <span class='ocrx_word' id='word_1_446' title='bbox 1064 5459 1207 5505; x_wconf 84' lang='lat' dir='ltr'><strong>esset</strong></span> <span class='ocrx_word' id='word_1_447' title='bbox 1235 5466 1420 5505; x_wconf 89' lang='lat' dir='ltr'><strong>eorum</strong></span> <span class='ocrx_word' id='word_1_448' title='bbox 1445 5451 1696 5520; x_wconf 82' lang='lat' dir='ltr'><strong>patientia</strong></span> <span class='ocrx_word' id='word_1_449' title='bbox 1724 5470 1737 5506; x_wconf 86' lang='lat'><strong>:</strong></span> <span class='ocrx_word' id='word_1_450' title='bbox 1765 5461 1945 5507; x_wconf 88' lang='lat' dir='ltr'><strong>osten-</strong></span> 
     </span>
    </p>
   </div>
   <div class='ocr_carea' id='block_1_57' title="bbox 332 5541 1947 5613">
    <p class='ocr_par' dir='ltr' id='par_1_57' title="bbox 332 5541 1947 5613">
     <span class='ocr_line' id='line_1_57' title="bbox 332 5541 1947 5613; baseline 0 -16"><span class='ocrx_word' id='word_1_451' title='bbox 332 5542 413 5598; x_wconf 83' lang='lat' dir='ltr'><strong>dit</strong></span> <span class='ocrx_word' id='word_1_452' title='bbox 455 5549 636 5597; x_wconf 78' lang='lat' dir='ltr'><strong>autem</strong></span> <span class='ocrx_word' id='word_1_453' title='bbox 666 5557 698 5597; x_wconf 91' lang='lat' dir='ltr'><strong>c</strong></span> <span class='ocrx_word' id='word_1_454' title='bbox 727 5542 1017 5613; x_wconf 75' lang='lat' dir='ltr'><strong>longinquo</strong></span> <span class='ocrx_word' id='word_1_455' title='bbox 1058 5543 1181 5597; x_wconf 87' lang='lat' dir='ltr'><strong>ideo</strong></span> <span class='ocrx_word' id='word_1_456' title='bbox 1229 5550 1311 5608; x_wconf 84' lang='lat' dir='ltr'><strong>ut,</strong></span> <span class='ocrx_word' id='word_1_457' title='bbox 1341 5541 1441 5596; x_wconf 89' lang='lat' dir='ltr'><strong>hac</strong></span> <span class='ocrx_word' id='word_1_458' title='bbox 1478 5556 1576 5612; x_wconf 86' lang='lat' dir='ltr'><strong>spe</strong></span> <span class='ocrx_word' id='word_1_459' title='bbox 1615 5542 1799 5597; x_wconf 87' lang='lat' dir='ltr'><strong>refecti</strong></span> <span class='ocrx_word' id='word_1_460' title='bbox 1831 5584 1846 5610; x_wconf 90' lang='lat'><strong>,</strong></span> <span class='ocrx_word' id='word_1_461' title='bbox 1878 5560 1947 5597; x_wconf 93' lang='lat' dir='ltr'><strong>ne</strong></span> 
     </span>
    </p>
   </div>
   <div class='ocr_carea' id='block_1_58' title="bbox 334 5633 1786 5705">
    <p class='ocr_par' dir='ltr' id='par_1_58' title="bbox 334 5633 1786 5705">
     <span class='ocr_line' id='line_1_58' title="bbox 334 5633 1786 5705; baseline -0.002 -15"><span class='ocrx_word' id='word_1_462' title='bbox 334 5648 554 5690; x_wconf 82' lang='lat' dir='ltr'><strong>sensum</strong></span> <span class='ocrx_word' id='word_1_463' title='bbox 580 5633 797 5705; x_wconf 89' lang='lat' dir='ltr'><strong>quidem</strong></span> <span class='ocrx_word' id='word_1_464' title='bbox 828 5634 1170 5704; x_wconf 67' lang='lat' dir='ltr'><strong>praascntium</strong></span> <span class='ocrx_word' id='word_1_465' title='bbox 1188 5633 1441 5687; x_wconf 76' lang='lat' dir='ltr'><strong>laborum</strong></span> <span class='ocrx_word' id='word_1_466' title='bbox 1469 5634 1786 5704; x_wconf 79' lang='lat' dir='ltr'><strong>percipiant.</strong></span> 
     </span>
    </p>
   </div>
   <div class='ocr_carea' id='block_1_59' title="bbox 409 5727 1944 5798">
    <p class='ocr_par' dir='ltr' id='par_1_59' title="bbox 409 5727 1944 5798">
     <span class='ocr_line' id='line_1_59' title="bbox 409 5727 1944 5798; baseline 0 -18"><span class='ocrx_word' id='word_1_467' title='bbox 409 5727 571 5781; x_wconf 77' lang='lat' dir='ltr'><strong>Aliter</strong></span> <span class='ocrx_word' id='word_1_468' title='bbox 595 5743 707 5779; x_wconf 77' lang='lat' dir='ltr'><strong>cum</strong></span> <span class='ocrx_word' id='word_1_469' title='bbox 735 5728 885 5798; x_wconf 74' lang='lat' dir='ltr'><strong>uulgo</strong></span> <span class='ocrx_word' id='word_1_470' title='bbox 907 5737 954 5781; x_wconf 86' lang='lat' dir='ltr'><strong>et</strong></span> <span class='ocrx_word' id='word_1_471' title='bbox 974 5728 1124 5793; x_wconf 86' lang='lat' dir='ltr'><strong>aliter</strong></span> <span class='ocrx_word' id='word_1_472' title='bbox 1154 5743 1264 5780; x_wconf 89' lang='lat' dir='ltr'><strong>cum</strong></span> <span class='ocrx_word' id='word_1_473' title='bbox 1287 5727 1440 5798; x_wconf 78' lang='lat' dir='ltr'><strong>iustis</strong></span> <span class='ocrx_word' id='word_1_474' title='bbox 1467 5738 1511 5779; x_wconf 88' lang='lat' dir='ltr'><strong>et</strong></span> <span class='ocrx_word' id='word_1_475' title='bbox 1541 5728 1731 5780; x_wconf 82' lang='lat' dir='ltr'><strong>sanctis</strong></span> <span class='ocrx_word' id='word_1_476' title='bbox 1759 5743 1811 5780; x_wconf 86' lang='lat' dir='ltr'><strong>se</strong></span> <span class='ocrx_word' id='word_1_477' title='bbox 1832 5744 1944 5797; x_wconf 75' lang='lat' dir='ltr'><strong>ges-</strong></span> 
     </span>
    </p>
   </div>
   <div class='ocr_carea' id='block_1_60' title="bbox 339 5817 1939 5892">
    <p class='ocr_par' dir='ltr' id='par_1_60' title="bbox 339 5817 1939 5892">
     <span class='ocr_line' id='line_1_60' title="bbox 339 5817 1939 5892; baseline 0.001 -18"><span class='ocrx_word' id='word_1_478' title='bbox 339 5818 405 5874; x_wconf 83' lang='lat' dir='ltr'><strong>sit</strong></span> <span class='ocrx_word' id='word_1_479' title='bbox 435 5817 589 5873; x_wconf 84' lang='lat' dir='ltr'><strong>Deus.</strong></span> <span class='ocrx_word' id='word_1_480' title='bbox 623 5847 695 5859; x_wconf 90' lang='lat'>—</span> <span class='ocrx_word' id='word_1_481' title='bbox 716 5818 821 5876; x_wconf 83' lang='lat' dir='ltr'><strong>Sed</strong></span> <span class='ocrx_word' id='word_1_482' title='bbox 863 5818 1041 5875; x_wconf 70' lang='lat' dir='ltr'><strong>forsan</strong></span> <span class='ocrx_word' id='word_1_483' title='bbox 1081 5818 1273 5889; x_wconf 83' lang='lat' dir='ltr'><strong>aliquis</strong></span> <span class='ocrx_word' id='word_1_484' title='bbox 1297 5833 1361 5875; x_wconf 80' lang='lat' dir='ltr'><strong>es</strong></span> <span class='ocrx_word' id='word_1_485' title='bbox 1409 5818 1493 5875; x_wconf 83' lang='lat' dir='ltr'><strong>his</strong></span> <span class='ocrx_word' id='word_1_486' title='bbox 1522 5818 1613 5892; x_wconf 86' lang='lat' dir='ltr'><strong>qui</strong></span> <span class='ocrx_word' id='word_1_487' title='bbox 1652 5821 1831 5877; x_wconf 78' lang='lat' dir='ltr'><strong>acrius</strong></span> <span class='ocrx_word' id='word_1_488' title='bbox 1860 5832 1939 5875; x_wconf 85' lang='lat' dir='ltr'><strong>at-</strong></span> 
     </span>
    </p>
   </div>
   <div class='ocr_carea' id='block_1_61' title="bbox 950 388 2984 460">
    <p class='ocr_par' dir='ltr' id='par_1_61' title="bbox 950 388 2984 460">
     <span class='ocr_line' id='line_1_61' title="bbox 950 388 2984 460; baseline -0.005 1"><span class='ocrx_word' id='word_1_489' title='bbox 950 400 1041 460; x_wconf 74' lang='grc' dir='ltr'><strong>οε</strong></span> <span class='ocrx_word' id='word_1_490' title='bbox 1086 395 1333 458; x_wconf 75' lang='lat' dir='ltr'><strong>VERBIS</strong></span> <span class='ocrx_word' id='word_1_491' title='bbox 1370 391 1723 457; x_wconf 75' lang='lat' dir='ltr'><strong>APOSTOLI,</strong></span> <span class='ocrx_word' id='word_1_492' title='bbox 1769 388 2134 447; x_wconf 78' lang='lat' dir='ltr'><strong>ilABEN&#39;I&#39;ES</strong></span> <span class='ocrx_word' id='word_1_493' title='bbox 2174 390 2465 448; x_wconf 74' lang='lat' dir='ltr'><strong>EUMDEM</strong></span> <span class='ocrx_word' id='word_1_494' title='bbox 2506 390 2855 451; x_wconf 75' lang='lat' dir='ltr'><strong>SPIRITUM.</strong></span> <span class='ocrx_word' id='word_1_495' title='bbox 2898 394 2984 451; x_wconf 87' lang='grc' dir='ltr'><strong>ΙΙΙ.</strong></span> 
     </span>
    </p>
   </div>
   <div class='ocr_carea' id='block_1_62' title="bbox 3526 411 3637 471">
    <p class='ocr_par' dir='ltr' id='par_1_62' title="bbox 3526 411 3637 471">
     <span class='ocr_line' id='line_1_62' title="bbox 3526 411 3637 471; baseline 0 0"><span class='ocrx_word' id='word_1_496' title='bbox 3526 411 3637 471; x_wconf 64' lang='lat' dir='ltr'><strong>ses</strong></span> 
     </span>
    </p>
   </div>
   <div class='ocr_carea' id='block_1_63' title="bbox 2045 510 3645 587">
    <p class='ocr_par' dir='ltr' id='par_1_63' title="bbox 2045 510 3645 587">
     <span class='ocr_line' id='line_1_63' title="bbox 2045 510 3645 587; baseline 0.01 -24"><span class='ocrx_word' id='word_1_497' title='bbox 2045 510 2290 577; x_wconf 83' lang='lat' dir='ltr'><strong>tendunt,</strong></span> <span class='ocrx_word' id='word_1_498' title='bbox 2325 510 2466 567; x_wconf 89' lang='lat' dir='ltr'><strong>inter</strong></span> <span class='ocrx_word' id='word_1_499' title='bbox 2493 527 2552 567; x_wconf 90' lang='lat' dir='ltr'><strong>se</strong></span> <span class='ocrx_word' id='word_1_500' title='bbox 2584 514 2869 585; x_wconf 73' lang='lat' dir='ltr'><strong>pugnantia</strong></span> <span class='ocrx_word' id='word_1_501' title='bbox 2899 529 2999 579; x_wconf 83' lang='lat' dir='ltr'><strong>nos</strong></span> <span class='ocrx_word' id='word_1_502' title='bbox 3026 510 3207 571; x_wconf 90' lang='lat' dir='ltr'><strong>dicere</strong></span> <span class='ocrx_word' id='word_1_503' title='bbox 3235 519 3458 587; x_wconf 86' lang='lat' dir='ltr'><strong>putabit.</strong></span> <span class='ocrx_word' id='word_1_504' title='bbox 3496 520 3645 580; x_wconf 79' lang='lat' dir='ltr'><strong>Dicet</strong></span> 
     </span>
    </p>
   </div>
   <div class='ocr_carea' id='block_1_64' title="bbox 2041 603 3645 675">
    <p class='ocr_par' dir='ltr' id='par_1_64' title="bbox 2041 603 3645 675">
     <span class='ocr_line' id='line_1_64' title="bbox 2041 603 3645 675; baseline 0.009 -19"><span class='ocrx_word' id='word_1_505' title='bbox 2041 603 2184 657; x_wconf 88' lang='lat' dir='ltr'><strong>enim</strong></span> <span class='ocrx_word' id='word_1_506' title='bbox 2216 620 2229 656; x_wconf 93' lang='lat'><strong>:</strong></span> <span class='ocrx_word' id='word_1_507' title='bbox 2259 603 2314 657; x_wconf 90' lang='lat' dir='ltr'><strong>Si</strong></span> <span class='ocrx_word' id='word_1_508' title='bbox 2346 621 2521 675; x_wconf 87' lang='lat' dir='ltr'><strong>neque</strong></span> <span class='ocrx_word' id='word_1_509' title='bbox 2562 608 2753 675; x_wconf 89' lang='lat' dir='ltr'><strong>priscis</strong></span> <span class='ocrx_word' id='word_1_510' title='bbox 2792 607 2898 661; x_wconf 86' lang='lat' dir='ltr'><strong>illis</strong></span> <span class='ocrx_word' id='word_1_511' title='bbox 2922 606 3100 662; x_wconf 89' lang='lat' dir='ltr'><strong>statim</strong></span> <span class='ocrx_word' id='word_1_512' title='bbox 3128 609 3307 665; x_wconf 87' lang='lat' dir='ltr'><strong>oblata</strong></span> <span class='ocrx_word' id='word_1_513' title='bbox 3334 622 3457 667; x_wconf 90' lang='lat' dir='ltr'><strong>sunt</strong></span> <span class='ocrx_word' id='word_1_514' title='bbox 3504 612 3645 670; x_wconf 71' lang='lat' dir='ltr'><strong>bona</strong></span> 
     </span>
    </p>
   </div>
   <div class='ocr_carea' id='block_1_65' title="bbox 2039 697 3645 771">
    <p class='ocr_par' dir='ltr' id='par_1_65' title="bbox 2039 697 3645 771">
     <span class='ocr_line' id='line_1_65' title="bbox 2039 697 3645 771; baseline 0.007 -22"><span class='ocrx_word' id='word_1_515' title='bbox 2039 704 2094 749; x_wconf 87' lang='lat' dir='ltr'><strong>et</strong></span> <span class='ocrx_word' id='word_1_516' title='bbox 2123 697 2361 765; x_wconf 73' lang='lat' dir='ltr'><strong>prmmia,</strong></span> <span class='ocrx_word' id='word_1_517' title='bbox 2393 698 2517 767; x_wconf 90' lang='lat' dir='ltr'><strong>quid</strong></span> <span class='ocrx_word' id='word_1_518' title='bbox 2547 698 2617 752; x_wconf 90' lang='lat' dir='ltr'><strong>ita</strong></span> <span class='ocrx_word' id='word_1_519' title='bbox 2642 700 2855 769; x_wconf 84' lang='lat' dir='ltr'><strong>longum</strong></span> <span class='ocrx_word' id='word_1_520' title='bbox 2886 699 3114 755; x_wconf 81' lang='lat' dir='ltr'><strong>habuiSti</strong></span> <span class='ocrx_word' id='word_1_521' title='bbox 3148 716 3479 771; x_wconf 89' lang='lat' dir='ltr'><strong>sermonem,</strong></span> <span class='ocrx_word' id='word_1_522' title='bbox 3508 722 3645 760; x_wconf 86' lang='lat' dir='ltr'><strong>enu-</strong></span> 
     </span>
    </p>
   </div>
   <div class='ocr_carea' id='block_1_66' title="bbox 2042 788 3644 861">
    <p class='ocr_par' dir='ltr' id='par_1_66' title="bbox 2042 788 3644 861">
     <span class='ocr_line' id='line_1_66' title="bbox 2042 788 3644 861; baseline 0.005 -21"><span class='ocrx_word' id='word_1_523' title='bbox 2042 788 2299 841; x_wconf 89' lang='lat' dir='ltr'><strong>merando</strong></span> <span class='ocrx_word' id='word_1_524' title='bbox 2314 790 2438 842; x_wconf 90' lang='lat' dir='ltr'><strong>anni</strong></span> <span class='ocrx_word' id='word_1_525' title='bbox 2463 790 2691 858; x_wconf 86' lang='lat' dir='ltr'><strong>partium</strong></span> <span class='ocrx_word' id='word_1_526' title='bbox 2719 791 3055 859; x_wconf 86' lang='lat' dir='ltr'><strong>temperiem.</strong></span> <span class='ocrx_word' id='word_1_527' title='bbox 3074 792 3319 861; x_wconf 89' lang='lat' dir='ltr'><strong>corporis</strong></span> <span class='ocrx_word' id='word_1_528' title='bbox 3335 796 3644 860; x_wconf 88' lang='lat' dir='ltr'><strong>sanitatem,</strong></span> 
     </span>
    </p>
   </div>
   <div class='ocr_carea' id='block_1_67' title="bbox 2042 878 3643 952">
    <p class='ocr_par' dir='ltr' id='par_1_67' title="bbox 2042 878 3643 952">
     <span class='ocr_line' id='line_1_67' title="bbox 2042 878 3643 952; baseline 0.007 -20"><span class='ocrx_word' id='word_1_529' title='bbox 2042 878 2330 935; x_wconf 89' lang='lat' dir='ltr'><strong>liberorum</strong></span> <span class='ocrx_word' id='word_1_530' title='bbox 2360 881 2654 936; x_wconf 83' lang='lat' dir='ltr'><strong>bonitatem</strong></span> <span class='ocrx_word' id='word_1_531' title='bbox 2686 896 2748 935; x_wconf 91' lang='lat' dir='ltr'><strong>ac</strong></span> <span class='ocrx_word' id='word_1_532' title='bbox 2777 882 3010 951; x_wconf 89' lang='lat' dir='ltr'><strong>copiam,</strong></span> <span class='ocrx_word' id='word_1_533' title='bbox 3042 898 3272 938; x_wconf 70' lang='lat' dir='ltr'><strong>annuum</strong></span> <span class='ocrx_word' id='word_1_534' title='bbox 3300 883 3608 942; x_wconf 63' lang='lat' dir='ltr'><strong>facilitatem</strong></span> <span class='ocrx_word' id='word_1_535' title='bbox 3628 930 3643 952; x_wconf 91' lang='lat'><strong>,</strong></span> 
     </span>
    </p>
   </div>
   <div class='ocr_carea' id='block_1_68' title="bbox 2042 968 3649 1044">
    <p class='ocr_par' dir='ltr' id='par_1_68' title="bbox 2042 968 3649 1044">
     <span class='ocr_line' id='line_1_68' title="bbox 2042 968 3649 1044; baseline 0.007 -23"><span class='ocrx_word' id='word_1_536' title='bbox 2042 968 2310 1025; x_wconf 90' lang='lat' dir='ltr'><strong>fructuum</strong></span> <span class='ocrx_word' id='word_1_537' title='bbox 2337 970 2717 1025; x_wconf 85' lang='lat' dir='ltr'><strong>abundantiam</strong></span> <span class='ocrx_word' id='word_1_538' title='bbox 2739 1010 2757 1040; x_wconf 86' lang='lat'><strong>,</strong></span> <span class='ocrx_word' id='word_1_539' title='bbox 2798 982 3063 1037; x_wconf 88' lang='lat' dir='ltr'><strong>armenta,</strong></span> <span class='ocrx_word' id='word_1_540' title='bbox 3094 988 3316 1044; x_wconf 86' lang='lat' dir='ltr'><strong>greges,</strong></span> <span class='ocrx_word' id='word_1_541' title='bbox 3350 985 3405 1031; x_wconf 92' lang='lat' dir='ltr'><strong>ct</strong></span> <span class='ocrx_word' id='word_1_542' title='bbox 3433 993 3649 1033; x_wconf 88' lang='lat' dir='ltr'><strong>omnem</strong></span> 
     </span>
    </p>
   </div>
   <div class='ocr_carea' id='block_1_69' title="bbox 2044 1060 3646 1140">
    <p class='ocr_par' dir='ltr' id='par_1_69' title="bbox 2044 1060 3646 1140">
     <span class='ocr_line' id='line_1_69' title="bbox 2044 1060 3646 1140; baseline 0.009 -29"><span class='ocrx_word' id='word_1_543' title='bbox 2044 1060 2253 1116; x_wconf 80' lang='lat' dir='ltr'><strong>vivendi</strong></span> <span class='ocrx_word' id='word_1_544' title='bbox 2294 1060 2650 1116; x_wconf 81' lang='lat' dir='ltr'><strong>felicitatem?</strong></span> <span class='ocrx_word' id='word_1_545' title='bbox 2679 1063 2815 1129; x_wconf 86' lang='lat' dir='ltr'><strong>Quid</strong></span> <span class='ocrx_word' id='word_1_546' title='bbox 2866 1064 3023 1134; x_wconf 89' lang='lat' dir='ltr'><strong>igitur</strong></span> <span class='ocrx_word' id='word_1_547' title='bbox 3054 1064 3119 1118; x_wconf 91' lang='lat' dir='ltr'><strong>ad</strong></span> <span class='ocrx_word' id='word_1_548' title='bbox 3151 1065 3252 1120; x_wconf 88' lang='lat' dir='ltr'><strong>hoc</strong></span> <span class='ocrx_word' id='word_1_549' title='bbox 3290 1076 3373 1121; x_wconf 90' lang='lat' dir='ltr'><strong>est</strong></span> <span class='ocrx_word' id='word_1_550' title='bbox 3421 1084 3646 1140; x_wconf 86' lang='lat' dir='ltr'><strong>respon-</strong></span> 
     </span>
    </p>
   </div>
   <div class='ocr_carea' id='block_1_70' title="bbox 2042 1152 3647 1231">
    <p class='ocr_par' dir='ltr' id='par_1_70' title="bbox 2042 1152 3647 1231">
     <span class='ocr_line' id='line_1_70' title="bbox 2042 1152 3647 1231; baseline 0.007 -26"><span class='ocrx_word' id='word_1_551' title='bbox 2042 1152 2275 1207; x_wconf 81' lang='lat' dir='ltr'><strong>dendum</strong></span> <span class='ocrx_word' id='word_1_552' title='bbox 2300 1153 2325 1207; x_wconf 75' lang='grc' dir='ltr'><strong><em>τ</em></strong></span> <span class='ocrx_word' id='word_1_553' title='bbox 2348 1155 2520 1209; x_wconf 83' lang='lat' dir='ltr'><strong>Aliter</strong></span> <span class='ocrx_word' id='word_1_554' title='bbox 2558 1171 2678 1209; x_wconf 90' lang='lat' dir='ltr'><strong>cum</strong></span> <span class='ocrx_word' id='word_1_555' title='bbox 2730 1154 2886 1225; x_wconf 77' lang='lat' dir='ltr'><strong>vulgo</strong></span> <span class='ocrx_word' id='word_1_556' title='bbox 2938 1166 2989 1209; x_wconf 86' lang='lat' dir='ltr'><strong>et</strong></span> <span class='ocrx_word' id='word_1_557' title='bbox 3023 1157 3374 1215; x_wconf 85' lang='lat' dir='ltr'><strong>imbecilliore</strong></span> <span class='ocrx_word' id='word_1_558' title='bbox 3404 1164 3599 1231; x_wconf 90' lang='lat' dir='ltr'><strong>popqu</strong></span> <span class='ocrx_word' id='word_1_559' title='bbox 3629 1204 3647 1230; x_wconf 91' lang='lat'><strong>,</strong></span> 
     </span>
    </p>
   </div>
   <div class='ocr_carea' id='block_1_71' title="bbox 2041 1245 3650 1319">
    <p class='ocr_par' dir='ltr' id='par_1_71' title="bbox 2041 1245 3650 1319">
     <span class='ocr_line' id='line_1_71' title="bbox 2041 1245 3650 1319; baseline 0.009 -23"><span class='ocrx_word' id='word_1_560' title='bbox 2041 1245 2195 1298; x_wconf 86' lang='lat' dir='ltr'><strong>aliter</strong></span> <span class='ocrx_word' id='word_1_561' title='bbox 2214 1261 2334 1300; x_wconf 91' lang='lat' dir='ltr'><strong>cum</strong></span> <span class='ocrx_word' id='word_1_562' title='bbox 2355 1250 2633 1317; x_wconf 78' lang='lat' dir='ltr'><strong>generosis</strong></span> <span class='ocrx_word' id='word_1_563' title='bbox 2657 1246 2986 1313; x_wconf 86' lang='lat' dir='ltr'><strong>hominibus,</strong></span> <span class='ocrx_word' id='word_1_564' title='bbox 3018 1258 3070 1302; x_wconf 77' lang='lat' dir='ltr'><strong>ei</strong></span> <span class='ocrx_word' id='word_1_565' title='bbox 3093 1264 3237 1313; x_wconf 83' lang='lat' dir='ltr'><strong>eam,</strong></span> <span class='ocrx_word' id='word_1_566' title='bbox 3266 1269 3335 1319; x_wconf 88' lang='lat' dir='ltr'><strong>qu</strong></span> <span class='ocrx_word' id='word_1_567' title='bbox 3355 1271 3383 1303; x_wconf 81' lang='grc' dir='ltr'><strong>ι·</strong></span> <span class='ocrx_word' id='word_1_568' title='bbox 3412 1265 3491 1308; x_wconf 86' lang='lat' dir='ltr'><strong>est</strong></span> <span class='ocrx_word' id='word_1_569' title='bbox 3517 1254 3650 1311; x_wconf 82' lang='lat' dir='ltr'><strong>Novi</strong></span> 
     </span>
    </p>
   </div>
   <div class='ocr_carea' id='block_1_72' title="bbox 2042 1335 3654 1413">
    <p class='ocr_par' dir='ltr' id='par_1_72' title="bbox 2042 1335 3654 1413">
     <span class='ocr_line' id='line_1_72' title="bbox 2042 1335 3654 1413; baseline 0.008 -22"><span class='ocrx_word' id='word_1_570' title='bbox 2042 1335 2369 1391; x_wconf 88' lang='lat' dir='ltr'><strong>Testamenti</strong></span> <span class='ocrx_word' id='word_1_571' title='bbox 2395 1380 2410 1403; x_wconf 95' lang='lat'><strong>,</strong></span> <span class='ocrx_word' id='word_1_572' title='bbox 2448 1338 2840 1409; x_wconf 78' lang='lat' dir='ltr'><strong>philosophiam</strong></span> <span class='ocrx_word' id='word_1_573' title='bbox 2864 1340 2972 1410; x_wconf 86' lang='lat' dir='ltr'><strong>jam</strong></span> <span class='ocrx_word' id='word_1_574' title='bbox 3002 1350 3112 1394; x_wconf 92' lang='lat' dir='ltr'><strong>tum</strong></span> <span class='ocrx_word' id='word_1_575' title='bbox 3142 1342 3524 1401; x_wconf 85' lang='lat' dir='ltr'><strong>meditantibus</strong></span> <span class='ocrx_word' id='word_1_576' title='bbox 3546 1390 3560 1413; x_wconf 90' lang='lat'><strong>,</strong></span> <span class='ocrx_word' id='word_1_577' title='bbox 3594 1363 3654 1403; x_wconf 74' lang='lat' dir='ltr'><strong>se</strong></span> 
     </span>
    </p>
   </div>
   <div class='ocr_carea' id='block_1_73' title="bbox 2041 1430 3655 1510">
    <p class='ocr_par' dir='ltr' id='par_1_73' title="bbox 2041 1430 3655 1510">
     <span class='ocr_line' id='line_1_73' title="bbox 2041 1430 3655 1510; baseline 0.009 -30"><span class='ocrx_word' id='word_1_578' title='bbox 2041 1430 2273 1497; x_wconf 79' lang='lat' dir='ltr'><strong>gessisse</strong></span> <span class='ocrx_word' id='word_1_579' title='bbox 2324 1430 2488 1484; x_wconf 90' lang='lat' dir='ltr'><strong>Deum</strong></span> <span class='ocrx_word' id='word_1_580' title='bbox 2529 1430 2623 1485; x_wconf 87' lang='lat' dir='ltr'><strong>illo</strong></span> <span class='ocrx_word' id='word_1_581' title='bbox 2676 1442 2938 1499; x_wconf 89' lang='lat' dir='ltr'><strong>tempore.</strong></span> <span class='ocrx_word' id='word_1_582' title='bbox 2974 1432 3295 1488; x_wconf 82' lang='lat' dir='ltr'><strong>lilultitudini</strong></span> <span class='ocrx_word' id='word_1_583' title='bbox 3342 1438 3483 1491; x_wconf 89' lang='lat' dir='ltr'><strong>enim</strong></span> <span class='ocrx_word' id='word_1_584' title='bbox 3534 1455 3655 1510; x_wconf 67' lang='lat' dir='ltr'><strong>qua:</strong></span> 
     </span>
    </p>
   </div>
   <div class='ocr_carea' id='block_1_74' title="bbox 2043 1517 3652 1599">
    <p class='ocr_par' dir='ltr' id='par_1_74' title="bbox 2043 1517 3652 1599">
     <span class='ocr_line' id='line_1_74' title="bbox 2043 1517 3652 1599; baseline 0.009 -28"><span class='ocrx_word' id='word_1_585' title='bbox 2043 1517 2189 1571; x_wconf 87' lang='lat' dir='ltr'><strong>humi</strong></span> <span class='ocrx_word' id='word_1_586' title='bbox 2233 1521 2452 1588; x_wconf 87' lang='lat' dir='ltr'><strong>repebat</strong></span> <span class='ocrx_word' id='word_1_587' title='bbox 2476 1562 2491 1583; x_wconf 95' lang='lat'><strong>,</strong></span> <span class='ocrx_word' id='word_1_588' title='bbox 2522 1536 2622 1575; x_wconf 90' lang='lat' dir='ltr'><strong>nec</strong></span> <span class='ocrx_word' id='word_1_589' title='bbox 2650 1536 2899 1591; x_wconf 79' lang='lat' dir='ltr'><strong>magnum</strong></span> <span class='ocrx_word' id='word_1_590' title='bbox 2931 1522 3129 1593; x_wconf 74' lang='lat' dir='ltr'><strong>aliquid</strong></span> <span class='ocrx_word' id='word_1_591' title='bbox 3175 1525 3356 1581; x_wconf 85' lang='lat' dir='ltr'><strong>videre</strong></span> <span class='ocrx_word' id='word_1_592' title='bbox 3400 1540 3605 1597; x_wconf 87' lang='lat' dir='ltr'><strong>poterat</strong></span> <span class='ocrx_word' id='word_1_593' title='bbox 3636 1576 3652 1599; x_wconf 87' lang='lat'><strong>,</strong></span> 
     </span>
    </p>
   </div>
   <div class='ocr_carea' id='block_1_75' title="bbox 2044 1612 3653 1680">
    <p class='ocr_par' dir='ltr' id='par_1_75' title="bbox 2044 1612 3653 1680">
     <span class='ocr_line' id='line_1_75' title="bbox 2044 1612 3653 1680; baseline 0.011 -18"><span class='ocrx_word' id='word_1_594' title='bbox 2044 1624 2217 1676; x_wconf 88' lang='lat' dir='ltr'><strong>neque</strong></span> <span class='ocrx_word' id='word_1_595' title='bbox 2248 1624 2396 1678; x_wconf 84' lang='lat' dir='ltr'><strong>spem</strong></span> <span class='ocrx_word' id='word_1_596' title='bbox 2436 1626 2586 1665; x_wconf 90' lang='lat' dir='ltr'><strong>suam</strong></span> <span class='ocrx_word' id='word_1_597' title='bbox 2624 1612 2689 1666; x_wconf 90' lang='lat' dir='ltr'><strong>ad</strong></span> <span class='ocrx_word' id='word_1_598' title='bbox 2720 1614 3016 1669; x_wconf 81' lang='lat' dir='ltr'><strong>futurorum</strong></span> <span class='ocrx_word' id='word_1_599' title='bbox 3052 1617 3313 1673; x_wconf 88' lang='lat' dir='ltr'><strong>bonorum</strong></span> <span class='ocrx_word' id='word_1_600' title='bbox 3348 1619 3653 1680; x_wconf 88' lang='lat' dir='ltr'><strong>fruitiouent</strong></span> 
     </span>
    </p>
   </div>
   <div class='ocr_carea' id='block_1_76' title="bbox 2043 1702 3655 1778">
    <p class='ocr_par' dir='ltr' id='par_1_76' title="bbox 2043 1702 3655 1778">
     <span class='ocr_line' id='line_1_76' title="bbox 2043 1702 3655 1778; baseline 0.011 -23"><span class='ocrx_word' id='word_1_601' title='bbox 2043 1702 2370 1765; x_wconf 81' lang='lat' dir='ltr'><strong>extendere,</strong></span> <span class='ocrx_word' id='word_1_602' title='bbox 2418 1707 2700 1772; x_wconf 60' lang='lat' dir='ltr'><strong>praesentia</strong></span> <span class='ocrx_word' id='word_1_603' title='bbox 2734 1707 2871 1761; x_wconf 90' lang='lat' dir='ltr'><strong>bona</strong></span> <span class='ocrx_word' id='word_1_604' title='bbox 2917 1708 3195 1778; x_wconf 78' lang='lat' dir='ltr'><strong>exhibuit,</strong></span> <span class='ocrx_word' id='word_1_605' title='bbox 3241 1713 3655 1773; x_wconf 80' lang='lat' dir='ltr'><strong>imbecillitatem</strong></span> 
     </span>
    </p>
   </div>
   <div class='ocr_carea' id='block_1_77' title="bbox 2044 1792 3656 1871">
    <p class='ocr_par' dir='ltr' id='par_1_77' title="bbox 2044 1792 3656 1871">
     <span class='ocr_line' id='line_1_77' title="bbox 2044 1792 3656 1871; baseline 0.012 -27"><span class='ocrx_word' id='word_1_606' title='bbox 2044 1792 2237 1846; x_wconf 82' lang='lat' dir='ltr'><strong>animae</strong></span> <span class='ocrx_word' id='word_1_607' title='bbox 2280 1808 2468 1848; x_wconf 89' lang='lat' dir='ltr'><strong>eorum</strong></span> <span class='ocrx_word' id='word_1_608' title='bbox 2519 1796 2886 1863; x_wconf 87' lang='lat' dir='ltr'><strong>consolando,</strong></span> <span class='ocrx_word' id='word_1_609' title='bbox 2942 1808 2993 1852; x_wconf 89' lang='lat' dir='ltr'><strong>et</strong></span> <span class='ocrx_word' id='word_1_610' title='bbox 3024 1815 3122 1871; x_wconf 84' lang='lat' dir='ltr'><strong>per</strong></span> <span class='ocrx_word' id='word_1_611' title='bbox 3146 1801 3248 1858; x_wconf 91' lang='lat' dir='ltr'><strong>hoc</strong></span> <span class='ocrx_word' id='word_1_612' title='bbox 3291 1804 3357 1858; x_wconf 91' lang='lat' dir='ltr'><strong>ad</strong></span> <span class='ocrx_word' id='word_1_613' title='bbox 3404 1806 3656 1863; x_wconf 86' lang='lat' dir='ltr'><strong>virtutem</strong></span> 
     </span>
    </p>
   </div>
   <div class='ocr_carea' id='block_1_78' title="bbox 2044 1886 3656 1961">
    <p class='ocr_par' dir='ltr' id='par_1_78' title="bbox 2044 1886 3656 1961">
     <span class='ocr_line' id='line_1_78' title="bbox 2044 1886 3656 1961; baseline 0.012 -24"><span class='ocrx_word' id='word_1_614' title='bbox 2044 1886 2400 1939; x_wconf 79' lang='lat' dir='ltr'><strong>exercendam</strong></span> <span class='ocrx_word' id='word_1_615' title='bbox 2432 1886 2579 1955; x_wconf 89' lang='lat' dir='ltr'><strong>ipsos</strong></span> <span class='ocrx_word' id='word_1_616' title='bbox 2608 1887 2959 1957; x_wconf 86' lang='lat' dir='ltr'><strong>deducendo,</strong></span> <span class='ocrx_word' id='word_1_617' title='bbox 2991 1900 3152 1961; x_wconf 86' lang='lat' dir='ltr'><strong>atque</strong></span> <span class='ocrx_word' id='word_1_618' title='bbox 3178 1896 3243 1949; x_wconf 86' lang='lat' dir='ltr'><strong>ad</strong></span> <span class='ocrx_word' id='word_1_619' title='bbox 3277 1912 3452 1952; x_wconf 89' lang='lat' dir='ltr'><strong>rerum</strong></span> <span class='ocrx_word' id='word_1_620' title='bbox 3486 1900 3656 1957; x_wconf 79' lang='lat' dir='ltr'><strong>hone-</strong></span> 
     </span>
    </p>
   </div>
   <div class='ocr_carea' id='block_1_79' title="bbox 2044 1978 3656 2049">
    <p class='ocr_par' dir='ltr' id='par_1_79' title="bbox 2044 1978 3656 2049">
     <span class='ocr_line' id='line_1_79' title="bbox 2044 1978 3656 2049; baseline 0.012 -20"><span class='ocrx_word' id='word_1_621' title='bbox 2044 1988 2247 2030; x_wconf 82' lang='lat' dir='ltr'><strong>starum</strong></span> <span class='ocrx_word' id='word_1_622' title='bbox 2272 1978 2595 2035; x_wconf 86' lang='lat' dir='ltr'><strong>desiderium</strong></span> <span class='ocrx_word' id='word_1_623' title='bbox 2628 1996 2642 2043; x_wconf 86' lang='lat'><strong>;</strong></span> <span class='ocrx_word' id='word_1_624' title='bbox 2676 1980 2841 2035; x_wconf 82' lang='lat' dir='ltr'><strong>Eliam</strong></span> <span class='ocrx_word' id='word_1_625' title='bbox 2874 1993 3050 2037; x_wconf 84' lang='lat' dir='ltr'><strong>autem</strong></span> <span class='ocrx_word' id='word_1_626' title='bbox 3081 1996 3133 2038; x_wconf 93' lang='lat' dir='ltr'><strong>et</strong></span> <span class='ocrx_word' id='word_1_627' title='bbox 3160 1986 3407 2043; x_wconf 71' lang='lat' dir='ltr'><strong>Eliszcum</strong></span> <span class='ocrx_word' id='word_1_628' title='bbox 3431 2002 3478 2045; x_wconf 90' lang='lat' dir='ltr'><strong>et</strong></span> <span class='ocrx_word' id='word_1_629' title='bbox 3503 1992 3656 2049; x_wconf 87' lang='lat' dir='ltr'><strong>Jerc-</strong></span> 
     </span>
    </p>
   </div>
   <div class='ocr_carea' id='block_1_80' title="bbox 2045 2068 3653 2151">
    <p class='ocr_par' dir='ltr' id='par_1_80' title="bbox 2045 2068 3653 2151">
     <span class='ocr_line' id='line_1_80' title="bbox 2045 2068 3653 2151; baseline 0.012 -31"><span class='ocrx_word' id='word_1_630' title='bbox 2045 2068 2206 2121; x_wconf 90' lang='lat' dir='ltr'><strong>miam</strong></span> <span class='ocrx_word' id='word_1_631' title='bbox 2236 2080 2287 2123; x_wconf 91' lang='lat' dir='ltr'><strong>ct</strong></span> <span class='ocrx_word' id='word_1_632' title='bbox 2319 2069 2563 2123; x_wconf 87' lang='lat' dir='ltr'><strong>ilesaiam</strong></span> <span class='ocrx_word' id='word_1_633' title='bbox 2595 2072 2730 2125; x_wconf 61' lang='lat' dir='ltr'><strong>et‘in</strong></span> <span class='ocrx_word' id='word_1_634' title='bbox 2765 2089 2979 2128; x_wconf 85' lang='lat' dir='ltr'><strong>summa</strong></span> <span class='ocrx_word' id='word_1_635' title='bbox 3013 2076 3293 2133; x_wconf 61' lang='lat' dir='ltr'><strong>universos</strong></span> <span class='ocrx_word' id='word_1_636' title='bbox 3324 2082 3615 2151; x_wconf 81' lang='lat' dir='ltr'><strong>prophetas</strong></span> <span class='ocrx_word' id='word_1_637' title='bbox 3639 2127 3653 2150; x_wconf 97' lang='lat'><strong>,</strong></span> 
     </span>
    </p>
   </div>
   <div class='ocr_carea' id='block_1_81' title="bbox 2045 2162 3656 2232">
    <p class='ocr_par' dir='ltr' id='par_1_81' title="bbox 2045 2162 3656 2232">
     <span class='ocr_line' id='line_1_81' title="bbox 2045 2162 3656 2232; baseline 0.011 -20"><span class='ocrx_word' id='word_1_638' title='bbox 2045 2167 2098 2212; x_wconf 91' lang='lat' dir='ltr'><strong>et</strong></span> <span class='ocrx_word' id='word_1_639' title='bbox 2143 2169 2406 2228; x_wconf 86' lang='lat' dir='ltr'><strong>quotquot</strong></span> <span class='ocrx_word' id='word_1_640' title='bbox 2455 2162 2520 2214; x_wconf 89' lang='lat' dir='ltr'><strong>ad</strong></span> <span class='ocrx_word' id='word_1_641' title='bbox 2568 2178 2880 2232; x_wconf 84' lang='lat' dir='ltr'><strong>magnorum</strong></span> <span class='ocrx_word' id='word_1_642' title='bbox 2924 2174 2979 2220; x_wconf 88' lang='lat' dir='ltr'><strong>et</strong></span> <span class='ocrx_word' id='word_1_643' title='bbox 3022 2177 3329 2224; x_wconf 88' lang='lat' dir='ltr'><strong>sanctorum</strong></span> <span class='ocrx_word' id='word_1_644' title='bbox 3382 2172 3656 2230; x_wconf 86' lang='lat' dir='ltr'><strong>hominum</strong></span> 
     </span>
    </p>
   </div>
   <div class='ocr_carea' id='block_1_82' title="bbox 2052 2250 3658 2331">
    <p class='ocr_par' dir='ltr' id='par_1_82' title="bbox 2052 2250 3658 2331">
     <span class='ocr_line' id='line_1_82' title="bbox 2052 2250 3658 2331; baseline 0.012 -28"><span class='ocrx_word' id='word_1_645' title='bbox 2052 2250 2273 2303; x_wconf 83' lang='lat' dir='ltr'><strong>chorum</strong></span> <span class='ocrx_word' id='word_1_646' title='bbox 2302 2252 2657 2319; x_wconf 82' lang='lat' dir='ltr'><strong>pertinebant,</strong></span> <span class='ocrx_word' id='word_1_647' title='bbox 2689 2254 2755 2308; x_wconf 90' lang='lat' dir='ltr'><strong>ad</strong></span> <span class='ocrx_word' id='word_1_648' title='bbox 2784 2256 2945 2310; x_wconf 64' lang='grc' dir='ltr'><strong>αιιοδ</strong></span> <span class='ocrx_word' id='word_1_649' title='bbox 2971 2258 3215 2326; x_wconf 78' lang='lat' dir='ltr'><strong>vocabat,</strong></span> <span class='ocrx_word' id='word_1_650' title='bbox 3243 2260 3308 2315; x_wconf 91' lang='lat' dir='ltr'><strong>ad</strong></span> <span class='ocrx_word' id='word_1_651' title='bbox 3331 2278 3498 2331; x_wconf 87' lang='lat' dir='ltr'><strong>eaque</strong></span> <span class='ocrx_word' id='word_1_652' title='bbox 3522 2266 3658 2322; x_wconf 78' lang='lat' dir='ltr'><strong>bona</strong></span> 
     </span>
    </p>
   </div>
   <div class='ocr_carea' id='block_1_83' title="bbox 2046 2342 3656 2417">
    <p class='ocr_par' dir='ltr' id='par_1_83' title="bbox 2046 2342 3656 2417">
     <span class='ocr_line' id='line_1_83' title="bbox 2046 2342 3656 2417; baseline 0.012 -24"><span class='ocrx_word' id='word_1_653' title='bbox 2046 2357 2163 2407; x_wconf 75' lang='lat' dir='ltr'><strong>quae.</strong></span> <span class='ocrx_word' id='word_1_654' title='bbox 2206 2342 2394 2396; x_wconf 78' lang='lat' dir='ltr'><strong>electis</strong></span> <span class='ocrx_word' id='word_1_655' title='bbox 2426 2353 2550 2396; x_wconf 86' lang='lat' dir='ltr'><strong>sunt</strong></span> <span class='ocrx_word' id='word_1_656' title='bbox 2595 2345 2702 2398; x_wconf 91' lang='lat' dir='ltr'><strong>illic</strong></span> <span class='ocrx_word' id='word_1_657' title='bbox 2731 2360 3051 2415; x_wconf 73' lang='lat' dir='ltr'><strong>praeparata.</strong></span> <span class='ocrx_word' id='word_1_658' title='bbox 3088 2348 3448 2417; x_wconf 85' lang='lat' dir='ltr'><strong>Quamobrem</strong></span> <span class='ocrx_word' id='word_1_659' title='bbox 3495 2358 3656 2412; x_wconf 89' lang='lat' dir='ltr'><strong>etiam</strong></span> 
     </span>
    </p>
   </div>
   <div class='ocr_carea' id='block_1_84' title="bbox 2047 2433 3661 2511">
    <p class='ocr_par' dir='ltr' id='par_1_84' title="bbox 2047 2433 3661 2511">
     <span class='ocr_line' id='line_1_84' title="bbox 2047 2433 3661 2511; baseline 0.014 -26"><span class='ocrx_word' id='word_1_660' title='bbox 2047 2433 2241 2487; x_wconf 85' lang='lat' dir='ltr'><strong>Paulus</strong></span> <span class='ocrx_word' id='word_1_661' title='bbox 2290 2452 2394 2489; x_wconf 85' lang='lat' dir='ltr'><strong>non</strong></span> <span class='ocrx_word' id='word_1_662' title='bbox 2428 2452 2615 2490; x_wconf 78' lang='lat' dir='ltr'><strong>clunes</strong></span> <span class='ocrx_word' id='word_1_663' title='bbox 2666 2439 2823 2493; x_wconf 86' lang='lat' dir='ltr'><strong>simul</strong></span> <span class='ocrx_word' id='word_1_664' title='bbox 2874 2444 3246 2511; x_wconf 88' lang='lat' dir='ltr'><strong>enumeravit,</strong></span> <span class='ocrx_word' id='word_1_665' title='bbox 3299 2447 3392 2502; x_wconf 88' lang='lat' dir='ltr'><strong>sed</strong></span> <span class='ocrx_word' id='word_1_666' title='bbox 3434 2450 3661 2507; x_wconf 87' lang='lat' dir='ltr'><strong>amictos</strong></span> 
     </span>
    </p>
   </div>
   <div class='ocr_carea' id='block_1_85' title="bbox 2046 2525 3647 2609">
    <p class='ocr_par' dir='ltr' id='par_1_85' title="bbox 2046 2525 3647 2609">
     <span class='ocr_line' id='line_1_85' title="bbox 2046 2525 3647 2609; baseline 0.013 -34"><span class='ocrx_word' id='word_1_667' title='bbox 2046 2525 2218 2578; x_wconf 88' lang='lat' dir='ltr'><strong>ovillis</strong></span> <span class='ocrx_word' id='word_1_668' title='bbox 2243 2540 2304 2578; x_wconf 90' lang='lat' dir='ltr'><strong>ac</strong></span> <span class='ocrx_word' id='word_1_669' title='bbox 2329 2526 2561 2594; x_wconf 85' lang='lat' dir='ltr'><strong>caprinis</strong></span> <span class='ocrx_word' id='word_1_670' title='bbox 2592 2529 2816 2595; x_wconf 87' lang='lat' dir='ltr'><strong>pellibus</strong></span> <span class='ocrx_word' id='word_1_671' title='bbox 2840 2571 2855 2597; x_wconf 88' lang='lat'><strong>,</strong></span> <span class='ocrx_word' id='word_1_672' title='bbox 2920 2532 2971 2584; x_wconf 91' lang='lat' dir='ltr'><strong>in</strong></span> <span class='ocrx_word' id='word_1_673' title='bbox 3005 2530 3279 2590; x_wconf 82' lang='lat' dir='ltr'><strong>fornacem</strong></span> <span class='ocrx_word' id='word_1_674' title='bbox 3329 2539 3607 2609; x_wconf 82' lang='lat' dir='ltr'><strong>conjectos</strong></span> <span class='ocrx_word' id='word_1_675' title='bbox 3632 2584 3647 2607; x_wconf 93' lang='lat'><strong>,</strong></span> 
     </span>
    </p>
   </div>
   <div class='ocr_carea' id='block_1_86' title="bbox 2048 2616 3664 2695">
    <p class='ocr_par' dir='ltr' id='par_1_86' title="bbox 2048 2616 3664 2695">
     <span class='ocr_line' id='line_1_86' title="bbox 2048 2616 3664 2695; baseline 0.015 -32"><span class='ocrx_word' id='word_1_676' title='bbox 2048 2616 2271 2669; x_wconf 67' lang='lat' dir='ltr'><strong>vinculis</strong></span> <span class='ocrx_word' id='word_1_677' title='bbox 2301 2618 2619 2672; x_wconf 85' lang='lat' dir='ltr'><strong>constrictos</strong></span> <span class='ocrx_word' id='word_1_678' title='bbox 2645 2662 2655 2679; x_wconf 90' lang='lat'><strong>,</strong></span> <span class='ocrx_word' id='word_1_679' title='bbox 2693 2618 2954 2678; x_wconf 84' lang='lat' dir='ltr'><strong>distentos</strong></span> <span class='ocrx_word' id='word_1_680' title='bbox 2978 2666 2990 2687; x_wconf 93' lang='lat'><strong>,</strong></span> <span class='ocrx_word' id='word_1_681' title='bbox 3017 2626 3161 2678; x_wconf 81' lang='lat' dir='ltr'><strong>saxis</strong></span> <span class='ocrx_word' id='word_1_682' title='bbox 3192 2625 3449 2695; x_wconf 80' lang='lat' dir='ltr'><strong>lapidatus</strong></span> <span class='ocrx_word' id='word_1_683' title='bbox 3472 2670 3486 2694; x_wconf 96' lang='lat'><strong>,</strong></span> <span class='ocrx_word' id='word_1_684' title='bbox 3523 2630 3664 2687; x_wconf 83' lang='lat' dir='ltr'><strong>latus</strong></span> 
     </span>
    </p>
   </div>
   <div class='ocr_carea' id='block_1_87' title="bbox 2046 2707 3665 2789">
    <p class='ocr_par' dir='ltr' id='par_1_87' title="bbox 2046 2707 3665 2789">
     <span class='ocr_line' id='line_1_87' title="bbox 2046 2707 3665 2789; baseline 0.012 -30"><span class='ocrx_word' id='word_1_685' title='bbox 2046 2715 2099 2759; x_wconf 90' lang='lat' dir='ltr'><strong>et</strong></span> <span class='ocrx_word' id='word_1_686' title='bbox 2146 2707 2319 2776; x_wconf 84' lang='lat' dir='ltr'><strong>inopia</strong></span> <span class='ocrx_word' id='word_1_687' title='bbox 2355 2709 2699 2775; x_wconf 88' lang='lat' dir='ltr'><strong>laborantes,</strong></span> <span class='ocrx_word' id='word_1_688' title='bbox 2747 2710 2800 2765; x_wconf 90' lang='lat' dir='ltr'><strong>in</strong></span> <span class='ocrx_word' id='word_1_689' title='bbox 2850 2714 3229 2772; x_wconf 89' lang='lat' dir='ltr'><strong>solitudinibus</strong></span> <span class='ocrx_word' id='word_1_690' title='bbox 3253 2758 3267 2781; x_wconf 93' lang='lat'><strong>,</strong></span> <span class='ocrx_word' id='word_1_691' title='bbox 3310 2721 3581 2789; x_wconf 87' lang='lat' dir='ltr'><strong>speluncis</strong></span> <span class='ocrx_word' id='word_1_692' title='bbox 3608 2732 3665 2778; x_wconf 86' lang='lat' dir='ltr'><strong>et</strong></span> 
     </span>
    </p>
   </div>
   <div class='ocr_carea' id='block_1_88' title="bbox 2045 2799 3662 2876">
    <p class='ocr_par' dir='ltr' id='par_1_88' title="bbox 2045 2799 3662 2876">
     <span class='ocr_line' id='line_1_88' title="bbox 2045 2799 3662 2876; baseline 0.012 -27"><span class='ocrx_word' id='word_1_693' title='bbox 2045 2799 2288 2852; x_wconf 65' lang='lat' dir='ltr'><strong>cavernis</strong></span> <span class='ocrx_word' id='word_1_694' title='bbox 2308 2809 2461 2854; x_wconf 71' lang='lat' dir='ltr'><strong>terrm</strong></span> <span class='ocrx_word' id='word_1_695' title='bbox 2488 2802 2765 2873; x_wconf 80' lang='lat' dir='ltr'><strong>degentes,</strong></span> <span class='ocrx_word' id='word_1_696' title='bbox 2789 2806 3175 2876; x_wconf 88' lang='lat' dir='ltr'><strong>innumeraque</strong></span> <span class='ocrx_word' id='word_1_697' title='bbox 3220 2811 3359 2864; x_wconf 85' lang='lat' dir='ltr'><strong>mala</strong></span> <span class='ocrx_word' id='word_1_698' title='bbox 3389 2814 3662 2869; x_wconf 83' lang='lat' dir='ltr'><strong>sustinen-</strong></span> 
     </span>
    </p>
   </div>
   <div class='ocr_carea' id='block_1_89' title="bbox 2048 2889 3661 2974">
    <p class='ocr_par' dir='ltr' id='par_1_89' title="bbox 2048 2889 3661 2974">
     <span class='ocr_line' id='line_1_89' title="bbox 2048 2889 3661 2974; baseline 0.014 -36"><span class='ocrx_word' id='word_1_699' title='bbox 2048 2894 2148 2939; x_wconf 86' lang='lat' dir='ltr'><strong>tes.</strong></span> <span class='ocrx_word' id='word_1_700' title='bbox 2180 2889 2248 2941; x_wconf 83' lang='lat' dir='ltr'><strong>At</strong></span> <span class='ocrx_word' id='word_1_701' title='bbox 2279 2898 2387 2943; x_wconf 89' lang='lat' dir='ltr'><strong>tum</strong></span> <span class='ocrx_word' id='word_1_702' title='bbox 2421 2892 2636 2947; x_wconf 87' lang='lat' dir='ltr'><strong>demum</strong></span> <span class='ocrx_word' id='word_1_703' title='bbox 2668 2896 2803 2950; x_wconf 83' lang='lat' dir='ltr'><strong>dixit</strong></span> <span class='ocrx_word' id='word_1_704' title='bbox 2834 2913 3023 2951; x_wconf 90' lang='lat' dir='ltr'><strong>omnes</strong></span> <span class='ocrx_word' id='word_1_705' title='bbox 3056 2898 3154 2953; x_wconf 89' lang='lat' dir='ltr'><strong>hos</strong></span> <span class='ocrx_word' id='word_1_706' title='bbox 3177 2900 3227 2953; x_wconf 91' lang='lat' dir='ltr'><strong>in</strong></span> <span class='ocrx_word' id='word_1_707' title='bbox 3258 2916 3352 2970; x_wconf 89' lang='lat' dir='ltr'><strong>spe</strong></span> <span class='ocrx_word' id='word_1_708' title='bbox 3387 2916 3661 2974; x_wconf 84' lang='lat' dir='ltr'><strong>mortuos,</strong></span> 
     </span>
    </p>
   </div>
   <div class='ocr_carea' id='block_1_90' title="bbox 2048 2981 3657 3059">
    <p class='ocr_par' dir='ltr' id='par_1_90' title="bbox 2048 2981 3657 3059">
     <span class='ocr_line' id='line_1_90' title="bbox 2048 2981 3657 3059; baseline 0.014 -29"><span class='ocrx_word' id='word_1_709' title='bbox 2048 2994 2147 3033; x_wconf 88' lang='lat' dir='ltr'><strong>nec</strong></span> <span class='ocrx_word' id='word_1_710' title='bbox 2179 2981 2352 3035; x_wconf 89' lang='lat' dir='ltr'><strong>adhuc</strong></span> <span class='ocrx_word' id='word_1_711' title='bbox 2386 2989 2799 3052; x_wconf 78' lang='lat' dir='ltr'><strong>promissionem</strong></span> <span class='ocrx_word' id='word_1_712' title='bbox 2845 2992 3114 3059; x_wconf 88' lang='lat' dir='ltr'><strong>recepisse</strong></span> <span class='ocrx_word' id='word_1_713' title='bbox 3142 3010 3154 3045; x_wconf 93' lang='lat'>:</span> <span class='ocrx_word' id='word_1_714' title='bbox 3184 2994 3531 3051; x_wconf 86' lang='lat' dir='ltr'><strong>subindicans</strong></span> <span class='ocrx_word' id='word_1_715' title='bbox 3562 3014 3657 3053; x_wconf 83' lang='lat' dir='ltr'><strong>no-</strong></span> 
     </span>
    </p>
   </div>
   <div class='ocr_carea' id='block_1_91' title="bbox 2046 3068 3660 3144">
    <p class='ocr_par' dir='ltr' id='par_1_91' title="bbox 2046 3068 3660 3144">
     <span class='ocr_line' id='line_1_91' title="bbox 2046 3068 3660 3144; baseline 0.013 -22"><span class='ocrx_word' id='word_1_716' title='bbox 2046 3068 2127 3123; x_wconf 88' lang='lat' dir='ltr'><strong>bis</strong></span> <span class='ocrx_word' id='word_1_717' title='bbox 2158 3088 2262 3125; x_wconf 91' lang='lat' dir='ltr'><strong>non</strong></span> <span class='ocrx_word' id='word_1_718' title='bbox 2290 3074 2478 3143; x_wconf 71' lang='lat' dir='ltr'><strong>vulgus</strong></span> <span class='ocrx_word' id='word_1_719' title='bbox 2504 3076 2807 3143; x_wconf 87' lang='lat' dir='ltr'><strong>Judaicum,</strong></span> <span class='ocrx_word' id='word_1_720' title='bbox 2836 3081 2930 3133; x_wconf 88' lang='lat' dir='ltr'><strong>sed</strong></span> <span class='ocrx_word' id='word_1_721' title='bbox 2963 3081 3208 3136; x_wconf 85' lang='lat' dir='ltr'><strong>homines</strong></span> <span class='ocrx_word' id='word_1_722' title='bbox 3233 3085 3300 3136; x_wconf 91' lang='lat' dir='ltr'><strong>ad</strong></span> <span class='ocrx_word' id='word_1_723' title='bbox 3334 3085 3465 3140; x_wconf 67' lang='lat' dir='ltr'><strong>Elite</strong></span> <span class='ocrx_word' id='word_1_724' title='bbox 3507 3089 3660 3144; x_wconf 84' lang='lat' dir='ltr'><strong>simt-</strong></span> 
     </span>
    </p>
   </div>
   <div class='ocr_carea' id='block_1_92' title="bbox 2046 3158 3659 3241">
    <p class='ocr_par' dir='ltr' id='par_1_92' title="bbox 2046 3158 3659 3241">
     <span class='ocr_line' id='line_1_92' title="bbox 2046 3158 3659 3241; baseline 0.015 -29"><span class='ocrx_word' id='word_1_725' title='bbox 2046 3158 2321 3215; x_wconf 82' lang='lat' dir='ltr'><strong>litudincm</strong></span> <span class='ocrx_word' id='word_1_726' title='bbox 2369 3166 2707 3221; x_wconf 84' lang='lat' dir='ltr'><strong>accedentes.</strong></span> <span class='ocrx_word' id='word_1_727' title='bbox 2742 3168 2892 3237; x_wconf 87' lang='lat' dir='ltr'><strong>Quod</strong></span> <span class='ocrx_word' id='word_1_728' title='bbox 2940 3171 2982 3224; x_wconf 89' lang='lat' dir='ltr'><strong>si</strong></span> <span class='ocrx_word' id='word_1_729' title='bbox 3012 3173 3131 3241; x_wconf 85' lang='lat' dir='ltr'><strong>quis</strong></span> <span class='ocrx_word' id='word_1_730' title='bbox 3162 3172 3305 3227; x_wconf 90' lang='lat' dir='ltr'><strong>dicat</strong></span> <span class='ocrx_word' id='word_1_731' title='bbox 3338 3195 3348 3226; x_wconf 90' lang='lat'>:</span> <span class='ocrx_word' id='word_1_732' title='bbox 3384 3176 3446 3231; x_wconf 87' lang='lat' dir='ltr'><strong>lli</strong></span> <span class='ocrx_word' id='word_1_733' title='bbox 3477 3189 3659 3237; x_wconf 87' lang='lat' dir='ltr'><strong>autem</strong></span> 
     </span>
    </p>
   </div>
   <div class='ocr_carea' id='block_1_93' title="bbox 2047 3250 3662 3329">
    <p class='ocr_par' dir='ltr' id='par_1_93' title="bbox 2047 3250 3662 3329">
     <span class='ocr_line' id='line_1_93' title="bbox 2047 3250 3662 3329; baseline 0.014 -26"><span class='ocrx_word' id='word_1_734' title='bbox 2047 3250 2145 3319; x_wconf 87' lang='lat' dir='ltr'><strong>ipsi</strong></span> <span class='ocrx_word' id='word_1_735' title='bbox 2170 3254 2518 3321; x_wconf 87' lang='lat' dir='ltr'><strong>quamobrem</strong></span> <span class='ocrx_word' id='word_1_736' title='bbox 2552 3273 2619 3310; x_wconf 90' lang='lat' dir='ltr'><strong>ne</strong></span> <span class='ocrx_word' id='word_1_737' title='bbox 2646 3274 2789 3313; x_wconf 90' lang='lat' dir='ltr'><strong>nunc</strong></span> <span class='ocrx_word' id='word_1_738' title='bbox 2818 3260 3035 3329; x_wconf 89' lang='lat' dir='ltr'><strong>quidem</strong></span> <span class='ocrx_word' id='word_1_739' title='bbox 3066 3261 3272 3317; x_wconf 83' lang='lat' dir='ltr'><strong>debitas</strong></span> <span class='ocrx_word' id='word_1_740' title='bbox 3298 3266 3399 3320; x_wconf 89' lang='lat' dir='ltr'><strong>sibi</strong></span> <span class='ocrx_word' id='word_1_741' title='bbox 3433 3283 3662 3327; x_wconf 86' lang='lat' dir='ltr'><strong>coronas</strong></span> 
     </span>
    </p>
   </div>
   <div class='ocr_carea' id='block_1_94' title="bbox 2045 3348 3650 3417">
    <p class='ocr_par' dir='ltr' id='par_1_94' title="bbox 2045 3348 3650 3417">
     <span class='ocr_line' id='line_1_94' title="bbox 2045 3348 3650 3417; baseline 0.014 -24"><span class='ocrx_word' id='word_1_742' title='bbox 2045 3348 2452 3412; x_wconf 77' lang='lat' dir='ltr'><strong>perceperunt?</strong></span> <span class='ocrx_word' id='word_1_743' title='bbox 2495 3361 2710 3403; x_wconf 88' lang='lat' dir='ltr'><strong>causam</strong></span> <span class='ocrx_word' id='word_1_744' title='bbox 2741 3349 2899 3417; x_wconf 86' lang='lat' dir='ltr'><strong>hujus</strong></span> <span class='ocrx_word' id='word_1_745' title='bbox 2928 3350 3008 3406; x_wconf 88' lang='lat' dir='ltr'><strong>rei</strong></span> <span class='ocrx_word' id='word_1_746' title='bbox 3038 3352 3211 3410; x_wconf 88' lang='lat' dir='ltr'><strong>discat</strong></span> <span class='ocrx_word' id='word_1_747' title='bbox 3237 3371 3262 3407; x_wconf 94' lang='lat' dir='ltr'><strong>a</strong></span> <span class='ocrx_word' id='word_1_748' title='bbox 3298 3358 3483 3414; x_wconf 86' lang='lat' dir='ltr'><strong>Paulo.</strong></span> <span class='ocrx_word' id='word_1_749' title='bbox 3516 3361 3650 3416; x_wconf 86' lang='lat' dir='ltr'><strong>Cum</strong></span> 
     </span>
    </p>
   </div>
   <div class='ocr_carea' id='block_1_95' title="bbox 2045 3436 3662 3522">
    <p class='ocr_par' dir='ltr' id='par_1_95' title="bbox 2045 3436 3662 3522">
     <span class='ocr_line' id='line_1_95' title="bbox 2045 3436 3662 3522; baseline 0.012 -34"><span class='ocrx_word' id='word_1_750' title='bbox 2045 3436 2187 3488; x_wconf 84' lang='lat' dir='ltr'><strong>cnim</strong></span> <span class='ocrx_word' id='word_1_751' title='bbox 2221 3437 2443 3492; x_wconf 78' lang='lat' dir='ltr'><strong>dixisset</strong></span> <span class='ocrx_word' id='word_1_752' title='bbox 2475 3457 2487 3492; x_wconf 94' lang='lat'><strong>:</strong></span> <span class='ocrx_word' id='word_1_753' title='bbox 2520 3438 2653 3515; x_wconf 75' lang='lat' dir='ltr'><strong>Fide</strong></span> <span class='ocrx_word' id='word_1_754' title='bbox 2680 3452 2799 3495; x_wconf 87' lang='lat' dir='ltr'><strong>sunt</strong></span> <span class='ocrx_word' id='word_1_755' title='bbox 2828 3445 3012 3497; x_wconf 83' lang='lat' dir='ltr'><strong>mortui</strong></span> <span class='ocrx_word' id='word_1_756' title='bbox 3033 3461 3207 3499; x_wconf 76' lang='lat' dir='ltr'><strong>omnes</strong></span> <span class='ocrx_word' id='word_1_757' title='bbox 3232 3448 3285 3499; x_wconf 75' lang='lat' dir='ltr'><strong>lii</strong></span> <span class='ocrx_word' id='word_1_758' title='bbox 3313 3466 3412 3502; x_wconf 82' lang='lat' dir='ltr'><strong>non</strong></span> <span class='ocrx_word' id='word_1_759' title='bbox 3441 3454 3662 3522; x_wconf 70' lang='lat' dir='ltr'><strong>(receptis</strong></span> 
     </span>
    </p>
   </div>
   <div class='ocr_carea' id='block_1_96' title="bbox 2046 3527 3663 3614">
    <p class='ocr_par' dir='ltr' id='par_1_96' title="bbox 2046 3527 3663 3614">
     <span class='ocr_line' id='line_1_96' title="bbox 2046 3527 3663 3614; baseline 0.014 -38"><span class='ocrx_word' id='word_1_760' title='bbox 2046 3527 2479 3595; x_wconf 81' lang='lat' dir='ltr'><strong>promissionibus,</strong></span> <span class='ocrx_word' id='word_1_761' title='bbox 2510 3531 2800 3601; x_wconf 79' lang='lat' dir='ltr'><strong>subjunxit,</strong></span> <span class='ocrx_word' id='word_1_762' title='bbox 2834 3532 2941 3587; x_wconf 91' lang='lat' dir='ltr'><strong>Deo</strong></span> <span class='ocrx_word' id='word_1_763' title='bbox 2968 3551 3061 3605; x_wconf 88' lang='lat' dir='ltr'><strong>pro</strong></span> <span class='ocrx_word' id='word_1_764' title='bbox 3092 3538 3235 3591; x_wconf 86' lang='lat' dir='ltr'><strong>nobis</strong></span> <span class='ocrx_word' id='word_1_765' title='bbox 3260 3540 3439 3593; x_wconf 82' lang='lat' dir='ltr'><strong>melius</strong></span> <span class='ocrx_word' id='word_1_766' title='bbox 3467 3543 3663 3614; x_wconf 80' lang='lat' dir='ltr'><strong>aliquid</strong></span> 
     </span>
    </p>
   </div>
   <div class='ocr_carea' id='block_1_97' title="bbox 2046 3618 3659 3699">
    <p class='ocr_par' dir='ltr' id='par_1_97' title="bbox 2046 3618 3659 3699">
     <span class='ocr_line' id='line_1_97' title="bbox 2046 3618 3659 3699; baseline 0.015 -32"><span class='ocrx_word' id='word_1_767' title='bbox 2046 3618 2357 3685; x_wconf 72' lang='lat' dir='ltr'><strong>providente,</strong></span> <span class='ocrx_word' id='word_1_768' title='bbox 2378 3631 2432 3673; x_wconf 87' lang='lat' dir='ltr'><strong>ut</strong></span> <span class='ocrx_word' id='word_1_769' title='bbox 2460 3638 2560 3675; x_wconf 86' lang='lat' dir='ltr'><strong>non</strong></span> <span class='ocrx_word' id='word_1_770' title='bbox 2582 3624 2689 3676; x_wconf 87' lang='lat' dir='ltr'><strong>sine</strong></span> <span class='ocrx_word' id='word_1_771' title='bbox 2710 3626 2851 3677; x_wconf 80' lang='lat' dir='ltr'><strong>nobis</strong></span> <span class='ocrx_word' id='word_1_772' title='bbox 2870 3631 3542 3699; x_wconf 76' lang='lat' dir='ltr'><strong>consummarentur(Hebr.</strong></span> <span class='ocrx_word' id='word_1_773' title='bbox 3573 3637 3659 3691; x_wconf 84' lang='grc' dir='ltr'><strong>Η.</strong></span> 
     </span>
    </p>
   </div>
   <div class='ocr_carea' id='block_1_98' title="bbox 2046 3709 3659 3797">
    <p class='ocr_par' dir='ltr' id='par_1_98' title="bbox 2046 3709 3659 3797">
     <span class='ocr_line' id='line_1_98' title="bbox 2046 3709 3659 3797; baseline 0.013 -36"><span class='ocrx_word' id='word_1_774' title='bbox 2046 3709 2136 3762; x_wconf 73' lang='grc'><strong>15.</strong></span> <span class='ocrx_word' id='word_1_775' title='bbox 2170 3710 2241 3764; x_wconf 70' lang='grc'><strong>40</strong></span> <span class='ocrx_word' id='word_1_776' title='bbox 2264 3710 2302 3781; x_wconf 95' lang='grc'><strong>).</strong></span> <span class='ocrx_word' id='word_1_777' title='bbox 2338 3712 2649 3769; x_wconf 82' lang='lat' dir='ltr'><strong>Communis</strong></span> <span class='ocrx_word' id='word_1_778' title='bbox 2680 3716 2822 3770; x_wconf 86' lang='lat' dir='ltr'><strong>enim</strong></span> <span class='ocrx_word' id='word_1_779' title='bbox 2854 3730 2931 3772; x_wconf 89' lang='lat' dir='ltr'><strong>est</strong></span> <span class='ocrx_word' id='word_1_780' title='bbox 2958 3719 3244 3776; x_wconf 82' lang='lat' dir='ltr'><strong>celebritas</strong></span> <span class='ocrx_word' id='word_1_781' title='bbox 3276 3721 3391 3778; x_wconf 71' lang='lat' dir='ltr'><strong>hmc</strong></span> <span class='ocrx_word' id='word_1_782' title='bbox 3415 3766 3430 3791; x_wconf 97' lang='lat'><strong>,</strong></span> <span class='ocrx_word' id='word_1_783' title='bbox 3464 3726 3659 3797; x_wconf 87' lang='lat' dir='ltr'><strong>inquit,</strong></span> 
     </span>
    </p>
   </div>
   <div class='ocr_carea' id='block_1_99' title="bbox 2044 3802 3662 3882">
    <p class='ocr_par' dir='ltr' id='par_1_99' title="bbox 2044 3802 3662 3882">
     <span class='ocr_line' id='line_1_99' title="bbox 2044 3802 3662 3882; baseline 0.015 -31"><span class='ocrx_word' id='word_1_784' title='bbox 2044 3802 2475 3872; x_wconf 82' lang='lat' dir='ltr'><strong>quandoquidem</strong></span> <span class='ocrx_word' id='word_1_785' title='bbox 2506 3806 2676 3876; x_wconf 70' lang='lat' dir='ltr'><strong>major</strong></span> <span class='ocrx_word' id='word_1_786' title='bbox 2707 3809 2869 3863; x_wconf 90' lang='lat' dir='ltr'><strong>etiam</strong></span> <span class='ocrx_word' id='word_1_787' title='bbox 2902 3819 2985 3864; x_wconf 65' lang='lat' dir='ltr'><strong>est</strong></span> <span class='ocrx_word' id='word_1_788' title='bbox 3014 3812 3285 3882; x_wconf 84' lang='lat' dir='ltr'><strong>voluptas,</strong></span> <span class='ocrx_word' id='word_1_789' title='bbox 3318 3815 3442 3871; x_wconf 88' lang='lat' dir='ltr'><strong>dum</strong></span> <span class='ocrx_word' id='word_1_790' title='bbox 3473 3834 3662 3875; x_wconf 82' lang='lat' dir='ltr'><strong>omnes</strong></span> 
     </span>
    </p>
   </div>
   <div class='ocr_carea' id='block_1_100' title="bbox 2048 3892 3663 3979">
    <p class='ocr_par' dir='ltr' id='par_1_100' title="bbox 2048 3892 3663 3979">
     <span class='ocr_line' id='line_1_100' title="bbox 2048 3892 3663 3979; baseline 0.015 -35"><span class='ocrx_word' id='word_1_791' title='bbox 2048 3892 2233 3947; x_wconf 88' lang='lat' dir='ltr'><strong>eadem</strong></span> <span class='ocrx_word' id='word_1_792' title='bbox 2278 3910 2441 3963; x_wconf 88' lang='lat' dir='ltr'><strong>opera</strong></span> <span class='ocrx_word' id='word_1_793' title='bbox 2484 3912 2828 3953; x_wconf 88' lang='lat' dir='ltr'><strong>coronamur.</strong></span> <span class='ocrx_word' id='word_1_794' title='bbox 2878 3900 3021 3956; x_wconf 86' lang='lat' dir='ltr'><strong>Idem</strong></span> <span class='ocrx_word' id='word_1_795' title='bbox 3055 3902 3113 3958; x_wconf 81' lang='lat' dir='ltr'><strong>ﬁt</strong></span> <span class='ocrx_word' id='word_1_796' title='bbox 3158 3918 3211 3959; x_wconf 88' lang='lat' dir='ltr'><strong>et</strong></span> <span class='ocrx_word' id='word_1_797' title='bbox 3255 3906 3307 3960; x_wconf 90' lang='lat' dir='ltr'><strong>in</strong></span> <span class='ocrx_word' id='word_1_798' title='bbox 3334 3907 3663 3979; x_wconf 84' lang='lat' dir='ltr'><strong>Olympiacis</strong></span> 
     </span>
    </p>
   </div>
   <div class='ocr_carea' id='block_1_101' title="bbox 2044 3989 3663 4068">
    <p class='ocr_par' dir='ltr' id='par_1_101' title="bbox 2044 3989 3663 4068">
     <span class='ocr_line' id='line_1_101' title="bbox 2044 3989 3663 4068; baseline 0.014 -30"><span class='ocrx_word' id='word_1_799' title='bbox 2044 3989 2428 4043; x_wconf 89' lang='lat' dir='ltr'><strong>certaminibus</strong></span> <span class='ocrx_word' id='word_1_800' title='bbox 2456 4008 2469 4043; x_wconf 91' lang='lat'><strong>:</strong></span> <span class='ocrx_word' id='word_1_801' title='bbox 2502 3990 2766 4058; x_wconf 89' lang='lat' dir='ltr'><strong>luctator,</strong></span> <span class='ocrx_word' id='word_1_802' title='bbox 2800 3994 2939 4064; x_wconf 81' lang='lat' dir='ltr'><strong>pugil</strong></span> <span class='ocrx_word' id='word_1_803' title='bbox 2963 4037 2975 4055; x_wconf 84' lang='lat'><strong>.</strong></span> <span class='ocrx_word' id='word_1_804' title='bbox 3011 3997 3365 4064; x_wconf 84' lang='lat' dir='ltr'><strong>pancratiasta</strong></span> <span class='ocrx_word' id='word_1_805' title='bbox 3386 4040 3402 4068; x_wconf 88' lang='lat'><strong>,</strong></span> <span class='ocrx_word' id='word_1_806' title='bbox 3434 4000 3663 4060; x_wconf 69' lang='lat' dir='ltr'><strong>diversis</strong></span> 
     </span>
    </p>
   </div>
   <div class='ocr_carea' id='block_1_102' title="bbox 2043 4078 3660 4153">
    <p class='ocr_par' dir='ltr' id='par_1_102' title="bbox 2043 4078 3660 4153">
     <span class='ocr_line' id='line_1_102' title="bbox 2043 4078 3660 4153; baseline 0.013 -23"><span class='ocrx_word' id='word_1_807' title='bbox 2043 4078 2258 4146; x_wconf 89' lang='lat' dir='ltr'><strong>quidem</strong></span> <span class='ocrx_word' id='word_1_808' title='bbox 2293 4080 2624 4149; x_wconf 87' lang='lat' dir='ltr'><strong>temporibus</strong></span> <span class='ocrx_word' id='word_1_809' title='bbox 2653 4093 2925 4139; x_wconf 88' lang='lat' dir='ltr'><strong>certamen</strong></span> <span class='ocrx_word' id='word_1_810' title='bbox 2957 4086 3190 4142; x_wconf 88' lang='lat' dir='ltr'><strong>subeunt</strong></span> <span class='ocrx_word' id='word_1_811' title='bbox 3218 4130 3232 4153; x_wconf 93' lang='lat'><strong>,</strong></span> <span class='ocrx_word' id='word_1_812' title='bbox 3263 4090 3355 4144; x_wconf 88' lang='lat' dir='ltr'><strong>sed</strong></span> <span class='ocrx_word' id='word_1_813' title='bbox 3388 4107 3496 4147; x_wconf 89' lang='lat' dir='ltr'><strong>uno</strong></span> <span class='ocrx_word' id='word_1_814' title='bbox 3523 4103 3660 4150; x_wconf 86' lang='lat' dir='ltr'><strong>tent-</strong></span> 
     </span>
    </p>
   </div>
   <div class='ocr_carea' id='block_1_103' title="bbox 2045 4170 3662 4255">
    <p class='ocr_par' dir='ltr' id='par_1_103' title="bbox 2045 4170 3662 4255">
     <span class='ocr_line' id='line_1_103' title="bbox 2045 4170 3662 4255; baseline 0.011 -33"><span class='ocrx_word' id='word_1_815' title='bbox 2045 4170 2193 4237; x_wconf 89' lang='lat' dir='ltr'><strong>poris</strong></span> <span class='ocrx_word' id='word_1_816' title='bbox 2241 4180 2518 4226; x_wconf 86' lang='lat' dir='ltr'><strong>momento</strong></span> <span class='ocrx_word' id='word_1_817' title='bbox 2546 4188 2736 4230; x_wconf 88' lang='lat' dir='ltr'><strong>omnes</strong></span> <span class='ocrx_word' id='word_1_818' title='bbox 2776 4190 2804 4228; x_wconf 88' lang='lat' dir='ltr'><strong>a</strong></span> <span class='ocrx_word' id='word_1_819' title='bbox 2852 4192 3099 4245; x_wconf 56' lang='lat' dir='ltr'><strong>precanti</strong></span> <span class='ocrx_word' id='word_1_820' title='bbox 3146 4182 3377 4237; x_wconf 89' lang='lat' dir='ltr'><strong>victores</strong></span> <span class='ocrx_word' id='word_1_821' title='bbox 3420 4200 3662 4255; x_wconf 92' lang='lat' dir='ltr'><strong>pronun-</strong></span> 
     </span>
    </p>
   </div>
   <div class='ocr_carea' id='block_1_104' title="bbox 2049 4258 3653 4335">
    <p class='ocr_par' dir='ltr' id='par_1_104' title="bbox 2049 4258 3653 4335">
     <span class='ocr_line' id='line_1_104' title="bbox 2049 4258 3653 4335; baseline 0.012 -23"><span class='ocrx_word' id='word_1_822' title='bbox 2049 4258 2267 4314; x_wconf 86' lang='lat' dir='ltr'><strong>tiantur.</strong></span> <span class='ocrx_word' id='word_1_823' title='bbox 2300 4259 2444 4316; x_wconf 81' lang='lat' dir='ltr'><strong>Idem</strong></span> <span class='ocrx_word' id='word_1_824' title='bbox 2477 4263 2532 4317; x_wconf 87' lang='lat' dir='ltr'><strong>fit</strong></span> <span class='ocrx_word' id='word_1_825' title='bbox 2562 4264 2692 4319; x_wconf 90' lang='lat' dir='ltr'><strong>etin</strong></span> <span class='ocrx_word' id='word_1_826' title='bbox 2724 4267 3005 4320; x_wconf 80' lang='lat' dir='ltr'><strong>conviviis.</strong></span> <span class='ocrx_word' id='word_1_827' title='bbox 3046 4267 3266 4335; x_wconf 55' lang='lat' dir='ltr'><strong>Quoties</strong></span> <span class='ocrx_word' id='word_1_828' title='bbox 3296 4272 3437 4327; x_wconf 89' lang='lat' dir='ltr'><strong>enim</strong></span> <span class='ocrx_word' id='word_1_829' title='bbox 3465 4278 3653 4331; x_wconf 84' lang='lat' dir='ltr'><strong>convi-</strong></span> 
     </span>
    </p>
   </div>
   <div class='ocr_carea' id='block_1_105' title="bbox 2046 4350 3652 4435">
    <p class='ocr_par' dir='ltr' id='par_1_105' title="bbox 2046 4350 3652 4435">
     <span class='ocr_line' id='line_1_105' title="bbox 2046 4350 3652 4435; baseline 0.012 -33"><span class='ocrx_word' id='word_1_830' title='bbox 2046 4364 2233 4403; x_wconf 82' lang='lat' dir='ltr'><strong>varum</strong></span> <span class='ocrx_word' id='word_1_831' title='bbox 2261 4350 2349 4406; x_wconf 85' lang='lat' dir='ltr'><strong>alii</strong></span> <span class='ocrx_word' id='word_1_832' title='bbox 2379 4364 2643 4408; x_wconf 84' lang='lat' dir='ltr'><strong>vcnerunt</strong></span> <span class='ocrx_word' id='word_1_833' title='bbox 2672 4354 2932 4410; x_wconf 88' lang='lat' dir='ltr'><strong>maturius</strong></span> <span class='ocrx_word' id='word_1_834' title='bbox 2952 4398 2965 4420; x_wconf 88' lang='lat'><strong>,</strong></span> <span class='ocrx_word' id='word_1_835' title='bbox 2996 4356 3085 4411; x_wconf 88' lang='lat' dir='ltr'><strong>alii</strong></span> <span class='ocrx_word' id='word_1_836' title='bbox 3114 4358 3290 4415; x_wconf 87' lang='lat' dir='ltr'><strong>adhuc</strong></span> <span class='ocrx_word' id='word_1_837' title='bbox 3311 4373 3652 4435; x_wconf 80' lang='lat' dir='ltr'><strong>cunctantur,</strong></span> 
     </span>
    </p>
   </div>
   <div class='ocr_carea' id='block_1_106' title="bbox 2046 4440 3657 4523">
    <p class='ocr_par' dir='ltr' id='par_1_106' title="bbox 2046 4440 3657 4523">
     <span class='ocr_line' id='line_1_106' title="bbox 2046 4440 3657 4523; baseline 0.012 -29"><span class='ocrx_word' id='word_1_838' title='bbox 2046 4440 2420 4498; x_wconf 79' lang='lat' dir='ltr'><strong>convivatores</strong></span> <span class='ocrx_word' id='word_1_839' title='bbox 2449 4444 2502 4498; x_wconf 92' lang='lat' dir='ltr'><strong>in</strong></span> <span class='ocrx_word' id='word_1_840' title='bbox 2530 4444 2789 4500; x_wconf 86' lang='lat' dir='ltr'><strong>honorem</strong></span> <span class='ocrx_word' id='word_1_841' title='bbox 2817 4448 3117 4503; x_wconf 87' lang='lat' dir='ltr'><strong>absentium</strong></span> <span class='ocrx_word' id='word_1_842' title='bbox 3140 4450 3330 4519; x_wconf 85' lang='lat' dir='ltr'><strong>jubent</strong></span> <span class='ocrx_word' id='word_1_843' title='bbox 3360 4465 3657 4523; x_wconf 64' lang='lat' dir='ltr'><strong>praesentes</strong></span> 
     </span>
    </p>
   </div>
   <div class='ocr_carea' id='block_1_107' title="bbox 2033 4534 3653 4613">
    <p class='ocr_par' dir='ltr' id='par_1_107' title="bbox 2033 4534 3653 4613">
     <span class='ocr_line' id='line_1_107' title="bbox 2033 4534 3653 4613; baseline 0.012 -27"><span class='ocrx_word' id='word_1_844' title='bbox 2033 4534 2322 4605; x_wconf 68' lang='lat' dir='ltr'><strong>&#39;paulisper</strong></span> <span class='ocrx_word' id='word_1_845' title='bbox 2366 4552 2587 4591; x_wconf 83' lang='lat' dir='ltr'><strong>manere</strong></span> <span class='ocrx_word' id='word_1_846' title='bbox 2615 4579 2629 4603; x_wconf 94' lang='lat'><strong>,</strong></span> <span class='ocrx_word' id='word_1_847' title='bbox 2672 4538 2846 4595; x_wconf 90' lang='lat' dir='ltr'><strong>donec</strong></span> <span class='ocrx_word' id='word_1_848' title='bbox 2877 4541 2949 4595; x_wconf 91' lang='lat' dir='ltr'><strong>illi</strong></span> <span class='ocrx_word' id='word_1_849' title='bbox 2980 4557 3195 4613; x_wconf 89' lang='lat' dir='ltr'><strong>quoque</strong></span> <span class='ocrx_word' id='word_1_850' title='bbox 3237 4545 3473 4601; x_wconf 86' lang='lat' dir='ltr'><strong>veniant.</strong></span> <span class='ocrx_word' id='word_1_851' title='bbox 3506 4547 3653 4606; x_wconf 86' lang='lat' dir='ltr'><strong>idem</strong></span> 
     </span>
    </p>
   </div>
   <div class='ocr_carea' id='block_1_108' title="bbox 2046 4627 3659 4699">
    <p class='ocr_par' dir='ltr' id='par_1_108' title="bbox 2046 4627 3659 4699">
     <span class='ocr_line' id='line_1_108' title="bbox 2046 4627 3659 4699; baseline 0.009 -20"><span class='ocrx_word' id='word_1_852' title='bbox 2046 4627 2208 4680; x_wconf 90' lang='lat' dir='ltr'><strong>etiam</strong></span> <span class='ocrx_word' id='word_1_853' title='bbox 2237 4628 2373 4681; x_wconf 84' lang='lat' dir='ltr'><strong>Deus</strong></span> <span class='ocrx_word' id='word_1_854' title='bbox 2404 4628 2520 4681; x_wconf 86' lang='lat' dir='ltr'><strong>fecit</strong></span> <span class='ocrx_word' id='word_1_855' title='bbox 2561 4645 2571 4679; x_wconf 92' lang='lat'><strong>:</strong></span> <span class='ocrx_word' id='word_1_856' title='bbox 2601 4632 2851 4699; x_wconf 67' lang='lat' dir='ltr'><strong>quoniam</strong></span> <span class='ocrx_word' id='word_1_857' title='bbox 2882 4632 3023 4684; x_wconf 84' lang='lat' dir='ltr'><strong>enim</strong></span> <span class='ocrx_word' id='word_1_858' title='bbox 3048 4647 3113 4687; x_wconf 83' lang='lat' dir='ltr'><strong>ex</strong></span> <span class='ocrx_word' id='word_1_859' title='bbox 3144 4643 3256 4687; x_wconf 90' lang='lat' dir='ltr'><strong>toto</strong></span> <span class='ocrx_word' id='word_1_860' title='bbox 3279 4635 3410 4691; x_wconf 85' lang='lat' dir='ltr'><strong>orbe</strong></span> <span class='ocrx_word' id='word_1_861' title='bbox 3429 4636 3659 4695; x_wconf 85' lang='lat' dir='ltr'><strong>diversis</strong></span> 
     </span>
    </p>
   </div>
   <div class='ocr_carea' id='block_1_109' title="bbox 2048 4717 3654 4792">
    <p class='ocr_par' dir='ltr' id='par_1_109' title="bbox 2048 4717 3654 4792">
     <span class='ocr_line' id='line_1_109' title="bbox 2048 4717 3654 4792; baseline 0.008 -22"><span class='ocrx_word' id='word_1_862' title='bbox 2048 4717 2379 4785; x_wconf 84' lang='lat' dir='ltr'><strong>temporibus</strong></span> <span class='ocrx_word' id='word_1_863' title='bbox 2417 4717 2621 4771; x_wconf 85' lang='lat' dir='ltr'><strong>electos</strong></span> <span class='ocrx_word' id='word_1_864' title='bbox 2652 4719 2717 4772; x_wconf 90' lang='lat' dir='ltr'><strong>ad</strong></span> <span class='ocrx_word' id='word_1_865' title='bbox 2748 4734 3035 4775; x_wconf 88' lang='lat' dir='ltr'><strong>commune</strong></span> <span class='ocrx_word' id='word_1_866' title='bbox 3076 4732 3131 4777; x_wconf 87' lang='lat' dir='ltr'><strong>et</strong></span> <span class='ocrx_word' id='word_1_867' title='bbox 3161 4721 3439 4792; x_wconf 71' lang='lat' dir='ltr'><strong>spirituale</strong></span> <span class='ocrx_word' id='word_1_868' title='bbox 3465 4727 3654 4783; x_wconf 85' lang='lat' dir='ltr'><strong>convi-</strong></span> 
     </span>
    </p>
   </div>
   <div class='ocr_carea' id='block_1_110' title="bbox 2049 4807 3655 4889">
    <p class='ocr_par' dir='ltr' id='par_1_110' title="bbox 2049 4807 3655 4889">
     <span class='ocr_line' id='line_1_110' title="bbox 2049 4807 3655 4889; baseline 0.009 -30"><span class='ocrx_word' id='word_1_869' title='bbox 2049 4807 2191 4873; x_wconf 86' lang='lat' dir='ltr'><strong>vium</strong></span> <span class='ocrx_word' id='word_1_870' title='bbox 2209 4807 2465 4870; x_wconf 86' lang='lat' dir='ltr'><strong>invitavit,</strong></span> <span class='ocrx_word' id='word_1_871' title='bbox 2487 4810 2636 4877; x_wconf 85' lang='lat' dir='ltr'><strong>jubet</strong></span> <span class='ocrx_word' id='word_1_872' title='bbox 2656 4824 2750 4863; x_wconf 86' lang='lat' dir='ltr'><strong>eos</strong></span> <span class='ocrx_word' id='word_1_873' title='bbox 2766 4811 2853 4880; x_wconf 87' lang='lat' dir='ltr'><strong>qui</strong></span> <span class='ocrx_word' id='word_1_874' title='bbox 2873 4812 3078 4879; x_wconf 89' lang='lat' dir='ltr'><strong>priores</strong></span> <span class='ocrx_word' id='word_1_875' title='bbox 3100 4813 3324 4879; x_wconf 74' lang='lat' dir='ltr'><strong>ivi-runt,</strong></span> <span class='ocrx_word' id='word_1_876' title='bbox 3341 4828 3655 4889; x_wconf 75' lang='lat' dir='ltr'><strong>exspectare</strong></span> 
     </span>
    </p>
   </div>
   <div class='ocr_carea' id='block_1_111' title="bbox 2051 4899 3660 4976">
    <p class='ocr_par' dir='ltr' id='par_1_111' title="bbox 2051 4899 3660 4976">
     <span class='ocr_line' id='line_1_111' title="bbox 2051 4899 3660 4976; baseline 0.008 -25"><span class='ocrx_word' id='word_1_877' title='bbox 2051 4912 2146 4952; x_wconf 86' lang='lat' dir='ltr'><strong>eos</strong></span> <span class='ocrx_word' id='word_1_878' title='bbox 2171 4899 2259 4968; x_wconf 89' lang='lat' dir='ltr'><strong>qui</strong></span> <span class='ocrx_word' id='word_1_879' title='bbox 2294 4900 2619 4967; x_wconf 87' lang='lat' dir='ltr'><strong>posteriores</strong></span> <span class='ocrx_word' id='word_1_880' title='bbox 2645 4909 2771 4955; x_wconf 88' lang='lat' dir='ltr'><strong>sunt</strong></span> <span class='ocrx_word' id='word_1_881' title='bbox 2797 4902 3037 4968; x_wconf 91' lang='lat' dir='ltr'><strong>venturi,</strong></span> <span class='ocrx_word' id='word_1_882' title='bbox 3071 4912 3130 4958; x_wconf 93' lang='lat' dir='ltr'><strong>ut</strong></span> <span class='ocrx_word' id='word_1_883' title='bbox 3172 4904 3276 4960; x_wconf 89' lang='lat' dir='ltr'><strong>hoc</strong></span> <span class='ocrx_word' id='word_1_884' title='bbox 3304 4917 3458 4976; x_wconf 83' lang='lat' dir='ltr'><strong>pacta</strong></span> <span class='ocrx_word' id='word_1_885' title='bbox 3483 4910 3660 4963; x_wconf 85' lang='lat' dir='ltr'><strong>omni-</strong></span> 
     </span>
    </p>
   </div>
   <div class='ocr_carea' id='block_1_112' title="bbox 2050 4989 3663 5071">
    <p class='ocr_par' dir='ltr' id='par_1_112' title="bbox 2050 4989 3663 5071">
     <span class='ocr_line' id='line_1_112' title="bbox 2050 4989 3663 5071; baseline 0.01 -27"><span class='ocrx_word' id='word_1_886' title='bbox 2050 4989 2151 5045; x_wconf 89' lang='lat' dir='ltr'><strong>bus</strong></span> <span class='ocrx_word' id='word_1_887' title='bbox 2177 5006 2278 5045; x_wconf 91' lang='lat' dir='ltr'><strong>una</strong></span> <span class='ocrx_word' id='word_1_888' title='bbox 2321 4992 2699 5061; x_wconf 62' lang='lat' dir='ltr'><strong>praesentibus,</strong></span> <span class='ocrx_word' id='word_1_889' title='bbox 2735 5008 2877 5050; x_wconf 89' lang='lat' dir='ltr'><strong>unus</strong></span> <span class='ocrx_word' id='word_1_890' title='bbox 2902 4996 3152 5051; x_wconf 87' lang='lat' dir='ltr'><strong>omnibus</strong></span> <span class='ocrx_word' id='word_1_891' title='bbox 3182 5000 3456 5071; x_wconf 88' lang='lat' dir='ltr'><strong>contingat</strong></span> <span class='ocrx_word' id='word_1_892' title='bbox 3486 5003 3663 5060; x_wconf 82' lang='lat' dir='ltr'><strong>honor</strong></span> 
     </span>
    </p>
   </div>
   <div class='ocr_carea' id='block_1_113' title="bbox 2050 5082 2528 5153">
    <p class='ocr_par' dir='ltr' id='par_1_113' title="bbox 2050 5082 2528 5153">
     <span class='ocr_line' id='line_1_113' title="bbox 2050 5082 2528 5153; baseline 0 -17"><span class='ocrx_word' id='word_1_893' title='bbox 2050 5090 2104 5136; x_wconf 87' lang='lat' dir='ltr'><strong>et</strong></span> <span class='ocrx_word' id='word_1_894' title='bbox 2134 5096 2238 5136; x_wconf 84' lang='lat' dir='ltr'><strong>una</strong></span> <span class='ocrx_word' id='word_1_895' title='bbox 2266 5082 2528 5153; x_wconf 84' lang='lat' dir='ltr'><strong>voluptas.</strong></span> 
     </span>
    </p>
   </div>
   <div class='ocr_carea' id='block_1_114' title="bbox 2127 5173 3661 5249">
    <p class='ocr_par' dir='ltr' id='par_1_114' title="bbox 2127 5173 3661 5249">
     <span class='ocr_line' id='line_1_114' title="bbox 2127 5173 3661 5249; baseline 0.007 -21"><span class='ocrx_word' id='word_1_896' title='bbox 2127 5174 2211 5229; x_wconf 74' lang='grc'><strong>10.</strong></span> <span class='ocrx_word' id='word_1_897' title='bbox 2238 5173 2423 5245; x_wconf 85' lang='lat' dir='ltr'><strong>Cogita</strong></span> <span class='ocrx_word' id='word_1_898' title='bbox 2444 5175 2586 5229; x_wconf 90' lang='lat' dir='ltr'><strong>enim</strong></span> <span class='ocrx_word' id='word_1_899' title='bbox 2609 5188 2808 5245; x_wconf 72' lang='lat' dir='ltr'><strong>quanta</strong></span> <span class='ocrx_word' id='word_1_900' title='bbox 2828 5176 2895 5229; x_wconf 88' lang='lat' dir='ltr'><strong>sit</strong></span> <span class='ocrx_word' id='word_1_901' title='bbox 2916 5176 3138 5232; x_wconf 87' lang='lat' dir='ltr'><strong>honoris</strong></span> <span class='ocrx_word' id='word_1_902' title='bbox 3157 5180 3415 5249; x_wconf 87' lang='lat' dir='ltr'><strong>accessio,</strong></span> <span class='ocrx_word' id='word_1_903' title='bbox 3438 5182 3661 5241; x_wconf 81' lang='lat' dir='ltr'><strong>Paulum</strong></span> 
     </span>
    </p>
   </div>
   <div class='ocr_carea' id='block_1_115' title="bbox 2053 5266 3664 5345">
    <p class='ocr_par' dir='ltr' id='par_1_115' title="bbox 2053 5266 3664 5345">
     <span class='ocr_line' id='line_1_115' title="bbox 2053 5266 3664 5345; baseline 0.008 -26"><span class='ocrx_word' id='word_1_904' title='bbox 2053 5275 2108 5319; x_wconf 92' lang='lat' dir='ltr'><strong>et</strong></span> <span class='ocrx_word' id='word_1_905' title='bbox 2136 5266 2223 5319; x_wconf 87' lang='lat' dir='ltr'><strong>sui</strong></span> <span class='ocrx_word' id='word_1_906' title='bbox 2250 5267 2505 5333; x_wconf 87' lang='lat' dir='ltr'><strong>temporis</strong></span> <span class='ocrx_word' id='word_1_907' title='bbox 2526 5266 2792 5335; x_wconf 83' lang='lat' dir='ltr'><strong>homines,</strong></span> <span class='ocrx_word' id='word_1_908' title='bbox 2821 5269 3181 5325; x_wconf 81' lang='lat' dir='ltr'><strong>Abrahamum</strong></span> <span class='ocrx_word' id='word_1_909' title='bbox 3207 5271 3335 5328; x_wconf 85' lang='lat' dir='ltr'><strong>item</strong></span> <span class='ocrx_word' id='word_1_910' title='bbox 3358 5283 3519 5343; x_wconf 86' lang='lat' dir='ltr'><strong>atque</strong></span> <span class='ocrx_word' id='word_1_911' title='bbox 3543 5276 3664 5345; x_wconf 86' lang='lat' dir='ltr'><strong>ejus</strong></span> 
     </span>
    </p>
   </div>
   <div class='ocr_carea' id='block_1_116' title="bbox 2055 5356 3661 5429">
    <p class='ocr_par' dir='ltr' id='par_1_116' title="bbox 2055 5356 3661 5429">
     <span class='ocr_line' id='line_1_116' title="bbox 2055 5356 3661 5429; baseline 0.009 -21"><span class='ocrx_word' id='word_1_912' title='bbox 2055 5356 2228 5410; x_wconf 78' lang='lat' dir='ltr'><strong>:etstis</strong></span> <span class='ocrx_word' id='word_1_913' title='bbox 2258 5357 2443 5425; x_wconf 87' lang='lat' dir='ltr'><strong>viros,</strong></span> <span class='ocrx_word' id='word_1_914' title='bbox 2489 5372 2553 5411; x_wconf 89' lang='lat' dir='ltr'><strong>ac</strong></span> <span class='ocrx_word' id='word_1_915' title='bbox 2590 5372 2802 5412; x_wconf 91' lang='lat' dir='ltr'><strong>rursum</strong></span> <span class='ocrx_word' id='word_1_916' title='bbox 2834 5359 2970 5413; x_wconf 89' lang='lat' dir='ltr'><strong>alios</strong></span> <span class='ocrx_word' id='word_1_917' title='bbox 3015 5359 3106 5429; x_wconf 85' lang='lat' dir='ltr'><strong>qui</strong></span> <span class='ocrx_word' id='word_1_918' title='bbox 3150 5370 3227 5416; x_wconf 90' lang='lat' dir='ltr'><strong>tot</strong></span> <span class='ocrx_word' id='word_1_919' title='bbox 3274 5364 3488 5419; x_wconf 59' lang='lat' dir='ltr'><strong>sarculis</strong></span> <span class='ocrx_word' id='word_1_920' title='bbox 3534 5376 3661 5422; x_wconf 80' lang='lat' dir='ltr'><strong>ante</strong></span> 
     </span>
    </p>
   </div>
   <div class='ocr_carea' id='block_1_117' title="bbox 2057 5450 3663 5525">
    <p class='ocr_par' dir='ltr' id='par_1_117' title="bbox 2057 5450 3663 5525">
     <span class='ocr_line' id='line_1_117' title="bbox 2057 5450 3663 5525; baseline 0.006 -22"><span class='ocrx_word' id='word_1_921' title='bbox 2057 5450 2203 5503; x_wconf 90' lang='lat' dir='ltr'><strong>illum</strong></span> <span class='ocrx_word' id='word_1_922' title='bbox 2230 5459 2568 5505; x_wconf 82' lang='lat' dir='ltr'><strong>certaverunt</strong></span> <span class='ocrx_word' id='word_1_923' title='bbox 2596 5461 2645 5506; x_wconf 88' lang='lat' dir='ltr'><strong>et</strong></span> <span class='ocrx_word' id='word_1_924' title='bbox 2673 5453 2931 5518; x_wconf 84' lang='lat' dir='ltr'><strong>vicerunt,</strong></span> <span class='ocrx_word' id='word_1_925' title='bbox 2964 5451 3154 5509; x_wconf 88' lang='lat' dir='ltr'><strong>sedere</strong></span> <span class='ocrx_word' id='word_1_926' title='bbox 3177 5469 3317 5509; x_wconf 90' lang='lat' dir='ltr'><strong>nunc</strong></span> <span class='ocrx_word' id='word_1_927' title='bbox 3341 5467 3663 5525; x_wconf 78' lang='lat' dir='ltr'><strong>exspectan-</strong></span> 
     </span>
    </p>
   </div>
   <div class='ocr_carea' id='block_1_118' title="bbox 2060 5542 3666 5614">
    <p class='ocr_par' dir='ltr' id='par_1_118' title="bbox 2060 5542 3666 5614">
     <span class='ocr_line' id='line_1_118' title="bbox 2060 5542 3666 5614; baseline 0.006 -19"><span class='ocrx_word' id='word_1_928' title='bbox 2060 5551 2138 5595; x_wconf 88' lang='lat' dir='ltr'><strong>tes</strong></span> <span class='ocrx_word' id='word_1_929' title='bbox 2158 5542 2329 5598; x_wconf 90' lang='lat' dir='ltr'><strong>donec</strong></span> <span class='ocrx_word' id='word_1_930' title='bbox 2348 5559 2447 5598; x_wconf 88' lang='lat' dir='ltr'><strong>nos</strong></span> <span class='ocrx_word' id='word_1_931' title='bbox 2465 5559 2676 5613; x_wconf 85' lang='lat' dir='ltr'><strong>queque</strong></span> <span class='ocrx_word' id='word_1_932' title='bbox 2698 5544 2906 5613; x_wconf 86' lang='lat' dir='ltr'><strong>probati</strong></span> <span class='ocrx_word' id='word_1_933' title='bbox 2928 5545 3117 5603; x_wconf 51' lang='lat' dir='ltr'><strong>simum</strong></span> <span class='ocrx_word' id='word_1_934' title='bbox 3138 5544 3289 5614; x_wconf 86' lang='lat' dir='ltr'><strong>Quod</strong></span> <span class='ocrx_word' id='word_1_935' title='bbox 3309 5546 3453 5602; x_wconf 88' lang='lat' dir='ltr'><strong>enim</strong></span> <span class='ocrx_word' id='word_1_936' title='bbox 3470 5548 3666 5604; x_wconf 77' lang='lat' dir='ltr'><strong>Paulus</strong></span> 
     </span>
    </p>
   </div>
   <div class='ocr_carea' id='block_1_119' title="bbox 2060 5630 3665 5711">
    <p class='ocr_par' dir='ltr' id='par_1_119' title="bbox 2060 5630 3665 5711">
     <span class='ocr_line' id='line_1_119' title="bbox 2060 5630 3665 5711; baseline 0.008 -28"><span class='ocrx_word' id='word_1_937' title='bbox 2060 5634 2295 5687; x_wconf 90' lang='lat' dir='ltr'><strong>nondum</strong></span> <span class='ocrx_word' id='word_1_938' title='bbox 2321 5630 2578 5689; x_wconf 78' lang='lat' dir='ltr'><strong>coronam</strong></span> <span class='ocrx_word' id='word_1_939' title='bbox 2623 5636 2887 5705; x_wconf 85' lang='lat' dir='ltr'><strong>receperit</strong></span> <span class='ocrx_word' id='word_1_940' title='bbox 2913 5678 2926 5697; x_wconf 81' lang='lat'><strong>,</strong></span> <span class='ocrx_word' id='word_1_941' title='bbox 2962 5651 3137 5705; x_wconf 87' lang='lat' dir='ltr'><strong>neque</strong></span> <span class='ocrx_word' id='word_1_942' title='bbox 3165 5652 3349 5691; x_wconf 91' lang='lat' dir='ltr'><strong>eorum</strong></span> <span class='ocrx_word' id='word_1_943' title='bbox 3381 5641 3665 5711; x_wconf 88' lang='lat' dir='ltr'><strong>quisquam</strong></span> 
     </span>
    </p>
   </div>
   <div class='ocr_carea' id='block_1_120' title="bbox 2060 5726 3667 5797">
    <p class='ocr_par' dir='ltr' id='par_1_120' title="bbox 2060 5726 3667 5797">
     <span class='ocr_line' id='line_1_120' title="bbox 2060 5726 3667 5797; baseline 0.006 -20"><span class='ocrx_word' id='word_1_944' title='bbox 2060 5728 2148 5796; x_wconf 86' lang='lat' dir='ltr'><strong>qui</strong></span> <span class='ocrx_word' id='word_1_945' title='bbox 2183 5743 2413 5796; x_wconf 86' lang='lat' dir='ltr'><strong>unquam</strong></span> <span class='ocrx_word' id='word_1_946' title='bbox 2444 5726 2513 5781; x_wconf 86' lang='lat' dir='ltr'><strong>ab</strong></span> <span class='ocrx_word' id='word_1_947' title='bbox 2545 5727 2697 5781; x_wconf 84' lang='lat' dir='ltr'><strong>initio</strong></span> <span class='ocrx_word' id='word_1_948' title='bbox 2729 5727 2836 5781; x_wconf 87' lang='lat' dir='ltr'><strong>Deo</strong></span> <span class='ocrx_word' id='word_1_949' title='bbox 2869 5727 3213 5797; x_wconf 84' lang='lat' dir='ltr'><strong>placuerunt,</strong></span> <span class='ocrx_word' id='word_1_950' title='bbox 3260 5729 3367 5784; x_wconf 90' lang='lat' dir='ltr'><strong>imo</strong></span> <span class='ocrx_word' id='word_1_951' title='bbox 3399 5746 3467 5785; x_wconf 85' lang='lat' dir='ltr'><strong>ne</strong></span> <span class='ocrx_word' id='word_1_952' title='bbox 3509 5748 3667 5787; x_wconf 80' lang='lat' dir='ltr'><strong>rece-</strong></span> 
     </span>
    </p>
   </div>
   <div class='ocr_carea' id='block_1_121' title="bbox 2065 5820 3677 5892">
    <p class='ocr_par' dir='ltr' id='par_1_121' title="bbox 2065 5820 3677 5892">
     <span class='ocr_line' id='line_1_121' title="bbox 2065 5820 3677 5892; baseline -0.001 -18"><span class='ocrx_word' id='word_1_953' title='bbox 2065 5822 2202 5891; x_wconf 91' lang='lat' dir='ltr'><strong>pturi</strong></span> <span class='ocrx_word' id='word_1_954' title='bbox 2233 5820 2448 5892; x_wconf 83' lang='lat' dir='ltr'><strong>quidem</strong></span> <span class='ocrx_word' id='word_1_955' title='bbox 2480 5821 2590 5878; x_wconf 86' lang='lat' dir='ltr'><strong>sint</strong></span> <span class='ocrx_word' id='word_1_956' title='bbox 2632 5820 2805 5877; x_wconf 84' lang='lat' dir='ltr'><strong>donec</strong></span> <span class='ocrx_word' id='word_1_957' title='bbox 2836 5834 3025 5875; x_wconf 77' lang='lat' dir='ltr'><strong>omnes</strong></span> <span class='ocrx_word' id='word_1_958' title='bbox 3066 5822 3153 5891; x_wconf 86' lang='lat' dir='ltr'><strong>qui</strong></span> <span class='ocrx_word' id='word_1_959' title='bbox 3209 5823 3504 5880; x_wconf 87' lang='lat' dir='ltr'><strong>coronandi</strong></span> <span class='ocrx_word' id='word_1_960' title='bbox 3543 5824 3677 5875; x_wconf 87' lang='lat' dir='ltr'><strong>sunt</strong></span> 
     </span>
    </p>
   </div>
  </div>
