4088 6416
421 350 530 405 29:1

421 460 771 517 convenerint
800 500 816 523 ,
862 455 985 511 audi
1018 456 1188 522 ipsum
1229 450 1450 505 Paulum
1477 447 1743 502 dicentem
1777 463 1789 499 :
1822 442 2019 497 Bonum

424 563 679 607 certarum
720 549 901 605 certari
926 588 943 613 ,
973 535 1173 600 rursum
1199 541 1540 598 consummavi
1557 583 1571 601 ,
1602 540 1751 609 fidem
1775 540 1966 592 εει-υαυὶ
1999 553 2019 593 :

426 642 482 696 iu
512 646 703 712 reliquo
734 640 954 707 reposita
980 646 1053 691 est
1087 636 1213 689 mihi
1235 649 1422 688 corona
1440 632 1686 703 justitic,
1730 646 1884 701 quant
1905 631 1995 683 red
2006 660 2021 669 -

425 739 508 785 det
538 732 657 785 mihi
679 734 850 802 justus
868 728 1037 799 judea:
1065 725 1157 799 (Ξ.
1200 724 1333 779 Tim.
1366 726 1417 779 4.
1451 724 1504 777 7.
1536 721 1631 795 8
1661 720 1929 788 Quando?
1960 720 2021 774 In

426 824 514 877 illa
543 820 643 885 die,
674 836 777 873 non
806 820 973 873 solum
997 828 1162 871 autem
1191 816 1333 880 mihi,
1365 814 1455 867 sed
1472 824 1522 867 et
1549 812 1780 866 omnibus
1822 812 1909 881 qui
1935 812 2018 863 di-

424 911 884 989 liguutadoeutum
921 911 1050 980 ejus.
1079 909 1144 961 Et
1187 922 1399 959 rursum
1428 902 1554 958 alibi
1601 902 1840 956 indicans
1881 901 2019 953 bona

426 1004 512 1058 illa
552 1003 822 1058 universis
866 1001 1026 1055 simul
1066 998 1133 1053 ad
1178 997 1462 1054 fruendum
1497 994 1835 1051 concedenda
1863 1008 2019 1058 esse,

422 1091 990 1149 Thessalonicensibus
1022 1090 1101 1145 sic
1138 1088 1325 1143 scribit
1354 1105 1368 1141 :
1398 1086 1659 1155 Siquidem
1696 1085 1893 1156 justum
1950 1093 2024 1138 ex!

424 1183 564 1253 apud
584 1182 748 1237 Deum
776 1160 830 1234 ui
858 1180 1099 1233 reddatur
1130 1177 1459 1249 amigentibus
1497 1190 1584 1229 vos
1622 1174 1823 1245 oﬂlictio
1848 1216 1860 1237 ,
1885 1173 2023 1226 vobis

425 1283 592 1326 autem
608 1272 695 1342 qui
735 1270 1015 1342 amigimiui
1047 1270 1293 1323 relaxatio
1320 1283 1418 1320 uno
1440 1264 1694 1319 nobiscum
1723 1263 1794 1335 (2
1848 1262 2019 1317 Thess.

436 1365 479 1417 l.
508 1364 561 1418 6.
592 1363 683 1431 7).
717 1364 793 1417 Ac
823 1375 1037 1416 rursum
1072 1377 1085 1413 :
1118 1358 1369 1427 Quoniam
1410 1373 1502 1411 uos
1527 1356 1612 1426 qui
1657 1356 1898 1419 vicimus,
1932 1354 2017 1424 qui

427 1454 755 1525 relinquimur
779 1453 830 1506 in
851 1453 1121 1506 adventum
1147 1448 1369 1513 Domini,
1398 1464 1501 1501 non
1537 1446 1898 1519 pra'vcuiemus
1940 1462 2025 1499 eos

424 1543 510 1613 qui
555 1544 865 1597 dormierunt
911 1539 1005 1614 (l.
1052 1538 1231 1593 Thess.
1268 1538 1323 1592 4.
1371 1537 1475 1607 14)
1505 1553 1519 1590 :
1553 1553 1648 1607 per
1692 1536 1807 1591 hmc
1846 1535 2022 1590 omnia

424 1637 624 1691 docens
654 1643 904 1704 oportere
928 1646 1026 1687 nos
1050 1630 1207 1685 simul
1236 1644 1424 1685 omnes
1451 1638 1501 1683 ct
1530 1629 1582 1681 in
1612 1641 1895 1682 commune
1922 1641 2027 1681 ete-

428 1726 574 1780 lestis
603 1724 821 1779 honoris
846 1722 1243 1795 possessionem
1270 1736 1336 1775 ac
1366 1719 1594 1774 fructum
1617 1719 1881 1787 accipere.
1916 1717 2027 1772 lloc

432 1818 603 1885 ipsum
626 1816 785 1869 etiam
819 1815 922 1868 illis
951 1813 1042 1883 qui
1068 1828 1165 1865 nos
1188 1818 1582 1882 prmcesscruut
1606 1823 1849 1879 magnam
1873 1805 2029 1862 all'crt

437 1905 781 1974 voluptatem,
813 1903 953 1975 quod
980 1918 1079 1957 una
1097 1918 1216 1957 cum
1236 1902 1470 1974 prOpriis
1490 1900 1748 1954 membris
1767 1900 1873 1953 sint
1898 1898 2030 1953 inef-

436 1998 683 2053 l'abilibus
714 1998 816 2051 illis
843 1996 998 2051 bonis
1016 1993 1342 2066 perlruituri.
1372 1993 1581 2047 Etenim
1611 1999 1763 2061 pater
1791 2003 2030 2044 mensam

430 2088 630 2143 habens
656 2086 988 2156 splendidam
1013 2099 1075 2139 ac
1100 2085 1376 2153 apiparam
1397 2121 1414 2149 ,
1445 2090 1555 2137 tum
1584 2081 1797 2136 demum
1829 2080 2033 2151 majore

427 2196 547 2233 eum
579 2180 848 2248 voluptate
878 2194 939 2233 ea
973 2176 1197 2241 fruetur,
1226 2175 1438 2245 quando
1468 2175 1618 2229 liberi
1645 2186 1770 2230 sunt
1792 2174 1906 2244 ejus
1934 2189 2033 2229 vo-

432 2273 648 2342 luptatis
694 2286 756 2324 ac
805 2270 1087 2323 hilaritatis
1139 2269 1446 2337 participes.
1498 2268 1587 2322 Sic
1630 2267 1788 2321 etiam
1837 2267 2034 2321 Paulus

430 2365 654 2434 ejusque
680 2363 882 2417 similes
912 2363 980 2415 ita
1006 2361 1220 2415 domum
1253 2361 1571 2430 ampliorem
1606 2361 1839 2414 scutieut
1863 2358 2028 2413 animi

433 2458 762 2525 voluptatem
791 2497 807 2522 ,
838 2454 1052 2524 quando
1083 2470 1184 2508 una
1224 2468 1345 2508 cum
1385 2454 1613 2523 propriis
1645 2453 1901 2507 membris
1946 2453 2032 2506 illa

430 2549 786 2619 perfruentur.
817 2546 999 2616 Neque
1026 2547 1167 2602 enim
1201 2546 1437 2614 patribus
1475 2554 1653 2601 tantus
1694 2554 1778 2600 est
1803 2560 1927 2612 erga
1966 2546 2031 2599 li-

435 2643 593 2694 beros
622 2639 842 2693 allectus
862 2680 877 2703 ,
908 2649 1158 2708 quautam
1198 2638 1275 2692 illi
1319 2638 1732 2692 sollicitudinem
1758 2646 1947 2707 gerunt
1972 2638 2039 2691 de

432 2732 510 2786 eis
544 2730 634 2800 qui
673 2729 914 2785 eamdem
960 2729 1170 2782 virtutis
1194 2730 1332 2782 viam
1359 2736 1484 2783 sunt
1514 2728 1758 2798 ingressi.
1792 2726 1861 2781 Ut
1883 2727 2040 2796 igitur

435 2822 596 2876 etiam
630 2835 727 2874 nos
756 2819 809 2873 in
853 2834 1042 2874 eorum
1072 2819 1160 2887 qui
1207 2828 1332 2872 tunc
1371 2817 1776 2872 bonorabuntur
1814 2831 2037 2870 numero

434 2911 635 2977 simus,
667 2909 856 2964 demus
898 2923 1113 2978 operam
1153 2917 1207 2962 ut
1252 2918 1467 2962 sanetos
1505 2908 1625 2963 illos
1669 2921 2035 2977 assequamur.

435 3006 504 3060 Et
531 3006 798 3077 quomodo
838 3005 1050 3075 assequi
1078 3005 1373 3073 poterimus
1397 3045 1413 3070 ,
1444 3004 1694 3074 inquies?
1719 3004 1840 3074 quis
1885 3002 2040 3057 nobis

434 3100 573 3154 viam
595 3141 609 3162 ,
639 3115 756 3170 qum
797 3098 861 3153 ad
894 3098 1016 3153 illos
1045 3097 1223 3159 ducit,
1255 3096 1550 3150 indicabit?
1582 3095 1699 3165 lpse
1730 3104 2036 3149 sanctorum

435 3191 648 3245 illorum
679 3190 954 3253 Dominus,
989 3188 1080 3257 qui
1103 3202 1208 3240 non
1236 3186 1409 3240 solmn
1442 3185 1711 3255 quomodo
1740 3185 1858 3239 illos
1882 3199 2037 3239 asse-

437 3296 663 3352 quamur
688 3279 861 3344 docet,
894 3278 1245 3331 verumetiam
1272 3276 1543 3345 quomodo
1571 3276 1780 3329 illorum
1804 3275 2039 3329 omnium

436 3370 845 3428 contubernales
884 3384 947 3424 ac
990 3368 1200 3423 sodales
1246 3368 1356 3422 lteri
1408 3369 1717 3436 possimus:
1749 3367 1823 3421 ait
1851 3366 1991 3421 enim
2027 3384 2040 3419 :

445 3461 621 3516 Facite
655 3461 795 3515 vobis
824 3461 1010 3514 τηρήσω
1055 3461 1118 3511 de
1160 3459 1749 3529 ummmouaiuiquitatis
1779 3500 1794 3525 ,
1832 3468 1887 3511 ut
1926 3474 2043 3512 cuiu

440 3554 740 3627 defeceritis,
765 3552 1009 3624 recipiant
1034 3566 1119 3604 vos
1147 3552 1197 3603 iu
1224 3562 1413 3604 (eterna
1432 3567 1524 3604 sua
1542 3550 1866 3603 tabernacula
1888 3550 2039 3618 (Luc.

445 3639 531 3692 l6.
551 3638 628 3707 9).
651 3636 812 3690 Recte
831 3634 983 3698 dixit,
1007 3633 1241 3687 Αῖιετηα.
1264 3632 1394 3687 Nam
1425 3633 1476 3687 in
1499 3633 1601 3687 boc
1617 3633 1815 3687 smculo
1835 3632 2043 3687 etiamsi

444 3728 777 3799 splendidam
807 3726 1024 3781 dommn
1057 3725 1271 3788 habeas,
1307 3724 1529 3778 omnino
1559 3732 1821 3779 vetustate
1847 3733 1923 3779 est
1957 3739 2045 3793 pe-

444 3823 609 3877 ritura
640 3837 654 3872 :
684 3821 791 3873 imo
838 3817 988 3887 prius
1043 3829 1199 3886 quam
1251 3815 1338 3870 illa
1386 3825 1613 3885 pereat,
1647 3830 1792 3870 mors
1836 3814 2049 3870 irruens

446 3914 629 3983 ejiciet
659 3920 709 3965 te
740 3927 804 3964 ex
837 3909 1115 3979 magniﬁco
1159 3909 1263 3961 isto
1290 3908 1560 3964 domicilio
1594 3926 1604 3961 :
1638 3924 1741 3962 non
1774 3924 1896 3963 raro
1933 3911 2048 3976 qui-

447 4005 571 4059 dem
593 4004 672 4057 vcl
705 4013 827 4056 ante
854 4001 1055 4054 obitum
1079 3999 1304 4054 infausta
1334 4002 1538 4072 negotia
1561 4041 1575 4064 ,
1604 4000 2047 4055 calumniatorum

453 4100 680 4168 impetus-
707 4111 769 4151 ac
800 4094 1003 4150 iusidim
1031 4094 1232 4150 faciunt
1258 4137 1272 4160 ,
1304 4104 1360 4149 ut
1386 4095 1506 4148 inde
1537 4094 1787 4161 ejiciaris.
1817 4096 1926 4149 Illic
1956 4112 2049 4149 au-

451 4198 558 4241 tem
591 4203 695 4241 non
719 4196 800 4239 est
831 4188 969 4257 quod
1019 4188 1123 4241 tale
1167 4186 1454 4255 quidquam
1482 4187 1717 4240 verearis
1750 4205 1762 4239 :
1796 4203 1902 4241 nun
1931 4203 2047 4241 cor-

453 4281 757 4350 ruptionem
786 4322 799 4339 ,
830 4294 931 4333 non
963 4289 1209 4343 mortem,
1244 4294 1348 4333 non
1381 4281 1625 4343 ruinam,
1662 4295 1764 4332 non
1795 4280 2047 4334 damnum

450 4388 477 4425 a
495 4371 986 4437 calumniatorilnis,
1013 4389 1060 4424 [lt
1082 4388 1116 4425 n
1130 4372 1269 4425 aliud
1286 4372 1591 4441 quidquam;
1613 4372 1705 4426 sed
1726 4372 2053 4426 immmobile

453 4474 505 4517 et
547 4463 844 4517 immortale
896 4473 977 4518 est
1015 4463 1366 4519 domicilium.
1410 4464 1747 4535 Quapropter
1789 4475 2050 4519 maternum

451 4552 577 4609 illud
607 4553 908 4623 appellavit.
942 4552 1117 4608 Facite
1145 4555 1280 4608 vobis
1301 4556 1491 4607 amicos
1523 4598 1536 4618 ,
1567 4556 1737 4625 inquit
1762 4598 1775 4619 ,
1811 4557 1872 4609 de
1896 4573 2053 4608 nimu-

454 4661 603 4698 mona
627 4644 927 4714 iniquitatis.

533 4737 621 4790 ll.
656 4735 988 4807 Eleemosyna
1012 4753 1073 4791 ex
1100 4739 1277 4803 rapina
1306 4738 1446 4803 dum,
1474 4754 1571 4791 nou
1601 4747 1672 4791 est
1717 4739 2049 4810 eleemosyna.

465 4828 815 4899 Eleemosyna:
840 4827 1036 4882 laudes.
1079 4828 1182 4883 Cur
1212 4846 1298 4898 pro
1323 4831 1513 4899 foribus
1541 4829 1842 4899 templorum
1865 4848 2056 4901 paupe-

462 4937 544 4973 res
569 4937 586 4983 ;
614 4924 781 4989 fontes
824 4926 938 4971 ante
980 4920 1220 4974 oratorio.
1257 4951 1323 4961 -—
1353 4920 1484 4975 Vide
1511 4929 1704 4988 quanta
1751 4922 1818 4976 sit
1847 4922 2054 4976 Domini

470 5009 792 5079 benignitas,
825 5020 1023 5077 quanta
1067 5012 1273 5064 bonitas
1318 5026 1379 5065 ac
1409 5014 1669 5081 mqttims;
1704 5028 1875 5083 neque
1913 5015 2053 5069 enim

428 5090 431 5091 ν
474 5113 672 5154 temere
695 5099 797 5155 hoc
824 5100 1099 5169 adiunxit:
1128 5102 1218 5156 sed
1248 5102 1494 5169 quoniam
1520 5102 1755 5173 pit-rique
1786 5104 1973 5158 divites
1992 5121 2054 5159 ex

469 5192 672 5259 rapinis
700 5206 761 5245 ac
793 5189 978 5245 fraude
1021 5190 1228 5245 divitias
1256 5192 1355 5246 sibi
1388 5204 1848 5260 comparaverunt,
1901 5196 2052 5260 Male,

466 5282 906 5349 iinpiit,,l’actuni,
936 5296 1035 5335 nec
1060 5281 1340 5350 oportebat
1382 5292 1431 5335 te
1460 5283 1525 5335 ita
1556 5285 1807 5351 peettttius
1836 5285 2051 5356 Collige-

466 5390 559 5436 re,
588 5386 953 5428 verumtamen
980 5373 1403 5443 quandoquidem
1424 5375 1533 5441 jam
1558 5375 1837 5442 collegisti,
1859 5378 2055 5430 ili-siste

468 5481 495 5516 a
528 5467 711 5532 rapina
756 5478 807 5518 et
849 5464 1050 5526 fraude.
1085 5476 1136 5520 et
1182 5476 1333 5521 utere
1380 5469 1599 5534 pt‘Clllllﬂ
1642 5467 1705 5519 ad
1752 5482 1833 5522 ea.
1868 5469 2059 5537 quibus

468 5572 601 5623 opus
645 5556 827 5609 babes.
859 5555 971 5608 Non
1000 5557 1161 5624 jubco
1211 5569 1259 5611 te
1304 5574 1419 5611 esse
1464 5576 1525 5610 ex
1570 5570 1720 5627 rapto
1761 5561 2060 5613 miscricor-

470 5646 615 5711 dcm,
662 5648 753 5700 sed
783 5663 810 5699 a
842 5646 1023 5699 fraude
1057 5658 1459 5716 temperantem,
1494 5649 1690 5701 divitiis
1721 5648 1783 5701 ad
1817 5649 2059 5719 benigni-

468 5742 629 5785 tatem
649 5740 698 5785 et
715 5733 1117 5807 clecuiosyuam
1137 5739 1235 5794 uti.
1262 5739 1367 5794 Nisi
1397 5740 1535 5795 enim
1558 5754 1585 5793 a
1608 5744 1785 5808 rapina
1810 5740 2056 5808 desistas,

1098 340 1154 392 ς.
1196 332 1474 392 JOANNIS
1510 326 1986 386 etiuvsosrout
2028 322 2348 381 ARCtltEP.
2389 321 2926 381 coxsnmtuoa

3609 338 3725 398 39’

2130 461 2197 500 ue
2227 446 2569 517 eleemosyna
2601 446 2814 516 quidem
2845 447 2949 501 erit
2982 464 2995 499 :
3029 446 3123 503 sed
3166 448 3373 506 etiamsi
3417 454 3732 509 innumeras

2128 538 2379 607 pecunias
2408 537 2505 593 des
2536 541 2587 592 in
2615 554 2802 594 manus
2826 554 3140 609 egenorum,
3170 559 3200 597 a
3247 540 3436 600 fraude
3459 555 3516 601 et
3540 547 3732 617 rapina

2129 628 2341 685 interim
2370 645 2473 683 non
2500 631 2797 697 abstinens,
2821 633 2874 685 iu
2899 631 3285 688 homicidarum
3310 650 3535 690 innuero
3561 650 3596 691 ι
3616 635 3733 692 Deo

2126 720 2544 790 computaberis.
2567 721 2904 793 Quapropter
2927 732 3141 793 Oportet
3164 739 3193 779 a
3230 724 3417 780 fraude
3442 725 3732 789 absistere.

2127 825 2191 865 ac
2218 820 2328 865 tum
2360 811 2576 866 demum
2624 812 2675 866 in
2706 827 2907 882 egenos
2935 814 3334 871 misericordem
3365 830 3506 871 esse.
3538 816 3733 889 Magna

2127 903 2269 957 enim
2300 912 2380 957 est
2407 903 2764 974 eleemosyuae
2786 905 2883 965 vis.
2907 905 2974 961 de
3004 922 3105 976 qua
3136 908 3296 962 etiam
3329 909 3380 963 iu
3403 908 3582 979 priore
3601 925 3737 965 con-

2130 1003 2292 1047 ventu
2321 993 2461 1062 apud
2506 1010 2600 1047 vos
2646 994 3017 1059 disseruimus,
3050 1011 3112 1051 ac
3144 1014 3286 1053 nunc
3315 1016 3527 1071 quoque
3552 1000 3736 1056 disse-

2130 1097 2331 1137 remus.
2378 1082 2482 1137 Sed
2529 1100 2688 1139 nemo
2734 1099 2967 1141 vestrum
3014 1088 3083 1141 ita
3129 1090 3347 1158 cogitet,
3381 1090 3517 1146 hanc
3542 1091 3741 1146 admo-

2134 1173 2293 1226 nendi
2320 1174 2685 1229 assiduitatem
2715 1177 2781 1230 ad
2821 1177 3122 1231 auditorum
3169 1178 3389 1236 tendere
3428 1183 3738 1237 accusatio-

2134 1280 2276 1319 nem.
2328 1263 2459 1319 Nam
2527 1275 2579 1319 et
2633 1268 2685 1318 in
2740 1268 3122 1324 certaminibus
3173 1270 3243 1323 illi
3315 1272 3653 1340 potissimum
3701 1289 3740 1331 ι

2131 1357 2525 1426 spectatoribus
2571 1358 2889 1422 excitantur,
2919 1359 3009 1428 qui
3039 1359 3105 1414 ad
3137 1373 3333 1416 metam
3384 1364 3605 1433 propius
3646 1381 3741 1420 aco

2132 1447 2351 1509 cedunt.
2383 1457 2436 1502 ct
2462 1450 2745 1504 certiorem
2779 1450 3015 1504 victoria:
3043 1466 3192 1521 spem
3234 1451 3434 1508 habere
3463 1455 3737 1511 videntur.

2136 1537 2277 1607 Ergo
2306 1538 2429 1606 quia
2459 1554 2649 1609 magna
2679 1540 2952 1595 alacritate
2974 1541 3130 1596 video
3156 1557 3253 1597 vos
3281 1542 3349 1599 de
3388 1544 3739 1618 eleemosyua

2133 1642 2438 1683 sermonem
2471 1629 2747 1696 excipere,
2777 1646 2844 1684 eo
2872 1632 3040 1701 magis
3071 1630 3199 1688 libet
3226 1635 3379 1688 istam
3403 1634 3741 1691 exhortatio-

2135 1735 2256 1775 nem
2302 1720 2636 1776 continuare.
2685 1712 2873 1776 Medici
2913 1724 3212 1779 animarum
3261 1736 3565 1781 nostrarum
3610 1738 3742 1784 sunt

2135 1827 2418 1881 pauperes,
2464 1812 2835 1869 benefactorcs
2873 1824 2929 1869 et
2966 1824 3301 1885 protectores
3333 1835 3345 1870 :
3380 1833 3552 1889 neque
3593 1821 3738 1875 enim

2137 1912 2342 1958 tantum
2385 1904 2500 1971 das,
2524 1915 2782 1975 quantum
2827 1906 3063 1978 accipis;
3093 1908 3190 1963 das
3222 1912 3521 1978 pecuniam,
3550 1920 3607 1966 et
3644 1926 3743 1967 ac-

2136 1995 2205 2064 c1,
2228 1995 2271 2048 is
2320 2008 2542 2065 regnum
2583 1996 2835 2051 cadorum
2866 2012 2881 2059 ;
2913 1997 3162 2053 sublevas
3206 2009 3518 2069 egestatem,
3557 2010 3612 2055 et
3656 2017 3744 2057 rc-

2137 2084 2398 2138 concilias
2429 2084 2522 2139 tibi
2570 2085 2875 2140 Dominum.
2905 2087 3067 2143 Vides
3110 2089 3367 2157 imparem
3412 2104 3533 2145 esse
3578 2092 3739 2145 retri-

2138 2176 2458 2231 butionem?
2505 2177 2630 2231 llzrc
2680 2186 2805 2231 sunt
2851 2187 3106 2242 terrena,
3153 2179 3239 2233 illa
3297 2181 3569 2244 crclestia;
3624 2180 3745 2237 lucc

2140 2267 2400 2337 peritura,
2451 2268 2537 2321 illa
2590 2264 2990 2336 permanentia;
3022 2268 3135 2324 lucc
3180 2282 3615 2339 corrumpuntur,
3652 2273 3744 2328 illa

2140 2366 2266 2413 sunt
2296 2368 2446 2413 extra
2474 2360 2833 2428 corruptionis
2864 2360 3175 2428 perieulum.
3205 2360 3315 2416 Hac
3343 2361 3410 2416 de
3435 2376 3594 2416 causa
3626 2378 3745 2417 ma-

2136 2449 2284 2519 jores
2314 2450 2480 2502 nostri
2514 2464 2610 2517 pro
2642 2448 2844 2504 foribus
2873 2450 3220 2505 ecclesiarum
3252 2466 3512 2523 pauperes
3537 2455 3749 2509 consti-

2144 2550 2359 2597 tuerunt
2390 2583 2406 2608 ,
2462 2551 2518 2595 ut
2563 2542 2644 2596 vel
2694 2541 3195 2598 iubumanissimum
3257 2555 3312 2599 et
3364 2546 3747 2616 scgnissimum

2144 2647 2413 2702 quemque
2460 2642 2709 2701 aspot‘llls
2742 2633 2855 2702 ipse
2895 2648 3188 2703 egenorum
3233 2634 3301 2689 ad
3343 2636 3749 2711 elecmosynam

2145 2725 2358 2777 excitet.
2394 2724 2491 2779 Ubi
2540 2727 2684 2779 enim
2732 2734 2837 2779 stat
2886 2725 3085 2781 chorus
3127 2741 3315 2781 senum
3358 2728 3703 2784 incurvorum
3730 2772 3747 2797 ,

2148 2830 2541 2883 pauuosorutu,
2589 2816 2994 2886 silualidorum,
3046 2817 3476 2882 sordidatorum,
3529 2820 3750 2877 baculo:

2147 2912 2466 2974 tenentium,
2516 2920 2675 2978 atque
2719 2909 2801 2963 his
2839 2925 2982 2979 ψει-ρ
3027 2924 3085 2964 se
3132 2912 3571 2979 sustentantium,
3622 2930 3752 2968 non-

2146 3016 2437 3072 numquam
2483 3002 2652 3057 oculis
2699 3001 3032 3067 orbatorum,
3087 3011 3306 3071 totoque
3340 3018 3566 3073 corpore
3611 3008 3755 3061 male

2149 3092 2552 3158 mulctatorum,
2579 3095 2697 3163 quis
2731 3102 2838 3147 tam
2862 3108 3057 3148 saxeus
3077 3102 3179 3159 est,
3209 3093 3329 3164 quis
3356 3103 3460 3147 tam
3492 3096 3755 3150 adaman-

2152 3185 2317 3249 tinus,
2349 3184 2442 3253 qui
2482 3184 2548 3237 ad
2582 3199 2765 3239 eorum
2809 3184 3270 3254 grandmvitatcm,
3304 3184 3752 3252 imbecillitatem,

2149 3277 2465 3340 cmcitutem,
2499 3286 2817 3344 egestatem,
2870 3275 3082 3330 habitus
3125 3276 3407 3340 vilitatem,
3436 3285 3624 3345 totque
3648 3276 3754 3332 alia

2150 3367 2214 3418 ad
2249 3366 2642 3421 condolendum
2686 3367 2975 3431 moventia,
3005 3366 3274 3421 obdurare
3316 3382 3373 3422 se
3398 3378 3452 3422 et
3482 3367 3755 3423 inﬂexibi-

2151 3456 2219 3511 lis
2246 3466 2408 3527 queat
2450 3456 2809 3527 permanere?
2838 3456 2948 3512 Hae
2989 3457 3057 3511 de
3086 3472 3245 3511 causa
3273 3472 3368 3527 pro
3416 3457 3622 3513 foribus
3650 3474 3723 3513 no
3743 3486 3757 3497 -

2150 3553 2276 3603 stris
2304 3559 2467 3613 stant,
2509 3557 2565 3603 ct
2591 3549 2709 3619 ipso
2735 3557 2978 3619 aspectu,
3007 3551 3176 3619 magis
3220 3565 3379 3620 quam
3411 3550 3532 3604 ullis
3574 3551 3757 3607 verbis

2152 3652 2395 3710 possunt,
2428 3639 2492 3693 ad
2539 3640 2943 3695 beneﬁcentiam
2983 3649 3276 3710 provocant
3322 3655 3415 3694 eos
3441 3641 3531 3709 qui
3578 3641 3758 3695 introe-

2154 3733 2489 3801 grediuutur.
2541 3731 3003 3798 Quemadmodum
3071 3732 3213 3787 enim
3277 3732 3519 3786 solemne
3567 3741 3652 3785 est
3699 3742 3760 3787 ut

2155 3824 2329 3879 fontes
2358 3835 2555 3895 prznslo
2603 3826 2706 3879 sint
2733 3832 2856 3878 ante
2882 3823 3136 3889 oratoria,
3181 3833 3237 3878 ut
3266 3824 3537 3881 adoraturi
3584 3826 3756 3881 Deum

2157 3932 2345 3972 manus
2393 3918 2541 3988 prius
2589 3918 2725 3972 lotas
2774 3918 2913 3972 inter
2955 3918 3278 3985 precandum
3327 3917 3575 3972 attollant
3620 3936 3635 3972 :
3682 3918 3757 3974 ita

2156 4023 2424 4079 pauperes
2456 4008 2682 4063 fimtium
2728 4009 2844 4064 vice
2876 4018 2999 4064 ante
3031 4009 3173 4064 fores
3197 4010 3599 4063 collocaverunt
3640 4024 3758 4062 mas

2154 4102 2301 4166 jures
2331 4099 2519 4163 nostri,
2546 4111 2600 4152 ut
2622 4100 3071 4169 quemadmodum
3101 4116 3288 4154 manus
3309 4099 3573 4154 abluimus
3591 4115 3756 4166 aqua,

2157 4192 2235 4245 sic
2265 4191 2413 4260 prius
2449 4206 2542 4260 per
2572 4190 2975 4245 bene-licentiam
3009 4192 3246 4246 abstersa
3293 4191 3489 4255 anima,
3522 4198 3633 4245 tum
3662 4194 3762 4244 dc-

2161 4297 2304 4335 uium
2333 4296 2520 4350 preces
2551 4290 2761 4337 nostras
2791 4282 3102 4336 offeramus.

2233 4372 2319 4426 12.
2364 4371 2478 4426 Non
2521 4372 2662 4425 enim
2713 4381 2817 4426 tam
2868 4382 2987 4442 apta
3038 4382 3121 4427 est
3160 4388 3294 4441 atina
3347 4372 3412 4426 ad
3461 4371 3762 4426 abluendas

2159 4462 2402 4533 corporis
2451 4463 2706 4527 maculas,
2758 4479 2916 4532 quam
2965 4463 3303 4535 elccmosynu
3346 4463 3410 4517 ad
3465 4463 3765 4518 abolendas

2162 4554 2349 4609 sordes
2375 4553 2585 4608 animae.
2620 4553 3081 4622 Quemadmodum
3114 4554 3274 4621 igitur
3305 4569 3408 4608 non
3439 4552 3602 4607 audes
3635 4553 3762 4606 illo-

2164 4646 2229 4699 tis
2260 4646 2505 4699 manibus
2534 4645 2599 4699 ad
2631 4647 2954 4715 precandum
2979 4646 3197 4705 intrare.
3221 4645 3461 4714 quamvis
3496 4645 3667 4699 levius
3690 4647 3763 4698 sit

2169 4739 2269 4791 hoc
2298 4738 2523 4800 crimen,
2559 4737 2629 4789 ita
2676 4751 2772 4791 nec
2816 4737 3017 4805 absque
3048 4736 3392 4807 eleemosyna
3434 4737 3501 4790 ad
3534 4752 3765 4805 precan-

2163 4830 2289 4884 dum
2322 4844 2573 4899 umquam
2614 4828 2857 4883 accedas.
2904 4828 3062 4897 Atqui
3114 4845 3217 4881 non
3259 4842 3383 4882 raro
3429 4828 3593 4882 etiam
3638 4843 3767 4883 eum

2166 4937 2324 4991 puras
2354 4937 2539 4975 manus
2573 4920 2882 4983 habeamus,
2914 4935 3022 4973 non
3067 4919 3335 4973 tendimus
3370 4919 3435 4973 ad
3466 4919 3633 4973 Deum
3661 4920 3767 4973 nisi

2168 5015 2313 5082 prius
2345 5014 2479 5067 lotas
2510 5030 2521 5065 :
2556 5022 2760 5066 tantum
2793 5012 2932 5066 valet
2957 5009 3309 5065 consuetudo.
3342 5008 3573 5079 ldipsum
3606 5010 3770 5079 igitur

2166 5105 2216 5157 in
2242 5105 2579 5175 elccmosyna
2622 5113 2705 5156 est
2735 5102 3032 5157 iaciendum
3058 5119 3072 5167 ;
3104 5112 3157 5157 et
3186 5102 3309 5157 licet
3355 5102 3554 5155 nullius
3585 5104 3768 5171 magni

2165 5195 2366 5263 peccati
2410 5195 2561 5248 nobis
2589 5195 2758 5248 simus
2786 5195 2983 5247 Const-ii
3004 5236 3019 5259 ,
3052 5202 3227 5247 tamen
3270 5194 3611 5263 eleemosyna
3641 5193 3768 5247 data

2166 5289 2547 5342 conscientiam
2596 5293 2832 5340 nostram
2883 5286 3187 5356 abstergere
3228 5295 3457 5353 Oportet.
3509 5284 3667 5339 Multa
3716 5288 3769 5340 iu

2171 5380 2285 5432 foro
2324 5379 2415 5431 tibi
2458 5377 2769 5431 contraxisti
2804 5378 2940 5431 mala
2976 5395 2986 5429 :
3024 5377 3272 5430 inimicus
3314 5377 3559 5441 irritavit,
3601 5377 3766 5447 judcx

2167 5470 2363 5539 aliquid
2394 5483 2581 5538 parum
2612 5468 2864 5524 decorum
2899 5468 3074 5523 facere
3111 5470 3389 5537 compulit,
3423 5468 3581 5523 verba
3624 5484 3769 5539 sepe

2169 5560 2440 5615 cll‘utivisti
2475 5576 2577 5614 non
2612 5560 2769 5625 bona,
2804 5576 2868 5613 ne
2899 5561 3126 5612 amicum
3157 5560 3459 5615 oll'cuderes
3489 5571 3766 5628 peceatum

2171 5653 2385 5721 aliquod
2418 5652 2675 5705 admisisti
2708 5670 2720 5703 :
2750 5653 2881 5704 alias
2913 5667 3016 5705 non
3048 5666 3241 5719 paucas
3276 5653 3508 5704 maculas
3546 5661 3767 5704 eontra-

2179 5744 2316 5806 xisti,
2352 5754 2406 5795 ut
2451 5743 2622 5796 solent
2653 5742 2894 5795 homines
2925 5742 3011 5807 qui
3060 5742 3110 5794 in
3143 5741 3257 5795 foro
3286 5752 3588 5803 versantur,
3626 5739 3767 5804 judi-
