4088 6418
261 388 373 448 299

261 499 489 558 νοιῖσθαι
539 497 831 571 μέλλοντες
865 495 1174 566 ἀφίκωνται
1196 534 1212 557 ,
1266 493 1501 548 ἀκουσον
1553 487 1719 545 αὐτοῦ
1765 484 1859 571 τοῦ

457 569 673 636 Παύλου
696 580 948 649 λέγοντος
970 593 986 609 ⁸
1019 578 1132 633 Τὸν
1143 574 1348 648 ἀγῶνα
1363 574 1473 630 τὸν
1493 569 1865 642 matara-

260 655 497 736 νισμαι,
531 664 640 719 τὸν
658 663 885 734 δρόμον
907 662 1211 724 τετέλεκα,
1237 661 1356 728 τὴν
1379 659 1591 714 πίστιν
1614 655 1857 727 τετήρη·

260 766 344 804 κα
358 765 376 782 ’
403 748 626 804 λοιπὸν
647 747 960 803 ἀπόκειταί
974 762 1078 817 μοι
1099 747 1133 799 δ
1153 742 1266 814 τῆς
1296 743 1696 810 δικαιοσύνης
1719 736 1861 794 στέ-

261 850 493 904 φανος,
523 833 598 889 δν
619 831 920 888 ἀποδώσει
947 848 1051 902 μοι
1083 833 1118 886 δ
1155 828 1391 896 δίκαιος
1417 827 1644 895 κριτής.
1675 824 1814 881 Πότε
1843 840 1859 890 ;

273 919 385 973 Ἔν
413 918 619 987 ἐκείνῃ
660 914 737 985 τῇ
773 915 1001 985 ἠμέρᾳ·
1043 915 1118 970 οὐ
1147 915 1344 985 μόνον
1390 911 1461 966 δέ
1495 911 1626 981 ἐμοὶ
1652 951 1666 974 ,
1698 907 1863 965 ἀλλὰ

261 999 364 1055 καί
391 999 547 1056 πᾶσι
577 998 704 1066 τοῖς
729 998 1079 1070 ἠγαπηκόσι
1104 997 1223 1067 τὴν
1253 994 1613 1065 ἐπιφάνειαν
1644 992 1858 1049 αὐτοῦ.

261 1084 374 1139 Καὶ
402 1083 569 1138 πάλιν
601 1081 843 1155 ἀλλαχοῦ
880 1081 1130 1146 δεικνὺς,
1158 1080 1243 1134 δτι
1275 1082 1432 1152 κοινῇ
1465 1080 1633 1132 πᾶσιν
1667 1080 1700 1149 ή
1750 1077 1861 1131 τῶν

260 1165 485 1236 ἀγαθῶν
509 1165 816 1230 ἀπόλαυσις
865 1164 1065 1220 δίδοται
1091 1203 1106 1226 ,
1130 1162 1590 1219 Θεσσαλονικεῦσι
1626 1161 1861 1234 γράφων

261 1249 449 1318 ιλεγεν
467 1265 482 1280 ο
511 1249 702 1318 Εἴπερ
723 1248 960 1303 δίκαιον
980 1246 1145 1316 παρά
1190 1244 1316 1312 Θεῷ
1345 1245 1682 1300 ἀποδοῦναι
1733 1243 1862 1310 τοῖς

259 1334 581 1388 θλίϐουσιν
605 1330 763 1402 ὑμᾶς
783 1332 1016 1400 θλίψιν,
1043 1330 1143 1384 καί
1170 1327 1315 1398 ὑμῖν
1336 1327 1461 1395 τοῖς
1485 1327 1860 1397 θλιϐομένοις

259 1415 479 1474 ἄνεσιν
509 1415 640 1486 μεθ’
672 1413 862 1484 ἡμῶν.
885 1413 996 1468 Καὶ
1027 1412 1190 1467 πάλιν
1213 1428 1228 1443 ·
1255 1412 1389 1466 Ὀτι
1413 1409 1589 1481 ἡμεῖς
1630 1412 1684 1464 al
1713 1407 1858 1470 ζῶν-
1913 1419 1917 1421 '

254 1516 380 1567 τες,
411 1503 470 1555 οί
494 1498 974 1570 περιλειπόμενοι
999 1499 1088 1563 είς
1107 1495 1225 1565 τὴν
1246 1493 1593 1564 παρουσίαν
1617 1493 1724 1548 τοῦ
1740 1496 1858 1548 Κυ-

250 1583 416 1652 ρίου,
430 1584 505 1638 οὐ
523 1581 611 1653 μὴ
631 1580 959 1652 φθάσωμεν
977 1578 1123 1645 τοὺς
1146 1577 1544 1649 κοιμηθέντας
1558 1592 1574 1609 ⁶
1603 1575 1694 1631 διά
1721 1576 1861 1632 πάν-

255 1680 367 1720 των
397 1664 605 1721 τούτων
635 1663 836 1736 δηλῶν,
861 1664 942 1718 δτι
974 1665 1127 1735 κοινῇ
1153 1661 1366 1728 πάντας
1395 1660 1492 1717 καὶ
1514 1660 1652 1734 ὁμοῦ
1677 1677 1856 1733 παραυ

254 1747 588 1818 γενομέναις
605 1747 716 1802 τῶν
736 1746 1005 1818 οὐρανίων
1023 1745 1202 1816 τιμῶν
1217 1743 1513 1801 ἀπολαύειν
1534 1744 1666 1818 χρή.
1685 1742 1860 1799 Τοῦτο

254 1830 353 1886 καὶ
373 1833 491 1896 τοῖς
521 1820 762 1901 φθάσασι
784 1829 988 1901 πολλὴν
1011 1830 1168 1902 φέρει
1193 1827 1294 1902 τὴν
1321 1827 1540 1899 ἡδονὴν,
1561 1828 1691 1882 δταν
1717 1826 1858 1899 μετά

253 1912 366 1968 τῶν
389 1912 609 1968 οἰκείων
639 1913 823 1984 μελῶν
851 1914 959 1968 τῶν
997 1913 1328 1986 ἀπορρήτων
1365 1911 1590 1965 ἐκείνων
1617 1909 1856 1965 ἀπολαύο

255 2011 428 2052 σωσιν
456 1995 699 2066 ἀγαθῶν.
745 1997 857 2052 Ka‘.
905 1994 1016 2069 γάρ
1067 1994 1251 2068 πατὴρ
1278 1993 1560 2067 τραπέζης
1611 1992 1856 2065 μετέχων

253 2081 523 2152 λαμπράς
547 2082 643 2136 καὶ
675 2080 1040 2144 πολυτελοῦς,
1067 2079 1191 2134 τότε
1228 2078 1369 2152 μετά
1411 2078 1657 2142 πλείονος
1681 2077 1858 2149 αὐτῆς

254 2163 632 2219 ἀπολαύσεται
652 2163 756 2236 τῆς
795 2164 1172 2236 εὐφροσύνης.
1200 2163 1331 2220 ὅταν
1362 2162 1506 2236 μετά
1543 2162 1653 2216 τῶν
1685 2160 1854 2216 αὐτοῦ

257 2246 490 2302 παιδίων
529 2248 736 2320 μετέχῃ
765 2248 866 2320 τῆς
892 2247 1128 2320 εὐωχίας
1166 2247 1262 2301 καὶ
1293 2245 1656 2321 εὐφροσύνης.
1694 2244 1856 2302 οῦτω

255 2330 350 2384 καὶ
382 2327 598 2396 Παῦλος
646 2332 745 2385 καὶ
792 2332 842 2385 οί
887 2331 1008 2386 κατ’
1058 2331 1267 2384 ἐκεῖνον
1318 2329 1559 2396 ἀπαντες
1607 2329 1856 2404 μείζονος

253 2414 616 2485 αἰσθήσονται
649 2415 751 2486 τῆς
797 2414 1095 2488 θυμηδίας,
1129 2415 1259 2470 ὅταν
1299 2413 1441 2486 μετά
1476 2412 1587 2469 τῶν
1633 2411 1854 2468 οίκείων

255 2498 438 2568 μελῶν
475 2499 630 2564 ὄντες
657 2498 1044 2555 ἀπολαύσωσιν
1075 2499 1268 2570 αὐτῆς.
1315 2499 1392 2553 Οὐ
1436 2498 1548 2572 7&9
1581 2499 1856 2569 τοσαύτην

255 2582 492 2655 πατέρες
549 2582 678 2654 περὶ
734 2582 933 2647 παῖδας
988 2583 1390 2638 ἐπιδείκνυνται
1438 2582 1854 2654 φιλοστοργίαν,

251 2671 386 2739 ὅσην
415 2669 616 2720 ἐκεῖνοι
643 2668 773 2738 περὶ
794 2668 923 2731 τοὺς
943 2666 1013 2721 τά
1043 2663 1186 2721 αὐτά
1209 2665 1647 2737 κατωρθωκότας
1668 2667 1855 2730 αὐτοῖς

254 2751 436 2821 έχουσι
468 2750 820 2821 κηδεμονίαν.
844 2749 942 2804 Ἰν’
973 2743 1066 2804 οῦν
1091 2750 1184 2803 καλ⁸
1206 2750 1367 2820 ήμεῖς
1390 2748 1502 2802 τῶν
1518 2747 1642 2804 τότε
1673 2765 1854 2820 τιμω-

256 2835 440 2906 μένων
489 2833 780 2905 γενώμεθα
807 2876 822 2896 ,
885 2830 1281 2904 σπουδάζωμεν
1333 2831 1666 2886 καταλαϐεῖν
1725 2833 1856 2898 τοὺς

252 2916 445 2988 ἀγίους
481 2917 744 2983 ὶκείνους.
781 2918 893 2972 Καὶ
918 2916 1037 2981 πῶς
1064 2915 1430 2988 δυνησόμεθα,
1455 2918 1611 2988 φησὶ,
1652 2917 1855 2982 αὐτοὺς

252 3000 582 3055 καταλαϐεῖν
605 3016 622 3067 ;
654 2999 739 3065 τίς
764 3001 895 3073 ἡμῖν
920 2999 1087 3065 δείξει
1119 2999 1220 3071 τὴν
1244 3001 1364 3053 ικεῖ
1387 2998 1662 3070 φέρουσαν
1697 2999 1851 3063 όδόν;

249 3085 426 3149 Αὐτὸς
443 3085 474 3139 ό
501 3084 611 3139 τῶν
657 3085 834 3154 ἀγίων
879 3084 1105 3139 ἐκείνων
1132 3083 1413 3153 Δεσπότης
1437 3122 1453 3147 ,
1482 3083 1543 3147 δς
1571 3083 1670 3154 οὐχ
1702 3085 1855 3148 ὅπως

250 3170 455 3234 αὐτοὺς
476 3167 926 3240 καταληφῦμεθα
949 3168 1111 3241 μόνον
1133 3168 1400 3234 διδάσκει,
1425 3167 1565 3222 ἀλλά
1587 3169 1682 3221 καὶ
1701 3169 1854 3233 ὅπως

249 3252 555 3324 ὁμωρόφιοι
605 3251 701 3306 καὶ
755 3251 1015 3323 σύσκηνοι
1073 3249 1363 3322 γενώμεθα
1407 3251 1577 3304 πᾶσιν
1628 3251 1814 3316 αὐτοῖς
1833 3267 1850 3282 ο

251 3333 558 3400 Ποιήσατε
588 3333 701 3406 γὰρ
731 3333 876 3403 ὑμῖν
907 3335 1129 3403 φίλους
1161 3335 1230 3388 ἐκ
1261 3335 1369 3388 τοῦ
1401 3331 1700 3404 μαμμωνᾶ
1740 3331 1854 3402 τῆς

249 3418 492 3485 ἀδικίας
509 3459 525 3483 ,
549 3419 737 3490 φησὶν,
769 3418 847 3471 ἵν’
869 3417 1017 3472 ὅταν
1039 3419 1348 3486 έκλίπητε,
1370 3417 1662 3483 δέξωνται
1695 3417 1854 3488 ὑμᾶς

253 3502 338 3568 τίς
379 3503 490 3568 τὰς
538 3502 819 3567 αἰωνίους
850 3498 1053 3556 αὐτῶν
1104 3498 1363 3570 σκηνάς.
1416 3500 1615 3566 Καλῶς
1675 3497 1852 3566 εἶπεν,

252 3584 538 3648 Αἰωνίους.
586 3583 854 3638 Ἐνταῦθα
897 3585 996 3656 μιν
1028 3583 1141 3657 γάρ
1173 3585 1280 3641 κάν
1303 3585 1569 3659 λαμπράν
1608 3585 1738 3658 έχης
1770 3589 1852 3640 οί-

251 3666 399 3731 κίαν,
431 3666 717 3721 ἀπολεῖται
748 3667 968 3731 πάντως
993 3666 1327 3741 φθειρομένη
1357 3668 1437 3739 τῷ
1466 3669 1645 3741 χρόνῳ
1665 3685 1678 3699 ·
1716 3669 1855 3738 μᾶλ-

249 3750 343 3802 λον
377 3750 436 3804 δὲ
467 3751 564 3804 καὶ
594 3751 701 3822 πρὸ
725 3749 827 3821 τῆς
851 3749 992 3804 κατά
1019 3751 1112 3803 τὸν
1135 3751 1328 3822 χρόνον
1354 3750 1592 3822 φθορᾶς,
1623 3751 1854 3814 θάνατος

251 3831 513 3906 ιμπεσὼν
543 3831 800 3886 ἐκϐάλλει
823 3849 884 3885 σε
909 3831 1008 3903 τῆς
1039 3831 1304 3905 λαμπρᾶς
1327 3833 1534 3904 ταύτης
1563 3835 1851 3906 οἰκήσεως·

252 3902 517 3982 πολλάκις
545 3918 603 3971 δέ
627 3917 722 3972 καὶ
760 3915 868 3988 πρὸ
903 3902 1000 3972 τοῦ
1033 3902 1268 3972 θανάτου
1313 3902 1657 3990 πραγμάτων
1674 3902 1853 3972 ’τινῶν

251 3998 540 4054 δυσκολίαι
595 4001 692 4053 καὶ
748 4000 1106 4072 συκοφαντῶν
1168 3999 1353 4070 έφοδοι
1405 4003 1500 4054 καὶ
1560 4000 1854 4056 ἐπιϐουλαὶ

252 4085 511 4138 ἐκπεσεῖν
533 4086 701 4155 αὐτῆς
728 4084 1173 4159 παρεσκεύασαν.
1209 4084 1362 4138 Ἐκεῖ
1382 4084 1438 4138 δέ
1463 4084 1619 4139 οὐδὲν
1646 4085 1855 4139 τούτων

252 4165 404 4222 ἐστὶν
440 4168 782 4223 ὑποπτεῦσαι
802 4210 818 4236 ,
843 4169 905 4222 οὐ
943 4167 1174 4239 φθοράν,
1210 4169 1272 4222 οὐ
1299 4168 1565 4229 θάνατον,
1596 4168 1658 4221 οὐ
1688 4169 1856 4223 κατά-

250 4267 464 4308 πτωσιν
489 4295 504 4316 ,
544 4253 607 4307 οὐ
654 4252 1008 4323 συκοφαντῶν
1049 4254 1338 4324 ἐπήρειαν,
1383 4254 1484 4307 οὐκ
1513 4251 1642 4308 ἀλλο
1676 4253 1853 4320 οὐδὲν,

249 4336 369 4390 ἀλλ’
399 4336 654 4407 ἀκίνητος
682 4338 775 4390 καὶ
794 4335 1064 4400 ἀθάνατός
1093 4337 1240 4389 ἐστιν
1264 4339 1298 4408 ἡ
1319 4338 1555 4407 οῐκησις.
1575 4336 1674 4391 Διά
1697 4337 1856 4390 τοῦτο

251 4419 508 4484 αἰωνίους
539 4419 711 4484 αὐτὰς
760 4419 1009 4474 ἐκάλεσε.
1048 4418 1351 4484 Ποιήσατε
1408 4419 1552 4490 ὑμῖν
1594 4420 1852 4490 φίλους,

251 4505 443 4572 φησὶν,
477 4503 548 4557 ἐκ
575 4503 682 4558 τοῦ
699 4502 994 4573 μαμμωνᾶ
1037 4501 1152 4571 τῆς
1180 4502 1441 4571 ἀδικίας.

328 4600 419 4650 ια’.
481 4594 627 4665 Ὅρα
665 4594 809 4665 πόση
842 4594 1224 4664 φιλανθρωπία
1251 4594 1346 4648 τοῦ
1379 4597 1673 4661 Δεσπὸτου,
1709 4597 1851 4667 πόση

257 4677 566 4749 χρηστότης
584 4677 682 4730 καὶ
699 4677 969 4731 ἐπιείκεια
1005 4677 1066 4730 οὐ
1084 4678 1194 4750 γὰρ
1213 4675 1400 4740 ἀπλῶς
1417 4677 1624 4750 ταύτην
1641 4679 1853 4733 τέθεικε

254 4763 354 4832 τὴν
388 4759 712 4832 προσθήκην
733 4777 747 4792 ·
772 4761 885 4814 ἀλλ’
921 4761 1109 4828 ἐπειδὴ
1141 4761 1356 4826 πολλοῖς
1385 4761 1664 4827 πλουσίοις
1688 4761 1855 4816 πλοῦ-

254 4860 343 4908 τος
381 4843 724 4898 συύείλεκται
757 4843 817 4908 ἐξ
843 4845 1101 4915 ἁρπαγῆς
1135 4844 1230 4898 καὶ
1265 4845 1600 4912 πλεονεξίας,
1646 4847 1852 4912 Κακῶς

257 4927 379 4995 μὲν,
421 4927 578 4996 φησὶ,
615 4927 708 4980 καὶ
743 4927 843 4980 οὐκ
878 4928 1044 4998 ἐχρῆν
1073 4944 1131 4980 σε
1153 4927 1295 4980 οὕτω
1338 4929 1586 4996 συλλέξαι
1615 4931 1685 4984 τά
1717 4932 1855 5004 χρή-

259 5028 406 5082 ματα
432 5027 445 5041 ·
479 5011 622 5079 πλὴν
648 5010 762 5064 ἀλλ’
784 5011 970 5082 ἐπειδὴ
1005 5011 1298 5078 συνέλεξας
1315 5052 1330 5074 ,
1358 5013 1515 5082 στῆθι
1540 5015 1642 5085 τῆς
1671 5017 1854 5088 ἁρπα-

255 5093 361 5173 γῆς
387 5101 604 5171 καὶτῆς
629 5099 960 5164 πλεονεξίας,
987 5101 1082 5153 καὶ
1106 5101 1309 5171 χρῆσαι
1337 5103 1417 5165 είς
1441 5103 1560 5156 δέον
1583 5105 1698 5167 τοῖς
1718 5106 1851 5174 χρή-

260 5204 446 5258 μασιν.
487 5189 564 5243 υύ
597 5187 744 5255 λέγω
768 5226 783 5248 .
841 5189 929 5241 ἵνα
973 5187 1236 5258 ἁρπάζων
1265 5190 1421 5261 ἐλεῇς
1443 5232 1459 5256 ,
1495 5189 1609 5242 ἀλλ’
1638 5193 1726 5246 ἵνα
1753 5193 1854 5259 τῆς

259 5273 576 5340 πλεονεξίας
599 5274 845 5337 ἀποστὰς
866 5313 881 5337 ,
908 5275 1045 5344 πρὸς
1073 5275 1446 5348 ἐλεημοσύνην
1469 5276 1621 5349 [289]
1648 5279 1742 5332 καὶ
1772 5298 1856 5348 φι-

255 5361 609 5432 λανθρωπίαν
632 5362 920 5432 ἀποχρήση
939 5361 1020 5431 τῷ
1043 5362 1277 5434 πλούτῳ.
1297 5363 1360 5416 Εἰ
1385 5364 1496 5436 γάρ
1516 5383 1602 5429 τις
1625 5367 1699 5436 μὴ
1722 5366 1856 5420 παύ.

256 5463 416 5502 σαιτο
457 5448 558 5517 τῆς
608 5449 897 5519 ἁρπαγῆς,
933 5449 1056 5502 οὐδὲ
1105 5450 1478 5523 ἐλεημοσύνην
1516 5453 1850 5523 ἐργάσεται·

255 5535 396 5591 ἀλλά
430 5535 544 5590 κᾶν
567 5535 738 5606 μυρία
763 5535 1046 5609 καταϐάλῃ
1077 5538 1339 5607 χρήματα
1368 5541 1449 5605 είς
1476 5542 1577 5605 τὰς
1601 5543 1710 5595 τῶν
1738 5543 1852 5598 διο-

259 5624 442 5696 μένων
461 5627 657 5696 χεῖρας
678 5665 693 5686 ,
724 5624 794 5676 τὰ
825 5625 1027 5693 ἐτέρων
1070 5625 1332 5694 ἁρπάζων
1370 5629 1463 5681 καὶ
1493 5629 1854 5696 πλεονεκτῶν,

256 5715 368 5780 τοῖς
396 5713 749 5787 ἀνδροφόνοις
779 5714 964 5783 ὲξίσης
990 5714 1298 5782 λελόγισται
1335 5716 1412 5788 τῷ
1441 5717 1581 5789 Θεῷ.
1625 5719 1717 5774 Διὸ
1746 5720 1853 5793 χρὴ

258 5800 580 5872 ⁸πλεονεξίας
606 5801 920 5858 ἀποστάντα
946 5804 1231 5872 πρότερον,
1251 5803 1396 5858 οὕτω
1417 5807 1542 5871 τοὺς
1568 5806 1856 5880 δεομένους

579 5909 849 5977 Pyram.
896 5910 1014 5976 Gn.
1063 5914 1160 5978 LI.

877 385 972 448 DE
1008 386 1269 446 VERBIS
1304 386 1670 473 APOSTOLI,
1706 386 1856 446 ΗΔΒ]

1964 381 2078 442 ΓΕΒ
2117 379 2409 441 εωιιιειι
2452 375 2803 437 εριιιιτυν.
2844 373 2934 431 Ill.

3459 375 3569 438 δυο

1971 487 2163 545 ἐλεεῖν.
2204 489 2383 563 Πολλὴ
2409 488 2522 564 γάρ
2549 489 2651 561 τῆς
2677 487 3054 562 ἐλεημοσύνης
3083 489 3118 562 ή
3144 486 3405 563 δύναμις,
3439 491 3572 558 περὶ

1968 567 2038 645 ἦς
2065 573 2159 628 καὶ
2185 576 2253 645 τῇ
2277 573 2583 646 προτεραίᾳ
2602 573 2824 640 συνάξει
2851 573 2991 642 πρὸς
3017 572 3163 644 ὑμᾶς
3190 571 3570 645 διελέχθημεν,

1970 656 2066 709 καί⁸
2095 655 2194 710 νῦν
2211 657 2551 728 διαλέξομαι.
2593 656 2755 711 Ἀλλά
2799 656 2988 728 μηδεὶς
3023 655 3122 729 τὴν
3157 657 3444 731 συνέχειαν
3467 656 3572 726 τῆς

1971 736 2335 810 ὑπομνήσεως
2356 740 2696 812 κατηγορίαν
2718 738 2963 811 ἡγείσθω
2982 737 3092 794 τῶν
3113 740 3444 794 ἀκουόντων.
3458 739 3574 794 Καὶ

1970 819 2082 894 γὰρ
2107 823 2166 875 ἐν
2195 824 2309 882 τοῖς
2339 822 2549 893 ἀγῶσιν
2575 823 2821 886 ἐκείνους
2847 821 2960 877 τῶν
2995 820 3246 895 δρομέων
3266 821 3570 894 διεγείρου-

1972 919 2058 957 σιν
2089 905 2138 958 οί
2157 903 2375 971 θεαταὶ,
2394 904 2502 970 οὓς
2518 904 2586 960 ἀν
2613 904 2798 960 ίδωσιν
2824 906 2994 974 ἐγγὺς
3017 904 3115 960 τοῦ
3143 903 3399 977 βραϐείου
3423 921 3574 974 γενο-

1972 985 2168 1058 μένους
2187 1026 2202 1051 ,
2235 989 2332 1042 καὶ
2364 989 2568 1052 πολλάς
2594 989 2696 1062 τῆς
2725 988 2885 1059 νίκης
2917 987 3146 1055 ἐλπίδας
3181 988 3426 1060 έχοντας.
3456 989 3571 1044 Καὶ

1970 1069 2083 1140 ἐγὼ
2107 1071 2291 1124 τοίνυν
2309 1112 2325 1138 ,
2363 1071 2553 1142 ἐπειδὴ
2584 1071 2726 1143 μετά
2775 1071 2982 1143 πολλῆς
3007 1072 3096 1127 ἀεὶ
3122 1071 3436 1146 προθυμίας
3459 1071 3572 1148 ὁρῶ

1967 1155 2096 1219 τούς
2127 1155 2257 1228 περὶ
2285 1153 2659 1228 ἐλεημοσύνης
2687 1155 3015 1227 δεχομένους
3047 1155 3241 1225 λόγους
3270 1157 3451 1228 ὑμᾶς,
3480 1157 3574 1214 διά

1967 1239 2130 1293 τοῦτο
2154 1239 2251 1294 καὶ
2279 1240 2442 1304 αὐτὸς
2473 1240 2864 1314 συνεχέστερον
2891 1240 2992 1311 τὴν
3025 1241 3168 1313 ὐπέρ
3200 1240 3409 1296 τούτων
3434 1242 3574 1295 κινῶ

1969 1321 2312 1394 παραίνεσιν.
2332 1322 2535 1394 ’ἰατροὶ
2555 1321 2666 1376 τῶν
2689 1321 2882 1394 ψυχῶν
2899 1321 3060 1395 ήμῶν
3079 1325 3220 1378 είσιν
3242 1325 3293 1379 οί
3314 1324 3570 1395 πένητες,

1968 1405 2256 1479 εὐεργέται
2290 1406 2384 1460 καὶ
2434 1405 2774 1477 προστάται*
2808 1408 2870 1461 οὐ
2932 1407 3038 1479 7&9
3087 1407 3344 1463 τοσοῦτον
3390 1407 3570 1474 δίδως,

1966 1487 2091 1542 δσον
2115 1487 2418 1560 λαμϐάνεις
2434 1503 2449 1518 ’
2478 1488 2637 1554 δίδως
2665 1488 2955 1564 ἀργύριον,
2974 1491 3071 1546 καὶ
3089 1490 3392 1562 λαμϐάνεις
3413 1491 3570 1562 βασι-

1966 1571 2119 1626 λείαν
2139 1571 2418 1645 οὐρανῶνο
2443 1571 2592 1638 λύεις
2624 1573 2839 1638 πενίαν,
2864 1573 2962 1628 καὶ
2981 1573 3378 1639 καταλλάττεις
3407 1589 3571 1628 σεαυ-

1964 1652 2045 1725 τῷ
2094 1654 2187 1708 τὸν
2225 1656 2528 1727 Δεσπότην.
2577 1654 2746 1729 Ὁρᾷς
2772 1657 2856 1713 δτι
2901 1657 3005 1711 οὐκ
3047 1657 3218 1733 ῖσηέή
3256 1656 3569 1723 ἀντίδοσιςς

1966 1736 2156 1791 Ταῦτα
2185 1737 2282 1791 ἐπὶ
2309 1737 2438 1810 γῆς,
2469 1741 2658 1793 ἐκεῖνα
2686 1742 2746 1794 ἐν
2761 1737 3007 1812 οὐρανιῖι·
3040 1738 3215 1794 ταῦτα
3245 1739 3568 1805 ἀπόλλυται,

1964 1821 2149 1874 ἐκεῖνα
2170 1820 2422 1893 διαμένει
2441 1838 2456 1852 °
2479 1821 2654 1878 ταῦτα
2680 1822 2989 1895 φθείρεται,
3009 1824 3194 1879 ἐκεῖνα
3216 1823 3399 1895 πάσης
3419 1823 3572 1880 ἐστὶν

1964 1903 2217 1977 ἀνώτερα
2234 1904 2532 1971 ἀπωλείας.
2557 1907 2658 1962 Διά
2685 1907 2844 1962 τοῦτο
2865 1907 2961 1962 καὶ
2989 1907 3098 1981 πρδ
3122 1906 3233 1963 τῶν
3257 1907 3440 1978 θυρῶν
3458 1908 3570 1963 τῶν

1962 1985 2133 2043 οἴκων
2162 1989 2274 2044 τῶν
2300 1992 2610 2065 εὐκτηρίων
2631 1992 2870 2065 ἔστησαν
2893 1994 3023 2058 τούς
3045 1992 3290 2066 πένητας
3315 1993 3367 2047 οί
3398 1994 3571 2048 πατέ-

1966 2084 2061 2142 ρες
2077 2073 2128 2126 οί
2154 2073 2436 2147 ἡμέτεροι,
2458 2075 2546 2130 [va
2567 2077 2664 2130 καὶ
2682 2076 2776 2132 τὸν
2796 2075 3138 2149 νωθρότατον
3156 2077 3252 2131 καὶ
3276 2074 3570 2150 ἀπανθρω-

1965 2154 2201 2211 πότατον
2225 2158 2370 2230 αὐτὴ
2418 2158 2531 2215 τῶν
2560 2161 2813 2233 πενήτων
2841 2161 2877 2233 ή
2909 2160 3037 2233 δψις
3087 2160 3228 2234 πρὸς
3255 2159 3568 2232 ὑπόμνησιν

1963 2239 2156 2314 ἐγείρῃ
2197 2241 2298 2314 τῆς
2350 2243 2746 2318 ἐλεημοσύνης.
2781 2245 2953 2301 Ὅταν
2979 2245 3091 2319 γάρ
3145 2246 3352 2319 ἑστήκῃ
3405 2245 3571 2320 χορὸς

1962 2325 2238 2398 γερόντων
2261 2369 2279 2396 ,
2331 2331 2794 2399 συγκεκυφότων,
2837 2331 3008 2403 ῥάκια
3053 2329 3565 2404 περιϐεϐλημένων,

1963 2409 2304 2481 αὐχμὼντων
2323 2451 2341 2477 ,
2390 2411 2722 2485 ῥυπῶντων,
2760 2414 3063 2489 βακτηρίας
3093 2413 3328 2485 ἐχόντων
3348 2453 3366 2477 ,
3413 2413 3567 2485 μόλις

1966 2491 2322 2566 στηρίζεσθαι
2350 2495 2687 2569 δυναμένων,
2713 2498 2976 2564 πολλάκις
3007 2497 3066 2553 δι
3091 2497 3190 2552 καὶ
3209 2497 3338 2562 τούς
3362 2495 3568 2568 ὀφθαλ-

1967 2578 2104 2648 μοὺς
2129 2577 2562 2652 ἐκκεκομμένων
2585 2622 2601 2646 ,
2631 2582 2727 2636 καὶ
2777 2581 2841 2636 τὸ
2885 2581 3050 2654 σῶμα
3082 2581 3205 2637 δλον
3239 2581 3566 2654 ἀναπήρων.

1963 2659 2048 2724 τίς
2071 2658 2216 2715 οὕτω
2242 2661 2466 2727 λίθινος,
2498 2663 2583 2728 τίς
2609 2663 2783 2729 οὕτως
2816 2664 3053 2738 ἀδάμας,
3087 2664 3164 2730 ὠς
3193 2665 3297 2738 καὶγ
3320 2663 3420 2735 τῆς
3447 2663 3580 2734 ήλιο.

1963 2742 2122 2808 κίας,
2153 2744 2249 2798 καὶ
2290 2744 2392 2816 τῆς
2446 2745 2734 2813 ἀσθενείας
2757 2787 2773 2812 ,
2823 2737 3059 2820 καὶτῆς
3423 2786 3440 2813 ,
3472 2747 3568 2802 καὶ

1962 2827 2063 2897 τῆς
2090 2828 2317 2894 πενίας,
2368 2831 2465 2884 καὶ
2506 2831 2609 2902 τῆς
2659 2832 2912 2899 εὐτελοῦς
2948 2826 3183 2905 στολῆς,
3219 2833 3316 2904 καὶ
3345 2831 3568 2886 πάντων

1963 2910 2152 2974 ἁπλῶς
2178 2911 2316 2983 πρὸς
2350 2911 2701 2984 συμπάθειαν
2724 2916 3077 2971 ἐπικλώντων
3097 2915 3283 2979 αὐτὸν,
3310 2915 3568 2985 ἀντιστῆ-

1964 3009 2052 3046 ναι
2086 2994 2182 3047 καὶ
2239 2997 2420 3065 μεῖναι
2467 2996 2606 3068 πρὸς
2635 2997 2855 3053 ἅπαντα
2892 2999 3076 3054 ταῦτα
3121 2998 3433 3064 ἀνένδοτοςς
3467 3000 3569 3054 Διά

1962 3076 2136 3130 ταῦτα
2177 3077 2284 3149 πρὸ
2316 3077 2428 3131 τῶν
2461 3078 2643 3152 θυρῶν
2676 3081 2835 3152 ήμῶν
2864 3083 3135 3154 ἑστήκασι
3163 3081 3367 3147 παντὸς
3401 3082 3566 3151 λόγου

1961 3158 2321 3232 δυνατώτεροι
2345 3200 2361 3223 ,
2395 3161 2484 3215 διὰ
2521 3163 2622 3232 τῆς
2651 3164 2827 3233 ὅψεως
2869 3166 3278 3238 ἐπισπώμενοι,
3308 3165 3448 3238 πρὸς
3474 3182 3567 3236 φι-

1962 3240 2316 3313 λανθρωπίαν
2354 3244 2483 3307 τοὺς
2522 3246 2806 3310 είσιόντας-
2840 3247 3255 3319 ἐκκαλούμενοι.
3291 3248 3568 3321 καθάπερ

1961 3324 2074 3395 γάρ
2103 3327 2314 3402 κρήνας
2335 3322 2478 3381 εἶναι
2498 3331 2557 3381 ἐν
2579 3333 2700 3393 ταῖς
2727 3331 2918 3395 αὐλαῖς
2936 3331 3050 3385 τῶν
3074 3333 3384 3405 εὐκτηρίων
3401 3335 3568 3388 οίκων

1961 3411 2298 3480 νενόμισται,
2337 3413 2426 3467 ἵνα
2451 3414 2502 3466 οί
2537 3413 2826 3485 μέλλοντες
2858 3415 3119 3487 εθχεοθαι
3147 3417 3226 3489 τῷ
3252 3415 3396 3488 Θεῷ,
3434 3418 3570 3489 πρό-

1960 3510 2122 3564 τερον
2152 3496 2554 3567 ἀπονιψάμενοι
2582 3498 2684 3561 τάς
2714 3502 2906 3569 χεῖρας
2924 3541 2940 3566 ,
2971 3498 3147 3564 οὕτως
3168 3501 3343 3564 αὐτάς
3367 3501 3449 3564 είς
3475 3502 3568 3553 εὐο

1961 3579 2066 3650 χὴν
2090 3579 2447 3634 ἀνατείνωσιν
2474 3597 2487 3612 ’
2524 3581 2668 3635 οὕτω
2719 3583 2815 3636 καὶ
2844 3584 2972 3647 τοὺς
3017 3585 3261 3654 πένητας
3298 3585 3421 3638 ἀντὶ
3460 3601 3567 3657 πη-

1961 3661 2076 3730 γῶν
2103 3664 2197 3716 καὶ
2228 3662 2446 3734 κρηνῶν
2475 3662 2713 3734 ἔστησαν
2739 3666 2790 3719 οί
2821 3666 3059 3737 πατέρες
3091 3668 3199 3738 πρὸ
3224 3667 3334 3721 τῶν
3359 3667 3564 3741 θυρῶν,

1962 3746 2051 3810 ἶν’,
2088 3745 2278 3818 ῶσπερ
2305 3745 2459 3801 ὕδατι
2491 3748 2593 3813 τάς
2624 3753 2813 3822 χεῖρας
2839 3751 3214 3822 ἀπονίπτομεν
3234 3792 3248 3817 ,
3289 3751 3434 3807 οῦτω
3472 3772 3564 3824 φι-

1961 3829 2283 3903 λανθρωπία
2308 3831 2407 3904 τὴν
2428 3830 2608 3904 ψυχὴν
2636 3834 3054 3906 ἀποσμήχοντες
3075 3834 3364 3909 πρότερον,
3389 3835 3567 3905 οῦτως

1963 3914 2274 3986 εὐχώμεθα.

2037 4008 2126 4079 ιβ’.
2168 4010 2305 4064 Οὐδέ
2321 4010 2432 4082 γάρ
2450 4010 2624 4075 οὕτως
2640 4011 2835 4076 ὕδατος
2851 4011 3015 4084 φύσις
3029 4014 3323 4070 ἀπονίπτει
3339 4015 3567 4088 κηλῖδας

1964 4092 2242 4164 σώματος,
2273 4096 2348 4159 ὡς
2383 4095 2760 4176 ἐλεημοσύνης
2788 4095 3020 4169 δύναμις
3048 4100 3365 4172 ἀποσμήχει
3391 4100 3566 4176 ῥύπον

1961 4176 2140 4246 ψυχῆς
2170 4177 2404 4250 ,Ὥσπερ
2435 4173 2532 4233 οὖν
2567 4179 2627 4232 οὐ
2657 4180 2864 4252 τολμᾷς
2891 4181 3143 4248 ἀνίπτοις
3171 4187 3360 4256 χερσὶν
3385 4173 3564 4238 είσελ-

1965 4258 2074 4312 θὼν
2093 4257 2377 4329 εὐξασθαι,
2400 4261 2580 4316 καίτοι
2600 4262 2904 4318 ἔλαττοντὸ
2928 4264 3184 4336 ἔγκλημα
3204 4269 3402 4330 ἐκεῖνο,
3419 4265 3566 4320 οὕτω

1966 4344 2105 4414 μήτε
2144 4345 2311 4416 χωρὶς
2342 4343 2716 4418 ἐλεημοσύνης
2740 4348 2828 4400 ἐπ’
2863 4348 3031 4420 εὐχὴν
3055 4348 3216 4423 ἔλθῃς
3246 4351 3398 4406 ποτέ.
3432 4352 3566 4405 Καί-

1963 4444 2046 4480 τοι
2075 4428 2166 4480 καὶ
2193 4428 2442 4499 καθαρὰς
2477 4429 2741 4495 πολλάκις
2771 4431 2989 4502 ἔχοντες
3016 4432 3115 4497 τὰς
3142 4438 3352 4506 χεῖρας.
3388 4434 3455 4490 ἂν
3486 4436 3562 4508 μὴ

1964 4511 2231 4582 πρότερον
2261 4510 2432 4576 αὐτὲις
2453 4513 2856 4583 ἀποπλύνωμεν
2882 4514 3056 4579 ῦδατι,
3084 4519 3187 4571 οὐκ
3207 4520 3564 4590 ἀνατείνομεν

1964 4595 2043 4658 είς
2070 4593 2238 4663 εὐχήν
2261 4609 2275 4623 ·
2309 4595 2566 4649 τοσοῦτόν
2599 4598 2748 4651 ἐστιν
2789 4600 2822 4668 ή
2855 4599 3130 4670 συνήθεια.
3162 4599 3336 4654 Τοῦτο
3381 4602 3563 4656 τοίνυν

1963 4676 2059 4729 καὶ
2079 4676 2172 4728 ἐπὶ
2199 4676 2306 4755 τῆς.
2326 4678 2700 4752 ἐλεημοσύνης
2723 4679 2966 4752 ποιῶμεν
2989 4698 3002 4712 ·
3030 4683 3133 4737 κᾶν
3159 4685 3324 4755 μηδὲν
3346 4685 3561 4751 ἑαυτοῖς

1963 4759 2277 4834 ὦμενβθο]
2301 4763 2602 4828 συνειδότες
2628 4767 2769 4835 μέγα
2794 4765 3125 4837 ἁμάρτημα,
3143 4769 3295 4840 ὅμως
3315 4769 3564 4842 ἀποσμήο

1963 4863 2148 4916 χωμεν
2199 4846 2260 4898 τὸ
2295 4845 2536 4910 συνειδὸς
2568 4847 2655 4901 διὰ
2680 4847 2780 4918 τῆς
2813 4849 3204 4921 ἐλεημοσύνης.
3241 4852 3420 4907 nom
3451 4853 3562 4908 ἀπὸ

1963 4929 2294 5001 τῆεὰγορᾶς
2320 4930 2621 4986 ἐπεσπάσω
2652 4932 2832 4985 δεινάο
2862 4933 3058 5006 ἐχθρὸς
3084 4935 3395 5007 παρώξυνε,
3412 4936 3564 4992 δικα-

1966 5018 2097 5088 στὴς
2126 5018 2407 5088 ἠνάγκασέ
2430 5036 2485 5073 τι
2516 5021 2742 5090 ποιῆσαι
2771 5021 2880 5075 τῶν
2907 5022 2968 5075 οὐ
3007 5024 3397 5095 προσηκόντων
3421 5041 3562 5097 πρα-

1963 5107 2216 5175 γμάτων,
2269 5108 2493 5178 ῥήματα
2541 5108 2800 5174 πολλάκις
2845 5109 3100 5175 ἐξέϐαλες
3153 5111 3352 5180 ἄτοπα,
3409 5115 3563 5184 φίλος

1963 5195 2314 5267 ἐδυσώπησεν
2365 5197 2706 5268 ἐργάσασθαί
2752 5217 2805 5253 τι
2844 5200 2952 5253 τῶν
2985 5202 3265 5273 ἁμαρτίαν
3302 5205 3558 5276 ἐχόντων.

1963 5282 2128 5354 ἐτερα
2164 5286 2517 5356 προσετρίψω
2551 5287 2720 5341 πολλά
2742 5330 2757 5352 ,
2800 5283 2889 5342 οἷα
2935 5290 3084 5354 εἰκὸς
3113 5290 3400 5362 ἄνθρωπον
3431 5292 3563 5348 ὄντα

1966 5371 2414 5441 προστρίϐεσθαι,
2449 5377 2508 5427 ἐν
2542 5375 2719 5446 ἀγορᾷ
2754 5378 3120 5448 στρεφόμενον
3146 5422 3160 5445 ,
3189 5379 3564 5451 δικαστηρίοις

1966 5459 2417 5529 προσεδρεύοντα,
2435 5461 2507 5515 τά
2533 5463 2633 5533 τῆς
2662 5465 2871 5528 πόλεως
2899 5466 3210 5538 πράττοντα
3232 5468 3561 5541 πράγματα·

1966 5547 2105 5616 ὑπὲρ
2129 5547 2336 5602 τούτων
2357 5549 2615 5604 ἀπάντων
2641 5551 2866 5624 είσέρχῃ
2887 5554 2980 5607 τὸν
3009 5554 3144 5608 Θεὸν
3173 5558 3412 5627 αἰτήσων
3435 5572 3564 5626 συγ-

1964 5633 2193 5706 γνώμην
2248 5637 2343 5690 καὶ⁵
2380 5637 2880 5711 ἀπολογησόμενος.
2925 5643 3215 5698 Κατάδαλε
3253 5644 3434 5698 τοίνυν
3461 5646 3564 5716 ἀρ-

1965 5721 2153 5794 γύριον
2194 5724 2274 5788 εἰς
2298 5723 2397 5788 τὰς
2424 5725 2534 5779 τῶν
2573 5728 2825 5798 πενήτων
2854 5731 3042 5802 χεῖρας
3061 5773 3076 5795 ,
3117 5733 3211 5786 καὶ
3243 5733 3565 5805 ἀπόσμηξον

1964 5811 2064 5878 τὰς
2098 5810 2322 5886 κηλῖδας
2365 5815 2614 5881 ὲκείνας,
2649 5816 2737 5871 ἵνα
2791 5819 2930 5890 μετὰ
2965 5822 3278 5894 παρρησίας
3325 5824 3561 5894 καλέσης

3115 5941 3190 6003 19
