4088 6402
271 349 369 406 591

267 479 398 520 cum
433 462 724 546 t/onsessui
751 464 1051 530 intersunt,
1089 479 1202 520 rem
1229 463 1414 536 populi
1438 463 1860 521 administrant:

272 571 376 626 pro
399 555 488 611 his
503 555 762 612 omnibus
778 555 1000 612 accedis
1013 555 1184 612 Deum
1201 565 1553 619 exoraturus,
1565 565 1622 612 et
1645 557 1860 612 veniam

266 648 562 717 petiturus.
584 646 728 719 Ergo
766 648 835 703 da
857 649 1148 718 pecuniam
1170 649 1226 703 in
1245 664 1440 704 manus
1465 664 1786 719 pauperum,
1804 656 1864 705 et

268 738 527 809 absterge
545 739 668 794 illas
687 741 954 806 maculas,
983 749 1042 794 ut
1065 755 1187 794 cum
1207 741 1402 796 ﬁducia
1419 742 1639 797 invocas
1659 756 1860 813 rogans

269 829 426 884 illum
461 832 557 900 qui
597 840 780 899 potest
817 832 934 888 haec
974 832 1073 888 tibi
1116 841 1340 903 peccata
1375 835 1678 889 remittere.
1719 833 1776 888 Si
1807 840 1862 890 te

266 920 640 978 assuefeceris
681 937 983 995 numquam
1021 926 1142 981 sine
1183 925 1528 998 eleemosyna
1557 941 1716 982 sacra
1745 926 1861 980 haec

264 1010 545 1065 vestibula
587 1013 821 1078 intrare,
848 1028 948 1070 nec
986 1021 1206 1086 sponte,
1260 1014 1470 1070 invitus
1505 1029 1766 1085 umquam
1792 1013 1866 1070 ab

266 1099 376 1155 hoc
403 1098 551 1156 bono
579 1115 749 1173 opere
775 1104 1083 1161 abstinebis
1107 1123 1121 1160 :
1151 1112 1365 1160 tantum
1392 1107 1538 1162 valet
1559 1113 1862 1162 consuetu-

252 1188 345 1242 do.
378 1187 447 1242 Et
463 1191 602 1245 sicut
623 1192 1126 1262 quomodocumque
1145 1207 1205 1247 se
1225 1206 1313 1248 res
1338 1192 1551 1259 habeat,
1573 1207 1861 1262 numquam

251 1279 492 1335 sustines
535 1281 697 1336 illotis
740 1281 987 1338 manibus
1030 1281 1268 1351 precari,
1300 1290 1645 1354 posteaquam
1691 1283 1861 1338 semel

251 1375 696 1432 consuetudinem
720 1376 856 1432 hanc
872 1379 1162 1447 usurpasti,
1182 1379 1248 1431 ita
1267 1379 1427 1432 etiam
1452 1378 1504 1431 in
1523 1378 1862 1450 eleemosyna

251 1469 299 1522 si
328 1466 467 1524 hanc
497 1468 668 1540 legem
706 1469 799 1524 tibi
834 1469 1147 1538 prmﬁxeris,
1187 1471 1371 1525 volens
1403 1469 1594 1526 nolens
1623 1470 1863 1539 quotidie

254 1559 401 1615 illam
445 1561 711 1631 implebis,
759 1561 872 1632 ipsa
901 1562 1288 1618 consuetudine
1315 1563 1378 1616 ad
1412 1563 1514 1616 hoc
1542 1572 1859 1633 pertractus.

326 1651 569 1709 Precatio
611 1672 726 1708 cum
775 1656 893 1725 igne
933 1656 1140 1709 collata.
1171 1685 1244 1696 —
1271 1654 1413 1726 Ignis
1458 1666 1540 1710 est
1585 1658 1859 1724 precatio,

253 1745 525 1813 praecipue
552 1760 672 1798 cum
704 1761 732 1799 a
765 1745 1016 1816 vigilante
1045 1756 1099 1800 et
1125 1747 1302 1802 sobria
1348 1757 1525 1802 mente
1568 1746 1863 1814 proﬁcisci-

242 1844 341 1896 ,tur
374 1853 387 1886 :
420 1833 514 1888 sed
563 1835 698 1904 ignis
727 1836 828 1892 iste
868 1850 1003 1906 opus
1033 1836 1194 1891 habet
1237 1837 1381 1901 oleo,
1413 1846 1469 1890 ut
1496 1837 1560 1890 ad
1593 1837 1702 1904 ipsa
1746 1839 1859 1891 ca-li

253 1940 495 1980 convexa
545 1928 863 1997 perveniat:
893 1937 1151 1983 ceterum
1198 1929 1396 1993 oleum,
1443 1945 1550 1999 quo
1591 1928 1726 1999 ignis
1775 1928 1862 1983 hic

253 2015 500 2081 fovetur,
545 2033 650 2073 non
699 2020 840 2073 aliud
887 2027 969 2074 est
1015 2035 1174 2090 quam
1223 2020 1587 2090 cleemOSyna.
1636 2020 1862 2076 Affuude

253 2107 412 2176 igitur
437 2108 616 2163 oleum
647 2112 750 2164 hoc
779 2111 1016 2181 largiter,
1046 2120 1099 2164 ut
1125 2111 1459 2165 exhilaratus
1485 2112 1585 2166 hoc
1606 2123 1698 2165 tuo
1718 2116 1860 2166 bono

853 346 940 402 DE
981 345 1232 403 VERBIS
1258 345 1626 415 APOSTOLI,
1653 346 1847 404 UTINA

1958 339 2438 399 SUSTINERETIS
2476 340 2810 411 Μουιεωί,
2851 341 3008 400 E'l'C.

3466 336 3572 395 302

1967 471 2154 527 opere,
2186 473 2310 514 cum
2354 457 2559 528 majore
2586 456 2865 513 alacritate
2905 456 3269 528 precationem
3299 460 3443 508 tuam
3473 450 3574 506 ab-

1965 547 2165 602 solvas.
2210 546 2363 610 Sicut
2401 549 2546 604 enim
2590 547 2683 618 qui
2727 547 2927 602 nullius
2973 544 3130 601 bona;
3180 543 3257 599 rei
3304 542 3408 598 sibi
3449 551 3575 597 sunt

1965 642 2188 708 conscii,
2222 641 2365 697 nulla
2405 656 2530 696 cum
2577 639 2772 696 ﬁducia
2815 639 3024 710 precari
3069 643 3338 707 possunt:
3367 635 3439 689 ita
3483 640 3573 702 qui

1968 735 2106 791 bene
2135 734 2338 806 aliquid
2385 742 2632 805 egerunt,
2661 741 2715 789 et
2745 739 2866 805 post
2891 733 2993 787 ista
3038 743 3204 808 popera
3246 727 3315 783 ad
3341 739 3575 797 precan-

1964 829 2093 885 dum
2124 843 2184 884 se
2228 827 2531 893 conferunt,
2563 827 2672 882 laeti
2709 824 3082 882 recordatione
3112 822 3248 878 bene
3272 829 3572 891 gestorum,

1966 919 2170 989 majore
2194 933 2318 974 cum
2346 917 2624 974 alacritate
2648 915 3095 987 supplicationem
3120 927 3274 969 suam
3314 910 3573 966 offerunt.

1967 1010 2036 1067 Ut
2069 1011 2231 1080 igitur
2273 1009 2374 1065 hac
2416 1024 2631 1080 quoque
2674 1016 2828 1079 parte
2867 1006 3208 1063 efﬁcaciores
3248 1005 3357 1059 sint
3383 1015 3576 1074 preces

1966 1111 2188 1168 nostra),
2218 1083 2471 1156 nimirum
2516 1110 2698 1156 mente
2727 1114 2825 1170 per
2863 1095 3233 1153 beneﬁcentia
3259 1093 3573 1150 memoriam

1966 1193 2216 1256 excitata.
2245 1208 2367 1248 cum
2395 1193 2739 1264 cicemosyna
2767 1190 2834 1246 ad
2863 1187 3190 1262 precandum
3229 1185 3572 1242 accedamus.

1966 1295 2020 1342 et
2049 1285 2336 1357 diligenter
2364 1285 2542 1340 omnia
2586 1298 2706 1355 quae
2735 1282 2878 1338 dicta
2907 1289 3033 1337 stmt
3075 1280 3130 1334 in
3161 1277 3419 1334 memoria
3449 1275 3578 1331 reti-

1968 1394 2213 1441 neamus.
2255 1384 2309 1432 et
2338 1387 2464 1432 ante
2493 1376 2674 1430 omnia
2719 1374 2865 1428 illam
2912 1384 3206 1443 pauperum
3249 1368 3574 1438 imaginem,

1967 1485 2071 1540 qua
2101 1485 2196 1524 eos
2225 1467 2333 1521 dixi
2359 1481 2458 1538 pro
2491 1464 2697 1521 foribus
2720 1464 2942 1520 oratorii
2985 1461 3306 1526 consistere,
3341 1456 3570 1527 idipsnm

1968 1562 2246 1616 inanima:
2277 1575 2430 1614 llSIIIli
2476 1566 2815 1629 prtestantes,
2847 1553 2989 1626 quod
3033 1553 3088 1608 in
3132 1549 3374 1622 corporis
3418 1562 3575 1604 usum

1969 1653 2091 1708 fons
2117 1652 2354 1708 exhibet.
2377 1651 2436 1707 Si
2463 1656 2605 1706 enim
2629 1651 2821 1704 horum
2851 1660 3120 1702 memores
3143 1645 3397 1700 continue
3420 1654 3576 1694 men-

1970 1751 2075 1798 tem
2107 1743 2454 1806 abluerimus,
2485 1740 2777 1811 poterimus
2808 1747 2864 1793 et
2892 1751 3053 1808 puras
3084 1749 3270 1806 preces
3296 1732 3364 1788 ad
3396 1731 3573 1786 Domi-

1970 1852 2095 1890 num
2131 1836 2386 1904 allegare,
2417 1833 2638 1888 multam
2664 1830 2804 1900 apud
2838 1831 3004 1885 Deum
3029 1826 3275 1883 ﬁduciam
3304 1825 3574 1888 obtinere,

1967 1938 2024 1983 et
2073 1928 2289 1982 cmleste
2339 1940 2561 1995 regnum
2607 1927 2887 1993 consequi,
2934 1922 3103 1991 gratia
3147 1931 3204 1998 et
3249 1918 3575 1988 benignitate

1973 2018 2180 2072 Domini
2213 2018 2384 2072 nostri
2415 2013 2542 2072 JcSu
2569 2015 2790 2081 Christi,
2819 2014 2904 2070 cui
2931 2013 3101 2084 gloria
3126 2022 3182 2067 et
3207 2010 3492 2081 imperium
3519 2007 3573 2061 in

1969 2111 2165 2164 szrcuia
2188 2109 2531 2164 smcuiorum.
2560 2109 2756 2162 Amen.

763 2639 1061 2705 UTINAM
1101 2645 1651 2709 SUSTINERETIS
1692 2649 2039 2713 MODICUM
2082 2652 2267 2725 QUID
2308 2654 2789 2716 INSIPIENTLE
2831 2656 3034 2718 MEIE.

263 2860 391 2903 cum
429 2849 808 2908 moderatione
837 2855 1208 2923 praestandum
1245 2871 1388 2914 esse.
1419 2856 1661 2930 ldipsum
1706 2877 1838 2918 vero
1882 2864 2173 2919 conﬁrmat
2205 2867 2459 2937 exemplo
2497 2866 2719 2925 Davidis
2754 2877 2811 2923 et
2863 2867 3137 2925 Samuelis
3166 2887 3181 2924 ε
3215 2878 3272 2925 et
3311 2868 3450 2924 nihil
3479 2883 3541 2924 ve

266 2961 447 3017 obiter
471 2967 666 3037 tangit,
690 2982 801 3039 quo
833 2969 1131 3028 internosci
1159 2974 1336 3030 valeat
1367 2975 1745 3034 Antiochiaene
1773 2995 1842 3035 an
1876 2979 2354 3051 Constantinopoli
2397 2983 2538 3041 hanc
2571 2985 2892 3041 concionem
2926 2983 3203 3041 habuerit.

320 3097 827 3173 interpretationem
847 3108 1042 3166 incerti
1057 3111 1508 3183 cujusdam,'qua3
1525 3114 1709 3171 minus
1726 3114 1864 3172 bene
1881 3117 2210 3172 concinnata
2231 3126 2368 3183 erat,
2386 3119 2777 3190 expunximus,
2799 3135 3108 3192 novamque
3127 3119 3540 3176 adornavimus.

296 3364 436 3375 —-_
451 3369 478 3375 -
494 3369 1374 3384 --.ο----ι---
1389 3378 1687 3390 -—-—.—-——
1707 3384 1825 3391 .--~—
1838 3385 1847 3391 -

1984 3385 2301 3394 o——_—

1157 3577 1267 3650 IN
1323 3578 1548 3650 HOC
1599 3579 2121 3688 APOSTOLI
2167 3581 2611 3669 DICTUM,

614 3746 859 3790 crtum
906 3749 1360 3796 susrmsns'rts
1397 3751 1695 3796 uomeuu
1739 3751 1894 3804 eum
1939 3701 2345 3795 iustarum-ul:
2389 3753 2541 3796 atate
2573 3735 2592 3816 (
2620 3734 2682 3796 2.
2729 3735 2882 3798 Cor.
2916 3738 3014 3798 11.
3049 3739 3074 3799 1
3111 3739 3155 3818 ).

1557 3892 1812 3908 ’ἡ

307 4001 360 4053 1.
399 3997 516 4054 Veri
551 4003 741 4055 amoris
771 4004 921 4057 ratio.
945 4034 1018 4045 —
1046 4005 1248 4060 Omnes
1273 4007 1522 4076 equidem
1566 4026 1689 4064 amo
1719 4026 1841 4065 san-

231 4101 372 4157 ctos,
406 4094 642 4150 maxime
684 4111 812 4150 vero
857 4097 1070 4152 beatum
1113 4099 1359 4165 Paulum,
1391 4117 1485 4155 vas
1514 4103 1795 4158 electionis
1823 4145 1838 4169 ,

233 4183 416 4238 tubam
462 4184 756 4249 caelestem,
802 4185 1000 4243 Christi
1048 4189 1371 4258 pronubam.
1419 4189 1476 4246 id
1521 4207 1649 4249 vero
1687 4193 1837 4260 dixi,

232 4280 526 4345 meumque
553 4290 679 4347 erga
723 4277 870 4334 illum
897 4293 1138 4335 amorem
1170 4281 1223 4335 in
1253 4283 1489 4338 medium
1529 4286 1748 4355 protuli,
1782 4295 1841 4340 ut

230 4364 478 4433 ejusdem
503 4382 598 4420 vos
628 4367 916 4439 participes
945 4369 1238 4428 efﬁcerem.
1269 4373 1403 4429 Nam
1430 4377 1519 4446 qui
1551 4391 1837 4448 corporum

228 4472 417 4512 amore
444 4458 690 4529 ﬂagrant,
720 4459 794 4527 id,
825 4473 881 4516 et
907 4464 1028 4532 jure
1053 4464 1288 4534 quidem,
1323 4468 1646 4525 erubescunt
1675 4469 1837 4540 proﬁ-

229 4551 349 4616 teri,
389 4559 574 4622 utpote
597 4553 685 4623 qui
732 4553 810 4608 sic
855 4565 909 4609 et
949 4557 1051 4612 sibi
1101 4559 1383 4629 pudorem,
1428 4572 1483 4616 et
1510 4564 1718 4618 creteris
1746 4563 1839 4620 da-

229 4657 415 4696 mnum
463 4642 693 4699 inierant
726 4646 857 4716 :qui
889 4663 1016 4703 vero
1038 4651 1298 4720 spirituali
1325 4653 1516 4707 ardent
1537 4669 1742 4724 angore,
1785 4655 1835 4710 id

227 4735 382 4792 interi
413 4751 705 4808 numquam
733 4751 950 4796 cessent
984 4761 999 4797 :
1029 4743 1227 4798 etenim
1269 4753 1322 4797 et
1351 4745 1450 4799 sibi
1478 4755 1533 4800 et
1574 4747 1837 4804 auditori-

231 4833 325 4882 bus
379 4829 496 4900 suis
548 4829 648 4884 hac
710 4832 930 4898 pulchra
992 4832 1332 4890 confessione
1377 4837 1693 4905 proderunt.
1742 4839 1837 4896 Ille

229 4934 465 4989 namque
495 4934 651 4972 amor
687 4922 891 4975 crimen
919 4931 1023 4989 est,
1069 4923 1156 4978 hic
1185 4940 1314 4983 vero
1343 4925 1516 4982 laudis
1547 4941 1835 5000 argumené

226 5021 337 5064 tum
365 5028 382 5066 :
413 5010 504 5067 ille
550 5023 607 5066 ut
651 5013 870 5068 morbus
913 5015 1107 5069 animm
1153 5017 1292 5072 male
1340 5019 1508 5084 audit,
1559 5021 1643 5076 hic
1671 5023 1834 5078 animi

226 5103 413 5158 hetitia
439 5112 545 5168 est,
572 5102 881 5171 exsultatio,
908 5115 964 5161 et
989 5118 1207 5161 ornatus
1233 5110 1499 5178 optimus:
1523 5112 1611 5166 ille
1638 5113 1832 5167 bellum

225 5194 275 5246 in
306 5195 604 5248 amantium
637 5205 868 5249 mentem
902 5197 1124 5261 inducit,
1161 5197 1246 5252 hic
1273 5200 1315 5252 si
1347 5199 1491 5269 quod
1523 5203 1591 5256 sit
1635 5203 1832 5260 bellum

223 5287 490 5351 eliminat,
523 5287 576 5340 in
619 5302 917 5358 magnaque
967 5305 1098 5359 pace
1124 5293 1401 5346 constituit
1445 5304 1734 5350 amatores.
1771 5298 1834 5351 Et

225 5377 354 5433 hinc
402 5379 544 5434 nulla
593 5383 837 5449 provenit
869 5382 1105 5446 utilitas,
1135 5384 1229 5438 sed
1275 5386 1438 5440 multa
1483 5391 1829 5456 pecuniarum

219 5470 446 5540 jactura,
500 5481 744 5542 sumptus
793 5475 986 5542 insani,
1030 5478 1152 5530 vita:
1197 5478 1497 5542 subversio,
1547 5480 1827 5537 donnzrum

223 5575 469 5619 extrema
519 5566 827 5633 pernicies;
862 5567 987 5622 hinc
1017 5569 1259 5639 ingentes
1291 5571 1553 5626 bonorum
1605 5590 1827 5646 operum

223 5657 445 5721 diritifc,
479 5657 688 5713 virtutis
719 5675 907 5730 magna
934 5662 1108 5732 copia.
1141 5663 1219 5715 Ad
1253 5663 1366 5718 hazc
1406 5682 1536 5721 vero
1565 5667 1828 5723 formoso-

221 5762 340 5804 rum
358 5763 648 5820 corporum
668 5763 953 5823 amatores,
974 5755 1061 5828 qui
1083 5755 1147 5814 ad
1171 5755 1391 5815 decoras
1416 5759 1575 5817 facies
1600 5761 1823 5829 inhiant,

1818 3874 2222 3931 παθη.

1951 4015 1996 4069 si
2028 4024 2210 4085 turpes
2238 4015 2338 4084 ipsi
2369 4015 2476 4071 sint
2506 4029 2570 4071 ac
2595 4015 2886 4082 deformes,
2918 4017 3047 4073 nihil
3089 4034 3154 4074 es
3195 4035 3380 4075 earum
3409 4023 3564 4091 cupi-

1951 4103 2077 4161 dine
2103 4107 2169 4160 ad
2197 4105 2593 4162 deformitatem
2621 4122 2772 4162 suam
2793 4109 3226 4165 commutandam
3245 4111 3560 4182 lucramur;

1951 4197 2044 4250 sed
2075 4213 2142 4254 ex
2186 4199 2588 4268 comparatione
2635 4198 2900 4267 turpiores
2946 4201 3403 4273 deformioresque
3441 4221 3563 4261 esse

1950 4288 2200 4344 videntur
2232 4306 2243 4343 :
2275 4299 2463 4345 contra
2491 4306 2619 4346 vero
2647 4292 2838 4348 accidit
2864 4294 2916 4348 in
2949 4293 3050 4350 hoc
3077 4309 3280 4351 amore.
3314 4296 3444 4350 Nam
3471 4301 3560 4368 qui

1949 4393 2218 4451 sanctam,
2251 4383 2564 4448 formosam,
2614 4385 2951 4454 splendidam
2991 4397 3046 4443 et
3088 4389 3340 4445 decoram
3389 4392 3564 4462 diligit

1949 4474 2206 4541 animam,
2229 4476 2330 4530 etsi
2356 4475 2614 4532 deformis
2637 4477 2725 4533 ille
2748 4479 2838 4546 sit,
2864 4481 2962 4535 etsi
2984 4481 3222 4536 omnium
3252 4483 3556 4538 mortalium

1951 4567 2312 4636 turpissimus,
2359 4569 2412 4623 in
2459 4583 2764 4626 sanctorum
2809 4588 2994 4628 amore
3039 4589 3420 4644 perseverans,
3453 4579 3559 4631 cito

1949 4657 2071 4712 talis
2099 4659 2225 4725 erit,
2274 4660 2448 4730 qualis
2495 4661 2541 4716 is
2579 4663 2669 4732 qui
2702 4672 2932 4719 amatur.
2983 4663 3037 4720 Id
3069 4667 3209 4720 enim
3252 4677 3334 4721 est
3361 4667 3558 4722 divinm

1947 4748 2293 4821 benignitatis
2336 4768 2493 4822 opus,
2525 4754 2669 4824 quod
2699 4770 2896 4826 corpus
2920 4757 3164 4814 deforme
3206 4767 3260 4813 et
3308 4761 3555 4816 mutilum

1949 4849 2180 4911 nequeat
2221 4843 2538 4910 emendari,
2580 4847 2755 4900 anima
2803 4863 2929 4902 vero
2975 4850 3144 4918 turpis
3187 4864 3252 4905 ac
3296 4849 3558 4907 deformis;

1946 4933 2228 5001 splendida
2271 4933 2574 5004 decoraque
2622 4938 2790 5006 possit
2835 4939 2998 4995 efﬁci.
3031 4941 3107 4996 Ex
3157 4942 3558 5010 pulchritudine

1945 5025 2090 5080 enim
2118 5024 2260 5080 illius
2281 5027 2412 5081 nihil
2436 5028 2566 5083 lucri
2607 5030 2892 5098 provenit,
2923 5047 2986 5086 ex
3029 5034 3424 5102 pulchritudine
3458 5051 3556 5091 att-

1948 5125 2053 5171 tem
2095 5118 2290 5173 animm
2336 5129 2413 5175 tot
2461 5132 2684 5191 possunt
2712 5125 2929 5195 excerpi
2979 5125 3139 5192 bona,
3171 5137 3302 5197 quot
3348 5144 3443 5197 par
3471 5138 3552 5187 est

1944 5211 2188 5268 obtinere
2234 5230 2379 5280 eum,
2414 5217 2501 5286 qui
2535 5217 2701 5272 Deum
2751 5229 3046 5275 amatorem
3094 5220 3308 5276 habeat.
3341 5222 3416 5276 De
3449 5221 3549 5276 hac

1943 5305 2344 5372 pulchritudine
2367 5307 2532 5362 David
2552 5309 2603 5362 in
2629 5309 2853 5365 Psalmis
2875 5327 3076 5365 canens
3103 5313 3172 5366 ait
3201 5333 3214 5368 :
3243 5315 3392 5378 Audi,
3413 5315 3547 5381 ﬁlia,

1942 5405 1989 5449 et
2016 5397 2147 5462 vide,
2176 5409 2222 5453 et
2249 5400 2440 5454 inclina
2467 5417 2641 5455 curent
2677 5413 2836 5469 tuam,
2885 5414 2932 5457 ct
2960 5404 3250 5460 obliviscere
3304 5407 3548 5477 populum

1941 5497 2108 5553 tuum,
2139 5500 2187 5543 et
2209 5491 2413 5545 domum
2443 5495 2601 5562 patris
2631 5496 2704 5548 tui
2733 5511 2750 5546 :
2777 5506 2823 5550 et
2862 5499 3183 5565 concupiscet
3209 5516 3296 5552 rex
3321 5510 3550 5552 decorem

1941 5588 2082 5634 tuum
2116 5581 2286 5653 (Psat.
2321 5585 2408 5639 41.
2445 5589 2530 5640 il.
2567 5587 2649 5657 i9.)
2688 5607 2699 5640 :
2734 5587 2985 5646 decorem
3035 5589 3122 5645 hic
3164 5593 3355 5645 anima:
3383 5593 3545 5659 dicit,

1938 5673 2030 5741 qui
2057 5673 2254 5730 virtute
2285 5678 2585 5749 pietateque
2611 5682 2972 5737 constituitur.

2007 5766 2061 5823 2.
2091 5766 2225 5824 Cum
2252 5785 2380 5842 ergo
2413 5783 2614 5831 tantum
2643 5777 2710 5830 sit
2734 5776 2941 5832 lucrum
2974 5779 3056 5847 iis,
3077 5782 3315 5852 quicum
3337 5782 3543 5837 sanctis
