4074 6400
533 330 635 391 503

529 445 910 503 communione
929 449 1244 521 junguntur,
1266 446 1467 503 amoris
1489 447 1595 504 mei
1618 448 1902 520 participes
1923 455 2113 504 estote:

533 537 676 594 hunc
704 547 950 593 unctum
979 553 1186 595 summo
1210 538 1550 595 cum’all‘ectu
1574 540 1873 612 diligamus.
1912 540 2045 597 Nam
2072 543 2117 596 si

536 626 622 683 hic
650 642 803 683 umor
846 628 899 682 in
942 628 1176 682 animum
1218 628 1546 700 ingrediatur
1586 641 1850 699 nostram,
1880 631 2119 703 splendi-

531 716 762 789 damque
790 715 1054 771 ﬂammam
1085 718 1280 773 excitet
1307 736 1324 774 :
1356 720 1401 775 si
1446 721 1573 791 quid
1602 724 1896 793 spinosum,
1923 724 1967 778 si
1992 722 2119 794 quid

532 820 781 862 saxosum
808 808 893 862 vel
919 822 1193 877 asperum,
1222 809 1306 866 vel
1332 812 1602 883 stupidum
1634 813 1686 867 in
1711 813 2119 884 cogitationibus

534 898 731 953 nostris
772 897 1027 967 oﬂeudat,
1058 909 1169 956 tum
1199 902 1249 957 id
1298 904 1605 969 absumens,
1633 913 1742 959 tum
1791 905 1925 961 illud
1946 907 2116 962 emol-

532 986 686 1053 Eiens,
733 988 966 1044 animam
1018 1001 1254 1047 nostram
1304 1009 1406 1049 ceu
1454 996 1647 1065 pingue
1692 1010 1879 1050 arvum
1925 998 2120 1054 div'nz

532 1080 757 1134 sententi
804 1090 984 1150 aptum
1028 1082 1243 1139 efﬁciet.
1274 1083 1384 1141 Nec
1424 1085 1553 1141 mihi
1581 1086 1750 1152 dicas,
1782 1086 1979 1143 Paulus
2022 1104 2120 1145 nec

529 1167 681 1225 adest
710 1187 871 1239 nunc,
905 1188 1003 1229 nec
1029 1176 1198 1230 oculis
1223 1176 1549 1247 conspicitur
1571 1179 1771 1234 nostris
1794 1196 1810 1244 ;
1851 1179 2119 1251 quomodo

531 1260 699 1328 possit
721 1262 888 1317 amari
921 1264 984 1329 is,
1018 1279 1172 1334 quem
1204 1281 1308 1320 non
1340 1267 1627 1323 videmus?
1651 1268 1796 1324 Nihil
1822 1272 1966 1326 enim
1996 1270 2118 1327 huic

527 1351 696 1405 amori
728 1360 811 1407 est
835 1353 1215 1424 impedimento
1245 1375 1258 1410 :
1286 1358 1485 1413 etenim
1513 1370 1573 1416 et.
1590 1361 1863 1418 absentem
1894 1378 2077 1420 amare
2098 1404 2116 1431 ,

526 1447 579 1494 et
607 1454 712 1495 non
736 1453 1085 1512 conspectum
1113 1446 1336 1518 diligere
1383 1464 1683 1519 possumus,
1726 1468 1847 1509 cum
1878 1456 2117 1518 maxime

528 1538 609 1585 tot
636 1541 691 1587 et
719 1534 839 1587 talia
875 1535 1110 1604 quotidie
1140 1538 1350 1592 virtutis
1395 1540 1537 1597 illius
1562 1556 1908 1601 monumenta
1935 1545 2116 1601 videa—

529 1636 668 1688 mus,
714 1639 907 1693 nempe
958 1625 1223 1683 Ecclesias
1269 1629 1464 1700 ubique
1506 1640 1772 1689 terrarum
1817 1636 2113 1704 stabilius,

529 1713 814 1785 impietatis
832 1719 1203 1785 eversionem,
1229 1721 1486 1792 improba:
1508 1724 1632 1781 vita:
1654 1727 1705 1781 in
1728 1726 1918 1784 melius
1944 1738 2117 1786 muta-

530 1805 748 1872 tionem,
783 1812 992 1867 erroris
1033 1813 1427 1883 expulsionem,
1460 1815 1678 1875 dirutas
1720 1834 1861 1887 aras,
1902 1822 2114 1879 occlusa

528 1896 759 1967 templa,
803 1899 1106 1956 daemonum
1157 1903 1447 1959 silentium.
1505 1907 1630 1964 llaec
1676 1911 1873 1981 quippe
1935 1914 2116 1969 omnia

528 1985 673 2040 Pauli
701 1983 886 2043 enicas
918 1990 1118 2062 lingua,
1150 1993 1326 2047 divina
1355 1995 1653 2067 inspirante
1678 2002 1869 2070 gratia,
1899 2000 2113 2057 destru-

526 2082 621 2145 xit,
639 2094 702 2135 ac
723 2081 1059 2152 splendidam
1088 2085 1282 2157 ubique
1311 2087 1517 2155 pietatis
1556 2088 1824 2145 ﬂammam
1848 2093 2112 2149 accendit.

527 2167 656 2224 Cum
702 2179 777 2225 tot
807 2173 1074 2244 tantisque
1102 2176 1267 2246 gestis
1317 2177 1453 2247 ejus,
1484 2178 1680 2234 adsunt
1708 2195 1920 2251 quoque
1948 2191 2115 2238 Sacra:

527 2258 665 2313 illius
690 2261 949 2330 epistolae,
977 2279 1097 2333 qum
1124 2266 1292 2320 beata:
1334 2266 1453 2335 ejus
1477 2268 1668 2322 anima:
1695 2269 1917 2325 formam
1952 2286 2113 2326 accu-

528 2359 641 2404 rate
662 2350 817 2406 nobis
842 2351 1150 2425 depingunt.
1183 2358 1258 2411 Ac
1283 2356 1328 2411 si
1366 2372 1496 2428 ergo
1523 2374 1643 2414 cum
1675 2361 1789 2431 ipso
1816 2362 1980 2416 Paulo
2001 2362 2110 2433 jam

526 2450 787 2508 prmsente
811 2452 866 2499 et
895 2445 1171 2502 nobiscum
1197 2460 1446 2504 versante
1463 2449 1872 2521 dissereremus,
1900 2454 1978 2508 sic
1997 2456 2113 2523 ejus

523 2532 733 2600 scriptis
763 2533 1000 2591 studiose
1044 2538 1501 2608 obtemperemus.
1536 2542 1719 2597 intima
1751 2554 1805 2599 et
1850 2545 2111 2615 profunda

523 2623 873 2693 explicemus,
901 2627 1167 2684 discamus
1193 2631 1319 2701 quid
1348 2633 1475 2687 illud
1518 2635 1588 2689 sit
1613 2636 1755 2706 quod
1786 2635 1945 2705 hodie
1972 2638 2116 2693 voci-

529 2715 804 2773 ferabatur
829 2720 1011 2775 dicens
1043 2740 1057 2775 :
1095 2722 1299 2777 Utinam
1350 2727 1660 2782 sustineretis
1698 2730 1952 2785 modicum
1993 2732 2115 2801 quid

525 2807 828 2875 insipientia.-
866 2826 988 2865 mete
1009 2828 1030 2877 ,'
1054 2812 1145 2867 sed
1185 2822 1232 2866 et
1257 2824 1551 2884 supportate
1594 2833 1671 2870 me
1700 2834 1716 2871 :
1742 2819 1956 2874 autulor
1979 2822 2113 2875 enim

530 2912 611 2951 ros
662 2895 759 2952 Dei
803 2902 1124 2957 aemulatione
1173 2903 1247 2974 (2.
1285 2902 1403 2960 Cor.
1462 2907 1548 2962 11.
1604 2909 1653 2962 1.
1696 2908 1773 2980 2).
1826 2909 1961 2976 Quid
2007 2911 2110 2979 ais,

526 2986 859 3057 Paule3Qui
900 2990 1058 3061 iubis
1104 2992 1393 3064 discipulos
1436 2996 1490 3051 in
1538 2999 1793 3067 sapientia
1841 3000 2113 3056 ambulare

526 3094 649 3151 erga
677 3090 981 3149 extraneos,
1011 3085 1099 3154 qtti
1124 3084 1280 3155 dicis,
1313 3086 1495 3143 Smne
1524 3100 1679 3144 vester
1702 3093 1966 3162 scruperin
1988 3110 2106 3163 gra-

523 3172 593 3226 tia
619 3173 725 3227 sale
750 3173 816 3228 sit
858 3175 1111 3243 conditus,
1158 3186 1213 3232 ut
1262 3179 1432 3234 sciatis
1478 3182 1729 3249 quomodo
1771 3192 1996 3252 aperteat
2029 3200 2115 3238 vos

526 3262 793 3334 unicuique
816 3266 1121 3335 respondere
1147 3266 1368 3334 (Coloss.
1395 3269 1448 3325 4.
1477 3268 1533 3325 5.
1566 3269 1624 3341 6)
1648 3285 1663 3335 ;
1696 3271 1785 3341 qui
1809 3276 2116 3343 apprecaris

524 3356 801 3419 omnibus,
837 3364 895 3411 ut
923 3359 1191 3427 sapientia
1218 3361 1537 3429 repleantur
1576 3358 2115 3435 spirituali'(Coloss.

528 3445 576 3497 1.
596 3444 672 3514 9),
701 3446 813 3514 ipse
835 3446 995 3510 dicis,
1028 3447 1243 3503 Utinam
1262 3452 1589 3505 sustinentis
1613 3454 1871 3507 modicum
1891 3457 2019 3526 quid
2036 3457 2115 3509 iu-

524 3536 781 3605 sipientia:
802 3539 968 3607 mea!
989 3538 1108 3593 Non
1129 3541 1263 3596 satis
1284 3551 1403 3597 erat
1420 3542 1520 3597 tibi
1538 3544 1761 3613 aliquod
1780 3544 2112 3616 insipientia

526 3626 746 3679 verbum
790 3629 1055 3695 emisisse,
1101 3631 1194 3686 sed
1226 3641 1281 3687 ct
1309 3632 1582 3704 discipulis
1626 3636 1755 3692 illud
1786 3638 1988 3695 en‘ers?
2013 3655 2112 3697 nec

526 3714 686 3771 modo
715 3717 872 3773 cliers
919 3718 1215 3789 discipulis,
1242 3722 1334 3778 sed
1384 3724 1436 3777 id
1480 3727 1728 3781 omnibus
1776 3738 1895 3797 post
1923 3729 2113 3786 futuris

527 3804 832 3862 hominibus
862 3824 955 3878 per
980 3812 1259 3879 epistolam
1286 3822 1469 3867 notum
1496 3812 1667 3870 facis?
1698 3818 2115 3886 Animadvertite

526 3911 686 3966 quam
714 3913 821 3954 non
863 3910 1107 3969 oporteat
1134 3903 1275 3958 dicta
1319 3913 1522 3961 temere
1562 3896 1994 3978 pmtercurrcre,
2020 3912 2113 3967 sed

528 4005 693 4047 unum
720 3992 967 4065 quodque
1007 4004 1253 4051 accurate
1276 3997 1502 4052 scrutari
1525 3998 1549 4051 τ
1574 3997 1706 4053 Illud
1738 4002 1879 4055 enim
1909 4003 1952 4057 si
1981 4007 2115 4057 sim-

527 4080 740 4151 pliciter
782 4084 1020 4154 legatur,
1066 4086 1267 4142 circum
1311 4089 1570 4145 emittitur
1625 4091 1957 4147 auditoribus
1987 4093 2111 4149 :sin

530 4188 658 4229 vero
679 4176 1031 4241 examinetur,
1064 4192 1306 4248 magnam
1334 4178 1567 4234 ostendit
1596 4180 1743 4234 Pauli
1775 4182 2111 4252 sapientiam,

532 4280 775 4333 magnam
820 4267 1177 4337 prudentiam,
1208 4267 1524 4325 ineffabilem
1555 4284 1757 4325 curam.

602 4357 659 4414 5.
693 4357 736 4410 Δ
775 4355 1222 4427 Pseudoapostolis
1262 4368 1527 4413 accusatus
1566 4358 1766 4415 Paulus
1806 4377 1859 4415 se
1906 4361 2119 4417 laudare

530 4448 745 4517 cogitur.
776 4476 850 4489 -—
876 4446 1010 4516 Quid
1040 4448 1250 4503 tandem
1276 4448 1403 4503 illttd
1424 4458 1506 4504 est
1532 4449 1670 4518 quod
1695 4450 1923 4505 dicitur?
1951 4450 2119 4506 Pseu-

534 4539 831 4611 tloapostoli
855 4539 1005 4593 multi
1032 4550 1182 4595 erant
1209 4540 1347 4611 apud
1372 4538 1679 4598 Corinthios
1705 4542 1793 4614 qui
1822 4542 1964 4613 ipsos
1992 4558 2115 4599 coro

534 4639 921 4698 rnmperentac
953 4631 1169 4685 Paulum
1197 4641 1549 4699 accusarent,
1599 4633 1714 4702 ejus
1764 4632 1982 4701 famam,
2011 4649 2115 4704 qua

537 4720 677 4789 apud
706 4720 993 4789 discipulos
1018 4736 1144 4777 suos
1172 4723 1402 4788 valebat,
1424 4723 1646 4779 subdole
1684 4725 1937 4779 laedentes
1956 4766 1970 4787 .
1998 4725 2115 4780 dic-

538 4812 686 4866 teriis
716 4811 861 4864 illum
891 4811 1279 4867 subsannantes
1304 4854 1319 4878 ,
1353 4822 1409 4867 ut
1441 4822 1774 4883 arrogantem
1804 4816 2115 4869 insimulau-

538 4913 634 4957 tes.
668 4899 777 4956 llos
800 4902 1109 4972 plerumque
1149 4904 1201 4956 in
1241 4904 1465 4972 epistola
1504 4917 1599 4957 sua
1639 4903 1896 4973 impetere
1924 4904 2117 4973 depre-

539 4993 787 5049 henditur
811 5010 824 5044 :
857 4994 1302 5062 quemadmodum
1322 5010 1443 5049 cum
1475 4994 1625 5060 dicit,
1648 4993 1766 5049 Non
1793 5013 1968 5050 sumus
1986 4998 2117 5050 sicut

536 5088 701 5139 rtelerl
724 5125 738 5148 ,
770 5084 1109 5138 adulterantes
1152 5085 1353 5138 verbum
1405 5083 1498 5137 Dei
1538 5084 1632 5154 (2.
1656 5084 1773 5141 Cor.
1800 5086 1999 5155 2.17);
2054 5101 2118 5141 ac

538 5188 722 5229 rursus
742 5188 861 5227 cum
890 5172 1031 5237 dicit,
1054 5172 1178 5228 Sine
1203 5190 1352 5229 onere
1376 5190 1454 5225 me
1477 5174 1614 5227 vobis
1630 5177 1817 5227 servavi
1837 5174 1921 5245 (Ib
1948 5192 1993 5226 ιτ.
2027 5178 2047 5229 1
2069 5177 2115 5228 l.

521 5261 630 5333 ’ἕης
659 5280 721 5319 ac
768 5263 1032 5335 pollicitus
1076 5279 1135 5319 se
1191 5265 1327 5319 hanc
1371 5264 1541 5333 legem
1587 5279 1798 5334 semper
1846 5267 2115 5319 immotam

539 5368 871 5412 servaturum
892 5373 1041 5412 esse:
1077 5355 1170 5410 Est
1201 5360 1362 5423 enim,
1397 5358 1586 5427 inquit,
1618 5358 1798 5412 veritas
1824 5356 2009 5412 Christi
2066 5360 2118 5411 in

540 5468 617 5503 nte
644 5467 659 5501 :
691 5450 926 5517 quoniam
950 5453 1055 5502 lucc
1080 5450 1315 5519 gloriatio
1340 5466 1447 5503 mea
1478 5466 1579 5503 non
1609 5450 1910 5520 infringetur
1940 5451 1991 5503 in
2035 5466 2117 5503 re-

540 5543 771 5611 gionibus
799 5542 1000 5593 Achaica
1022 5543 1038 5609 (
1060 5541 1139 5594 Ib.
1170 5558 1196 5594 υ
1246 5540 1368 5613 10);
1401 5557 1521 5595 cum
1544 5541 1734 5594 deinde
1758 5557 1969 5593 causam
1993 5543 2119 5594 suh-

539 5635 729 5701 junxit,
786 5634 1076 5686 sceleratos
1130 5633 1249 5686 illos
1295 5633 1590 5686 subindical
1638 5632 1865 5687 dicens:
1904 5632 2119 5697 Quare?

547 5726 677 5789 Quia
706 5742 800 5777 non
832 5726 985 5795 diligo
1014 5723 1143 5777 t'os.’
1198 5724 1326 5778 Deus
1371 5724 1481 5778 scit.
1518 5722 1664 5792 Quod
1694 5734 1858 5778 autem
1887 5723 2020 5793 facio
2068 5735 2117 5778 et

1243 332 1300 391 S.
1339 329 1616 391 JOANNIS
1652 329 2125 392 εῐιιιῑεοετοιιί
2168 330 2484 389 Αηςηιερ.
2526 327 3060 389 CONSTANTINOP.

3710 330 3819 391 sm

2231 446 2420 516 [sciam
2441 461 2461 501 :
2482 455 2537 501 ut
2557 456 2814 517 amputem
2840 444 3155 500 occasionem
3183 459 3375 512 eorum,
3429 448 3522 527 qui
3546 444 3710 504 roluit
3732 459 3818 499 oe-

2226 536 2479 590 easionem
2508 536 2583 607 (ι
2609 535 2726 591 Car.
2761 537 2849 593 lt.
2873 535 2999 607 l2);
3028 544 3090 592 et
3118 546 3245 591 ante
3269 536 3385 593 btee
3411 535 3705 609 discipulos
3728 547 3823 591 ee-

2228 623 2489 691 hortatur,
2512 640 2582 681 ne
2598 626 2769 697 ipsum
2784 625 3036 681 inducant
3053 625 3103 679 in
3124 626 3501 682 necessitatem
3522 642 3674 682 sinam
3692 625 3827 697 ipsis

2229 721 2548 785 potestatem
2569 716 2878 782 exhibendi,
2908 716 2981 771 ita
3011 717 3233 771 tlierns:
3270 715 3415 786 Rogo
3438 726 3606 771 autent
3634 731 3722 772 sos
3762 730 3824 771 us

2228 823 2449 878 presens
2472 806 2710 870 audeam,
2747 824 2838 876 per
2875 824 2987 861 eam
3017 809 3375 878 conﬁdentiam
3421 824 3522 878 qua
3558 807 3826 864 uisimus

2224 899 2433 964 audere,
2455 899 2509 952 in
2528 898 2773 967 quosdam
2798 899 2885 969 qui
2906 898 3220 954 arbitrantur
3249 915 3339 954 nos
3361 910 3618 966 tamquam
3638 914 3823 953 secun-

2226 989 2350 1043 dum
2374 1003 2577 1043 carnem
2600 990 2913 1044 ambulemus
2940 988 3030 1059 (2.
3057 988 3183 1045 'Cor.
3214 991 3313 1045 ιο.
3331 989 3409 1062 2).
3432 990 3495 1045 Hi
3527 988 3674 1045 enim
3696 988 3824 1060 ipsi,

2225 1078 2293 1133 de
2318 1078 2506 1147 quibus
2535 1077 2651 1133 lucc
2675 1080 2767 1141 ait,
2796 1094 2891 1150 per
2920 1080 3145 1133 ironiam
3177 1078 3352 1150 ipsum
3378 1081 3689 1135 ineusantes
3708 1079 3828 1135 lucc

2225 1169 2474 1224 dicebant
2505 1188 2518 1224 :
2547 1171 2802 1240 epistolas
2844 1171 2990 1227 Pauli
3024 1187 3273 1241 magnum
3314 1186 3423 1241 pne
3451 1188 3514 1227 se
3546 1175 3687 1228 ferre
3742 1182 3827 1226 tu-

2226 1275 2428 1315 morem
2458 1269 2514 1314 et
2538 1261 2824 1316 verborum
2853 1262 3235 1333 arrogantiam,
3278 1262 3453 1332 ipsum
3485 1278 3617 1316 vero
3666 1262 3823 1317 nihili

2224 1366 2366 1415 esse,
2396 1351 2551 1406 vilem
2579 1360 2635 1406 et
2658 1350 2947 1421 abjectum.
2978 1352 3335 1423 Posteaquam
3369 1362 3545 1409 autent
3578 1354 3687 1409 huc
3730 1355 3828 1408 ad-

2228 1443 2453 1507 venerit,
2481 1443 2718 1508 aiebant,
2744 1442 2943 1497 nullius
2961 1442 3117 1512 pretii
3138 1442 3333 1513 dignus
3347 1443 3614 1498 videbitur
3636 1463 3650 1499 :
3677 1444 3826 1515 quod

2223 1533 2397 1602 ipsum
2418 1532 2698 1587 declarans
2725 1533 2935 1587 dicebat
2962 1548 2975 1585 :
3015 1532 3085 1588 Ut
3103 1544 3273 1588 autem
3288 1552 3390 1589 non
3410 1536 3669 1591 existimer
3689 1546 3826 1590 tam-

2224 1642 2372 1698 quam
2419 1635 2605 1679 terrere
2627 1642 2713 1680 vos
2740 1642 2830 1695 per
2855 1626 3097 1691 epistolas
3123 1643 3143 1680 :
3168 1628 3410 1695 quoniam
3458 1626 3666 1696 quidem
3714 1629 3828 1697 epi-

2222 1717 2385 1785 stola,
2410 1720 2664 1788 inquiunt,
2694 1734 2871 1789 graves
2908 1729 3024 1774 sunt
3047 1728 3096 1773 et
3120 1723 3277 1792 fortes
3301 1737 3321 1776 :
3352 1722 3624 1793 presentia
3651 1731 3826 1775 autem

2222 1809 2448 1877 corporis
2476 1808 2701 1877 inﬁrma,
2727 1818 2774 1863 et
2797 1826 2960 1864 sermo
2980 1812 3369 1881 contentptibilis
3395 1809 3509 1878 (Ib.
3536 1828 3586 1867 ν.
3626 1812 3682 1868 9.
3708 1813 3845 1882 l0).~

2224 1898 2423 1954 Deinde
2452 1897 2758 1955 Corinthios
2788 1898 2955 1970 ipsos,
2986 1901 3076 1973 qui
3123 1903 3361 1972 persuasi
3391 1903 3628 1969 Inerant,
3659 1919 3824 1959 accu-

2222 2007 2348 2047 sans
2373 1992 2464 2058 ait,
2498 1992 2763 2064 Numquid
2790 2003 3050 2063 peccatum
3089 1996 3208 2063 feci,
3242 1994 3492 2065 nteipsum
3511 1995 3819 2055 humiliatus.

2223 2093 2278 2138 ut
2303 2098 2393 2139 sos
2417 2083 2708 2139 exaltenrini
2737 2084 2815 2151 (2.
2838 2082 2958 2140 Cor.
2982 2085 3071 2140 11.
3106 2083 3205 2155 7)?
3235 2085 3302 2139 Et
3329 2084 3429 2140 hoc
3477 2087 3686 2142 crimen
3732 2086 3823 2141 di-

2222 2176 2374 2231 luens
2400 2174 2473 2231 ait
2498 2176 2711 2240 iterum,
2733 2174 2868 2241 Quia
2889 2177 3062 2247 quales
3074 2192 3252 2232 sumus
3272 2176 3420 2230 uerbo
3449 2193 3542 2247 per
3570 2177 3823 2249 epistolas

2220 2270 2468 2333 absentes,
2489 2269 2615 2323 tales
2642 2277 2689 2323 et
2708 2279 2978 2337 prcsentes
3000 2270 3051 2322 in
3064 2274 3199 2340 facto
3216 2268 3292 2340 (2.
3307 2268 3425 2324 Cor.
3446 2269 3514 2325 1ο
3559 2271 3669 2338 11).
3684 2270 3821 2337 Quia

2223 2357 2381 2428 igitur
2406 2357 2557 2412 multt
2587 2358 2727 2427 apud
2750 2359 2868 2413 illos
2893 2367 3043 2412 erant
3074 2358 3527 2429 pseudoapostoli,
3583 2374 3724 2431 quos
3769 2370 3825 2414 et

2220 2449 2497 2519 operarios
2523 2448 2740 2505 dolosas
2764 2450 3025 2516 nominat,
3057 2449 3133 2505 sic
3158 2449 3328 2505 dicit:
3369 2450 3507 2505 Nam
3564 2452 3825 2525 ejusmodi

2225 2540 2636 2609 pseudoapostoli
2662 2541 2885 2605 operarii
2906 2538 3110 2594 subdoli
3130 2549 3270 2606 sunt,
3290 2542 3724 2612 transﬁgurantes
3768 2558 3823 2595 se

2220 2636 2271 2681 tn
2292 2628 2549 2699 apostolos
2575 2626 2781 2683 Christi.
2815 2624 2879 2681 Et
2922 2645 3023 2683 non
3046 2629 3228 2683 mirum
3252 2644 3272 2684 :
3299 2630 3408 2699 ipse
3430 2630 3566 2684 enim
3592 2629 3822 2686 Satanas

2220 2720 2550 2791 transﬁgurat
2574 2735 2627 2773 se
2650 2720 2703 2773 in
2725 2719 2959 2792 angelum
2984 2721 3133 2775 lucis.
3166 2720 3288 2777 Non
3318 2732 3393 2777 est
3423 2738 3543 2795 ergo
3568 2740 3816 2797 maguum

2216 2812 2263 2866 si
2305 2812 2524 2866 ministri
2563 2813 2674 2882 ejus
2717 2814 3144 2883 transﬁgurentur
3182 2818 3316 2868 velut
3358 2815 3582 2870 ministri
3598 2816 3821 2888 iustitia

2218 2900 2453 2973 (εδ-,ϐοτη
2480 2901 2565 2955 11.
2609 2901 2825 2971 13-15).
2857 2901 2991 2956 Cum
3044 2903 3203 2973 igitur
3253 2902 3330 2969 hi,
3377 2903 3679 2961 innumeris
3723 2920 3818 2961 ex-

2218 2996 2461 3063 cttgitatis
2482 3004 2670 3049 contra
2698 3008 2821 3049 eum
2867 2994 3172 3062 calumniis,
3205 2995 3481 3067 discipulis
3507 3008 3771 3055 nocerent
3799 3041 3818 3067 ,

2220 3086 2395 3140 minus
2422 3094 2807 3155 congruentem
2833 3085 3071 3140 doctoris
3082 3086 3535 3144 existimationem
3559 3089 3822 3147 inducen-

2222 3184 2325 3243 tes,
2361 3177 2570 3246 cogitur
2600 3176 2689 3232 ille
2718 3176 2935 3233 demum
2967 3177 3018 3231 in
3048 3180 3387 3247 propriarum
3417 3179 3635 3235 laudum
3660 3196 3817 3237 com-

2220 3268 2659 3322 msmorationctn
2706 3268 2974 3323 incidere:
3000 3284 3177 3339 neque
3201 3270 3345 3324 enim
3371 3270 3509 3325 ultra
3542 3273 3707 3328 silere
3736 3283 3820 3327 Iu-

2222 3368 2334 3413 tum
2361 3367 2495 3414 erat.
2514 3357 2647 3427 Quia
2674 3358 2831 3429 igitur
2855 3374 2947 3414 sua
2974 3359 3129 3414 nobis
3149 3360 3441 3416 certamina
3466 3371 3823 3417 enarraturus

2220 3458 2323 3515 est,
2369 3463 2581 3503 necnon
2610 3463 2724 3516 eas,
2754 3464 2887 3519 quas
2906 3450 3059 3516 vidit,
3089 3452 3466 3518 revelationes,
3494 3450 3821 3521 laboresque

2218 3555 2353 3609 quos
2379 3540 2542 3595 subiit
2575 3556 2588 3592 :
2620 3550 2677 3594 ut
2705 3540 2954 3596 ostendat
2979 3540 3228 3595 omnibus
3253 3556 3311 3597 se
3337 3557 3479 3612 :cgre
3500 3551 3556 3596 et
3585 3542 3820 3597 invitum

2220 3631 2272 3685 id
2322 3646 2501 3702 agere,
2529 3647 2593 3688 ac
2642 3632 2765 3687 licet
2808 3632 2859 3687 id
2900 3634 3262 3688 necessarium
3308 3648 3429 3690 esse
3457 3635 3659 3700 videat,
3692 3636 3826 3691 iusi—

2221 3724 2471 3793 pientiam
2501 3734 2678 3779 tamen
2704 3723 2753 3778 id
2782 3733 2957 3791 vocat,
2986 3725 3066 3780 sic
3090 3725 3336 3795 loquens,
3364 3726 3573 3782 Utinam
3596 3729 3825 3781 sustine-

2222 3814 2341 3867 retis
2371 3814 2623 3867 modieum
2645 3815 2765 3884 quid
2786 3814 3094 3883 insipientia
3114 3830 3256 3869 mea.
3294 3814 3428 3871 Rem
3456 3817 3700 3881 stultam,
3730 3817 3823 3870 in-

2223 3904 2358 3975 quit,
2387 3918 2732 3975 aggressurus
2759 3920 2899 3970 sum,
2928 3912 2985 3958 ut
3013 3906 3275 3975 meipsum
3307 3905 3517 3961 laudem
3564 3910 3623 3962 et
3672 3908 3823 3961 cele-

2224 3994 2371 4050 brem
2396 4014 2412 4061 ;
2442 4004 2497 4050 at
2520 4010 2627 4049 non
2654 4010 2753 4065 ego
2776 3995 2829 4048 in
2854 4009 3013 4049 causa
3043 4009 3183 4061 sum,
3211 3996 3306 4052 sed
3329 3995 3363 4050 ii
3392 3996 3587 4066 potius,
3614 3998 3706 4066 qui
3732 4012 3824 4052 me

2224 4085 2275 4141 in
2304 4086 2440 4142 hanc
2462 4088 2833 4141 necessitatem
2849 4085 3209 4155 impulerunt:
3241 4102 3408 4157 quare
3436 4102 3566 4156 rogo
3590 4103 3677 4142 me
3699 4103 3825 4142 sus-

2225 4176 2459 4243 tineatis,
2490 4175 2706 4246 illisque
2729 4191 2846 4230 eam
2876 4189 3094 4231 causam
3120 4176 3415 4245 imputetis.

2292 4269 2348 4323 4.
2391 4268 2460 4321 At
2488 4268 2609 4323 vide
2645 4266 2773 4322 mibi
2823 4268 2970 4322 Pauli
3000 4267 3332 4337 prudentiam
3357 4283 3374 4322 :
3401 4282 3523 4324 cum
3550 4268 3779 4325 dixisset
3802 4310 3826 4337 ,

2231 4356 2438 4412 Utinam
2461 4357 2776 4410 sustineretis
2804 4358 3055 4411 modicam
3080 4358 3203 4427 quid
3223 4359 3529 4427 insipientia
3550 4375 3699 4423 metr,
3729 4362 3825 4413 sed

2226 4459 2273 4501 et
2297 4456 2594 4517 supportate
2631 4464 2709 4501 me
2732 4463 2753 4501 .°
2782 4449 2993 4502 annulor
3039 4449 3170 4502 enim
3198 4465 3283 4503 ros
3327 4448 3425 4503 Dei
3469 4450 3823 4513 amulatiotte,

2227 4552 2331 4592 non
2364 4538 2544 4593 statim
2570 4537 2636 4591 ad
2665 4537 2878 4591 laudum
2912 4540 3270 4593 narrationem
3302 4538 3443 4595 venit
3464 4580 3479 4604 ,
3502 4539 3597 4594 sed
3654 4540 3826 4594 inter-

2228 4628 2415 4696 positis
2438 4625 2636 4690 verbis,
2671 4627 2751 4681 sic
2771 4626 2969 4681 infert:
3004 4628 3196 4681 Iterum
3222 4630 3354 4692 dico,
3388 4645 3453 4681 ne
3475 4630 3588 4700 quis
3617 4646 3698 4683 me
3720 4648 3823 4700 pn-

2227 4728 2295 4771 tet
2322 4718 2641 4787 insipientem
2668 4734 2773 4772 esse
2802 4733 2821 4771 :
2850 4718 3078 4784 alioquin
3109 4719 3239 4771 velut
3264 4718 3582 4786 insipientem
3605 4721 3829 4785 accipite

2224 4823 2305 4861 me
2325 4807 2344 4879 (
2364 4808 2419 4859 2.
2450 4804 2568 4861 Cor.
2601 4808 2688 4861 11.
2721 4805 2831 4878 16).
2876 4806 3060 4876 Neque
3091 4815 3264 4860 tamen
3296 4805 3373 4859 sic
3410 4805 3478 4859 ad
3517 4809 3827 4861 enarratio-

2226 4912 2348 4953 ncm
2393 4898 2559 4964 venit,
2602 4898 2695 4953 sed
2730 4899 2921 4952 iterum
2954 4896 3224 4966 subiungit
3251 4912 3315 4952 ac
3340 4896 3505 4951 dicit:
3544 4895 3697 4962 Quod
3746 4900 3829 4950 lo-

2225 5006 2372 5059 quor,
2403 5005 2502 5043 non
2530 4991 2709 5059 loquor
2739 4990 3014 5042 secundum
3041 4986 3338 5051 Dominum,
3368 4986 3458 5039 sed
3476 4989 3621 5055 quasi
3648 4988 3701 5040 in
3730 4990 3818 5041 iu-

2225 5081 2483 5149 sipientia,
2504 5081 2557 5133 in
2587 5083 2683 5133 hac
2700 5079 2982 5133 substantia
3009 5078 3185 5148 glorise
3205 5076 3309 5141 (Ib.
3327 5093 3374 5130 ιι.
3395 5076 3505 5147 17).
3526 5075 3634 5131 Nec
3656 5079 3827 5133 etiam

2228 5183 2346 5240 post
2369 5172 2481 5227 hate
2509 5171 2667 5226 audet
2699 5170 2924 5239 ingredi,
2953 5168 3048 5223 sed
3079 5184 3190 5222 rem
3212 5167 3391 5223 dili‘ert
3410 5182 3474 5223 ac
3492 5168 3654 5223 dicit:
3682 5168 3827 5235 Quo-

2226 5264 2363 5315 niam
2404 5262 2547 5314 multi
2577 5262 2866 5332 gloriantur
2904 5259 3175 5312 secundum
3204 5276 3448 5324 carnem,
3492 5270 3538 5313 et
3572 5276 3665 5327 ego
3710 5263 3825 5328 glo-

2226 5354 2431 5417 riabor;
2455 5352 2661 5407 libenter
2688 5355 2821 5406 enim
2852 5352 3075 5419 stt/fertis
3099 5352 3413 5421 insipientes,
3442 5370 3557 5404 cum
3585 5354 3695 5406 sitis
3723 5355 3827 5423 ipsi

2226 5448 2478 5517 sapientes
2500 5445 2604 5513 (Ib.
2630 5465 2677 5500 υ.
2710 5446 2798 5501 18.
2826 5445 2934 5511 19).
2964 5445 3099 5511 Quin
3128 5447 3285 5501 etiam
3310 5457 3494 5516 postea
3541 5445 3737 5515 refugit
3766 5458 3821 5498 et

2225 5548 2527 5603 cunctatur,
2557 5554 2618 5592 ac
2643 5538 2954 5608 quihusdam
2979 5538 3266 5606 interiectis
3286 5553 3494 5591 rursum
3519 5536 3679 5592 infert
3710 5556 3722 5588 :
3757 5537 3820 5590 In

2224 5650 2324 5704 quo
2353 5632 2464 5701 quis
2484 5633 2652 5695 audet,
2682 5633 2733 5685 in
2760 5632 3050 5697 insipientia
3076 5631 3207 5694 dico,
3260 5631 3424 5683 audeo
3457 5639 3503 5682 et
3528 5647 3618 5700 ego
3678 5631 3697 5701 (
3734 5628 3823 5681 Ib.

2228 5742 2272 5778 υ.
2302 5722 2417 5797 2i).
2448 5724 2521 5780 Ac
2553 5734 2675 5779 tunc
2702 5723 2935 5790 demum,
2991 5731 3106 5793 po<t
3139 5731 3207 5776 tet
3241 5721 3546 5791 przetnissns
3600 5734 3832 5772 excusa-
