4074 6400
284 480 484 545 tios-es,
519 475 733 531 laudum
759 476 1327 532 commorationem
1348 474 1434 529 vix
1455 474 1617 530 audet
1646 474 1883 547 aggredi.

288 569 368 625 Ac
393 564 853 638 quemadmodum
880 578 1050 635 equus
1066 562 1417 636 pracipitium
1461 572 1518 619 et
1562 572 1890 635 prseruptunt

288 656 559 713 transilire
578 670 794 728 parans,
819 666 1071 712 consum
1099 656 1328 712 intendit
1349 664 1409 712 ut
1430 665 1684 723 transeat,
1710 666 1767 712 ut
1793 673 1890 713 ve-

287 763 353 804 ro
366 747 783 820 profunditatem
802 750 1058 815 intuetur,
1078 748 1409 821 obstupescit
1423 749 1886 821 contrahiturque,

297 839 427 897 hinc
447 842 539 898 ubi
564 841 711 898 videt
740 842 978 913 equitem
1000 843 1179 899 acrius
1204 843 1423 909 instare,
1452 858 1640 899 rursus
1672 851 1841 900 tentat
1866 884 1885 909 ,

288 930 631 1004 idipsnmque
668 932 813 1003 quod
843 945 1023 1003 antea,
1047 932 1266 1005 patitur,
1280 935 1652 991 necessitatem
1676 935 1889 1006 vimque

286 1023 391 1079 sibi
418 1022 619 1078 illatam
648 1025 964 1093 ostendens,
986 1033 1092 1080 stat
1106 1024 1195 1080 diu
1214 1024 1468 1081 hinniens
1488 1025 1555 1080 ad
1576 1040 1727 1082 oram
1745 1041 1885 1096 prm-

284 1114 450 1184 rupti,
474 1123 533 1169 ut
553 1114 655 1170 sibi
684 1116 898 1172 animos
920 1117 1118 1172 iaciens
1156 1116 1375 1173 demum
1394 1158 1409 1184 ,
1471 1118 1739 1173 transilire
1785 1134 1885 1174 au-

286 1204 453 1260 deat:
489 1206 568 1260 sic
593 1206 649 1261 et
673 1205 861 1265 beatus
889 1205 1107 1273 Paulus,
1131 1215 1403 1277 tamquam
1439 1208 1492 1262 in
1533 1208 1884 1279 praecipitium

281 1294 556 1365 quoddam
582 1310 705 1353 sese
726 1311 851 1352 mox
874 1297 1229 1365 demissurus,
1248 1313 1443 1370 nempe
1468 1300 1524 1353 in
1550 1301 1884 1370 propriarum

284 1384 501 1441 laudum
522 1388 1111 1456 commemorationem,
1157 1389 1350 1457 «mel,
1380 1390 1574 1445 iterum
1605 1400 1661 1445 et
1687 1390 1845 1445 tertio
1866 1429 1881 1455 ,

282 1475 394 1532 imo
418 1477 622 1547 pluries
644 1478 933 1534 retrocedit
956 1479 1036 1535 sie
1057 1480 1265 1547 dicens,
1295 1478 1507 1536 Utinam
1543 1481 1885 1535 sustinueritis

283 1567 544 1622 modunn:
570 1569 696 1640 quid
730 1570 1036 1640 insipientia
1062 1586 1226 1625 meat:
1250 1580 1306 1627 et
1333 1572 1547 1638 iterum,
1573 1569 1788 1643 Nequis
1807 1588 1887 1629 use

282 1670 423 1730 putet
448 1661 772 1732 insipientem
790 1680 896 1719 esse
917 1680 937 1720 :
958 1664 1188 1736 alioquin
1215 1666 1350 1720 velut
1387 1667 1709 1737 insipientem
1736 1668 1881 1721 acci-

282 1752 389 1821 pite
411 1768 531 1819 nte;
555 1762 630 1821 et,
662 1755 814 1821 Quod
842 1757 1041 1827 loquor,
1082 1774 1184 1812 non
1204 1758 1384 1829 loquor
1400 1760 1678 1815 secundum
1705 1760 1885 1815 Denti-

282 1859 425 1911 num,
452 1845 542 1899 sed
568 1846 718 1916 quasi
745 1846 800 1902 in
828 1846 1141 1916 insipientia,
1170 1850 1225 1904 in
1252 1852 1349 1904 hac
1367 1852 1652 1905 substantia
1665 1852 1882 1925 gloria,-

281 1948 346 1991 ac
374 1951 607 2005 rursum,
644 1937 902 2006 Quoniam
930 1942 1078 1995 multi
1116 1943 1406 2014 gloriantur
1431 1945 1711 1999 secundum
1759 1960 1881 2000 car-

284 2042 422 2093 netn,
444 2035 495 2079 et
514 2044 607 2099 ego
618 2029 913 2099 gloriabor;
938 2031 1148 2087 libenter
1167 2032 1299 2087 enirn
1315 2032 1539 2101 suﬂ'ertis
1563 2035 1879 2105 insipientes,

280 2130 397 2168 cunt
420 2116 530 2170 sitis
555 2117 656 2182 ipsi
676 2122 965 2191 sapientes;
992 2123 1317 2193 iterumque,
1345 2122 1412 2178 In
1440 2141 1543 2195 quo
1568 2126 1681 2196 quis
1705 2126 1879 2196 audet,

280 2206 334 2260 in
360 2208 656 2278 insipientia
682 2211 820 2279 dico,
850 2214 1015 2269 audeo
1042 2224 1090 2269 et
1120 2231 1231 2286 ego.
1284 2217 1364 2272 Ac
1420 2226 1702 2289 postquam
1753 2221 1879 2274 sexé

280 2301 490 2355 centies
513 2316 574 2357 se
599 2303 822 2359 stultum
852 2314 909 2360 et
937 2307 1279 2377 insipientem
1308 2309 1621 2378 appellavit,
1648 2311 1733 2364 vix
1761 2318 1880 2365 tan-

277 2390 403 2445 dem
456 2392 619 2449 audet
658 2395 712 2449 in
758 2398 1003 2466 proprias
1047 2398 1234 2455 laudes
1279 2399 1646 2457 descendere:
1679 2400 1883 2457 Ilebrwi

278 2488 418 2547 sunt,
455 2490 503 2535 et
548 2498 642 2554 ego
664 2502 684 2537 :
708 2482 966 2541 lwaelitc
990 2496 1128 2554 sunt,
1183 2498 1231 2543 et
1278 2506 1371 2562 ego
1396 2507 1415 2547 :
1443 2506 1612 2546 smn
1663 2491 1883 2547 Abralue

280 2580 421 2636 sunt,
450 2582 499 2625 et
524 2588 618 2643 ego
638 2588 659 2628 :
689 2574 909 2631 ministri
951 2575 1142 2632 Christi
1180 2589 1321 2646 sunt,
1352 2588 1403 2634 et
1451 2596 1542 2652 ego
1572 2578 1688 2649 (Ib.
1709 2596 1757 2635 ν.
1785 2580 1878 2635 2‘2.

278 2656 392 2732 28).
424 2662 498 2715 At
528 2678 701 2734 neque
746 2665 833 2721 hic
856 2665 1055 2723 oblitus
1087 2676 1171 2723 est
1193 2670 1298 2735 sui,
1324 2669 1417 2725 sed
1441 2686 1653 2725 rursum
1700 2687 1882 2728 corre-

277 2753 514 2809 ctionem
547 2759 789 2827 apponit,
819 2761 900 2816 sic
923 2760 1145 2829 addens,
1179 2761 1246 2817 Ut
1271 2764 1441 2817 minus
1477 2764 1681 2835 sapiens
1725 2765 1838 2818 dico
1860 2804 1877 2830 ,

280 2844 397 2912 plus
420 2860 515 2916 ego
540 2843 756 2917 (Ibid).
790 2847 977 2919 Neque
997 2850 1084 2905 hic
1110 2850 1332 2922 gradum
1362 2853 1543 2918 sistit,
1590 2854 1687 2908 sed
1729 2862 1879 2924 post-

277 2947 438 3003 quam
482 2948 674 2991 omnes
712 2936 896 2993 laudes
935 2953 1061 2993 suas
1105 2951 1467 3007 enarraverat,
1497 2942 1576 2995 sie
1604 2942 1875 3012 loquitur:

286 3021 483 3080 Factus
530 3042 647 3081 sunt
689 3028 935 3099 insipiens
962 3029 1228 3101 gloriando
1251 3070 1268 3096 ,
1300 3046 1389 3086 ros
1414 3048 1491 3086 me
1514 3033 1746 3103 coegistis
1786 3032 1877 3106 (Ξ.

278 3111 400 3169 Cor.
432 3114 519 3170 12.
555 3117 665 3187 11).
696 3120 776 3174 Ae
803 3119 850 3174 si
869 3120 1073 3176 diceret
1102 3140 1116 3176 :
1149 3120 1258 3176 Eos
1284 3136 1389 3192 ego
1416 3122 1569 3177 nihili
1590 3124 1877 3193 ducebam,

277 3205 323 3259 si
354 3220 443 3261 res
470 3216 664 3263 vestrm
683 3209 823 3265 bene
848 3225 907 3266 se
930 3210 1212 3279 haberent,
1246 3213 1350 3268 nisi
1380 3215 1555 3270 eversi
1597 3214 1835 3272 fuissetis
1858 3258 1875 3285 ,

279 3295 381 3351 nisi
403 3296 775 3353 vacillassetis.
804 3299 937 3356 Nam
966 3302 1069 3357 etsi
1098 3318 1315 3374 semper
1335 3304 1414 3359 illi
1460 3320 1547 3361 me
1575 3307 1880 3364 maledictis

279 3388 660 3457 impetiissent,
693 3390 825 3446 nihil
854 3407 926 3447 ex
974 3407 1161 3449 eorum
1198 3395 1499 3451 maledictis
1542 3397 1671 3451 mihi
1711 3397 1880 3453 detri-

278 3477 445 3533 menti
466 3478 775 3535 accedebat.
806 3482 939 3550 Quia
966 3498 1098 3539 vero
1149 3499 1365 3556 gregem
1392 3487 1499 3542 vidi
1519 3489 1878 3558 pessumdari,

276 3570 569 3641 discipulos
597 3574 918 3643 resilientes,
948 3592 1063 3631 rem
1091 3592 1311 3648 gravem
1354 3588 1410 3635 et
1433 3596 1719 3637 onerosam
1750 3582 1878 3639 des-

278 3661 423 3729 pexi,
456 3670 512 3717 et
531 3664 793 3733 insipiens
811 3665 923 3722 iieri
952 3677 1171 3724 coactus
1190 3684 1331 3737 sum,
1360 3670 1490 3727 dum
1517 3671 1703 3730 laudes
1730 3689 1879 3731 meas

270 3760 498 3821 propter
527 3770 624 3810 vos
647 3764 984 3828 vestramque
1010 3760 1239 3815 salutem
1266 3762 1516 3820 decanto.

347 3844 405 3899 5.
447 3844 630 3901 Sancti
654 3859 860 3919 peccata
884 3867 979 3905 sua
1004 3852 1174 3921 facile,
1203 3855 1381 3909 laudes
1407 3873 1655 3913 rerosuas
1676 3861 1879 3916 nonnisi

275 3936 441 3987 coacti
488 3939 773 3993 enuntiant.
805 3970 875 3980 —
895 3940 993 3997 Hie
1020 3943 1165 3997 enim
1194 3960 1313 4000 mos
1340 3956 1647 4003 saneton
1672 3960 1757 4006 est
1785 3969 1800 4007 :
1830 3953 1877 4007 si

276 4024 405 4093 quid
428 4026 555 4080 mali
582 4025 825 4107 fecerint,
857 4030 989 4086 illud
1008 4034 1284 4103 evulgant,
1308 4037 1548 4106 quotidie
1567 4038 1875 4111 deplorant,

275 4117 635 4189 omnibusque
663 4121 835 4190 palam
864 4123 1109 4191 iaciunt;
1168 4127 1213 4181 si
1241 4142 1373 4186 vero
1419 4129 1546 4200 quid
1590 4134 1768 4204 magni
1813 4150 1878 4191 ac

275 4209 545 4275 generosi,
578 4212 850 4269 occultant
895 4218 949 4271 et
1005 4215 1258 4274 oblivioni
1285 4220 1520 4277 tradunt.
1570 4222 1670 4280 ilic
1699 4226 1878 4296 itaque

276 4308 498 4354 sanctus
522 4310 762 4371 peccata,
786 4308 999 4363 nemine
1025 4318 1274 4379 cogente,
1305 4310 1611 4381 frequenter
1632 4316 1877 4373 versabat

278 4398 331 4444 ct
359 4392 661 4464 evulgabat,
715 4398 878 4454 modo
919 4399 1125 4464 dicens,
1168 4403 1404 4460 Christus
1448 4405 1601 4462 Iesus
1636 4410 1769 4464 venit
1821 4412 1878 4467 in

278 4483 546 4551 mundum,
574 4495 631 4540 ut
650 4498 936 4558 peccatores
956 4494 1177 4549 saluaret
1196 4536 1210 4560 ,
1263 4512 1478 4567 quorum
1528 4499 1721 4569 primus
1763 4520 1878 4559 sunt

276 4588 371 4643 ego
404 4574 481 4644 (i.
516 4570 649 4632 Tim.
676 4579 727 4633 l.
760 4580 883 4650 l5):
915 4584 1077 4640 modo
1099 4594 1299 4651 autem,
1332 4586 1541 4644 Gratias
1564 4606 1662 4661 ago
1690 4593 1755 4656 ei,
1788 4597 1875 4663 qui

279 4680 359 4719 me
383 4669 709 4737 conforlaoit,
734 4671 959 4740 Christo,
991 4676 1111 4744 quia
1160 4676 1362 4745 ﬁdelem
1403 4694 1482 4733 me
1527 4682 1831 4737 existimauit
1855 4725 1871 4749 ,

278 4769 474 4823 ponens
500 4756 554 4813 in
583 4760 884 4830 ministerio,
916 4766 1003 4833 qui
1040 4768 1233 4835 primus
1283 4768 1609 4836 blasphemus
1655 4774 1734 4842 fui
1758 4815 1772 4840 ,
1828 4786 1875 4830 et

279 4858 610 4917 persequatur
634 4860 683 4905 et
707 4855 1096 4913 contumeliosus
1126 4874 1143 4911 :
1170 4862 1261 4915 sed
1294 4862 1699 4919 misericordiam
1746 4884 1872 4923 con-

278 4946 518 5006 sequutus
540 4956 674 5009 sum,
690 4946 809 5013 quia
828 4946 1069 5017 ignorans
1102 4951 1199 5022 feci
1214 4952 1266 5006 in
1296 4952 1650 5010 incredulitate
1682 4956 1791 5022 Ub.
1824 4974 1870 5013 υ.

282 5024 367 5081 12.
404 5029 496 5099 13)
509 5047 531 5096 ;
558 5044 624 5087 ac
652 5048 888 5103 rursum,
917 5038 1208 5096 Nouissime
1248 5052 1415 5097 autem
1461 5048 1688 5101 omnium
1738 5058 1871 5103 tam-

274 5133 429 5185 quam
458 5122 685 5178 abortivo
709 5124 845 5181 visus
867 5138 942 5182 est
968 5140 1016 5184 et
1039 5132 1203 5187 mihi:
1234 5149 1325 5205 ego
1348 5136 1479 5189 enim
1504 5153 1614 5191 sum
1637 5140 1874 5197 minimus

276 5491 351 5536 est
381 5482 489 5539 acc
517 5488 687 5558 gratia
706 5487 921 5563 (Ephes.
975 5495 1031 5551 3.
1080 5496 1160 5567 8).
1209 5498 1398 5556 Viden'
1442 5503 1713 5573 quomodo
1762 5522 1871 5565 non

280 5576 643 5673 apostolorum
672 5582 865 5652 modo,
912 5587 1006 5641 scd
1054 5590 1216 5644 etiam
1266 5591 1581 5673 simpliciter
1634 5595 1869 5652 ﬁdelium

278 5674 518 5725 omnium
570 5674 930 5731 seminimum
980 5680 1174 5736 vocet?
1217 5680 1349 5736 Mihi
1394 5686 1601 5739 minimo
1644 5688 1871 5743 omnium

275 5764 808 5837 snncloruttt,inquit,
842 5770 962 5824 data
982 5779 1055 5827 est
1083 5774 1244 5841 gratia
1283 5776 1407 5832 hac.
1461 5777 1643 5847 itaque
1694 5794 1870 5848 neque

851 362 937 417 DE
978 360 1229 418 VERBIS
1283 360 1639 430 APOS‘I'ULI,
1681 359 1879 419 CTINA

1987 360 2478 420 SUSTINERETIS
2515 362 2846 433 MODllIUbl,
2887 360 3040 420 ETC.

3492 368 3597 425 306

1998 477 2192 543 salute,
2221 494 2381 549 quam
2409 488 2773 549 consequutus
2799 488 2905 545 est,
2942 494 3003 535 se
3023 478 3245 550 dignum
3272 494 3395 538 esse
3420 482 3553 539 dicit
3579 499 3597 538 :

1996 583 2120 624 cum
2140 570 2282 625 enim
2310 570 2528 638 dixerit,
2550 568 2783 626 Christus
2808 568 2961 626 Iesus
2984 571 3115 625 seuit
3134 571 3187 625 in
3217 574 3464 626 mundum
3490 614 3505 638 ,
3535 581 3591 625 ut

1997 670 2291 729 peccatores
2312 661 2531 715 solveret
2555 702 2570 724 ,
2596 676 2817 727 quorum
2848 661 3042 730 primus
3068 677 3161 733 ego
3188 678 3301 717 sum
3332 663 3351 731 (
3373 662 3422 718 1.
3459 661 3591 718 Tini.

1997 749 2049 806 i.
2080 749 2209 821 i5):
2241 750 2365 805 audi
2388 766 2491 821 qua
2516 750 2587 807 de
2627 764 2790 805 causa
2816 750 2867 805 id
2894 750 3075 806 dicat:
3106 749 3213 807 Sed
3241 752 3355 807 ideo
3393 752 3596 808 miseri-

1994 840 2223 894 cordiam
2250 849 2590 911 consequutus
2611 857 2747 907 sunt,
2799 850 2854 895 ut
2900 840 2953 895 in
2993 858 3075 898 nte
3099 842 3266 913 primo
3313 844 3595 899 ostenderet

1996 928 2226 985 Christus
2271 930 2424 986 Iesus
2475 947 2677 986 omnem
2721 932 3019 1003 patientiam
3065 933 3138 987 ad
3186 934 3596 1005 informationem

1993 1037 2190 1087 eorum,
2216 1022 2304 1091 qui
2327 1022 2570 1076 credituri
2597 1032 2715 1076 sunt
2758 1021 2858 1087 illi,
2891 1023 2944 1077 in
2967 1024 3121 1077 vitant
3146 1033 3388 1080 cternam
3412 1026 3519 1099 (Ib.
3544 1043 3594 1082 ν.

1995 1108 2106 1185 16).
2143 1112 2345 1167 ilorum
2371 1123 2549 1168 autem
2597 1127 2792 1168 sensus
2838 1125 2922 1168 cst
2948 1130 2963 1167 :
2992 1113 3110 1168 Non
3160 1115 3230 1169 ob
3276 1116 3594 1186 condignam

1992 1204 2115 1259 vita:
2139 1205 2488 1260 mutationem
2532 1205 2958 1261 misericordiam
3009 1216 3374 1277 consequutus
3422 1222 3542 1264 sum
3577 1227 3591 1263 :

1991 1310 2123 1351 cave
2140 1296 2191 1351 id
2220 1296 2532 1363 existimes;
2561 1296 2659 1352 sed
2688 1306 2743 1352 ut
2760 1312 2921 1352 nemo
2949 1311 3160 1363 eorum,
3189 1299 3280 1370 qui
3303 1299 3358 1354 in
3400 1302 3593 1369 nequi-

1994 1387 2065 1442 tia
2093 1386 2363 1454 vixerunt,
2390 1387 2602 1441 etiamsi
2624 1386 2840 1443 Christo
2866 1387 3066 1442 bellum
3098 1385 3309 1455 fecerit,
3338 1388 3595 1461 despera-

1992 1486 2096 1544 ret,
2128 1476 2255 1533 dum
2287 1489 2589 1533 extremum
2616 1478 2856 1532 omnium
2882 1520 2897 1543 ,
2952 1493 3062 1548 quo
3118 1477 3296 1535 nullus
3340 1492 3596 1549 umquam

1991 1566 2237 1625 infestior
2255 1568 2474 1624 Christo
2494 1568 2617 1635 fuit,
2650 1568 2880 1624 salutem
2916 1577 3314 1640 consequutum
3359 1568 3591 1627 videret.

1990 1659 2267 1731 Siquidem
2299 1660 2545 1717 Christus
2571 1661 2724 1728 dicit,
2775 1661 3030 1729 Quoniam
3075 1679 3167 1718 ras
3215 1663 3475 1719 electionis
3518 1674 3595 1720 est

1989 1753 2135 1818 mihi,
2167 1762 2222 1806 ut
2243 1762 2405 1825 portet
2435 1770 2623 1809 nomen
2652 1770 2817 1809 meum
2845 1770 3018 1809 coram
3044 1755 3277 1826 gentibus
3301 1766 3352 1812 et
3393 1756 3595 1828 regibus

1990 1844 2129 1915 (Act.
2154 1844 2207 1900 9.
2238 1844 2369 1915 l5);
2402 1845 2487 1900 hic
2516 1861 2646 1901 vero
2669 1853 2747 1901 tot
2768 1845 3017 1901 laudibus
3046 1862 3153 1902 non
3183 1847 3589 1915 intumescens,

1989 1944 2112 2007 post
2135 1944 2340 1991 tantam
2368 1936 2617 1992 ﬁduciam
2640 1952 2700 1993 se
2730 1937 2987 1992 miserum
3036 1938 3332 2007 prmdicare
3374 1938 3545 2009 pergit
3570 1978 3587 2002 ,

1988 2043 2049 2085 se
2080 2030 2309 2099 primum
2334 2039 2677 2099 peccatorum
2704 2043 2923 2096 vocans,
2951 2038 3111 2100 atque
3142 2029 3263 2085 ideo
3284 2028 3593 2085 misericor-

1986 2117 2129 2175 diam
2157 2129 2550 2185 consequutum
2600 2119 2785 2175 dicens
2808 2160 2823 2183 ,
2868 2128 2927 2173 ut
2972 2133 3133 2175 nemo
3161 2120 3245 2175 vel
3278 2135 3465 2179 eorum
3496 2120 3585 2194 qui

1988 2208 2053 2262 ad
2086 2223 2388 2263 extremum
2416 2208 2668 2279 nequitia
2694 2208 3031 2275 devenerint,
3058 2208 3127 2264 de
3171 2210 3385 2279 propria
3417 2207 3591 2263 saiul'e

1987 2298 2337 2369 desperaret,
2364 2300 2492 2354 dum
2519 2315 2578 2355 se
2623 2300 2833 2371 sibique
2875 2300 3129 2355 collatum
3160 2298 3477 2356 beneﬁcium
3505 2314 3593 2355 re-

1986 2392 2239 2462 spiceret:

2059 2482 2113 2537 6.
2157 2483 2379 2538 Peccata
2424 2482 2604 2553 itaque
2650 2497 2768 2550 sua,
2820 2482 2966 2537 nulla
3010 2491 3231 2539 coactus
3272 2484 3593 2539 necessitate

1985 2573 2226 2643 quotidie
2256 2573 2473 2645 evulgat
2519 2573 2572 2627 in
2613 2571 2865 2629 omnibus
2908 2573 3151 2642 epistolis
3202 2574 3349 2640 suis;
3396 2574 3591 2644 iliaque

1987 2665 2219 2721 traducit
2261 2673 2318 2722 et
2359 2663 2599 2721 declarat
2630 2679 2738 2719 non
2786 2664 2933 2720 illius
2976 2666 3239 2737 temporis
3283 2664 3595 2721 hominibus

1987 2764 2215 2823 tantum,
2244 2756 2340 2812 sed
2369 2757 2532 2811 etiam
2558 2755 2810 2811 omnibus
2836 2764 2957 2825 post
2976 2754 3204 2822 futuris;
3230 2756 3415 2811 laudes
3436 2771 3590 2821 vero,

1984 2847 2147 2904 etiam
2172 2847 2407 2903 instante
2433 2846 2774 2913 necessitate,
2807 2861 3028 2903 narrare
3052 2855 3334 2901 cunctatur
3358 2856 3414 2902 et
3442 2845 3591 2901 relu-

1986 2938 2085 3009 git.
2140 2938 2194 2992 id
2222 2953 2353 2993 sane
2381 2939 2467 2993 vel
2496 2953 2563 2993 ex
2592 2952 2659 2993 eo
2685 2937 2859 3006 palam
2890 2947 3004 3005 est,
3033 2936 3179 3007 quod
3209 2936 3260 2992 id
3288 2936 3591 2992 sexcenties

1986 3029 2343 3099 insipientiam
2375 3036 2549 3093 vocet;
2584 3027 2761 3099 palam
2787 3027 2915 3082 item
2942 3036 3029 3083 est
3050 3042 3115 3083 ex
3146 3035 3297 3082 tanto
3322 3035 3586 3097 tempore,

1984 3134 2091 3190 quo
2115 3118 2414 3189 mirabilem
2447 3118 2595 3171 illam
2621 3126 2676 3172 et
2702 3116 2941 3173 divinam
2968 3116 3352 3186 revelationem
3382 3117 3586 3172 tacuit:

1986 3226 2093 3265 non
2124 3209 2269 3265 enim
2299 3217 2443 3274 tunc,
2466 3207 2559 3267 xei
2586 3216 2714 3263 ante
2742 3208 2879 3263 duos
2904 3217 3085 3264 tresve
3128 3216 3223 3264 aut
3256 3207 3447 3263 decem
3487 3221 3588 3262 an-

1984 3315 2105 3367 nos,
2130 3301 2225 3357 sed
2251 3310 2377 3355 ante
2406 3298 2575 3353 multo
2596 3298 2779 3368 plures
2800 3298 2946 3353 illam
2972 3298 3200 3369 viderat.
3226 3297 3590 3375 Quamobrem

1984 3395 2158 3464 ipsum
2187 3403 2395 3461 tempus
2420 3390 2660 3460 assignat
2686 3389 2771 3444 his
2794 3390 2975 3444 verbis
3002 3407 3017 3443 :
3044 3389 3167 3445 Scio
3188 3390 3445 3445 hontinem
3469 3399 3588 3443 ante

1982 3502 2145 3540 annos
2172 3482 2552 3556 quatuordecim
2579 3488 2789 3552 raptum
2814 3479 2884 3533 ad
2911 3488 3115 3535 tertium
3154 3481 3338 3536 celum
3375 3480 3435 3551 (2
3464 3478 3585 3534 Cor.

1984 3576 2072 3632 12.
2100 3574 2157 3647 2)
2194 3593 2208 3629 :
2239 3582 2298 3629 ut
2335 3582 2393 3629 tu
2420 3572 2682 3637 disceres,
2713 3586 2782 3626 ne
2810 3579 2937 3625 tunc
2958 3566 3178 3641 quidem
3220 3572 3293 3627 ita
3338 3571 3590 3642 loquutuo

1982 3682 2105 3723 rum
2129 3665 2317 3732 fuisse,
2347 3663 2452 3719 nisi
2483 3678 2673 3733 magna
2706 3668 2930 3732 urgente
2956 3661 3301 3718 necessitate.
3332 3660 3390 3717 Si
3430 3675 3586 3715 nam-

1984 3773 2087 3829 que
2112 3757 2372 3813 voluisset
2398 3754 2585 3812 laudes
2611 3768 2738 3809 suas
2766 3766 3072 3821 recensere,
3099 3753 3285 3807 statim
3313 3760 3475 3825 atque
3509 3752 3589 3808 vi-

1981 3850 2151 3907 disset
2181 3864 2321 3913 eam,
2364 3848 2713 3913 declarasset,
2764 3845 2853 3901 vel
2897 3845 3089 3901 saltem
3138 3846 3335 3917 primo,
3368 3846 3458 3902 vel
3494 3860 3588 3901 se-

1980 3942 2160 3998 cundo
2188 3950 2282 3997 aut
2307 3940 2466 3996 tertio
2488 3954 2632 3994 anno
2663 3955 2678 3993 :
2711 3946 2767 3993 at
2791 3938 2881 3992 ille
2906 3937 3317 4007 quatuordecim
3346 3938 3505 3994 annis
3532 3938 3586 3994 in

1982 4034 2197 4088 silentio
2228 4030 2610 4102 perseveravit,
2640 4036 2697 4083 et
2724 4028 2925 4083 nemini
2963 4027 3119 4094 dixit,
3160 4028 3262 4084 nisi
3293 4026 3590 4084 Corinthiis

1982 4134 2211 4181 tantum.
2245 4121 2641 4192 Quandonam'l
2668 4118 2802 4174 Cum
2835 4117 3318 4190 pseudoapostolds
3345 4118 3480 4174 vidit
3500 4118 3587 4174 in-

1981 4228 2287 4289 surgentes,
2337 4214 2620 4272 declarans
2671 4226 2733 4268 se
2770 4226 2840 4267 ne
2883 4220 3013 4267 tunc
3058 4211 3278 4282 quidem
3317 4211 3587 4273 dicturum

1983 4311 2169 4379 fuisse,
2209 4310 2312 4366 nisi
2344 4315 2549 4364 tantam
2588 4306 2814 4361 vidisset
2850 4304 3251 4375 corruptionem
3294 4301 3586 4373 discipulos

1982 4403 2255 4459 invadere.
2289 4403 2359 4456 At
2386 4416 2485 4456 nos
2512 4415 2617 4455 non
2650 4400 2781 4454 item
2814 4415 2827 4452 :
2870 4396 2967 4453 sed
3008 4412 3231 4467 prorsus
3255 4396 3583 4451 contrarium

1980 4496 2225 4551 iacimus.
2250 4495 2600 4549 Peccatorum
2626 4505 2694 4546 ne
2714 4504 2825 4545 uno
2844 4488 3063 4559 quidem
3094 4487 3181 4543 die
3203 4488 3580 4551 recordamur;

1980 4585 2076 4641 sed
2101 4585 2145 4639 si
2168 4584 2447 4653 quospiam
2469 4597 2533 4638 ea
2554 4594 2983 4637 commemorare
3005 4578 3309 4645 audiamus,
3340 4577 3583 4649 indigna-

1983 4695 2125 4746 mur,
2153 4692 2299 4749 :rgre
2340 4675 2585 4741 ferimus,
2633 4672 3015 4729 contumeliam
3062 4671 3116 4727 id
3150 4686 3272 4728 esse
3306 4682 3581 4742 putamus,

1982 4762 2279 4825 innumeris
2306 4767 2425 4823 illos
2454 4764 2751 4821 maledictis
2780 4763 3133 4828 incessimus;
3170 4764 3216 4819 si
3243 4762 3373 4833 quid
3400 4768 3579 4817 autem

1982 4860 2105 4916 boni
2137 4868 2478 4929 prmatemus,
2506 4856 2560 4910 in
2585 4870 2682 4911 ore
2706 4854 3016 4926 frequenter
3035 4868 3333 4921 versamus,
3361 4853 3411 4909 id
3435 4869 3583 4908 com-

1983 4944 2408 5008 memorantibus
2437 4950 2662 5018 gratiam
2692 4946 2978 5011 habemus,
3010 4944 3241 5015 illosque
3272 4946 3427 5000 nobis
3456 4946 3582 4998 ami-

1979 5059 2073 5099 eos
2102 5043 2478 5098 existimamus
2514 5055 2527 5093 :
2562 5038 2688 5092 licet
2725 5034 2974 5092 Christus
3005 5036 3337 5091 contrarium
3369 5050 3576 5105 praece-

1980 5136 2146 5206 perit,
2173 5142 2230 5188 ut
2251 5140 2399 5190 recte
2428 5130 2689 5185 factorum
2712 5127 2930 5199 quidem
2959 5126 3361 5191 obliviscamur,
3388 5141 3576 5197 pecca-

1982 5241 2156 5287 torum
2182 5245 2311 5285 vero
2338 5227 2705 5284 recordemur.
2730 5223 2885 5291 Quod
2924 5223 3080 5279 nobis
3117 5222 3411 5278 declaravit
3448 5220 3576 5275 dum

1854 5363 1865 5375 ε
1979 5327 2059 5382 sic
2080 5323 2375 5394 discipulos
2408 5320 2783 5377 cohortaretur
2816 5333 2831 5372 ;
2872 5316 3001 5373 Cum
3027 5316 3199 5371 omnia
3226 5315 3467 5389 feceritis,
3496 5314 3580 5368 di.

1980 5413 2095 5483 cite,
2124 5415 2362 5485 quoniam
2392 5412 2524 5467 serui
2551 5411 2758 5465 inutiles
2786 5424 2963 5464 sumus
2992 5406 3146 5480 (Luc.
3181 5408 3267 5463 i7.
3294 5407 3416 5478 i0);
3444 5406 3573 5461 etin

1980 5506 2234 5579 parabola
2258 5504 2536 5568 Pharismi,
2565 5501 2652 5559 cui
2676 5500 3015 5571 publicanum
3038 5500 3346 5570 prmposuit.
3373 5499 3572 5563 Quem-

1978 5598 2265 5657 admodum
2292 5597 2436 5653 enim
2465 5595 2606 5651 hunc
2646 5603 2985 5664 peccatorum
3020 5589 3461 5647 commemoratio
3484 5588 3570 5658 ju-

1979 5687 2249 5755 stiiicavit,
2277 5687 2356 5742 sic
2382 5694 2437 5743 et
2463 5686 2608 5741 illum
2631 5693 2780 5741 recte
2809 5683 3067 5739 factorum
3099 5678 3355 5737 memoria
3386 5678 3565 5748 perdi-

1979 5778 2074 5834 dit.
2113 5777 2312 5835 ludmis
2350 5792 2562 5849 quoque
2599 5776 2739 5833 Deus
2778 5775 2967 5833 eadem
3010 5764 3211 5832 monita
3262 5770 3441 5839 tradit,
3487 5769 3575 5826 his
