4074 6392
551 332 658 393 507

530 457 723 517 verbis
752 475 769 521 ξ
803 457 918 532 Ego
948 476 1067 517 sunt
1092 462 1226 532 ipse,
1252 464 1343 534 qui
1371 462 1519 520 deleo
1539 474 1757 534 peccata
1795 477 1912 535 tuo,
1938 476 1988 523 e:
2008 483 2111 523 non

529 549 882 616 recordabar;
909 561 965 606 tu
993 567 1109 607 sero
1133 551 1418 608 recordare
1438 552 1578 626 (ιω.
1602 556 1696 613 45.
1720 557 1837 628 25).,

607 639 660 698 7.
701 640 805 700 llic
843 658 963 700 mos
994 650 1115 700 erat
1159 645 1560 715 apostolorum,
1592 646 1680 704 hic
1720 647 2110 720 prophetarum

527 733 869 802 ctjusterum
883 737 1150 794 omnium.
1176 735 1349 795 David
1368 741 1514 797 enim
1540 744 1748 812 peccati
1792 743 1876 799 sui
1904 742 2111 813 jugiter

528 822 945 891 recordabatur,
972 825 1245 882 bonorum
1272 843 1506 899 operum
1532 845 1800 901 nusquam
1830 832 1936 886 nisi
1971 831 2113 888 forte

526 921 753 983 cogente
778 917 1106 989 necessitate
1127 916 1202 988 (l.
1226 917 1352 989 Reg.
1373 918 1493 987 l7).
1523 920 1657 976 Cum
1707 935 1840 991 ergo
1867 920 2113 978 barbari-

524 1015 652 1057 cum
677 1001 813 1058 illud
855 1003 1062 1061 bellum
1091 1006 1341 1064 Juduum
1372 1000 1620 1072 vexabat,
1643 1011 1935 1081 omniaque
1964 1010 2112 1081 peri-

523 1089 669 1147 culis
711 1093 874 1164 plena
903 1086 1101 1165 erant;
1141 1112 1267 1153 cum
1302 1098 1392 1154 ille
1420 1097 1640 1169 juvenis
1668 1099 1847 1157 adhuc
1875 1109 2021 1157 esset
2051 1110 2108 1158 et

521 1177 652 1237 belli
691 1174 1006 1255 imperitus,
1039 1187 1247 1245 relictis
1270 1188 1468 1246 ovibus
1500 1189 1556 1245 in
1582 1192 1760 1246 aciem
1794 1191 2104 1258 descendit,
2182 1232 2195 1252 .

520 1287 763 1346 cumque
774 1290 967 1335 omnes
985 1280 1306 1348 exterritos,
1339 1279 1703 1340 formidantes
1720 1299 1784 1340 ac
1808 1291 2105 1341 trementes

514 1374 782 1431 cerneret,
813 1367 943 1423 nihil
987 1367 1282 1427 humanum
1309 1388 1499 1445 passus
1528 1385 1631 1443 est,
1676 1390 1849 1446 neque
1877 1385 2104 1431 caeteros

513 1456 754 1525 aluectos
792 1457 982 1515 videns
1022 1458 1405 1518 formidolosus
1447 1462 1583 1530 fuit,
1612 1466 1709 1521 sed
1756 1465 1860 1520 lide
1900 1465 2099 1531 omnia,

514 1559 634 1615 qua
656 1548 1128 1617 conspiciebantur
1171 1553 1575 1621 transeendcns,
1606 1555 1673 1611 ad
1702 1555 1901 1626 Regem
1939 1555 2104 1611 etule-

514 1648 634 1691 t'um
660 1636 973 1707 respiciens,
1013 1640 1237 1697 multam
1266 1643 1446 1700 animo
1473 1646 1805 1703 alacritatem
1834 1646 2100 1715 concepit,

510 1733 566 1781 et
590 1724 661 1785 ad
691 1727 888 1785 milites
914 1728 1215 1803 fratresque
1237 1747 1364 1791 suos
1382 1738 1631 1802 accessit,
1659 1737 1924 1807 pollicens
1949 1752 2009 1794 se
2032 1737 2103 1793 ab

504 1814 737 1874 instanti
788 1819 1028 1888 periculo
1054 1821 1200 1892 ipsos
1221 1824 1599 1883 liberaturum.
1637 1828 1771 1884 Cum
1806 1814 1985 1885 autem
2014 1829 2102 1885 di-

511 1915 656 1963 ctum
702 1909 991 1990 irriderent
1019 1913 1210 1971 fratrea
1243 1917 1364 1988 ejus
1407 1918 1607 1991 (neque
1652 1921 1795 1977 enim
1851 1922 2103 1981 videbant

514 1999 680 2058 Deum
706 2001 852 2061 intus
881 2006 1032 2063 illum
1070 2012 1454 2077 concitantem,
1486 2026 1661 2085 neque
1688 2026 1947 2071 noverant
1984 2018 2101 2073 ani-

510 2107 659 2152 mum
682 2095 831 2152 illum
859 2113 1201 2170 generosum,
1232 2102 1300 2157 ad
1341 2105 1532 2160 celum
1580 2122 1747 2177 usque
1788 2110 2096 2181 pertingen-

510 2190 643 2252 tem,
670 2200 966 2265 magnaque
1009 2190 1199 2248 fiducia
1246 2193 1509 2265 plenum),
1555 2196 1659 2251 illis
1698 2200 1918 2267 relictis,
1962 2201 2098 2255 alios

506 2273 657 2333 adiit.
686 2275 787 2334 Ubi
813 2290 990 2337 autem
1019 2282 1167 2338 illum
1196 2284 1544 2343 adduxissent
1581 2288 1647 2344 ad
1691 2305 1891 2362 regem,
1935 2308 2093 2363 quem

507 2364 702 2424 timore
728 2381 1032 2429 emortuum
1076 2375 1333 2447 reperit:
1366 2377 1540 2448 primo
1582 2381 1629 2436 is
1676 2382 1818 2437 illius
1855 2383 2092 2439 animum

502 2456 681 2528 erigit,
713 2458 795 2515 bis
819 2462 1019 2531 verbis,
1048 2463 1133 2521 Ne
1166 2468 1406 2523 concidat
1439 2485 1528 2524 cor
1572 2469 1768 2527 domini
1808 2474 1905 2529 mei
1942 2492 2096 2545 super

502 2545 638 2618 ipso,
664 2552 785 2619 quia
810 2568 983 2609 seruus
1017 2563 1135 2612 tuus
1168 2556 1259 2612 ibit
1286 2566 1335 2613 et
1354 2560 1600 2631 pugnabit
1628 2578 1744 2616 cum
1782 2563 1880 2618 hoc
1906 2565 2094 2620 alieni-

503 2652 636 2708 gena
661 2639 737 2712 (ι.
766 2640 897 2714 Reg.
922 2644 1009 2700 i'l.
1036 2642 1151 2719 32).
1174 2646 1308 2705 Cum
1339 2659 1519 2706 autem
1550 2651 1641 2708 ille
1674 2667 1780 2709 non
1811 2655 1971 2710 fidem
2000 2656 2094 2711 Ita-

508 2726 660 2785 beret
678 2744 742 2786 ac
761 2730 987 2803 diceret,
1017 2734 1140 2791 Non
1172 2740 1364 2810 poteris
1387 2741 1496 2807 ire;
1522 2751 1579 2797 tu
1616 2760 1743 2815 puer
1770 2762 1844 2812 es,
1884 2747 1975 2802 ille
1996 2765 2086 2802 au-

501 2825 601 2874 tent
628 2821 707 2876 vir
732 2821 951 2880 bellator
975 2843 1008 2881 α
1024 2827 1291 2898 jusentute
1318 2848 1413 2887 sua
1440 2832 1546 2904 (Ib.
1575 2850 1624 2891 ν.
1648 2835 1761 2909 53),
1792 2838 1843 2892 in
1872 2823 2087 2908 ancipiti

499 2909 826 2968 constitutus
881 2914 1047 2971 David
1102 2920 1315 2990 cogitur
1356 2924 1598 2993 proprias
1640 2927 1833 2984 en‘crre
1877 2929 2086 2986 laudes.

501 2999 652 3092 Quod
675 3004 818 3060 enim
850 3005 902 3062 id
930 3008 1119 3078 nollet,
1149 3025 1217 3065 ex
1256 3012 1523 3081 prioribus
1554 3019 1813 3089 arguitur,
1842 3021 2087 3092 quando-

497 3091 713 3183 quidem
744 3109 843 3151 nee
868 3094 1122 3155 fratribus
1144 3100 1257 3158 suis
1274 3101 1345 3159 de
1368 3106 1529 3162 rebus
1548 3122 1578 3161 a
1605 3122 1666 3164 se
1691 3091 1898 3167 fortiter
1921 3117 2087 3183 gestis

495 3181 767 3276 quidpiam
809 3186 1042 3258 dixerat,
1082 3200 1141 3248 ut
1180 3209 1353 3266 neque
1392 3198 1670 3268 militibus,
1725 3202 1832 3259 imo
1876 3181 1943 3260 ne
1985 3205 2086 3276 ipsi

498 3274 630 3347 regi,
675 3277 847 3336 donec
887 3280 1020 3345 vidit
1059 3298 1182 3340 eum
1227 3301 1333 3344 non
1376 3290 1619 3360 credere,
1664 3274 2089 3354 contendere'et

496 3377 844 3438 congressum
868 3387 1021 3429 suum
1046 3384 1233 3431 contra
1253 3377 1616 3437 adversarium
1638 3384 1920 3456 impedire.
1945 3387 2083 3456 Quid

496 3462 621 3513 tunc
648 3456 950 3517 iaciendum
995 3465 1270 3522 restabat?
1301 3482 1370 3526 an
1412 3471 1651 3528 tacenda:
1680 3474 1867 3532 laudes
1890 3479 2083 3535 erant?

495 3547 691 3637 etnon
720 3551 935 3609 sivisset
959 3555 1163 3627 egredi,
1202 3558 1355 3616 etab
1393 3559 1692 3620 imminenti
1733 3566 1972 3637 periculo
2012 3569 2081 3624 li-

494 3636 701 3698 berare.
726 3640 854 3705 Ideo
878 3659 1000 3701 cum
1025 3647 1297 3715 tacuisset,
1326 3652 1542 3722 quando
1570 3636 1749 3712 tacere
1775 3658 2077 3729 oportebat,

491 3730 580 3786 ubi
604 3730 736 3788 vidit
774 3737 1029 3807 temporis
1057 3739 1319 3807 rationem
1358 3742 1411 3799 id
1450 3746 1720 3814 postulare
1747 3757 1803 3806 ut
1830 3749 2080 3822 loquere-

488 3830 596 3889 tur,
624 3836 733 3880 non
758 3823 894 3881 ultra
935 3828 1117 3893 tacuit,
1157 3829 1254 3886 sed
1291 3833 1372 3888 sie
1408 3848 1533 3890 eum
1574 3836 1881 3909 alloquutus
1922 3850 2007 3897 est
2057 3859 2073 3897 :

491 3910 715 3971 Pasceris
749 3932 890 3971 mm
932 3934 1105 3977 seruus
1147 3931 1266 3977 tuus
1292 3941 1493 3998 gregem
1521 3930 1683 3998 patris
1711 3932 1826 3998 mei,
1869 3941 1918 3987 et
1963 3951 2081 3990 cunt

486 4004 673 4097 veniret
699 4006 777 4062 leo
804 4018 893 4062 aut
919 4026 1101 4079 usus,
1126 4022 1175 4067 et
1197 4015 1445 4085 acciperet
1480 4024 1621 4073 orent
1650 4020 1715 4075 de
1736 4038 1909 4094 grege,
1937 4040 2082 4097 egre.

487 4094 662 4149 diebar
688 4107 801 4168 post
828 4115 964 4168 eum,
991 4109 1039 4155 et
1069 4103 1405 4173 percutiebant
1434 4122 1567 4174 eum,
1593 4119 1641 4164 et
1669 4094 1991 4170 mulcebant
2014 4116 2078 4172 ab

485 4203 573 4242 ore
592 4189 725 4261 ejus,
752 4198 801 4245 et
829 4192 1269 4264 apprehendebant
1312 4206 1491 4270 guttur
1515 4203 1648 4272 ejus,
1695 4214 1743 4260 et
1787 4207 2078 4264 occidebant

484 4294 598 4333 eum
625 4294 648 4335 :
668 4296 731 4335 ac
760 4279 954 4338 leonem
978 4292 1028 4339 et
1053 4302 1229 4343 ursum
1257 4292 1506 4359 percussit
1528 4309 1700 4351 seruus
1716 4305 1841 4352 tuus
1869 4315 1895 4354 :
1912 4309 1961 4355 et
1979 4302 2078 4355 erit

482 4369 768 4461 alienigena
783 4372 868 4427 ltic
888 4384 935 4428 et
961 4374 1343 4435 incircumcisus
1364 4381 1494 4437 sicut
1510 4400 1639 4440 unus
1657 4401 1721 4443 es
1738 4388 1809 4443 eis
1838 4390 1885 4461 (i
1898 4429 1913 4444 .
1938 4391 2071 4451 Rea.

485 4461 571 4516 Π.
600 4462 811 4537 34-56).
866 4464 1022 4524 Vides
1060 4470 1330 4543 quomodo
1366 4471 1659 4532 declaravit
1682 4492 1785 4549 qua
1811 4480 1881 4538 de
1909 4498 2069 4540 causa

482 4553 553 4608 ab
588 4569 648 4610 se
689 4554 896 4613 fortiter
929 4570 1078 4631 gesta
1121 4567 1664 4623 commemorarem?
1691 4568 1827 4625 Tum
1866 4574 2072 4638 scilicet

476 4656 573 4699 rex
598 4656 868 4717 assumpta
884 4648 1096 4717 fiducia,
1113 4650 1274 4724 jussit
1290 4653 1458 4711 abire.
1488 4656 1635 4712 Abiit
1655 4674 1837 4733 porro,
1867 4677 2071 4735 pugna-

484 4735 557 4788 vit
579 4745 632 4790 ot
658 4736 802 4792 vicit.
825 4739 895 4795 At
914 4739 1015 4797 nisi
1040 4741 1229 4800 laudes
1243 4758 1369 4803 suas
1382 4760 1711 4818 enarrasset,
1732 4766 2070 4826 nequaquam

482 4840 575 4880 rex
590 4826 663 4880 illi
679 4830 1111 4889 monomachiam
1122 4832 1777 4906 ejusmodiconcessisset;
1788 4840 1953 4900 sinon
1966 4859 2077 4903 cre-

479 4914 723 4984 didisset,
770 4932 877 4975 non
918 4906 1137 4979 sivisset
1165 4939 1291 4983 eum
1336 4925 1390 4982 in
1430 4928 1599 5003 aciem
1628 4932 1991 5005 descendere;
2022 4939 2068 4995 si

478 5022 585 5064 non
611 5008 846 5077 sivisset,
866 5010 1144 5073 victoriam
1169 5017 1537 5090 impedivisset
1562 5038 1576 5075 :
1604 5023 1857 5099 impedita
1885 5040 2100 5087 autem-

479 5099 719 5169 victoria,
753 5116 929 5173 neque
962 5104 1102 5166 Deus
1129 5115 1257 5165 tunc
1285 5108 1630 5181 gioritleatus,
1666 5132 1842 5189 neque
1877 5120 2068 5179 civitas

472 5190 543 5282 ab
587 5193 900 5265 urgentibus
942 5198 1099 5255 malis
1150 5198 1373 5257 liberata
1427 5214 1591 5260 esset.
1641 5206 1718 5265 Ne
1772 5209 1936 5282 igitur
1986 5224 2065 5269 tot

468 5280 700 5341 absurda
718 5286 1111 5359 contingerent,
1130 5306 1303 5364 neque
1320 5302 1482 5351 tanta:
1498 5280 1909 5367 dispensationis
1925 5319 2065 5375 opus

473 5375 878 5445 prmpcdiretur,
912 5386 1132 5437 coaetus
1166 5393 1249 5439 est
1290 5385 1457 5443 David
1502 5391 1745 5460 proprias
1780 5408 2062 5452 recentem

473 5463 742 5522 victorias.
764 5464 835 5525 Ut
851 5468 994 5525 enim
1012 5479 1190 5529 tacere
1208 5475 1404 5544 sciunt,
1431 5478 1519 5533 ubi
1541 5479 1687 5536 nulla
1706 5490 1790 5539 est
1806 5481 2061 5556 loquendi

471 5556 786 5649 necessitas,
819 5558 892 5613 ita
923 5569 980 5615 et
1002 5560 1147 5634 loqui
1175 5575 1390 5635 nerunt,
1424 5567 1478 5623 vi
1508 5568 1741 5627 instante
1767 5581 1928 5649 atque
1954 5574 2059 5630 im-

472 5658 731 5709 mittente.

541 5733 595 5795 8.
641 5736 822 5812 Neque
849 5739 902 5797 in
943 5741 1048 5799 hoc
1088 5754 1313 5815 tantum,
1360 5749 1455 5807 sed
1500 5749 1661 5809 etiam
1703 5752 1758 5810 in
1805 5752 2059 5815 Sunucis

1285 333 1341 392 8.
1369 331 1650 393 JOANNIS
1677 330 2158 390 CHRYSOSTOMI
2187 329 2504 388 AﬂCillEi’.
2537 324 3080 388 CUNSTANTINOP.

3697 325 3811 386 503

2230 460 2459 532 idipsum
2485 459 2777 533 contigisse
2802 458 2926 531 quis
2971 456 3169 516 videat.
3203 457 3414 518 Etenim
3448 457 3538 517 ille
3576 473 3702 517 cunt
3738 464 3825 518 tot

2222 551 2379 609 annis
2402 549 2625 609 iudaice
2653 550 2851 623 popqu
2877 548 3203 621 prchuisset,
3234 550 3397 624 idque
3427 549 3496 608 ad
3520 550 3618 607 Dei
3647 550 3822 622 pinei.

2222 650 2359 711 tum,
2386 656 2486 702 nec
2515 642 2787 715 quidpiam
2828 643 3006 714 magni
3049 642 3120 699 de
3161 657 3222 699 se
3258 657 3513 713 umquam
3563 642 3825 713 loquutus

2221 733 2431 800 fuisset,
2456 732 2619 789 multa
2641 732 2767 789 licet
2786 733 3009 789 haberet
3030 732 3277 801 dicenda,
3295 732 3342 788 si
3361 731 3640 799 voluisset,
3663 744 3822 788 suam

2218 840 2249 880 a
2278 826 2528 895 primaeva
2555 833 2714 881 actate
2743 823 3143 891 educationem,
3185 824 3241 881 in
3281 824 3489 896 temple
3508 836 3818 880 commora-

2222 915 2440 973 tionem.
2468 912 2768 984 prophetia:
2794 912 2998 969 donum
3040 913 3112 969 ab
3155 912 3512 979 incunabulis,
3545 920 3669 985 post
3704 911 3824 968 itare

2219 1001 2381 1069 bella,
2406 1001 2675 1069 victorias,
2706 1015 2975 1073 quasston
3004 1002 3193 1069 armis,
3223 1001 3322 1059 sed
3343 1016 3414 1059 ex
3440 1001 3817 1058 benevolentia

2222 1093 2315 1151 Dei
2351 1092 2521 1149 aciem
2560 1092 2832 1149 instruens
2857 1093 3148 1164 reportavit
3186 1110 3203 1149 :
3233 1092 3428 1149 borum
3460 1099 3640 1148 tamen
3685 1089 3821 1147 nihil

2216 1183 2476 1253 superiori
2509 1192 2751 1254 tempore
2776 1183 3006 1238 dixerat.
3034 1184 3106 1238 At
3148 1182 3237 1239 ubi
3277 1182 3633 1254 principatum
3660 1181 3819 1237 abdi-

2215 1286 2450 1338 caturus,
2500 1273 2768 1344 alteriquc
2813 1273 3096 1343 imperium
3152 1272 3446 1329 traditurus
3495 1284 3637 1337 crat,
3692 1280 3820 1331 tunc

2214 1374 2430 1422 coactus
2455 1374 2540 1422 est
2565 1367 2809 1437 proprias
2846 1365 3031 1422 laudes
3063 1380 3371 1433 recensere,
3420 1365 3581 1436 idque
3622 1363 3819 1418 adme-

2214 1454 2339 1510 dum
2370 1471 2549 1526 parce.
2594 1456 2937 1528 Evecatoque
2987 1456 3241 1511 universo
3284 1454 3506 1530 populo,
3546 1462 3820 1526 pt’asento

2214 1545 2396 1612 Saule,
2422 1548 2492 1603 ita
2524 1550 2778 1620 loquutus
2804 1557 2889 1606 est
2927 1566 2945 1604 :
2992 1547 3125 1603 Ecce
3148 1548 3318 1602 audiui
3362 1563 3531 1602 uocent
3572 1554 3816 1609 uestram,

2212 1649 2261 1693 et
2288 1639 2524 1694 constitui
2551 1641 2691 1696 vobis
2715 1656 2881 1712 regem
2907 1655 2928 1695 :
2950 1649 2998 1696 et
3026 1656 3118 1712 ego
3144 1654 3257 1695 eccs
3275 1646 3598 1693 conuersatus
3622 1651 3740 1690 sum
3765 1636 3816 1688 in

2211 1742 2481 1803 conspectu
2525 1742 2689 1788 uestro
2723 1750 2756 1787 a
2789 1734 3060 1805 jurentute
3100 1750 3232 1799 utea,
3279 1741 3326 1787 et
3364 1747 3521 1803 usque
3561 1729 3633 1783 ad
3679 1729 3816 1783 dit-ru

2210 1822 2367 1887 hanc,
2395 1833 2442 1878 et
2468 1825 2630 1878 senui.
2666 1823 2987 1896 Respondete
3012 1835 3189 1880 contra
3215 1842 3296 1879 tne
3317 1825 3372 1879 in
3400 1832 3674 1893 conspectu
3696 1820 3814 1875 Do-

2210 1916 2356 1984 mini,
2378 1925 2425 1971 et
2445 1917 2497 1971 in
2517 1925 2787 1989 conspectu
2810 1916 2989 1971 cltristi
3008 1919 3153 1989 ejus:
3178 1918 3324 1989 cujus
3351 1926 3574 1971 uestrum
3598 1916 3815 1970 vitulum

2208 2006 2381 2074 accepi
2399 2007 2425 2059 .9
2456 2016 2546 2059 aut
2576 2007 2723 2074 cujus
2762 2006 2963 2061 asinum
3003 2006 3221 2076 accepi?
3263 2015 3351 2060 aut
3384 2021 3534 2078 quem
3580 2016 3807 2059 vestrum

2208 2094 2480 2165 Oppressi!
2525 2105 2615 2149 aut
2667 2097 2751 2151 sui
2794 2106 3013 2151 oestrum
3068 2096 3167 2152 vim
3216 2096 3354 2166 feci!
3397 2105 3487 2151 aut
3541 2112 3607 2150 es
3657 2096 3812 2166 cujus

2208 2194 2426 2238 restium
2483 2200 2638 2239 manu
2690 2187 2861 2258 accepi
2911 2187 3247 2258 placationem
3300 2196 3389 2241 aut
3441 2186 3669 2241 calceum
3690 2227 3707 2252 ,
3762 2196 3811 2240 et

2204 2274 2445 2328 abscondi
2488 2276 2663 2330 oculos
2714 2292 2850 2331 meos
2890 2278 2945 2331 in
2987 2277 3123 2333 illo!
3163 2277 3327 2332 Dicite
3374 2285 3552 2331 contra
3601 2292 3703 2341 me,
3759 2285 3812 2330 et

2202 2366 2465 2421 restituant
2515 2367 2652 2421 vobis
2693 2367 2770 2440 (l.
2823 2368 2953 2439 Reg.
3005 2369 3093 2424 12.
3146 2368 3290 2441 1-3).
3344 2369 3525 2439 Ecqua
3567 2369 3813 2424 necessi-

2205 2466 2285 2513 tas
2330 2458 2444 2515 hazc
2488 2459 2737 2526 dicendi,
2782 2460 3027 2531 inquies?
3070 2460 3232 2515 Multa
3290 2474 3610 2531 magnaque.
3657 2458 3807 2526 Quo-

2204 2550 2347 2603 niam
2401 2550 2542 2603 cnim
2600 2550 2893 2620 principem
2950 2549 3264 2607 indueturus
3322 2550 3428 2606 illis
3482 2557 3602 2605 erat
3666 2549 3806 2605 Sau-

2203 2637 2327 2702 icm,
2376 2649 2429 2693 ut
2472 2640 2644 2694 insui
2690 2641 2856 2709 ipsius
2884 2640 3207 2711 defensione
3248 2640 3467 2696 doceret
3506 2652 3658 2707 eum,
3698 2654 3806 2711 quo

2202 2738 2355 2798 pacto
2398 2744 2631 2801 pra'esse
2679 2740 2987 2799 oporteret,
3037 2742 3091 2786 et
3143 2746 3327 2787 curam
3376 2745 3570 2802 gerere
3618 2728 3805 2785 subdi-

2202 2829 2396 2889 torum,
2425 2823 2571 2892 ipsos
2596 2821 2840 2877 subditos
2861 2822 3216 2892 philosophia:
3235 2836 3346 2876 sua:
3373 2830 3537 2876 testes
3557 2820 3799 2875 adducit.

2196 2911 2306 2967 Nec
2332 2913 2458 2968 illud
2488 2914 2595 2985 egit
2621 2914 2832 2984 imperii
2855 2914 2937 2969 sui
2968 2924 3233 2985 tempore,
3266 2930 3335 2970 ne
3359 2914 3482 2984 quis
3502 2912 3716 2968 diceret
3737 2911 3803 2966 il-

2199 3004 2276 3059 los
2304 3019 2412 3073 pra:
2441 3004 2607 3075 ipsius
2636 3018 2779 3061 metu
2811 3022 2873 3061 ac
2898 3006 3183 3062 formidine
3207 3022 3328 3077 qua:
3367 3021 3473 3061 non
3516 3015 3676 3061 erant
3720 3015 3798 3061 te-

2197 3098 2454 3153 stilicatos
2480 3112 2623 3164 esse;
2642 3114 2824 3155 verum
2850 3099 2958 3170 jam
2984 3100 3160 3155 soluta
3184 3114 3281 3155 sua
3306 3098 3793 3160 administratione.

2196 3202 2319 3243 cum
2345 3190 2397 3243 in
2426 3189 2590 3243 alium
2622 3188 2937 3259 pm-foctura
2967 3191 3222 3245 translata
3265 3198 3431 3256 esset,
3478 3188 3798 3259 nullumque

2194 3285 2465 3339 accusanti
2494 3283 2785 3354 periculum
2812 3284 3055 3350 instaret,
3080 3294 3206 3339 tunc
3230 3298 3350 3339 cum
3374 3283 3479 3337 illis
3502 3283 3794 3352 disceptat.

2194 3376 2525 3447 Quamquam
2566 3376 2611 3431 si
2656 3376 2793 3430 alius
2824 3375 3033 3443 fuisset,
3060 3374 3260 3431 ludatis
3302 3376 3541 3430 infensus
3578 3371 3797 3428 futurus

2193 3474 2348 3533 erat,
2400 3481 2501 3522 nec
2551 3466 2808 3521 voluisset
2860 3466 3154 3537 principem
3208 3479 3581 3520 successorem
3629 3478 3792 3520 suum

2191 3574 2401 3631 aequum
2429 3557 2869 3629 moderatumque
2894 3571 3033 3623 esse,
3072 3558 3232 3629 idque
3257 3574 3365 3613 non
3402 3558 3578 3613 solum
3606 3571 3680 3612 ex
3709 3556 3795 3611 in-

2184 3650 2342 3723 juria:
2368 3662 2606 3723 accepta:
2635 3650 2917 3718 memoria,
2944 3648 3039 3705 sed
3067 3657 3125 3705 ut
3150 3658 3205 3705 et
3232 3649 3346 3720 ipse
3375 3647 3636 3719 majorem
3657 3662 3797 3705 cen-

2187 3751 2505 3815 sequeretur
2530 3743 2765 3799 laudem.

2259 3836 2315 3892 9.
2350 3834 2618 3909 Principes
2645 3846 2823 3907 optant
2848 3836 3104 3907 improbos
3142 3835 3329 3891 habere
3364 3850 3793 3891 successores.—

2192 3925 2319 3981 lliud
2346 3925 2489 3981 enim
2532 3925 2705 3981 morbi
2735 3926 3033 3996 principum
3062 3924 3257 3981 animis
3314 3924 3530 3990 insidet,
3564 3935 3623 3980 ut
3656 3938 3791 3981 suc-

2189 4030 2434 4072 cessores
2459 4030 2587 4079 suos
2608 4016 2882 4087 improbos
2906 4016 3306 4085 sceleratosque
3327 4030 3451 4072 esse
3474 4023 3788 4087 peroptent.

2188 4108 2318 4165 Nam
2350 4110 2395 4164 si
2441 4108 2647 4165 strenui
2686 4109 3044 4179 generosique
3088 4109 3313 4177 fuerint,
3359 4108 3681 4163 illustriores
3725 4122 3790 4164 se

2186 4201 2569 4258 existimandus
2594 4215 2714 4256 esse
2760 4209 2970 4271 putant,
2999 4201 3046 4257 si
3094 4202 3148 4267 ii,
3192 4200 3289 4272 qui
3318 4200 3603 4270 imperium
3631 4198 3789 4254 exci-

2186 4293 2356 4363 piunt,
2394 4308 2501 4351 non
2536 4292 2619 4347 sui
2657 4292 2862 4348 similes
2891 4293 2997 4347 sint
3028 4309 3043 4348 :
3088 4293 3133 4348 si
3176 4292 3626 4363 autemperversi
3655 4305 3786 4347 eor-

2183 4385 2434 4453 ruptiquc
2463 4383 2589 4448 sint,
2624 4392 2997 4438 successorum
3026 4382 3319 4455 nequitiam
3348 4382 3651 4454 apologiam
3679 4382 3787 4439 sibi

2182 4481 2297 4530 tore
2324 4483 2528 4545 putant.
2558 4474 2667 4530 Sed
2698 4490 2806 4539 non
2836 4474 2958 4529 talis
2992 4485 3112 4529 erat
3149 4476 3339 4531 beatus
3366 4474 3455 4531 ille
3478 4473 3595 4543 vir;
3628 4485 3789 4547 opta-

2181 4568 2273 4624 bat
2296 4568 2493 4639 quippe
2523 4567 2769 4636 votisque
2800 4566 3048 4622 omnibus
3086 4567 3358 4639 cupiebat,
3389 4575 3448 4623 ut
3472 4566 3633 4640 longe
3663 4582 3780 4623 me-

2181 4660 2298 4715 liori
2328 4659 2554 4730 imperio
2580 4657 2890 4715 fruerentur
2922 4677 2934 4713 :
2970 4667 3122 4713 tanto
3155 4658 3360 4715 scilicet
3396 4673 3582 4716 amore
3626 4666 3782 4715 teuc-

2181 4749 2358 4816 batur,
2391 4764 2561 4821 usque
2584 4748 2721 4805 adeo
2746 4750 2930 4805 livoris
2958 4764 3024 4804 ex
3035 4764 3160 4820 pcrs
3184 4758 3322 4815 erat,
3346 4759 3401 4805 et
3428 4765 3458 4804 a
3496 4763 3632 4805 vana
3658 4747 3784 4820 glo-

2180 4841 2257 4896 ria
2283 4842 2510 4897 alienus.
2534 4840 2811 4912 Siquidem
2838 4856 3002 4896 unum
3024 4849 3228 4896 tantum
3256 4840 3560 4911 expetebat,
3584 4852 3784 4911 nempe

2179 4932 2455 4989 hominum
2489 4933 2737 4989 salutem.
2768 4932 2896 4989 ideo
2925 4934 2978 4988 in
3021 4932 3342 4989 defensione
3379 4948 3474 4987 sua
3518 4931 3784 5004 principis

2176 5024 2355 5081 ofﬁcia
2375 5024 2717 5096 depingebat.
2751 5024 2885 5093 Quia
2910 5025 3077 5092 enim,
3108 5023 3154 5081 si
3182 5038 3369 5097 regem
3401 5024 3781 5094 compellasset

2166 5131 2240 5173 "ac
2267 5116 2513 5185 dixisset,
2558 5116 2691 5173 Esto
2714 5131 2918 5188 aequus,
2954 5126 3291 5183 mansuetus,
3333 5114 3649 5173 muneribus
3678 5116 3782 5172 im-

2174 5209 2409 5280 pervius,
2438 5207 2638 5264 nemini
2666 5208 2774 5264 vim
2800 5208 3020 5275 inferas,
3048 5210 3319 5265 neminem
3346 5207 3533 5275 lardas,
3561 5207 3646 5265 vel
3674 5207 3777 5265 de-

2172 5300 2409 5367 fraudes,
2437 5317 2600 5373 grave
2633 5302 2765 5359 illud
2799 5302 3191 5374 moiestumque
3215 5300 3406 5358 fuisset
3425 5301 3699 5367 audienti;
3732 5303 3776 5358 si

2174 5393 2434 5451 tacuisset
2455 5393 2605 5462 item,
2629 5393 2760 5451 illud
2785 5404 2902 5452 erat
2922 5394 3179 5468 populum
3208 5394 3477 5475 prodere:
3502 5390 3773 5451 defensio-

2171 5486 2256 5541 nis
2282 5485 2465 5558 specie
2494 5487 2703 5559 utrique
2728 5487 3041 5557 remedium
3066 5486 3312 5543 adhibuit
3350 5503 3365 5541 :
3397 5486 3546 5545 illum
3568 5485 3774 5566 quippe

2170 5577 2353 5635 docuit
2376 5592 2537 5650 quem
2563 5590 2837 5651 oporteret
2867 5594 2989 5635 esse
3016 5594 3219 5650 regem,
3246 5575 3482 5651 talisque
3498 5581 3770 5639 doctrinae

2166 5669 2470 5727 molestiam
2512 5668 2713 5741 cﬂ'ugit.
2759 5669 2825 5726 Et
2870 5670 3087 5740 quidem
3129 5668 3473 5725 videturiile
3517 5684 3613 5739 pro
3656 5671 3768 5726 suis

2167 5768 2374 5821 tantum
2402 5757 2563 5818 rebus
2588 5760 2913 5834 disceptare,
2942 5760 3209 5835 docetque
3237 5759 3452 5818 interim
3485 5760 3631 5819 illum
3659 5767 3769 5834 quo
