4074 6456
342 435 451 495 509

343 547 505 603 uredo
543 566 719 621 quave
741 549 953 605 ratione
968 544 1308 603 subditorum
1340 560 1527 600 curam
1554 558 1743 616 gerere
1781 558 1945 615 Opor-

944 429 1036 485 DE
1077 427 1325 486 VERBIS
1364 428 1722 501 APOSTOLI,
1766 431 2034 491 UTINAM
2075 435 2584 496 SUSTINERETIS
2620 439 2955 499 IIODICUM.
2996 443 3087 500 lli.

3549 447 3657 506 510

2057 559 2147 600 sos
2174 544 2226 599 in
2253 546 2464 599 circuitu
2496 545 2559 600 de
2588 562 2741 599 manu
2768 547 3088 602 inimicorum
3113 557 3413 619 vestrorum,
3446 559 3495 605 ct
3514 550 3658 605 [tabi-

342 647 471 693 tcat.
517 637 600 693 τυ
630 653 759 693 vero
788 638 920 693 mibi
950 638 1222 708 perpende
1249 634 1522 707 quomodo
1561 650 1622 691 se
1657 633 1944 706 diligenter
2051 639 2168 693 tatis
2195 636 2508 703 conﬁdenter
2535 639 2611 710 (1.
2643 636 2774 711 Reg.
2809 638 2895 693 l2.
2933 638 3042 710 11).

338 730 486 784 omni
513 744 735 785 munere
753 746 946 801 purum
968 743 1089 785 esse
1108 730 1462 784 demonstret.
1486 728 1602 783 Non
1622 728 1762 784 enim
1785 728 1939 790 dixit,

2122 727 2208 782 10.
2241 728 2423 784 Sancti
2442 729 2644 783 nonnisi
2670 735 2877 800 urgente
2901 731 3193 786 necessitate
3226 730 3406 787 laudes
3435 748 3557 787 suas
3578 734 3649 801 ef-

338 820 475 876 Num
507 836 667 892 agros
701 821 1000 893 cujuspiam
1028 832 1268 876 vestrum
1296 822 1529 877 abstuli?
1555 836 1680 877 num
1712 821 1943 876 aurum?
2046 822 2237 891 feraris.
2269 852 2341 861 —
2368 820 2557 876 Viden‘
2584 822 2851 892 quomodo
2889 822 2943 877 in
2989 837 3141 879 more
3183 826 3256 879 sit
3298 824 3500 880 sanctis
3543 839 3652 880 non

336 910 432 965 sed
475 911 620 981 quod
663 912 901 967 omnium
947 911 1266 967 vilissimum
1308 922 1447 979 erat,
1498 911 1635 967 Num
1671 912 1936 980 calceum,

335 1002 549 1073 inquit?
611 1003 812 1059 Deinde
874 1003 1034 1059 aliam
1102 1021 1332 1076 eamque
1387 1021 1635 1075 magnam
1684 1006 1938 1062 virtutem

333 1109 487 1148 suam
517 1092 787 1165 patefecit.
819 1093 951 1162 Quia
987 1096 1129 1152 enim
1168 1097 1321 1151 multi
1366 1096 1653 1168 principes,
1684 1097 1811 1152 dum
1855 1096 1939 1152 fu-

333 1195 541 1249 rantur,
583 1186 849 1242 mansueti
881 1196 1005 1244 sunt
1042 1197 1098 1244 et
1143 1188 1427 1255 moderati,
1470 1205 1578 1244 non
1617 1198 1806 1261 suapte
1844 1206 1938 1245 na-

334 1282 473 1343 tura,
503 1275 599 1331 sed
629 1284 856 1348 cogente
879 1279 1230 1343 conscientia,
1275 1278 1417 1349 quod
1456 1279 1664 1337 scilicet
1702 1280 1807 1335 illis
1835 1279 1935 1335 ad-

338 1366 562 1420 missum
591 1367 788 1422 furtum
819 1367 1067 1424 fiduciam
1096 1370 1247 1424 tollat
1275 1388 1286 1425 :
1320 1380 1505 1426 contra
1535 1386 1666 1427 vero
1691 1374 1781 1441 qui
1811 1388 1934 1426 mu-

332 1470 460 1512 nera
498 1470 839 1528 aversantur,
882 1459 1095 1516 molesti
1139 1462 1464 1532 onerosique
1501 1472 1647 1529 sunt,
1696 1478 1796 1518 nec
1833 1463 1933 1533 ipsi

328 1557 517 1617 suapte
552 1556 764 1617 natm,
793 1550 890 1606 sed
927 1567 993 1607 ex
1023 1551 1253 1623 quadam
1298 1569 1431 1608 vana
1465 1554 1658 1626 gloria,
1704 1564 1756 1609 et
1787 1556 1930 1626 quod

328 1640 641 1694 muneribus
665 1642 818 1696 vacui
847 1642 957 1697 sint
992 1661 1006 1697 :
1054 1652 1280 1714 utraque
1320 1653 1500 1700 autem
1542 1647 1679 1701 mala
1724 1646 1777 1702 in
1824 1663 1932 1701 uno

323 1742 654 1786 concurrere
679 1746 785 1787 non
816 1732 973 1789 facile
1000 1734 1183 1790 videas
1232 1756 1245 1790 :
1289 1752 1411 1791 cum
1450 1737 1736 1793 ostendere
1771 1739 1931 1795 vellet

325 1817 406 1870 vir
433 1817 523 1873 ille
560 1830 800 1889 sanctus,
848 1838 909 1880 se
950 1832 1005 1880 et
1037 1826 1353 1881 muneribus
1382 1836 1435 1882 et
1470 1828 1547 1881 ira
1593 1829 1926 1898 superiorem

325 1905 509 1977 fuisse,
549 1911 637 1966 ubi
667 1911 913 1982 dixisset,
960 1914 1106 1969 Num
1148 1917 1361 1970 vitulum
1398 1920 1671 1988 cujusdam
1710 1930 1928 1975 vestrum

322 2001 531 2069 accepi?
558 2018 662 2056 non
693 2005 874 2069 tacuit,
906 2004 1000 2060 sed
1030 2007 1328 2076 subiunxit,
1359 2009 1463 2063 Aut
1490 2012 1721 2081 oppressi
1747 2030 1925 2081 quem-

322 2089 459 2155 piam
490 2095 872 2163 uestrumﬂaut
914 2095 1163 2167 depressi,
1211 2098 1263 2153 id
1303 2107 1406 2162 est,
1452 2101 1717 2156 contrivi?
1756 2103 1924 2171 llujus

319 2193 482 2249 porro
503 2182 631 2239 dicti
655 2201 847 2242 sensus
870 2196 955 2244 est
978 2207 993 2243 :
1018 2189 1187 2245 Nemo
1209 2190 1337 2246 illud
1365 2191 1545 2249 dicere
1567 2196 1751 2263 possit,
1780 2196 1924 2266 quod

318 2285 424 2326 non
443 2278 742 2346 acceperim
769 2279 1008 2350 quidem,
1039 2281 1133 2337 scd
1156 2284 1280 2353 quia
1306 2298 1413 2339 non
1439 2300 1774 2356 acceperam,
1802 2288 1921 2343 ideo

314 2366 511 2432 gravis,
544 2368 826 2438 molestus,
869 2372 1103 2428 crudelis
1147 2382 1203 2429 et
1250 2375 1499 2430 immanis
1538 2377 1749 2432 fuerim.
1783 2379 1917 2433 Pro-

314 2462 502 2522 pterea
550 2456 766 2514 dicebat
813 2477 829 2516 :
881 2460 1023 2517 Num
1074 2466 1304 2535 Oppressi
1358 2468 1649 2538 quempiam
1697 2480 1917 2525 vestrum

313 2546 390 2615 (I.
437 2546 569 2619 Reg.
627 2550 714 2605 12.
748 2552 895 2624 3-1).
932 2554 1070 2621 Quid
1109 2555 1270 2626 igitur
1308 2556 1425 2611 illi?
1460 2556 1581 2612 Non
1622 2563 1916 2630 Oppressisti

312 2651 426 2703 nos,
456 2653 618 2709 neque
642 2643 855 2706 natasti,
887 2660 977 2699 nec
1002 2648 1244 2716 accepisti
1269 2664 1334 2702 ea:
1359 2665 1515 2703 manu
1554 2660 1727 2705 nostra
1760 2653 1912 2723 quid-

310 2725 469 2798 piam.
523 2728 593 2783 Et
631 2739 691 2785 ut
732 2732 908 2789 discas
960 2735 1110 2792 illum
1161 2747 1221 2792 ut
1272 2755 1453 2810 regem
1506 2742 1745 2799 erudiret
1797 2744 1913 2802 lucc

307 2815 529 2883 dixisse,
560 2820 834 2890 subjunsit
874 2839 892 2880 :
939 2824 1099 2881 Testis
1134 2826 1408 2898 Dominus,
1436 2840 1485 2885 et
1527 2835 1665 2888 testis
1692 2836 1911 2891 chrisma

304 2909 417 2977 ejus
439 2909 547 2979 (Ib.
573 2927 620 2964 υ.
650 2912 703 2982 5)
732 2932 748 2970 :
774 2913 877 2971 hoc
899 2926 1076 2973 autem
1102 2920 1395 2976 ostendens
1421 2932 1583 2992 atque
1603 2926 1905 2995 declarans,

309 3012 504 3070 nempe
541 3003 908 3061 testimonium
956 3023 1063 3065 non
1104 3010 1271 3067 fuisse
1313 3013 1379 3068 ad
1428 3016 1652 3085 gratiam
1698 3017 1906 3088 datum,

305 3089 480 3159 ipsum
497 3093 777 3152 advocavit
807 3109 1019 3166 testem,
1042 3102 1132 3171 qui
1150 3104 1346 3159 mentis
1376 3121 1570 3162 arcana
1584 3111 1905 3181 novit,quod

300 3191 384 3237 est
423 3185 633 3255 signum
665 3203 812 3257 pura:
852 3195 1218 3251 conscientias.
1258 3196 1429 3253 Nemo
1470 3203 1688 3272 quippe,
1720 3221 1900 3272 nemo,

302 3276 402 3331 nisi
428 3289 612 3335 mente
656 3291 846 3351 captus
879 3299 943 3339 ac
986 3285 1224 3343 furiosus
1267 3290 1357 3355 sit,
1405 3296 1750 3350 conscientia:
1791 3312 1903 3355 sua:

308 3377 499 3464 testem
522 3373 884 3464 advocaverit
928 3378 1119 3447 Deum,
1160 3382 1260 3437 nisi
1302 3384 1369 3439 ad
1408 3386 1623 3442 modum
1655 3390 1754 3444 sibi
1800 3391 1900 3464 ipsi

298 3457 445 3515 tidat.
504 3462 639 3519 Cum
701 3467 881 3539 itaque
948 3470 1021 3524 illi
1078 3471 1216 3528 dicta
1274 3475 1441 3543 ipsius
1502 3495 1600 3534 suo
1657 3457 1898 3538 testimo-

296 3549 388 3603 nio
419 3552 822 3624 conﬁrmarent,
866 3560 1025 3615 aliam
1073 3562 1187 3632 ipse
1227 3566 1473 3622 virtutem
1514 3586 1663 3626 suam
1702 3576 1897 3643 prtedi-

294 3648 381 3695 cat
410 3659 421 3694 :
456 3658 519 3698 ac
552 3651 990 3707 commemoratis
1026 3656 1259 3725 antiquis
1286 3658 1390 3711 illis
1416 3661 1685 3729 onmibus,
1721 3668 1811 3735 qui
1841 3668 1893 3723 in

293 3730 526 3803 Egypto
572 3737 809 3805 fuerunt,
859 3758 1068 3801 necnon
1118 3748 1209 3803 Dei
1254 3754 1586 3821 patrocinio,
1633 3730 1895 3830 bellisque

290 3838 411 3893 qua
446 3835 630 3896 postea
659 3834 1019 3905 contigerunt,
1052 3841 1215 3895 refert
1242 3860 1470 3914 pugnam
1502 3863 1560 3902 se
1584 3850 1719 3906 duce
1744 3869 1893 3909 com-

290 3917 510 3974 missam
556 3930 611 3977 et
655 3924 935 3983 victoriam
982 3930 1309 4002 inopinatam
1345 3953 1357 3990 :
1398 3953 1462 3993 ac
1507 3954 1627 3994 cum
1667 3942 1891 4001 dixisset

287 4010 559 4077 quomodo
583 4028 728 4107 saepe
755 4016 827 4072 ob
853 4031 1069 4089 peccata
1094 4040 1189 4079 sua
1229 4027 1462 4085 inimicis
1494 4034 1736 4101 traditos,
1772 4036 1889 4107 ipso

287 4111 566 4171 precante,
598 4105 741 4162 Deus
764 4110 834 4165 ab
859 4110 1103 4169 hostibus
1140 4118 1471 4187 liberaverit,
1498 4126 1772 4183 veteribus
1795 4105 1889 4185 irc-

499 4194 816 4288 adjnngens,
866 4200 946 4257 sic
992 4205 1153 4261 infert
1192 4226 1206 4264 :
1253 4209 1399 4265 Misit
1434 4214 1573 4269 Deus
1615 4216 1879 4288 Jerobaal,

284 4279 492 4337 Gedeon
517 4286 617 4356 (a),
646 4287 839 4361 Barac,
872 4292 1133 4366 Jephtlue,
1174 4310 1223 4354 et
1255 4300 1565 4373 Samuelem,
1613 4317 1659 4361 et
1698 4279 1883 4381 eripuit

341 4390 420 4456 (a)
456 4399 506 4445 tn
528 4394 658 4447 hunc
681 4397 840 4452 locum
881 4410 1016 4457 notat
1046 4408 1250 4461 Savilius
1282 4426 1479 4475 vocem,
1524 4419 1738 4481 Ccdcon,
1766 4435 1879 4473 esse

2046 910 2303 979 prmclara
2350 927 2445 967 sua
2474 921 2623 983 gesta
2665 927 2886 968 narrare
2907 912 3007 969 nisi
3040 921 3263 985 urgente
3290 915 3655 972 necessitate?

2045 1000 2172 1058 ldeo
2200 1002 2396 1058 Paulus
2420 1002 2488 1059 ad
2510 1002 2611 1059 bos
2635 1003 2930 1073 rcSpiciens
2949 1046 2966 1073 ,
2994 1012 3049 1062 et
3073 1014 3325 1063 accurate
3349 998 3649 1071 institutus,

2044 1094 2327 1149 molestum
2358 1110 2750 1171 onerosumque
2773 1110 2926 1161 esse,
2956 1096 3001 1151 si
3038 1098 3162 1168 quis
3203 1097 3273 1153 de
3323 1097 3505 1167 seipse
3546 1099 3649 1154 ali-

2040 1183 2167 1254 quid
2206 1183 2509 1255 proferret,
2540 1185 2775 1253 diccbat,
2812 1184 3020 1241 Utinam
3044 1188 3363 1263 sustineretis
3392 1190 3654 1245 medicare.

2039 1275 2163 1345 quid
2208 1276 2516 1348 insipientia!
2557 1294 2718 1344 mem;
2759 1294 2866 1334 non
2908 1294 3160 1349 magnum
3185 1321 3202 1347 ,
3248 1280 3345 1336 sed
3392 1281 3653 1335 modicum

2037 1368 2164 1435 quid
2188 1367 2265 1437 (2.
2288 1367 2407 1424 Cor.
2438 1356 2631 1442 11.1).
2662 1369 2846 1441 Neque
2870 1370 3014 1425 enim
3062 1382 3289 1442 cogente
3327 1372 3647 1428 necessitate

2038 1458 2311 1529 cepiosam
2336 1459 2551 1515 laudum
2582 1476 2799 1515 suarum
2836 1463 3200 1517 narrationem
3242 1461 3518 1518 edundere
3544 1476 3644 1531 pa-

2038 1559 2187 1606 ratus
2211 1560 2325 1606 erat
2348 1593 2363 1618 ,
2392 1551 2488 1607 sed
2531 1553 2717 1621 paucis
2743 1551 2863 1606 illas
2890 1553 3153 1622 percurrit
3199 1569 3213 1607 :
3260 1563 3315 1608 et
3344 1552 3445 1607 hoc
3467 1552 3642 1622 ipsum

2037 1652 2263 1712 propter
2282 1656 2378 1697 eos
2403 1658 2698 1713 eorumque
2723 1641 2972 1697 salutem.
3007 1641 3471 1709 Quemadmodum
3495 1645 3639 1697 enim

2034 1732 2150 1787 sine
2174 1732 2351 1804 aliqua
2384 1734 2704 1789 necessitate
2729 1749 2827 1789 sua
2868 1748 3157 1790 recensere
3204 1735 3461 1805 praeclara
3490 1742 3637 1803 gesti

2034 1830 2291 1877 extrema:
2318 1824 2604 1879 dementia:
2632 1833 2748 1889 est;
2778 1824 2857 1879 sic
2883 1823 3118 1879 instante
3154 1824 3475 1879 necessitate
3501 1833 3560 1881 et
3588 1824 3637 1879 vi

2031 1912 2418 1983 compellente,
2449 1914 2678 1984 proditio
2701 1923 2845 1969 esset
2870 1914 2963 1969 illa
2988 1917 3170 1970 tacere
3196 1929 3315 1984 qum
3358 1915 3527 1986 probe
3559 1914 3637 1970 fe-

2030 2004 2184 2058 cerit.
2210 2002 2461 2059 Attamen
2489 2004 2686 2061 Paulus
2714 2006 2873 2060 etiam
2902 2020 3025 2059 cum
3059 2014 3272 2075 urgeret
3302 2007 3631 2075 necessitas,

2037 2096 2406 2160 citncctbatttr,
2439 2111 2663 2166 remque
2707 2095 2851 2151 illam
2883 2088 3245 2166 insipientiam
3284 2097 3543 2165 vocabat,
3578 2108 3635 2154 ut

2024 2184 2205 2241 discas
2250 2186 2365 2256 ejus
2418 2186 2756 2255 prudentiam
2808 2196 2863 2243 et
2892 2188 3245 2257 sapientiam,
3280 2203 3634 2258 magnamque

2025 2278 2351 2332 cautionem.
2387 2277 2520 2333 Nam
2562 2294 2683 2333 cum
2711 2278 2969 2346 dixisset,
3006 2278 3158 2347 Quod
3189 2279 3388 2351 loquor,
3418 2298 3517 2335 non
3544 2281 3627 2334 lo-

2023 2382 2151 2435 quor
2175 2368 2454 2421 secundum
2487 2366 2763 2422 Dominum
2783 2409 2798 2433 ,
2842 2368 3071 2439 adjecit,
3114 2366 3189 2431 In,
3211 2370 3307 2423 hac
3342 2369 3627 2425 substantia

2021 2457 2344 2527 gloriationis
2376 2458 2450 2530 (2.
2477 2457 2595 2512 Cor.
2630 2459 2716 2514 11.
2751 2457 2826 2531 7).
2852 2458 2931 2514 Ne
2958 2467 3113 2530 putes
3134 2500 3150 2525 ,
3184 2459 3385 2530 inquit,
3421 2476 3506 2517 me
3534 2477 3628 2531 ge-

2023 2546 2249 2602 neratim
2281 2548 2383 2603 hoc
2404 2550 2605 2604 dicere.
2631 2549 2815 2620 Itaque
2841 2549 2963 2604 ideo
2979 2549 3212 2606 maxime
3239 2551 3413 2605 virum
3444 2551 3625 2617 laudo,

2018 2640 2257 2696 admiror
2285 2652 2341 2696 et
2364 2641 2819 2712 sapientissimum
2855 2656 2988 2697 voco
3008 2684 3023 2709 ,
3051 2641 3195 2713 quod
3224 2657 3338 2698 rem
3372 2643 3629 2713 insipien-

2020 2739 2126 2786 tem
2159 2747 2280 2789 esse
2310 2742 2520 2804 putaret
2546 2736 2783 2804 scipsum
2811 2734 3030 2790 laudare
3069 2744 3125 2789 et
3147 2734 3443 2791 celebrem.
3472 2735 3624 2805 Quod

2016 2824 2061 2879 si
2094 2824 2183 2879 ille
2206 2866 2222 2889 ,
2254 2825 2376 2881 licet
2406 2826 2780 2881 necessitatem
2812 2826 3014 2882 instare
3029 2825 3239 2882 videret
3258 2867 3276 2895 ,
3301 2826 3404 2883 hoc
3432 2828 3585 2883 stulti
3604 2860 3617 2869 -

2015 2914 2143 2968 tiam
2162 2913 2520 2986 vocabat,qua
2542 2916 2718 2983 venia,
2736 2932 2840 2988 qua
2858 2918 3204 2973 excusatione
3224 2916 3368 2989 digni
3383 2927 3545 2974 erunt
3564 2920 3618 2985 ii,

2013 3003 2103 3074 qui
2134 3004 2278 3059 nulla
2307 3006 2629 3062 necessitate
2653 3007 2720 3063 de
2748 3007 2942 3077 seipsis
2964 3023 3154 3080 magna
3180 3008 3409 3080 iactant,
3439 3018 3533 3065 aut
3562 3026 3621 3064 a-

2013 3095 2115 3150 lios
2134 3095 2335 3165 jactare
2360 3098 2594 3168 cogunt?
2612 3098 2736 3153 Hmc
2765 3115 2887 3154 cum
2914 3108 3188 3169 comperta
3205 3100 3518 3165 habeamus,
3552 3119 3622 3159 ne

2012 3185 2121 3251 illa,
2142 3202 2261 3256 qua:
2288 3186 2428 3242 dicta
2459 3197 2603 3254 sunt,
2625 3187 2903 3243 laudemus
2927 3198 3152 3255 tantum,
3178 3190 3272 3246 sed
3304 3193 3465 3247 etiam
3494 3191 3619 3247 imi-

2011 3285 2185 3333 temur
2213 3287 2269 3333 et
2294 3280 2637 3346 aemulemur,
2666 3290 2722 3335 et
2752 3292 2898 3337 recte
2926 3278 3192 3338 factorum
3220 3282 3371 3339 obliti
3400 3294 3617 3355 peccata

2007 3382 2223 3436 semper
2246 3384 2759 3439 commemoremus,
2789 3380 2851 3426 ut
2878 3379 2931 3427 et
2970 3372 3248 3430 moderate
3286 3389 3445 3447 agere
3490 3393 3616 3448 pos-

2004 3460 2196 3527 simus,
2248 3472 2301 3516 et
2330 3461 2397 3515 ad
2439 3477 2501 3517 ea
2547 3478 2669 3532 qua:
2698 3474 2825 3518 ante
2873 3478 2972 3520 nos
3020 3474 3141 3520 sunt
3193 3466 3614 3536 contendentes,

2006 3550 2253 3605 bravium
2307 3567 2553 3623 superna:
2594 3555 2887 3611 vocationis
2939 3557 3295 3627 accipientes,
3351 3559 3515 3629 gratia
3559 3569 3612 3615 ct

2002 3642 2334 3713 benignitate
2380 3643 2592 3699 Domini
2626 3646 2795 3700 nostri
2819 3645 2946 3701 Jesu
2994 3646 3191 3704 Christi
3214 3690 3229 3715 ,
3262 3651 3478 3719 quicum
3510 3650 3612 3707 Pa-

2004 3735 2090 3797 tri,
2143 3752 2245 3790 uua
2304 3752 2427 3792 cum
2490 3748 2681 3793 sancto
2732 3738 2967 3809 Spiritu,
3023 3742 3230 3811 gloria,
3286 3744 3603 3812 imperiunm,

2000 3826 2192 3894 honor,
2237 3844 2379 3884 nunc
2427 3837 2480 3884 et
2526 3843 2759 3900 semper,
2800 3840 2855 3885 et
2898 3830 2951 3885 in
3004 3832 3203 3887 sucula
3259 3833 3603 3890 smculorum.

1999 3917 2039 3970 Α
2050 3933 2192 3971 men.

1994 4093 2291 4155 superfluam
2315 4099 2573 4158 ortamquc
2591 4109 2655 4145 ex
2682 4096 2983 4159 glossemate
3007 4098 3259 4163 marginali
3278 4101 3339 4152 ad
3359 4102 3603 4154 Jerobual.

1993 4160 2046 4227 Et
2069 4154 2273 4227 quidem
2294 4158 2425 4227 idem
2452 4162 2563 4227 erat
2592 4156 2822 4227 .terobaai
2845 4165 2898 4209 et
2936 4161 3156 4227 (:etleon.
3184 4169 3354 4227 Itaque
3377 4172 3463 4227 aut
3487 4179 3603 4227 vox,

2093 4216 2199 4274 'eon,
2227 4224 2310 4265 aut
2333 4216 2682 4288 virgu|a_int.er
2705 4221 2895 4272 Gedeon
2918 4223 3219 4288 etjerobaat
3252 4216 3408 4288 posita
3428 4216 3603 4275 delita-'-

1992 4283 2070 4326 tur
2095 4286 2410 4344 necesse‘est
2443 4293 2455 4344 _:
2496 4281 2689 4344 virgula
2710 4288 2879 4333 autem
2909 4283 3081 4335 deleta
3104 4320 3120 4335 .
3152 4281 3478 4337 duo'nomins
3515 4300 3603 4338 stt-

1990 4344 2187 4389 ntentur
2210 4341 2505 4405 coniunctim
2527 4341 2677 4393 unum
2701 4351 2755 4395 et
2778 4346 3009 4397 eiundem
3032 4346 3373 4410 signiﬁcantia.
