4074 6396
1222 366 1280 423 8.
1314 365 1600 424 ιοΑδΝιδ
1635 364 2100 426 οιιιιγεοετοδι

2218 363 2500 423 ,ιιωιιειι
2537 362 3081 423 CONS’I‘ANTINOP.

3677 369 3787 425 δη

543 492 3754 527 W

1292 669 1648 733 MONITUM
1689 669 1791 731 AD
1822 669 2202 732 HOMILIAM
2242 670 2323 731 IN
2362 667 2591 732 ILLUD
2632 669 2990 733 APOSTOLI
3006 713 3023 743 ,

602 815 752 873 Hauc
780 814 1057 871 homiliam
1084 813 1342 887 habuisse
1381 814 1835 887 Chrysostomnm
1875 828 1985 882 quo
2030 822 2273 887 tempore
2311 811 2756 887 cum__.§nom_tnis
2797 814 3101 887 Antiochia
3146 815 3543 887 concertabat,
3575 812 3623 869 si
3655 828 3791 887 Lnoa

536 890 760 943 omnino
779 895 1007 945 eertum.
1032 884 1327 940 admodum
1359 881 1548 939 saltem
1579 883 1873 954 verisimile
1899 881 2008 937 est.
2038 883 2092 937 Id
2119 881 2264 938 enim
2296 881 2507 938 exordii
2549 884 2711 939 verba
2738 884 2991 954 suadent.
3015 884 3146 938 Cum
3177 902 3363 954 nuper,
3396 884 3607 951 inquit,
3646 881 3793 935 Plau-

530 956 679 1012 risci
701 966 750 1010 et

780 954 1049 1025 publicani
1082 956 1408 1025 mentionem
1428 955 1715 1025 faceremus
1745 963 1793 1007 et
1826 953 1957 1005 duos
1994 968 2181 1025 currus
2214 968 2280 1007 ex
2306 955 2501 1025 virtute
2529 961 2580 1025 et
2620 952 2840 1025 ss‘sitio
2868 954 3210 1025 jungat-emus
3235 952 3258 1018 ,“
3285 966 3572 1025 utramque

3602 962 3791 1006 osten-

530 1028 727 1088 dimus,
758 1020 1016 1092 quantum
1044 1026 1111 1078 sit
1137 1024 1192 1077 its
1221 1022 1520 1077 humilitate
1545 1022 1701 1085 lucri,
1738 1036 1786 1077 et
1813 1032 2072 1092 quantum
2100 1023 2172 1092 in
2188 1023 2497 1092 arrogantia
2531 1020 2748 1088 damni,
2778 1020 2886 1078 etc.
2927 1020 3052 1077 Hice
3100 1038 3264 1091 porro
3306 1020 3495 1079 confer
3529 1038 3672 1092 cum
3703 1022 3794 1076 bis

536 1095 715 1152 verbis
742 1090 988 1164 llomiliae
1020 1096 1224 1164 quinta:
1253 1104 1441 1164 contra
1474 1092 1767 1164 Auomtnos
1806 1090 1961 1147 tium.
2001 1092 2036 1146 6
2068 1100 2123 1146 et
2158 1090 2188 1144 7
2223 1110 2236 1147 :
2273 1090 2340 1146 Ut
2369 1102 2547 1145 autent
2580 1092 2755 1146 discas
2776 1131 2790 1157 ,
2830 1090 3321 1164 quantnut’bonmu
3366 1095 3434 1164 sit
3469 1108 3575 1146 non
3617 1090 3792 1164 altum

532 1180 738 1230 sapere,
777 1162 1082 1244 (sospites
1107 1178 1317 1220 currus.
1347 1162 1513 1244 iunge
1535 1162 1804 1244 justitiam
1835 1178 1954 1216 cum
1986 1164 2319 1244 arrogantia,
2349 1170 2407 1244 et.
2428 1171 2701 1244 percolunt
2727 1177 2848 1244 caus
2878 1162 3175 1216 humilitate
3202 1178 3220 1217 :
3254 1162 3561 1244 vide-bisqui
3575 1162 3793 1244 peccati

532 1229 745 1287 carrum
770 1229 1004 1301 justrtic
1024 1229 1237 1301 currum
1263 1229 1648 1301 praecedere...
1697 1229 1763 1285 Ut
1794 1246 1951 1301 porro
1988 1229 2165 1285 videas
2192 1232 2328 1285 hanc
2354 1229 2528 1301 biggm
2552 1232 2648 1286 illa
2684 1230 2991 1286 velociorem
3022 1248 3153 1297 esse,
3187 1229 3475 1286 recordare
3495 1282 3498 1286 Α
3517 1230 3790 1301 Pharisci

530 1308 582 1356 et
612 1298 879 1371 publicani
896 1318 916 1367 ;
942 1301 1127 1369 juuxit
1157 1298 1462 1355 Phariae-us
1482 1301 1753 1372 justitiam
1788 1298 1836 1355 et
1865 1303 2253 1372 arrogantiam,
2279 1298 2522 1372 etc._‘ﬂis
2543 1301 2851 1372 conspectis
2886 1302 2975 1355 vix
3009 1311 3094 1372 est
3122 1302 3621 1372 quodrdubitemus
3651 1300 3797 1372 hanc

535 1370 813 1426 botniliam
839 1373 1029 1440 paucis
1050 1380 1172 1438 post
1189 1370 1506 1426 concionem
1534 1372 1782 1440 quiutatn
1819 1370 2011 1440 contra
2034 1370 2339 1440 Anommos
2378 1370 2572 1426 diebus
2598 1371 3006 1440 pronuntiatam
3045 1370 3236 1426 fuisse.
3264 1371 3461 1439 Quinta
3516 1386 3651 1440 vero
3689 1370 3794 1440 bo-

534 1440 683 1496 milia
705 1438 1219 1511 conti-aAnomaeos
1240 1438 1679 1511 eamiprtece’ssit,
1706 1456 1830 1511 qua:
1856 1440 1909 1495 iu
1947 1438 2004 1495 S.
2032 1438 2416 1511 Philogonium
2449 1438 2707 1511 ilictaLest
2734 1441 2974 1511 quinque
3001 1451 3127 1494 ante
3147 1438 3391 1496 Natalem
3422 1439 3641 1494 Domini
3672 1438 3793 1511 dic-

536 1511 669 1580 bus.
691 1507 1061 1580 Quamobrem
1079 1512 1138 1580 si
1168 1510 1310 1580 inter
1337 1507 1694 1580 llomiljashin
1726 1507 2106 1580 l’ltilogonium
2136 1507 2276 1563 et'iu
2306 1508 2550 1564 Natalem
2602 1507 2833 1580 Domini
2856 1507 3003 1565 nulla
3048 1511 3457 1574 intercesserit,
3496 1520 3555 1564 ut
3581 1509 3795 1580 optime

531 1578 751 1660 conjicit
782 1578 1183 1660 Tillemontitus,
1213 1579 1327 1660 hinc
1362 1580 1416 1633 iu
1447 1576 1571 1660 dies.
1595 1576 1837 1660 Natalem
1871 1576 2084 1660 Homini
2110 1582 2532 1660 subsequent”,
2568 1590 2731 1660 atque
2751 1578 2911 1660 _adeo
2949 1580 3002 1634 in
3034 1590 3362 1660 postremos
3395 1582 3522 1660 ataui
3696 1592 3798 1656 ap-

532 1646 711 1720 posite
736 1649 1050 1719 conjicitur.
1081 1646 1200 1715 Qua
1230 1650 1297 1704 de
1322 1664 1381 1704 re
1411 1648 1660 1720 pluribus
1694 1659 1887 1721 agetur
1912 1649 1967 1704 in
1996 1646 2114 1704 Vita
2142 1646 2540 1721 Chrysostomi.
2573 1646 2801 1706 Occasio
2825 1658 3006 1707 autem
3032 1646 3196 1721 hujus
3218 1650 3478 1706 habenda:
3501 1647 3795 1704 concinuis

553 1914 867 1926 μ-

1966 2128 2324 2202 INEOS

641 2276 752 2338 om
795 2278 965 2325 suae
1011 2278 1311 2322 urnnmn
1356 2277 1479 2321 nec
1524 2278 1824 2322 sros'rou
1867 2278 2082 2340 ntegro,

2218 2280 2269 2321 Ἐ
2312 2280 2431 2323 PER
2476 2281 2894 2339 OCCASIONEM,
2926 2284 3064 2327 ειη
3110 2285 3229 2327 PER
3272 2282 3673 2340 VEIITATEI,

999 2356 1306 2401 curus-rus
1353 2357 1805 2400 sunuururun
1853 2339 1873 2419 (
1902 2339 2183 2419 Philipp.
2220 2341 2277 2400 1.
2311 2342 2386 2401 13
2420 2342 2440 2423 )
2470 2363 2485 2414 ;

2089 2456 2198 2517 ΞΕ,

604 2580 655 2635 Ι.
715 2580 781 2635 In
817 2577 1113 2634 humilitate
1145 2588 1403 2649 quantum
1437 2579 1577 2643 boui,
1618 2586 1668 2631 et
1704 2580 1760 2633 in
1795 2583 2109 2650 arrogantia

530 2678 788 2739 quantum
847 2666 978 2723 ntali
1029 2668 1175 2722 insit.
1236 2698 1305 2709 ——
1358 2666 1496 2722 Cum
1540 2684 1718 2738 nuper
1762 2668 2018 2724 Pharisaei
2052 2675 2110 2723 et

530 2757 811 2829 publicani
866 2757 1202 2813 mentionem
1260 2756 1604 2821 faceremus,
1666 2772 1731 2811 ac
1783 2756 1923 2812 duos
1976 2772 2106 2811 cur-

532 2862 630 2903 rus
662 2864 730 2903 ex
765 2848 971 2904 virtute
1004 2855 1061 2903 et
1096 2863 1164 2901 ex
1201 2847 1337 2901 vitio
1363 2848 1758 2918 jungeremus,
1809 2856 2115 2917 utrumque

530 2936 912 3003 ostendimus,
975 2943 1244 3006 quantum
1283 2935 1355 2991 sit
1395 2938 1449 2989 in
1488 2934 1795 2989 humilitate
1831 2935 1968 2990 lucri
1994 2976 2008 3001 ,
2048 2946 2105 2991 et

528 3034 796 3097 quantum
836 3028 891 3082 in
925 3025 1235 3097 arrogantia
1274 3025 1481 3079 damni.
1525 3023 1650 3079 Hzee
1681 3024 1885 3093 quippe
1934 3024 2101 3079 etiam

528 3130 655 3174 eum
690 3117 931 3187 justitia,
991 3125 1047 3172 et
1085 3132 1211 3171 cum
1245 3115 1498 3186 jejuniis,
1557 3124 1721 3185 atque
1760 3115 2100 3170 decimarum

527 3206 802 3262 solutione
862 3207 1189 3277 conjuncta,
1246 3205 1449 3261 defecit
1508 3215 1691 3260 tamen
1754 3223 1767 3258 :
1828 3205 1933 3259 illa
1968 3221 2103 3260 vero

526 3294 693 3347 etiam
742 3309 869 3349 eum
932 3304 1159 3364 peccato
1207 3293 1499 3363 capulata,
1564 3292 1902 3349 Pharisteum
1963 3309 2106 3366 prta-

530 3376 726 3444 vertit,
754 3379 855 3433 etsi
883 3378 1181 3445 improbum
1211 3380 1446 3449 aurigam
1475 3392 1648 3436 nacta.
1681 3383 1818 3450 Quid
1846 3384 1987 3439 enim
2018 3401 2114 3455 pe-

526 3470 613 3541 jus
642 3470 958 3540 publicano?
983 3473 1227 3525 Attamen
1256 3472 1374 3540 quia
1406 3472 1635 3527 animam
1663 3487 1813 3529 suam
1839 3476 2111 3544 contrivit,

529 3570 663 3616 etse
692 3570 1027 3632 peccatorcm
1076 3561 1387 3629 declaravit,
1437 3573 1494 3616 ut
1534 3578 1724 3618 revera
1752 3574 1889 3629 erat.
1922 3565 2012 3620 Pb.
2037 3567 2111 3620 ri-

528 3667 692 3706 sarum
714 3651 1002 3722 superavit,
1029 3650 1115 3721 qui
1131 3651 1331 3721 jcjunia
1351 3661 1405 3707 ct
1429 3652 1759 3708 decimarum
1787 3656 2111 3711 solutionem

531 3742 771 3811 proferre
832 3754 1059 3812 pozerat,
1102 3754 1322 3814 eratque
1366 3746 1434 3799 ab
1465 3747 1610 3800 omni
1666 3748 1901 3816 nequitia
1954 3748 2107 3801 libcr.

529 3836 656 3897 Cur,
684 3844 738 3888 ct
757 3850 855 3903 qua
880 3835 947 3888 de
968 3838 1170 3890 eausa?
1198 3836 1331 3903 Quia
1358 3837 1456 3891 etsi
1485 3838 1552 3891 ab
1576 3838 1796 3893 avaritia
1826 3848 1881 3893 ct
1906 3853 1936 3893 a
1968 3841 2111 3909 rapi-

530 3941 596 3979 na
636 3932 780 3979 esset
804 3925 1030 3989 alienus,
1080 3926 1315 3979 utunium
1368 3909 1629 3981 maloruin
1664 3937 1889 3983 matrem
1921 3945 2111 3985 vanam

528 4016 748 4084 gloriam
798 4026 851 4070 ct
892 4016 1249 4085 arrogantiam
1283 4016 1465 4071 habuit
1503 4017 1555 4072 in
1586 4019 1767 4073 animo
1797 4020 2108 4075 radicatam.

532 4107 654 4163 Ideo
708 4106 904 4162 Paulus
953 4106 1196 4162 hortatur
1223 4119 1277 4163 et
1326 4108 1453 4163 dicit
1503 4127 1517 4164 :
1566 4109 1711 4179 Opus
1747 4127 1895 4165 suum
1937 4112 2109 4182 probet

531 4197 871 4267 Unusquisque
899 4238 915 4262 ,
947 4206 994 4250 et
1021 4197 1094 4251 sic
1122 4198 1173 4251 t'tt
1210 4199 1475 4267 sctttetipso
1531 4199 1746 4270 gloriam
1788 4200 2016 4263 habebit,
2065 4210 2113 4255 et

530 4304 631 4343 non
658 4290 711 4343 in
732 4289 891 4343 altera
920 4287 1062 4359 (Gal.
1086 4287 1141 4343 6.
1180 4287 1255 4355 ι).
1299 4286 1392 4344 Ille
1434 4298 1611 4344 autem
1642 4290 1800 4345 totius
1842 4284 1989 4345 orbis
2023 4307 2115 4348 ac-

529 4389 747 4435 cusator
776 4380 831 4436 in
857 4378 1091 4436 medium
1124 4380 1382 4450 prorupit.
1410 4394 1575 4452 seque
1602 4381 1851 4437 omnibus
1878 4381 2113 4437 hornini-

534 4472 634 4527 bus
664 4471 942 4528 meliorem
970 4471 1121 4526 dixit.
1151 4472 1309 4542 Atqui
1335 4472 1380 4526 si
1410 4472 1585 4542 denis,
1629 4473 1676 4530 si
1701 4474 1879 4545 quinis
1899 4516 1913 4538 ,
1945 4475 1988 4528 si
2035 4474 2116 4532 bi-

529 4562 633 4627 nis,
671 4562 779 4617 imo
804 4562 849 4618 si
880 4561 971 4618 uni
1023 4562 1257 4632 seipsum
1289 4564 1643 4633 praetulisset,
1689 4580 1757 4619 ne
1804 4564 1855 4619 id
1896 4565 2112 4637 quidem

529 4654 806 4710 ferendum
848 4662 965 4711 erat
998 4654 1146 4725 :jam
1180 4668 1311 4709 vero
1353 4668 1460 4709 non
1504 4668 1566 4710 se
1607 4664 1807 4710 tantum
1864 4657 1957 4711 toti
1994 4657 2113 4713 orbi

529 4748 857 4818 anteposuit,
885 4747 979 4802 sed
1008 4747 1170 4803 etiam
1200 4762 1387 4803 omnes
1402 4748 1688 4803 accusavit.
1722 4747 1847 4804 ideo
1872 4749 1924 4803 in
1951 4765 2113 4805 cursu

526 4834 742 4892 defecit.
772 4838 835 4893 Et
858 4853 958 4893 ccu
980 4839 1147 4903 navis,
1170 4838 1260 4908 qui
1292 4838 1599 4893 innumeros
1620 4838 1811 4894 ﬂuctus
1839 4848 2112 4908 pertranso

529 4928 608 4991 iit,
653 4938 706 4983 et
756 4937 1095 4999 tempestates
1120 4929 1316 4984 multas
1354 4928 1557 4999 ell'ugit,
1583 4944 1647 4983 ac
1674 4929 1869 4984 deinde
1898 4931 1950 4984 in
2000 4932 2117 5000 ipso

535 5027 716 5087 portus
735 5021 872 5074 ostio
896 5020 949 5073 in
977 5019 1207 5089 aliquem
1245 5018 1523 5088 scopulum
1554 5020 1792 5089 impegit,
1824 5035 2037 5075 omnem
2061 5036 2113 5075 tn

530 5124 590 5164 se
612 5110 900 5179 repositum
922 5109 1230 5165 thesaurum
1258 5108 1453 5163 amittit
1480 5125 1492 5159 :
1523 5109 1591 5162 ita
1613 5118 1666 5162 et
1696 5108 1783 5163 hic
1813 5108 2115 5164 Pharismus

532 5197 859 5267 post'jejunii
890 5210 1311 5267 cmwrarumque
1338 5197 1577 5252 omnium
1594 5198 1845 5253 virtutum
1876 5199 2107 5264 labores,

532 5288 654 5358 quia
684 5290 916 5357 linguam
946 5302 1050 5342 non
1079 5286 1337 5352 cohibuit,
1365 5288 1418 5341 in
1449 5287 1564 5356 ipso
1594 5296 1746 5356 portu
1783 5288 2111 5357 naufragium

533 5378 679 5433 fecit.
704 5380 780 5435 Ex
808 5381 1053 5451 precibus
1069 5380 1233 5444 enim,
1260 5380 1397 5434 unde
1415 5380 1620 5433 lucrum
1638 5389 1751 5433 crat
1767 5381 2109 5449 sperandum,

534 5485 657 5525 cum
690 5479 837 5526 tanto
859 5472 1008 5527 abire
1046 5470 1277 5538 damno,
1328 5471 1461 5526 nihil
1505 5469 1648 5524 aliud
1696 5481 1828 5535 erat,
1870 5487 2029 5542 quam
2058 5472 2110 5526 in

537 5571 692 5631 portu
716 5562 1043 5632 naufragium
1072 5559 1267 5617 faccre.

588 5651 665 5715 (α)
697 5652 878 5702 collata
902 5667 1009 5703 cum
1028 5652 1140 5703 llis.
1164 5651 1454 5715 colbertiols
1483 5651 1577 5715 970
1610 5651 1826 5715 et_3058,
1850 5652 1933 5715 qui
1956 5652 2027 5702 sic
2048 5652 2105 5701 tl-

526 5712 681 5763 nomn
717 5715 933 5781 ederunt
949 5727 962 5763 :
978 5717 1033 5781 Β)
1042 5716 1225 5781 eadem;
1254 5720 1363 5781 astte
1379 5713 1504 5781 hanc
1514 5712 1762 5781 Impulsam
1778 5714 1839 5781 de
1857 5712 2105 5763 Marum

526 5776 884 5840 sermnem,
897 5773 1028 5827 nurui
1046 5775 1095 5826 in
1115 5788 1194 5827 eos
1208 5773 1351 5828 sorba
1373 5774 1488 5838 facit
1512 5773 1595 5839 qui
1617 5773 1742 5825 male
1764 5779 1976 5835 ttttmtur,
2003 5782 2099 5825 etc.

2533 2362 2614 2403 ur
2658 2363 2739 2404 DE
2785 2364 3181 2407 BUIILITATB
3228 2344 3337 2427 (tt).

2212 2480 2464 2495 ﬂ

2292 2583 2348 2637 2.
2384 2584 2508 2639 Iltec
2530 2599 2651 2639 cum
2679 2584 2932 2649 scianms,
2962 2583 3163 2650 dilecti,
3186 2582 3391 2638 etiamsi
3420 2582 3471 2637 iu
3501 2583 3678 2652 ipsum
3702 2580 3810 2637 vir-

2218 2675 2345 2729 tutis
2393 2674 2659 2743 fastigium
2705 2674 3140 2744 pervenerimus,
3178 2688 3278 2729 nos
3316 2672 3554 2727 omnium
3599 2680 3811 2742 νησιω-

2217 2781 2332 2820 mos
2361 2766 2774 2820 existimemus:
2813 2780 2933 2819 cum
2977 2764 3324 2819 didicerint-us
3348 2763 3715 2833 arrogantiam
3746 2778 3811 2818 ex

2216 2858 2332 2926 ipso
2352 2858 2486 2913 czulo
2512 2872 2668 2926 posse
2692 2872 2815 2913 eum
2837 2897 2855 2925 ,
2889 2856 2981 2927 qui
3010 2871 3115 2911 non
3142 2855 3241 2910 sibi
3272 2855 3518 2916 attendit.
3552 2852 3809 2924 dejicere,

2216 2957 2268 3003 et
2297 2947 2650 3002 humilitatem
2679 2962 2825 3013 eum,
2853 2948 2941 3017 qui
2975 2947 3026 3000 in
3059 2956 3400 3016 peccatorum
3428 2945 3683 3015 abyssum
3714 2942 3813 2997 de-

2216 3052 2429 3093 mersus
2451 3038 2551 3103 sit,
2578 3038 2629 3092 in
2658 3036 2824 3091 altum
2850 3036 3108 3091 reducere
3132 3078 3147 3102 ,
3181 3038 3228 3091 si
3250 3036 3493 3091 modeste
3512 3044 3655 3105 agat.
3688 3032 3815 3090 lin-0

2215 3130 2357 3185 enim
2388 3129 2658 3183 Pharin-0
2684 3128 3023 3198 publicanum
3052 3128 3370 3198 pra‘posuit;
3401 3127 3490 3181 illa
3521 3140 3655 3180 vero
3676 3166 3691 3189 ,
3725 3124 3812 3179 tti-

2218 3220 2411 3274 mirum
2440 3218 2745 3289 arrogantia
2774 3229 2831 3274 et
2868 3219 3115 3289 superbia
3136 3259 3153 3286 ,
3184 3220 3351 3289 ipsius
3376 3218 3571 3272 diaboli
3629 3216 3813 3289 ineor-

2219 3309 2371 3380 porei
2409 3310 2512 3363 vim
2534 3311 2835 3379 superavit,
2880 3310 3156 3364 humilitas
3186 3320 3364 3364 autem
3393 3318 3447 3363 et
3473 3307 3815 3378 propriorum

2223 3410 2563 3468 peccatorum
2594 3398 2793 3469 agnitio
2820 3399 3081 3454 latronem
3111 3408 3237 3454 ante
3276 3397 3549 3467 apostolos
3575 3397 3627 3451 in
3659 3410 3817 3466 para-

2218 3491 2390 3545 disum
2414 3490 2640 3544 induxit.
2670 3489 2725 3544 Si
2762 3500 2939 3544 autem
2966 3489 3037 3555 ii,
3066 3489 3153 3559 qui
3199 3502 3292 3542 sua
3327 3486 3655 3542 conﬁtentur
3683 3501 3817 3555 pec-

2217 3592 2331 3637 cata
2352 3624 2367 3648 ,
2393 3592 2592 3637 tantam
2623 3580 2723 3635 sibi
2763 3580 3010 3636 fiduciam
3036 3579 3324 3636 conciliant
3352 3597 3367 3633 :
3398 3579 3431 3633 ii
3465 3580 3555 3649 qui
3582 3578 3687 3633 sibi
3721 3578 3820 3631 bo-

2219 3690 2409 3731 norum
2440 3676 2727 3729 multorum
2757 3674 2957 3748 conscii
2983 3674 3214 3727 animam
3247 3685 3425 3727 tamen
3453 3686 3605 3726 suam
3639 3669 3821 3725 burni-

2218 3764 2380 3830 liaut,
2424 3774 2650 3833 quantas
2710 3779 2816 3819 non
2865 3778 3094 3819 coronas
3140 3762 3529 3831 assequentur?
3585 3760 3819 3831 Quando

2218 3854 2361 3909 enim
2400 3866 2673 3923 peccatum
2702 3869 2822 3909 cum
2848 3854 3394 3925 bumilitatejugatur,
3425 3863 3529 3908 tam
3555 3852 3817 3923 eapsdite

2219 3945 2421 4011 currit,
2451 3955 2506 3998 ut
2527 3944 2787 4013 justitiam
2827 3958 2948 3999 cum
2979 3945 3278 4014 arrogantia
3302 3944 3542 4012 junctam
3589 3956 3819 4013 superet

2217 4044 2379 4104 atque
2404 4042 2707 4102 prmvertat.
2740 4033 2793 4089 Si
2815 4048 2944 4104 ergo
2973 4033 3117 4088 illam
3146 4048 3269 4088 cum
3295 4020 3780 4103 justitia'junxeris
3798 4074 3814 4098 ,

2217 4140 2323 4193 quo
2370 4140 2475 4178 non
2534 4124 2845 4193 perveniet?
2894 4132 3024 4193 quot
3052 4123 3222 4179 celos
3266 4138 3373 4177 non
3418 4122 3763 4192 pertransibit
3789 4123 3819 4178 ἲ

2217 4214 2384 4269 Stabit
2403 4214 2559 4283 plane
2582 4212 2771 4267 liducia
2788 4228 2973 4282 magna
2989 4212 3130 4267 inter
3148 4211 3367 4283 angelos
3377 4221 3501 4267 ante
3522 4211 3695 4281 ipsum
3717 4211 3820 4268 Dei

2220 4307 2489 4361 thronum.
2518 4303 2714 4360 Contra
2756 4305 2801 4359 si
2825 4304 3127 4374 arrogantia
3156 4318 3276 4359 cum
3306 4303 3507 4373 iustitia
3535 4303 3815 4372 copulata,

2220 4394 2468 4465 nequitia:
2498 4409 2608 4449 sua:
2634 4394 2777 4450 mule
2812 4409 2877 4449 ac
2908 4393 3143 4463 pondere
3170 4394 3288 4463 ejus
3339 4391 3587 4448 fiduciam
3629 4391 3820 4447 detra-

2220 4485 2349 4541 here
2400 4486 2571 4555 potuit
2598 4500 2613 4536 :
2643 4485 2687 4538 si
2739 4498 2859 4538 cum
2889 4492 3111 4554 peccato
3131 4484 3407 4553 jungatur,
3442 4483 3496 4537 in
3520 4497 3683 4553 quam
3715 4498 3816 4553 ge-

2220 4575 2450 4631 bennam
2482 4588 2588 4639 non
2619 4573 2969 4644 przecipitabit
2996 4589 3119 4629 eum
3140 4614 3157 4640 ,
3184 4574 3273 4644 qui
3302 4574 3391 4629 illa
3418 4572 3668 4629 detentus
3698 4574 3767 4628 sit
3788 4572 3816 4628 2

2292 4664 2572 4719 [familiars
2598 4656 2935 4733 philosophia
2963 4674 3149 4720 nostra
3170 4663 3656 4735 [audamsutum.—
3682 4663 3815 4721 nec

2220 4756 2341 4811 dico
2383 4770 2488 4810 non
2514 4765 2566 4809 ut
2601 4755 2862 4825 justitiam
2906 4755 3268 4826 negligamus,
3301 4754 3397 4811 sed
3437 4765 3496 4811 ut
3544 4754 3815 4826 fugiamus

2221 4849 2610 4919 arrogantiam;
2641 4861 2746 4900 non
2774 4855 2829 4900 ut
2857 4861 3169 4915 peccemus,
3202 4846 3297 4902 sed
3325 4856 3384 4902 ut
3410 4846 3654 4902 modeste
3675 4860 3811 4918 nga-

2221 4953 2361 4994 mus.
2402 4936 2761 5005 Philosophia:
2800 4936 2995 5007 quippe
3033 4946 3233 4993 nostra:
3278 4935 3685 4992 fundamentum
3725 4944 3811 4991 est

2222 5028 2512 5084 humilitas.
2544 5026 2656 5082 Etsi
2686 5026 2967 5081 innumera
2992 5040 3206 5083 sursum
3235 5025 3470 5083 adiﬂces
3488 5066 3504 5089 ,
3533 5026 3635 5082 etsi
3663 5024 3817 5081 elec-

2222 5135 2522 5192 mosynant,
2571 5130 2758 5189 preces
2786 5159 2803 5186 ,
2854 5116 3153 5187 jejunium,
3222 5131 3517 5187 omnesque
3580 5116 3813 5170 virtutes

2219 5226 2502 5280 congeras,
2533 5209 2636 5265 nisi
2666 5223 2783 5265 eam
2832 5224 2929 5279 pro
2954 5208 3301 5265 fundamento
3328 5207 3594 5279 posueris,
3628 5205 3810 5262 omnia

2221 5303 2417 5358 frustra
2440 5314 2492 5359 et
2517 5304 2787 5357 incassum
2813 5300 3110 5369 tedillcasti,
3137 5302 3350 5372 citoque
3376 5308 3651 5364 corruunt.
3669 5313 3799 5371 pcr-

2221 5394 2345 5449 iude
2393 5404 2552 5463 atque
2613 5392 2899 5447 ardilleium
2942 5392 3072 5449 illud
3121 5406 3286 5463 super
3325 5404 3551 5448 arenam
3592 5400 3810 5447 exstru-

2217 5498 2384 5543 ctum.
2416 5486 2627 5543 Nullum
2683 5485 2883 5555 quippe
2914 5498 3053 5555 opus
3101 5483 3302 5540 bonum
3356 5496 3463 5537 non
3517 5480 3605 5536 illa
3652 5489 3810 5553 eget,

2220 5581 2422 5635 nullum
2462 5579 2577 5635 sine
2608 5578 2694 5633 illa
2723 5588 2867 5633 stare
2894 5578 3106 5647 poterit.
3135 5574 3243 5631 Sed
3282 5574 3491 5630 etiamsi
3521 5575 3809 5630 contiun-

2222 5671 2347 5726 tiam
2375 5670 2577 5725 dixeris
2597 5711 2613 5737 ,
2649 5667 2859 5724 etiamsi
2888 5668 3278 5738 virginitatem,
3305 5665 3515 5721 etiamsi
3545 5664 3803 5734 pecunia-

2211 5780 2329 5820 rum
2345 5771 2729 5834 contemptmn,
2750 5760 2959 5818 etiamsi
2980 5759 3188 5832 quidvis
3206 5754 3559 5823 aliud,omnia
3576 5754 3787 5811 imutun
