4074 6400
240 366 349 424 313

239 480 346 542 da,
386 475 721 534 exsecranda
760 483 817 532 et
857 471 1218 530 abominanda
1267 472 1488 527 absente
1539 470 1843 526 humilitate

247 576 398 624 sunt.
427 567 638 637 Ubique
683 565 846 638 igitur
873 565 1019 620 illam
1066 565 1118 620 in
1152 562 1366 630 verbis,
1391 562 1444 617 in
1471 560 1760 633 operibus,
1791 558 1846 614 in

243 657 661 729 cogitationibus
698 669 1074 723 assumamus,
1119 662 1175 710 et
1215 667 1339 708 cum
1381 652 1472 708 illa
1516 651 1632 707 bare
1677 649 1847 707 sedilia

243 761 452 804 εοιηιδ.

317 838 376 893 δ.
411 837 610 893 Verum
634 836 708 893 de
728 836 1030 893 humilitate
1057 835 1174 891 haec
1199 835 1332 892 satis
1357 841 1518 890 sunto
1540 876 1556 901 ,
1600 847 1708 890 non
1749 847 1850 903 pro

246 929 506 1001 dignitate
535 928 656 993 rei;
683 943 844 984 nemo
868 921 1067 1000 quippe
1095 927 1242 982 illam
1279 925 1547 996 condigne
1573 924 1849 980 celebrare

254 1020 457 1088 possit;
481 1017 577 1075 sed
607 1018 675 1075 ad
705 1017 1112 1089 intelligentiam
1144 1025 1336 1072 vestra:
1355 1015 1564 1071 caritati
1593 1013 1846 1069 dandam.

249 1110 384 1166 Novi
424 1110 623 1180 quippe
645 1125 743 1165 vos
763 1125 828 1164 ex
859 1112 1044 1180 paucis
1068 1108 1176 1165 illis
1196 1150 1210 1173 ,
1241 1124 1360 1178 qute
1388 1107 1591 1178 prmfati
1622 1120 1810 1161 sumus
1828 1143 1847 1173 ,
1877 1124 1884 1131 ·

249 1202 395 1257 illam
418 1203 592 1268 multo
616 1201 796 1257 studio
818 1202 1150 1272 suscepisse.
1189 1201 1324 1269 Quia
1356 1215 1486 1257 vero
1514 1214 1739 1256 necesse
1767 1206 1852 1254 est

249 1295 605 1364 apostolicum
634 1295 836 1350 dictum
884 1293 1154 1349 holierna:
1182 1294 1427 1349 lectionis
1450 1335 1466 1359 ,
1494 1293 1636 1364 quod
1667 1291 1852 1348 multis

251 1385 462 1440 videtur
488 1386 732 1452 segnitiei
757 1387 1096 1442 occasionem
1116 1387 1378 1457 przeberc,
1408 1384 1622 1453 planum
1649 1383 1848 1453 facere,

245 1485 308 1528 ut
329 1490 398 1530 ne
421 1477 641 1547 quidam
661 1477 784 1533 inde
805 1475 992 1550 frigida
1014 1486 1226 1546 sumpta
1255 1478 1599 1532 excusatione
1624 1476 1850 1530 salutem

250 1582 403 1622 suam
439 1568 755 1639 negligant:
797 1584 896 1640 age
944 1569 1040 1625 illo
1085 1584 1394 1624 sermonem
1439 1569 1849 1622 transferamus.

249 1659 532 1727 Quodnam
561 1671 645 1716 est
674 1661 872 1716 dictum
901 1661 1074 1716 illud?
1100 1661 1222 1716 Sire
1256 1678 1346 1730 per
1387 1663 1699 1716 occasionem
1719 1701 1734 1726 ,
1766 1662 1852 1715 in-

250 1750 398 1819 quit,
451 1751 556 1806 sire
596 1769 687 1824 per
712 1756 974 1809 veritatem
997 1793 1014 1820 ,
1062 1753 1294 1808 Christus
1324 1745 1656 1808 annuntiatur
1694 1752 1853 1823 (Phi-

252 1849 382 1917 tipp.
415 1845 470 1900 l.
499 1844 612 1914 18).
643 1843 758 1900 Hoc
782 1846 934 1899 multi
965 1846 1284 1914 simpliciter
1309 1856 1363 1901 et
1392 1856 1594 1902 temere
1617 1846 1854 1901 circum-

252 1939 464 2000 ferunt,
500 1935 594 2004 qui
625 1950 724 1990 nec
756 1935 934 2006 priora
975 1950 1075 1992 nec
1115 1937 1395 2006 sequentia
1428 1937 1702 2007 legerunt;
1759 1937 1853 1991 sed

251 2035 456 2082 resecta
485 2025 819 2095 reliquorum
851 2026 1218 2080 membrorum
1245 2028 1384 2082 serie
1405 2069 1421 2096 ,
1465 2027 1516 2081 in
1553 2028 1853 2082 animarum

250 2134 470 2173 suarum
502 2118 792 2186 perniciem
827 2119 941 2173 lucc
977 2119 1317 2187 segnioribus
1355 2127 1678 2191 proponunt.
1720 2121 1853 2175 Nam

251 2208 380 2264 dum
410 2218 620 2264 tentant
641 2224 735 2263 eos
759 2225 787 2262 a
815 2225 942 2263 sana
977 2209 1080 2264 lide
1106 2209 1374 2265 abducere
1397 2252 1409 2275 ,
1440 2211 1742 2282 deindeque
1773 2215 1854 2267 vi-

260 2302 393 2358 dent
412 2317 509 2357 eos
538 2302 915 2357 formidolosos
944 2318 1006 2356 ac
1038 2304 1327 2367 tremulos,
1359 2305 1508 2373 quasi
1528 2304 1588 2362 .id
1619 2321 1723 2359 non
1758 2321 1853 2359 va-

249 2404 338 2450 cet
362 2395 606 2463 periculo
636 2413 648 2448 :
683 2405 738 2448 ut
779 2396 1025 2449 timorem
1053 2410 1240 2449 eorum
1282 2396 1524 2460 solvant,
1574 2397 1676 2451 hoc
1725 2411 1856 2465 apo-

250 2484 502 2540 stolicum
533 2484 813 2554 proferunt
858 2484 1128 2548 dicentes,
1181 2485 1376 2540 Paulus
1420 2485 1521 2541 hoc
1558 2489 1855 2552 concessit,

253 2575 538 2645 inquiens,
585 2574 703 2629 Sire
744 2591 834 2645 per
881 2577 1230 2638 occasionem,
1284 2577 1388 2628 sire
1434 2593 1521 2643 per
1566 2578 1855 2643 ceritatem,

253 2669 490 2730 Christus
528 2671 892 2725 annnntietur.
925 2669 1028 2724 Sed
1059 2670 1173 2722 lucc
1200 2684 1305 2722 non
1333 2669 1404 2722 ita
1433 2684 1490 2723 se
1511 2667 1860 2735 babent,non

254 2765 324 2818 ita
352 2763 558 2834 utique.
593 2763 724 2817 Nam
754 2763 928 2830 primo
975 2778 1080 2815 non
1125 2761 1288 2826 dixit,
1329 2763 1697 2827 annuntietur,
1735 2760 1855 2825 sed,

254 2838 624 2920 Annamtiatur,
651 2853 795 2925 quod
841 2853 1067 2907 multum
1095 2850 1273 2906 dill'ert
1302 2852 1370 2906 ab
1393 2850 1502 2904 illo.
1530 2850 1743 2906 Etenim
1773 2849 1858 2904 di-

254 2961 414 3010 cere.
466 2946 834 3006 annuntietur,
889 2943 1061 3014 legem
1101 2941 1280 2996 dantis
1321 2949 1438 3006 est;
1489 2939 1856 3004 Annuntiatur,

256 3054 387 3095 vero
411 3037 630 3103 dicere,
679 3036 731 3092 id
771 3035 913 3107 quod
961 3033 1226 3104 contingit
1269 3032 1534 3087 narrantis
1563 3040 1665 3087 est.
1705 3030 1862 3098 Quod

258 3146 387 3186 vero
428 3129 626 3184 Paulus
663 3144 770 3182 non
823 3127 994 3197 legem
1040 3123 1174 3180 lerat
1212 3131 1272 3178 ut
1293 3124 1400 3178 sint
1444 3122 1716 3188 haereses,
1765 3120 1860 3176 sed

257 3220 492 3276 abducat
513 3234 702 3274 omnes
731 3217 818 3288 qui
852 3216 952 3288 ipsi
981 3214 1352 3279 attenderem,
1385 3213 1506 3267 audi
1537 3211 1666 3283 quid
1711 3212 1858 3266 dixe-

257 3311 328 3365 rit
351 3328 364 3363 :
396 3311 456 3366 Si
481 3315 594 3376 quis
619 3307 755 3363 vobis
780 3308 1094 3378 euangelth
1124 3315 1306 3377 praeter
1330 3305 1383 3358 id
1411 3305 1546 3374 quod
1574 3304 1859 3370 accepistis,

257 3401 530 3456 anathema
559 3401 659 3465 sit,
691 3401 783 3454 etsi
811 3414 902 3470 ego
925 3439 940 3464 ,
970 3399 1061 3452 etsi
1101 3399 1314 3468 angelus
1351 3397 1413 3450 de
1454 3395 1592 3450 caelis
1630 3394 1773 3465 (Gal.
1807 3396 1859 3449 ι.

258 3492 313 3548 8.
342 3489 562 3563 9).‘Non
591 3498 770 3544 autem
798 3498 854 3544 et
879 3503 938 3543 se
962 3498 1018 3543 et
1045 3487 1293 3558 angelum
1320 3485 1857 3551 anathematizasset,

259 3583 304 3638 si
331 3597 446 3638 rem
474 3583 591 3637 sine
614 3582 849 3652 periculo
876 3595 998 3635 esse
1015 3579 1278 3634 scivissct.
1302 3579 1379 3633 Ac
1399 3592 1612 3634 rursum
1634 3595 1648 3632 :
1670 3575 1862 3632 Aiunt-

262 3677 341 3731 lor
359 3676 492 3730 enim
523 3691 608 3728 vos
639 3673 735 3728 Dei
777 3673 1100 3729 temulatione
1125 3687 1144 3726 :
1185 3671 1434 3742 despondi
1473 3671 1608 3725 enim
1647 3686 1735 3725 vos
1772 3671 1862 3724 uni

252 3766 364 3820 viro
395 3763 646 3833 virginem
677 3774 915 3826 castam;
947 3762 1102 3816 timeo
1134 3772 1311 3816 autent
1349 3777 1430 3827 ne,
1461 3761 1599 3815 sicut
1632 3778 1844 3832 serpens

256 3855 424 3909 Evam
455 3856 656 3922 decepit
700 3855 900 3910 astutia
930 3871 1030 3909 sua
1051 3895 1066 3920 ,
1114 3855 1189 3909 sic
1220 3862 1633 3924 corrumpantur
1661 3870 1846 3910 sensus

254 3947 464 4000 restria
483 3945 822 4011 simplicitate
837 3962 954 4014 qua:
967 3946 1118 4000 estin
1133 3945 1346 4000 Christo
1361 3942 1512 4013 (Gen.
1533 3947 1586 4001 3.
1603 3948 1656 4012 ις
1671 3945 1844 4003 Ξσον.

268 4039 349 4090 ll.
393 4037 445 4088 2.
475 4038 506 4089 5
529 4051 560 4097 ›.
619 4037 767 4090 Eme
791 4034 1282 4109 ct'simplicitatem
1311 4036 1518 4104 posuit,
1555 4040 1610 4087 et
1641 4032 1861 4086 veniam

263 4143 366 4181 non
410 4127 575 4180 dedit.
611 4127 741 4180 Nam
765 4130 809 4182 si
839 4127 992 4184 venia
1021 4137 1200 4197 esset,
1228 4137 1377 4184 certe
1417 4129 1714 4199 periculum
1756 4144 1864 4185 non

259 4230 416 4283 crat;
449 4222 493 4272 si
535 4236 617 4287 pet
635 4221 832 4276 iculum
875 4237 982 4275 non
1019 4229 1135 4276 erat
1160 4263 1175 4287 ,
1229 4237 1336 4276 non
1377 4223 1559 4292 utique
1597 4223 1868 4278 timuisset

263 4311 489 4375 Paulus;
515 4327 686 4379 neque
716 4311 963 4366 Christus
988 4313 1187 4367 zizania
1229 4313 1468 4368 comburi
1495 4312 1781 4383 jussisset,
1820 4315 1864 4368 si

263 4419 352 4459 res
407 4404 720 4460 indifferens
769 4415 883 4460 erat
920 4405 1077 4474 huic,
1108 4406 1184 4460 illi
1213 4407 1295 4462 vel
1321 4407 1410 4461 alii
1439 4407 1719 4463 attendere
1749 4421 1864 4461 om-

262 4498 530 4569 nibusque
551 4499 889 4566 simpliciter.

330 4592 386 4645 «6.
413 4590 548 4657 Quid
579 4590 678 4644 sibi
708 4593 820 4644 vult
856 4593 982 4646 illud
1022 4593 1162 4662 quod
1194 4591 1395 4646 dictum
1427 4594 1547 4646 cst?
1577 4593 1741 4647 Paulo
1768 4593 1854 4647 al-

261 4682 368 4737 tius
387 4682 538 4736 vobis
568 4691 731 4735 totam
761 4683 1037 4738 historiam
1062 4693 1300 4751 repetam
1328 4700 1341 4738 :
1365 4682 1642 4737 sciendum
1670 4683 1866 4754 quippe

261 4783 345 4828 est
389 4790 497 4842 quo
539 4774 589 4826 in
640 4782 780 4827 statu
831 4773 1027 4826 Paulus
1071 4783 1216 4828 esset
1261 4789 1382 4827 cum
1424 4771 1540 4826 lucc
1581 4774 1863 4829 scriberet.

262 4866 383 4933 Quo
412 4866 464 4920 in
497 4873 639 4918 statu
671 4865 825 4935 igitur
852 4865 1007 4919 erat?
1041 4865 1091 4918 in
1125 4880 1379 4929 carcere,
1422 4875 1477 4921 et
1515 4868 1752 4932 catenis,
1781 4868 1866 4920 in-

261 4957 619 5026 gentibusque
647 4956 922 5025 periculis.
943 4954 1223 5010 Uudcuam
1253 4957 1302 5010 id
1334 4958 1540 5028 liquet?
1567 4958 1642 5012 Ex
1663 4972 1724 5013 ea
1755 4959 1866 5027 ipsa

261 5049 491 5119 epistola
527 5067 538 5100 :
569 5064 691 5101 nam
719 5057 873 5103 antea
923 5050 1171 5103 dixerat:
1204 5049 1351 5104 Scire
1390 5036 1556 5104 eadem
1594 5067 1682 5105 vos
1725 5051 1864 5115 volo,

265 5135 473 5212 fratres,
503 5140 640 5209 quod
666 5157 743 5203 ea,
778 5156 894 5207 qua:
920 5142 1053 5194 circa
1085 5158 1162 5193 me
1186 5151 1304 5196 sunt
1324 5183 1340 5208 ,
1381 5143 1543 5212 magis
1586 5143 1656 5196 ad
1694 5146 1869 5212 profe-

262 5245 400 5286 ctum
433 5241 676 5286 venerunt
714 5233 990 5302 evangelii;
1021 5233 1092 5286 ita
1130 5241 1183 5285 ut
1217 5233 1417 5286 vincula
1463 5251 1573 5288 mea
1603 5235 1872 5302 manifesta

271 5325 451 5393 ﬁerent
477 5326 531 5378 in
561 5324 759 5378 Christo
789 5326 840 5377 in
863 5333 966 5377 toto
995 5325 1230 5393 praetorio
1256 5334 1302 5378 et
1325 5328 1516 5378 ca'teris
1538 5326 1798 5391 omnibus;
1825 5336 1872 5378 et

267 5417 438 5486 plures
466 5431 495 5469 e
518 5415 761 5485 fratribus
790 5417 843 5468 it.-
867 5415 1088 5468 Domino
1118 5416 1426 5484 conﬁdentes
1468 5417 1680 5470 vinculis
1711 5417 1866 5484 meis,

265 5507 610 5560 abundantius
647 5509 895 5560 auderent
940 5508 1047 5560 sine
1093 5508 1274 5560 timore
1329 5508 1530 5560 verbum
1586 5507 1679 5561 Dei
1731 5509 1870 5577 loqui

268 5596 534 5666 (Philipp.
558 5599 609 5651 l.
639 5597 856 5670 η-ιιι).
879 5597 1022 5652 Ncro
1051 5607 1186 5661 erat,
1215 5599 1302 5666 qui
1337 5599 1482 5652 illum
1514 5599 1564 5652 in
1596 5615 1869 5658 carcerein

267 5698 593 5760 conjccerat.
623 5690 1084 5759 Quemadmodum
1114 5693 1259 5747 enim
1293 5693 1473 5762 prmdo
1502 5694 1715 5764 quidam
1741 5709 1876 5747 cun-

266 5780 367 5831 etis
383 5779 783 5842 dormientibus
811 5784 1029 5841 domum
1057 5786 1349 5856 ingressus,
1373 5785 1498 5840 dum
1521 5787 1702 5843 omnia
1728 5785 1868 5842 abri-

1372 359 1459 415 DE
1500 354 1865 415 PROFECTU
1907 355 2300 414 EVANGELII.

3444 375 3553 434 3H

1957 470 2058 541 pit,
2079 471 2123 526 si
2147 486 2308 542 quem
2336 469 2514 527 videat
2544 472 2814 530 lucernam
2859 472 3190 542 accendere,
3233 471 3413 538 lumen
3447 493 3555 536 ea-

1961 562 2220 634 stinguit,
2248 571 2305 620 et
2333 563 2485 619 illum
2528 564 2822 634 interimit,
2853 574 2911 620 ut
2950 567 3130 620 munia
3178 565 3346 621 libere
3392 569 3558 638 possit

1951 654 2164 711 auferre
2207 665 2262 712 et
2300 656 2547 727 abripere
2577 673 2591 712 :
2617 657 2698 713 sic
2747 666 2802 712 et
2847 666 2972 713 tunc
3010 656 3155 714 Nero
3199 656 3404 724 Caesar,
3455 673 3558 714 ceu

1951 744 2166 815 quidam
2193 745 2379 818 pretio
2403 754 2458 803 et
2485 748 2820 818 eompilator,
2851 747 3245 804 dormientibus
3269 747 3520 804 omnibus
3538 789 3555 812 .

1953 837 2326 909 profundoque
2368 852 2563 896 somno
2589 838 2828 906 obrutis,
2859 839 3100 894 omnium
3132 838 3272 894 bona
3318 839 3555 911 abripie-

1953 929 2081 997 bat,
2130 930 2344 1002 nuptiaa
2391 930 2709 999 invadebat,
2751 931 2942 988 domos
2989 931 3352 995 subvertebat,
3395 947 3559 987 omne

1953 1030 2126 1090 genus
2167 1021 2420 1093 nequitia:
2462 1021 2752 1078 exhibebat
2779 1038 2794 1076 :
2825 1037 3054 1092 cuque
3075 1020 3310 1100 Paulum
3354 1021 3562 1077 videret

1959 1112 2238 1168 lucernam
2268 1128 2366 1183 per
2394 1121 2562 1169 totum
2588 1113 2775 1169 orbem
2802 1113 3120 1180 accendere,
3150 1127 3342 1183 nempe
3363 1111 3556 1167 doctri-

1954 1219 2038 1260 nae
2065 1205 2306 1271 verbum,
2340 1205 2564 1276 ejusque
2589 1205 2879 1275 nequitiam
2911 1205 3259 1275 redarguere,
3293 1204 3556 1276 praedica-

1965 1297 2164 1353 tionem
2194 1296 2538 1368 exstinguere
2560 1306 2614 1352 et
2639 1297 2915 1353 doctorem
2939 1297 3187 1353 occidere
3208 1303 3430 1352 conatus
3455 1305 3557 1362 est,

1955 1399 2016 1446 ut
2040 1391 2219 1448 omnia
2247 1404 2370 1446 cum
2400 1396 2666 1459 potestate
2685 1389 2786 1445 sibi
2817 1389 2993 1445 facere
3034 1388 3222 1445 liceret
3251 1406 3266 1443 :
3296 1389 3561 1443 vinctum-

1956 1497 2062 1551 que
2090 1479 2518 1536 sanetum.illum
2543 1479 2776 1550 conjecit
2815 1479 2867 1535 in
2898 1493 3194 1534 carcerem.
3222 1477 3374 1533 Tunc
3404 1478 3563 1548 igitur

1958 1572 2076 1629 bzce
2107 1573 2298 1627 beatus
2323 1572 2523 1628 Paulus
2548 1572 2783 1642 scripsit.

2033 1664 2344 1720 Sollicitudo
2371 1661 2528 1718 Pauli
2553 1680 2674 1736 erga
2699 1662 3019 1733 discipulos;
3042 1662 3409 1736 discipulorum
3437 1679 3562 1734 erga

1958 1755 2256 1826 magistrum
2287 1770 2461 1831 “amor.
2487 1783 2560 1795 —
2583 1754 2715 1821 Quis
2746 1768 2852 1808 non
2883 1753 3138 1820 stupeat?
3173 1755 3293 1824 quis
3323 1769 3427 1807 non
3459 1756 3558 1807 ad-

1962 1845 2224 1899 miretur?
2257 1843 2368 1898 imo
2394 1844 2536 1913 quis,
2569 1852 2626 1897 ut
2653 1857 2750 1912 par
2773 1851 2876 1905 est,
2918 1852 3130 1914 stupeat
3169 1851 3224 1897 et
3265 1843 3565 1898 admiretur

1959 1948 2278 2004 generosum
2311 1933 2459 1988 illum
2489 1942 2544 1988 et
2571 1932 2639 1987 ad
2669 1933 2833 1988 caelos
2857 1934 3252 2003 pertingentetn
3289 1933 3562 2011 animum,

1961 2027 2054 2095 qui
2082 2026 2269 2080 Romae
2287 2024 2496 2079 vinctus
2525 2035 2579 2078 et
2604 2022 2990 2088 incarceratus,
3012 2039 3075 2077 ex
3105 2031 3254 2078 tanto
3280 2023 3563 2078 intervallo

1963 2117 2392 2187 Philippensibus
2420 2115 2719 2171 scriberet?
2757 2116 2919 2172 Scitis
2949 2124 3205 2186 quantum
3236 2117 3463 2186 spatium
3495 2117 3568 2170 sit

1962 2208 2324 2264 Macedoniam
2351 2207 2492 2262 inter
2519 2215 2573 2263 et
2601 2207 2850 2262 Romam.
2879 2206 2986 2263 Sed
3013 2222 3186 2278 neque
3214 2206 3422 2263 itineris
3449 2208 3568 2262 lon-

1959 2298 2180 2372 gitudo,
2230 2315 2407 2372 neque
2451 2300 2776 2355 diuturnitas
2825 2303 3115 2370 temporis,
3161 2315 3336 2371 neque
3384 2314 3566 2356 rerum

1965 2393 2247 2459 tumultus,
2284 2407 2459 2462 neque
2490 2392 2731 2462 pericula
2760 2400 2816 2448 et
2855 2391 3154 2462 frequentia
3191 2392 3330 2446 mala
3352 2433 3368 2454 .
3397 2407 3570 2460 neque

1966 2485 2107 2538 aliud
2135 2483 2408 2554 quidpiam
2430 2483 2708 2538 caritatem
2731 2482 3153 2554 memoriamque
3178 2475 3566 2553 discipulorum

1965 2577 2250 2646 dejiciebat
2269 2593 2287 2641 ;
2308 2576 2404 2632 sed
2434 2591 2622 2630 omnes
2651 2575 2741 2631 ille
2769 2575 2821 2630 in
2850 2584 3033 2630 mente
3061 2574 3309 2630 servabat
3341 2593 3354 2629 ε
3389 2591 3564 2645 neque

1967 2669 2037 2722 ita
2082 2667 2288 2722 catenis
2331 2680 2523 2721 manus
2571 2665 2895 2736 ligabantur,
2929 2672 2986 2720 ut
3014 2664 3191 2719 anima
3229 2665 3346 2734 ejus
3387 2679 3573 2719 amore

1971 2760 2364 2834 discipulorum
2396 2754 2649 2813 devincta
2689 2754 2955 2826 aflixaque
2994 2763 3110 2809 erat
3151 2771 3164 2807 :
3203 2753 3346 2821 quod
3399 2755 3570 2824 ipsum

1966 2847 2119 2902 initio
2165 2845 2409 2916 epistolas
2463 2839 2810 2897 declarabat:
2838 2837 2916 2894 Eo
2943 2837 3085 2910 quod
3133 2836 3358 2893 habeam
3398 2857 3488 2895 vos
3515 2838 3572 2895 in

1967 2941 2119 2993 corde
2145 2940 2198 2992 in
2229 2937 2445 2991 uinculis
2470 2937 2614 3005 meis,
2644 2947 2691 2991 et
2715 2937 2773 2989 in
2801 2935 3092 3006 defensione
3121 2941 3169 2988 et
3189 2931 3575 3000 confirmatione

1969 3028 2215 3098 evangelii
2246 3025 2506 3099 (Philipp.
2535 3028 2584 3081 ι.
2608 3027 2684 3098 7).
2721 3026 2788 3080 Et
2820 3026 2954 3080 sicut
2981 3040 3079 3080 rex
3111 3039 3268 3078 mane.
3293 3023 3346 3077 in
3377 3021 3572 3078 solium

1967 3119 2370 3184 conscendens,
2408 3121 2459 3173 in
2493 3119 2761 3188 regalibus
2801 3119 2939 3172 aulis
2984 3117 3180 3172 sedens
3203 3159 3218 3182 ,
3266 3116 3574 3170 innumeras

1967 3213 2146 3268 statim
2174 3211 2411 3281 undique
2455 3211 2642 3279 recipit
2687 3209 2943 3279 epistolas
2969 3226 2980 3262 :
3005 3209 3084 3264 sic
3111 3217 3166 3262 et
3192 3208 3284 3263 ille
3312 3205 3574 3275 quemad-

1974 3302 2194 3358 modum
2237 3302 2290 3357 in
2327 3301 2491 3372 regiis
2519 3300 2657 3355 aulis
2683 3301 2736 3354 in
2764 3315 2982 3355 carcere
3009 3298 3223 3363 sedens,
3255 3298 3428 3367 multo
3454 3295 3575 3365 plu-

1970 3408 2057 3449 res
2109 3390 2407 3463 accipiebat
2460 3384 2622 3462 at'que
2675 3390 2921 3445 mittebat
2974 3389 3228 3458 epistolas
3258 3430 3273 3451 .
3325 3387 3575 3459 gentibus

1968 3484 2205 3554 undique
2235 3485 2447 3556 negotia
2479 3498 2574 3538 sua
2606 3483 2787 3538 omnia
2829 3480 2897 3538 ad
2942 3482 3058 3553 ejus
3084 3482 3404 3553 sapientiam
3436 3479 3574 3536 refe—

1969 3575 2210 3631 rentibus
2239 3593 2253 3630 :
2287 3584 2543 3645 tantoque
2572 3574 2726 3644 plura
2755 3573 2844 3629 ille
2871 3574 3105 3643 negotia,
3135 3587 3295 3641 quem
3324 3572 3438 3642 ipse
3467 3569 3577 3624 lm-

1971 3677 2228 3739 perator.
2278 3665 2540 3738 gerebat,
2595 3673 2799 3735 quanto
2853 3664 3026 3735 majus
3075 3663 3177 3720 sibi
3225 3663 3573 3718 commissum

1971 3759 2254 3829 imperium
2305 3757 2559 3813 habebat.
2604 3756 2790 3826 Neque
2839 3756 2982 3810 enim
3023 3754 3320 3809 Romanam
3368 3761 3574 3808 tantum

1968 3850 2249 3916 ditionem,
2280 3849 2384 3906 sed
2403 3849 2567 3905 etiam
2594 3847 2854 3903 barbaros
2883 3861 3095 3914 omnes,
3125 3853 3324 3901 terram
3347 3855 3402 3900 et
3427 3859 3577 3899 mare

1971 3943 2026 3999 in
2057 3958 2246 3998 manus
2286 3943 2403 4013 ejus
2448 3939 2746 3996 tradiderat
2779 3940 2938 3994 Deus.
2983 3939 3148 4006 quue
3177 3937 3431 3992 Romanis
3474 3935 3575 3991 dc-

1971 4034 2184 4090 claratts
2211 4033 2466 4089 dicebat:
2504 4031 2643 4085 Nolo
2686 4042 2858 4084 autem
2908 4047 2992 4083 ros
3038 4030 3309 4100 ignorare,
3353 4032 3575 4098 fratres,

1970 4126 2090 4197 quia
2142 4139 2277 4195 swpe
2320 4122 2559 4192 proposui
2601 4121 2768 4174 venire
2813 4119 2881 4172 ad
2925 4135 3043 4184 vos,
3076 4128 3123 4172 et
3153 4118 3434 4187 prohibitus
3464 4134 3577 4169 sum

1971 4233 2128 4288 usque
2157 4216 2367 4281 adhuc;
2397 4224 2451 4268 ut
2476 4213 2700 4282 aliquem
2744 4216 2969 4282 fructum
3000 4209 3212 4264 habeam
3239 4217 3284 4262 et
3317 4209 3368 4261 in
3407 4208 3543 4262 vobis
3561 4253 3576 4275 ,

1973 4309 2102 4364 sicut
2129 4318 2174 4361 et
2201 4309 2252 4360 in
2278 4305 2471 4360 caneris
2500 4304 2728 4374 gentibus
2756 4317 2774 4357 :
2802 4300 2994 4357 Grecis
3022 4309 3069 4355 et
3095 4299 3342 4362 barbaris,
3374 4299 3580 4369 sapien-

1974 4401 2105 4454 tibus
2148 4409 2194 4453 et
2231 4397 2582 4468 insipientibus
2623 4394 2821 4448 debitor
2858 4409 2968 4447 sunt
3016 4391 3206 4462 (Rom.
3244 4392 3292 4444 1.
3328 4389 3410 4444 l3.
3451 4389 3514 4443 14
3539 4393 3579 4459 ).

1972 4493 2221 4564 Quotidie
2251 4509 2381 4561 ergo
2412 4489 2674 4544 sollicitus
2697 4496 2831 4548 erat,
2852 4485 2976 4554 quid
2999 4481 3284 4544 Corinthii,
3314 4481 3440 4550 quid
3463 4479 3580 4533 lih-

1975 4588 2211 4641 cedones
2242 4591 2464 4654 agerent
2497 4597 2510 4636 :
2542 4580 2813 4649 quomodo
2858 4577 3228 4646 Philippenses
3255 4616 3266 4634 .
3306 4573 3580 4655 quomodo

1973 4679 2343 4749 Cappadoces,
2363 4673 2633 4745 quomodo
2652 4671 2874 4734 Galatze,
2900 4668 3174 4740 quomodo
3199 4665 3580 4731 Athenienses,

1976 4769 2248 4843 quomodo
2275 4769 2503 4824 Pontum
2534 4765 2854 4827 incolentes,
2886 4759 3158 4832 quomodo
3187 4771 3379 4812 omnes
3408 4756 3582 4810 honu-

1977 4880 2072 4919 nes
2107 4880 2167 4919 se
2199 4862 2480 4917 haberent.
2509 4861 2760 4913 Attamen
2783 4898 2796 4921 ,
2828 4871 2953 4912 cum
2985 4854 3268 4908 universus
3304 4851 3450 4905 orbis
3479 4849 3580 4917 ipsi

1976 4955 2322 5012 concreditus
2371 4960 2513 5007 esset
2538 4988 2554 5013 .
2586 4964 2689 5003 non
2723 4956 2930 5002 tantum
2959 4945 3029 5000 de
3056 4945 3306 5016 gentibus
3333 4940 3582 4995 omnibus

1977 5050 2094 5104 erat
2121 5047 2386 5104 sollicitus
2416 5087 2430 5111 ,
2462 5043 2556 5099 sed
2604 5040 2764 5095 etiam
2797 5040 2862 5094 de
2889 5053 2997 5093 uno
3032 5037 3281 5107 quopiam
3314 5033 3532 5088 homine
3565 5049 3579 5087 :

1977 5151 2032 5196 ct
2062 5154 2203 5194 nunc
2244 5144 2462 5208 propter
2488 5133 2800 5188 Onesimum
2832 5128 3112 5198 epistolam
3147 5125 3412 5189 minebat,
3441 5137 3584 5176 nunc

1983 5242 2202 5303 propter
2248 5245 2370 5284 eum
2400 5270 2413 5292 ,
2459 5227 2549 5296 qui
2598 5223 2741 5294 apud
2788 5220 3097 5278 Corinthios
3123 5216 3416 5272 fornicatus
3445 5222 3585 5269 erat.

1979 5324 2163 5395 Neque
2189 5325 2332 5377 enim
2364 5322 2465 5373 hoc
2494 5314 2890 5378 considerabat,
2920 5312 3060 5383 quod
3089 5325 3225 5365 unus
3254 5317 3395 5362 esset
3425 5306 3468 5359 is
3493 5305 3582 5373 qui

1981 5423 2316 5486 peccaverat,
2342 5422 2391 5464 et
2421 5407 2719 5480 patrocinio
2748 5413 2928 5474 egeret
2947 5444 2962 5466 ,
2998 5401 3090 5457 sed
3123 5398 3264 5468 quod
3293 5398 3458 5451 homo
3487 5409 3582 5448 es-

1981 5518 2065 5566 Set
2091 5527 2104 5560 :
2134 5507 2330 5568 homo,
2362 5507 2578 5572 inquam
2604 5542 2616 5563 ,
2648 5496 3094 5568 pretiosissimum
3125 5494 3234 5546 Deo
3261 5488 3490 5552 animal,
3521 5495 3580 5542 et

1984 5607 2201 5671 propter
2229 5613 2386 5667 quem
2411 5595 2570 5649 Pater
2601 5592 2732 5646 Filio
2767 5605 2864 5644 suo
2894 5604 2998 5642 non
3032 5584 3290 5656 pepercit.

2056 5691 2108 5746 5.
2140 5690 2216 5745 Ne
2246 5689 2374 5744 mihi
2407 5685 2607 5741 dixeris
2636 5682 2781 5753 quod
2815 5681 2901 5735 ille
2932 5678 3215 5747 fugitivus,
3247 5671 3389 5745 quod
3419 5670 3577 5732 latro,

1985 5783 2128 5857 quod
2157 5783 2256 5853 l'ur,
2283 5790 2337 5840 et
2364 5778 2659 5838 innumeris
2680 5783 2906 5830 onustus
2935 5770 3111 5837 vitiis;
3146 5769 3229 5825 vel
3250 5762 3390 5838 quod
3419 5777 3574 5818 uten-
