4074 6424
512 358 621 418 818

511 469 690 534 dicos.
716 468 987 542 abiectus,
1013 466 1132 525 vilis
1159 477 1215 525 et
1242 469 1438 524 nullius
1467 468 1619 547 pretii
1642 467 1772 523 :sed
1799 466 1971 537 cogita
2000 476 2097 536 pro

509 558 605 616 illo
628 556 912 618 Christum
932 566 1209 615 mortuum
1242 573 1363 615 esse
1384 600 1401 626 ,
1442 554 1603 631 idque
1640 558 1734 616 tibi
1762 559 1893 613 satis
1918 567 2001 613 est
2028 555 2096 611 ad

512 663 730 706 omnem
750 647 1148 719 suscipiatdam
1177 664 1381 705 curam.
1402 641 1590 720 Cogita
1617 662 1774 720 quem
1797 661 1916 704 esse
1941 661 2104 717 opor-

516 747 632 799 teat
655 755 782 798 cum
814 749 985 808 quem
1026 736 1273 794 Christus
1311 739 1390 796 sic
1430 738 1793 803 honoraverit,
1823 746 1882 793 ut
1925 751 2102 807 neque

512 829 759 901 sanguini
788 842 887 884 suo
912 831 1227 899 pepercerit.
1252 829 1437 901 Neque
1464 830 1627 894 enim,
1664 830 1709 885 si
1748 842 1842 885 rex
1880 842 1979 899 pro
1998 826 2101 881 ali-

514 931 623 993 quo"
658 933 782 976 sese
813 918 1091 978 immolare
1122 921 1325 990 vellet,
1366 921 1509 977 aliud
1546 935 1910 992 qnmreremus
1936 934 2101 990 argu-

513 1016 777 1077 mentum,
808 1010 952 1083 quod
981 1026 1205 1082 magnus
1229 1014 1319 1069 ille
1338 1021 1514 1079 esset,
1538 1012 1754 1082 regique
1771 1011 2100 1077 carissimus,

515 1110 575 1159 ut
599 1116 700 1175 ego
726 1101 942 1175 quidem
968 1104 1220 1162 existimo
1249 1122 1266 1161 :
1298 1118 1443 1161 mors
1468 1104 1664 1175 quippe
1691 1105 1823 1161 satis
1855 1094 2001 1161 esset
2034 1102 2103 1158 ad

514 1193 895 1251 declarandum
934 1194 1050 1266 ejus
1079 1196 1171 1267 qui
1198 1206 1428 1252 mortem
1476 1196 1773 1267 susciperet
1799 1210 1925 1267 erga
1956 1195 2103 1250 illum

515 1282 786 1340 ad'ectum.
814 1283 932 1344 Jam
958 1300 1088 1367 vero
1114 1300 1224 1342 nou
1253 1284 1448 1354 homo,
1478 1302 1583 1367 non
1610 1288 1848 1367 angelus,
1882 1302 1987 1342 non
2011 1301 2104 1342 ar-

515 1371 845 1445 changelus,
867 1364 963 1432 sed
990 1375 1106 1446 ipse
1130 1377 1386 1433 calorum
1422 1362 1694 1445 Dominus,
1722 1377 1838 1449 ipse
1860 1377 2105 1449 unigeni-

517 1473 603 1523 tns
647 1466 814 1523 Filius
853 1466 948 1525 Dei
998 1482 1162 1525 carne
1202 1468 1423 1533 indutus
1465 1471 1702 1541 seipsum
1750 1468 1967 1526 tradidit
2009 1484 2108 1539 pro

518 1556 696 1623 nobis,
724 1560 919 1615 Annon
949 1560 1112 1631 igitur
1135 1560 1314 1615 omnia
1345 1560 1635 1626 iaciemus,
1667 1560 1847 1618 omnia
1873 1560 2101 1617 tentabi—

519 1661 661 1715 mus,
684 1658 743 1704 ut
771 1648 1017 1706 homines
1046 1659 1195 1707 tanto
1220 1649 1395 1707 alecti
1424 1648 1631 1707 honore
1658 1660 1840 1707 nostra
1866 1649 2109 1706 fruantur

520 1754 650 1796 cura
681 1750 735 1796 et
763 1741 1423 1813 sollicitudinelEcquam
1463 1742 1779 1811 lnbebimus
1803 1744 2110 1804 excusatio-

522 1831 690 1886 nem?
715 1846 874 1902 quam
901 1832 1152 1888 veniam?
1182 1832 1297 1887 Hoc
1324 1832 1497 1903 ipsum
1527 1832 1724 1889 Paulus
1752 1832 1995 1888 indicans
2028 1833 2111 1888 di-

520 1920 676 1982 cebst
697 1939 712 1975 :
737 1920 822 1980 Ns
857 1923 970 1977 cibo
1008 1932 1096 1976 tuo
1134 1922 1280 1976 illum
1310 1922 1529 1991 perdas,
1562 1930 1764 1992 propter
1788 1939 1933 1992 quem
1956 1920 2109 1977 Clari—

520 2019 627 2066 stas
651 2020 881 2066 mortuus
901 2021 975 2066 est
1004 2011 1196 2084 (Rom.
1226 2013 1313 2067 l4.
1341 2012 1410 2068 15
1429 2013 1469 2083 ).
1499 2012 1606 2067 Eos
1631 2013 1775 2075 enim
1800 2013 1892 2083 qui
1922 2012 2114 2067 fratres

521 2112 785 2171 spernunt
812 2112 865 2157 et
893 2112 1161 2173 tamquam
1193 2103 1438 2159 inlirmos
1465 2102 1769 2174 despiciunt
1797 2112 1854 2158 ut
1891 2103 2113 2174 pudefa-

522 2194 631 2252 cist
651 2234 668 2262 ,
700 2201 757 2250 et
781 2194 849 2261 ad
872 2195 1105 2273 proximi
1130 2210 1315 2251 curam
1342 2196 1686 2266 studiumque
1715 2196 1931 2251 inducat
1949 2238 1965 2261 ,
1996 2197 2113 2252 vice

523 2288 766 2346 omnium
805 2298 1034 2345 mortem
1064 2290 1280 2345 Domini
1326 2290 1525 2359 posuit.
1554 2288 1635 2345 Ex
1668 2298 1817 2345 tanto
1845 2291 2005 2361 igitur
2034 2291 2116 2344 in-

524 2378 749 2437 tervallo
793 2378 846 2435 in
885 2394 1105 2436 carcere
1150 2379 1349 2436 sedens
1398 2378 1828 2452 Philippensibus
1872 2380 2109 2450 scripsit.

522 2464 672 2525 Talis
699 2467 898 2541 quippe
919 2480 1002 2526 est
1030 2470 1228 2526 caritas
1249 2484 1375 2541 erga
1405 2469 1610 2535 Deum;
1638 2471 1798 2526 nullis
1830 2473 1989 2527 rebus
2017 2474 2115 2526 int-

524 2556 741 2628 peditur
767 2559 1037 2625 humanis,
1062 2568 1248 2632 utpote
1271 2575 1392 2631 qum
1416 2559 1469 2615 in
1497 2561 1644 2617 eatlis
1663 2561 1895 2617 radicem
1924 2562 2117 2618 habeat

525 2655 583 2703 et
628 2647 1139 2709 reatuserationem.
1186 2651 1254 2707 Et
1297 2651 1425 2724 quid
1471 2650 1807 2709 dicitiScire
1844 2668 1930 2709 eos
1965 2655 2113 2722 volo,

524 2738 709 2809 fratres
739 2738 995 2813 (Philipp.
1021 2742 1072 2798 1.
1108 2742 1220 2814 12).
1242 2743 1487 2800 Yidistin‘
1506 2760 1689 2800 curam
1714 2760 1846 2817 erga
1877 2746 2111 2818 discipu-

528 2827 650 2885 los?
681 2830 915 2887 vidistin‘
941 2833 1179 2903 magistri
1225 2834 1686 2893 sollicitudinem?
1711 2836 1857 2893 Audi
1888 2845 1944 2891 et
1980 2837 2114 2892 atie-

529 2928 675 2976 essm
697 2920 1083 2992 discipulam
1103 2937 1228 2995 erga
1252 2924 1586 2995 magistrum,
1615 2934 1673 2982 ut
1689 2926 1829 2983 scias
1849 2925 1972 2982 ideo
1994 2926 2116 2983 illos

527 3008 695 3068 fortes
723 3010 1058 3085 invictusque
1083 3012 1268 3080 fuisse,
1298 3014 1442 3086 quod
1464 3026 1648 3071 mutuo
1670 3031 1856 3073 amore
1883 3016 2114 3073 devincti

526 3110 728 3157 essem.
756 3102 891 3159 Nam
917 3103 963 3161 si
989 3102 1177 3161 Frater
1212 3106 1302 3177 qui
1338 3105 1614 3177 adjusatur
1658 3124 1693 3162 a
1737 3113 1928 3178 fratre,
1974 3111 2118 3181 quasi

530 3191 704 3249 civitas
732 3193 1089 3267 sna-(rm.
1117 3196 1347 3271 £8.19).
1378 3199 1548 3253 multo
1572 3202 1741 3270 magis
1771 3211 1847 3254 tot
1873 3201 2118 3258 homines

529 3284 769 3341 caritatis
794 3286 1026 3344 vinculis
1052 3289 1329 3346 constricti
1352 3329 1369 3355 ,
1397 3305 1587 3347 omnes
1612 3291 1883 3362 depellant
1903 3292 2118 3363 maligni

530 3374 791 3430 datnionis
821 3375 1060 3433 insidias.
1084 3377 1247 3436 Certe
1275 3379 1418 3450 qua]
1444 3378 1643 3436 Paulus
1673 3381 1951 3437 devinctus
1976 3393 2121 3439 esset

532 3460 849 3532 discipulis,
890 3480 998 3521 non
1036 3481 1173 3537 opus
1214 3477 1299 3524 est
1343 3468 1715 3531 dqnonstrare
1766 3472 1850 3527 vel
1903 3472 2115 3539 dicere,

532 3554 748 3623 quando
777 3557 941 3615 etiam
970 3558 1196 3615 vinculis
1218 3562 1540 3618 constrictus
1566 3562 1777 3619 illorum
1804 3566 2122 3621 sollicitudi-

531 3660 654 3701 nem
680 3646 919 3714 gerebat,
951 3656 1008 3705 et
1030 3650 1268 3721 quotidie
1295 3667 1396 3724 pro
1423 3652 1528 3710 illis
1554 3655 1903 3724 moriebatur,
1932 3657 2118 3713 inccn-

532 3751 622 3789 sus
651 3750 855 3793 amore.

606 3825 660 3880 Β.
692 3825 843 3892 Quod
877 3842 1006 3883 vero
1043 3825 1291 3900 discipuli
1330 3831 1497 3889 Paulo
1534 3844 1718 3891 essent
1751 3837 1897 3892 omni
1944 3839 2121 3894 studio

532 3916 799 3983 devincti,
840 3934 946 3973 non
993 3919 1090 3976 viri
1129 3922 1336 3989 solum,
1378 3924 1474 3979 sed
1510 3928 1672 3980 etiam
1699 3927 1970 3995 mulieres,
1998 3930 2120 3985 audi

534 4007 660 4077 quid
688 4009 830 4064 dicat
850 4009 919 4065 de
949 4010 1151 4069 Phtebe
1175 4030 1189 4067 :
1219 4011 1527 4069 Commendo
1546 4017 1684 4071 vobis
1711 4017 1950 4073 Plautiam
1977 4038 2118 4077 saro-

536 4116 641 4152 rem
663 4141 679 4165 ,
704 4117 819 4170 qua
841 4102 894 4155 in
921 4103 1195 4158 ministerio
1234 4113 1308 4159 est
1334 4102 1608 4171 Ecclesia,
1646 4124 1761 4177 qua
1793 4119 1868 4163 est
1904 4111 1957 4164 in
1992 4110 2122 4167 Ceu-

535 4192 719 4254 chreis,
755 4202 811 4245 ut
837 4209 949 4247 eam
979 4195 1266 4263 suscipiatis
1303 4195 1357 4250 iu
1383 4194 1605 4250 Domino
1644 4198 1796 4267 digne
1820 4202 2006 4254 sanctis
2026 4244 2039 4267 ,
2073 4213 2120 4257 et

535 4281 785 4336 assistatis
808 4285 862 4337 ei
882 4284 932 4338 in
952 4300 1267 4355 quocumque
1291 4287 1489 4356 negotio
1509 4288 1657 4341 vestri
1681 4289 1952 4359 indiguerit
1968 4332 1983 4353 ,
2012 4309 2123 4361 qua

539 4376 732 4429 adstitit
777 4376 978 4443 multis,
1018 4386 1065 4429 et
1106 4376 1230 4430 milii
1253 4376 1353 4446 ipsi
1379 4375 1566 4447 (Rom.
1598 4380 1685 4434 16.
1721 4381 1771 4434 1.
1799 4380 1891 4449 2).
1924 4380 2122 4438 Verum

542 4467 631 4523 hic
664 4468 802 4522 circa
845 4467 1194 4535 patrocinium
1228 4476 1430 4523 tantum
1472 4468 1638 4540 ipsius
1672 4470 1850 4527 studio
1881 4474 2124 4527 testiino-

541 4556 688 4611 nium
719 4556 904 4611 dedit:
931 4556 1167 4611 Priscilla
1196 4571 1327 4612 vero
1360 4566 1417 4613 et
1450 4558 1645 4628 Aquila
1678 4574 1846 4631 usque
1873 4560 1940 4616 ad
1972 4579 2120 4616 mor-

545 4657 650 4701 tem
701 4646 847 4701 Panli
889 4648 1054 4717 gratia
1102 4657 1501 4717 processerunt.
1546 4648 1623 4704 De
1659 4649 1764 4705 illis
1803 4662 1979 4707 autem
2020 4652 2125 4710 hoc

544 4737 705 4793 modo
729 4738 951 4793 scribit:
984 4737 1224 4807 Salutant
1249 4753 1335 4793 eos
1364 4738 1547 4808 Aquila
1574 4748 1621 4793 et
1646 4737 1908 4808 Priscilla,
1928 4744 2013 4811 qui
2034 4761 2125 4812 pro

542 4827 714 4880 anima
746 4844 857 4881 mea
887 4829 1123 4883 ceruicem
1159 4844 1305 4883 suam
1338 4837 1709 4898 supposuerunt
1743 4829 1764 4902 (
1782 4829 1933 4886 Rom.
1960 4833 2046 4887 16.
2069 4834 2123 4888 3.

545 4918 600 4990 ι)
625 4918 722 4989 (a),
738 4918 805 4975 ad
829 4931 1053 4978 mortem
1075 4920 1342 4977 videlicet.
1368 4922 1443 4979 De
1458 4921 1563 4977 alio
1583 4938 1798 4994 quoque
1821 4925 1899 4980 sic
1919 4925 1984 4980 ad
2009 4926 2135 4981 illos"

544 5011 765 5065 scrtbit:
798 5009 969 5080 Usque
1006 5012 1075 5065 ad
1114 5022 1324 5067 mortem
1367 5013 1607 5080 accessit,
1654 5013 1857 5069 tradens
1904 5016 2127 5071 animam

440 5128 445 5131 ι
546 5116 708 5160 suam,
741 5110 793 5153 ut
823 5102 1049 5169 impleret
1072 5102 1146 5163 id,
1170 5101 1307 5171 quod
1330 5118 1395 5156 es;
1412 5103 1548 5156 vobis
1574 5103 1745 5157 deerat
1770 5121 1889 5176 erga
1923 5122 2004 5159 me
2039 5108 2129 5161 alia

548 5190 769 5259 sequium
799 5188 1052 5260 (Philipp.
1081 5191 1135 5245 Ξ.
1161 5191 1278 5260 50).
1313 5191 1501 5247 Vidcn’
1527 5195 1794 5262 quomodo
1814 5198 2125 5265 magistrum

548 5281 829 5349 diligt-rcnt
852 5323 867 5344 ,
899 5281 1165 5350 quomodo
1193 5283 1376 5351 prius,
1407 5298 1565 5353 quam
1597 5286 1787 5337 animm
1831 5300 1940 5339 sua:
1965 5327 1980 5353 ,
2012 5288 2126 5356 ejus

545 5372 913 5439 tranquillitati
961 5373 1370 5441 prospicerent?
1412 5372 1767 5441 Quamobrem
1811 5390 1967 5430 nemo
2006 5387 2129 5432 tunc

545 5461 664 5515 illos
719 5463 1022 5529 superabat.
1076 5462 1201 5517 [hoc
1249 5478 1413 5533 porro
1464 5461 1623 5530 dico,
1675 5480 1781 5518 non
1838 5474 1893 5519 ut
1942 5468 2128 5520 audia-

547 5566 664 5605 mus
693 5559 916 5614 tantum,
949 5553 1040 5606 sed
1066 5555 1223 5607 etiam
1255 5563 1312 5607 ut
1343 5554 1651 5609 imitemur:
1686 5570 1860 5626 neque
1899 5557 2124 5612 subditis

550 5652 755 5701 tantum
786 5646 993 5715 loquor,
1024 5645 1117 5700 sed
1147 5647 1305 5699 etiam
1342 5645 1777 5716 magistratibus;
1806 5654 1861 5701 ut
1886 5647 2129 5718 discipuli

610 5761 684 5825 (tt)
715 5768 821 5811 use:
845 5759 1071 5811 ὦσαι-ωλι
1096 5775 1119 5809 a
1147 5766 1285 5810 textu
1316 5760 1530 5821 epistolae
1558 5759 1614 5810 ad
1641 5768 1888 5810 Romanos.

1235 352 1295 410 S.
1324 351 1601 410 JOANNIS
1634 351 2115 410 CIIRYSOSTOMI
2147 348 2467 409 ARCHIEP.
2505 346 3047 409 CONSTANTINOP.

3693 344 3807 402 δῐυ

2204 463 2424 520 multum
2452 477 2578 534 erga
2606 471 2893 532 magistros
2915 475 3102 517 curam
3133 456 3452 525 exhibeant,
3490 466 3658 527 utque
3686 472 3807 513 ma-

2204 554 2355 623 gistri
2396 553 2646 610 eumdem
2690 567 2847 623 quem
2893 550 3091 608 Paulus
3130 564 3256 622 erga
3279 548 3520 607 subditos
3548 548 3805 606 allectum

2207 645 2460 712 habeant,
2493 660 2593 701 nec
2613 643 2789 700 solum
2820 651 3143 714 prmsentes,
3174 642 3273 697 sed
3301 640 3462 696 etiam
3488 640 3678 712 procul
3706 656 3807 710 po-

2206 737 2361 793 sitos.
2393 736 2669 807 Siquidem
2698 736 2898 791 Paulus
2920 750 2984 791 ac
3008 735 3053 789 si
3083 734 3135 790 in
3176 742 3288 789 toto
3313 732 3445 789 orbe
3472 747 3571 788 ceu
3601 747 3708 789 una
3750 732 3807 788 in

2206 828 2369 884 domo
2396 827 2681 894 habitaret,
2709 827 2789 882 sic
2817 826 3153 883 deomnium
3179 825 3356 882 salute
3380 824 3642 881 sollicitus
3663 833 3808 893 erat,

2208 920 2494 991 missisque
2520 919 2744 975 vinculis
2770 919 2882 973 suis
2901 959 2917 985 ,
2948 918 3203 973 :crumnis
3221 958 3238 985 ,
3277 917 3446 989 plagis
3468 957 3484 984 ,
3505 917 3771 987 angustiis
3788 956 3808 984 ,

2210 1011 2586 1065 considerabat
2626 1017 2682 1066 et
2725 1008 3101 1067 sciscitabatur
3147 1008 3407 1078 quotidie,
3444 1006 3719 1079 quomodo
3747 1022 3813 1063 se

2212 1099 2473 1156 haberent
2496 1115 2578 1165 ea,
2616 1115 2736 1170 qum
2766 1099 2833 1154 ad
2860 1098 3151 1169 discipulos
3172 1097 3524 1167 spectabant:
3554 1112 3812 1168 saepeque

2212 1191 2302 1245 illa
2325 1191 2496 1245 solum
2522 1190 2590 1246 de
2618 1205 2778 1247 causa
2806 1190 3069 1254 mittebat,
3100 1205 3243 1245 nunc
3260 1188 3635 1258 Timotheum,
3664 1204 3813 1245 nunc

2212 1265 2504 1356 Tyeh'icum
2531 1300 2544 1335 :
2575 1298 2697 1337 nam
2724 1283 2793 1338 de
2818 1282 2919 1339 hoc
2954 1282 3168 1353 quidem
3198 1283 3274 1337 ait
3303 1300 3318 1337 :
3351 1280 3419 1338 Ut
3446 1283 3573 1338 sciat
3595 1298 3713 1356 qna-
3737 1282 3811 1335 ad

2219 1390 2307 1429 vss
2334 1382 2579 1444 spectant,
2610 1382 2658 1427 et
2680 1375 2968 1429 consoletur
2994 1375 3152 1430 corda
3176 1385 3339 1430 vestra
3367 1375 3583 1447 (Hpbes.
3606 1375 3660 1432 ϐ.
3686 1375 3810 1446 22):

2212 1468 2281 1524 de
2300 1465 2583 1522 Timmheo
2602 1474 2781 1521 autem
2806 1483 2818 1520 :
2844 1466 2965 1521 Misi
2983 1483 3098 1521 eam
3115 1467 3186 1522 ad
3207 1482 3297 1521 ros
3324 1483 3422 1522 non
3451 1466 3677 1538 amplius
3699 1482 3815 1521 sus-

2213 1559 2397 1623 tinens,
2429 1573 2493 1611 ne
2520 1561 2651 1627 forte
2679 1557 2939 1612 tentarerit
2984 1572 3072 1611 eos
3101 1557 3146 1613 is
3172 1558 3260 1629 qui
3286 1566 3442 1613 latitat
3464 1558 3541 1629 (Ι.
3564 1555 3724 1612 Thes.
3750 1557 3813 1614 3.

2213 1648 2289 1717 5).
2311 1648 2450 1703 Alibi
2471 1663 2597 1703 vero
2617 1647 2795 1704 Titum
2815 1689 2831 1715 ,
2853 1646 2979 1703 alibi
3005 1648 3189 1703 alium.
3216 1648 3350 1718 Quia
3385 1649 3529 1704 enim
3555 1649 3673 1719 ipse
3701 1662 3817 1704 uno

2213 1739 2462 1795 detentus
2500 1739 2553 1794 in
2581 1740 2701 1795 loco
2720 1740 2822 1795 illis
2848 1739 3036 1795 adesse
3062 1753 3168 1795 non
3211 1748 3451 1811 poterat,
3480 1739 3573 1811 qui
3601 1739 3815 1796 viscera

2216 1831 2333 1902 ejus
2364 1840 2558 1899 erant,
2602 1848 2701 1903 per
2736 1831 3031 1902 discipulos
3070 1847 3198 1888 suos
3239 1833 3385 1903 ipsos
3434 1830 3813 1888 conveniebat.

2288 1920 2342 1977 7.
2387 1920 2588 1977 Caritas
2629 1922 3021 1992 incqualitatens
3062 1922 3254 1993 abiicit.
3286 1950 3359 1963 --
3390 1920 3542 1977 Tunc
3579 1935 3713 1992 ergo
3755 1921 3815 1977 in

2218 2010 2444 2065 vinculis
2491 2025 2615 2065 cum
2658 2020 2839 2076 esset,
2881 2010 3313 2081 Pbilippensibus
3348 2011 3561 2082 scripsit
3609 2028 3624 2067 :
3666 2010 3817 2068 Scin

2217 2110 2384 2153 autem
2409 2115 2497 2154 sos
2522 2102 2659 2167 volo,
2681 2100 2862 2170 fratres
2890 2100 3145 2174 (Philipp.
3180 2103 3233 2158 1.
3264 2100 3387 2174 ii);
3408 2101 3704 2172 discipulos
3720 2116 3819 2157 vo—

2210 2200 2306 2247 cat
2346 2192 2558 2249 fratres.
2598 2194 2743 2248 Talis
2781 2194 2980 2265 quippe
3008 2195 3202 2250 caritas
3240 2204 3325 2250 est
3350 2212 3364 2247 :
3394 2193 3816 2265 inmqualitatem

2219 2298 2433 2339 omnem
2460 2286 2660 2355 abjicit,
2689 2286 3146 2355 prmemiuentiam
3168 2293 3225 2342 et
3243 2285 3554 2356 dignitatem
3582 2300 3691 2340 non
3720 2300 3820 2340 no-

2219 2374 2329 2433 vit:
2358 2375 2450 2429 scil
2480 2375 2689 2431 etiamsi
2717 2376 2835 2445 quis
2865 2377 2934 2430 sit
2972 2376 3222 2431 omnibus
3254 2375 3555 2441 sublimior,
3590 2374 3659 2429 ad
3694 2390 3817 2430 om-

2219 2466 2365 2519 nium
2397 2465 2755 2520 humillimum
2784 2466 3081 2529 descendit.
3108 2464 3249 2537 quod
3266 2475 3319 2520 et
3345 2465 3543 2521 Paulus
3565 2464 3819 2521 iaciebat.

2219 2553 2324 2609 Sed
2356 2556 2635 2611 audiamus
2663 2557 2789 2626 qttid
2838 2557 2961 2612 illos
3000 2562 3141 2611 scire
3174 2556 3340 2613 velit:
3368 2555 3500 2623 Quia
3537 2572 3654 2627 qua
3681 2556 3821 2610 circa

2221 2662 2301 2699 me
2329 2656 2465 2713 sunt,
2488 2648 2650 2719 magis
2677 2650 2746 2702 ad
2772 2650 3051 2720 profectum
3082 2658 3321 2703 verterunt
3347 2649 3591 2719 δυσνοράἰὲ
3621 2646 3821 2719 (υἱέ.)

2223 2734 2318 2789 Dic
2358 2736 2526 2802 mihi,
2575 2738 2847 2809 quomodo
2896 2749 2952 2795 et
2990 2754 3094 2809 qua
3139 2739 3389 2795 ratione?
3424 2738 3560 2794 Num
3612 2723 3657 2793 a‘
3696 2739 3821 2793 vin-

2221 2828 2356 2882 culis
2398 2828 2654 2884 liberatus
2687 2831 2785 2885 es?
2814 2848 2941 2886 num
2977 2842 3219 2887 catenam
3244 2830 3535 2901 deposuisti
3557 2870 3574 2897 ,
3601 2841 3656 2886 et
3692 2845 3819 2887 cum

2221 2918 2468 2974 libertate
2498 2920 2549 2975 in
2578 2922 2709 2977 urbe
2738 2921 3037 2991 praedicas?
3065 2938 3189 2976 num
3212 2922 3268 2976 itt
3290 2921 3585 2976 Ecclesium
3612 2921 3824 2992 ingrcs-

2232 3022 2327 3064 sus
2355 3009 2543 3080 longos
2574 3011 2877 3082 multusque
2905 3012 3116 3068 texuisti
3147 3025 3425 3067 sermones
3453 3012 3594 3067 circa
3631 3010 3819 3077 tidesn,

2221 3099 2525 3172 multosque
2549 3101 2775 3171 adeptus
2801 3101 3093 3172 discipulos
3117 3102 3425 3158 abseessisti
3450 3101 3474 3155 i
3513 3117 3657 3157 num-
3673 3117 3821 3157 mor-

2222 3197 2343 3245 tuos
2369 3192 2637 3247 suscitasti
2658 3232 2674 3259 ,
2713 3201 2767 3248 et
2806 3192 3143 3248 admirationi
3175 3192 3365 3248 fuisti?
3393 3208 3519 3248 num
3572 3192 3826 3264 leprosos.

2223 3283 2490 3338 mandasti
2516 3325 2533 3350 ,
2558 3293 2615 3339 et
2640 3298 2827 3339 omnes
2857 3284 3138 3354 stupefacti
3178 3284 3338 3338 sunt?
3382 3300 3507 3338 num
3542 3284 3821 3340 duzmones

2225 3373 2435 3445 iugasti,
2466 3383 2520 3429 et
2540 3375 2787 3429 sublimis
2812 3374 2934 3429 inde
2958 3373 3131 3431 factus
3159 3375 3261 3429 es?
3293 3374 3433 3429 Nihil
3464 3378 3690 3437 borum,
3738 3375 3821 3429 iu-

2224 3467 2362 3535 quit.
2405 3465 2685 3532 Qtuunodo
2732 3466 2891 3537 igitur
2938 3467 3202 3535 prolectus
3228 3466 3486 3535 evangelii
3537 3465 3679 3520 fuit?
3705 3465 3820 3534 dic,

2224 3573 2427 3627 (μείρεο.
2461 3556 2549 3612 Ita
2572 3567 2651 3623 ut,
2676 3559 2867 3629 inquit,
2891 3558 3092 3612 vincula
3116 3574 3228 3612 mea
3250 3557 3517 3627 manifesta
3538 3559 3591 3612 iu
3615 3558 3843 3613 Christo“

2225 3652 2399 3719 ﬁerent
2424 3653 2476 3706 in
2507 3661 2611 3705 toto
2659 3654 2897 3721 praetorio
2918 3691 2933 3715 ,
2959 3660 3003 3705 et
3047 3651 3101 3704 in
3136 3652 3330 3704 ca'teris
3356 3650 3587 3704 omnibus
3632 3650 3817 3721 (Ibid.

2224 3759 2275 3796 ο.
2325 3742 2433 3815 15).
2459 3742 2593 3810 Quid
2620 3742 2797 3797 dicis?
2820 3741 3037 3799 liiccine
3066 3741 3369 3810 proiectus?
3402 3742 3516 3796 lnnc
3541 3742 3821 3797 accessio?

2224 3834 2327 3890 hoc
2354 3843 2696 3905 augmentum
2741 3833 3138 3905 prmdicationis
3158 3874 3174 3899 ,
3222 3832 3363 3903 quod
3390 3848 3580 3887 omnes
3610 3833 3819 3888 didice—

2226 3926 2353 3990 rint,
2390 3936 2441 3981 te
2465 3925 2707 3979 vinctum
2739 3925 2897 3979 esse?
2928 3923 3121 3987 Etiam,
3154 3924 3347 3993 inquit.
3373 3922 3507 3977 Audi
3531 3923 3693 3993 igitur
3719 3938 3815 3984 ea.

2224 4031 2344 4085 qua:
2368 4023 2681 4085 sequuntur,
2712 4024 2769 4069 ut
2794 4014 2990 4077 discas,
3020 4013 3225 4069 vincula
3257 4030 3361 4067 non
3392 4014 3551 4066 modo
3594 4013 3823 4082 impedi-

2223 4114 2462 4161 mentum
2495 4122 2602 4161 n-‘n
2630 4105 2792 4160 fuisse
2817 4146 2830 4167 .
2860 4104 2953 4159 sed
2994 4105 3154 4159 etiam
3198 4114 3566 4174 argumentum
3599 4104 3823 4172 majoris

2225 4198 2432 4253 ﬁducia:
2466 4215 2480 4250 :
2511 4196 2598 4250 Ita
2627 4205 2681 4250 ut
2709 4197 2881 4265 plures
2916 4212 2944 4250 e
2972 4194 3213 4267 fratribus
3239 4194 3305 4247 'in
3350 4194 3567 4247 Domino
3589 4235 3604 4257 ,
3651 4196 3822 4263 conﬁ-

2227 4290 2397 4344 dentes
2424 4288 2636 4342 vinculis
2657 4288 2778 4341 meis
2799 4327 2814 4351 ,
2845 4284 3192 4339 abundantius
3221 4284 3469 4338 auderent
3498 4284 3611 4338 sine
3638 4284 3823 4338 timore

2227 4382 2425 4435 verbum
2471 4380 2603 4449 loqui
2649 4377 2811 4449 (Ibid.
2839 4393 2887 4431 υ.
2924 4376 3033 4446 14).
3080 4374 3217 4443 Quid
3246 4375 3413 4442 dicis,
3467 4374 3670 4429 Paule?
3692 4373 3825 4428 Vin-

2229 4472 2347 4525 cula
2394 4485 2497 4523 non
2542 4470 2904 4531 anxietatem,
2950 4466 3044 4520 sed
3092 4465 3339 4519 ﬁduciam
3386 4464 3663 4520 indidere?
3712 4478 3825 4520 non

2232 4564 2475 4618 timorem
2495 4602 2509 4626 ,
2550 4561 2643 4615 sed
2674 4559 2952 4615 amorem?
2980 4557 3095 4613 Non
3137 4557 3335 4610 ltah‘cnt
3363 4556 3477 4610 hac
3505 4555 3647 4610 dicta
3686 4571 3824 4611 con-

2231 4653 2586 4723 sequentiam.
2614 4652 2737 4707 Scio
2769 4662 2823 4707 et
2851 4666 2969 4719 ego.
2994 4648 3111 4704 Non
3139 4649 3280 4703 enim
3309 4647 3601 4701 secundum
3631 4647 3826 4702 humu-

2232 4760 2418 4798 narnm
2448 4757 2625 4797 rerum
2659 4757 2861 4796 morem
2904 4741 3020 4795 hmo
3059 4740 3435 4808 contigerunt,
3479 4738 3690 4807 inquit:
3723 4738 3824 4793 sed

2229 4848 2388 4901 supra
2416 4838 2658 4885 naturam
2689 4839 2812 4884 sunt
2837 4831 2922 4883 illa
2946 4869 2959 4892 ,
2991 4836 3046 4883 et
3070 4829 3263 4883 divina:
3289 4828 3475 4898 gratia:
3499 4837 3668 4897 gesta.
3695 4827 3827 4882 Ideo

2228 4924 2369 4995 quod
2415 4924 2535 4977 aliis
2582 4924 2901 4976 anxietatem
2945 4922 3113 4989 parit,
3146 4920 3198 4974 id
3228 4921 3367 4991 apud
3400 4919 3547 4975 illum
3571 4919 3823 4976 ﬁduciam

2233 5014 2519 5085 praebebat.
2558 5013 2766 5067 Etenim
2810 5012 2853 5065 si
2902 5013 3020 5082 quis
3062 5021 3219 5081 capto
3263 5012 3659 5079 constritloque
3681 5012 3825 5068 duce

2233 5106 2283 5161 id
2315 5106 2546 5177 evulget,
2580 5114 2746 5159 totum
2775 5103 3070 5158 exercitum
3102 5105 3154 5157 in
3184 5102 3358 5173 fugam
3384 5103 3600 5172 coniicit
3631 5120 3646 5161 :
3680 5114 3736 5157 et
3775 5106 3825 5159 si

2232 5199 2354 5269 quis
2384 5206 2653 5255 pastorem
2682 5211 2745 5248 ex
2773 5194 2897 5247 ovili
2929 5193 3205 5247 abduxerit
3230 5236 3245 5259 ,
3274 5193 3522 5262 abigendi
3550 5192 3729 5263 gregis
3759 5195 3825 5248 li-

2234 5290 2492 5345 bertatem
2526 5286 2745 5357 prmbct.
2783 5284 2975 5337 Verum
3003 5300 3109 5337 non
3138 5285 3214 5338 sic
3244 5287 3295 5337 in
3331 5284 3491 5337 Paulo
3517 5324 3533 5349 ,
3565 5283 3658 5338 sed
3687 5300 3825 5339 con-

2236 5382 2455 5436 trarium
2474 5378 2775 5434 eveniebat.
2798 5375 2927 5429 Nam
2945 5375 3047 5429 dux
3072 5360 3404 5444 alligabatur,
3438 5383 3491 5428 et
3529 5375 3826 5430 alacriores

2236 5472 2430 5527 milites
2458 5477 2642 5532 erant,
2678 5467 2968 5535 majuriqne
3012 5467 3193 5519 animo
3237 5466 3570 5520 adversarios
3608 5464 3820 5519 adorie-

2237 5565 2431 5618 bantur
2460 5577 2473 5618 :
2503 5571 2682 5629 pastor
2709 5560 3027 5611 constrictus
3056 5568 3203 5621 erat,
3233 5565 3287 5611 et
3324 5572 3449 5611 oves
3478 5572 3584 5610 non
3624 5572 3822 5612 consu-

2241 5658 2540 5717 utebantur,
2572 5667 2671 5707 nec
2697 5648 3160 5723 dispergebantur.

2314 5750 2367 5803 8.
2411 5741 2682 5800 .Erunmr
2724 5753 2768 5795 rt
2811 5752 2999 5797 catena
3043 5738 3197 5794 Pauli
3238 5756 3432 5811 magna:
3486 5737 3833 5795 consolationi
