4074 6400
598 293 694 347 317
1251 299 1314 352 S.
1367 298 1650 355 JOANNIS
1686 299 2183 357 CIIRYSOSTOMI
2225 298 2548 356 ARCHIEP.
2591 297 3142 356 CONSTANTINOP.

663 414 737 477 η’.
755 408 850 469 Τίς
870 402 996 472 εἶδε,
1016 409 1098 469 τίς
1114 407 1339 475 ἦκουσεν
1363 407 1419 458 ἐν
1447 410 1556 469 τοῖς
1575 407 1680 460 τῶν
1696 406 2029 462 διδασκάλων
2056 408 2162 460 δει-

593 494 703 554 νοῖς
732 490 948 544 πλείονα
971 483 1310 558 παράκλησιν
1332 487 1709 558 λαμϐάνοντας
1729 493 1856 552 τοὺς
1881 490 2126 560 μαθητάς
2146 509 2160 556 ;

596 574 718 636 Πῶς
764 573 862 626 οὑκ
899 571 1145 636 ἐδεισαν;
1188 569 1311 632 πῶς’
1345 571 1445 624 οὑκ
1485 573 1864 642 ἐφοϐήθησαν;
1906 571 2023 634 πῶς
2061 573 2162 625 οὑκ

595 653 744 708 εἷπον
768 654 903 724 πρὸς
930 653 1021 706 τὸν
1056 652 1289 718 Παῦλον,
1331 653 1529 721 Ἰατρὲ,
1565 655 1943 722 θεράπευσον
1975 669 2160 708 σεαυ-

594 739 731 800 ι·όν;
765 736 1072 802 ἀπάλλαξον
1113 737 1338 789 σεαυτὸν
1382 736 1492 790 τῶν
1537 738 1889 791 πολυπλόκων
1939 737 2158 799 δεινῶν,

591 820 680 870 καὶ
721 819 840 871 τότε
891 820 1020 889 ἡμῖν
1070 819 1138 871 τὰ
1175 818 1344 889 μυρία
1397 819 1746 890 προξενήσεις
1782 819 1980 884 ἀγαθά.
2035 819 2160 882 Πῶς

587 900 755 954 ταῦτα
800 902 900 953 οὑκ
956 897 1148 965 εἷπονς
1200 901 1358 964 Πῶςς
1411 902 1493 954 ὅτι
1547 901 1971 969 πεπαιδευμένοι
2017 896 2158 972 ἦσαν

590 983 739 1053 παρά
769 982 869 1052 τῆς
907 981 1002 1034 τοῦ
1033 983 1349 1052 Πνεύματος
1379 983 1618 1054 χάριτος,
1654 983 1737 1035 ὁτι
1765 983 1937 1035 ταῦτα
1969 982 2070 1035 οὑκ
2099 983 2157 1047 ἐξ

583 1064 864 1124 ἀσθενείας
898 1065 1126 1131 ἐγίνετο,
1161 1064 1276 1117 ἀλλ’
1309 1068 1374 1116 ἐκ
1406 1066 1499 1134 τῆς
1540 1062 1632 1116 τοῦ
1671 1064 1908 1134 Χριστοῦ
1942 1081 2156 1134 συγχω-

587 1150 815 1219 ρήσεως,
847 1147 934 1199 ἵνα
979 1145 1241 1216 μειζόνως
1269 1148 1302 1216 ή
1345 1145 1572 1217 ἀλήθεια
1608 1146 1914 1219 διαλάμπῃ,
1945 1148 2036 1200 διὰ
2066 1149 2156 1200 δεο

585 1231 737 1298 σμῶν
777 1230 868 1282 καὶ
917 1229 1172 1298 φυλακῶν
1220 1230 1315 1282 καὶ
1367 1230 1598 1297 θλίψεων
1642 1232 1736 1284 καὶ
1783 1231 2154 1301 στενοχωριῶν

583 1311 921 1384 αὐξανομένη
956 1316 1051 1367 καὶ
1088 1315 1223 1385 πρὸς
1256 1317 1439 1385 μεῖζον
1470 1315 1732 1385 αἰρομένη
1772 1313 2018 1384 μέγεθος.
2046 1313 2153 1367 Οὑ-

578 1413 688 1459 τως
719 1398 750 1466 ὴ
785 1397 1014 1466 δύναμις
1053 1397 1148 1449 τοῦ
1175 1397 1411 1467 Χριστοῦ
1449 1399 1505 1449 ἐν
1543 1396 1799 1468 ἀσθενείᾳ
1829 1396 2151 1450 τελειοῦται.

579 1480 640 1530 ΕΞ
678 1480 775 1549 μὲν
809 1481 916 1549 γάρ
962 1481 1285 1532 ὑπεσκέλισε
1330 1481 1421 1533 τὸν
1453 1481 1663 1534 Παῦλον
1699 1481 1770 1534 τά
1820 1479 2015 1550 δεσμά,
2057 1481 2154 1534 καὶ

575 1561 873 1634 δειλότερον
905 1563 1183 1633 ἐποίησεν,
1219 1565 1250 1634 ἢ
1297 1565 1478 1627 αὑτὸν,
1518 1565 1549 1632 ἢ
1587 1564 1712 1626 τοὺς
1755 1564 1949 1633 ἐκείνῳ
1978 1579 2152 1634 προσ-

577 1648 808 1712 ήκοντας
844 1644 951 1698 ἔδει
982 1646 1286 1715 διαπορεῖν·
1325 1647 1372 1697 εἰ
1397 1646 1453 1698 δὲ
1491 1646 1688 1714 μᾶλλον
1745 1646 1967 1715 θαρρεῖν
2009 1663 2151 1714 παρ·-

575 1726 843 1779 εσκεύασε
867 1729 960 1780 καὶ
978 1731 1056 1789 εἰς
1083 1727 1303 1781 πλείονα
1324 1727 1482 1792 δόξαν
1498 1729 1723 1798 ἢγαγεν,
1751 1727 2150 1798 ἐκπλήττεσθαι

574 1807 654 1858 δεῖ
683 1809 776 1862 καὶ
799 1809 1117 1878 θαυμάζειν.
1142 1810 1256 1874 πῶς
1276 1809 1364 1862 διὰ
1397 1810 1718 1879 πράγματος
1747 1811 1971 1879 ἀτιμίαν
2001 1811 2151 1881 έχον-

572 1906 663 1952 τος
703 1890 831 1954 δόξα
875 1889 950 1960 τῷ
994 1892 1210 1961 μαθητῇ
1265 1893 1635 1962 προεξενεῖτο,
1690 1893 1778 1946 διά
1821 1894 2150 1965 πράγματος

571 1970 772 2024 δειλίαν
819 1972 1179 2042 ἐμϐάλλοντος
1210 1974 1407 2045 Θάρσος
1446 1978 1542 2028 καὶ
1589 1976 1938 2047 παράκλησις
1983 1978 2149 2029 πᾶσιν

573 2052 802 2116 ἐκείνοις
852 2055 1090 2122 ἐγένετο.
1127 2056 1223 2117 Τίς
1261 2057 1368 2126 γάρ
1420 2057 1578 2110 αὑτὸν
1633 2060 1733 2116 οὑκ
1789 2058 2149 2128 ἐξεπλήττετο

569 2134 689 2187 τότε
720 2176 734 2200 ,
787 2137 927 2206 ὁρῶν
980 2139 1168 2191 άλυσιν
1225 2139 1644 2210 περικείμενον;
1700 2141 1831 2194 Τότε
1892 2141 2148 2210 δαίμονες

570 2216 928 2287 ἐδραπέτευον
947 2221 1165 2289 μᾶλλον,
1187 2222 1273 2274 ὅτε
1307 2221 1494 2291 ἐώρων
1513 2223 1675 2275 αὑτὸν
1702 2225 1760 2275 ἐν
1784 2222 2145 2294 δεσμωτηρίῳ

569 2299 934 2370 διατρίϐοντα.
969 2303 1041 2355 Οὑ
1069 2305 1176 2375 γάρ
1206 2306 1350 2358 οὕτω
1397 2305 1684 2376 βασιλικὴν
1729 2305 1972 2375 κεφαλὴν
2002 2304 2145 2376 λαμ-

569 2383 715 2454 πράν
745 2385 808 2438 τὸ
844 2386 1080 2456 διάδημα
1128 2391 1276 2441 ποιεῖ
1295 2429 1308 2450 ,
1363 2389 1439 2452 ὼς
1487 2389 1588 2453 τάς
1637 2391 1844 2442 ἐκείνου
1884 2392 2072 2459 χεῖρας
2109 2391 2143 2459 ὴ

567 2465 775 2531 άλυσις,
810 2469 870 2521 οὑ
924 2470 1074 2537 παρὰ
1106 2472 1202 2540 τὴν
1243 2472 1450 2525 οἰκείαν
1483 2471 1666 2539 φύσιν,
1701 2471 1834 2525 ἀλλὰ
1869 2473 2020 2542 παρὰ
2045 2472 2144 2542 τὴν

566 2549 916 2605 ἀπανθοῦσαν
954 2554 1147 2617 αὑταῖς
1176 2555 1357 2623 χάριν.
1405 2555 1503 2607 Διὰ
1542 2556 1700 2608 τοῦτο
1739 2555 1913 2625 πολλὴ
1961 2555 2144 2626 παρά-

567 2631 758 2701 κλησις
784 2634 992 2702 ἐγίνετο
1015 2639 1126 2697 τοῖς
1153 2636 1442 2706 μαθηταῖς.
1471 2635 1576 2690 Καὶ
1610 2639 1718 2707 7&9
1741 2636 1927 2707 ἐώρων
1951 2636 2011 2688 τὸ
2043 2638 2141 2706 μὲν

567 2715 725 2784 σῶμα
752 2716 1056 2784 δεδεμένον,
1081 2719 1178 2788 τὴν
1203 2719 1260 2770 δὲ
1287 2717 1534 2784 γλῶτταν
1557 2721 1617 2771 οὑ
1641 2718 1928 2787 δεδεμένην
1946 2735 1959 2748 ·
1988 2717 2137 2789 [507]

561 2796 659 2860 τὰς
691 2798 789 2866 μὲν
818 2802 1006 2869 χεῖρας
1034 2800 1390 2867 ἐσφιγμένας,
1424 2802 1515 2853 τὸν
1552 2800 1608 2852 δὲ
1643 2801 1800 2867 λόγον
1826 2798 2137 2870 λελυμένον,

563 2885 656 2936 καὶ
678 2887 777 2956 τῆς
805 2887 1025 2949 ἀκτῖνος
1049 2893 1147 2958 τῆς
1173 2889 1400 2958 ἡλιακῆς
1426 2889 1723 2959 ταχύτερον
1747 2890 1846 2959 τὴν
1879 2889 2136 2960 οἰκουμέ-

563 2983 658 3035 νην
689 2969 1045 3040 ἐπιτρέχοντα
1071 2975 1268 3024 πᾶσαν.
1307 2972 1414 3024 Καὶ
1447 2973 1603 3026 τοῦτο
1636 2975 1818 3036 αὐτοῖς
1851 2974 2138 3045 παράκλη·

564 3072 646 3117 σις
671 3057 876 3124 ἐγίνετο
899 3059 986 3111 διὰ
1013 3059 1121 3112 τῶν
1145 3060 1321 3130 ἔργων
1345 3061 1725 3130 μανθάνουσιν,
1748 3063 1830 3114 ὅτι
1858 3061 2010 3114 οὐδὲν
2029 3062 2136 3112 τῶν

565 3140 844 3210 παρόντων
876 3143 1066 3224 δεινόν.
1101 3144 1211 3196 Καὶ
1249 3144 1357 3210 7&9
1388 3145 1516 3196 ὅταν
1545 3145 1648 3196 ὑπό
1675 3145 1820 3196 θείου
1847 3144 2013 3196 πόθου
2043 3146 2138 3196 καὶ

561 3225 770 3295 ἔρωτος
808 3231 842 3298 ἡ
885 3229 1032 3300 ψυχὴ
1063 3229 1296 3299 βαφεῖσα
1327 3231 1464 3302 τύχῃ
1505 3233 1777 3299 γνησίως,
1816 3232 1952 3300 πρὸς
1984 3232 2136 3285 οὐδὲν

560 3308 948 3380 ἐπιστρέφεται
983 3313 1088 3364 τῶν
1122 3315 1436 3383 παρόντων·
1475 3315 1591 3367 ἀλλ’
1632 3314 1821 3385 ῶσπερ
1867 3316 1916 3367 ot
1950 3315 2137 3385 μαινό-

562 3413 711 3464 μενοι
734 3399 827 3448 καὶ
852 3399 1023 3469 πυρὸς
1042 3403 1134 3452 καὶ
1159 3399 1378 3471 σιδήρου
1400 3403 1495 3453 καὶ
1517 3402 1717 3474 θηρίων
1741 3403 1836 3455 καὶ
1863 3403 2136 3471 πελάγους

560 3485 652 3538 καὶ
686 3486 905 3540 πάντων
952 3489 1390 3558 κατατολμῶσιν,
1425 3489 1568 3543 οὑτω
1612 3491 1707 3543 καὶ
1736 3486 1882 3544 οὗτοι
1936 3491 2132 3561 μανίαν

557 3572 678 3624 τινὰ
706 3573 996 3644 καλλίστην
1029 3575 1124 3626 καὶ
1159 3577 1684 3646 πνευματικωτάτην
1715 3577 1994 3647 μανέντες,
2026 3595 2134 3648 μα-

556 3660 678 3711 νίαν
709 3660 818 3711 άπὸ
853 3662 1208 3732 σωφροσύνης
1231 3659 1546 3733 γινομένην,
1572 3664 1792 3717 πάντων
1820 3664 2132 3732 κατεγέλων

555 3748 662 3801 τῶν
691 3751 1005 3820 δρωμένων.
1044 3754 1140 3804 Διά
1174 3752 1333 3806 τοῦτο
1360 3752 1643 3824 δεδεμένον
1667 3755 1905 3825 ὁρῶντες
1933 3756 2022 3807 τὸν
2055 3745 2134 3806 δὶ-

554 3839 843 3903 δάσκαλον,
867 3842 1085 3912 μᾶλλον
1125 3842 1414 3913 ἐσκίρτων,
1451 3842 1652 3913 μᾶλλον
1685 3844 2005 3914 ἠγάλλοντο,
2045 3845 2132 3900 διὰ

553 3930 662 3983 τῶν
691 3929 866 4001 ἔργων
903 3935 1014 3994 τοῖς
1047 3936 1308 3998 ἐναντίοις
1342 3934 1524 3996 δόντες
1550 3935 1848 4001 ἀπόδειξιν,
1878 3937 1958 3989 ὅτι
1993 3939 2132 3992 πάν-

553 4019 707 4073 τοθέν
734 4022 871 4073 εἰσιν
907 4021 1174 4076 ἀνάλωτοι
1203 4026 1297 4076 καὶ
1330 4024 1640 4095 ἀχείρωτοι.

609 4111 673 4163 θ.
694 4111 827 4164 Τότε
842 4113 1044 4176 τοίνυν,
1059 4115 1149 4183 ὅτε
1163 4116 1220 4167 ἐν
1235 4115 1446 4178 τούτοις
1471 4115 1538 4168 τά
1563 4117 1862 4187 πράγματα
1883 4115 1973 4189 ἦν,
1988 4122 2131 4183 τινές

553 4202 662 4256 τῶν
713 4203 922 4273 ἐχθρῶν
978 4204 1087 4258 τῶν
1125 4206 1336 4258 Παύλου
1389 4206 1702 4277 βουλόμενοι
1752 4211 1844 4264 τὸν
1895 4211 2128 4280 πόλεμον

553 4295 908 4364 ἀναῤῥιπίσαι
927 4295 1324 4366 χαλεπώτερον,
1363 4299 1454 4350 καὶ
1492 4298 1708 4368 μείζονα
1736 4299 1831 4354 τοῦ
1863 4303 2127 4370 τυράννου

554 4384 780 4454 ποιῆσαι
825 4389 920 4457 τὴν
950 4389 1090 4458 πρὸς
1139 4389 1301 4442 αὑτὸν
1344 4391 1666 4460 ἀπέχθειαν,
1702 4397 2128 4464 προσεποιοῦντο

551 4477 647 4531 καὶ
675 4479 827 4531 αὑτοὶ
867 4479 1194 4551 κηρύττειν,
1237 4483 1330 4534 καὶ
1363 4483 1658 4553 ἐκήρυττον
1690 4486 1791 4556 τὴν
1823 4486 1990 4558 ὀρθὴν
2031 4491 2127 4542 καὶ

551 4565 679 4635 ὑγιῆ
713 4567 896 4619 πίστιν
927 4569 1066 4637 ὑπὲρ
1093 4570 1187 4624 τοῦ
1223 4571 1283 4623 τὸ
1309 4571 1487 4641 δόγμα
1519 4572 1794 4626 ἐπιδοῦναι
1829 4575 2122 4644 μειζόνως·

549 4656 709 4709 τοῦτο
732 4659 790 4710 δέ
816 4659 1052 4724 ἐποίουν,
1075 4661 1194 4730 οὑχὶ
1214 4661 1311 4733 τὴν
1334 4663 1516 4716 πίστιν
1541 4667 1759 4734 σπεῖραι
1789 4665 2122 4738 βουλόμενοι,

549 4749 665 4802 ἀλλ’
695 4747 783 4802 ῖνα
823 4749 1011 4818 μαθὼν
1055 4753 1085 4804 ό
1127 4752 1346 4824 Νέρων,
1378 4753 1460 4806 δτι
1490 4753 1552 4806 τὸ
1593 4757 1857 4825 κήρυγμα
1900 4758 2122 4824 αὔξεται

551 4838 643 4892 καὶ
679 4839 741 4891 τὸ
779 4839 953 4910 δόγμα
985 4840 1284 4903 ἐπιδίδωσι,
1311 4843 1608 4913 ταχύτερον
1649 4844 1740 4896 τὸν
1782 4846 1989 4899 Παύλον
2029 4849 2121 4902 ἐπὶ

547 4930 610 4981 τὸ
649 4927 920 5000 βάραθρον
956 4930 1237 5001 ἀπαγάγῃ.
1276 4931 1378 4985 Δύο
1431 4933 1610 4985 τοίνυν
1645 4927 1713 5003 ἦν
1752 4934 2118 5001 διδασκαλεῖα,

547 5018 656 5071 τῶν
689 5019 900 5074 Παύλου
927 5021 1203 5092 μαθητῶν,
1239 5023 1463 5076 καὶτῶν
1485 5025 1693 5096 ἐχθρῶν
1720 5027 1828 5079 τῶν
1853 5028 1946 5082 τοῦ
1973 5030 2120 5083 Παύ-

547 5108 639 5162 λου
660 5126 674 5141 ·
709 5111 819 5163 τῶν
845 5112 944 5182 μὲν
976 5112 1035 5176 ἐξ
1064 5113 1319 5184 ἀληθείας
1359 5116 1757 5185 κηρυττόντων.
1789 5118 1897 5171 τῶν
1924 5120 1979 5172 δὲ
2010 5123 2118 5174 άπὸ

548 5200 876 5267 φιλονεικίας
912 5202 1004 5256 καὶ
1031 5199 1129 5272 τῆς
1159 5205 1292 5272 πρὸς
1313 5205 1401 5257 τὸν
1429 5205 1639 5258 Παῦλον
1668 5209 1980 5278 ἀπεχθείας.
2005 5213 2116 5265 Καὶ

545 5291 718 5354 ταῦτα
754 5292 928 5360 δηλῶν
979 5292 1129 5361 ἔλεγε
1155 5314 1166 5327 ·
1233 5296 1394 5361 Τινὲς
1434 5296 1551 5364 μὲν
1597 5298 1694 5352 διὰ
1740 5302 1968 5368 φθόνον
2015 5304 2113 5356 καί

545 5382 674 5451 ἔριν·
713 5384 820 5436 τὸν
865 5386 1119 5452 Χριστὸν
1165 5388 1595 5454 κηρύττουσιν,
1630 5390 1870 5454 ἐκείνους
1912 5394 2115 5461 ἐμφαί-

543 5493 651 5529 νων
688 5475 814 5539 τοίις
840 5477 1092 5547 ἐχθρούς·
1132 5479 1294 5544 Τινὲς
1324 5479 1393 5532 δὲ
1423 5482 1520 5534 καὶ
1547 5481 1622 5533 δι’
1647 5481 1948 5544 εὐδοκίαν,
1985 5485 2113 5556 περὶ

543 5565 652 5618 τῶν
681 5566 872 5621 ἑαυτοῦ
912 5567 1166 5638 μαθητῶν
1196 5571 1355 5623 τοῦτο
1391 5570 1588 5638 λέγων.
1623 5569 1760 5626 Εἷπε
1794 5573 1954 5626 πάλιν
1983 5577 2110 5646 περὶ

547 5657 784 5719 ἐκείνων,
822 5661 885 5711 Ol
909 5657 1025 5726 μὲν
1056 5659 1124 5722 ἐξ
1155 5661 1424 5727 ἐριθείας,
1452 5665 1500 5714 οξ
1532 5662 1742 5732 ἐχθροί·
1775 5667 1871 5733 οὺχ
1900 5665 2099 5732 ἁγνῶς,

3736 287 3848 341 318

2265 409 2362 477 οὑχ
2395 406 2562 475 ὑγιῶς
2585 447 2600 470 ,
2646 405 2759 458 ἀλλ’
2799 406 3066 473 Οίόμενοι
3112 404 3324 474 θλίψιν
3371 407 3676 477 ἐπιφέρειν·
3718 407 3846 471 τοῖς

2266 490 2509 559 δεσμοῖς
2532 507 2682 557 μου·
2728 492 2780 542 οι
2810 488 2878 540 δὲ
2914 485 2980 551 ἐξ
3016 486 3282 556 ἀγάπης·
3312 489 3473 542 πάλιν
3516 490 3678 543 τοῦτο
3711 490 3846 560 περὶ

2266 573 2396 625 τῶν·
2429 571 2672 638 ἀδελφῶν
2706 570 2820 622 τῶν
2861 569 3091 622 ἐαυτοῦ·
3136 569 3378 634 Είδότες
3421 571 3510 625 ὅτι
3557 575 3651 639 είς
3697 575 3849 627 ἀπο-

2263 656 2480 723 λογίαν
2528 654 2634 706 τοῦ
2669 653 3041 721 Εὺαττελίου
3095 651 3308 721 κεῖμαι.
3367 655 3427 706 Τί
3473 655 3620 722 τάρ;
3670 656 3848 721 Πλὴν

2264 736 2444 792 παντὶ
2495 736 2732 802 τρόπῳ,
2793 735 2915 786 εἴτε
2985 733 3319 802 προφάσει,
3369 736 3489 788 εἶτε
3543 738 3847 804 ἀληθείᾳ,

2263 817 2514 886 Χριστὸς
2574 816 3060 886 καταγγέλλεται.
3116 817 3279 868 Ὥστε
3333 819 3512 886 μάτην
3565 820 3660 871 καὶ
3717 817 3847 887 είκῆ

2262 900 2355 953 ἐπὶ
2406 899 2517 952 τῶν
2570 899 2835 969 αἱρέσεων
2886 896 3048 950 τοῦτο
3091 899 3152 950 τὸ
3202 900 3356 970 ῥῆμα
3409 900 3848 970 παραλαμϐάνε-

2260 1000 2370 1034 ται.
2405 983 2468 1036 Οί
2508 983 2617 1053 γάρ
2651 983 2772 1035 τότε
2819 979 3181 1051 κηρύττοντες
3217 982 3341 1050 οὑχὶ
3373 981 3551 1052 δόγμα
3582 982 3849 1052 διεφθαρ-

2264 1064 2422 1133 μένον
2462 1063 2798 1135 ἐκήρυττον,
2849 1063 2984 1117 άλλά
3029 1062 3208 1116 πίστιν
3255 1064 3382 1134 ὑγιῆ
3427 1067 3521 1118 καὶ⁵
3554 1067 3745 1135 ὀρθήν.
3777 1063 3848 1118 ει

2257 1145 2367 1216 γὰρ
2394 1145 2568 1215 δόγμα
2605 1145 3000 1216 διεφθαρμένον
3029 1146 3347 1216 ἐκήρυττον,
3377 1148 3468 1199 καὶ
3499 1148 3662 1218 ἐτερα
3689 1147 3848 1216 παρὰ

2257 1228 2347 1281 τὸν
2401 1228 2614 1282 Παῦλον
2667 1229 2982 1294 ἐδίδασκον,
3043 1229 3144 1280 οὑκ
3195 1229 3420 1298 ἔμελλεν
3471 1232 3657 1292 αὑτοῖς
3703 1246 3844 1298 προ-

2256 1312 2473 1380 χωρεῖν,
2516 1311 2654 1380 ὅπερ
2689 1309 2991 1364 ἐϐούλοντο.
3026 1311 3091 1362 Τί
3135 1311 3192 1363 δέ
3241 1311 3555 1375 ἔϐούλοντος
3598 1311 3713 1378 Τῆς
3747 1311 3844 1364 πί-

2258 1407 2426 1453 στεως
2457 1390 2784 1462 αὐξηθείσης
2818 1392 2911 1444 καὶ
2929 1391 3140 1445 πολλῶν
3168 1395 3476 1462 γενομένων
3497 1393 3605 1446 τῶν
3620 1392 3840 1446 Παύλου

2259 1472 2534 1544 μαθητῶν,
2555 1477 2634 1538 είς
2662 1475 2888 1544 μείζονα
2913 1474 3147 1544 πόλεμον
3179 1475 3270 1528 τὸν
3289 1476 3518 1545 Νέρωνα
3545 1477 3836 1546 διεγεῖραι.

2256 1556 2320 1606 El
2369 1556 2424 1608 δὲ
2463 1556 2624 1627 ἔτερα
2667 1557 2920 1626 δόγματα
2967 1558 3285 1625 ἐκήρυττον,
3327 1560 3433 1610 οὑκ
3489 1559 3554 1612 ἂν
3605 1559 3842 1621 πολλοις

2255 1639 2517 1708 ἐποίησαν
2545 1643 2671 1702 τοὺς
2723 1640 2935 1693 Παύλου
2968 1643 3236 1712 μαθητάς·
3290 1643 3365 1712 μὴ
3413 1642 3694 1706 ποιοῦντες
3740 1642 3836 1704 δέ,

2254 1722 2354 1775 οὑκ
2390 1722 2455 1776 ἂν
2500 1723 2824 1793 παρώξυναν
2852 1725 2945 1778 τὸν
2999 1726 3283 1796 τύραννον.
3335 1727 3409 1778 Οὑ
3453 1725 3634 1778 τοίνυν
3674 1723 3840 1777 τοῦτό

2255 1821 2434 1875 φησιν,
2471 1806 2550 1857 ὅτι
2581 1807 2951 1877 διεφθαρμένα
3005 1808 3250 1879 δόγματα
3283 1810 3522 1878 εἰσῆγον.
3555 1809 3670 1861 ἀλλ’
3695 1809 3836 1876 ὁτιή

2252 1887 2418 1948 αἰτία,
2449 1888 2542 1955 ἀφ’
2565 1885 2632 1960 ἧς
2656 1891 2973 1960 ἐκήρυττον,
2994 1890 3130 1961 α’ύτη
3162 1887 3228 1961 ἦν
3257 1890 3652 1961 διεφθαρμένη.
3670 1888 3838 1942 Ἐτε-

2257 1987 2348 2040 ρον
2383 1971 2492 2041 γάρ
2519 1973 2636 2025 ἐστι
2666 1972 2849 2025 λαλεῖν
2880 1973 2979 2042 τὴν
3011 1975 3285 2045 πρόφασιν
3321 1973 3415 2026 τοῦ
3453 1973 3837 2044 κηρύγματος.

2215 2065 2218 2068 ‘
2253 2053 2346 2104 καὶ
2363 2054 2551 2124 ἕτερον
2581 2055 2712 2106 αὑτὸ
2733 2054 2792 2106 τὸ
2821 2057 3082 2126 κήρυγμα
3136 2057 3210 2127 μὴ
3246 2052 3383 2108 εἶναι
3415 2055 3586 2123 ὑγιές.
3625 2055 3700 2108 τὸ
3735 2057 3839 2123 μὲν

2250 2134 2358 2204 γάρ
2399 2138 2660 2207 κήρυγμα
2688 2135 2750 2187 οὐ
2805 2139 3015 2204 γίνεται
3045 2139 3216 2206 ὑγιὲς,
3253 2139 3379 2191 ὅταν
3406 2138 3476 2191 τά
3523 2137 3771 2206 δόγματα

2250 2215 2458 2286 πλάνης
2482 2219 2722 2287 γέμοντα
2743 2234 2756 2248 ·
2812 2221 2846 2288 ὴ
2891 2219 3165 2289 πρόφασις
3192 2220 3249 2273 δέ
3278 2221 3340 2273 οὑ
3392 2220 3601 2288 γίνεται
3637 2218 3796 2290 ὑγιὴς
3817 2260 3833 2280 ,

2247 2299 2375 2351 ὅταν
2408 2300 2469 2352 τὸ
2501 2301 2601 2370 μὲν
2625 2303 2886 2373 κήρυγμα
2922 2303 3071 2371 ὑγιὲς
3107 2298 3162 2376 ᾖ,
3193 2305 3240 2355 οί
3269 2303 3326 2356 δὲ
3360 2303 3724 2374 κηρύττοντες
3755 2304 3833 2373 μὴ

2246 2380 2333 2434 διὰ
2371 2382 2464 2435 τὸν
2515 2383 2646 2436 Θεὸν
2686 2385 3052 2456 κηρύττωσιν,
3103 2385 3221 2438 ἀλλ’
3270 2385 3301 2455 ἢ
3361 2387 3496 2456 πρὸς
3544 2385 3766 2456 ἔχθραν,
3794 2386 3830 2455 ἢ

2248 2463 2384 2532 πρὸς
2416 2465 2576 2534 χάριν
2610 2465 2834 2536 ἐτέρων.

2319 2544 2466 2617 [508]
2489 2553 2537 2598 ι’.
2558 2547 2633 2598 Οὑ
2644 2549 2821 2600 τοίνυν
2837 2549 2994 2602 τοῦτό
3017 2567 3203 2620 φησιν,
3223 2551 3306 2605 ὄτι
3324 2552 3566 2620 αἱρέσεις
3583 2552 3825 2623 είσῆγον.

2244 2626 2360 2678 ἀλλ’
2388 2629 2469 2679 ὅτι
2486 2629 2586 2681 οὑκ
2605 2630 2713 2682 ἀπὸ
2737 2633 3064 2701 προφάσεως
3089 2633 3276 2702 ὀρθῆς,
3293 2634 3414 2686 οὐδέ
3434 2633 3500 2685 δι’
3542 2633 3830 2687 εὐλάϐειαν

2243 2710 2564 2779 ἐκήρυττον,
2593 2712 2730 2783 ὅπερ
2766 2713 3088 2783 ἐκήρυττον.
3122 2715 3196 2766 Οὑ
3229 2715 3339 2784 γάρ
3359 2717 3447 2768 ⁸ίνα
3477 2716 3540 2768 τὸ
3572 2715 3823 2784 Εὐαγγέ-

2242 2789 2353 2842 λιον
2383 2791 2686 2862 αὑξήσωσι,
2716 2793 2875 2847 τοῦτο
2899 2797 3140 2859 ἐποίουν,
3179 2798 3294 2851 ἀλλ’
3351 2799 3436 2850 ἵνα
3487 2800 3622 2851 αὑτὸ
3667 2799 3826 2852 πολε·

2245 2874 2457 2942 μήσωσι
2482 2886 2530 2938 α,
2557 2877 2650 2928 καὶ⁸
2676 2879 2754 2938 εἰς
2786 2876 3006 2946 μείζονα
3031 2880 3192 2931 αὑτὸν
3234 2880 3514 2950 ἐμϐάλωσι
3554 2881 3822 2934 κίνδυνον·

2239 2953 2326 3006 διὰ
2351 2953 2507 3008 τοῦτο
2536 2958 2720 3020 αὑτοῖς
2767 2959 3006 3025 ἐγκαλεῖ.
3052 2963 3162 3014 Καὶ
3201 2963 3304 3032 δρα
3339 2963 3454 3026 πῶς
3490 2965 3631 3032 μετὰ
3666 2965 3825 3034 ἀκρι-

2239 3035 2394 3099 ϐείας
2421 3039 2554 3090 αὑτὸ
2599 3039 2862 3093 τέθεικεν·
2902 3045 3169 3111 Οῖόμενοι
3203 3046 3433 3113 θλίψιν,
3466 3045 3656 3116 φησὶν,
3700 3047 3825 3101 ἐπι-

2239 3119 2442 3188 φέρειν
2477 3122 2600 3187 τοῖς
2628 3123 2875 3193 δεσμοῖς
2901 3144 3039 3194 μου.
3076 3128 3189 3180 Ούκ
3227 3125 3401 3192 εἶπεν,
3430 3129 3822 3198 ἐπιφέροντες,

2239 3203 2390 3270 ἀλλ’,
2438 3208 2706 3273 Οιόμενοι
2754 3209 3099 3277 ἐπιφέρειν,
3149 3212 3418 3274 τουτέστι,
3477 3211 3821 3281 νομίζοντες·

2236 3285 2455 3348 δεικνὺς
2479 3289 2560 3340 ὅτι
2593 3290 2641 3340 εί
2666 3290 2757 3342 καὶ
2791 3293 2988 3344 ἐκεῖνοι
3023 3293 3357 3363 νομίζουσιν,
3382 3295 3495 3349 ἀλλ’
3519 3298 3622 3348 οὑκ
3657 3297 3826 3359 αὐτὸς

2236 3369 2379 3422 οὑτω
2401 3369 2692 3433 διάκειται,
2708 3371 2844 3425 ἀλλὰ
2859 3375 2956 3426 καὶ
2975 3376 3158 3445 χαίρει
3185 3375 3272 3430 διὰ
3292 3378 3391 3447 τὴν
3411 3377 3506 3430 τοῦ
3537 3378 3826 3449 κηρύγμα·

2235 3467 2327 3514 τος
2378 3453 2637 3508 ἐπίδοσιν.
2684 3455 2994 3524 Ἐπήγαγεν
3043 3455 3137 3510 οὑν
3170 3458 3365 3526 λέγων·
3409 3461 3585 3514 Ἀλλὰ
3619 3462 3718 3514 καί
3752 3463 3826 3514 ὲν·

2239 3534 2424 3598 τούτῳ
2453 3537 2638 3604 χαίρω
2655 3539 2752 3589 καὶ
2779 3539 3141 3607 χαρήσομαι·
3160 3543 3207 3593 εἰ
3225 3541 3281 3594 δέ
3303 3541 3512 3611 πλάνην
3531 3543 3599 3595 τά
3614 3543 3824 3611 δόγμαο

2235 3631 2302 3667 τα
2333 3612 2466 3686 εἶχε,
2519 3618 2612 3671 καὶ
2648 3619 2889 3689 αἱρέσεις
2923 3621 3146 3690 εἰσῆγον
3195 3626 3417 3688 ἐκεῖνοι,
3447 3626 3548 3677 οὑκ
3583 3623 3822 3694 ἠδύνατο

2235 3698 2447 3767 χαίρειν
2475 3702 2504 3753 ό
2524 3702 2755 3763 Παῦλος.
2806 3703 3025 3776 Ἐπειδὴ
3051 3706 3107 3759 δέ
3137 3706 3290 3775 ὑγιές
3311 3707 3404 3761 καὶ
3430 3707 3724 3761 ἀνόθευτον
3748 3709 3814 3760 τὸ

2233 3780 2430 3851 δόγμα,
2457 3783 2544 3837 διά
2572 3785 2730 3838 τοῦτό
2760 3803 2890 3856 φησι
2915 3829 2929 3852 ,
2975 3789 3166 3856 Χαίρω
3204 3789 3301 3842 καὶ
3346 3789 3708 3858 χαρήσομαι.
3753 3791 3824 3847 Τί

2235 3865 2365 3934 γὰρ,
2402 3867 2449 3917 εί
2490 3868 2716 3933 ἐαυτοὺς
2765 3870 3125 3924 ἀπολλύουσιν
3155 3875 3373 3935 ἐκεῖνοι,
3421 3871 3480 3936 ἐξ
3513 3874 3819 3943 ἀπεχθείας

2234 3949 2392 4002 τοῦτο
2422 3943 2728 4014 ποιοῦντεςς
2757 3953 2919 4007 Ἀλλὰ
2938 3956 3002 4007 τὰ
3025 3956 3134 4025 ἐμὰ
3161 3957 3255 4008 καὶ
3280 3958 3503 4018 ἄκοντες
3533 3956 3813 4021 αῦξουσιν.

2227 4026 2388 4110 *Εἶδες
2421 4033 2559 4103 πόση
2589 4034 2682 4087 τοῦ
2717 4036 2933 4090 Παύλου
2975 4040 3008 4107 ἡ
3037 4038 3298 4108 δύναμις;
3335 4043 3454 4102 πῶς
3500 4041 3682 4094 οὐδενὶ
3705 4043 3814 4094 τῶν

2233 4113 2326 4165 τοῦ
2359 4114 2602 4168 διαϐόλου
2640 4120 3050 4189 μηχανημάτων
3079 4120 3357 4175 ἁλίσκεται
3379 4139 3392 4186 ;
3417 4123 3525 4175 Καὶ
3559 4124 3621 4176 οὑ
3651 4127 3814 4193 μόνον

2233 4196 2329 4265 οὑχ
2359 4196 2676 4264 ἁλίσκεται,
2722 4201 2858 4254 άλλά
2913 4203 3008 4254 καὶ
3037 4205 3220 4267 αὑτοῖς
3257 4205 3472 4268 τούτοις
3503 4207 3669 4260 αὑτὸν
3701 4225 3814 4277 χει-

2236 4277 2440 4347 ροῦται.
2459 4281 2632 4353 Πολλὴ
2655 4282 2752 4352 μὲν
2778 4286 2886 4354 γάρ
2912 4281 3005 4338 οὖν
3030 4286 3124 4340 καὶ
3142 4289 3175 4356 ἡ
3191 4287 3286 4340 τοῦ
3307 4288 3555 4341 διαϐόλου
3578 4307 3815 4360 κακουρ-

2231 4361 2358 4429 γία,
2400 4364 2493 4415 καὶ
2533 4365 2640 4416 τῶν
2691 4367 2886 4437 ἐκείνῳ
2927 4368 3317 4422 διακονούντων
3358 4373 3390 4440 ἡ
3438 4372 3707 4441 πονηρία·
3753 4375 3811 4426 ἐν

2233 4447 2578 4517 προσχήματι
2623 4448 2732 4520 γάρ
2764 4450 2857 4502 τοῦ
2899 4451 2964 4503 τά
3016 4452 3155 4504 αὐτὰ
3199 4457 3443 4522 φρονεῖν.
3498 4451 3693 4508 σϐέσαι
3748 4457 3811 4511 τὸ

2231 4529 2494 4600 κήρυγμα
2538 4531 2840 4586 ἐϐούλοντο.
2892 4533 3032 4585 Ἀλλ’
3091 4535 3152 4586 Ὀ
3204 4534 3624 4605 δρασσόμενος
3663 4539 3810 4606 τοὺς

2230 4613 2459 4679 σοφοὺς
2497 4614 2566 4665 ἐν
2613 4612 2689 4681 τῇ
2745 4617 3079 4684 πανουργίᾳ
3111 4615 3331 4679 αὐτῶν,
3384 4620 3444 4670 οὺ
3504 4620 3807 4694 συνεχώρει

2228 4693 2387 4747 τοῦτο
2419 4696 2671 4764 γενέσθαι
2713 4697 2854 4750 τότε.
2895 4697 3065 4751 Τοῦτο
3108 4698 3239 4767 γοῦν
3285 4700 3418 4752 αὑτὸ
3462 4693 3748 4770 ἐμφαίνων
3774 4706 3806 4758 ό

2229 4776 2437 4841 Παῦλος
2458 4779 2630 4847 ἔλεγε·
2657 4779 2724 4833 Τὸ
2755 4779 2823 4832 δὲ
2851 4779 3142 4848 ἐπιμεῖναι
3172 4779 3247 4848 τῇ
3267 4783 3445 4850 σαρκὶ
3477 4783 3805 4850 ἀναγκαιό-

2226 4875 2398 4925 τερον
2412 4860 2486 4912 δι’
2505 4861 2681 4929 ἡμᾶς,
2707 4863 2806 4914 καὶ
2829 4862 3005 4914 τοῦτο
3029 4862 3324 4928 πεποιθὼς
3354 4859 3506 4928 οῖδα,
3530 4864 3620 4918 ὅτι
3635 4867 3806 4936 μενῶ

2225 4941 2323 4993 καί
2365 4943 2808 5012 συμπαραμενῶ
2853 4941 3042 4998 πᾶσιν
3086 4944 3242 5014 ὑμῖν.
3287 4947 3515 5000 Ἐκεῖνοι
3551 4948 3653 5017 μὲν
3690 4951 3804 5021 γάρ

2223 5024 2320 5093 τῆς
2335 5025 2615 5096 παρούσης
2631 5044 2698 5096 με
2713 5027 2858 5097 ζωῆς
2879 5027 3126 5080 ἐκϐαλεῖν
3140 5027 3298 5082 ἐπιθυ
3304 5029 3485 5099 μοῦσι,
3501 5032 3595 5084 καὶ
3616 5033 3802 5086 πάντα

2226 5107 2315 5160 διά
2376 5108 2534 5162 τοῦτο
2581 5109 2967 5180 ὑπομένουσιν·
3009 5109 3037 5160 ό
3076 5109 3134 5162 δὲ
3182 5111 3313 5174 Θεὸς
3343 5112 3444 5164 οὑκ
3491 5112 3690 5182 ἀφίησι
3723 5115 3796 5168 δι’

2227 5193 2388 5262 ὑμᾶς.

2290 5296 2475 5350 Ταῦτα
2491 5296 2670 5349 τοίνυν
2694 5295 2832 5367 μετά
2851 5296 3134 5366 ἀκριϐείας
3156 5299 3368 5353 ἅπαντα
3392 5302 3789 5371 μνημονεύετε,

2219 5381 2304 5431 ἵνα
2337 5379 2463 5439 τοὺς
2489 5379 2672 5441 ἁπλῶς
2707 5382 2800 5431 καὶ
2821 5380 2896 5442 ὡς
2926 5381 3080 5450 ἔτυχε
3102 5385 3220 5445 ταῖς
3247 5384 3486 5454 Γραφαῖς
3507 5389 3791 5457 κεχρημέ-

2215 5479 2342 5521 νους
2381 5462 2475 5513 καὶ
2507 5463 2592 5512 ἐπ’
2624 5462 2828 5530 ὀλέθρῳ
2867 5462 2975 5514 τῶν
3018 5464 3266 5535 πλησίον,
3303 5469 3438 5537 μετὰ
3467 5471 3652 5539 πάσης
3697 5488 3789 5522 σο-

2215 5547 2344 5617 φίας
2372 5544 2599 5615 δύνησθε
2622 5545 2884 5615 διορθοῦν.
2905 5548 3255 5620 Δυνησόμεθα
3277 5551 3331 5605 δὲ
3360 5552 3452 5606 καὶ
3471 5554 3784 5624 μεμνῆσθαι

2278 5681 2302 5708 ⁸
2330 5680 2466 5744 Αὐτῷ
2487 5680 2815 5739 πολεμήσωσι,
2841 5680 2909 5728 sic
2935 5695 3050 5730 mss.
