  <div class='ocr_page' id='page_1' title='image "/cluster/home/n/w/nwhite01/storage/ocr_20150623/51/ien.35556001660786/322.png"; bbox 0 0 4074 6428; ppageno 0'>
   <div class='ocr_carea' id='block_1_1' title="bbox 225 355 332 411">
    <p class='ocr_par' dir='ltr' id='par_1_1' title="bbox 225 355 332 411">
     <span class='ocr_line' id='line_1_1' title="bbox 225 355 332 411; baseline 0.009 -1"><span class='ocrx_word' id='word_1_1' title='bbox 225 355 332 411; x_wconf 75' lang='lat'><strong>517</strong></span> 
     </span>
    </p>
   </div>
   <div class='ocr_carea' id='block_1_2' title="bbox 216 1199 1822 1278">
    <p class='ocr_par' dir='ltr' id='par_1_2' title="bbox 216 1199 1822 1278">
     <span class='ocr_line' id='line_1_2' title="bbox 216 1199 1822 1278; baseline 0.004 -23"><span class='ocrx_word' id='word_1_2' title='bbox 216 1199 424 1255; x_wconf 83' lang='lat' dir='ltr'><strong>Christi</strong></span> <span class='ocrx_word' id='word_1_3' title='bbox 456 1203 596 1268; x_wconf 83' lang='lat' dir='ltr'><strong>ﬁeri,</strong></span> <span class='ocrx_word' id='word_1_4' title='bbox 629 1212 686 1255; x_wconf 93' lang='lat' dir='ltr'><strong>ut</strong></span> <span class='ocrx_word' id='word_1_5' title='bbox 715 1204 909 1256; x_wconf 86' lang='lat' dir='ltr'><strong>veritas</strong></span> <span class='ocrx_word' id='word_1_6' title='bbox 935 1204 1103 1273; x_wconf 82' lang='lat' dir='ltr'><strong>magis</strong></span> <span class='ocrx_word' id='word_1_7' title='bbox 1135 1204 1438 1275; x_wconf 70' lang='lat' dir='ltr'><strong>effulgeret,</strong></span> <span class='ocrx_word' id='word_1_8' title='bbox 1465 1223 1560 1276; x_wconf 91' lang='lat' dir='ltr'><strong>per</strong></span> <span class='ocrx_word' id='word_1_9' title='bbox 1587 1210 1822 1278; x_wconf 83' lang='lat' dir='ltr'><strong>vincula,</strong></span> 
     </span>
    </p>
   </div>
   <div class='ocr_carea' id='block_1_3' title="bbox 217 1298 1825 1368">
    <p class='ocr_par' dir='ltr' id='par_1_3' title="bbox 217 1298 1825 1368">
     <span class='ocr_line' id='line_1_3' title="bbox 217 1298 1825 1368; baseline 0.007 -23"><span class='ocrx_word' id='word_1_10' title='bbox 217 1306 321 1361; x_wconf 85' lang='lat' dir='ltr'><strong>per</strong></span> <span class='ocrx_word' id='word_1_11' title='bbox 347 1307 592 1348; x_wconf 87' lang='lat' dir='ltr'><strong>carceres</strong></span> <span class='ocrx_word' id='word_1_12' title='bbox 620 1302 675 1348; x_wconf 90' lang='lat' dir='ltr'><strong>et</strong></span> <span class='ocrx_word' id='word_1_13' title='bbox 700 1309 991 1362; x_wconf 63' lang='lat' dir='ltr'><strong>aerumnas,</strong></span> <span class='ocrx_word' id='word_1_14' title='bbox 1019 1298 1398 1368; x_wconf 72' lang='lat' dir='ltr'><strong>angustiasque</strong></span> <span class='ocrx_word' id='word_1_15' title='bbox 1417 1311 1595 1366; x_wconf 89' lang='lat' dir='ltr'><strong>aucta,</strong></span> <span class='ocrx_word' id='word_1_16' title='bbox 1627 1312 1682 1357; x_wconf 95' lang='lat' dir='ltr'><strong>et</strong></span> <span class='ocrx_word' id='word_1_17' title='bbox 1710 1318 1825 1356; x_wconf 83' lang='lat' dir='ltr'><strong>ma-</strong></span> 
     </span>
    </p>
   </div>
   <div class='ocr_carea' id='block_1_4' title="bbox 214 1384 1823 1470">
    <p class='ocr_par' dir='ltr' id='par_1_4' title="bbox 214 1384 1823 1470">
     <span class='ocr_line' id='line_1_4' title="bbox 214 1384 1823 1470; baseline 0.01 -32"><span class='ocrx_word' id='word_1_18' title='bbox 214 1384 397 1470; x_wconf 67' lang='lat' dir='ltr'><strong>jorem</strong></span> <span class='ocrx_word' id='word_1_19' title='bbox 419 1386 472 1440; x_wconf 91' lang='lat' dir='ltr'><strong>in</strong></span> <span class='ocrx_word' id='word_1_20' title='bbox 503 1387 722 1442; x_wconf 84' lang='lat' dir='ltr'><strong>modum</strong></span> <span class='ocrx_word' id='word_1_21' title='bbox 743 1400 947 1444; x_wconf 80' lang='lat' dir='ltr'><strong>evecta.</strong></span> <span class='ocrx_word' id='word_1_22' title='bbox 977 1391 1066 1446; x_wconf 91' lang='lat' dir='ltr'><strong>Sic</strong></span> <span class='ocrx_word' id='word_1_23' title='bbox 1090 1393 1260 1448; x_wconf 89' lang='lat' dir='ltr'><strong>virtus</strong></span> <span class='ocrx_word' id='word_1_24' title='bbox 1279 1393 1479 1451; x_wconf 86' lang='lat' dir='ltr'><strong>Christi</strong></span> <span class='ocrx_word' id='word_1_25' title='bbox 1511 1397 1565 1452; x_wconf 93' lang='lat' dir='ltr'><strong>in</strong></span> <span class='ocrx_word' id='word_1_26' title='bbox 1592 1398 1823 1453; x_wconf 81' lang='lat' dir='ltr'><strong>inﬁrmi-</strong></span> 
     </span>
    </p>
   </div>
   <div class='ocr_carea' id='block_1_5' title="bbox 219 1477 1826 1552">
    <p class='ocr_par' dir='ltr' id='par_1_5' title="bbox 219 1477 1826 1552">
     <span class='ocr_line' id='line_1_5' title="bbox 219 1477 1826 1552; baseline 0.012 -25"><span class='ocrx_word' id='word_1_27' title='bbox 219 1483 334 1529; x_wconf 85' lang='lat' dir='ltr'><strong>tate</strong></span> <span class='ocrx_word' id='word_1_28' title='bbox 367 1477 640 1546; x_wconf 90' lang='lat' dir='ltr'><strong>perﬁcitur</strong></span> <span class='ocrx_word' id='word_1_29' title='bbox 669 1481 747 1550; x_wconf 78' lang='grc'><strong>(2.</strong></span> <span class='ocrx_word' id='word_1_30' title='bbox 779 1479 898 1534; x_wconf 89' lang='lat' dir='ltr'><strong>Cor.</strong></span> <span class='ocrx_word' id='word_1_31' title='bbox 933 1482 1020 1536; x_wconf 71' lang='lat'><strong>1‘2.</strong></span> <span class='ocrx_word' id='word_1_32' title='bbox 1052 1483 1133 1552; x_wconf 83' lang='lat'><strong>9).</strong></span> <span class='ocrx_word' id='word_1_33' title='bbox 1181 1485 1237 1539; x_wconf 90' lang='lat' dir='ltr'><strong>Si</strong></span> <span class='ocrx_word' id='word_1_34' title='bbox 1269 1487 1412 1539; x_wconf 89' lang='lat' dir='ltr'><strong>enitn</strong></span> <span class='ocrx_word' id='word_1_35' title='bbox 1443 1489 1650 1544; x_wconf 87' lang='lat' dir='ltr'><strong>vincula</strong></span> <span class='ocrx_word' id='word_1_36' title='bbox 1687 1491 1826 1545; x_wconf 78' lang='lat' dir='ltr'><strong>Pau-</strong></span> 
     </span>
    </p>
   </div>
   <div class='ocr_carea' id='block_1_6' title="bbox 216 1565 1823 1646">
    <p class='ocr_par' dir='ltr' id='par_1_6' title="bbox 216 1565 1823 1646">
     <span class='ocr_line' id='line_1_6' title="bbox 216 1565 1823 1646; baseline 0.011 -27"><span class='ocrx_word' id='word_1_37' title='bbox 216 1565 331 1620; x_wconf 84' lang='lat' dir='ltr'><strong>lum</strong></span> <span class='ocrx_word' id='word_1_38' title='bbox 375 1569 830 1638; x_wconf 87' lang='lat' dir='ltr'><strong>supplantassent,</strong></span> <span class='ocrx_word' id='word_1_39' title='bbox 855 1581 910 1627; x_wconf 90' lang='lat' dir='ltr'><strong>et</strong></span> <span class='ocrx_word' id='word_1_40' title='bbox 941 1574 1262 1630; x_wconf 72' lang='lat' dir='ltr'><strong>timidiorem</strong></span> <span class='ocrx_word' id='word_1_41' title='bbox 1297 1578 1676 1646; x_wconf 79' lang='lat' dir='ltr'><strong>reddidissent,</strong></span> <span class='ocrx_word' id='word_1_42' title='bbox 1709 1583 1823 1636; x_wconf 90' lang='lat' dir='ltr'><strong>sive</strong></span> 
     </span>
    </p>
   </div>
   <div class='ocr_carea' id='block_1_7' title="bbox 217 1656 1822 1733">
    <p class='ocr_par' dir='ltr' id='par_1_7' title="bbox 217 1656 1822 1733">
     <span class='ocr_line' id='line_1_7' title="bbox 217 1656 1822 1733; baseline 0.011 -24"><span class='ocrx_word' id='word_1_43' title='bbox 217 1656 394 1724; x_wconf 88' lang='lat' dir='ltr'><strong>illum,</strong></span> <span class='ocrx_word' id='word_1_44' title='bbox 413 1659 526 1714; x_wconf 86' lang='lat' dir='ltr'><strong>sive</strong></span> <span class='ocrx_word' id='word_1_45' title='bbox 547 1675 664 1726; x_wconf 90' lang='lat' dir='ltr'><strong>eos,</strong></span> <span class='ocrx_word' id='word_1_46' title='bbox 695 1665 785 1731; x_wconf 89' lang='lat' dir='ltr'><strong>qui</strong></span> <span class='ocrx_word' id='word_1_47' title='bbox 814 1664 914 1733; x_wconf 86' lang='lat' dir='ltr'><strong>ipsi</strong></span> <span class='ocrx_word' id='word_1_48' title='bbox 947 1665 1242 1733; x_wconf 77' lang='lat' dir='ltr'><strong>haerebant,</strong></span> <span class='ocrx_word' id='word_1_49' title='bbox 1268 1678 1398 1723; x_wconf 70' lang='lat' dir='ltr'><strong>tunc</strong></span> <span class='ocrx_word' id='word_1_50' title='bbox 1423 1669 1822 1727; x_wconf 77' lang='lat' dir='ltr'><strong>formidandum</strong></span> 
     </span>
    </p>
   </div>
   <div class='ocr_carea' id='block_1_8' title="bbox 214 1751 1822 1828">
    <p class='ocr_par' dir='ltr' id='par_1_8' title="bbox 214 1751 1822 1828">
     <span class='ocr_line' id='line_1_8' title="bbox 214 1751 1822 1828; baseline 0.007 -20"><span class='ocrx_word' id='word_1_51' title='bbox 214 1760 370 1814; x_wconf 81' lang='lat' dir='ltr'><strong>erat;</strong></span> <span class='ocrx_word' id='word_1_52' title='bbox 401 1751 482 1806; x_wconf 91' lang='lat' dir='ltr'><strong>sin</strong></span> <span class='ocrx_word' id='word_1_53' title='bbox 528 1754 788 1818; x_wconf 79' lang='lat' dir='ltr'><strong>majorem</strong></span> <span class='ocrx_word' id='word_1_54' title='bbox 834 1757 1082 1813; x_wconf 88' lang='lat' dir='ltr'><strong>ﬁduciam</strong></span> <span class='ocrx_word' id='word_1_55' title='bbox 1114 1759 1444 1828; x_wconf 90' lang='lat' dir='ltr'><strong>indiderunt,</strong></span> <span class='ocrx_word' id='word_1_56' title='bbox 1497 1773 1556 1827; x_wconf 54' lang='lat' dir='ltr'><strong>et,</strong></span> <span class='ocrx_word' id='word_1_57' title='bbox 1593 1764 1660 1818; x_wconf 91' lang='lat' dir='ltr'><strong>ad</strong></span> <span class='ocrx_word' id='word_1_58' title='bbox 1703 1782 1822 1821; x_wconf 87' lang='lat' dir='ltr'><strong>am-</strong></span> 
     </span>
    </p>
   </div>
   <div class='ocr_carea' id='block_1_9' title="bbox 215 1842 1820 1921">
    <p class='ocr_par' dir='ltr' id='par_1_9' title="bbox 215 1842 1820 1921">
     <span class='ocr_line' id='line_1_9' title="bbox 215 1842 1820 1921; baseline 0.012 -29"><span class='ocrx_word' id='word_1_59' title='bbox 215 1842 448 1909; x_wconf 76' lang='lat' dir='ltr'><strong>plint&#39;cnl</strong></span> <span class='ocrx_word' id='word_1_60' title='bbox 485 1844 709 1913; x_wconf 77' lang='lat' dir='ltr'><strong>gloriam</strong></span> <span class='ocrx_word' id='word_1_61' title='bbox 753 1859 1070 1914; x_wconf 88' lang='lat' dir='ltr'><strong>evexerunt,</strong></span> <span class='ocrx_word' id='word_1_62' title='bbox 1114 1851 1499 1921; x_wconf 86' lang='lat' dir='ltr'><strong>obstupescere</strong></span> <span class='ocrx_word' id='word_1_63' title='bbox 1542 1871 1608 1911; x_wconf 89' lang='lat' dir='ltr'><strong>ac</strong></span> <span class='ocrx_word' id='word_1_64' title='bbox 1638 1859 1820 1911; x_wconf 88' lang='lat' dir='ltr'><strong>mirari</strong></span> 
     </span>
    </p>
   </div>
   <div class='ocr_carea' id='block_1_10' title="bbox 213 1937 1821 2019">
    <p class='ocr_par' dir='ltr' id='par_1_10' title="bbox 213 1937 1821 2019">
     <span class='ocr_line' id='line_1_10' title="bbox 213 1937 1821 2019; baseline 0.012 -36"><span class='ocrx_word' id='word_1_65' title='bbox 213 1942 455 2001; x_wconf 84' lang='lat' dir='ltr'><strong>oportet,</strong></span> <span class='ocrx_word' id='word_1_66' title='bbox 489 1937 758 2004; x_wconf 90' lang='lat' dir='ltr'><strong>quomodo</strong></span> <span class='ocrx_word' id='word_1_67' title='bbox 803 1953 899 2008; x_wconf 89' lang='lat' dir='ltr'><strong>per</strong></span> <span class='ocrx_word' id='word_1_68' title='bbox 924 1955 1039 1994; x_wconf 92' lang='lat' dir='ltr'><strong>rem</strong></span> <span class='ocrx_word' id='word_1_69' title='bbox 1075 1941 1362 2010; x_wconf 76' lang='lat' dir='ltr'><strong>ignominia</strong></span> <span class='ocrx_word' id='word_1_70' title='bbox 1395 1947 1610 2017; x_wconf 86' lang='lat' dir='ltr'><strong>plenam</strong></span> <span class='ocrx_word' id='word_1_71' title='bbox 1652 1949 1821 2019; x_wconf 87' lang='lat' dir='ltr'><strong>gloria</strong></span> 
     </span>
    </p>
   </div>
   <div class='ocr_carea' id='block_1_11' title="bbox 212 2019 1818 2106">
    <p class='ocr_par' dir='ltr' id='par_1_11' title="bbox 212 2019 1818 2106">
     <span class='ocr_line' id='line_1_11' title="bbox 212 2019 1818 2106; baseline 0.014 -33"><span class='ocrx_word' id='word_1_72' title='bbox 212 2019 481 2091; x_wconf 81' lang='lat' dir='ltr'><strong>discipulo</strong></span> <span class='ocrx_word' id='word_1_73' title='bbox 538 2026 950 2092; x_wconf 86' lang='lat' dir='ltr'><strong>conciliaretur;</strong></span> <span class='ocrx_word' id='word_1_74' title='bbox 1005 2046 1205 2101; x_wconf 86' lang='lat' dir='ltr'><strong>perque</strong></span> <span class='ocrx_word' id='word_1_75' title='bbox 1263 2049 1376 2089; x_wconf 88' lang='lat' dir='ltr'><strong>rem</strong></span> <span class='ocrx_word' id='word_1_76' title='bbox 1431 2053 1550 2106; x_wconf 69' lang='lat' dir='ltr'><strong>quas</strong></span> <span class='ocrx_word' id='word_1_77' title='bbox 1615 2049 1818 2095; x_wconf 88' lang='lat' dir='ltr'><strong>metum</strong></span> 
     </span>
    </p>
   </div>
   <div class='ocr_carea' id='block_1_12' title="bbox 214 2111 1818 2186">
    <p class='ocr_par' dir='ltr' id='par_1_12' title="bbox 214 2111 1818 2186">
     <span class='ocr_line' id='line_1_12' title="bbox 214 2111 1818 2186; baseline 0.014 -22"><span class='ocrx_word' id='word_1_78' title='bbox 214 2111 461 2168; x_wconf 84' lang='lat' dir='ltr'><strong>incutere</strong></span> <span class='ocrx_word' id='word_1_79' title='bbox 503 2113 752 2181; x_wconf 79' lang='lat' dir='ltr'><strong>debebat,</strong></span> <span class='ocrx_word' id='word_1_80' title='bbox 785 2117 976 2174; x_wconf 87' lang='lat' dir='ltr'><strong>tiducia</strong></span> <span class='ocrx_word' id='word_1_81' title='bbox 1007 2130 1062 2174; x_wconf 90' lang='lat' dir='ltr'><strong>et</strong></span> <span class='ocrx_word' id='word_1_82' title='bbox 1087 2125 1385 2179; x_wconf 81' lang='lat' dir='ltr'><strong>consolatio</strong></span> <span class='ocrx_word' id='word_1_83' title='bbox 1430 2129 1530 2183; x_wconf 83' lang='lat' dir='ltr'><strong>illis</strong></span> <span class='ocrx_word' id='word_1_84' title='bbox 1570 2132 1818 2186; x_wconf 89' lang='lat' dir='ltr'><strong>omnibus</strong></span> 
     </span>
    </p>
   </div>
   <div class='ocr_carea' id='block_1_13' title="bbox 215 2206 1817 2288">
    <p class='ocr_par' dir='ltr' id='par_1_13' title="bbox 215 2206 1817 2288">
     <span class='ocr_line' id='line_1_13' title="bbox 215 2206 1817 2288; baseline 0.016 -35"><span class='ocrx_word' id='word_1_85' title='bbox 215 2213 515 2272; x_wconf 88' lang='lat' dir='ltr'><strong>pareretur.</strong></span> <span class='ocrx_word' id='word_1_86' title='bbox 561 2206 692 2273; x_wconf 84' lang='lat' dir='ltr'><strong>Quis</strong></span> <span class='ocrx_word' id='word_1_87' title='bbox 721 2209 862 2263; x_wconf 90' lang='lat' dir='ltr'><strong>enim</strong></span> <span class='ocrx_word' id='word_1_88' title='bbox 896 2226 1002 2264; x_wconf 90' lang='lat' dir='ltr'><strong>non</strong></span> <span class='ocrx_word' id='word_1_89' title='bbox 1028 2223 1136 2266; x_wconf 89' lang='lat' dir='ltr'><strong>tum</strong></span> <span class='ocrx_word' id='word_1_90' title='bbox 1178 2217 1614 2288; x_wconf 83' lang='lat' dir='ltr'><strong>obstupeseebat,</strong></span> <span class='ocrx_word' id='word_1_91' title='bbox 1645 2224 1817 2277; x_wconf 84' lang='lat' dir='ltr'><strong>virum</strong></span> 
     </span>
    </p>
   </div>
   <div class='ocr_carea' id='block_1_14' title="bbox 209 2302 1816 2369">
    <p class='ocr_par' dir='ltr' id='par_1_14' title="bbox 209 2302 1816 2369">
     <span class='ocr_line' id='line_1_14' title="bbox 209 2302 1816 2369; baseline 0.014 -23"><span class='ocrx_word' id='word_1_92' title='bbox 209 2309 443 2350; x_wconf 85' lang='lat' dir='ltr'><strong>cernens</strong></span> <span class='ocrx_word' id='word_1_93' title='bbox 470 2307 658 2352; x_wconf 86' lang='lat' dir='ltr'><strong>catena</strong></span> <span class='ocrx_word' id='word_1_94' title='bbox 684 2302 1072 2356; x_wconf 80' lang='lat' dir='ltr'><strong>constrictum?</strong></span> <span class='ocrx_word' id='word_1_95' title='bbox 1101 2305 1252 2360; x_wconf 90' lang='lat' dir='ltr'><strong>Tunc</strong></span> <span class='ocrx_word' id='word_1_96' title='bbox 1278 2311 1508 2364; x_wconf 81' lang='lat' dir='ltr'><strong>maxime</strong></span> <span class='ocrx_word' id='word_1_97' title='bbox 1543 2312 1816 2369; x_wconf 73' lang='lat' dir='ltr'><strong>daemones</strong></span> 
     </span>
    </p>
   </div>
   <div class='ocr_carea' id='block_1_15' title="bbox 208 2387 1813 2475">
    <p class='ocr_par' dir='ltr' id='par_1_15' title="bbox 208 2387 1813 2475">
     <span class='ocr_line' id='line_1_15' title="bbox 208 2387 1813 2475; baseline 0.014 -35"><span class='ocrx_word' id='word_1_98' title='bbox 208 2387 509 2456; x_wconf 69' lang='lat' dir='ltr'><strong>fugiebant,</strong></span> <span class='ocrx_word' id='word_1_99' title='bbox 552 2407 672 2445; x_wconf 89' lang='lat' dir='ltr'><strong>cum</strong></span> <span class='ocrx_word' id='word_1_100' title='bbox 715 2393 957 2449; x_wconf 78' lang='lat' dir='ltr'><strong>viderent</strong></span> <span class='ocrx_word' id='word_1_101' title='bbox 983 2411 1106 2451; x_wconf 88' lang='lat' dir='ltr'><strong>eum</strong></span> <span class='ocrx_word' id='word_1_102' title='bbox 1149 2397 1202 2452; x_wconf 91' lang='lat' dir='ltr'><strong>in</strong></span> <span class='ocrx_word' id='word_1_103' title='bbox 1245 2416 1462 2457; x_wconf 85' lang='lat' dir='ltr'><strong>carcere</strong></span> <span class='ocrx_word' id='word_1_104' title='bbox 1507 2405 1813 2475; x_wconf 76' lang='lat' dir='ltr'><strong>degentem.</strong></span> 
     </span>
    </p>
   </div>
   <div class='ocr_carea' id='block_1_16' title="bbox 207 2476 1816 2566">
    <p class='ocr_par' dir='ltr' id='par_1_16' title="bbox 207 2476 1816 2566">
     <span class='ocr_line' id='line_1_16' title="bbox 207 2476 1816 2566; baseline 0.014 -35"><span class='ocrx_word' id='word_1_105' title='bbox 207 2476 396 2547; x_wconf 81' lang='lat' dir='ltr'><strong>Neque</strong></span> <span class='ocrx_word' id='word_1_106' title='bbox 437 2481 580 2534; x_wconf 90' lang='lat' dir='ltr'><strong>enim</strong></span> <span class='ocrx_word' id='word_1_107' title='bbox 613 2481 857 2538; x_wconf 90' lang='lat' dir='ltr'><strong>diadema</strong></span> <span class='ocrx_word' id='word_1_108' title='bbox 899 2489 1102 2557; x_wconf 89' lang='lat' dir='ltr'><strong>regium</strong></span> <span class='ocrx_word' id='word_1_109' title='bbox 1154 2502 1312 2559; x_wconf 90' lang='lat' dir='ltr'><strong>caput</strong></span> <span class='ocrx_word' id='word_1_110' title='bbox 1344 2495 1564 2560; x_wconf 80' lang='lat' dir='ltr'><strong>perinde</strong></span> <span class='ocrx_word' id='word_1_111' title='bbox 1598 2500 1816 2566; x_wconf 79' lang='lat' dir='ltr'><strong>conspi-</strong></span> 
     </span>
    </p>
   </div>
   <div class='ocr_carea' id='block_1_17' title="bbox 207 2571 1810 2660">
    <p class='ocr_par' dir='ltr' id='par_1_17' title="bbox 207 2571 1810 2660">
     <span class='ocr_line' id='line_1_17' title="bbox 207 2571 1810 2660; baseline 0.014 -37"><span class='ocrx_word' id='word_1_112' title='bbox 207 2584 370 2624; x_wconf 89' lang='lat' dir='ltr'><strong>cuum</strong></span> <span class='ocrx_word' id='word_1_113' title='bbox 415 2571 560 2639; x_wconf 75' lang='lat' dir='ltr'><strong>facit,</strong></span> <span class='ocrx_word' id='word_1_114' title='bbox 601 2587 766 2646; x_wconf 89' lang='lat' dir='ltr'><strong>atque</strong></span> <span class='ocrx_word' id='word_1_115' title='bbox 795 2590 1001 2634; x_wconf 70' lang='lat' dir='ltr'><strong>catena:</strong></span> <span class='ocrx_word' id='word_1_116' title='bbox 1040 2597 1230 2638; x_wconf 87' lang='lat' dir='ltr'><strong>manus</strong></span> <span class='ocrx_word' id='word_1_117' title='bbox 1271 2586 1432 2652; x_wconf 89' lang='lat' dir='ltr'><strong>illius,</strong></span> <span class='ocrx_word' id='word_1_118' title='bbox 1463 2605 1567 2642; x_wconf 91' lang='lat' dir='ltr'><strong>non</strong></span> <span class='ocrx_word' id='word_1_119' title='bbox 1594 2591 1810 2660; x_wconf 87' lang='lat' dir='ltr'><strong>quidem</strong></span> 
     </span>
    </p>
   </div>
   <div class='ocr_carea' id='block_1_18' title="bbox 203 2672 1808 2748">
    <p class='ocr_par' dir='ltr' id='par_1_18' title="bbox 203 2672 1808 2748">
     <span class='ocr_line' id='line_1_18' title="bbox 203 2672 1808 2748; baseline 0.014 -30"><span class='ocrx_word' id='word_1_120' title='bbox 203 2672 400 2733; x_wconf 78' lang='lat' dir='ltr'><strong>suapte</strong></span> <span class='ocrx_word' id='word_1_121' title='bbox 431 2675 646 2734; x_wconf 79' lang='lat' dir='ltr'><strong>natura,</strong></span> <span class='ocrx_word' id='word_1_122' title='bbox 679 2672 771 2724; x_wconf 87' lang='lat' dir='ltr'><strong>sed</strong></span> <span class='ocrx_word' id='word_1_123' title='bbox 801 2685 899 2740; x_wconf 88' lang='lat' dir='ltr'><strong>per</strong></span> <span class='ocrx_word' id='word_1_124' title='bbox 937 2677 1162 2742; x_wconf 82' lang='lat' dir='ltr'><strong>gratiam</strong></span> <span class='ocrx_word' id='word_1_125' title='bbox 1206 2677 1260 2731; x_wconf 91' lang='lat' dir='ltr'><strong>in</strong></span> <span class='ocrx_word' id='word_1_126' title='bbox 1290 2681 1421 2748; x_wconf 86' lang='lat' dir='ltr'><strong>ipsis</strong></span> <span class='ocrx_word' id='word_1_127' title='bbox 1456 2681 1808 2740; x_wconf 81' lang='lat' dir='ltr'><strong>efﬂorescen-</strong></span> 
     </span>
    </p>
   </div>
   <div class='ocr_carea' id='block_1_19' title="bbox 206 2757 1807 2837">
    <p class='ocr_par' dir='ltr' id='par_1_19' title="bbox 206 2757 1807 2837">
     <span class='ocr_line' id='line_1_19' title="bbox 206 2757 1807 2837; baseline 0.013 -27"><span class='ocrx_word' id='word_1_128' title='bbox 206 2765 334 2810; x_wconf 84' lang='lat' dir='ltr'><strong>tem.</strong></span> <span class='ocrx_word' id='word_1_129' title='bbox 371 2757 507 2812; x_wconf 79' lang='lat' dir='ltr'><strong>Hinc</strong></span> <span class='ocrx_word' id='word_1_130' title='bbox 528 2775 716 2829; x_wconf 79' lang='lat' dir='ltr'><strong>magna</strong></span> <span class='ocrx_word' id='word_1_131' title='bbox 744 2765 1037 2819; x_wconf 83' lang='lat' dir='ltr'><strong>consolatio</strong></span> <span class='ocrx_word' id='word_1_132' title='bbox 1060 2768 1351 2837; x_wconf 79' lang='lat' dir='ltr'><strong>discipulis.</strong></span> <span class='ocrx_word' id='word_1_133' title='bbox 1377 2771 1640 2829; x_wconf 83' lang='lat' dir='ltr'><strong>Videbant</strong></span> <span class='ocrx_word' id='word_1_134' title='bbox 1665 2778 1807 2832; x_wconf 85' lang='lat' dir='ltr'><strong>enim</strong></span> 
     </span>
    </p>
   </div>
   <div class='ocr_carea' id='block_1_20' title="bbox 202 2853 1810 2936">
    <p class='ocr_par' dir='ltr' id='par_1_20' title="bbox 202 2853 1810 2936">
     <span class='ocr_line' id='line_1_20' title="bbox 202 2853 1810 2936; baseline 0.014 -35"><span class='ocrx_word' id='word_1_135' title='bbox 202 2861 406 2918; x_wconf 87' lang='lat' dir='ltr'><strong>corpus</strong></span> <span class='ocrx_word' id='word_1_136' title='bbox 429 2853 689 2919; x_wconf 89' lang='lat' dir='ltr'><strong>vinctum,</strong></span> <span class='ocrx_word' id='word_1_137' title='bbox 722 2853 952 2925; x_wconf 78' lang='lat' dir='ltr'><strong>linguam</strong></span> <span class='ocrx_word' id='word_1_138' title='bbox 982 2873 1110 2913; x_wconf 90' lang='lat' dir='ltr'><strong>vero</strong></span> <span class='ocrx_word' id='word_1_139' title='bbox 1138 2862 1357 2919; x_wconf 90' lang='lat' dir='ltr'><strong>minime</strong></span> <span class='ocrx_word' id='word_1_140' title='bbox 1397 2867 1646 2936; x_wconf 81' lang='lat' dir='ltr'><strong>ligatam;</strong></span> <span class='ocrx_word' id='word_1_141' title='bbox 1696 2886 1810 2922; x_wconf 63' lang='lat' dir='ltr'><strong>ma-</strong></span> 
     </span>
    </p>
   </div>
   <div class='ocr_carea' id='block_1_21' title="bbox 205 2941 1804 3029">
    <p class='ocr_par' dir='ltr' id='par_1_21' title="bbox 205 2941 1804 3029">
     <span class='ocr_line' id='line_1_21' title="bbox 205 2941 1804 3029; baseline 0.013 -37"><span class='ocrx_word' id='word_1_142' title='bbox 205 2954 306 2993; x_wconf 89' lang='lat' dir='ltr'><strong>nus</strong></span> <span class='ocrx_word' id='word_1_143' title='bbox 331 2941 540 3011; x_wconf 84' lang='lat' dir='ltr'><strong>ligatas,</strong></span> <span class='ocrx_word' id='word_1_144' title='bbox 567 2944 661 2998; x_wconf 83' lang='lat' dir='ltr'><strong>sed</strong></span> <span class='ocrx_word' id='word_1_145' title='bbox 684 2947 904 3001; x_wconf 88' lang='lat' dir='ltr'><strong>verbum</strong></span> <span class='ocrx_word' id='word_1_146' title='bbox 936 2950 1186 3013; x_wconf 85' lang='lat' dir='ltr'><strong>solutum,</strong></span> <span class='ocrx_word' id='word_1_147' title='bbox 1212 2954 1353 3022; x_wconf 88' lang='lat' dir='ltr'><strong>quod</strong></span> <span class='ocrx_word' id='word_1_148' title='bbox 1381 2956 1619 3012; x_wconf 81' lang='lat' dir='ltr'><strong>velocius</strong></span> <span class='ocrx_word' id='word_1_149' title='bbox 1645 2974 1804 3029; x_wconf 85' lang='lat' dir='ltr'><strong>qUant</strong></span> 
     </span>
    </p>
   </div>
   <div class='ocr_carea' id='block_1_22' title="bbox 203 3033 1806 3121">
    <p class='ocr_par' dir='ltr' id='par_1_22' title="bbox 203 3033 1806 3121">
     <span class='ocr_line' id='line_1_22' title="bbox 203 3033 1806 3121; baseline 0.014 -37"><span class='ocrx_word' id='word_1_150' title='bbox 203 3033 400 3086; x_wconf 70' lang='lat' dir='ltr'><strong>Solaris</strong></span> <span class='ocrx_word' id='word_1_151' title='bbox 441 3035 623 3089; x_wconf 84' lang='lat' dir='ltr'><strong>radius</strong></span> <span class='ocrx_word' id='word_1_152' title='bbox 654 3047 820 3090; x_wconf 89' lang='lat' dir='ltr'><strong>totum</strong></span> <span class='ocrx_word' id='word_1_153' title='bbox 868 3041 1126 3095; x_wconf 87' lang='lat' dir='ltr'><strong>mundum</strong></span> <span class='ocrx_word' id='word_1_154' title='bbox 1179 3058 1536 3112; x_wconf 84' lang='lat' dir='ltr'><strong>percurreret.</strong></span> <span class='ocrx_word' id='word_1_155' title='bbox 1574 3049 1806 3121; x_wconf 85' lang='lat' dir='ltr'><strong>Eratque</strong></span> 
     </span>
    </p>
   </div>
   <div class='ocr_carea' id='block_1_23' title="bbox 203 3125 1802 3206">
    <p class='ocr_par' dir='ltr' id='par_1_23' title="bbox 203 3125 1802 3206">
     <span class='ocr_line' id='line_1_23' title="bbox 203 3125 1802 3206; baseline 0.013 -28"><span class='ocrx_word' id='word_1_156' title='bbox 203 3125 255 3179; x_wconf 92' lang='lat' dir='ltr'><strong>id</strong></span> <span class='ocrx_word' id='word_1_157' title='bbox 283 3126 388 3180; x_wconf 89' lang='lat' dir='ltr'><strong>illis</strong></span> <span class='ocrx_word' id='word_1_158' title='bbox 419 3129 796 3194; x_wconf 82' lang='lat' dir='ltr'><strong>consolationi,</strong></span> <span class='ocrx_word' id='word_1_159' title='bbox 828 3147 948 3186; x_wconf 90' lang='lat' dir='ltr'><strong>cum</strong></span> <span class='ocrx_word' id='word_1_160' title='bbox 991 3149 1086 3203; x_wconf 92' lang='lat' dir='ltr'><strong>per</strong></span> <span class='ocrx_word' id='word_1_161' title='bbox 1109 3152 1270 3204; x_wconf 86' lang='lat' dir='ltr'><strong>opera</strong></span> <span class='ocrx_word' id='word_1_162' title='bbox 1318 3140 1642 3206; x_wconf 88' lang='lat' dir='ltr'><strong>ediscerent,</strong></span> <span class='ocrx_word' id='word_1_163' title='bbox 1678 3147 1802 3198; x_wconf 77' lang='lat' dir='ltr'><strong>nul-</strong></span> 
     </span>
    </p>
   </div>
   <div class='ocr_carea' id='block_1_24' title="bbox 199 3216 1798 3309">
    <p class='ocr_par' dir='ltr' id='par_1_24' title="bbox 199 3216 1798 3309">
     <span class='ocr_line' id='line_1_24' title="bbox 199 3216 1798 3309; baseline 0.011 -40"><span class='ocrx_word' id='word_1_164' title='bbox 199 3216 309 3272; x_wconf 74' lang='lat' dir='ltr'><strong>tam</strong></span> <span class='ocrx_word' id='word_1_165' title='bbox 337 3233 517 3272; x_wconf 90' lang='lat' dir='ltr'><strong>rerum</strong></span> <span class='ocrx_word' id='word_1_166' title='bbox 551 3223 894 3288; x_wconf 66' lang='lat' dir='ltr'><strong>praesentium</strong></span> <span class='ocrx_word' id='word_1_167' title='bbox 920 3238 1043 3279; x_wconf 89' lang='lat' dir='ltr'><strong>esse</strong></span> <span class='ocrx_word' id='word_1_168' title='bbox 1073 3242 1311 3295; x_wconf 83' lang='lat' dir='ltr'><strong>gravem.</strong></span> <span class='ocrx_word' id='word_1_169' title='bbox 1354 3232 1548 3286; x_wconf 84' lang='lat' dir='ltr'><strong>Anima</strong></span> <span class='ocrx_word' id='word_1_170' title='bbox 1577 3235 1798 3309; x_wconf 77' lang='lat' dir='ltr'><strong>quippe,</strong></span> 
     </span>
    </p>
   </div>
   <div class='ocr_carea' id='block_1_25' title="bbox 199 3313 1798 3398">
    <p class='ocr_par' dir='ltr' id='par_1_25' title="bbox 199 3313 1798 3398">
     <span class='ocr_line' id='line_1_25' title="bbox 199 3313 1798 3398; baseline 0.013 -35"><span class='ocrx_word' id='word_1_171' title='bbox 199 3323 326 3364; x_wconf 86' lang='lat' dir='ltr'><strong>cum</strong></span> <span class='ocrx_word' id='word_1_172' title='bbox 385 3328 573 3367; x_wconf 88' lang='lat' dir='ltr'><strong>amore</strong></span> <span class='ocrx_word' id='word_1_173' title='bbox 630 3313 1004 3387; x_wconf 85' lang='lat' dir='ltr'><strong>desiderioque</strong></span> <span class='ocrx_word' id='word_1_174' title='bbox 1070 3321 1253 3376; x_wconf 91' lang='lat' dir='ltr'><strong>divino</strong></span> <span class='ocrx_word' id='word_1_175' title='bbox 1294 3339 1420 3396; x_wconf 78' lang='lat' dir='ltr'><strong>vere</strong></span> <span class='ocrx_word' id='word_1_176' title='bbox 1478 3328 1798 3398; x_wconf 88' lang='lat' dir='ltr'><strong>corripitur,</strong></span> 
     </span>
    </p>
   </div>
   <div class='ocr_carea' id='block_1_26' title="bbox 193 3401 1798 3478">
    <p class='ocr_par' dir='ltr' id='par_1_26' title="bbox 193 3401 1798 3478">
     <span class='ocr_line' id='line_1_26' title="bbox 193 3401 1798 3478; baseline 0.011 -22"><span class='ocrx_word' id='word_1_177' title='bbox 193 3401 265 3457; x_wconf 89' lang='lat' dir='ltr'><strong>ad</strong></span> <span class='ocrx_word' id='word_1_178' title='bbox 317 3404 522 3458; x_wconf 90' lang='lat' dir='ltr'><strong>nullam</strong></span> <span class='ocrx_word' id='word_1_179' title='bbox 575 3421 755 3460; x_wconf 90' lang='lat' dir='ltr'><strong>rerum</strong></span> <span class='ocrx_word' id='word_1_180' title='bbox 804 3411 1147 3478; x_wconf 62' lang='lat' dir='ltr'><strong>praesentium</strong></span> <span class='ocrx_word' id='word_1_181' title='bbox 1191 3429 1311 3469; x_wconf 86' lang='lat' dir='ltr'><strong>sese</strong></span> <span class='ocrx_word' id='word_1_182' title='bbox 1348 3419 1651 3478; x_wconf 85' lang='lat' dir='ltr'><strong>convertit;</strong></span> <span class='ocrx_word' id='word_1_183' title='bbox 1704 3422 1798 3475; x_wconf 87' lang='lat' dir='ltr'><strong>sed</strong></span> 
     </span>
    </p>
   </div>
   <div class='ocr_carea' id='block_1_27' title="bbox 192 3495 1798 3577">
    <p class='ocr_par' dir='ltr' id='par_1_27' title="bbox 192 3495 1798 3577">
     <span class='ocr_line' id='line_1_27' title="bbox 192 3495 1798 3577; baseline 0.013 -30"><span class='ocrx_word' id='word_1_184' title='bbox 192 3495 649 3562; x_wconf 84' lang='lat' dir='ltr'><strong>quemadmodum</strong></span> <span class='ocrx_word' id='word_1_185' title='bbox 672 3499 856 3554; x_wconf 82' lang='lat' dir='ltr'><strong>furiosi</strong></span> <span class='ocrx_word' id='word_1_186' title='bbox 881 3512 935 3557; x_wconf 93' lang='lat' dir='ltr'><strong>et</strong></span> <span class='ocrx_word' id='word_1_187' title='bbox 965 3503 1140 3572; x_wconf 89' lang='lat' dir='ltr'><strong>ignem</strong></span> <span class='ocrx_word' id='word_1_188' title='bbox 1168 3515 1223 3560; x_wconf 90' lang='lat' dir='ltr'><strong>et</strong></span> <span class='ocrx_word' id='word_1_189' title='bbox 1249 3506 1472 3577; x_wconf 80' lang='lat' dir='ltr'><strong>ferrum,</strong></span> <span class='ocrx_word' id='word_1_190' title='bbox 1500 3519 1557 3566; x_wconf 93' lang='lat' dir='ltr'><strong>et</strong></span> <span class='ocrx_word' id='word_1_191' title='bbox 1581 3515 1723 3567; x_wconf 73' lang='lat' dir='ltr'><strong>feras</strong></span> <span class='ocrx_word' id='word_1_192' title='bbox 1745 3525 1798 3568; x_wconf 89' lang='lat' dir='ltr'><strong>et</strong></span> 
     </span>
    </p>
   </div>
   <div class='ocr_carea' id='block_1_28' title="bbox 194 3590 1797 3676">
    <p class='ocr_par' dir='ltr' id='par_1_28' title="bbox 194 3590 1797 3676">
     <span class='ocr_line' id='line_1_28' title="bbox 194 3590 1797 3676; baseline 0.014 -37"><span class='ocrx_word' id='word_1_193' title='bbox 194 3601 347 3641; x_wconf 80' lang='lat' dir='ltr'><strong>mare</strong></span> <span class='ocrx_word' id='word_1_194' title='bbox 376 3597 435 3642; x_wconf 87' lang='lat' dir='ltr'><strong>et</strong></span> <span class='ocrx_word' id='word_1_195' title='bbox 477 3590 659 3645; x_wconf 90' lang='lat' dir='ltr'><strong>omnia</strong></span> <span class='ocrx_word' id='word_1_196' title='bbox 705 3591 855 3648; x_wconf 88' lang='lat' dir='ltr'><strong>adire</strong></span> <span class='ocrx_word' id='word_1_197' title='bbox 900 3594 1034 3650; x_wconf 81' lang='lat' dir='ltr'><strong>nihil</strong></span> <span class='ocrx_word' id='word_1_198' title='bbox 1063 3597 1308 3654; x_wconf 87' lang='lat' dir='ltr'><strong>dubitant</strong></span> <span class='ocrx_word' id='word_1_199' title='bbox 1337 3618 1352 3654; x_wconf 87' lang='lat'>:</span> <span class='ocrx_word' id='word_1_200' title='bbox 1395 3603 1474 3657; x_wconf 91' lang='lat' dir='ltr'><strong>sic</strong></span> <span class='ocrx_word' id='word_1_201' title='bbox 1514 3613 1568 3658; x_wconf 93' lang='lat' dir='ltr'><strong>et</strong></span> <span class='ocrx_word' id='word_1_202' title='bbox 1598 3607 1652 3660; x_wconf 83' lang='lat' dir='ltr'><strong>lii</strong></span> <span class='ocrx_word' id='word_1_203' title='bbox 1679 3609 1797 3676; x_wconf 87' lang='lat' dir='ltr'><strong>pul-</strong></span> 
     </span>
    </p>
   </div>
   <div class='ocr_carea' id='block_1_29' title="bbox 189 3677 1797 3768">
    <p class='ocr_par' dir='ltr' id='par_1_29' title="bbox 189 3677 1797 3768">
     <span class='ocr_line' id='line_1_29' title="bbox 189 3677 1797 3768; baseline 0.013 -37"><span class='ocrx_word' id='word_1_204' title='bbox 189 3677 466 3734; x_wconf 81' lang='lat' dir='ltr'><strong>cherrimo</strong></span> <span class='ocrx_word' id='word_1_205' title='bbox 506 3682 737 3751; x_wconf 88' lang='lat' dir='ltr'><strong>quodam</strong></span> <span class='ocrx_word' id='word_1_206' title='bbox 773 3695 828 3740; x_wconf 90' lang='lat' dir='ltr'><strong>et</strong></span> <span class='ocrx_word' id='word_1_207' title='bbox 877 3688 1142 3757; x_wconf 88' lang='lat' dir='ltr'><strong>spirituali</strong></span> <span class='ocrx_word' id='word_1_208' title='bbox 1189 3693 1372 3748; x_wconf 79' lang='lat' dir='ltr'><strong>furore</strong></span> <span class='ocrx_word' id='word_1_209' title='bbox 1416 3685 1671 3768; x_wconf 85' lang='lat' dir='ltr'><strong>correpti,</strong></span> <span class='ocrx_word' id='word_1_210' title='bbox 1714 3701 1797 3754; x_wconf 88' lang='lat' dir='ltr'><strong>l&#39;u-</strong></span> 
     </span>
    </p>
   </div>
   <div class='ocr_carea' id='block_1_30' title="bbox 194 3772 1796 3853">
    <p class='ocr_par' dir='ltr' id='par_1_30' title="bbox 194 3772 1796 3853">
     <span class='ocr_line' id='line_1_30' title="bbox 194 3772 1796 3853; baseline 0.015 -30"><span class='ocrx_word' id='word_1_211' title='bbox 194 3786 341 3836; x_wconf 90' lang='lat' dir='ltr'><strong>rore,</strong></span> <span class='ocrx_word' id='word_1_212' title='bbox 371 3772 610 3842; x_wconf 88' lang='lat' dir='ltr'><strong>inquam,</strong></span> <span class='ocrx_word' id='word_1_213' title='bbox 641 3777 728 3844; x_wconf 91' lang='lat' dir='ltr'><strong>qui</strong></span> <span class='ocrx_word' id='word_1_214' title='bbox 760 3792 788 3829; x_wconf 89' lang='lat' dir='ltr'><strong>a</strong></span> <span class='ocrx_word' id='word_1_215' title='bbox 819 3783 1180 3849; x_wconf 58' lang='lat' dir='ltr'><strong>temperantia</strong></span> <span class='ocrx_word' id='word_1_216' title='bbox 1212 3787 1583 3853; x_wconf 69' lang='lat' dir='ltr'><strong>proﬁciscitur,</strong></span> <span class='ocrx_word' id='word_1_217' title='bbox 1614 3793 1796 3847; x_wconf 84' lang='lat' dir='ltr'><strong>visibi-</strong></span> 
     </span>
    </p>
   </div>
   <div class='ocr_carea' id='block_1_31' title="bbox 191 3859 1790 3950">
    <p class='ocr_par' dir='ltr' id='par_1_31' title="bbox 191 3859 1790 3950">
     <span class='ocr_line' id='line_1_31' title="bbox 191 3859 1790 3950; baseline 0.016 -38"><span class='ocrx_word' id='word_1_218' title='bbox 191 3859 262 3914; x_wconf 89' lang='lat' dir='ltr'><strong>lia</strong></span> <span class='ocrx_word' id='word_1_219' title='bbox 309 3864 492 3916; x_wconf 79' lang='lat' dir='ltr'><strong>omnia</strong></span> <span class='ocrx_word' id='word_1_220' title='bbox 539 3863 876 3922; x_wconf 87' lang='lat' dir='ltr'><strong>deridebant.</strong></span> <span class='ocrx_word' id='word_1_221' title='bbox 920 3870 1258 3942; x_wconf 89' lang='lat' dir='ltr'><strong>Quapropter</strong></span> <span class='ocrx_word' id='word_1_222' title='bbox 1303 3891 1427 3932; x_wconf 89' lang='lat' dir='ltr'><strong>cum</strong></span> <span class='ocrx_word' id='word_1_223' title='bbox 1477 3883 1790 3950; x_wconf 86' lang='lat' dir='ltr'><strong>magistrum</strong></span> 
     </span>
    </p>
   </div>
   <div class='ocr_carea' id='block_1_32' title="bbox 187 3955 1786 4043">
    <p class='ocr_par' dir='ltr' id='par_1_32' title="bbox 187 3955 1786 4043">
     <span class='ocr_line' id='line_1_32' title="bbox 187 3955 1786 4043; baseline 0.016 -37"><span class='ocrx_word' id='word_1_224' title='bbox 187 3963 481 4008; x_wconf 85' lang='lat' dir='ltr'><strong>cernerent</strong></span> <span class='ocrx_word' id='word_1_225' title='bbox 512 3955 768 4023; x_wconf 88' lang='lat' dir='ltr'><strong>vinctum,</strong></span> <span class='ocrx_word' id='word_1_226' title='bbox 811 3962 981 4030; x_wconf 86' lang='lat' dir='ltr'><strong>magis</strong></span> <span class='ocrx_word' id='word_1_227' title='bbox 1011 3965 1353 4022; x_wconf 80' lang='lat' dir='ltr'><strong>exsultabant</strong></span> <span class='ocrx_word' id='word_1_228' title='bbox 1392 3980 1445 4026; x_wconf 92' lang='lat' dir='ltr'><strong>et</strong></span> <span class='ocrx_word' id='word_1_229' title='bbox 1464 3975 1786 4043; x_wconf 84' lang='lat' dir='ltr'><strong>gaudebant,</strong></span> 
     </span>
    </p>
   </div>
   <div class='ocr_carea' id='block_1_33' title="bbox 189 4046 1790 4139">
    <p class='ocr_par' dir='ltr' id='par_1_33' title="bbox 189 4046 1790 4139">
     <span class='ocr_line' id='line_1_33' title="bbox 189 4046 1790 4139; baseline 0.016 -41"><span class='ocrx_word' id='word_1_230' title='bbox 189 4059 286 4113; x_wconf 83' lang='lat' dir='ltr'><strong>per</strong></span> <span class='ocrx_word' id='word_1_231' title='bbox 321 4046 437 4116; x_wconf 89' lang='lat' dir='ltr'><strong>ipsa</strong></span> <span class='ocrx_word' id='word_1_232' title='bbox 477 4063 644 4118; x_wconf 83' lang='lat' dir='ltr'><strong>Opera</strong></span> <span class='ocrx_word' id='word_1_233' title='bbox 681 4050 1007 4109; x_wconf 84' lang='lat' dir='ltr'><strong>adversariis</strong></span> <span class='ocrx_word' id='word_1_234' title='bbox 1049 4057 1408 4130; x_wconf 81' lang='lat' dir='ltr'><strong>declarantes,</strong></span> <span class='ocrx_word' id='word_1_235' title='bbox 1453 4081 1514 4119; x_wconf 87' lang='lat' dir='ltr'><strong>se</strong></span> <span class='ocrx_word' id='word_1_236' title='bbox 1556 4069 1790 4139; x_wconf 86' lang='lat' dir='ltr'><strong>undique</strong></span> 
     </span>
    </p>
   </div>
   <div class='ocr_carea' id='block_1_34' title="bbox 188 4137 1112 4215">
    <p class='ocr_par' dir='ltr' id='par_1_34' title="bbox 188 4137 1112 4215">
     <span class='ocr_line' id='line_1_34' title="bbox 188 4137 1112 4215; baseline 0.014 -26"><span class='ocrx_word' id='word_1_237' title='bbox 188 4137 418 4192; x_wconf 87' lang='lat' dir='ltr'><strong>invictos</strong></span> <span class='ocrx_word' id='word_1_238' title='bbox 449 4139 946 4215; x_wconf 80' lang='lat' dir='ltr'><strong>insuperabilesque</strong></span> <span class='ocrx_word' id='word_1_239' title='bbox 971 4163 1112 4202; x_wconf 88' lang='lat' dir='ltr'><strong>esse.</strong></span> 
     </span>
    </p>
   </div>
   <div class='ocr_carea' id='block_1_35' title="bbox 257 4228 1782 4325">
    <p class='ocr_par' dir='ltr' id='par_1_35' title="bbox 257 4228 1782 4325">
     <span class='ocr_line' id='line_1_35' title="bbox 257 4228 1782 4325; baseline 0.018 -41"><span class='ocrx_word' id='word_1_240' title='bbox 257 4229 316 4284; x_wconf 89' lang='lat'><strong>9.</strong></span> <span class='ocrx_word' id='word_1_241' title='bbox 356 4228 512 4286; x_wconf 84' lang='lat' dir='ltr'><strong>Tunc</strong></span> <span class='ocrx_word' id='word_1_242' title='bbox 544 4232 724 4302; x_wconf 89' lang='lat' dir='ltr'><strong>igitur,</strong></span> <span class='ocrx_word' id='word_1_243' title='bbox 751 4251 873 4291; x_wconf 91' lang='lat' dir='ltr'><strong>eum</strong></span> <span class='ocrx_word' id='word_1_244' title='bbox 915 4256 1003 4296; x_wconf 88' lang='lat' dir='ltr'><strong>res</strong></span> <span class='ocrx_word' id='word_1_245' title='bbox 1048 4242 1120 4298; x_wconf 87' lang='lat' dir='ltr'><strong>ita</strong></span> <span class='ocrx_word' id='word_1_246' title='bbox 1167 4260 1227 4300; x_wconf 88' lang='lat' dir='ltr'><strong>se</strong></span> <span class='ocrx_word' id='word_1_247' title='bbox 1255 4246 1535 4318; x_wconf 86' lang='lat' dir='ltr'><strong>baberent,</strong></span> <span class='ocrx_word' id='word_1_248' title='bbox 1565 4255 1782 4325; x_wconf 85' lang='lat' dir='ltr'><strong>quidam</strong></span> 
     </span>
    </p>
   </div>
   <div class='ocr_carea' id='block_1_36' title="bbox 183 4318 1780 4415">
    <p class='ocr_par' dir='ltr' id='par_1_36' title="bbox 183 4318 1780 4415">
     <span class='ocr_line' id='line_1_36' title="bbox 183 4318 1780 4415; baseline 0.019 -42"><span class='ocrx_word' id='word_1_249' title='bbox 183 4318 333 4374; x_wconf 81' lang='lat' dir='ltr'><strong>Pauli</strong></span> <span class='ocrx_word' id='word_1_250' title='bbox 387 4321 620 4391; x_wconf 81' lang='lat' dir='ltr'><strong>inimici,</strong></span> <span class='ocrx_word' id='word_1_251' title='bbox 669 4340 790 4381; x_wconf 89' lang='lat' dir='ltr'><strong>cum</strong></span> <span class='ocrx_word' id='word_1_252' title='bbox 849 4331 1043 4386; x_wconf 80' lang='lat' dir='ltr'><strong>vellent</strong></span> <span class='ocrx_word' id='word_1_253' title='bbox 1088 4339 1266 4394; x_wconf 85' lang='lat' dir='ltr'><strong>acrius</strong></span> <span class='ocrx_word' id='word_1_254' title='bbox 1307 4339 1504 4398; x_wconf 89' lang='lat' dir='ltr'><strong>bellum</strong></span> <span class='ocrx_word' id='word_1_255' title='bbox 1544 4363 1780 4415; x_wconf 84' lang='lat' dir='ltr'><strong>movere,</strong></span> 
     </span>
    </p>
   </div>
   <div class='ocr_carea' id='block_1_37' title="bbox 179 4415 1778 4494">
    <p class='ocr_par' dir='ltr' id='par_1_37' title="bbox 179 4415 1778 4494">
     <span class='ocr_line' id='line_1_37' title="bbox 179 4415 1778 4494; baseline 0.019 -30"><span class='ocrx_word' id='word_1_256' title='bbox 179 4421 236 4467; x_wconf 86' lang='lat' dir='ltr'><strong>et</strong></span> <span class='ocrx_word' id='word_1_257' title='bbox 262 4420 549 4484; x_wconf 81' lang='lat' dir='ltr'><strong>tyrannum</strong></span> <span class='ocrx_word' id='word_1_258' title='bbox 574 4415 640 4470; x_wconf 90' lang='lat' dir='ltr'><strong>ad</strong></span> <span class='ocrx_word' id='word_1_259' title='bbox 669 4419 928 4487; x_wconf 83' lang='lat' dir='ltr'><strong>majorem</strong></span> <span class='ocrx_word' id='word_1_260' title='bbox 973 4426 1231 4485; x_wconf 89' lang='lat' dir='ltr'><strong>adversus</strong></span> <span class='ocrx_word' id='word_1_261' title='bbox 1261 4433 1411 4488; x_wconf 90' lang='lat' dir='ltr'><strong>illum</strong></span> <span class='ocrx_word' id='word_1_262' title='bbox 1444 4437 1778 4494; x_wconf 80' lang='lat' dir='ltr'><strong>inimicitiznn</strong></span> 
     </span>
    </p>
   </div>
   <div class='ocr_carea' id='block_1_38' title="bbox 181 4503 1778 4601">
    <p class='ocr_par' dir='ltr' id='par_1_38' title="bbox 181 4503 1778 4601">
     <span class='ocr_line' id='line_1_38' title="bbox 181 4503 1778 4601; baseline 0.021 -46"><span class='ocrx_word' id='word_1_263' title='bbox 181 4503 540 4582; x_wconf 79' lang='lat' dir='ltr'><strong>inﬂammare,</strong></span> <span class='ocrx_word' id='word_1_264' title='bbox 565 4521 625 4561; x_wconf 89' lang='lat' dir='ltr'><strong>se</strong></span> <span class='ocrx_word' id='word_1_265' title='bbox 653 4510 946 4576; x_wconf 79' lang='lat' dir='ltr'><strong>praedicare</strong></span> <span class='ocrx_word' id='word_1_266' title='bbox 975 4517 1320 4588; x_wconf 86' lang='lat' dir='ltr'><strong>simulabant,</strong></span> <span class='ocrx_word' id='word_1_267' title='bbox 1350 4536 1404 4580; x_wconf 87' lang='lat' dir='ltr'><strong>et</strong></span> <span class='ocrx_word' id='word_1_268' title='bbox 1428 4544 1612 4585; x_wconf 90' lang='lat' dir='ltr'><strong>revera</strong></span> <span class='ocrx_word' id='word_1_269' title='bbox 1639 4547 1778 4601; x_wconf 80' lang='lat' dir='ltr'><strong>pra:-</strong></span> 
     </span>
    </p>
   </div>
   <div class='ocr_carea' id='block_1_39' title="bbox 178 4593 1780 4695">
    <p class='ocr_par' dir='ltr' id='par_1_39' title="bbox 178 4593 1780 4695">
     <span class='ocr_line' id='line_1_39' title="bbox 178 4593 1780 4695; baseline 0.02 -46"><span class='ocrx_word' id='word_1_270' title='bbox 178 4593 431 4650; x_wconf 74' lang='lat' dir='ltr'><strong>dicnbant</strong></span> <span class='ocrx_word' id='word_1_271' title='bbox 474 4606 677 4652; x_wconf 89' lang='lat' dir='ltr'><strong>rectam</strong></span> <span class='ocrx_word' id='word_1_272' title='bbox 707 4615 1000 4674; x_wconf 87' lang='lat' dir='ltr'><strong>sananique</strong></span> <span class='ocrx_word' id='word_1_273' title='bbox 1048 4610 1230 4677; x_wconf 89' lang='lat' dir='ltr'><strong>tidem,</strong></span> <span class='ocrx_word' id='word_1_274' title='bbox 1263 4625 1319 4668; x_wconf 91' lang='lat' dir='ltr'><strong>ut</strong></span> <span class='ocrx_word' id='word_1_275' title='bbox 1344 4617 1588 4675; x_wconf 87' lang='lat' dir='ltr'><strong>doctrina</strong></span> <span class='ocrx_word' id='word_1_276' title='bbox 1622 4593 1780 4695; x_wconf 75' lang='lat' dir='ltr'><strong>auge-</strong></span> 
     </span>
    </p>
   </div>
   <div class='ocr_carea' id='block_1_40' title="bbox 178 4688 1780 4772">
    <p class='ocr_par' dir='ltr' id='par_1_40' title="bbox 178 4688 1780 4772">
     <span class='ocr_line' id='line_1_40' title="bbox 178 4688 1780 4772; baseline 0.021 -33"><span class='ocrx_word' id='word_1_277' title='bbox 178 4697 332 4743; x_wconf 86' lang='lat' dir='ltr'><strong>retur</strong></span> <span class='ocrx_word' id='word_1_278' title='bbox 363 4705 378 4743; x_wconf 89' lang='lat'><strong>:</strong></span> <span class='ocrx_word' id='word_1_279' title='bbox 410 4688 537 4743; x_wconf 90' lang='lat' dir='ltr'><strong>illud</strong></span> <span class='ocrx_word' id='word_1_280' title='bbox 571 4706 700 4746; x_wconf 91' lang='lat' dir='ltr'><strong>vero</strong></span> <span class='ocrx_word' id='word_1_281' title='bbox 729 4693 1014 4764; x_wconf 79' lang='lat' dir='ltr'><strong>faciebant,</strong></span> <span class='ocrx_word' id='word_1_282' title='bbox 1060 4719 1164 4759; x_wconf 90' lang='lat' dir='ltr'><strong>non</strong></span> <span class='ocrx_word' id='word_1_283' title='bbox 1199 4715 1256 4760; x_wconf 95' lang='lat' dir='ltr'><strong>ut</strong></span> <span class='ocrx_word' id='word_1_284' title='bbox 1300 4710 1432 4767; x_wconf 84' lang='lat' dir='ltr'><strong>ﬁdes</strong></span> <span class='ocrx_word' id='word_1_285' title='bbox 1460 4688 1780 4772; x_wconf 73' lang='lat' dir='ltr'><strong>dissemina-</strong></span> 
     </span>
    </p>
   </div>
   <div class='ocr_carea' id='block_1_41' title="bbox 177 4782 1778 4882">
    <p class='ocr_par' dir='ltr' id='par_1_41' title="bbox 177 4782 1778 4882">
     <span class='ocr_line' id='line_1_41' title="bbox 177 4782 1778 4882; baseline 0.022 -51"><span class='ocrx_word' id='word_1_286' title='bbox 177 4789 348 4846; x_wconf 81' lang='lat' dir='ltr'><strong>retur,</strong></span> <span class='ocrx_word' id='word_1_287' title='bbox 376 4782 480 4853; x_wconf 44' lang='lat' dir='ltr'><strong>sed,</strong></span> <span class='ocrx_word' id='word_1_288' title='bbox 503 4791 562 4838; x_wconf 92' lang='lat' dir='ltr'><strong>ut</strong></span> <span class='ocrx_word' id='word_1_289' title='bbox 593 4785 694 4840; x_wconf 86' lang='lat' dir='ltr'><strong>hoc</strong></span> <span class='ocrx_word' id='word_1_290' title='bbox 727 4803 1003 4864; x_wconf 85' lang='lat' dir='ltr'><strong>comperto</strong></span> <span class='ocrx_word' id='word_1_291' title='bbox 1044 4794 1207 4862; x_wconf 84' lang='lat' dir='ltr'><strong>Nero,</strong></span> <span class='ocrx_word' id='word_1_292' title='bbox 1244 4803 1386 4872; x_wconf 92' lang='lat' dir='ltr'><strong>quod</strong></span> <span class='ocrx_word' id='word_1_293' title='bbox 1413 4820 1609 4879; x_wconf 87' lang='lat' dir='ltr'><strong>nempe</strong></span> <span class='ocrx_word' id='word_1_294' title='bbox 1639 4827 1778 4882; x_wconf 70' lang='lat' dir='ltr'><strong>pra:-</strong></span> 
     </span>
    </p>
   </div>
   <div class='ocr_carea' id='block_1_42' title="bbox 174 4872 1775 4965">
    <p class='ocr_par' dir='ltr' id='par_1_42' title="bbox 174 4872 1775 4965">
     <span class='ocr_line' id='line_1_42' title="bbox 174 4872 1775 4965; baseline 0.021 -38"><span class='ocrx_word' id='word_1_295' title='bbox 174 4872 373 4930; x_wconf 87' lang='lat' dir='ltr'><strong>dicatio</strong></span> <span class='ocrx_word' id='word_1_296' title='bbox 423 4892 728 4950; x_wconf 82' lang='lat' dir='ltr'><strong>cresceret,</strong></span> <span class='ocrx_word' id='word_1_297' title='bbox 777 4897 832 4941; x_wconf 88' lang='lat' dir='ltr'><strong>et</strong></span> <span class='ocrx_word' id='word_1_298' title='bbox 886 4887 1128 4944; x_wconf 86' lang='lat' dir='ltr'><strong>doctrina</strong></span> <span class='ocrx_word' id='word_1_299' title='bbox 1179 4893 1570 4965; x_wconf 84' lang='lat' dir='ltr'><strong>invalesceret,</strong></span> <span class='ocrx_word' id='word_1_300' title='bbox 1618 4905 1775 4960; x_wconf 86' lang='lat' dir='ltr'><strong>citius</strong></span> 
     </span>
    </p>
   </div>
   <div class='ocr_carea' id='block_1_43' title="bbox 175 4961 1775 5064">
    <p class='ocr_par' dir='ltr' id='par_1_43' title="bbox 175 4961 1775 5064">
     <span class='ocr_line' id='line_1_43' title="bbox 175 4961 1775 5064; baseline 0.019 -44"><span class='ocrx_word' id='word_1_301' title='bbox 175 4961 397 5022; x_wconf 70' lang='lat' dir='ltr'><strong>Paulum</strong></span> <span class='ocrx_word' id='word_1_302' title='bbox 429 4970 482 5024; x_wconf 90' lang='lat' dir='ltr'><strong>in</strong></span> <span class='ocrx_word' id='word_1_303' title='bbox 506 4971 817 5030; x_wconf 73' lang='lat' dir='ltr'><strong>barathrum</strong></span> <span class='ocrx_word' id='word_1_304' title='bbox 844 4979 1153 5048; x_wconf 89' lang='lat' dir='ltr'><strong>conjiceret.</strong></span> <span class='ocrx_word' id='word_1_305' title='bbox 1186 4983 1299 5038; x_wconf 90' lang='lat' dir='ltr'><strong>Duo</strong></span> <span class='ocrx_word' id='word_1_306' title='bbox 1321 4987 1496 5058; x_wconf 88' lang='lat' dir='ltr'><strong>itaque</strong></span> <span class='ocrx_word' id='word_1_307' title='bbox 1524 4995 1775 5064; x_wconf 84' lang='lat' dir='ltr'><strong>magiste-</strong></span> 
     </span>
    </p>
   </div>
   <div class='ocr_carea' id='block_1_44' title="bbox 172 5059 1772 5157">
    <p class='ocr_par' dir='ltr' id='par_1_44' title="bbox 172 5059 1772 5157">
     <span class='ocr_line' id='line_1_44' title="bbox 172 5059 1772 5157; baseline 0.019 -43"><span class='ocrx_word' id='word_1_308' title='bbox 172 5059 249 5114; x_wconf 89' lang='lat' dir='ltr'><strong>ria</strong></span> <span class='ocrx_word' id='word_1_309' title='bbox 296 5071 471 5126; x_wconf 90' lang='lat' dir='ltr'><strong>erant,</strong></span> <span class='ocrx_word' id='word_1_310' title='bbox 526 5063 673 5120; x_wconf 86' lang='lat' dir='ltr'><strong>Pauli</strong></span> <span class='ocrx_word' id='word_1_311' title='bbox 722 5084 914 5139; x_wconf 87' lang='lat' dir='ltr'><strong>nempe</strong></span> <span class='ocrx_word' id='word_1_312' title='bbox 967 5071 1376 5144; x_wconf 87' lang='lat' dir='ltr'><strong>discipulorum,</strong></span> <span class='ocrx_word' id='word_1_313' title='bbox 1422 5059 1772 5157; x_wconf 74' lang='lat' dir='ltr'><strong>ejusdemque</strong></span> 
     </span>
    </p>
   </div>
   <div class='ocr_carea' id='block_1_45' title="bbox 170 5150 1768 5234">
    <p class='ocr_par' dir='ltr' id='par_1_45' title="bbox 170 5150 1768 5234">
     <span class='ocr_line' id='line_1_45' title="bbox 170 5150 1768 5234; baseline 0.019 -30"><span class='ocrx_word' id='word_1_314' title='bbox 170 5150 530 5219; x_wconf 89' lang='lat' dir='ltr'><strong>inimicorum,</strong></span> <span class='ocrx_word' id='word_1_315' title='bbox 569 5155 674 5210; x_wconf 90' lang='lat' dir='ltr'><strong>illis</strong></span> <span class='ocrx_word' id='word_1_316' title='bbox 719 5173 786 5213; x_wconf 91' lang='lat' dir='ltr'><strong>ex</strong></span> <span class='ocrx_word' id='word_1_317' title='bbox 828 5163 1071 5228; x_wconf 88' lang='lat' dir='ltr'><strong>veritate,</strong></span> <span class='ocrx_word' id='word_1_318' title='bbox 1109 5164 1191 5218; x_wconf 90' lang='lat' dir='ltr'><strong>his</strong></span> <span class='ocrx_word' id='word_1_319' title='bbox 1229 5185 1294 5222; x_wconf 85' lang='lat' dir='ltr'><strong>ex</strong></span> <span class='ocrx_word' id='word_1_320' title='bbox 1341 5150 1686 5232; x_wconf 76' lang='lat' dir='ltr'><strong>centeiitione</strong></span> <span class='ocrx_word' id='word_1_321' title='bbox 1715 5189 1768 5234; x_wconf 87' lang='lat' dir='ltr'><strong>et</strong></span> 
     </span>
    </p>
   </div>
   <div class='ocr_carea' id='block_1_46' title="bbox 167 5242 1768 5327">
    <p class='ocr_par' dir='ltr' id='par_1_46' title="bbox 167 5242 1768 5327">
     <span class='ocr_line' id='line_1_46' title="bbox 167 5242 1768 5327; baseline 0.02 -34"><span class='ocrx_word' id='word_1_322' title='bbox 167 5242 295 5296; x_wconf 88' lang='lat' dir='ltr'><strong>odio</strong></span> <span class='ocrx_word' id='word_1_323' title='bbox 321 5242 471 5298; x_wconf 80' lang='lat' dir='ltr'><strong>Pauli</strong></span> <span class='ocrx_word' id='word_1_324' title='bbox 507 5247 938 5313; x_wconf 79' lang='lat' dir='ltr'><strong>praedicantibus.</strong></span> <span class='ocrx_word' id='word_1_325' title='bbox 976 5253 1102 5310; x_wconf 68' lang='lat' dir='ltr'><strong>Haec</strong></span> <span class='ocrx_word' id='word_1_326' title='bbox 1132 5273 1294 5327; x_wconf 89' lang='lat' dir='ltr'><strong>porro</strong></span> <span class='ocrx_word' id='word_1_327' title='bbox 1321 5263 1600 5322; x_wconf 87' lang='lat' dir='ltr'><strong>declarans</strong></span> <span class='ocrx_word' id='word_1_328' title='bbox 1621 5270 1768 5325; x_wconf 88' lang='lat' dir='ltr'><strong>dicc-</strong></span> 
     </span>
    </p>
   </div>
   <div class='ocr_carea' id='block_1_47' title="bbox 168 5330 1764 5414">
    <p class='ocr_par' dir='ltr' id='par_1_47' title="bbox 168 5330 1764 5414">
     <span class='ocr_line' id='line_1_47' title="bbox 168 5330 1764 5414; baseline 0.019 -30"><span class='ocrx_word' id='word_1_329' title='bbox 168 5330 258 5386; x_wconf 86' lang='lat' dir='ltr'><strong>bat</strong></span> <span class='ocrx_word' id='word_1_330' title='bbox 298 5332 390 5387; x_wconf 90' lang='lat' dir='ltr'><strong>ille</strong></span> <span class='ocrx_word' id='word_1_331' title='bbox 423 5352 436 5388; x_wconf 93' lang='lat'>:</span> <span class='ocrx_word' id='word_1_332' title='bbox 469 5334 692 5400; x_wconf 81' lang='lat' dir='ltr'><strong>Quidam</strong></span> <span class='ocrx_word' id='word_1_333' title='bbox 728 5353 950 5408; x_wconf 79' lang='lat' dir='ltr'><strong>.prOpter</strong></span> <span class='ocrx_word' id='word_1_334' title='bbox 999 5345 1240 5401; x_wconf 81' lang='lat' dir='ltr'><strong>invidiam</strong></span> <span class='ocrx_word' id='word_1_335' title='bbox 1297 5362 1345 5404; x_wconf 86' lang='lat' dir='ltr'><strong>et</strong></span> <span class='ocrx_word' id='word_1_336' title='bbox 1399 5363 1764 5414; x_wconf 85' lang='lat' dir='ltr'><strong>contentionem</strong></span> 
     </span>
    </p>
   </div>
   <div class='ocr_carea' id='block_1_48' title="bbox 166 5423 1764 5514">
    <p class='ocr_par' dir='ltr' id='par_1_48' title="bbox 166 5423 1764 5514">
     <span class='ocr_line' id='line_1_48' title="bbox 166 5423 1764 5514; baseline 0.02 -37"><span class='ocrx_word' id='word_1_337' title='bbox 166 5423 425 5478; x_wconf 77' lang='lat' dir='ltr'><strong>Christum</strong></span> <span class='ocrx_word' id='word_1_338' title='bbox 445 5431 723 5498; x_wconf 61' lang='lat' dir='ltr'><strong>pradicant</strong></span> <span class='ocrx_word' id='word_1_339' title='bbox 751 5433 1012 5506; x_wconf 71' lang='lat' dir='ltr'><strong>(Philipp.</strong></span> <span class='ocrx_word' id='word_1_340' title='bbox 1036 5441 1086 5492; x_wconf 85' lang='grc'><strong>1.</strong></span> <span class='ocrx_word' id='word_1_341' title='bbox 1110 5441 1220 5511; x_wconf 76' lang='grc'><strong>15),</strong></span> <span class='ocrx_word' id='word_1_342' title='bbox 1253 5448 1495 5514; x_wconf 86' lang='lat' dir='ltr'><strong>proprios</strong></span> <span class='ocrx_word' id='word_1_343' title='bbox 1526 5452 1764 5509; x_wconf 84' lang='lat' dir='ltr'><strong>indicans</strong></span> 
     </span>
    </p>
   </div>
   <div class='ocr_carea' id='block_1_49' title="bbox 165 5513 1761 5616">
    <p class='ocr_par' dir='ltr' id='par_1_49' title="bbox 165 5513 1761 5616">
     <span class='ocr_line' id='line_1_49' title="bbox 165 5513 1761 5616; baseline 0.021 -50"><span class='ocrx_word' id='word_1_344' title='bbox 165 5513 537 5583; x_wconf 80' lang='lat' dir='ltr'><strong>adversarios;</strong></span> <span class='ocrx_word' id='word_1_345' title='bbox 567 5520 786 5587; x_wconf 80' lang='lat' dir='ltr'><strong>Quidam</strong></span> <span class='ocrx_word' id='word_1_346' title='bbox 815 5540 1022 5595; x_wconf 81' lang='lat' dir='ltr'><strong>propter</strong></span> <span class='ocrx_word' id='word_1_347' title='bbox 1059 5532 1237 5585; x_wconf 87' lang='lat' dir='ltr'><strong>bonam</strong></span> <span class='ocrx_word' id='word_1_348' title='bbox 1267 5536 1571 5594; x_wconf 80' lang='lat' dir='ltr'><strong>voluntatem</strong></span> <span class='ocrx_word' id='word_1_349' title='bbox 1606 5545 1761 5616; x_wconf 57' lang='grc' dir='ltr'><strong>(Νη),</strong></span> 
     </span>
    </p>
   </div>
   <div class='ocr_carea' id='block_1_50' title="bbox 165 5607 1750 5694">
    <p class='ocr_par' dir='ltr' id='par_1_50' title="bbox 165 5607 1750 5694">
     <span class='ocr_line' id='line_1_50' title="bbox 165 5607 1750 5694; baseline 0.02 -33"><span class='ocrx_word' id='word_1_350' title='bbox 165 5607 234 5662; x_wconf 83' lang='lat' dir='ltr'><strong>de</strong></span> <span class='ocrx_word' id='word_1_351' title='bbox 265 5611 378 5663; x_wconf 84' lang='lat' dir='ltr'><strong>suis</strong></span> <span class='ocrx_word' id='word_1_352' title='bbox 406 5611 633 5682; x_wconf 87' lang='lat' dir='ltr'><strong>loquens</strong></span> <span class='ocrx_word' id='word_1_353' title='bbox 678 5615 976 5687; x_wconf 87' lang='lat' dir='ltr'><strong>discipulis.</strong></span> <span class='ocrx_word' id='word_1_354' title='bbox 1018 5623 1218 5681; x_wconf 89' lang='lat' dir='ltr'><strong>Deinde</strong></span> <span class='ocrx_word' id='word_1_355' title='bbox 1263 5646 1473 5689; x_wconf 87' lang='lat' dir='ltr'><strong>rursum</strong></span> <span class='ocrx_word' id='word_1_356' title='bbox 1515 5635 1581 5691; x_wconf 90' lang='lat' dir='ltr'><strong>de</strong></span> <span class='ocrx_word' id='word_1_357' title='bbox 1609 5607 1750 5694; x_wconf 39' lang='lat' dir='ltr'><strong>illis&#39;l</strong></span> 
     </span>
    </p>
   </div>
   <div class='ocr_carea' id='block_1_51' title="bbox 166 5700 1755 5802">
    <p class='ocr_par' dir='ltr' id='par_1_51' title="bbox 166 5700 1755 5802">
     <span class='ocr_line' id='line_1_51' title="bbox 166 5700 1755 5802; baseline 0.024 -51"><span class='ocrx_word' id='word_1_358' title='bbox 166 5700 266 5753; x_wconf 77' lang='lat' dir='ltr'><strong>Atii</strong></span> <span class='ocrx_word' id='word_1_359' title='bbox 281 5702 487 5771; x_wconf 84' lang='lat' dir='ltr'><strong>quidem</strong></span> <span class='ocrx_word' id='word_1_360' title='bbox 516 5712 931 5778; x_wconf 72' lang='lat' dir='ltr'><strong>excantentione,</strong></span> <span class='ocrx_word' id='word_1_361' title='bbox 965 5715 1165 5772; x_wconf 90' lang='lat' dir='ltr'><strong>inimici</strong></span> <span class='ocrx_word' id='word_1_362' title='bbox 1209 5737 1423 5793; x_wconf 86' lang='lat' dir='ltr'><strong>nempe,</strong></span> <span class='ocrx_word' id='word_1_363' title='bbox 1456 5743 1560 5784; x_wconf 88' lang='lat' dir='ltr'><strong>non</strong></span> <span class='ocrx_word' id='word_1_364' title='bbox 1588 5744 1755 5802; x_wconf 88' lang='lat' dir='ltr'><strong>caste,</strong></span> 
     </span>
    </p>
   </div>
   <div class='ocr_carea' id='block_1_52' title="bbox 168 5789 1755 5886">
    <p class='ocr_par' dir='ltr' id='par_1_52' title="bbox 168 5789 1755 5886">
     <span class='ocr_line' id='line_1_52' title="bbox 168 5789 1755 5886; baseline 0.025 -43"><span class='ocrx_word' id='word_1_365' title='bbox 168 5801 270 5842; x_wconf 81' lang='lat' dir='ltr'><strong>non</strong></span> <span class='ocrx_word' id='word_1_366' title='bbox 292 5789 530 5857; x_wconf 66' lang='lat' dir='ltr'><strong>sinct‘rt‘.</strong></span> <span class='ocrx_word' id='word_1_367' title='bbox 585 5800 682 5857; x_wconf 87' lang='lat' dir='ltr'><strong>sed</strong></span> <span class='ocrx_word' id='word_1_368' title='bbox 707 5802 1070 5865; x_wconf 71' lang='lat' dir='ltr'><strong>Ea‘istimantes</strong></span> <span class='ocrx_word' id='word_1_369' title='bbox 1113 5829 1165 5867; x_wconf 78' lang='lat' dir='ltr'><strong>se</strong></span> <span class='ocrx_word' id='word_1_370' title='bbox 1191 5831 1478 5886; x_wconf 75' lang='lat' dir='ltr'><strong>presserant</strong></span> <span class='ocrx_word' id='word_1_371' title='bbox 1509 5827 1755 5883; x_wconf 74' lang='lat' dir='ltr'><strong>suscitare</strong></span> 
     </span>
    </p>
   </div>
   <div class='ocr_carea' id='block_1_53' title="bbox 1407 358 2331 426">
    <p class='ocr_par' dir='ltr' id='par_1_53' title="bbox 1407 358 2331 426">
     <span class='ocr_line' id='line_1_53' title="bbox 1407 358 2331 426; baseline 0.009 -9"><span class='ocrx_word' id='word_1_372' title='bbox 1407 359 1495 417; x_wconf 80' lang='lat' dir='ltr'><strong>DE</strong></span> <span class='ocrx_word' id='word_1_373' title='bbox 1535 358 1896 419; x_wconf 76' lang='lat' dir='ltr'><strong>PROFECTU</strong></span> <span class='ocrx_word' id='word_1_374' title='bbox 1939 364 2331 426; x_wconf 69' lang='lat' dir='ltr'><strong>EV&#39;ANGELH.</strong></span> 
     </span>
    </p>
   </div>
   <div class='ocr_carea' id='block_1_54' title="bbox 214 468 1828 545">
    <p class='ocr_par' dir='ltr' id='par_1_54' title="bbox 214 468 1828 545">
     <span class='ocr_line' id='line_1_54' title="bbox 214 468 1828 545; baseline 0.001 -20"><span class='ocrx_word' id='word_1_375' title='bbox 214 468 495 538; x_wconf 72' lang='lat' dir='ltr'><strong>discipulis</strong></span> <span class='ocrx_word' id='word_1_376' title='bbox 533 477 698 523; x_wconf 84' lang='lat' dir='ltr'><strong>erant.</strong></span> <span class='ocrx_word' id='word_1_377' title='bbox 727 497 800 510; x_wconf 81' lang='lat'><strong>-—-</strong></span> <span class='ocrx_word' id='word_1_378' title='bbox 826 468 957 537; x_wconf 86' lang='lat' dir='ltr'><strong>Quis</strong></span> <span class='ocrx_word' id='word_1_379' title='bbox 987 470 1139 536; x_wconf 86' lang='lat' dir='ltr'><strong>vidit,</strong></span> <span class='ocrx_word' id='word_1_380' title='bbox 1168 471 1291 540; x_wconf 88' lang='lat' dir='ltr'><strong>quis</strong></span> <span class='ocrx_word' id='word_1_381' title='bbox 1319 470 1528 527; x_wconf 88' lang='lat' dir='ltr'><strong>audivit</strong></span> <span class='ocrx_word' id='word_1_382' title='bbox 1557 473 1608 528; x_wconf 90' lang='lat' dir='ltr'><strong>iu</strong></span> <span class='ocrx_word' id='word_1_383' title='bbox 1657 476 1828 545; x_wconf 83' lang='lat' dir='ltr'><strong>magi-</strong></span> 
     </span>
    </p>
   </div>
   <div class='ocr_carea' id='block_1_55' title="bbox 219 562 1828 636">
    <p class='ocr_par' dir='ltr' id='par_1_55' title="bbox 219 562 1828 636">
     <span class='ocr_line' id='line_1_55' title="bbox 219 562 1828 636; baseline 0.004 -22"><span class='ocrx_word' id='word_1_384' title='bbox 219 573 462 616; x_wconf 87' lang='lat' dir='ltr'><strong>strorum</strong></span> <span class='ocrx_word' id='word_1_385' title='bbox 491 562 746 616; x_wconf 66' lang='lat' dir='ltr'><strong>aerumnis</strong></span> <span class='ocrx_word' id='word_1_386' title='bbox 771 563 888 631; x_wconf 85' lang='lat' dir='ltr'><strong>plus</strong></span> <span class='ocrx_word' id='word_1_387' title='bbox 904 563 1078 617; x_wconf 85' lang='lat' dir='ltr'><strong>solatii</strong></span> <span class='ocrx_word' id='word_1_388' title='bbox 1109 579 1305 634; x_wconf 88' lang='lat' dir='ltr'><strong>capere</strong></span> <span class='ocrx_word' id='word_1_389' title='bbox 1324 564 1618 636; x_wconf 83' lang='lat' dir='ltr'><strong>discipulos</strong></span> <span class='ocrx_word' id='word_1_390' title='bbox 1637 568 1661 621; x_wconf 66' lang='grc' dir='ltr'><strong>’ἐ</strong></span> <span class='ocrx_word' id='word_1_391' title='bbox 1682 567 1828 636; x_wconf 87' lang='lat' dir='ltr'><strong>Quo-</strong></span> 
     </span>
    </p>
   </div>
   <div class='ocr_carea' id='block_1_56' title="bbox 219 651 1829 724">
    <p class='ocr_par' dir='ltr' id='par_1_56' title="bbox 219 651 1829 724">
     <span class='ocr_line' id='line_1_56' title="bbox 219 651 1829 724; baseline 0.006 -19"><span class='ocrx_word' id='word_1_392' title='bbox 219 651 387 706; x_wconf 82' lang='lat' dir='ltr'><strong>modo</strong></span> <span class='ocrx_word' id='word_1_393' title='bbox 414 667 522 706; x_wconf 91' lang='lat' dir='ltr'><strong>non</strong></span> <span class='ocrx_word' id='word_1_394' title='bbox 542 652 894 708; x_wconf 67' lang='lat' dir='ltr'><strong>timuerunt?</strong></span> <span class='ocrx_word' id='word_1_395' title='bbox 921 653 1023 719; x_wconf 88' lang='lat' dir='ltr'><strong>Qui</strong></span> <span class='ocrx_word' id='word_1_396' title='bbox 1050 653 1167 709; x_wconf 89' lang='lat' dir='ltr'><strong>ﬁeri</strong></span> <span class='ocrx_word' id='word_1_397' title='bbox 1199 655 1391 724; x_wconf 86' lang='lat' dir='ltr'><strong>potuit,</strong></span> <span class='ocrx_word' id='word_1_398' title='bbox 1429 668 1487 712; x_wconf 95' lang='lat' dir='ltr'><strong>ut</strong></span> <span class='ocrx_word' id='word_1_399' title='bbox 1526 657 1693 713; x_wconf 84' lang='lat' dir='ltr'><strong>Paulo</strong></span> <span class='ocrx_word' id='word_1_400' title='bbox 1723 675 1829 714; x_wconf 91' lang='lat' dir='ltr'><strong>non</strong></span> 
     </span>
    </p>
   </div>
   <div class='ocr_carea' id='block_1_57' title="bbox 218 743 1830 839">
    <p class='ocr_par' dir='ltr' id='par_1_57' title="bbox 218 743 1830 839">
     <span class='ocr_line' id='line_1_57' title="bbox 218 743 1830 839; baseline 0.006 -41"><span class='ocrx_word' id='word_1_401' title='bbox 218 744 508 798; x_wconf 84' lang='lat' dir='ltr'><strong>dicerent:</strong></span> <span class='ocrx_word' id='word_1_402' title='bbox 545 743 764 810; x_wconf 68' lang='lat' dir='ltr'><strong>Redire,</strong></span> <span class='ocrx_word' id='word_1_403' title='bbox 797 761 922 798; x_wconf 84' lang='lat' dir='ltr'><strong>cura</strong></span> <span class='ocrx_word' id='word_1_404' title='bbox 970 747 1186 816; x_wconf 74' lang='lat' dir='ltr'><strong>teipsum</strong></span> <span class='ocrx_word' id='word_1_405' title='bbox 1209 746 1360 816; x_wconf 82' lang='lat' dir='ltr'><strong>(Luc.</strong></span> <span class='ocrx_word' id='word_1_406' title='bbox 1467 749 1752 839; x_wconf 73' lang='lat' dir='ltr'><strong>25):crt_te</strong></span> <span class='ocrx_word' id='word_1_407' title='bbox 1779 762 1830 807; x_wconf 87' lang='lat' dir='ltr'><strong>te</strong></span> 
     </span>
    </p>
   </div>
   <div class='ocr_carea' id='block_1_58' title="bbox 217 832 1830 906">
    <p class='ocr_par' dir='ltr' id='par_1_58' title="bbox 217 832 1830 906">
     <span class='ocr_line' id='line_1_58' title="bbox 217 832 1830 906; baseline 0.006 -22"><span class='ocrx_word' id='word_1_408' title='bbox 217 833 403 896; x_wconf 87' lang='lat' dir='ltr'><strong>ipsum</strong></span> <span class='ocrx_word' id='word_1_409' title='bbox 420 832 490 888; x_wconf 88' lang='lat' dir='ltr'><strong>ab</strong></span> <span class='ocrx_word' id='word_1_410' title='bbox 516 832 601 898; x_wconf 64' lang='lat' dir='ltr'><strong>iis,</strong></span> <span class='ocrx_word' id='word_1_411' title='bbox 626 835 820 904; x_wconf 86' lang='lat' dir='ltr'><strong>quibus</strong></span> <span class='ocrx_word' id='word_1_412' title='bbox 845 835 1254 906; x_wconf 87' lang='lat' dir='ltr'><strong>constringeris,</strong></span> <span class='ocrx_word' id='word_1_413' title='bbox 1294 838 1472 904; x_wconf 84' lang='lat' dir='ltr'><strong>malis,</strong></span> <span class='ocrx_word' id='word_1_414' title='bbox 1502 849 1558 895; x_wconf 89' lang='lat' dir='ltr'><strong>et</strong></span> <span class='ocrx_word' id='word_1_415' title='bbox 1583 832 1708 896; x_wconf 76' lang='lat' dir='ltr'><strong>tunc</strong></span> <span class='ocrx_word' id='word_1_416' title='bbox 1733 859 1830 895; x_wconf 82' lang='lat' dir='ltr'><strong>no-</strong></span> 
     </span>
    </p>
   </div>
   <div class='ocr_carea' id='block_1_59' title="bbox 218 926 1829 988">
    <p class='ocr_par' dir='ltr' id='par_1_59' title="bbox 218 926 1829 988">
     <span class='ocr_line' id='line_1_59' title="bbox 218 926 1829 988; baseline 0.004 -6"><span class='ocrx_word' id='word_1_417' title='bbox 218 926 309 982; x_wconf 82' lang='lat' dir='ltr'><strong>bis</strong></span> <span class='ocrx_word' id='word_1_418' title='bbox 347 926 629 983; x_wconf 89' lang='lat' dir='ltr'><strong>innumera</strong></span> <span class='ocrx_word' id='word_1_419' title='bbox 680 927 822 982; x_wconf 88' lang='lat' dir='ltr'><strong>bona</strong></span> <span class='ocrx_word' id='word_1_420' title='bbox 863 928 1197 983; x_wconf 86' lang='lat' dir='ltr'><strong>conciliabis.</strong></span> <span class='ocrx_word' id='word_1_421' title='bbox 1233 930 1343 985; x_wconf 80' lang='lat' dir='ltr'><strong>Cur</strong></span> <span class='ocrx_word' id='word_1_422' title='bbox 1379 929 1482 986; x_wconf 85' lang='lat' dir='ltr'><strong>hoc</strong></span> <span class='ocrx_word' id='word_1_423' title='bbox 1532 946 1638 986; x_wconf 89' lang='lat' dir='ltr'><strong>non</strong></span> <span class='ocrx_word' id='word_1_424' title='bbox 1685 932 1829 988; x_wconf 83' lang='lat' dir='ltr'><strong>dixe-</strong></span> 
     </span>
    </p>
   </div>
   <div class='ocr_carea' id='block_1_60' title="bbox 218 1018 1826 1093">
    <p class='ocr_par' dir='ltr' id='par_1_60' title="bbox 218 1018 1826 1093">
     <span class='ocr_line' id='line_1_60' title="bbox 218 1018 1826 1093; baseline 0.004 -23"><span class='ocrx_word' id='word_1_425' title='bbox 218 1019 391 1070; x_wconf 78' lang='lat' dir='ltr'><strong>runt?</strong></span> <span class='ocrx_word' id='word_1_426' title='bbox 420 1019 589 1085; x_wconf 86' lang='lat' dir='ltr'><strong>Quam</strong></span> <span class='ocrx_word' id='word_1_427' title='bbox 617 1018 687 1071; x_wconf 84' lang='lat' dir='ltr'><strong>ob</strong></span> <span class='ocrx_word' id='word_1_428' title='bbox 713 1019 865 1072; x_wconf 84' lang='lat' dir='ltr'><strong>rem?</strong></span> <span class='ocrx_word' id='word_1_429' title='bbox 889 1018 1152 1086; x_wconf 88' lang='lat' dir='ltr'><strong>Quoniam</strong></span> <span class='ocrx_word' id='word_1_430' title='bbox 1189 1019 1365 1075; x_wconf 89' lang='lat' dir='ltr'><strong>edocti</strong></span> <span class='ocrx_word' id='word_1_431' title='bbox 1404 1031 1561 1076; x_wconf 90' lang='lat' dir='ltr'><strong>erant</strong></span> <span class='ocrx_word' id='word_1_432' title='bbox 1584 1038 1615 1078; x_wconf 89' lang='lat' dir='ltr'><strong>a</strong></span> <span class='ocrx_word' id='word_1_433' title='bbox 1657 1026 1826 1093; x_wconf 86' lang='lat' dir='ltr'><strong>gratia</strong></span> 
     </span>
    </p>
   </div>
   <div class='ocr_carea' id='block_1_61' title="bbox 217 1105 1828 1182">
    <p class='ocr_par' dir='ltr' id='par_1_61' title="bbox 217 1105 1828 1182">
     <span class='ocr_line' id='line_1_61' title="bbox 217 1105 1828 1182; baseline 0.006 -21"><span class='ocrx_word' id='word_1_434' title='bbox 217 1105 477 1176; x_wconf 86' lang='lat' dir='ltr'><strong>Spiritus,</strong></span> <span class='ocrx_word' id='word_1_435' title='bbox 499 1106 618 1162; x_wconf 70' lang='lat' dir='ltr'><strong>inec</strong></span> <span class='ocrx_word' id='word_1_436' title='bbox 642 1124 748 1162; x_wconf 86' lang='lat' dir='ltr'><strong>non</strong></span> <span class='ocrx_word' id='word_1_437' title='bbox 775 1124 841 1163; x_wconf 80' lang='lat' dir='ltr'><strong>ex</strong></span> <span class='ocrx_word' id='word_1_438' title='bbox 870 1108 1195 1174; x_wconf 88' lang='lat' dir='ltr'><strong>inﬁrmitate,</strong></span> <span class='ocrx_word' id='word_1_439' title='bbox 1238 1111 1333 1165; x_wconf 90' lang='lat' dir='ltr'><strong>sed</strong></span> <span class='ocrx_word' id='word_1_440' title='bbox 1359 1127 1428 1166; x_wconf 85' lang='lat' dir='ltr'><strong>ex</strong></span> <span class='ocrx_word' id='word_1_441' title='bbox 1470 1114 1828 1182; x_wconf 87' lang='lat' dir='ltr'><strong>permissiune</strong></span> 
     </span>
    </p>
   </div>
   <div class='ocr_carea' id='block_1_62' title="bbox 3428 374 3537 430">
    <p class='ocr_par' dir='ltr' id='par_1_62' title="bbox 3428 374 3537 430">
     <span class='ocr_line' id='line_1_62' title="bbox 3428 374 3537 430; baseline -0.028 -1"><span class='ocrx_word' id='word_1_442' title='bbox 3428 374 3537 430; x_wconf 66' lang='grc'><strong>518</strong></span> 
     </span>
    </p>
   </div>
   <div class='ocr_carea' id='block_1_63' title="bbox 1941 479 3530 569">
    <p class='ocr_par' dir='ltr' id='par_1_63' title="bbox 1941 479 3530 569">
     <span class='ocr_line' id='line_1_63' title="bbox 1941 479 3530 569; baseline 0.016 -39"><span class='ocrx_word' id='word_1_443' title='bbox 1941 479 2152 535; x_wconf 82' lang='lat' dir='ltr'><strong>vinculis</strong></span> <span class='ocrx_word' id='word_1_444' title='bbox 2201 484 2326 538; x_wconf 84' lang='lat' dir='ltr'><strong>meis</strong></span> <span class='ocrx_word' id='word_1_445' title='bbox 2337 501 2354 546; x_wconf 85' lang='lat'><strong>,&#39;</strong></span> <span class='ocrx_word' id='word_1_446' title='bbox 2369 489 2463 544; x_wconf 83' lang='lat' dir='ltr'><strong>alii</strong></span> <span class='ocrx_word' id='word_1_447' title='bbox 2478 504 2592 542; x_wconf 81' lang='lat' dir='ltr'><strong>vero</strong></span> <span class='ocrx_word' id='word_1_448' title='bbox 2609 492 3018 561; x_wconf 63' lang='lat' dir='ltr'><strong>rxcmilatcﬂb.</strong></span> <span class='ocrx_word' id='word_1_449' title='bbox 3039 512 3084 550; x_wconf 80' lang='grc' dir='ltr'><strong>υ.</strong></span> <span class='ocrx_word' id='word_1_450' title='bbox 3108 499 3193 562; x_wconf 81' lang='lat' dir='ltr'><strong>l7,</strong></span> <span class='ocrx_word' id='word_1_451' title='bbox 3219 504 3327 569; x_wconf 74' lang='lat'><strong>16);</strong></span> <span class='ocrx_word' id='word_1_452' title='bbox 3342 517 3530 564; x_wconf 79' lang='lat' dir='ltr'><strong>rursus</strong></span> 
     </span>
    </p>
   </div>
   <div class='ocr_carea' id='block_1_64' title="bbox 1939 570 3534 658">
    <p class='ocr_par' dir='ltr' id='par_1_64' title="bbox 1939 570 3534 658">
     <span class='ocr_line' id='line_1_64' title="bbox 1939 570 3534 658; baseline 0.017 -34"><span class='ocrx_word' id='word_1_453' title='bbox 1939 570 2043 628; x_wconf 82' lang='lat' dir='ltr'><strong>hoc</strong></span> <span class='ocrx_word' id='word_1_454' title='bbox 2064 573 2196 630; x_wconf 84' lang='lat' dir='ltr'><strong>dicit</strong></span> <span class='ocrx_word' id='word_1_455' title='bbox 2221 575 2290 631; x_wconf 84' lang='lat' dir='ltr'><strong>de</strong></span> <span class='ocrx_word' id='word_1_456' title='bbox 2327 577 2606 649; x_wconf 81' lang='lat' dir='ltr'><strong>discipulis</strong></span> <span class='ocrx_word' id='word_1_457' title='bbox 2644 584 2755 637; x_wconf 89' lang='lat' dir='ltr'><strong>suis</strong></span> <span class='ocrx_word' id='word_1_458' title='bbox 2783 603 2796 638; x_wconf 90' lang='lat'><strong>:</strong></span> <span class='ocrx_word' id='word_1_459' title='bbox 2827 585 3061 640; x_wconf 81' lang='lat' dir='ltr'><strong>Scientes</strong></span> <span class='ocrx_word' id='word_1_460' title='bbox 3086 591 3325 658; x_wconf 78' lang='lat' dir='ltr'><strong>quoniam</strong></span> <span class='ocrx_word' id='word_1_461' title='bbox 3367 596 3419 650; x_wconf 86' lang='lat' dir='ltr'><strong>in</strong></span> <span class='ocrx_word' id='word_1_462' title='bbox 3445 597 3534 650; x_wconf 89' lang='lat' dir='ltr'><strong>dc-</strong></span> 
     </span>
    </p>
   </div>
   <div class='ocr_carea' id='block_1_65' title="bbox 1942 666 3536 756">
    <p class='ocr_par' dir='ltr' id='par_1_65' title="bbox 1942 666 3536 756">
     <span class='ocr_line' id='line_1_65' title="bbox 1942 666 3536 756; baseline 0.014 -39"><span class='ocrx_word' id='word_1_463' title='bbox 1942 666 2222 734; x_wconf 78' lang='lat' dir='ltr'><strong>{ensionem</strong></span> <span class='ocrx_word' id='word_1_464' title='bbox 2263 673 2511 743; x_wconf 78' lang='lat' dir='ltr'><strong>evangelii</strong></span> <span class='ocrx_word' id='word_1_465' title='bbox 2555 675 2750 742; x_wconf 77' lang='lat' dir='ltr'><strong>positus</strong></span> <span class='ocrx_word' id='word_1_466' title='bbox 2793 694 2910 732; x_wconf 87' lang='lat' dir='ltr'><strong>sum</strong></span> <span class='ocrx_word' id='word_1_467' title='bbox 2961 678 3065 750; x_wconf 80' lang='lat' dir='ltr'><strong>(Ib.</strong></span> <span class='ocrx_word' id='word_1_468' title='bbox 3118 697 3167 736; x_wconf 76' lang='lat' dir='ltr'><strong>tt.</strong></span> <span class='ocrx_word' id='word_1_469' title='bbox 3225 683 3341 756; x_wconf 77' lang='grc'><strong>16).</strong></span> <span class='ocrx_word' id='word_1_470' title='bbox 3400 685 3536 753; x_wconf 74' lang='lat' dir='ltr'><strong>Quid</strong></span> 
     </span>
    </p>
   </div>
   <div class='ocr_carea' id='block_1_66' title="bbox 1934 758 3538 852">
    <p class='ocr_par' dir='ltr' id='par_1_66' title="bbox 1934 758 3538 852">
     <span class='ocr_line' id='line_1_66' title="bbox 1934 758 3538 852; baseline 0.019 -43"><span class='ocrx_word' id='word_1_471' title='bbox 1934 758 2067 810; x_wconf 81' lang='lat' dir='ltr'><strong>enim</strong></span> <span class='ocrx_word' id='word_1_472' title='bbox 2085 759 2111 812; x_wconf 65' lang='lat'><strong><em>2</em></strong></span> <span class='ocrx_word' id='word_1_473' title='bbox 2139 760 2278 815; x_wconf 82' lang='lat' dir='ltr'><strong>Dum</strong></span> <span class='ocrx_word' id='word_1_474' title='bbox 2308 767 2445 818; x_wconf 84' lang='lat' dir='ltr'><strong>omni</strong></span> <span class='ocrx_word' id='word_1_475' title='bbox 2472 767 2643 831; x_wconf 83' lang='lat' dir='ltr'><strong>modo,</strong></span> <span class='ocrx_word' id='word_1_476' title='bbox 2684 772 2789 824; x_wconf 83' lang='lat' dir='ltr'><strong>sive</strong></span> <span class='ocrx_word' id='word_1_477' title='bbox 2818 789 2908 840; x_wconf 73' lang='lat' dir='ltr'><strong>per</strong></span> <span class='ocrx_word' id='word_1_478' title='bbox 2937 777 3273 845; x_wconf 65' lang='lat' dir='ltr'><strong>musicum,</strong></span> <span class='ocrx_word' id='word_1_479' title='bbox 3319 783 3424 836; x_wconf 84' lang='lat' dir='ltr'><strong>sive</strong></span> <span class='ocrx_word' id='word_1_480' title='bbox 3446 798 3538 852; x_wconf 71' lang='lat' dir='ltr'><strong>per</strong></span> 
     </span>
    </p>
   </div>
   <div class='ocr_carea' id='block_1_67' title="bbox 1935 850 3533 942">
    <p class='ocr_par' dir='ltr' id='par_1_67' title="bbox 1935 850 3533 942">
     <span class='ocr_line' id='line_1_67' title="bbox 1935 850 3533 942; baseline 0.019 -43"><span class='ocrx_word' id='word_1_481' title='bbox 1935 850 2214 919; x_wconf 72' lang='lat' dir='ltr'><strong>veritatem,</strong></span> <span class='ocrx_word' id='word_1_482' title='bbox 2246 853 2477 910; x_wconf 75' lang='lat' dir='ltr'><strong>Christus</strong></span> <span class='ocrx_word' id='word_1_483' title='bbox 2497 863 2825 917; x_wconf 79' lang='lat' dir='ltr'><strong>annuntietur</strong></span> <span class='ocrx_word' id='word_1_484' title='bbox 2847 863 2954 936; x_wconf 82' lang='lat' dir='ltr'><strong>(Ib.</strong></span> <span class='ocrx_word' id='word_1_485' title='bbox 2979 882 3025 919; x_wconf 81' lang='grc' dir='ltr'><strong>υ.</strong></span> <span class='ocrx_word' id='word_1_486' title='bbox 3062 869 3177 938; x_wconf 83' lang='grc'><strong>18).</strong></span> <span class='ocrx_word' id='word_1_487' title='bbox 3206 867 3389 942; x_wconf 87' lang='lat' dir='ltr'><strong>Itaque</strong></span> <span class='ocrx_word' id='word_1_488' title='bbox 3416 850 3533 929; x_wconf 78' lang='lat' dir='ltr'><strong>fi&#39;u-</strong></span> 
     </span>
    </p>
   </div>
   <div class='ocr_carea' id='block_1_68' title="bbox 1933 943 3532 1035">
    <p class='ocr_par' dir='ltr' id='par_1_68' title="bbox 1933 943 3532 1035">
     <span class='ocr_line' id='line_1_68' title="bbox 1933 943 3532 1035; baseline 0.019 -44"><span class='ocrx_word' id='word_1_489' title='bbox 1933 949 2044 994; x_wconf 83' lang='lat' dir='ltr'><strong>stra</strong></span> <span class='ocrx_word' id='word_1_490' title='bbox 2067 950 2117 995; x_wconf 91' lang='lat' dir='ltr'><strong>et</strong></span> <span class='ocrx_word' id='word_1_491' title='bbox 2155 943 2424 1001; x_wconf 85' lang='lat' dir='ltr'><strong>incassum</strong></span> <span class='ocrx_word' id='word_1_492' title='bbox 2453 947 2556 1004; x_wconf 88' lang='lat' dir='ltr'><strong>hoc</strong></span> <span class='ocrx_word' id='word_1_493' title='bbox 2581 951 2782 1008; x_wconf 86' lang='lat' dir='ltr'><strong>dictum</strong></span> <span class='ocrx_word' id='word_1_494' title='bbox 2813 955 2879 1010; x_wconf 90' lang='lat' dir='ltr'><strong>de</strong></span> <span class='ocrx_word' id='word_1_495' title='bbox 2920 956 3215 1015; x_wconf 58' lang='lat' dir='ltr'><strong>liasresibus</strong></span> <span class='ocrx_word' id='word_1_496' title='bbox 3249 965 3532 1035; x_wconf 88' lang='lat' dir='ltr'><strong>accipitur.</strong></span> 
     </span>
    </p>
   </div>
   <div class='ocr_carea' id='block_1_69' title="bbox 1932 1031 3527 1120">
    <p class='ocr_par' dir='ltr' id='par_1_69' title="bbox 1932 1031 3527 1120">
     <span class='ocr_line' id='line_1_69' title="bbox 1932 1031 3527 1120; baseline 0.017 -37"><span class='ocrx_word' id='word_1_497' title='bbox 1932 1031 2065 1086; x_wconf 79' lang='lat' dir='ltr'><strong>Nam</strong></span> <span class='ocrx_word' id='word_1_498' title='bbox 2082 1035 2171 1101; x_wconf 92' lang='lat' dir='ltr'><strong>qui</strong></span> <span class='ocrx_word' id='word_1_499' title='bbox 2204 1044 2329 1092; x_wconf 91' lang='lat' dir='ltr'><strong>tunc</strong></span> <span class='ocrx_word' id='word_1_500' title='bbox 2351 1041 2731 1113; x_wconf 72' lang='lat' dir='ltr'><strong>praldicabant,</strong></span> <span class='ocrx_word' id='word_1_501' title='bbox 2761 1062 2869 1103; x_wconf 88' lang='lat' dir='ltr'><strong>non</strong></span> <span class='ocrx_word' id='word_1_502' title='bbox 2894 1061 3202 1120; x_wconf 89' lang='lat' dir='ltr'><strong>corruptam</strong></span> <span class='ocrx_word' id='word_1_503' title='bbox 3225 1031 3527 1112; x_wconf 76' lang='lat' dir='ltr'><strong>doctrinam</strong></span> 
     </span>
    </p>
   </div>
   <div class='ocr_carea' id='block_1_70' title="bbox 1932 1128 3536 1204">
    <p class='ocr_par' dir='ltr' id='par_1_70' title="bbox 1932 1128 3536 1204">
     <span class='ocr_line' id='line_1_70' title="bbox 1932 1128 3536 1204; baseline 0.017 -29"><span class='ocrx_word' id='word_1_504' title='bbox 1932 1128 2338 1190; x_wconf 76' lang='lat' dir='ltr'><strong>annuntiabant.</strong></span> <span class='ocrx_word' id='word_1_505' title='bbox 2366 1131 2462 1185; x_wconf 91' lang='lat' dir='ltr'><strong>sed</strong></span> <span class='ocrx_word' id='word_1_506' title='bbox 2495 1133 2652 1190; x_wconf 75' lang='lat' dir='ltr'><strong>{idem</strong></span> <span class='ocrx_word' id='word_1_507' title='bbox 2690 1151 2876 1194; x_wconf 86' lang='lat' dir='ltr'><strong>sanam</strong></span> <span class='ocrx_word' id='word_1_508' title='bbox 2905 1150 2960 1194; x_wconf 95' lang='lat' dir='ltr'><strong>et</strong></span> <span class='ocrx_word' id='word_1_509' title='bbox 2987 1153 3211 1198; x_wconf 80' lang='lat' dir='ltr'><strong>rectam.</strong></span> <span class='ocrx_word' id='word_1_510' title='bbox 3246 1146 3459 1203; x_wconf 84' lang='lat' dir='ltr'><strong>Etenim</strong></span> <span class='ocrx_word' id='word_1_511' title='bbox 3487 1149 3536 1204; x_wconf 88' lang='lat' dir='ltr'><strong>si</strong></span> 
     </span>
    </p>
   </div>
   <div class='ocr_carea' id='block_1_71' title="bbox 1929 1223 3531 1312">
    <p class='ocr_par' dir='ltr' id='par_1_71' title="bbox 1929 1223 3531 1312">
     <span class='ocr_line' id='line_1_71' title="bbox 1929 1223 3531 1312; baseline 0.018 -45"><span class='ocrx_word' id='word_1_512' title='bbox 1929 1227 2240 1285; x_wconf 84' lang='lat' dir='ltr'><strong>corruptam</strong></span> <span class='ocrx_word' id='word_1_513' title='bbox 2291 1223 2592 1279; x_wconf 89' lang='lat' dir='ltr'><strong>doctrinam</strong></span> <span class='ocrx_word' id='word_1_514' title='bbox 2646 1231 3048 1301; x_wconf 82' lang='lat' dir='ltr'><strong>praedicassent,</strong></span> <span class='ocrx_word' id='word_1_515' title='bbox 3088 1247 3141 1291; x_wconf 88' lang='lat' dir='ltr'><strong>et</strong></span> <span class='ocrx_word' id='word_1_516' title='bbox 3188 1240 3315 1308; x_wconf 86' lang='lat' dir='ltr'><strong>alia,</strong></span> <span class='ocrx_word' id='word_1_517' title='bbox 3369 1257 3531 1312; x_wconf 81' lang='lat' dir='ltr'><strong>quani</strong></span> 
     </span>
    </p>
   </div>
   <div class='ocr_carea' id='block_1_72' title="bbox 1935 1306 3529 1407">
    <p class='ocr_par' dir='ltr' id='par_1_72' title="bbox 1935 1306 3529 1407">
     <span class='ocr_line' id='line_1_72' title="bbox 1935 1306 3529 1407; baseline 0.021 -48"><span class='ocrx_word' id='word_1_518' title='bbox 1935 1306 2130 1364; x_wconf 86' lang='lat' dir='ltr'><strong>Paulus</strong></span> <span class='ocrx_word' id='word_1_519' title='bbox 2149 1311 2482 1382; x_wconf 89' lang='lat' dir='ltr'><strong>docuissent,</strong></span> <span class='ocrx_word' id='word_1_520' title='bbox 2521 1321 2830 1390; x_wconf 88' lang='lat' dir='ltr'><strong>neutiquam</strong></span> <span class='ocrx_word' id='word_1_521' title='bbox 2864 1325 2970 1380; x_wconf 87' lang='lat' dir='ltr'><strong>illis</strong></span> <span class='ocrx_word' id='word_1_522' title='bbox 2999 1330 3284 1388; x_wconf 85' lang='lat' dir='ltr'><strong>accidisset</strong></span> <span class='ocrx_word' id='word_1_523' title='bbox 3303 1335 3357 1390; x_wconf 91' lang='lat' dir='ltr'><strong>id</strong></span> <span class='ocrx_word' id='word_1_524' title='bbox 3389 1340 3529 1407; x_wconf 90' lang='lat' dir='ltr'><strong>quod</strong></span> 
     </span>
    </p>
   </div>
   <div class='ocr_carea' id='block_1_73' title="bbox 1930 1401 3528 1493">
    <p class='ocr_par' dir='ltr' id='par_1_73' title="bbox 1930 1401 3528 1493">
     <span class='ocr_line' id='line_1_73' title="bbox 1930 1401 3528 1493; baseline 0.019 -40"><span class='ocrx_word' id='word_1_525' title='bbox 1930 1401 2200 1457; x_wconf 62' lang='lat' dir='ltr'><strong>volebant.</strong></span> <span class='ocrx_word' id='word_1_526' title='bbox 2263 1407 2399 1474; x_wconf 88' lang='lat' dir='ltr'><strong>Quid</strong></span> <span class='ocrx_word' id='word_1_527' title='bbox 2459 1424 2636 1466; x_wconf 90' lang='lat' dir='ltr'><strong>autem</strong></span> <span class='ocrx_word' id='word_1_528' title='bbox 2705 1415 2993 1472; x_wconf 86' lang='lat' dir='ltr'><strong>volebant?</strong></span> <span class='ocrx_word' id='word_1_529' title='bbox 3044 1421 3114 1477; x_wconf 90' lang='lat' dir='ltr'><strong>Ut</strong></span> <span class='ocrx_word' id='word_1_530' title='bbox 3175 1437 3333 1481; x_wconf 85' lang='lat' dir='ltr'><strong>aucta</strong></span> <span class='ocrx_word' id='word_1_531' title='bbox 3383 1401 3528 1493; x_wconf 74' lang='lat' dir='ltr'><strong>fide,</strong></span> 
     </span>
    </p>
   </div>
   <div class='ocr_carea' id='block_1_74' title="bbox 1930 1496 3532 1587">
    <p class='ocr_par' dir='ltr' id='par_1_74' title="bbox 1930 1496 3532 1587">
     <span class='ocr_line' id='line_1_74' title="bbox 1930 1496 3532 1587; baseline 0.019 -40"><span class='ocrx_word' id='word_1_532' title='bbox 1930 1496 2221 1567; x_wconf 85' lang='lat' dir='ltr'><strong>multisque</strong></span> <span class='ocrx_word' id='word_1_533' title='bbox 2248 1501 2445 1556; x_wconf 87' lang='lat' dir='ltr'><strong>additis</strong></span> <span class='ocrx_word' id='word_1_534' title='bbox 2474 1504 2638 1559; x_wconf 88' lang='lat' dir='ltr'><strong>Paulo</strong></span> <span class='ocrx_word' id='word_1_535' title='bbox 2669 1507 2963 1578; x_wconf 89' lang='lat' dir='ltr'><strong>discipulis,</strong></span> <span class='ocrx_word' id='word_1_536' title='bbox 2991 1514 3062 1567; x_wconf 87' lang='lat' dir='ltr'><strong>ad</strong></span> <span class='ocrx_word' id='word_1_537' title='bbox 3092 1517 3265 1587; x_wconf 87' lang='lat' dir='ltr'><strong>majus</strong></span> <span class='ocrx_word' id='word_1_538' title='bbox 3297 1521 3532 1578; x_wconf 72' lang='lat' dir='ltr'><strong>inferen-</strong></span> 
     </span>
    </p>
   </div>
   <div class='ocr_carea' id='block_1_75' title="bbox 1928 1587 3533 1671">
    <p class='ocr_par' dir='ltr' id='par_1_75' title="bbox 1928 1587 3533 1671">
     <span class='ocr_line' id='line_1_75' title="bbox 1928 1587 3533 1671; baseline 0.021 -32"><span class='ocrx_word' id='word_1_539' title='bbox 1928 1587 2055 1641; x_wconf 91' lang='lat' dir='ltr'><strong>dum</strong></span> <span class='ocrx_word' id='word_1_540' title='bbox 2084 1589 2282 1644; x_wconf 89' lang='lat' dir='ltr'><strong>bellum</strong></span> <span class='ocrx_word' id='word_1_541' title='bbox 2309 1592 2577 1650; x_wconf 86' lang='lat' dir='ltr'><strong>Neronem</strong></span> <span class='ocrx_word' id='word_1_542' title='bbox 2617 1599 2936 1657; x_wconf 81' lang='lat' dir='ltr'><strong>excitarent.</strong></span> <span class='ocrx_word' id='word_1_543' title='bbox 2972 1607 3029 1660; x_wconf 86' lang='lat' dir='ltr'><strong>Si</strong></span> <span class='ocrx_word' id='word_1_544' title='bbox 3069 1618 3246 1664; x_wconf 89' lang='lat' dir='ltr'><strong>autem</strong></span> <span class='ocrx_word' id='word_1_545' title='bbox 3281 1613 3386 1669; x_wconf 83' lang='lat' dir='ltr'><strong>alia</strong></span> <span class='ocrx_word' id='word_1_546' title='bbox 3430 1619 3533 1671; x_wconf 86' lang='lat' dir='ltr'><strong>do-</strong></span> 
     </span>
    </p>
   </div>
   <div class='ocr_carea' id='block_1_76' title="bbox 1928 1685 3530 1761">
    <p class='ocr_par' dir='ltr' id='par_1_76' title="bbox 1928 1685 3530 1761">
     <span class='ocr_line' id='line_1_76' title="bbox 1928 1685 3530 1761; baseline 0.018 -28"><span class='ocrx_word' id='word_1_547' title='bbox 1928 1693 2106 1749; x_wconf 88' lang='lat' dir='ltr'><strong>gmata</strong></span> <span class='ocrx_word' id='word_1_548' title='bbox 2135 1685 2537 1753; x_wconf 71' lang='lat' dir='ltr'><strong>przedicassent,</strong></span> <span class='ocrx_word' id='word_1_549' title='bbox 2583 1706 2690 1746; x_wconf 90' lang='lat' dir='ltr'><strong>non</strong></span> <span class='ocrx_word' id='word_1_550' title='bbox 2743 1695 2944 1752; x_wconf 87' lang='lat' dir='ltr'><strong>inultos</strong></span> <span class='ocrx_word' id='word_1_551' title='bbox 2983 1697 3239 1757; x_wconf 71' lang='lat' dir='ltr'><strong>fecissent</strong></span> <span class='ocrx_word' id='word_1_552' title='bbox 3266 1704 3414 1760; x_wconf 81' lang='lat' dir='ltr'><strong>Pauli</strong></span> <span class='ocrx_word' id='word_1_553' title='bbox 3442 1708 3530 1761; x_wconf 79' lang='lat' dir='ltr'><strong>di-</strong></span> 
     </span>
    </p>
   </div>
   <div class='ocr_carea' id='block_1_77' title="bbox 1927 1773 3532 1870">
    <p class='ocr_par' dir='ltr' id='par_1_77' title="bbox 1927 1773 3532 1870">
     <span class='ocr_line' id='line_1_77' title="bbox 1927 1773 3532 1870; baseline 0.017 -43"><span class='ocrx_word' id='word_1_554' title='bbox 1927 1773 2166 1843; x_wconf 88' lang='lat' dir='ltr'><strong>scipulos</strong></span> <span class='ocrx_word' id='word_1_555' title='bbox 2195 1792 2210 1830; x_wconf 87' lang='lat'><strong>:</strong></span> <span class='ocrx_word' id='word_1_556' title='bbox 2242 1778 2288 1831; x_wconf 87' lang='lat' dir='ltr'><strong>si</strong></span> <span class='ocrx_word' id='word_1_557' title='bbox 2322 1795 2428 1833; x_wconf 89' lang='lat' dir='ltr'><strong>non</strong></span> <span class='ocrx_word' id='word_1_558' title='bbox 2463 1782 2736 1850; x_wconf 76' lang='lat' dir='ltr'><strong>iecissent,</strong></span> <span class='ocrx_word' id='word_1_559' title='bbox 2765 1801 2873 1841; x_wconf 89' lang='lat' dir='ltr'><strong>non</strong></span> <span class='ocrx_word' id='word_1_560' title='bbox 2904 1805 3314 1862; x_wconf 84' lang='lat' dir='ltr'><strong>exasperasscnt</strong></span> <span class='ocrx_word' id='word_1_561' title='bbox 3349 1808 3532 1870; x_wconf 81' lang='lat' dir='ltr'><strong>tyran-</strong></span> 
     </span>
    </p>
   </div>
   <div class='ocr_carea' id='block_1_78' title="bbox 1927 1868 3526 1963">
    <p class='ocr_par' dir='ltr' id='par_1_78' title="bbox 1927 1868 3526 1963">
     <span class='ocr_line' id='line_1_78' title="bbox 1927 1868 3526 1963; baseline 0.018 -44"><span class='ocrx_word' id='word_1_562' title='bbox 1927 1882 2076 1922; x_wconf 87' lang='lat' dir='ltr'><strong>num.</strong></span> <span class='ocrx_word' id='word_1_563' title='bbox 2105 1868 2222 1924; x_wconf 85' lang='lat' dir='ltr'><strong>Non</strong></span> <span class='ocrx_word' id='word_1_564' title='bbox 2265 1871 2393 1927; x_wconf 92' lang='lat' dir='ltr'><strong>illud</strong></span> <span class='ocrx_word' id='word_1_565' title='bbox 2421 1874 2600 1944; x_wconf 88' lang='lat' dir='ltr'><strong>itaque</strong></span> <span class='ocrx_word' id='word_1_566' title='bbox 2630 1877 2780 1940; x_wconf 88' lang='lat' dir='ltr'><strong>dicit,</strong></span> <span class='ocrx_word' id='word_1_567' title='bbox 2814 1884 2956 1951; x_wconf 90' lang='lat' dir='ltr'><strong>quod</strong></span> <span class='ocrx_word' id='word_1_568' title='bbox 2983 1899 3234 1958; x_wconf 89' lang='lat' dir='ltr'><strong>corrupta</strong></span> <span class='ocrx_word' id='word_1_569' title='bbox 3277 1868 3526 1963; x_wconf 76' lang='lat' dir='ltr'><strong>dogmata</strong></span> 
     </span>
    </p>
   </div>
   <div class='ocr_carea' id='block_1_79' title="bbox 1927 1955 3530 2051">
    <p class='ocr_par' dir='ltr' id='par_1_79' title="bbox 1927 1955 3530 2051">
     <span class='ocr_line' id='line_1_79' title="bbox 1927 1955 3530 2051; baseline 0.019 -41"><span class='ocrx_word' id='word_1_570' title='bbox 1927 1955 2244 2014; x_wconf 89' lang='lat' dir='ltr'><strong>inducerent</strong></span> <span class='ocrx_word' id='word_1_571' title='bbox 2273 1980 2287 2016; x_wconf 87' lang='lat'><strong>:</strong></span> <span class='ocrx_word' id='word_1_572' title='bbox 2316 1964 2411 2018; x_wconf 88' lang='lat' dir='ltr'><strong>sed</strong></span> <span class='ocrx_word' id='word_1_573' title='bbox 2441 1967 2585 2034; x_wconf 89' lang='lat' dir='ltr'><strong>quod</strong></span> <span class='ocrx_word' id='word_1_574' title='bbox 2625 1985 2786 2024; x_wconf 89' lang='lat' dir='ltr'><strong>causa</strong></span> <span class='ocrx_word' id='word_1_575' title='bbox 2835 1985 3052 2044; x_wconf 84' lang='lat' dir='ltr'><strong>propter</strong></span> <span class='ocrx_word' id='word_1_576' title='bbox 3077 1955 3238 2047; x_wconf 80' lang='lat' dir='ltr'><strong>quam</strong></span> <span class='ocrx_word' id='word_1_577' title='bbox 3269 1955 3530 2051; x_wconf 56' lang='lat' dir='ltr'><strong>praedica-</strong></span> 
     </span>
    </p>
   </div>
   <div class='ocr_carea' id='block_1_80' title="bbox 1927 2047 3525 2141">
    <p class='ocr_par' dir='ltr' id='par_1_80' title="bbox 1927 2047 3525 2141">
     <span class='ocr_line' id='line_1_80' title="bbox 1927 2047 3525 2141; baseline 0.021 -41"><span class='ocrx_word' id='word_1_578' title='bbox 1927 2047 2077 2114; x_wconf 90' lang='lat' dir='ltr'><strong>bant,</strong></span> <span class='ocrx_word' id='word_1_579' title='bbox 2114 2053 2303 2109; x_wconf 83' lang='lat' dir='ltr'><strong>vitiosa</strong></span> <span class='ocrx_word' id='word_1_580' title='bbox 2351 2067 2516 2112; x_wconf 87' lang='lat' dir='ltr'><strong>esset.</strong></span> <span class='ocrx_word' id='word_1_581' title='bbox 2563 2060 2722 2116; x_wconf 80' lang='lat' dir='ltr'><strong>Aliud</strong></span> <span class='ocrx_word' id='word_1_582' title='bbox 2750 2065 2948 2134; x_wconf 91' lang='lat' dir='ltr'><strong>quippe</strong></span> <span class='ocrx_word' id='word_1_583' title='bbox 2995 2081 3079 2123; x_wconf 87' lang='lat' dir='ltr'><strong>est</strong></span> <span class='ocrx_word' id='word_1_584' title='bbox 3124 2047 3525 2141; x_wconf 72' lang='lat' dir='ltr'><strong>prmdicationis</strong></span> 
     </span>
    </p>
   </div>
   <div class='ocr_carea' id='block_1_81' title="bbox 1923 2145 3526 2230">
    <p class='ocr_par' dir='ltr' id='par_1_81' title="bbox 1923 2145 3526 2230">
     <span class='ocr_line' id='line_1_81' title="bbox 1923 2145 3526 2230; baseline 0.021 -38"><span class='ocrx_word' id='word_1_585' title='bbox 1923 2154 2140 2196; x_wconf 87' lang='lat' dir='ltr'><strong>causam</strong></span> <span class='ocrx_word' id='word_1_586' title='bbox 2189 2145 2392 2213; x_wconf 89' lang='lat' dir='ltr'><strong>dicere,</strong></span> <span class='ocrx_word' id='word_1_587' title='bbox 2431 2160 2484 2204; x_wconf 87' lang='lat' dir='ltr'><strong>et</strong></span> <span class='ocrx_word' id='word_1_588' title='bbox 2521 2151 2664 2207; x_wconf 88' lang='lat' dir='ltr'><strong>aliud</strong></span> <span class='ocrx_word' id='word_1_589' title='bbox 2709 2155 2892 2213; x_wconf 78' lang='lat' dir='ltr'><strong>dicere</strong></span> <span class='ocrx_word' id='word_1_590' title='bbox 2939 2162 3378 2230; x_wconf 81' lang='lat' dir='ltr'><strong>praedicationem</strong></span> <span class='ocrx_word' id='word_1_591' title='bbox 3419 2188 3526 2225; x_wconf 81' lang='lat' dir='ltr'><strong>nun</strong></span> 
     </span>
    </p>
   </div>
   <div class='ocr_carea' id='block_1_82' title="bbox 1922 2236 3521 2326">
    <p class='ocr_par' dir='ltr' id='par_1_82' title="bbox 1922 2236 3521 2326">
     <span class='ocr_line' id='line_1_82' title="bbox 1922 2236 3521 2326; baseline 0.021 -43"><span class='ocrx_word' id='word_1_592' title='bbox 1922 2244 2107 2285; x_wconf 76' lang='lat' dir='ltr'><strong>Sanam</strong></span> <span class='ocrx_word' id='word_1_593' title='bbox 2138 2248 2280 2289; x_wconf 90' lang='lat' dir='ltr'><strong>esse.</strong></span> <span class='ocrx_word' id='word_1_594' title='bbox 2317 2236 2466 2294; x_wconf 88' lang='lat' dir='ltr'><strong>Tunc</strong></span> <span class='ocrx_word' id='word_1_595' title='bbox 2504 2243 2649 2298; x_wconf 91' lang='lat' dir='ltr'><strong>enim</strong></span> <span class='ocrx_word' id='word_1_596' title='bbox 2679 2245 2922 2304; x_wconf 90' lang='lat' dir='ltr'><strong>doctrina</strong></span> <span class='ocrx_word' id='word_1_597' title='bbox 2957 2269 3061 2307; x_wconf 90' lang='lat' dir='ltr'><strong>non</strong></span> <span class='ocrx_word' id='word_1_598' title='bbox 3089 2265 3172 2310; x_wconf 87' lang='lat' dir='ltr'><strong>est</strong></span> <span class='ocrx_word' id='word_1_599' title='bbox 3215 2273 3366 2326; x_wconf 88' lang='lat' dir='ltr'><strong>sana,</strong></span> <span class='ocrx_word' id='word_1_600' title='bbox 3398 2279 3521 2317; x_wconf 88' lang='lat' dir='ltr'><strong>cum</strong></span> 
     </span>
    </p>
   </div>
   <div class='ocr_carea' id='block_1_83' title="bbox 1921 2321 3522 2410">
    <p class='ocr_par' dir='ltr' id='par_1_83' title="bbox 1921 2321 3522 2410">
     <span class='ocr_line' id='line_1_83' title="bbox 1921 2321 3522 2410; baseline 0.022 -36"><span class='ocrx_word' id='word_1_601' title='bbox 1921 2321 2168 2392; x_wconf 86' lang='lat' dir='ltr'><strong>dogmata</strong></span> <span class='ocrx_word' id='word_1_602' title='bbox 2213 2343 2399 2386; x_wconf 91' lang='lat' dir='ltr'><strong>errore</strong></span> <span class='ocrx_word' id='word_1_603' title='bbox 2441 2333 2598 2402; x_wconf 84' lang='lat' dir='ltr'><strong>plena</strong></span> <span class='ocrx_word' id='word_1_604' title='bbox 2641 2349 2803 2404; x_wconf 86' lang='lat' dir='ltr'><strong>sunt;</strong></span> <span class='ocrx_word' id='word_1_605' title='bbox 2848 2346 3062 2400; x_wconf 84' lang='lat' dir='ltr'><strong>occasio</strong></span> <span class='ocrx_word' id='word_1_606' title='bbox 3087 2359 3402 2407; x_wconf 86' lang='lat' dir='ltr'><strong>autemnon</strong></span> <span class='ocrx_word' id='word_1_607' title='bbox 3440 2368 3522 2410; x_wconf 78' lang='lat' dir='ltr'><strong>est</strong></span> 
     </span>
    </p>
   </div>
   <div class='ocr_carea' id='block_1_84' title="bbox 1919 2422 3519 2516">
    <p class='ocr_par' dir='ltr' id='par_1_84' title="bbox 1919 2422 3519 2516">
     <span class='ocr_line' id='line_1_84' title="bbox 1919 2422 3519 2516; baseline 0.022 -48"><span class='ocrx_word' id='word_1_608' title='bbox 1919 2429 2070 2483; x_wconf 85' lang='lat' dir='ltr'><strong>sana,</strong></span> <span class='ocrx_word' id='word_1_609' title='bbox 2096 2434 2218 2474; x_wconf 91' lang='lat' dir='ltr'><strong>cum</strong></span> <span class='ocrx_word' id='word_1_610' title='bbox 2246 2422 2490 2479; x_wconf 89' lang='lat' dir='ltr'><strong>doctrina</strong></span> <span class='ocrx_word' id='word_1_611' title='bbox 2521 2432 2736 2497; x_wconf 80' lang='lat' dir='ltr'><strong>quidem</strong></span> <span class='ocrx_word' id='word_1_612' title='bbox 2768 2451 2895 2490; x_wconf 81' lang='lat' dir='ltr'><strong>sana</strong></span> <span class='ocrx_word' id='word_1_613' title='bbox 2919 2448 3020 2505; x_wconf 89' lang='lat' dir='ltr'><strong>est,</strong></span> <span class='ocrx_word' id='word_1_614' title='bbox 3053 2443 3144 2512; x_wconf 86' lang='lat' dir='ltr'><strong>qui</strong></span> <span class='ocrx_word' id='word_1_615' title='bbox 3174 2459 3299 2500; x_wconf 88' lang='lat' dir='ltr'><strong>vero</strong></span> <span class='ocrx_word' id='word_1_616' title='bbox 3324 2451 3519 2516; x_wconf 74' lang='lat' dir='ltr'><strong>prtedi-</strong></span> 
     </span>
    </p>
   </div>
   <div class='ocr_carea' id='block_1_85' title="bbox 1919 2517 3521 2610">
    <p class='ocr_par' dir='ltr' id='par_1_85' title="bbox 1919 2517 3521 2610">
     <span class='ocr_line' id='line_1_85' title="bbox 1919 2517 3521 2610; baseline 0.023 -50"><span class='ocrx_word' id='word_1_617' title='bbox 1919 2519 2064 2576; x_wconf 91' lang='lat' dir='ltr'><strong>cant,</strong></span> <span class='ocrx_word' id='word_1_618' title='bbox 2101 2517 2205 2566; x_wconf 80' lang='lat' dir='ltr'><strong>non</strong></span> <span class='ocrx_word' id='word_1_619' title='bbox 2242 2529 2460 2586; x_wconf 86' lang='lat' dir='ltr'><strong>propter</strong></span> <span class='ocrx_word' id='word_1_620' title='bbox 2492 2520 2659 2577; x_wconf 86' lang='lat' dir='ltr'><strong>Deum</strong></span> <span class='ocrx_word' id='word_1_621' title='bbox 2703 2527 3016 2596; x_wconf 65' lang='lat' dir='ltr'><strong>pra-dicant,</strong></span> <span class='ocrx_word' id='word_1_622' title='bbox 3060 2533 3155 2589; x_wconf 87' lang='lat' dir='ltr'><strong>sed</strong></span> <span class='ocrx_word' id='word_1_623' title='bbox 3181 2547 3274 2591; x_wconf 86' lang='lat' dir='ltr'><strong>aut</strong></span> <span class='ocrx_word' id='word_1_624' title='bbox 3302 2551 3521 2610; x_wconf 84' lang='lat' dir='ltr'><strong>propter</strong></span> 
     </span>
    </p>
   </div>
   <div class='ocr_carea' id='block_1_86' title="bbox 1919 2601 3015 2690">
    <p class='ocr_par' dir='ltr' id='par_1_86' title="bbox 1919 2601 3015 2690">
     <span class='ocr_line' id='line_1_86' title="bbox 1919 2601 3015 2690; baseline 0.022 -36"><span class='ocrx_word' id='word_1_625' title='bbox 1919 2601 2271 2673; x_wconf 87' lang='lat' dir='ltr'><strong>inimicitiam,</strong></span> <span class='ocrx_word' id='word_1_626' title='bbox 2303 2612 2387 2664; x_wconf 84' lang='lat' dir='ltr'><strong>vel</strong></span> <span class='ocrx_word' id='word_1_627' title='bbox 2415 2612 2480 2666; x_wconf 89' lang='lat' dir='ltr'><strong>ad</strong></span> <span class='ocrx_word' id='word_1_628' title='bbox 2511 2613 2740 2671; x_wconf 89' lang='lat' dir='ltr'><strong>aliorum</strong></span> <span class='ocrx_word' id='word_1_629' title='bbox 2771 2622 3015 2690; x_wconf 88' lang='lat' dir='ltr'><strong>gratiam.</strong></span> 
     </span>
    </p>
   </div>
   <div class='ocr_carea' id='block_1_87' title="bbox 1991 2695 3518 2788">
    <p class='ocr_par' dir='ltr' id='par_1_87' title="bbox 1991 2695 3518 2788">
     <span class='ocr_line' id='line_1_87' title="bbox 1991 2695 3518 2788; baseline 0.022 -41"><span class='ocrx_word' id='word_1_630' title='bbox 1991 2695 2080 2748; x_wconf 80' lang='grc'><strong>10.</strong></span> <span class='ocrx_word' id='word_1_631' title='bbox 2110 2695 2224 2751; x_wconf 84' lang='lat' dir='ltr'><strong>Non</strong></span> <span class='ocrx_word' id='word_1_632' title='bbox 2266 2700 2445 2771; x_wconf 85' lang='lat' dir='ltr'><strong>itaque</strong></span> <span class='ocrx_word' id='word_1_633' title='bbox 2473 2703 2605 2761; x_wconf 91' lang='lat' dir='ltr'><strong>dicit</strong></span> <span class='ocrx_word' id='word_1_634' title='bbox 2656 2723 2751 2765; x_wconf 84' lang='lat' dir='ltr'><strong>eos</strong></span> <span class='ocrx_word' id='word_1_635' title='bbox 2790 2710 3025 2771; x_wconf 73' lang='lat' dir='ltr'><strong>limreses</strong></span> <span class='ocrx_word' id='word_1_636' title='bbox 3071 2718 3368 2788; x_wconf 79' lang='lat' dir='ltr'><strong>induxisse,</strong></span> <span class='ocrx_word' id='word_1_637' title='bbox 3423 2727 3518 2781; x_wconf 82' lang='lat' dir='ltr'><strong>scd</strong></span> 
     </span>
    </p>
   </div>
   <div class='ocr_carea' id='block_1_88' title="bbox 1917 2793 3518 2882">
    <p class='ocr_par' dir='ltr' id='par_1_88' title="bbox 1917 2793 3518 2882">
     <span class='ocr_line' id='line_1_88' title="bbox 1917 2793 3518 2882; baseline 0.021 -45"><span class='ocrx_word' id='word_1_638' title='bbox 1917 2801 2022 2839; x_wconf 89' lang='lat' dir='ltr'><strong>non</strong></span> <span class='ocrx_word' id='word_1_639' title='bbox 2049 2798 2195 2842; x_wconf 89' lang='lat' dir='ltr'><strong>recta</strong></span> <span class='ocrx_word' id='word_1_640' title='bbox 2216 2793 2520 2860; x_wconf 86' lang='lat' dir='ltr'><strong>occasione,</strong></span> <span class='ocrx_word' id='word_1_641' title='bbox 2547 2813 2648 2853; x_wconf 92' lang='lat' dir='ltr'><strong>nec</strong></span> <span class='ocrx_word' id='word_1_642' title='bbox 2685 2801 2896 2869; x_wconf 89' lang='lat' dir='ltr'><strong>pictatis</strong></span> <span class='ocrx_word' id='word_1_643' title='bbox 2916 2821 3075 2862; x_wconf 87' lang='lat' dir='ltr'><strong>causa</strong></span> <span class='ocrx_word' id='word_1_644' title='bbox 3115 2809 3166 2865; x_wconf 91' lang='lat' dir='ltr'><strong>id</strong></span> <span class='ocrx_word' id='word_1_645' title='bbox 3197 2815 3518 2882; x_wconf 69' lang='lat' dir='ltr'><strong>prmdicassu</strong></span> 
     </span>
    </p>
   </div>
   <div class='ocr_carea' id='block_1_89' title="bbox 1914 2880 3517 2975">
    <p class='ocr_par' dir='ltr' id='par_1_89' title="bbox 1914 2880 3517 2975">
     <span class='ocr_line' id='line_1_89' title="bbox 1914 2880 3517 2975; baseline 0.022 -46"><span class='ocrx_word' id='word_1_646' title='bbox 1914 2880 2056 2946; x_wconf 87' lang='lat' dir='ltr'><strong>quod</strong></span> <span class='ocrx_word' id='word_1_647' title='bbox 2087 2883 2466 2950; x_wconf 65' lang='lat' dir='ltr'><strong>praldicabant.</strong></span> <span class='ocrx_word' id='word_1_648' title='bbox 2503 2887 2556 2943; x_wconf 92' lang='lat' dir='ltr'><strong>Id</strong></span> <span class='ocrx_word' id='word_1_649' title='bbox 2599 2892 2797 2962; x_wconf 80' lang='lat' dir='ltr'><strong>quippe</strong></span> <span class='ocrx_word' id='word_1_650' title='bbox 2852 2913 2956 2952; x_wconf 91' lang='lat' dir='ltr'><strong>non</strong></span> <span class='ocrx_word' id='word_1_651' title='bbox 2995 2901 3116 2957; x_wconf 88' lang='lat' dir='ltr'><strong>ideo</strong></span> <span class='ocrx_word' id='word_1_652' title='bbox 3163 2880 3409 2975; x_wconf 79' lang='lat' dir='ltr'><strong>agebant,</strong></span> <span class='ocrx_word' id='word_1_653' title='bbox 3463 2924 3517 2964; x_wconf 90' lang='lat' dir='ltr'><strong>ut</strong></span> 
     </span>
    </p>
   </div>
   <div class='ocr_carea' id='block_1_90' title="bbox 1913 2974 3514 3069">
    <p class='ocr_par' dir='ltr' id='par_1_90' title="bbox 1913 2974 3514 3069">
     <span class='ocr_line' id='line_1_90' title="bbox 1913 2974 3514 3069; baseline 0.024 -49"><span class='ocrx_word' id='word_1_654' title='bbox 1913 2974 2244 3042; x_wconf 73' lang='lat' dir='ltr'><strong>evangelium</strong></span> <span class='ocrx_word' id='word_1_655' title='bbox 2271 2992 2548 3047; x_wconf 82' lang='lat' dir='ltr'><strong>angerent,</strong></span> <span class='ocrx_word' id='word_1_656' title='bbox 2589 2986 2684 3039; x_wconf 89' lang='lat' dir='ltr'><strong>sed</strong></span> <span class='ocrx_word' id='word_1_657' title='bbox 2741 2997 2798 3042; x_wconf 74' lang='lat' dir='ltr'><strong>ut</strong></span> <span class='ocrx_word' id='word_1_658' title='bbox 2849 2991 2979 3046; x_wconf 77' lang='lat' dir='ltr'><strong>.llud</strong></span> <span class='ocrx_word' id='word_1_659' title='bbox 3021 2974 3413 3069; x_wconf 83' lang='lat' dir='ltr'><strong>impugnarent,</strong></span> <span class='ocrx_word' id='word_1_660' title='bbox 3463 3017 3514 3058; x_wconf 90' lang='lat' dir='ltr'><strong>et</strong></span> 
     </span>
    </p>
   </div>
   <div class='ocr_carea' id='block_1_91' title="bbox 1913 3064 3510 3149">
    <p class='ocr_par' dir='ltr' id='par_1_91' title="bbox 1913 3064 3510 3149">
     <span class='ocr_line' id='line_1_91' title="bbox 1913 3064 3510 3149; baseline 0.021 -34"><span class='ocrx_word' id='word_1_661' title='bbox 1913 3064 1963 3115; x_wconf 89' lang='lat' dir='ltr'><strong>in</strong></span> <span class='ocrx_word' id='word_1_662' title='bbox 1995 3067 2208 3133; x_wconf 82' lang='lat' dir='ltr'><strong>gravius</strong></span> <span class='ocrx_word' id='word_1_663' title='bbox 2236 3070 2526 3136; x_wconf 89' lang='lat' dir='ltr'><strong>periculum</strong></span> <span class='ocrx_word' id='word_1_664' title='bbox 2558 3077 2924 3146; x_wconf 85' lang='lat' dir='ltr'><strong>conjicercnt:</strong></span> <span class='ocrx_word' id='word_1_665' title='bbox 2952 3084 3073 3139; x_wconf 90' lang='lat' dir='ltr'><strong>ideo</strong></span> <span class='ocrx_word' id='word_1_666' title='bbox 3098 3064 3244 3142; x_wconf 18' lang='lat' dir='ltr'><strong>Villos</strong></span> <span class='ocrx_word' id='word_1_667' title='bbox 3284 3092 3510 3149; x_wconf 81' lang='lat' dir='ltr'><strong>incusat.</strong></span> 
     </span>
    </p>
   </div>
   <div class='ocr_carea' id='block_1_92' title="bbox 1913 3156 3505 3248">
    <p class='ocr_par' dir='ltr' id='par_1_92' title="bbox 1913 3156 3505 3248">
     <span class='ocr_line' id='line_1_92' title="bbox 1913 3156 3505 3248; baseline 0.021 -41"><span class='ocrx_word' id='word_1_668' title='bbox 1913 3156 1977 3208; x_wconf 79' lang='lat' dir='ltr'><strong>L&#39;t</strong></span> <span class='ocrx_word' id='word_1_669' title='bbox 2019 3157 2138 3211; x_wconf 87' lang='lat' dir='ltr'><strong>vide</strong></span> <span class='ocrx_word' id='word_1_670' title='bbox 2186 3175 2342 3228; x_wconf 88' lang='lat' dir='ltr'><strong>quam</strong></span> <span class='ocrx_word' id='word_1_671' title='bbox 2376 3176 2625 3221; x_wconf 85' lang='lat' dir='ltr'><strong>accurate</strong></span> <span class='ocrx_word' id='word_1_672' title='bbox 2653 3169 2778 3222; x_wconf 91' lang='lat' dir='ltr'><strong>illud</strong></span> <span class='ocrx_word' id='word_1_673' title='bbox 2823 3173 3094 3240; x_wconf 75' lang='lat' dir='ltr'><strong>proferat:</strong></span> <span class='ocrx_word' id='word_1_674' title='bbox 3120 3178 3505 3248; x_wconf 74' lang='lat' dir='ltr'><strong>Existimanlcs.</strong></span> 
     </span>
    </p>
   </div>
   <div class='ocr_carea' id='block_1_93' title="bbox 1909 3246 3505 3349">
    <p class='ocr_par' dir='ltr' id='par_1_93' title="bbox 1909 3246 3505 3349">
     <span class='ocr_line' id='line_1_93' title="bbox 1909 3246 3505 3349; baseline 0.021 -49"><span class='ocrx_word' id='word_1_675' title='bbox 1909 3246 2100 3316; x_wconf 88' lang='lat' dir='ltr'><strong>inquit,</strong></span> <span class='ocrx_word' id='word_1_676' title='bbox 2115 3265 2170 3303; x_wconf 85' lang='lat' dir='ltr'><strong>se</strong></span> <span class='ocrx_word' id='word_1_677' title='bbox 2187 3268 2476 3321; x_wconf 85' lang='lat' dir='ltr'><strong>pressuram</strong></span> <span class='ocrx_word' id='word_1_678' title='bbox 2495 3256 2683 3327; x_wconf 78' lang='lat' dir='ltr'><strong>inferre</strong></span> <span class='ocrx_word' id='word_1_679' title='bbox 2700 3261 2910 3316; x_wconf 78' lang='lat' dir='ltr'><strong>vinculis</strong></span> <span class='ocrx_word' id='word_1_680' title='bbox 2929 3267 3047 3320; x_wconf 85' lang='lat' dir='ltr'><strong>meis</strong></span> <span class='ocrx_word' id='word_1_681' title='bbox 3066 3267 3355 3344; x_wconf 72' lang='lat' dir='ltr'><strong>(PliilippJ</strong></span> <span class='ocrx_word' id='word_1_682' title='bbox 3371 3246 3505 3349; x_wconf 66' lang='lat'><strong>.17).</strong></span> 
     </span>
    </p>
   </div>
   <div class='ocr_carea' id='block_1_94' title="bbox 1907 3343 3510 3440">
    <p class='ocr_par' dir='ltr' id='par_1_94' title="bbox 1907 3343 3510 3440">
     <span class='ocr_line' id='line_1_94' title="bbox 1907 3343 3510 3440; baseline 0.019 -44"><span class='ocrx_word' id='word_1_683' title='bbox 1907 3343 2022 3398; x_wconf 79' lang='lat' dir='ltr'><strong>Non</strong></span> <span class='ocrx_word' id='word_1_684' title='bbox 2052 3345 2205 3412; x_wconf 77' lang='lat' dir='ltr'><strong>dixit,</strong></span> <span class='ocrx_word' id='word_1_685' title='bbox 2237 3348 2560 3418; x_wconf 75' lang='lat' dir='ltr'><strong>inferentes;</strong></span> <span class='ocrx_word' id='word_1_686' title='bbox 2597 3354 2691 3408; x_wconf 90' lang='lat' dir='ltr'><strong>sed</strong></span> <span class='ocrx_word' id='word_1_687' title='bbox 2712 3395 2728 3422; x_wconf 91' lang='lat'><strong>,</strong></span> <span class='ocrx_word' id='word_1_688' title='bbox 2785 3356 3149 3417; x_wconf 77' lang='lat' dir='ltr'><strong>Existimantes</strong></span> <span class='ocrx_word' id='word_1_689' title='bbox 3195 3384 3249 3419; x_wconf 89' lang='lat' dir='ltr'><strong>se</strong></span> <span class='ocrx_word' id='word_1_690' title='bbox 3287 3370 3510 3440; x_wconf 77' lang='lat' dir='ltr'><strong>inferre;</strong></span> 
     </span>
    </p>
   </div>
   <div class='ocr_carea' id='block_1_95' title="bbox 1906 3436 3504 3517">
    <p class='ocr_par' dir='ltr' id='par_1_95' title="bbox 1906 3436 3504 3517">
     <span class='ocr_line' id='line_1_95' title="bbox 1906 3436 3504 3517; baseline 0.017 -26"><span class='ocrx_word' id='word_1_691' title='bbox 1906 3436 1958 3491; x_wconf 89' lang='lat' dir='ltr'><strong>id</strong></span> <span class='ocrx_word' id='word_1_692' title='bbox 2003 3448 2105 3505; x_wconf 91' lang='lat' dir='ltr'><strong>est,</strong></span> <span class='ocrx_word' id='word_1_693' title='bbox 2139 3441 2458 3498; x_wconf 84' lang='lat' dir='ltr'><strong>arbitrantes</strong></span> <span class='ocrx_word' id='word_1_694' title='bbox 2489 3460 2502 3498; x_wconf 91' lang='lat'>:</span> <span class='ocrx_word' id='word_1_695' title='bbox 2531 3447 2840 3514; x_wconf 87' lang='lat' dir='ltr'><strong>ostendens,</strong></span> <span class='ocrx_word' id='word_1_696' title='bbox 2875 3452 3082 3508; x_wconf 82' lang='lat' dir='ltr'><strong>etiamsi</strong></span> <span class='ocrx_word' id='word_1_697' title='bbox 3129 3457 3202 3510; x_wconf 91' lang='lat' dir='ltr'><strong>illi</strong></span> <span class='ocrx_word' id='word_1_698' title='bbox 3231 3460 3308 3514; x_wconf 90' lang='lat' dir='ltr'><strong>sic</strong></span> <span class='ocrx_word' id='word_1_699' title='bbox 3342 3436 3504 3517; x_wconf 74' lang='lat' dir='ltr'><strong>arbi-</strong></span> 
     </span>
    </p>
   </div>
   <div class='ocr_carea' id='block_1_96' title="bbox 1906 3540 3502 3626">
    <p class='ocr_par' dir='ltr' id='par_1_96' title="bbox 1906 3540 3502 3626">
     <span class='ocr_line' id='line_1_96' title="bbox 1906 3540 3502 3626; baseline 0.017 -41"><span class='ocrx_word' id='word_1_700' title='bbox 1906 3540 2193 3601; x_wconf 87' lang='lat' dir='ltr'><strong>trarentur,</strong></span> <span class='ocrx_word' id='word_1_701' title='bbox 2226 3551 2285 3590; x_wconf 92' lang='lat' dir='ltr'><strong>se</strong></span> <span class='ocrx_word' id='word_1_702' title='bbox 2321 3546 2497 3594; x_wconf 89' lang='lat' dir='ltr'><strong>tamen</strong></span> <span class='ocrx_word' id='word_1_703' title='bbox 2526 3555 2632 3596; x_wconf 92' lang='lat' dir='ltr'><strong>non</strong></span> <span class='ocrx_word' id='word_1_704' title='bbox 2677 3543 2747 3598; x_wconf 88' lang='lat' dir='ltr'><strong>ita</strong></span> <span class='ocrx_word' id='word_1_705' title='bbox 2781 3545 3029 3602; x_wconf 64' lang='lat' dir='ltr'><strong>affectum</strong></span> <span class='ocrx_word' id='word_1_706' title='bbox 3058 3566 3210 3617; x_wconf 88' lang='lat' dir='ltr'><strong>esse;</strong></span> <span class='ocrx_word' id='word_1_707' title='bbox 3243 3555 3502 3626; x_wconf 70' lang='lat' dir='ltr'><strong>inuigan-</strong></span> 
     </span>
    </p>
   </div>
   <div class='ocr_carea' id='block_1_97' title="bbox 1903 3625 3504 3716">
    <p class='ocr_par' dir='ltr' id='par_1_97' title="bbox 1903 3625 3504 3716">
     <span class='ocr_line' id='line_1_97' title="bbox 1903 3625 3504 3716; baseline 0.017 -38"><span class='ocrx_word' id='word_1_708' title='bbox 1903 3625 2033 3682; x_wconf 88' lang='lat' dir='ltr'><strong>dcre</strong></span> <span class='ocrx_word' id='word_1_709' title='bbox 2063 3626 2132 3682; x_wconf 91' lang='lat' dir='ltr'><strong>de</strong></span> <span class='ocrx_word' id='word_1_710' title='bbox 2165 3631 2560 3696; x_wconf 82' lang='lat' dir='ltr'><strong>praedicationis</strong></span> <span class='ocrx_word' id='word_1_711' title='bbox 2601 3635 2953 3693; x_wconf 84' lang='lat' dir='ltr'><strong>incremento.</strong></span> <span class='ocrx_word' id='word_1_712' title='bbox 3001 3643 3209 3712; x_wconf 78' lang='lat' dir='ltr'><strong>Adiecit</strong></span> <span class='ocrx_word' id='word_1_713' title='bbox 3248 3625 3385 3716; x_wconf 82' lang='lat' dir='ltr'><strong>ergo</strong></span> <span class='ocrx_word' id='word_1_714' title='bbox 3418 3651 3504 3704; x_wconf 83' lang='lat' dir='ltr'><strong>di-</strong></span> 
     </span>
    </p>
   </div>
   <div class='ocr_carea' id='block_1_98' title="bbox 1902 3719 3500 3810">
    <p class='ocr_par' dir='ltr' id='par_1_98' title="bbox 1902 3719 3500 3810">
     <span class='ocr_line' id='line_1_98' title="bbox 1902 3719 3500 3810; baseline 0.015 -39"><span class='ocrx_word' id='word_1_715' title='bbox 1902 3732 2029 3776; x_wconf 80' lang='lat' dir='ltr'><strong>cens</strong></span> <span class='ocrx_word' id='word_1_716' title='bbox 2064 3737 2076 3773; x_wconf 93' lang='lat'><strong>:</strong></span> <span class='ocrx_word' id='word_1_717' title='bbox 2111 3719 2219 3775; x_wconf 84' lang='lat' dir='ltr'><strong>Sed</strong></span> <span class='ocrx_word' id='word_1_718' title='bbox 2239 3732 2284 3776; x_wconf 83' lang='lat' dir='ltr'><strong>et</strong></span> <span class='ocrx_word' id='word_1_719' title='bbox 2310 3723 2361 3775; x_wconf 82' lang='lat' dir='ltr'><strong>in</strong></span> <span class='ocrx_word' id='word_1_720' title='bbox 2408 3725 2502 3778; x_wconf 82' lang='lat' dir='ltr'><strong>hoc</strong></span> <span class='ocrx_word' id='word_1_721' title='bbox 2547 3727 2763 3796; x_wconf 84' lang='lat' dir='ltr'><strong>gaudeo,</strong></span> <span class='ocrx_word' id='word_1_722' title='bbox 2806 3742 2853 3784; x_wconf 84' lang='lat' dir='ltr'><strong>et</strong></span> <span class='ocrx_word' id='word_1_723' title='bbox 2885 3733 3112 3801; x_wconf 77' lang='lat' dir='ltr'><strong>gaudebo</strong></span> <span class='ocrx_word' id='word_1_724' title='bbox 3140 3734 3262 3806; x_wconf 79' lang='lat' dir='ltr'><strong>(Ib.</strong></span> <span class='ocrx_word' id='word_1_725' title='bbox 3285 3755 3330 3790; x_wconf 86' lang='grc' dir='ltr'><strong>υ.</strong></span> <span class='ocrx_word' id='word_1_726' title='bbox 3372 3741 3438 3795; x_wconf 79' lang='grc'><strong>18</strong></span> <span class='ocrx_word' id='word_1_727' title='bbox 3459 3741 3500 3810; x_wconf 92' lang='grc'><strong>).</strong></span> 
     </span>
    </p>
   </div>
   <div class='ocr_carea' id='block_1_99' title="bbox 1899 3808 3502 3888">
    <p class='ocr_par' dir='ltr' id='par_1_99' title="bbox 1899 3808 3502 3888">
     <span class='ocr_line' id='line_1_99' title="bbox 1899 3808 3502 3888; baseline 0.015 -25"><span class='ocrx_word' id='word_1_728' title='bbox 1899 3808 1954 3864; x_wconf 90' lang='lat' dir='ltr'><strong>Si</strong></span> <span class='ocrx_word' id='word_1_729' title='bbox 1981 3819 2158 3865; x_wconf 86' lang='lat' dir='ltr'><strong>autem</strong></span> <span class='ocrx_word' id='word_1_730' title='bbox 2197 3827 2350 3866; x_wconf 89' lang='lat' dir='ltr'><strong>error</strong></span> <span class='ocrx_word' id='word_1_731' title='bbox 2380 3813 2564 3870; x_wconf 82' lang='lat' dir='ltr'><strong>fuisset</strong></span> <span class='ocrx_word' id='word_1_732' title='bbox 2593 3819 2643 3871; x_wconf 92' lang='lat' dir='ltr'><strong>in</strong></span> <span class='ocrx_word' id='word_1_733' title='bbox 2672 3819 3028 3888; x_wconf 84' lang='lat' dir='ltr'><strong>dogmatibus,</strong></span> <span class='ocrx_word' id='word_1_734' title='bbox 3057 3835 3111 3878; x_wconf 88' lang='lat' dir='ltr'><strong>et</strong></span> <span class='ocrx_word' id='word_1_735' title='bbox 3154 3827 3226 3880; x_wconf 92' lang='lat' dir='ltr'><strong>illi</strong></span> <span class='ocrx_word' id='word_1_736' title='bbox 3268 3808 3502 3886; x_wconf 76' lang='lat' dir='ltr'><strong>haereses</strong></span> 
     </span>
    </p>
   </div>
   <div class='ocr_carea' id='block_1_100' title="bbox 1899 3902 3501 3987">
    <p class='ocr_par' dir='ltr' id='par_1_100' title="bbox 1899 3902 3501 3987">
     <span class='ocr_line' id='line_1_100' title="bbox 1899 3902 3501 3987; baseline 0.013 -29"><span class='ocrx_word' id='word_1_737' title='bbox 1899 3902 2253 3973; x_wconf 84' lang='lat' dir='ltr'><strong>induxissent,</strong></span> <span class='ocrx_word' id='word_1_738' title='bbox 2287 3923 2395 3962; x_wconf 90' lang='lat' dir='ltr'><strong>non</strong></span> <span class='ocrx_word' id='word_1_739' title='bbox 2417 3911 2676 3979; x_wconf 87' lang='lat' dir='ltr'><strong>potuisset</strong></span> <span class='ocrx_word' id='word_1_740' title='bbox 2699 3914 2932 3982; x_wconf 85' lang='lat' dir='ltr'><strong>gaudere</strong></span> <span class='ocrx_word' id='word_1_741' title='bbox 2960 3916 3176 3974; x_wconf 87' lang='lat' dir='ltr'><strong>Paulus.</strong></span> <span class='ocrx_word' id='word_1_742' title='bbox 3207 3923 3340 3987; x_wconf 88' lang='lat' dir='ltr'><strong>Quia</strong></span> <span class='ocrx_word' id='word_1_743' title='bbox 3373 3937 3501 3979; x_wconf 84' lang='lat' dir='ltr'><strong>vero</strong></span> 
     </span>
    </p>
   </div>
   <div class='ocr_carea' id='block_1_101' title="bbox 1897 4001 3496 4087">
    <p class='ocr_par' dir='ltr' id='par_1_101' title="bbox 1897 4001 3496 4087">
     <span class='ocr_line' id='line_1_101' title="bbox 1897 4001 3496 4087; baseline 0.013 -37"><span class='ocrx_word' id='word_1_744' title='bbox 1897 4010 2086 4051; x_wconf 88' lang='lat' dir='ltr'><strong>sanum</strong></span> <span class='ocrx_word' id='word_1_745' title='bbox 2131 4007 2185 4052; x_wconf 88' lang='lat' dir='ltr'><strong>et</strong></span> <span class='ocrx_word' id='word_1_746' title='bbox 2230 4014 2334 4053; x_wconf 92' lang='lat' dir='ltr'><strong>non</strong></span> <span class='ocrx_word' id='word_1_747' title='bbox 2363 4001 2718 4058; x_wconf 82' lang='lat' dir='ltr'><strong>adulteratuin</strong></span> <span class='ocrx_word' id='word_1_748' title='bbox 2761 4004 2951 4077; x_wconf 83' lang='lat' dir='ltr'><strong>dogma</strong></span> <span class='ocrx_word' id='word_1_749' title='bbox 2996 4022 3128 4074; x_wconf 86' lang='lat' dir='ltr'><strong>ciat,</strong></span> <span class='ocrx_word' id='word_1_750' title='bbox 3179 4013 3299 4068; x_wconf 90' lang='lat' dir='ltr'><strong>ideo</strong></span> <span class='ocrx_word' id='word_1_751' title='bbox 3333 4016 3496 4087; x_wconf 86' lang='lat' dir='ltr'><strong>dicit,</strong></span> 
     </span>
    </p>
   </div>
   <div class='ocr_carea' id='block_1_102' title="bbox 1898 4083 3494 4162">
    <p class='ocr_par' dir='ltr' id='par_1_102' title="bbox 1898 4083 3494 4162">
     <span class='ocr_line' id='line_1_102' title="bbox 1898 4083 3494 4162; baseline 0.015 -24"><span class='ocrx_word' id='word_1_752' title='bbox 1898 4083 2124 4152; x_wconf 80' lang='lat' dir='ltr'><strong>Gaudeo,</strong></span> <span class='ocrx_word' id='word_1_753' title='bbox 2151 4099 2196 4140; x_wconf 86' lang='lat' dir='ltr'><strong>et</strong></span> <span class='ocrx_word' id='word_1_754' title='bbox 2224 4091 2475 4160; x_wconf 83' lang='lat' dir='ltr'><strong>gaudebo.</strong></span> <span class='ocrx_word' id='word_1_755' title='bbox 2502 4093 2639 4159; x_wconf 85' lang='lat' dir='ltr'><strong>Quid</strong></span> <span class='ocrx_word' id='word_1_756' title='bbox 2666 4095 2829 4161; x_wconf 87' lang='lat' dir='ltr'><strong>enim,</strong></span> <span class='ocrx_word' id='word_1_757' title='bbox 2861 4099 2906 4150; x_wconf 90' lang='lat' dir='ltr'><strong>si</strong></span> <span class='ocrx_word' id='word_1_758' title='bbox 2935 4097 3007 4152; x_wconf 87' lang='lat' dir='ltr'><strong>illi</strong></span> <span class='ocrx_word' id='word_1_759' title='bbox 3035 4118 3098 4156; x_wconf 76' lang='lat' dir='ltr'><strong>ex</strong></span> <span class='ocrx_word' id='word_1_760' title='bbox 3130 4102 3399 4162; x_wconf 83' lang='lat' dir='ltr'><strong>inimicitia</strong></span> <span class='ocrx_word' id='word_1_761' title='bbox 3445 4083 3494 4162; x_wconf 88' lang='lat' dir='ltr'><strong>id</strong></span> 
     </span>
    </p>
   </div>
   <div class='ocr_carea' id='block_1_103' title="bbox 1894 4183 3495 4258">
    <p class='ocr_par' dir='ltr' id='par_1_103' title="bbox 1894 4183 3495 4258">
     <span class='ocr_line' id='line_1_103' title="bbox 1894 4183 3495 4258; baseline 0.016 -28"><span class='ocrx_word' id='word_1_762' title='bbox 1894 4189 2135 4246; x_wconf 82' lang='lat' dir='ltr'><strong>agentes,</strong></span> <span class='ocrx_word' id='word_1_763' title='bbox 2199 4196 2258 4236; x_wconf 90' lang='lat' dir='ltr'><strong>se</strong></span> <span class='ocrx_word' id='word_1_764' title='bbox 2306 4183 2356 4237; x_wconf 84' lang='lat' dir='ltr'><strong>iit</strong></span> <span class='ocrx_word' id='word_1_765' title='bbox 2407 4185 2692 4252; x_wconf 84' lang='lat' dir='ltr'><strong>perniciem</strong></span> <span class='ocrx_word' id='word_1_766' title='bbox 2743 4189 3073 4258; x_wconf 80' lang='lat' dir='ltr'><strong>conjiciunt?</strong></span> <span class='ocrx_word' id='word_1_767' title='bbox 3119 4195 3187 4248; x_wconf 84' lang='lat' dir='ltr'><strong>At</strong></span> <span class='ocrx_word' id='word_1_768' title='bbox 3241 4213 3357 4251; x_wconf 88' lang='lat' dir='ltr'><strong>mea</strong></span> <span class='ocrx_word' id='word_1_769' title='bbox 3411 4203 3495 4256; x_wconf 88' lang='lat' dir='ltr'><strong>vel</strong></span> 
     </span>
    </p>
   </div>
   <div class='ocr_carea' id='block_1_104' title="bbox 1896 4269 3494 4350">
    <p class='ocr_par' dir='ltr' id='par_1_104' title="bbox 1896 4269 3494 4350">
     <span class='ocr_line' id='line_1_104' title="bbox 1896 4269 3494 4350; baseline 0.015 -28"><span class='ocrx_word' id='word_1_770' title='bbox 1896 4269 2045 4325; x_wconf 83' lang='lat' dir='ltr'><strong>inviti</strong></span> <span class='ocrx_word' id='word_1_771' title='bbox 2097 4273 2388 4342; x_wconf 83' lang='lat' dir='ltr'><strong>augebunt.</strong></span> <span class='ocrx_word' id='word_1_772' title='bbox 2435 4275 2626 4332; x_wconf 82' lang='lat' dir='ltr'><strong>Viden’</strong></span> <span class='ocrx_word' id='word_1_773' title='bbox 2657 4290 2850 4350; x_wconf 85' lang='lat' dir='ltr'><strong>quanta</strong></span> <span class='ocrx_word' id='word_1_774' title='bbox 2882 4281 3038 4337; x_wconf 83' lang='lat' dir='ltr'><strong>fuerit</strong></span> <span class='ocrx_word' id='word_1_775' title='bbox 3093 4285 3240 4341; x_wconf 84' lang='lat' dir='ltr'><strong>Pauli</strong></span> <span class='ocrx_word' id='word_1_776' title='bbox 3288 4291 3494 4346; x_wconf 83' lang='lat' dir='ltr'><strong>virtus?</strong></span> 
     </span>
    </p>
   </div>
   <div class='ocr_carea' id='block_1_105' title="bbox 1891 4364 3492 4445">
    <p class='ocr_par' dir='ltr' id='par_1_105' title="bbox 1891 4364 3492 4445">
     <span class='ocr_line' id='line_1_105' title="bbox 1891 4364 3492 4445; baseline 0.014 -31"><span class='ocrx_word' id='word_1_777' title='bbox 1891 4364 2160 4431; x_wconf 81' lang='lat' dir='ltr'><strong>quomodo</strong></span> <span class='ocrx_word' id='word_1_778' title='bbox 2183 4366 2339 4421; x_wconf 87' lang='lat' dir='ltr'><strong>nullis</strong></span> <span class='ocrx_word' id='word_1_779' title='bbox 2379 4366 2574 4424; x_wconf 76' lang='lat' dir='ltr'><strong>diaboli</strong></span> <span class='ocrx_word' id='word_1_780' title='bbox 2615 4371 2875 4428; x_wconf 84' lang='lat' dir='ltr'><strong>machinis</strong></span> <span class='ocrx_word' id='word_1_781' title='bbox 2901 4385 3088 4445; x_wconf 88' lang='lat' dir='ltr'><strong>captus</strong></span> <span class='ocrx_word' id='word_1_782' title='bbox 3113 4379 3216 4432; x_wconf 84' lang='lat' dir='ltr'><strong>sit?</strong></span> <span class='ocrx_word' id='word_1_783' title='bbox 3254 4379 3362 4436; x_wconf 80' lang='lat' dir='ltr'><strong>Nec</strong></span> <span class='ocrx_word' id='word_1_784' title='bbox 3405 4400 3492 4436; x_wconf 83' lang='lat' dir='ltr'><strong>so-</strong></span> 
     </span>
    </p>
   </div>
   <div class='ocr_carea' id='block_1_106' title="bbox 1891 4453 3492 4535">
    <p class='ocr_par' dir='ltr' id='par_1_106' title="bbox 1891 4453 3492 4535">
     <span class='ocr_line' id='line_1_106' title="bbox 1891 4453 3492 4535; baseline 0.012 -28"><span class='ocrx_word' id='word_1_785' title='bbox 1891 4453 1998 4507; x_wconf 88' lang='lat' dir='ltr'><strong>lum</strong></span> <span class='ocrx_word' id='word_1_786' title='bbox 2031 4470 2137 4508; x_wconf 85' lang='lat' dir='ltr'><strong>non</strong></span> <span class='ocrx_word' id='word_1_787' title='bbox 2165 4466 2354 4524; x_wconf 88' lang='lat' dir='ltr'><strong>captus</strong></span> <span class='ocrx_word' id='word_1_788' title='bbox 2374 4467 2478 4525; x_wconf 89' lang='lat' dir='ltr'><strong>est,</strong></span> <span class='ocrx_word' id='word_1_789' title='bbox 2507 4459 2602 4514; x_wconf 90' lang='lat' dir='ltr'><strong>sed</strong></span> <span class='ocrx_word' id='word_1_790' title='bbox 2633 4463 2793 4516; x_wconf 89' lang='lat' dir='ltr'><strong>etiam</strong></span> <span class='ocrx_word' id='word_1_791' title='bbox 2815 4463 3003 4519; x_wconf 87' lang='lat' dir='ltr'><strong>iisdem</strong></span> <span class='ocrx_word' id='word_1_792' title='bbox 3038 4468 3205 4535; x_wconf 87' lang='lat' dir='ltr'><strong>ipsqu</strong></span> <span class='ocrx_word' id='word_1_793' title='bbox 3231 4473 3492 4527; x_wconf 75' lang='lat' dir='ltr'><strong>machinis</strong></span> 
     </span>
    </p>
   </div>
   <div class='ocr_carea' id='block_1_107' title="bbox 1889 4545 3490 4628">
    <p class='ocr_par' dir='ltr' id='par_1_107' title="bbox 1889 4545 3490 4628">
     <span class='ocr_line' id='line_1_107' title="bbox 1889 4545 3490 4628; baseline 0.014 -32"><span class='ocrx_word' id='word_1_794' title='bbox 1889 4545 2048 4612; x_wconf 87' lang='lat' dir='ltr'><strong>cepit.</strong></span> <span class='ocrx_word' id='word_1_795' title='bbox 2074 4546 2267 4616; x_wconf 86' lang='lat' dir='ltr'><strong>Ingens</strong></span> <span class='ocrx_word' id='word_1_796' title='bbox 2298 4548 2542 4617; x_wconf 82' lang='lat' dir='ltr'><strong>profecto</strong></span> <span class='ocrx_word' id='word_1_797' title='bbox 2568 4561 2683 4607; x_wconf 90' lang='lat' dir='ltr'><strong>erat</strong></span> <span class='ocrx_word' id='word_1_798' title='bbox 2719 4554 2914 4609; x_wconf 90' lang='lat' dir='ltr'><strong>diaboli</strong></span> <span class='ocrx_word' id='word_1_799' title='bbox 2943 4558 3202 4628; x_wconf 79' lang='lat' dir='ltr'><strong>vafrities,</strong></span> <span class='ocrx_word' id='word_1_800' title='bbox 3231 4572 3284 4617; x_wconf 90' lang='lat' dir='ltr'><strong>et</strong></span> <span class='ocrx_word' id='word_1_801' title='bbox 3327 4565 3490 4618; x_wconf 84' lang='lat' dir='ltr'><strong>mini-</strong></span> 
     </span>
    </p>
   </div>
   <div class='ocr_carea' id='block_1_108' title="bbox 1886 4639 3490 4720">
    <p class='ocr_par' dir='ltr' id='par_1_108' title="bbox 1886 4639 3490 4720">
     <span class='ocr_line' id='line_1_108' title="bbox 1886 4639 3490 4720; baseline 0.014 -30"><span class='ocrx_word' id='word_1_802' title='bbox 1886 4647 2120 4692; x_wconf 89' lang='lat' dir='ltr'><strong>strorum</strong></span> <span class='ocrx_word' id='word_1_803' title='bbox 2146 4639 2263 4709; x_wconf 86' lang='lat' dir='ltr'><strong>ejus</strong></span> <span class='ocrx_word' id='word_1_804' title='bbox 2307 4643 2579 4712; x_wconf 90' lang='lat' dir='ltr'><strong>nequitia:</strong></span> <span class='ocrx_word' id='word_1_805' title='bbox 2615 4661 2736 4700; x_wconf 91' lang='lat' dir='ltr'><strong>nam</strong></span> <span class='ocrx_word' id='word_1_806' title='bbox 2794 4661 2855 4703; x_wconf 87' lang='lat' dir='ltr'><strong>se</strong></span> <span class='ocrx_word' id='word_1_807' title='bbox 2895 4647 3036 4704; x_wconf 88' lang='lat' dir='ltr'><strong>idem</strong></span> <span class='ocrx_word' id='word_1_808' title='bbox 3087 4652 3260 4720; x_wconf 89' lang='lat' dir='ltr'><strong>ipsum</strong></span> <span class='ocrx_word' id='word_1_809' title='bbox 3288 4659 3490 4712; x_wconf 84' lang='lat' dir='ltr'><strong>sentire</strong></span> 
     </span>
    </p>
   </div>
   <div class='ocr_carea' id='block_1_109' title="bbox 1885 4728 3486 4812">
    <p class='ocr_par' dir='ltr' id='par_1_109' title="bbox 1885 4728 3486 4812">
     <span class='ocr_line' id='line_1_109' title="bbox 1885 4728 3486 4812; baseline 0.014 -30"><span class='ocrx_word' id='word_1_810' title='bbox 1885 4728 2217 4796; x_wconf 87' lang='lat' dir='ltr'><strong>simulantes,</strong></span> <span class='ocrx_word' id='word_1_811' title='bbox 2249 4735 2682 4802; x_wconf 70' lang='lat' dir='ltr'><strong>prmdicationem</strong></span> <span class='ocrx_word' id='word_1_812' title='bbox 2710 4742 3052 4812; x_wconf 82' lang='lat' dir='ltr'><strong>exstinguere</strong></span> <span class='ocrx_word' id='word_1_813' title='bbox 3079 4746 3347 4802; x_wconf 76' lang='lat' dir='ltr'><strong>volebant.</strong></span> <span class='ocrx_word' id='word_1_814' title='bbox 3379 4751 3486 4806; x_wconf 83' lang='lat' dir='ltr'><strong>Sed</strong></span> 
     </span>
    </p>
   </div>
   <div class='ocr_carea' id='block_1_110' title="bbox 1887 4820 3483 4913">
    <p class='ocr_par' dir='ltr' id='par_1_110' title="bbox 1887 4820 3483 4913">
     <span class='ocr_line' id='line_1_110' title="bbox 1887 4820 3483 4913; baseline 0.016 -39"><span class='ocrx_word' id='word_1_815' title='bbox 1887 4820 1986 4888; x_wconf 71' lang='lat' dir='ltr'><strong>Qui</strong></span> <span class='ocrx_word' id='word_1_816' title='bbox 2029 4826 2408 4895; x_wconf 83' lang='lat' dir='ltr'><strong>comprehendit</strong></span> <span class='ocrx_word' id='word_1_817' title='bbox 2451 4830 2704 4900; x_wconf 82' lang='lat' dir='ltr'><strong>sapientes</strong></span> <span class='ocrx_word' id='word_1_818' title='bbox 2747 4832 2800 4886; x_wconf 87' lang='lat' dir='ltr'><strong>in</strong></span> <span class='ocrx_word' id='word_1_819' title='bbox 2844 4839 3029 4890; x_wconf 79' lang='lat' dir='ltr'><strong>astutia</strong></span> <span class='ocrx_word' id='word_1_820' title='bbox 3057 4855 3230 4894; x_wconf 77' lang='lat' dir='ltr'><strong>eorum</strong></span> <span class='ocrx_word' id='word_1_821' title='bbox 3271 4844 3335 4913; x_wconf 78' lang='lat' dir='ltr'><strong>(l</strong></span> <span class='ocrx_word' id='word_1_822' title='bbox 3363 4844 3483 4900; x_wconf 86' lang='lat' dir='ltr'><strong>Cor.</strong></span> 
     </span>
    </p>
   </div>
   <div class='ocr_carea' id='block_1_111' title="bbox 1883 4915 3484 5008">
    <p class='ocr_par' dir='ltr' id='par_1_111' title="bbox 1883 4915 3484 5008">
     <span class='ocr_line' id='line_1_111' title="bbox 1883 4915 3484 5008; baseline 0.016 -40"><span class='ocrx_word' id='word_1_823' title='bbox 1883 4915 1935 4968; x_wconf 79' lang='lat'><strong>3.</strong></span> <span class='ocrx_word' id='word_1_824' title='bbox 1970 4915 2114 4986; x_wconf 67' lang='lat'><strong>19),</strong></span> <span class='ocrx_word' id='word_1_825' title='bbox 2148 4917 2198 4972; x_wconf 92' lang='lat' dir='ltr'><strong>id</strong></span> <span class='ocrx_word' id='word_1_826' title='bbox 2251 4919 2366 4974; x_wconf 89' lang='lat' dir='ltr'><strong>ﬁeri</strong></span> <span class='ocrx_word' id='word_1_827' title='bbox 2422 4937 2527 4976; x_wconf 90' lang='lat' dir='ltr'><strong>non</strong></span> <span class='ocrx_word' id='word_1_828' title='bbox 2578 4928 2940 4993; x_wconf 86' lang='lat' dir='ltr'><strong>permittebat.</strong></span> <span class='ocrx_word' id='word_1_829' title='bbox 2992 4931 3046 4986; x_wconf 89' lang='lat' dir='ltr'><strong>Id</strong></span> <span class='ocrx_word' id='word_1_830' title='bbox 3103 4933 3275 5002; x_wconf 79' lang='lat' dir='ltr'><strong>ipsum</strong></span> <span class='ocrx_word' id='word_1_831' title='bbox 3323 4954 3484 5008; x_wconf 81' lang='lat' dir='ltr'><strong>porro</strong></span> 
     </span>
    </p>
   </div>
   <div class='ocr_carea' id='block_1_112' title="bbox 1881 5004 3483 5085">
    <p class='ocr_par' dir='ltr' id='par_1_112' title="bbox 1881 5004 3483 5085">
     <span class='ocr_line' id='line_1_112' title="bbox 1881 5004 3483 5085; baseline 0.017 -27"><span class='ocrx_word' id='word_1_832' title='bbox 1881 5004 2160 5060; x_wconf 85' lang='lat' dir='ltr'><strong>declarans</strong></span> <span class='ocrx_word' id='word_1_833' title='bbox 2194 5011 2385 5064; x_wconf 81' lang='lat' dir='ltr'><strong>Paulus</strong></span> <span class='ocrx_word' id='word_1_834' title='bbox 2415 5013 2627 5069; x_wconf 87' lang='lat' dir='ltr'><strong>dicebat</strong></span> <span class='ocrx_word' id='word_1_835' title='bbox 2662 5033 2676 5069; x_wconf 90' lang='lat'><em>:</em></span> <span class='ocrx_word' id='word_1_836' title='bbox 2709 5015 3019 5075; x_wconf 79' lang='lat' dir='ltr'><strong>Permanere</strong></span> <span class='ocrx_word' id='word_1_837' title='bbox 3060 5035 3228 5080; x_wconf 84' lang='lat' dir='ltr'><strong>autem</strong></span> <span class='ocrx_word' id='word_1_838' title='bbox 3253 5028 3304 5081; x_wconf 87' lang='lat' dir='ltr'><strong>in</strong></span> <span class='ocrx_word' id='word_1_839' title='bbox 3329 5045 3483 5085; x_wconf 81' lang='lat' dir='ltr'><strong>carne</strong></span> 
     </span>
    </p>
   </div>
   <div class='ocr_carea' id='block_1_113' title="bbox 1881 5099 3482 5186">
    <p class='ocr_par' dir='ltr' id='par_1_113' title="bbox 1881 5099 3482 5186">
     <span class='ocr_line' id='line_1_113' title="bbox 1881 5099 3482 5186; baseline 0.016 -38"><span class='ocrx_word' id='word_1_840' title='bbox 1881 5099 2042 5166; x_wconf 83' lang='lat' dir='ltr'><strong>magis</strong></span> <span class='ocrx_word' id='word_1_841' title='bbox 2067 5103 2403 5156; x_wconf 75' lang='lat' dir='ltr'><strong>necessarium</strong></span> <span class='ocrx_word' id='word_1_842' title='bbox 2426 5114 2496 5157; x_wconf 85' lang='lat' dir='ltr'><strong>est</strong></span> <span class='ocrx_word' id='word_1_843' title='bbox 2517 5116 2725 5177; x_wconf 84' lang='lat' dir='ltr'><strong>propter</strong></span> <span class='ocrx_word' id='word_1_844' title='bbox 2743 5124 2828 5164; x_wconf 76' lang='lat' dir='ltr'><strong>vos</strong></span> <span class='ocrx_word' id='word_1_845' title='bbox 2850 5127 2870 5173; x_wconf 87' lang='grc'><strong><em>;</em></strong></span> <span class='ocrx_word' id='word_1_846' title='bbox 2890 5123 2935 5164; x_wconf 85' lang='lat' dir='ltr'><strong>et</strong></span> <span class='ocrx_word' id='word_1_847' title='bbox 2967 5114 3062 5167; x_wconf 77' lang='lat' dir='ltr'><strong>hoc</strong></span> <span class='ocrx_word' id='word_1_848' title='bbox 3083 5118 3345 5186; x_wconf 77' lang='lat' dir='ltr'><strong>conﬁdens</strong></span> <span class='ocrx_word' id='word_1_849' title='bbox 3374 5124 3482 5174; x_wconf 84' lang='lat' dir='ltr'><strong>scio</strong></span> 
     </span>
    </p>
   </div>
   <div class='ocr_carea' id='block_1_114' title="bbox 1877 5191 3473 5282">
    <p class='ocr_par' dir='ltr' id='par_1_114' title="bbox 1877 5191 3473 5282">
     <span class='ocr_line' id='line_1_114' title="bbox 1877 5191 3473 5282; baseline 0.016 -42"><span class='ocrx_word' id='word_1_850' title='bbox 1877 5191 1994 5256; x_wconf 87' lang='lat' dir='ltr'><strong>quia</strong></span> <span class='ocrx_word' id='word_1_851' title='bbox 2020 5191 2247 5253; x_wconf 84' lang='lat' dir='ltr'><strong>manebo.</strong></span> <span class='ocrx_word' id='word_1_852' title='bbox 2272 5203 2318 5247; x_wconf 86' lang='lat' dir='ltr'><strong>et</strong></span> <span class='ocrx_word' id='word_1_853' title='bbox 2344 5199 2644 5264; x_wconf 81' lang='lat' dir='ltr'><strong>permanebo</strong></span> <span class='ocrx_word' id='word_1_854' title='bbox 2668 5216 2780 5254; x_wconf 87' lang='lat' dir='ltr'><strong>cum</strong></span> <span class='ocrx_word' id='word_1_855' title='bbox 2798 5203 3028 5258; x_wconf 76' lang='lat' dir='ltr'><strong>euntibus</strong></span> <span class='ocrx_word' id='word_1_856' title='bbox 3049 5208 3186 5261; x_wconf 87' lang='lat' dir='ltr'><strong>tabis</strong></span> <span class='ocrx_word' id='word_1_857' title='bbox 3213 5208 3473 5282; x_wconf 81' lang='lat' dir='ltr'><strong>(Philipp.</strong></span> 
     </span>
    </p>
   </div>
   <div class='ocr_carea' id='block_1_115' title="bbox 1879 5280 3473 5365">
    <p class='ocr_par' dir='ltr' id='par_1_115' title="bbox 1879 5280 3473 5365">
     <span class='ocr_line' id='line_1_115' title="bbox 1879 5280 3473 5365; baseline 0.016 -32"><span class='ocrx_word' id='word_1_858' title='bbox 1879 5282 1928 5334; x_wconf 81' lang='lat' dir='ltr'><strong>i.</strong></span> <span class='ocrx_word' id='word_1_859' title='bbox 1957 5280 2047 5335; x_wconf 73' lang='lat' dir='ltr'><strong>et.</strong></span> <span class='ocrx_word' id='word_1_860' title='bbox 2072 5281 2198 5354; x_wconf 75' lang='lat'><strong>25).</strong></span> <span class='ocrx_word' id='word_1_861' title='bbox 2230 5284 2306 5338; x_wconf 84' lang='lat' dir='ltr'><strong>Illi</strong></span> <span class='ocrx_word' id='word_1_862' title='bbox 2335 5287 2596 5357; x_wconf 90' lang='lat' dir='ltr'><strong>siquidem</strong></span> <span class='ocrx_word' id='word_1_863' title='bbox 2618 5306 2682 5345; x_wconf 84' lang='lat' dir='ltr'><strong>ex</strong></span> <span class='ocrx_word' id='word_1_864' title='bbox 2713 5295 2960 5360; x_wconf 69' lang='lat' dir='ltr'><strong>przesenti</strong></span> <span class='ocrx_word' id='word_1_865' title='bbox 3011 5297 3113 5350; x_wconf 87' lang='lat' dir='ltr'><strong>vita</strong></span> <span class='ocrx_word' id='word_1_866' title='bbox 3145 5301 3342 5365; x_wconf 85' lang='lat' dir='ltr'><strong>ejicere</strong></span> <span class='ocrx_word' id='word_1_867' title='bbox 3385 5280 3473 5358; x_wconf 62' lang='grc' dir='ltr'><strong>η..</strong></span> 
     </span>
    </p>
   </div>
   <div class='ocr_carea' id='block_1_116' title="bbox 1873 5372 3469 5448">
    <p class='ocr_par' dir='ltr' id='par_1_116' title="bbox 1873 5372 3469 5448">
     <span class='ocr_line' id='line_1_116' title="bbox 1873 5372 3469 5448; baseline 0.014 -23"><span class='ocrx_word' id='word_1_868' title='bbox 1873 5372 2112 5438; x_wconf 84' lang='lat' dir='ltr'><strong>cupiunt,</strong></span> <span class='ocrx_word' id='word_1_869' title='bbox 2166 5385 2219 5429; x_wconf 91' lang='lat' dir='ltr'><strong>et</strong></span> <span class='ocrx_word' id='word_1_870' title='bbox 2271 5391 2334 5430; x_wconf 89' lang='lat' dir='ltr'><strong>ea</strong></span> <span class='ocrx_word' id='word_1_871' title='bbox 2380 5377 2450 5432; x_wconf 87' lang='lat' dir='ltr'><strong>de</strong></span> <span class='ocrx_word' id='word_1_872' title='bbox 2494 5395 2653 5434; x_wconf 87' lang='lat' dir='ltr'><strong>causa</strong></span> <span class='ocrx_word' id='word_1_873' title='bbox 2688 5383 2817 5436; x_wconf 62' lang='lat' dir='ltr'><strong>nihil</strong></span> <span class='ocrx_word' id='word_1_874' title='bbox 2859 5399 2964 5439; x_wconf 92' lang='lat' dir='ltr'><strong>non</strong></span> <span class='ocrx_word' id='word_1_875' title='bbox 2992 5387 3298 5445; x_wconf 81' lang='lat' dir='ltr'><strong>sustinent:</strong></span> <span class='ocrx_word' id='word_1_876' title='bbox 3329 5392 3469 5448; x_wconf 85' lang='lat' dir='ltr'><strong>Deus</strong></span> 
     </span>
    </p>
   </div>
   <div class='ocr_carea' id='block_1_117' title="bbox 1872 5467 2969 5543">
    <p class='ocr_par' dir='ltr' id='par_1_117' title="bbox 1872 5467 2969 5543">
     <span class='ocr_line' id='line_1_117' title="bbox 1872 5467 2969 5543; baseline 0.015 -30"><span class='ocrx_word' id='word_1_877' title='bbox 1872 5473 2048 5517; x_wconf 89' lang='lat' dir='ltr'><strong>autem</strong></span> <span class='ocrx_word' id='word_1_878' title='bbox 2078 5467 2238 5521; x_wconf 88' lang='lat' dir='ltr'><strong>vestri</strong></span> <span class='ocrx_word' id='word_1_879' title='bbox 2269 5483 2430 5524; x_wconf 84' lang='lat' dir='ltr'><strong>causa</strong></span> <span class='ocrx_word' id='word_1_880' title='bbox 2461 5471 2512 5524; x_wconf 93' lang='lat' dir='ltr'><strong>id</strong></span> <span class='ocrx_word' id='word_1_881' title='bbox 2547 5487 2652 5526; x_wconf 88' lang='lat' dir='ltr'><strong>non</strong></span> <span class='ocrx_word' id='word_1_882' title='bbox 2677 5474 2969 5543; x_wconf 86' lang='lat' dir='ltr'><strong>permittet.</strong></span> 
     </span>
    </p>
   </div>
   <div class='ocr_carea' id='block_1_118' title="bbox 1949 5558 3457 5644">
    <p class='ocr_par' dir='ltr' id='par_1_118' title="bbox 1949 5558 3457 5644">
     <span class='ocr_line' id='line_1_118' title="bbox 1949 5558 3457 5644; baseline 0.014 -35"><span class='ocrx_word' id='word_1_883' title='bbox 1949 5558 2030 5637; x_wconf 60' lang='lat' dir='ltr'><strong>ll:</strong></span> <span class='ocrx_word' id='word_1_884' title='bbox 2064 5559 2143 5611; x_wconf 78' lang='lat' dir='ltr'><strong>Ad</strong></span> <span class='ocrx_word' id='word_1_885' title='bbox 2172 5564 2509 5629; x_wconf 83' lang='lat' dir='ltr'><strong>precationem</strong></span> <span class='ocrx_word' id='word_1_886' title='bbox 2539 5567 2790 5621; x_wconf 79' lang='lat' dir='ltr'><strong>hortatur.</strong></span> <span class='ocrx_word' id='word_1_887' title='bbox 2834 5567 3216 5627; x_wconf 77' lang='lat' dir='ltr'><strong>Perseverantia</strong></span> <span class='ocrx_word' id='word_1_888' title='bbox 3262 5579 3315 5628; x_wconf 81' lang='lat' dir='ltr'><strong>in</strong></span> <span class='ocrx_word' id='word_1_889' title='bbox 3345 5593 3457 5644; x_wconf 78' lang='lat' dir='ltr'><strong>pre-</strong></span> 
     </span>
    </p>
   </div>
   <div class='ocr_carea' id='block_1_119' title="bbox 1870 5648 3466 5739">
    <p class='ocr_par' dir='ltr' id='par_1_119' title="bbox 1870 5648 3466 5739">
     <span class='ocr_line' id='line_1_119' title="bbox 1870 5648 3466 5739; baseline 0.016 -41"><span class='ocrx_word' id='word_1_890' title='bbox 1870 5648 2032 5701; x_wconf 87' lang='lat' dir='ltr'><strong>cando</strong></span> <span class='ocrx_word' id='word_1_891' title='bbox 2065 5663 2312 5717; x_wconf 73' lang='lat' dir='ltr'><strong>quantum</strong></span> <span class='ocrx_word' id='word_1_892' title='bbox 2360 5656 2542 5710; x_wconf 81' lang='lat' dir='ltr'><strong>valeat.</strong></span> <span class='ocrx_word' id='word_1_893' title='bbox 2594 5656 2731 5714; x_wconf 86' lang='lat' dir='ltr'><strong>Deus</strong></span> <span class='ocrx_word' id='word_1_894' title='bbox 2773 5677 2863 5728; x_wconf 82' lang='lat' dir='ltr'><strong>per</strong></span> <span class='ocrx_word' id='word_1_895' title='bbox 2915 5679 3004 5716; x_wconf 86' lang='lat' dir='ltr'><strong>nos</strong></span> <span class='ocrx_word' id='word_1_896' title='bbox 3058 5678 3266 5736; x_wconf 74' lang='lat' dir='ltr'><strong>rogatus</strong></span> <span class='ocrx_word' id='word_1_897' title='bbox 3302 5684 3466 5739; x_wconf 74' lang='lat' dir='ltr'><strong>magis</strong></span> 
     </span>
    </p>
   </div>
   <div class='ocr_carea' id='block_1_120' title="bbox 1872 5740 3458 5830">
    <p class='ocr_par' dir='ltr' id='par_1_120' title="bbox 1872 5740 3458 5830">
     <span class='ocr_line' id='line_1_120' title="bbox 1872 5740 3458 5830; baseline 0.015 -38"><span class='ocrx_word' id='word_1_898' title='bbox 1872 5740 2096 5804; x_wconf 75' lang='lat' dir='ltr'><strong>exaudit,</strong></span> <span class='ocrx_word' id='word_1_899' title='bbox 2127 5757 2280 5807; x_wconf 79' lang='lat' dir='ltr'><strong>quam</strong></span> <span class='ocrx_word' id='word_1_900' title='bbox 2309 5745 2352 5797; x_wconf 82' lang='lat' dir='ltr'><strong>si</strong></span> <span class='ocrx_word' id='word_1_901' title='bbox 2384 5763 2472 5812; x_wconf 80' lang='lat' dir='ltr'><strong>per</strong></span> <span class='ocrx_word' id='word_1_902' title='bbox 2495 5749 2625 5800; x_wconf 81' lang='lat' dir='ltr'><strong>alios</strong></span> <span class='ocrx_word' id='word_1_903' title='bbox 2669 5766 2921 5821; x_wconf 79' lang='lat' dir='ltr'><strong>rogemus.</strong></span> <span class='ocrx_word' id='word_1_904' title='bbox 2955 5784 3023 5794; x_wconf 90' lang='lat'><strong>—</strong></span> <span class='ocrx_word' id='word_1_905' title='bbox 3052 5755 3247 5811; x_wconf 83' lang='lat' dir='ltr'><strong>llnrum</strong></span> <span class='ocrx_word' id='word_1_906' title='bbox 3279 5758 3458 5830; x_wconf 75' lang='lat' dir='ltr'><strong>itaque</strong></span> 
     </span>
    </p>
   </div>
   <div class='ocr_carea' id='block_1_121' title="bbox 1869 5832 3461 5920">
    <p class='ocr_par' dir='ltr' id='par_1_121' title="bbox 1869 5832 3461 5920">
     <span class='ocr_line' id='line_1_121' title="bbox 1869 5832 3461 5920; baseline 0.014 -33"><span class='ocrx_word' id='word_1_907' title='bbox 1869 5832 2107 5890; x_wconf 88' lang='lat' dir='ltr'><strong>omnium</strong></span> <span class='ocrx_word' id='word_1_908' title='bbox 2135 5834 2418 5908; x_wconf 85' lang='lat' dir='ltr'><strong>diligenter</strong></span> <span class='ocrx_word' id='word_1_909' title='bbox 2437 5840 2826 5911; x_wconf 80' lang='lat' dir='ltr'><strong>recordamini;</strong></span> <span class='ocrx_word' id='word_1_910' title='bbox 2883 5855 2937 5901; x_wconf 90' lang='lat' dir='ltr'><strong>ut</strong></span> <span class='ocrx_word' id='word_1_911' title='bbox 2981 5864 3073 5903; x_wconf 91' lang='lat' dir='ltr'><strong>eos</strong></span> <span class='ocrx_word' id='word_1_912' title='bbox 3122 5850 3208 5920; x_wconf 89' lang='lat' dir='ltr'><strong>qui</strong></span> <span class='ocrx_word' id='word_1_913' title='bbox 3257 5861 3461 5912; x_wconf 81' lang='lat' dir='ltr'><strong>temere</strong></span> 
     </span>
    </p>
   </div>
  </div>
