4074 6400
599 350 702 402 3|!)

597 470 651 514 et
707 454 1066 526 perfunctorie
1130 453 1417 524 Scripturis
1465 460 1685 508 utuntur
1761 452 1815 508 in
1889 447 2178 522 perniciem

599 548 861 617 proximi,
904 561 1028 603 cum
1085 544 1233 600 omni
1280 544 1538 615 sapientia
1590 542 1876 599 emendare
1940 540 2178 596 valeatis.

600 639 897 696 Poterimus
941 646 1120 693 autem
1171 644 1230 691 et
1264 636 1524 690 dictorum
1574 633 1906 698 meminisse,
1949 641 2004 685 et
2050 630 2183 685 alios

596 728 897 795 emendare,
947 727 992 784 si
1035 726 1101 783 ad
1147 726 1418 782 orationes
1457 741 1672 795 semper
1714 723 2097 792 confugiamus,
2130 729 2184 775 et

596 822 761 877 Deum
788 819 1155 887 Obsecremus,
1184 819 1276 889 qui
1303 818 1397 873 dat
1423 817 1645 873 verbum
1675 815 1967 885 sapientiae,
1996 824 2054 868 ut
2090 814 2182 869 det

593 916 803 971 auditus
845 912 1265 984 intelligentiam,
1314 921 1473 983 atque
1520 918 1820 965 accuratam
1847 916 1901 963 et
1930 907 2178 961 invictam

595 1006 889 1078 spiritualis
947 1005 1104 1075 hujus
1144 1003 1371 1075 depositi
1420 1002 1733 1059 custodiam.
1765 998 1897 1054 Nam
1923 1012 2043 1069 quae
2072 1012 2176 1052 non

592 1111 875 1168 possumus
918 1111 1061 1167 saepe
1090 1096 1303 1166 proprio
1327 1094 1503 1148 studio
1529 1091 1801 1162 perficere,
1848 1106 1909 1146 ea
1958 1104 2177 1160 precum

590 1189 790 1244 auxilio
828 1186 984 1243 facile
1017 1188 1314 1257 poterimus
1352 1185 1591 1254 exsequi,
1622 1183 1689 1238 de
1718 1182 1967 1253 precibus
1987 1180 2179 1250 loquor

589 1283 838 1339 assiduis.
888 1282 1113 1352 Semper
1156 1281 1299 1335 enim
1348 1288 1405 1334 et
1452 1280 1570 1334 sine
1620 1276 2011 1333 intermissione
2058 1290 2179 1343 pre-

587 1373 814 1427 candum
843 1380 947 1438 est,
979 1372 1091 1427 sive
1117 1369 1237 1441 quis
1265 1370 1317 1425 in
1356 1367 1631 1434 :crumnis,
1673 1368 1786 1421 sive
1834 1365 1886 1419 in
1918 1363 2175 1433 tranquil—

589 1463 752 1527 litate,
784 1464 898 1520 sive
919 1463 971 1518 in
991 1462 1399 1525 calamitatibus,
1430 1463 1542 1514 sive
1570 1460 1623 1512 in
1651 1457 1805 1512 bonis
1832 1464 2092 1511 versetur.
2128 1453 2176 1508 Is

588 1554 678 1628 qui
704 1557 757 1611 in
783 1554 1240 1625 tmnquillitateet
1270 1551 1423 1608 bonis
1473 1549 1679 1612 multis,
1711 1556 1767 1601 nt
1792 1548 1907 1601 lucc
1953 1546 2173 1600 immota

591 1648 849 1721 firmaque
886 1653 1155 1710 maneant,
1200 1652 1257 1701 et
1294 1657 1581 1711 numquam
1624 1638 1874 1697 excidant
1922 1655 1936 1691 :
1989 1636 2077 1706 qui
2119 1635 2173 1690 in

587 1740 842 1793 erumnis
863 1747 913 1794 et
954 1738 1132 1793 multis
1168 1733 1574 1796 calamitatibus,
1600 1739 1659 1787 ut
1684 1730 1963 1799 benignam
1982 1741 2173 1796 quam-

587 1829 710 1884 dam
740 1828 1154 1885 vicissitudinem
1203 1826 1398 1891 videat,
1429 1834 1483 1879 et
1524 1824 1574 1877 in
1600 1822 1843 1878 solatium
1874 1816 2170 1887 tranquilli-

588 1922 711 1975 tatis
740 1919 1105 1974 transferatur.
1152 1917 1206 1971 ltt
1254 1916 1633 1985 tranquillitate
1675 1913 1771 1967 es?
1820 1912 1963 1981 Roga
2016 1909 2176 1978 igitur

587 2011 778 2078 Deum,
811 2020 869 2065 ιιι
893 2013 1043 2065 ftrma
1074 2009 1170 2065 tibi
1219 2017 1431 2063 maneat
1451 2006 1571 2060 haec
1608 2002 1980 2072 tranquillitas.
2010 1999 2173 2053 Tem-

589 2112 845 2174 pestatem
891 2102 1040 2156 vides
1080 2097 1448 2170 ingruentem?
1480 2096 1645 2150 Deum
1686 2094 1883 2148 obnixe
1929 2102 2171 2160 precare,

587 2205 645 2250 ut
670 2194 955 2265 procellam
973 2201 1196 2259 avertat,
1218 2199 1273 2247 et
1299 2188 1731 2258 tranquillitatem
1762 2201 1831 2240 ex
1860 2189 2173 2251 tempestate

582 2286 759 2341 faciat.
790 2285 1082 2342 Exauditns
1110 2283 1204 2337 es?
1232 2281 1440 2337 Gratias
1461 2294 1560 2349 age
1580 2277 1720 2348 quod
1749 2275 2031 2330 exauditus
2074 2272 2168 2325 sis.

581 2377 697 2432 Non
728 2377 1009 2432 exauditus
1059 2375 1153 2430 es?
1202 2373 1493 2428 Persevera
1547 2378 1606 2424 ut
1654 2365 1973 2423 exaudiaris.
2023 2356 2171 2418 Licet

583 2467 727 2521 enim
750 2465 893 2521 Deus
937 2465 1136 2520 donum
1188 2462 1474 2532 aliquando
1520 2458 1753 2523 differat,
1798 2471 1902 2510 non
1950 2453 2071 2509 ideo
2114 2452 2168 2507 id

580 2555 865 2628 facitquod
893 2555 1015 2612 odio
1043 2555 1235 2610 haheat
1257 2563 1349 2608 aut
1365 2561 1663 2615 aversetur,
1710 2549 1803 2604 sed
1858 2557 1912 2602 ιιι
1955 2560 2170 2617 procra-

580 2650 827 2706 stinando
862 2661 913 2705 te
940 2650 1137 2706 diutius
1162 2648 1301 2718 apud
1328 2662 1387 2703 se
1411 2645 1667 2707 detineat,
1716 2638 2169 2712 quemadmodum

582 2754 760 2812 patres
790 2742 951 2810 prolis
976 2749 1217 2795 amantes
1238 2777 1256 2804 ,
1286 2740 1374 2807 qui
1404 2737 1543 2790 dona
1569 2732 1866 2789 diﬂ’ercudo
1894 2730 2167 2800 segniores

580 2835 720 2891 filios
740 2835 966 2889 solerter
983 2842 1179 2902 cogunt
1207 2830 1419 2885 assidue
1439 2842 1602 2899 penes
1640 2840 1699 2881 se
1722 2836 1883 2879 stare.
1930 2821 2045 2878 Non
2074 2819 2165 2875 tibi

577 2928 717 2999 apud
751 2928 914 2982 Deum
943 2925 1183 2996 patronis
1212 2930 1299 2977 est
1325 2934 1495 2990 opus,
1524 2933 1695 2987 neque
1738 2915 1903 2970 multa
1932 2913 2166 2997 circinu-

580 3020 906 3078 cursatione.
936 3025 992 3070 ιιι
1036 3013 1271 3069 adulcris
1320 3012 1472 3072 aliis;
1528 3009 1622 3064 sed
1663 3005 1871 3063 etiamsi
1923 3003 2168 3059 desertus

579 3122 907 3183 patronoque
933 3108 1218 3164 destitutus
1240 3106 1339 3171 sis,
1360 3112 1472 3159 tute
1517 3102 1684 3157 Deum
1714 3106 1962 3169 precatus
1982 3103 2167 3166 postu-

581 3202 745 3258 latum
766 3199 1091 3270 assequeris.
1120 3197 1234 3253 Non
1257 3197 1328 3249 ita
1367 3194 1505 3249 solet
1532 3205 1769 3246 annuerc
1796 3188 1915 3244 aliis
1938 3202 2034 3258 pro
2072 3200 2168 3240 no-

585 3294 667 3349 bis
718 3291 1016 3356 orantibus,
1063 3298 1125 3343 ut
1181 3287 1337 3342 nobis
1384 3284 1515 3354 ipsis
1555 3280 1913 3351 precantibus,
1958 3275 2166 3333 etiamsi

579 3384 875 3441 innumeris
893 3383 1060 3438 simus
1090 3380 1242 3435 malis
1270 3377 1467 3434 onusti.
1500 3375 1630 3431 Nam
1653 3375 1696 3429 si
1728 3372 1991 3438 homines,
2029 3385 2164 3441 quos

581 3478 876 3535 innumeris
910 3475 1141 3530 lmsimus
1168 3472 1406 3538 offensis,
1437 3484 1558 3524 cum
1604 3465 1862 3523 matutino
1903 3475 2162 3533 tempore,

582 3567 825 3633 meridie,
848 3580 1072 3637 vespere
1102 3563 1309 3618 adimus
1356 3560 1502 3631 ipsos
1541 3555 1985 3628 indiguahundos,
2033 3569 2165 3607 cnn-

582 3669 796 3731 spectus
822 3655 1118 3728 frequentia
1144 3662 1200 3710 et
1227 3652 1536 3707 assiduitate
1566 3649 1780 3703 tandem
1805 3645 1957 3700 facile
1985 3644 2166 3715 placa-

583 3768 735 3819 mus,
764 3753 930 3807 multo
957 3748 1125 3819 magis
1151 3746 1204 3802 id
1232 3744 1371 3816 apud
1393 3745 1559 3800 Deum
1590 3741 1880 3811 contingat.

658 3844 747 3901 li.
777 3842 883 3899 Sed
911 3840 1159 3912 indignus
1193 3838 1293 3893 es?
1337 3835 1657 3891 Assiduitatc
1699 3832 1893 3903 dignus
1938 3828 2163 3886 evadas.

586 3934 739 4003 Quod
761 3934 902 3990 enim
933 3930 1177 4001 indignus
1191 3929 1360 4000 possit
1379 3924 1685 3980 assiduitate
1706 3922 1896 3993 dignus
1917 3921 2166 3984 evadere,

583 4036 640 4082 et
660 4023 800 4097 quod
823 4038 917 4094 per
943 4036 1041 4077 nos
1081 4019 1272 4089 magis,
1312 4031 1469 4087 quam
1502 4030 1596 4084 per
1625 4014 1759 4068 alios
1788 4019 2005 4081 rogatus
2031 4010 2170 4064 Deus

585 4126 817 4182 annuat;
847 4113 1093 4185 quodque
1118 4112 1317 4167 donum
1343 4124 1486 4179 saepe
1511 4106 1740 4171 dill'crat,
1773 4119 1878 4160 non
1900 4113 1957 4158 ut
1981 4102 2171 4157 dubios

584 4210 747 4266 animi
794 4207 999 4270 reddat,
1024 4216 1084 4259 et
1124 4204 1305 4258 vacuis
1350 4200 1596 4255 manibus
1639 4196 1913 4253 remittat:
1967 4194 2059 4250 sed
2114 4204 2170 4250 ut

590 4302 851 4371 majorum
908 4299 1058 4353 nobis
1086 4297 1344 4350 bonorum
1373 4300 1560 4346 auctor
1604 4290 1668 4345 sit
1696 4305 1714 4344 :
1741 4289 1876 4353 hmo,
1931 4287 2168 4358 inquam,

590 4394 687 4449 tria
720 4407 814 4462 per
841 4388 1142 4460 parabolam
1190 4384 1347 4438 hodie
1390 4382 1539 4437 vobis
1586 4381 1775 4436 lectam
1802 4375 2172 4434 demonstrare

588 4494 847 4554 sautgant.
905 4478 1145 4535 Accessit
1199 4475 1264 4529 ad
1319 4474 1588 4528 Christum
1631 4470 1931 4525 Chanantea
1976 4483 2171 4540 rogans

588 4592 686 4647 pro
737 4574 840 4628 filia
884 4569 1206 4627 datmouinm
1252 4564 1509 4629 habente,
1564 4562 2012 4631 vehementerque
2059 4561 2171 4614 cla-

590 4682 765 4732 mans,
790 4664 1027 4719 Miserere
1040 4661 1156 4726 mei,
1182 4658 1418 4723 Domine,
1448 4656 1557 4724 [ilia
1587 4672 1695 4709 mea
1724 4654 1856 4708 male
1875 4672 1905 4707 a
1926 4656 2171 4709 dmntanio

589 4770 798 4816 vexatur
831 4755 1056 4830 (Ilattlt.
1104 4756 1193 4809 15.
1246 4752 1374 4823 2‘2).
1424 4750 1505 4804 En
1554 4749 1847 4817 alienigena
1894 4748 2083 4803 tnulier
2119 4756 2174 4805 et

592 4853 844 4915 barbara,
890 4849 1193 4905 Judzeorum
1247 4844 1552 4914 reipublicae
1610 4850 1883 4896 extranea.
1939 4840 2007 4895 Et
2047 4840 2173 4910 quid

596 4944 734 5002 aliud
757 4953 892 5006 erat,
921 4956 1076 5013 quam
1106 4938 1275 5001 canis,
1299 4946 1353 4992 et
1374 4934 1585 5005 indigna
1620 4950 1739 5005 qua:
1762 4942 2001 5003 optatum
2024 4946 2174 4987 asse-

587 5034 882 5105 queretur?
908 5031 1031 5087 Non
1062 5039 1134 5085 est
1177 5029 1329 5090 enim,
1382 5028 1569 5094 inquit,
1601 5024 1787 5079 bonum
1815 5024 2043 5095 accipere
2079 5039 2175 5092 pa-

595 5144 707 5182 nem
740 5126 978 5196 ﬁliorum,
1030 5131 1075 5177 et
1120 5121 1245 5175 dare
1287 5118 1480 5172 catellis
1530 5116 1643 5180 (Ib.
1692 5132 1739 5169 υ.
1764 5114 1894 5180 26).
1924 5117 2175 5170 Attamen

598 5218 906 5277 assiduitate
928 5216 1080 5285 digna
1104 5212 1289 5268 evasit.
1321 5210 1504 5280 Neque
1532 5208 1673 5263 enim
1706 5216 1906 5261 tantum
1938 5207 2079 5261 illam
2125 5207 2175 5261 in

597 5309 825 5368 filiorum
879 5305 1205 5361 nobilitatem
1258 5303 1454 5365 evexit,
1512 5314 1631 5368 qua:
1690 5297 1841 5352 canis
1883 5307 2025 5361 erat;
2084 5297 2176 5352 sed

598 5401 759 5458 etiam
787 5397 965 5452 multis
985 5410 1105 5451 cum
1128 5391 1368 5449 laudibus
1388 5389 1612 5454 dimisit,
1640 5386 1825 5442 dicens
1851 5402 1866 5438 :
1902 5386 1946 5440 0
1965 5388 2180 5441 mulier!

596 5472 883 5566 "urgueat
905 5489 1028 5557 ﬁdes
1051 5499 1136 5540 tua
1168 5485 1290 5553 :ﬁat
1313 5481 1400 5537 tibi
1426 5484 1550 5535 sicut
1573 5481 1643 5535 ris
1671 5478 1782 5546 (Ib.
1814 5496 1861 5533 υ.
1892 5478 1962 5533 28
1980 5478 2021 5549 ).
2049 5480 2181 5534 Cum

597 5593 776 5640 autem
820 5577 1062 5637 Christus
1113 5577 1279 5640 dicat,
1329 5573 1522 5644 Magna
1551 5581 1622 5626 est
1671 5572 1796 5640 ﬁdes
1824 5580 1932 5635 tua,
1980 5570 2181 5624 nullum

601 5670 743 5731 aliud
768 5684 976 5742 quatras
995 5667 1137 5723 circa
1177 5665 1660 5735 magnanimitatem
1684 5662 1904 5730 hujusce
1947 5662 2184 5717 mulieris

600 5762 998 5826 argumentum.
1028 5758 1273 5815 Vidistin‘
1301 5755 1569 5828 quomodo
1595 5771 1656 5811 cx
1690 5753 2001 5810 assiduitate
2026 5754 2182 5826 digna

1315 339 1374 397 S.
1410 335 1691 397 JOANNIS
1719 329 2201 393 CllRYSOSTOMi
2238 330 2554 389 ARCHIEP.
2595 331 3129 391 CONS'I'ANTINOP.

3778 339 3882 395 320

2294 444 2428 500 facta
2454 446 2524 501 sit
2555 446 2764 513 mulier,
2787 462 2908 518 qua:
2935 447 3148 519 indigna
3176 448 3323 520 prius
3347 447 3499 504 erat?
3529 450 3617 508 Vis
3668 451 3876 516 discere

2288 550 2385 589 nos
2410 537 2461 590 iu
2490 536 2756 607 precando
2776 553 2870 608 pcr
2888 541 3245 611 nosmetipsos
3272 542 3391 613 plus
3408 546 3690 617 perﬁcere,
3717 566 3879 619 quam

2287 643 2383 699 per
2431 630 2602 685 alios?
2658 631 2920 687 Clamavit
2976 632 3109 697 hzrc,
3142 642 3216 689 'et
3255 637 3574 696 accedentes
3627 643 3875 712 discipuli

2285 720 2579 775 dixerunt:
2613 721 2821 777 Dimitte
2858 722 3023 790 illam,
3062 726 3179 792 quia
3220 728 3407 782 clamat
3455 741 3570 798 post
3614 749 3709 787 nos
3759 733 3871 803 (Ib.

2285 828 2332 866 ι’.
2359 812 2468 883 23)
2501 829 2516 865 :
2546 822 2601 867 et
2625 812 2692 867 ad
2719 814 2840 868 illos
2864 815 3079 883 quidem
3107 818 3413 887 respondit,
3446 819 3569 875 Non
3609 840 3725 879 sunt
3752 826 3877 880 mis-

2283 923 2368 961 sus
2416 906 2516 961 nisi
2564 907 2635 960 ad
2686 922 2819 974 oves,
2861 924 2974 979 qua
3019 910 3293 979 perierunt,
3320 912 3504 967 doma
3551 912 3726 971 Israel
3755 916 3875 990 (Ib.

2283 1013 2328 1051 υ.
2351 998 2455 1068 24)
2482 1018 2496 1055 :
2526 1014 2647 1055 cum
2679 1008 2856 1056 autem
2904 1000 2990 1054 illa
3034 1017 3129 1070 per
3165 1002 3399 1073 seipsatn
3425 1006 3649 1072 accedit,
3679 1018 3737 1065 et
3758 1012 3875 1065 eia.

2285 1091 2481 1144 mando
2506 1092 2862 1167 perseveravit
2889 1090 3106 1155 dicens,
3144 1091 3334 1158 Etiam,
3378 1097 3613 1165 Domine,
3660 1118 3782 1155 nam
3825 1112 3877 1156 et

2281 1182 2450 1236 catelli
2466 1183 2622 1237 edunt
2648 1183 2713 1266 de
2738 1200 2912 1238 mensa
2932 1184 3251 1239 dominorum
3266 1202 3473 1242 suorum
3502 1190 3619 1261 (Ib.
3643 1208 3691 1246 ν.
3722 1193 3833 1266 27)
3855 1212 3873 1249 :

2283 1282 2408 1328 tunc
2443 1264 2944 1343 gratiam-contulit,
2990 1285 3046 1329 et
3096 1276 3261 1341 dixit,
3315 1276 3435 1332 Fiat
3482 1281 3571 1335 tibi
3620 1285 3751 1338 sicut

2282 1364 2300 1433 (
2318 1362 2398 1417 Ib.
2423 1380 2471 1416 υ.
2500 1363 2627 1432 28).
2658 1362 2902 1419 Vid'stin’
2925 1366 3216 1433 quomodo,
3246 1382 3366 1422 cum
3390 1369 3464 1424 illi
3501 1383 3875 1444 precarentur,

2281 1453 2494 1522 repulit,
2525 1463 2854 1508 comantem
2906 1453 2993 1508 illa
3038 1470 3233 1511 munus
3256 1450 3537 1514 clamando
3561 1465 3874 1531 postulavit.

2279 1546 2500 1600 annuit?
2542 1546 2649 1601 Illis
2690 1546 2887 1616 quippe
2921 1545 3071 1614 dicit,
3123 1546 3247 1603 Non
3295 1566 3409 1605 sunt
3449 1552 3632 1608 missu
3657 1557 3760 1610 nisi
3801 1558 3878 1611 ad

2279 1651 2412 1701 oves,
2455 1651 2569 1703 quc
2622 1635 2897 1705 perierunt,
2928 1637 3107 1691 domus
3128 1636 3326 1705 Israel;
3353 1641 3477 1699 huic
3495 1658 3646 1710 vero,
3673 1644 3876 1718 Magna

2277 1736 2351 1778 est
2370 1726 2499 1793 fides
2514 1736 2600 1779 tua
2625 1740 2645 1779 :
2673 1727 2763 1795 [iet
2785 1726 2875 1779 tibi
2900 1727 3030 1782 sicut
3056 1729 3146 1783 vis.
3175 1728 3243 1784 Et
3265 1731 3479 1801 quidem
3520 1734 3676 1790 initio
3722 1740 3869 1806 peti-

2279 1815 2438 1871 tionis
2485 1815 2614 1870 nihil
2654 1817 2964 1885 respondit:
2996 1818 3083 1873 ubi
3131 1826 3309 1875 autem
3354 1822 3552 1890 semel,
3580 1824 3777 1882 iterum
3817 1838 3873 1882 et

2278 1907 2436 1962 tertio
2463 1911 2708 1973 accessit,
2740 1916 2865 1962 tunc
2888 1908 3113 1978 gratiam
3142 1910 3397 1977 contulit;
3427 1928 3494 1967 ex
3536 1914 3643 1970 fine
3665 1915 3874 1972 docens

2279 2014 2397 2064 nos,
2421 2013 2481 2054 se
2503 2014 2695 2054 munus
2721 1998 3013 2065 distulisse,
3044 2015 3149 2054 non
3180 2010 3236 2055 ut
3259 2000 3402 2055 illam
3437 2005 3745 2074 repelleret,
3772 2008 3872 2062 scd

2278 2100 2335 2146 ut
2390 2092 2544 2147 nobis
2609 2091 2857 2147 omnibus
2910 2091 3214 2161 patientiam
3269 2094 3507 2151 mulieris
3564 2096 3871 2153 exhiberet.

2274 2182 2409 2237 Nam
2427 2182 2472 2237 si
2496 2191 2552 2236 ut
2582 2182 2726 2235 illam
2778 2181 3060 2250 repelleret
3109 2180 3424 2249 distulisset,
3463 2200 3637 2255 neque
3665 2187 3874 2244 in'flne

2276 2272 2596 2342 postulatum
2627 2270 2891 2335 dedisset;
2919 2272 3043 2340 quia
3083 2286 3213 2326 vero
3242 2281 3298 2326 ut
3332 2273 3727 2345 philosophiam
3751 2281 3872 2346 ejus

2273 2362 2522 2419 omnibus
2567 2362 2844 2417 exhiberet
2879 2361 3256 2430 exspectabat,
3304 2363 3425 2417 ideo
3472 2366 3698 2420 tacebat.
3731 2367 3869 2421 Nam

2272 2455 2318 2509 si
2344 2455 2523 2508 statim
2551 2470 2579 2504 a
2615 2451 2873 2522 principio
2902 2452 3215 2507 benelicium
3241 2453 3577 2518 contulisset,
3626 2456 3870 2511 mulieris

2275 2545 2521 2598 virtutem
2536 2541 3007 2610 fortitudinemque
3023 2556 3129 2595 non
3152 2555 3447 2598 nossemus.
3474 2541 3680 2598 Dimitte
3694 2545 3865 2610 illam,

2274 2636 2554 2705 inquiunt,
2597 2633 2717 2701 quia
2760 2630 2947 2684 clamat
2986 2640 3099 2700 post
3148 2645 3261 2685 nos.
3311 2631 3450 2697 Quid
3508 2648 3637 2688 vero
3687 2634 3851 2689 Chri-

2271 2725 2430 2779 stus?
2487 2723 2591 2776 Vos
2633 2721 2828 2775 auditis
2851 2734 3072 2786 vocem,
3121 2734 3222 2791 ego
3263 2730 3496 2776 mentem
3522 2722 3679 2778 video
3711 2725 3867 2779 :seio

2270 2814 2397 2886 quid
2449 2812 2654 2868 dictura
2702 2812 2790 2865 sit.
2860 2808 2997 2865 Nolo
3047 2809 3358 2865 thesaurum
3417 2810 3472 2865 in
3522 2822 3705 2868 mente
3749 2815 3867 2883 ejus

2273 2906 2604 2962 reconditum
2651 2904 2820 2959 latere
2854 2902 2989 2958 :sed
3016 2910 3268 2972 exSpecto
3296 2911 3351 2958 et
3378 2911 3550 2970 taceo,
3604 2913 3663 2959 ut
3691 2905 3865 2975 ipsum

2271 2999 2540 3055 detectum
2563 2998 2617 3051 in
2646 2996 2880 3051 medium
2907 2993 3201 3065 proferam,
3254 3000 3309 3048 et
3356 2993 3605 3050 omnibus
3634 2997 3864 3051 manife-

2270 3100 2412 3147 stum
2451 3089 2661 3145 faciam.

2344 3180 2433 3236 15.
2467 3179 2594 3234 llam
2618 3177 2776 3248 igitur
2805 3174 2982 3230 omnia
3008 3188 3128 3229 cum
3157 3172 3499 3229 didicerimus
3522 3214 3540 3241 ,
3572 3175 3784 3235 etiamsi
3812 3178 3867 3231 in

2271 3269 2508 3342 peccatis
2540 3268 2730 3331 simus,
2760 3275 2816 3321 et
2850 3248 3121 3320 beneflciis
3147 3262 3372 3334 indigni,
3400 3278 3469 3320 ne
3490 3264 3867 3336 desperemus.

2271 3361 2503 3416 scientes
2532 3372 2631 3414 nos
2659 3372 2726 3412 ex
2769 3354 2932 3409 animi
2956 3354 3444 3424 assidttitateposse
3464 3354 3657 3425 dignos
3685 3366 3871 3426 postu-

2273 3450 2393 3505 latis
2413 3448 2669 3505 evadere.
2704 3445 2853 3501 Licet
2878 3445 2995 3499 sine
3021 3443 3319 3514 patrocinio
3348 3458 3410 3499 ac
3439 3443 3658 3500 deserti.
3672 3448 3872 3512 simus,

2272 3558 2341 3598 ne
2360 3543 2594 3596 animum
2626 3537 3075 3609 despondeatnus,
3103 3534 3257 3605 gnari
3298 3549 3550 3605 magnum
3583 3535 3720 3591 illud
3748 3552 3874 3592 esse

2272 3630 2648 3703 patrocinium,
2680 3628 2724 3681 si
2750 3626 2871 3697 quis
2900 3640 3091 3695 magno
3122 3638 3244 3680 eum
3275 3624 3454 3679 studio
3484 3639 3578 3693 per
3628 3626 3871 3696 seipsum

2269 3723 2336 3778 ad
2369 3723 2532 3777 Deum
2559 3720 2801 3775 accedat.
2819 3717 2874 3773 Si
2902 3730 3095 3771 munus
3120 3715 3365 3770 conferre
3390 3714 3602 3769 differat
3641 3725 3697 3769 ct
3741 3731 3863 3786 pro-

2272 3815 2529 3869 crastinet
2549 3851 2564 3876 ,
2589 3826 2656 3865 ne
2683 3807 3051 3872 concidamus,
3078 3806 3308 3860 scientes
3338 3804 3479 3858 illam
3502 3807 3864 3874 procrastina-

2275 3908 2475 3960 tionem
2514 3918 2658 3959 cura:
2684 3910 2843 3971 atque
2868 3899 3207 3969 benignitatis
3236 3912 3354 3952 esse
3379 3907 3778 3967 argumentum.
3811 3899 3872 3953 Si

2276 3996 2327 4051 id
2353 4009 2665 4066 persuasum
2696 3992 3004 4056 habeamus,
3048 4000 3103 4044 et
3153 4003 3272 4044 cum
3308 3972 3499 4040 animo
3551 3987 3776 4045 dolente
3816 4004 3876 4044 ct

2275 4087 2501 4154 fervido,
2532 4095 2688 4155 atque
2708 4084 2936 4138 excitata
2957 4080 3248 4142 voluntate,
3268 4078 3355 4132 tali
3379 4078 3603 4142 scilicet,
3649 4080 3869 4149 qualem

2276 4178 2460 4233 habuit
2489 4175 2752 4231 accedens
2771 4170 3092 4237 Cltanamea,
3122 4179 3175 4223 et
3202 4181 3299 4223 nos
3327 4169 3499 4237 ipsum
3535 4168 3833 4224 adierimus
3852 4212 3871 4237 ,

2274 4272 2480 4327 etiamsi
2505 4283 2666 4325 canes
2694 4267 2883 4331 simus,
2911 4264 3120 4319 etiamsi
3151 4261 3359 4331 quidvis
3392 4276 3554 4331 grave
3585 4272 3873 4332 perpetra-

2274 4364 2529 4428 vcrimus,
2552 4370 2610 4416 et
2641 4369 2820 4413 nostra
2850 4356 2985 4410 mala
3015 4352 3351 4417 amoliemur,
3394 4360 3709 4422 tantumque
3732 4354 3869 4409 fidu-

2273 4459 2371 4513 cia:
2397 4454 2739 4526 accipiemus,
2764 4461 2820 4505 ιιι
2842 4450 2961 4505 aliis
2980 4462 3190 4518 quoque
3212 4445 3530 4516 patrocinari
3554 4447 3831 4501 valeamus
3857 4465 3871 4498 :

2274 4544 2720 4619 quemadmodum
2747 4551 2801 4596 et
2820 4540 3118 4596 Cltanantea
3146 4552 3251 4591 non
3278 4535 3453 4591 solum
3478 4535 3591 4605 ipsa
3618 4535 3874 4591 fiduciam

2276 4650 2328 4694 et
2359 4638 2552 4693 multas
2578 4634 2763 4690 laudes
2782 4637 3110 4700 consequuta
3143 4635 3248 4692 est,
3278 4626 3371 4680 sed
3394 4627 3553 4681 etiam
3598 4625 3765 4681 tiliam
3794 4629 3878 4682 in-

2279 4727 2643 4783 tolerabilibus
2690 4722 2951 4778 molestiis
3012 4720 3220 4788 eripere
3270 4717 3459 4786 potuit.
3508 4716 3651 4772 Nihil
3705 4720 3875 4784 enim,

2281 4817 2412 4873 nihil
2463 4817 2643 4885 utique
2702 4814 2969 4883 potentius
3012 4821 3094 4864 est
3140 4808 3384 4864 oratione
3431 4808 3659 4863 ferventi
3715 4819 3877 4880 atque

2279 4909 2510 4965 sincera.
2536 4907 2661 4963 Haec
2683 4915 2736 4960 et
2759 4902 3039 4974 przesentia
3063 4900 3200 4955 mala
3217 4900 3393 4964 solvit,
3416 4908 3469 4954 ct
3493 4914 3523 4955 a
3556 4899 3753 4956 futuris
3784 4902 3878 4956 illo

2281 5010 2520 5071 tempore
2566 4995 2839 5067 suppliciis
2890 4993 3069 5063 eripit.
3124 4990 3193 5047 Ut
3248 4992 3423 5060 itaque
3455 4999 3509 5045 et
3551 5000 3877 5060 pra-sentem

2282 5096 2444 5149 vitam
2492 5092 2696 5146 facilius
2752 5088 3143 5155 transigamus,
3195 5095 3250 5141 et
3315 5082 3443 5137 illuc
3501 5097 3623 5137 cum
3680 5083 3876 5139 fiducia

2280 5189 2555 5254 abeamus,
2579 5186 2745 5242 multo
2766 5182 2942 5238 studio
2967 5191 3021 5235 et
3043 5178 3315 5235 alacritate
3337 5179 3582 5249 precibus
3597 5192 3875 5236 vacemus.

2283 5281 2372 5337 Sic
2401 5282 2541 5336 enim
2571 5278 2863 5349 poterimus
2888 5282 2944 5331 et
2986 5274 3267 5345 prtesentia
3306 5269 3559 5339 consequi
3604 5269 3773 5337 bona,
3828 5284 3884 5328 et

2285 5373 2483 5443 Optima
2511 5386 2607 5441 spe
2635 5370 2733 5424 frui
2768 5386 2782 5422 :
2815 5384 2932 5438 qua:
2960 5381 3059 5421 nos
3100 5380 3286 5420 omnes
3334 5362 3545 5433 assequi
3574 5364 3879 5434 contingat,

2285 5466 2474 5535 gratia,
2508 5462 2835 5533 benignitate
2885 5467 2939 5513 et
2974 5453 3440 5513 commiseratione
3471 5452 3679 5507 Domini
3709 5458 3883 5509 nostri

2287 5562 2412 5617 Jt-sn
2462 5559 2685 5622 Christi,
2732 5556 2945 5626 quicum
2985 5554 3152 5623 Patri,
3196 5566 3405 5623 unaque
3437 5550 3659 5621 Spiritui
3692 5565 3884 5609 saneto

2289 5656 2477 5727 gloria,
2508 5652 2703 5719 honor,
2724 5648 3023 5717 imperium,
3047 5648 3098 5703 itt
3117 5646 3308 5703 stccula
3325 5647 3660 5703 szcculorum.
3682 5648 3883 5703 Amen.
