4074 6410
1396 369 1461 427 IN
1505 367 1734 434 ILLUD,
1776 364 1986 422 VIDUA
2026 357 2400 420 ELIGATUB.

1424 884 1500 944 ιΝ
1541 879 1925 944 HOMILIAM
1961 878 2059 938 DE
2101 874 2380 938 VIDUIS.

271 1156 424 1214 illam
457 1149 787 1210 sententiam
819 1146 1134 1218 scrupulum
1178 1141 1513 1213 injicicmus.
1563 1139 1788 1195 Certum
1834 1143 1918 1189 est
1952 1130 2406 1202 Chrysostomum
2458 1140 2604 1181 anno
2648 1123 2870 1179 ineunte
2908 1120 3015 1177 387
3044 1135 3157 1177 non
3201 1084 3408 1191 paucas
3439 1119 3542 1176 lia-

273 1275 462 1332 buisse
498 1271 794 1328 conciones
817 1267 886 1323 de
911 1263 1192 1335 ὀμοουσίῳ
1222 1270 1277 1318 et
1307 1269 1498 1317 contra
1519 1259 1861 1313 Anommos:
1898 1266 2002 1307 nec
2042 1250 2224 1305 minus
2251 1257 2466 1304 certum
2513 1243 2693 1300 solere
2733 1240 3190 1312 Cbrysostomum
3236 1241 3541 1310 praeterita-

274 1402 400 1443 rum
430 1385 759 1440 concinnum
783 1379 1132 1435 meminisse:
1158 1390 1228 1429 an
1258 1389 1386 1429 vero
1419 1372 1737 1442 contingere
1767 1365 1945 1438 potuit
1963 1403 1993 1429 ,.
2019 1373 2081 1418 ut
2111 1364 2337 1434 vigente
2357 1357 2450 1414 illa
2476 1348 2888 1426 disceptatione
2902 1360 3094 1407 contra
3125 1348 3449 1414 Anomteos,
3485 1349 3540 1402 in

275 1501 424 1559 nulla
463 1503 724 1555 harumce
751 1509 941 1551 novem
966 1492 1338 1556 homiliarum,
1367 1496 1490 1561 q'ua‘.
1513 1488 1634 1544 sine
1675 1483 1843 1541 dubio
1872 1484 2012 1538 inter
2044 1478 2311 1535 Homilies
2343 1484 2546 1532 contra”
2578 1472 2878 1527 Anommos
2905 1466 3238 1524 intermixta:
3274 1462 3500 1518 fuerunt
3521 1503 3538 1528 ,

274 1615 324 1671 si
360 1614 454 1669 illo
478 1628 623 1668 anno
653 1612 812 1667 dictae
843 1609 1066 1676 fuerim,
1109 1613 1174 1662 de
1214 1607 1305 1662 illa
1336 1605 1710 1662 controversia
1761 1613 2011 1670 unquam
2051 1592 2406 1653 meminerit!
2451 1590 2565 1646 Hac
2597 1583 2920 1645 mibi’nova
2974 1582 3202 1642 subo'rta
3254 1577 3543 1638 dubitandi

272 1741 468 1792 ausa,
499 1723 670 1780 animi
705 1723 918 1796 pendeo
946 1721 1120 1778 donec
1145 1718 1278 1790 quid
1303 1717 1508 1773 certius
1536 1724 1802 1783 emergat.

346 1863 731 1939 [interpretatio
766 1861 958 1917 Latina
987 1869 1072 1917 est
1091 1855 1384 1915 Frontonis
1408 1854 1614 1910 Ductei.

1653 2325 1756 2400 IN
1838 2315 2194 2403 ILLUD.

255 2708 452 2752 mus
497 2704 813 2748 summa
859 2701 983 2745 non
1028 2699 1223 2743 IIINUS
1267 2693 1623 2740 snxsctnn
1671 2689 1978 2734 annosus
2027 2669 2112 2748 (1.
2159 2667 2322 2730 Tim.
2364 2666 2424 2727 5.
2460 2666 2498 2727 9
2527 2664 2594 2747 );
2642 2683 2723 2726 er
2766 2683 2850 2726 ne
2895 2680 3266 2725 Ltusnoauu
3313 2678 3552 2721 ιωυρι-

1335 2793 1553 2849 noue,
1601 2791 1677 2836 ac
1719 2791 1805 2833 ne
1848 2787 2263 2832 ειεειιοεηλ
2311 2767 2424 2849 (α).

1589 2960 1820 2970 ...ρ-...-

328 3068 382 3122 li.
432 3064 689 3120 Commio
731 3061 1060 3116 dicendorum
1107 3073 1224 3111 cum
1269 3063 1420 3110 antea
1469 3054 1642 3111 dictis.
1693 3051 1850 3106 Arma

253 3160 524 3216 viduarum
587 3172 704 3227 quat
758 3156 876 3208 sint.
903 3181 977 3193 —
1008 3148 1360 3207 Commodum
1403 3146 1570 3201 divini
1619 3145 1850 3214 Spiritus

252 3251 424 3324 gratia
452 3249 772 3320 disponente
799 3244 1043 3315 contigit,
1075 3253 1132 3298 ut
1156 3243 1203 3297 is
1235 3241 1391 3296 vobis
1427 3239 1735 3310 apostolicae
1765 3237 1847 3292 lo-

251 3357 358 3398 cus
391 3339 655 3410 epistola,
691 3350 854 3407 quem
895 3333 1157 3389 hodierno
1182 3331 1270 3388 die
1308 3330 1606 3396 audivistis,
1641 3329 1847 3398 legere-

251 3439 342 3490 ωτ
367 3450 385 3488 :
412 3431 571 3486 habet
611 3427 755 3484 enim
793 3441 915 3482 cum
937 3426 1005 3505 iis
1028 3439 1146 3496 qute
1172 3439 1342 3492 nuper
1367 3423 1620 3488 diximus,
1647 3436 1851 3491 cogna-

253 3525 457 3581 tionem
499 3531 556 3577 et
591 3519 980 3578 connexionem
1023 3517 1164 3572 haud
1211 3515 1568 3580 mediocrem,
1601 3514 1645 3568 si
1673 3514 1850 3568 minus

251 3615 310 3671 in
357 3615 560 3679 verbis,
600 3621 749 3668 certe
795 3612 847 3665 in
890 3608 1190 3664 sententiis.
1240 3607 1354 3663 Iloc
1394 3607 1537 3661 enim
1570 3604 1698 3660 illud
1743 3613 1846 3668 est,

255 3705 400 3779 quod
428 3718 600 3772 nuper
624 3701 916 3772 legebatur,
945 3699 1024 3754 De
1051 3699 1411 3754 dormientibus
1435 3711 1604 3752 autem
1626 3696 1744 3752 nolo
1764 3712 1852 3751 uos

251 3798 508 3868 ignorare,
527 3794 713 3864 fratres
735 3790 996 3864 (i.TItess.
1024 3791 1079 3846 ι.
1115 3789 1202 3862 12)
1229 3809 1242 3843 :
1274 3801 1331 3845 et
1372 3789 1440 3845 de
1457 3789 1850 3846 resurrectione

252 3885 418 3942 multa
451 3892 562 3938 tum
592 3899 620 3936 a
650 3882 806 3938 nobis
845 3890 972 3937 sunt
1015 3881 1178 3947 dicta,
1226 3895 1381 3950 aequo
1419 3881 1602 3934 animo
1631 3879 1849 3935 ferenda

252 3990 376 4032 esse
416 3976 554 4029 mala
597 3972 882 4044 ejusmodi,
926 3973 1142 4042 Deoqne
1184 3972 1384 4042 gratias
1429 3971 1702 4042 agendas,
1758 3969 1847 4040 qui

252 4069 586 4140 propinquos
611 4078 823 4121 nostros
839 4066 1283 4127 sibiassumcret.
1313 4064 1480 4119 Hodie
1501 4079 1628 4118 vero
1653 4063 1848 4118 lectum

251 4171 336 4216 est
361 4161 542 4216 istud:
585 4158 751 4213 Vidua
798 4153 1012 4230 eligatur
1057 4173 1161 4212 non
1189 4157 1354 4209 minus
1393 4155 1657 4226 sexaginta
1684 4171 1844 4208 anno-

251 4269 367 4307 rum
419 4251 517 4324 (1.
550 4249 684 4305 Tim.
718 4250 903 4320 5.9).
955 4248 1182 4318 Quando
1234 4249 1395 4318 igitur
1446 4263 1514 4302 ex
1569 4247 1852 4302 occasione

253 4344 446 4398 mortis
471 4342 703 4396 viduitas
739 4341 929 4404 oritur,
959 4350 1014 4394 et
1042 4341 1142 4393 hoc
1179 4348 1282 4406 est,
1321 4339 1462 4408 quod
1490 4341 1721 4392 maxime
1750 4338 1850 4392 do-

253 4435 427 4492 lorem
475 4445 654 4504 auget,
703 4449 765 4487 ac
811 4432 1010 4486 luctum
1051 4433 1277 4498 excitat,
1322 4445 1592 4485 memores
1641 4444 1850 4494 eorum,

251 4543 377 4599 quae
402 4542 576 4596 nuper
599 4541 628 4579 a
655 4525 808 4580 nobis
847 4525 984 4578 dicta
1032 4533 1155 4578 sunt
1184 4522 1249 4576 ad
1279 4537 1372 4577 eos
1401 4522 1492 4592 qui
1524 4524 1703 4592 lugent
1725 4536 1852 4575 cono

252 4620 532 4682 solandus,
557 4633 729 4688 eaque
753 4632 966 4671 summo
991 4615 1167 4670 studio
1188 4614 1562 4682 suscipientes,
1587 4615 1637 4668 in
1661 4621 1854 4668 vestra:

254 4714 454 4769 mentis
480 4709 854 4780 promptuariis
879 4709 966 4761 illa
995 4707 1290 4762 recondite.
1323 4706 1457 4760 Nam
1484 4705 1712 4759 viduitas
1738 4705 1854 4775 qui-

256 4804 381 4858 dem
429 4800 748 4855 calamitatis
789 4814 908 4854 esse
938 4812 1130 4852 nomen
1159 4797 1388 4860 videtur,
1420 4796 1514 4851 sed
1542 4806 1720 4850 tamen
1746 4809 1854 4848 non

254 4904 360 4961 cst,
404 4887 592 4947 Veru'm
623 4891 873 4960 dignitas,
904 4890 1099 4957 honor,
1142 4899 1198 4945 et
1226 4890 1394 4960 gloria
1434 4889 1700 4954 maxima;
1748 4904 1853 4942 non

255 4985 630 5056 opprobrium,
656 4983 751 5038 sed
764 4997 984 5038 corona.
1005 4982 1154 5038 Licet
1183 4983 1325 5037 enim
1352 4981 1601 5037 maritum
1631 4996 1736 5034 non
1763 4978 1856 5033 ha-

256 5079 405 5144 beat,
430 5091 552 5131 cum
576 5091 684 5144 quo
705 5074 927 5140 habitet,
956 5074 1112 5129 vidua
1137 5093 1152 5130 :
1184 5083 1360 5130 tamen
1390 5071 1658 5128 Christum
1698 5071 1859 5126 habet

256 5185 381 5224 cum
414 5182 522 5237 quo
546 5165 770 5233 habitet,
799 5186 832 5223 a
850 5182 958 5235 quo
981 5167 1249 5230 universa,
1276 5182 1396 5236 qnte
1427 5166 1692 5235 ingruant,
1718 5165 1859 5219 mala

259 5257 658 5330 propulsentur.
704 5259 914 5315 Sul‘licit
942 5259 1084 5313 cnim
1115 5259 1241 5313 dum
1274 5260 1478 5328 injuriis
1522 5271 1744 5314 vexatur
1774 5261 1854 5310 vi-

256 5353 386 5416 dua,
440 5365 498 5404 ut
550 5351 799 5414 introeat,
849 5367 990 5419 genu
1042 5351 1238 5414 ﬂectat,
1289 5351 1482 5404 acerbe
1522 5350 1852 5420 ingemiscat,

258 5454 524 5515 Iacrymas
568 5443 776 5507 fundat,
823 5453 877 5496 ct
915 5458 1098 5496 omnes
1125 5443 1345 5498 insidias
1371 5459 1577 5506 eorum,
1609 5459 1636 5496 a
1665 5443 1856 5513 quibus

256 5546 502 5598 uexatur,
545 5535 788 5601 repellat.
841 5535 1112 5602 Ejusmodi
1159 5536 1301 5589 enim
1331 5552 1476 5588 arma
1507 5545 1628 5588 sunt
1659 5535 1851 5600 vidum,

259 5624 532 5697 lacrymae,
561 5628 811 5695 gemitus,
858 5642 920 5678 ac
967 5640 1154 5695 preces
1179 5627 1407 5679 assidua:
1446 5645 1460 5679 :
1490 5642 1588 5697 per
1609 5627 1724 5681 haec
1751 5642 1855 5680 non

262 5758 398 5882 ")(Il)
431 5755 606 5809 Collata
646 5772 755 5808 cum
782 5766 885 5806 Mss.
929 5765 1042 5822 Reg.
1074 5758 1226 5818 1972i,
1261 5764 1313 5808 et.
1349 5757 1640 5810 Colbertinis
1677 5760 1771 5811 970
1806 5767 1857 5811 et

322 5836 380 5881 Sil

322 5836 380 5881 Sil

1825 2933 2005 2988 om-

2015 2953 2231 2964 ————__

1965 3051 2224 3107 humanas
2270 3062 2474 3108 tantum
2523 3052 2765 3124 injurias,
2812 3053 2906 3108 sed
2948 3054 3254 3110 da'tnonum
3285 3058 3445 3112 etiam
3476 3059 3561 3112 in.

1957 3159 2146 3200 cursus
2168 3145 2366 3215 poterit
2383 3144 2896 3214 propulsare.Vidua
2916 3161 2944 3199 a
2963 3146 3310 3202 smcularihus
3333 3150 3562 3218 negotiis

1958 3235 2210 3292 immunis
2253 3245 2357 3302 est,
2406 3236 2474 3291 ad
2519 3240 2709 3292 carlum
2755 3249 2933 3293 autem
2982 3240 3240 3309 deinceps
3268 3241 3475 3298 tendit:
3504 3252 3566 3299 et

1956 3329 2100 3399 quod
2139 3344 2263 3399 erga
2304 3331 2476 3384 virum
2517 3328 2753 3384 studium
2780 3338 2834 3383 et
2857 3328 3059 3384 cultum
3095 3330 3403 3396 exhibebat,
3433 3350 3557 3390 eum

1959 3419 2012 3475 in
2041 3434 2128 3474 res
2165 3419 2475 3490 spirituales
2513 3427 2691 3488 potest
2726 3419 3058 3490 impendere.
3092 3420 3245 3488 Quod
3293 3423 3339 3477 si
3383 3422 3556 3492 dicas,

1957 3508 2085 3564 olim
2116 3526 2230 3565 rem
2272 3511 2429 3564 istam
2472 3511 2830 3565 calamitatem
2861 3511 3044 3578 fuisse,
3079 3521 3189 3567 tum
3221 3513 3348 3568 illud
3388 3515 3557 3586 sulijj-

1957 3601 2118 3667 ciam,
2162 3610 2390 3655 mortem
2437 3614 2651 3672 quoque
2685 3601 3024 3658 maledictam
3051 3601 3218 3658 fuisse
3246 3620 3260 3656 :
3289 3612 3470 3660 tamen
3500 3609 3552 3660 in

1957 3689 2218 3748 honorem
2244 3705 2308 3746 ac
2335 3691 2646 3765 dignitatem
2672 3707 2930 3747 comn-rsa
2960 3703 3044 3749 est
3070 3693 3154 3748 his
3179 3699 3267 3764 qui
3295 3695 3560 3765 patienter

1958 3782 2175 3838 tulerint
2206 3782 2568 3839 invadentem.
2614 3783 2704 3840 Sic
2734 3783 2985 3838 nimirum
3011 3793 3067 3840 et
3108 3774 3374 3857 martyres
3400 3800 3558 3842 coro-

1957 3885 2175 3944 nantur,
2202 3877 2497 3949 eademque
2525 3877 2733 3933 ratione
2759 3877 2922 3933 vidua
2946 3893 3215 3933 summam
3236 3881 3301 3934 ad
3333 3881 3561 3951 dignita-

1957 3979 2066 4025 tem
2096 3969 2361 4025 evehitur.

2028 4060 2085 4115 9..
2132 4059 2222 4115 Vis
2260 4062 2577 4133 intelligere,
2618 4075 2814 4133 quanta
2846 4081 2932 4120 res
2959 4067 3029 4122 sit
3074 4069 3272 4125 vidua?
3299 4089 3458 4143 quam
3490 4075 3560 4131 sit

1957 4152 2100 4222 apud
2145 4153 2310 4208 Deum
2342 4153 2544 4208 honore
2583 4155 2764 4225 digna,
2808 4166 2863 4212 ct
2887 4173 3094 4227 amore,
3129 4173 3290 4232 utque
3316 4180 3558 4220 summu-

1960 4259 2088 4313 pere
2117 4259 2216 4298 suo
2244 4249 2412 4316 possit
2435 4245 2576 4316 apud
2605 4248 2769 4304 Deum
2802 4251 3096 4318 patrocinio
3119 4255 3408 4323 juvarc,et
3437 4273 3557 4315 cum

1960 4338 2191 4406 primum
2215 4337 2536 4406 apparuerit,
2571 4338 2683 4408 jam
2727 4340 3029 4407 damnatos,
3060 4347 3297 4399 animum
3328 4346 3561 4418 despon-

1959 4428 2182 4490 dentes,
2222 4428 2432 4485 hiscere
2477 4445 2582 4484 non
2625 4432 2924 4497 audentes,
2969 4434 3188 4491 odiosas
3234 4438 3363 4505 lien,
3409 4442 3557 4497 omni

1960 4521 2324 4574 excusationis
2367 4536 2462 4590 spe
2505 4522 2764 4592 spoliatos
2811 4524 3064 4595 liberare,
3095 4544 3158 4583 ac
3189 4534 3556 4600 reconciliare,

1961 4627 2134 4681 neque
2162 4612 2370 4668 veniam
2395 4622 2597 4667 tantum
2627 4613 2919 4685 impetrare
2939 4628 2994 4672 et
3021 4621 3282 4691 supplicio
3299 4623 3557 4691 eximere,

1959 4703 2056 4786 sed
2085 4714 2139 4759 et
2164 4706 2383 4760 multam
2409 4706 2650 4767 ﬁduciam
2698 4723 2762 4763 ac
2807 4704 3148 4780 splendorem
3179 4717 3476 4784 acquirere,
3509 4733 3563 4775 et

1959 4796 2095 4851 solis
2111 4797 2274 4853 radiis
2303 4799 2547 4867 puriores
2573 4800 2818 4863 reddere,
2849 4801 2970 4856 licet
3003 4804 3244 4860 omnium
3272 4811 3378 4862 s'nt
3413 4825 3553 4862 mur-

1962 4890 2145 4950 talium
2190 4890 2586 4946 sordidissimi?
2623 4892 2760 4947 Audi
2811 4893 2979 4948 Deum
3029 4895 3202 4964 ipsum
3243 4897 3459 4969 .ltltltl‘OS
3486 4905 3563 4956 sic

1960 4981 2321 5051 alloquentem
2349 5000 2363 5036 :
2397 4981 2522 5038 Cum
2549 4985 2872 5039 extenderitis
2903 5003 3081 5041 manus
3102 4998 3312 5054 vestras,
3338 5002 3561 5046 auertant

1963 5074 2137 5127 oculos
2163 5090 2299 5128 meos
2325 5091 2357 5127 a
2379 5075 2517 5129 vobis
2535 5089 2558 5129 :
2582 5076 2628 5129 si
2656 5076 3111 5146 multiplicaveritis
3137 5080 3434 5147 orationem,
3465 5100 3563 5136 non

1963 5168 2235 5221 exaudiam
2285 5183 2370 5221 uos
2411 5183 2432 5220 :
2469 5183 2652 5221 manus
2704 5169 2836 5223 enim
2883 5181 3059 5226 vestra:
3101 5176 3347 5244 sanguine
3401 5178 3565 5244 ptem:

1961 5267 2080 5312 sunt
2107 5255 2262 5328 (lsai.
2296 5260 2486 5329 L15).
2512 5262 2762 5317 Attamen
2809 5262 2892 5318 liis
2945 5265 3223 5320 sceleratis
3262 5265 3563 5333 homicidas,

1967 5351 2170 5419 pudore
2215 5351 2449 5417 suffusis,
2494 5353 2781 5423 ignominia
2824 5357 3021 5412 notatis
3063 5373 3121 5412 se
3163 5357 3563 5413 reconciliatum

1965 5443 2029 5496 iri
2060 5443 2361 5512 pollicetur,
2388 5445 2433 5498 si
2454 5445 2657 5501 all‘ecds
2685 5447 2875 5516 injuria
2899 5448 3072 5504 viduis
3091 5447 3346 5503 auxilium
3372 5447 3560 5502 rennuit.

1967 5535 2253 5604 Postquam
2303 5537 2445 5589 enim
2493 5537 2646 5600 dixit,
2694 5539 2929 5591 Avertam
2977 5537 3148 5594 oculos
3194 5557 3348 5600 meos.
3396 5549 3568 5593 etnon

1963 5627 2258 5694 exaudiam,
2316 5628 2485 5697 inquit
2513 5645 2525 5680 :
2565 5626 2804 5684 Judicate
2829 5632 3058 5699 pupillo,
3090 5640 3134 5684 et
3176 5631 3460 5702 justi/icere
3489 5634 3563 5682 vi-

1967 5719 2141 5785 duam,
2172 5731 2215 5776 ct
2246 5728 2423 5786 uenite,
2478 5732 2522 5775 et
2573 5724 2927 5789 disputemus;
2955 5738 3000 5778 et
3055 5726 3099 5778 si
3141 5729 3325 5794 fuerint
3366 5740 3566 5792 peccata

1967 5822 2129 5867 castra
2169 5815 2323 5883 quasi
2359 5815 2692 5885 phtrniccnm,
2738 5817 2865 5870 sicut
2915 5818 3072 5870 nivem
3115 5818 3480 5884 deutbaboUb.
3516 5819 3567 5873 ί.
