4074 6394
574 376 681 434 335

572 484 657 540 17.
691 480 806 554 18).
858 480 1021 537 Vides
1067 486 1317 551 quantam
1363 477 1557 536 habeat
1595 475 1751 533 vidua
1783 472 2150 548 'potestatom'

568 573 656 627 ubi
699 586 854 627 suum
898 568 1460 635 ostendat-auxilium,
1492 583 1600 630 non
1619 566 1759 639 apud
1784 566 2149 637 magistratum

567 666 653 717 vel
682 678 887 734 regem,
914 661 1001 732 qui
1027 660 1369 716 dominantur
1394 660 1446 715 in
1478 660 1654 726 terris,
1686 659 1781 715 sed
1811 658 1948 728 apud
1978 658 2150 727 ipsum

564 754 817 809 αισιυτιηη
860 752 1104 823 Regem?
1147 760 1397 823 quantam
1443 752 1614 821 possit
1656 752 1789 807 iram
1824 749 2043 813 sedare,
2087 764 2151 803 ac

567 846 846 901 Dominum
893 843 1018 909 illis,
1065 844 1154 915 qui
1202 844 1481 899 iucurabili
1531 842 1720 898 morbo
1767 840 1945 898 infecti
1989 849 2146 906 sunt,

565 936 796 1006 placare,
837 928 1158 989 intoltuabili
1196 934 1455 1006 supplicio
1495 933 1725 1002 eripere.
1762 931 1995 986 animam
2026 946 2148 985 sor-

562 1026 717 1081 dibus
742 1025 983 1081 obrutam
1012 1036 1349 1095 peccatorum
1378 1027 1445 1080 ab
1470 1023 1732 1095 ejusmodi
1758 1023 1879 1079 labe
1900 1038 2144 1094 purgare,

559 1128 720 1189 atque
764 1116 831 1171 ad
871 1132 1134 1172 summam
1184 1118 1465 1187 puritatem
1510 1115 1944 1187 perducereYNe
1987 1115 2147 1186 igitur

560 1208 839 1266 mulierem
863 1209 1073 1264 viduam
1100 1218 1525 1273 contemnamus,
1551 1207 1646 1263 sed
1673 1222 1889 1267 omnem
1915 1207 1968 1262 in
1999 1207 2143 1262 illam

556 1299 967 1357 sollicitudinem
1004 1299 1370 1356 esbibeamus.
1417 1298 1646 1354 Patrona
1674 1306 1856 1356 nostra
1893 1307 1995 1366 est,
2025 1312 2144 1369 quae

557 1407 687 1448 vere
710 1393 889 1447 vidua.

629 1480 829 1537 Genera
850 1482 1120 1535 viduarum
1144 1482 1381 1535 ναίει-
1402 1480 1512 1537 Sed
1532 1495 1710 1551 operte
1730 1479 1955 1553 pretium
1984 1477 2145 1535 fuerit

559 1580 618 1625 ut
644 1579 845 1626 attente
887 1571 1307 1637 consideremus,
1345 1571 1413 1627 de
1449 1587 1551 1643 qua
1593 1571 1805 1627 tandem
1846 1571 2000 1627 vidua
2040 1570 2142 1627 hoc

556 1660 673 1715 luco
699 1660 859 1715 verba
879 1662 1025 1715 fiant.
1040 1661 1172 1717 Nam
1192 1671 1246 1717 et
1268 1662 1370 1717 illa:
1394 1663 1565 1717 vidua:
1581 1662 1848 1729 dicuntur,
1875 1679 1993 1733 qua:
2018 1677 2139 1718 cum

555 1751 608 1806 in
652 1768 913 1808 summam
955 1754 1233 1809 inciderint
1282 1764 1569 1825 egestatem
1616 1765 1671 1810 et
1714 1756 1766 1809 in
1808 1755 2139 1812 matriculam

555 1842 738 1898 relata:
783 1843 997 1909 fuerint,
1047 1860 1113 1900 ex
1165 1845 1542 1901 ecclesiasticis
1601 1848 1839 1915 pecuniis
1886 1847 2138 1917 aluntur,

553 1944 712 2004 prout
769 1935 1099 2006 temporibus
1159 1936 1520 2006 apostolorum
1582 1938 1761 1993 liebat.
1810 1936 2028 1992 Factum
2069 1949 2141 1993 est

550 2025 715 2091 enim,
759 2026 947 2097 inquit,
984 2045 1215 2082 murmur
1254 2029 1385 2083 inter
1428 2027 1651 2094 θνατοί,
1685 2046 1744 2084 eo
1800 2031 1935 2102 quod
1968 2035 2139 2103 despi-

549 2130 783 2173 cerentur
806 2120 859 2174 in
897 2120 1173 2175 ministerio
1200 2122 1499 2191 quotidiana
1523 2124 1689 2177 vidua:
1724 2140 1897 2178 eorum
1917 2124 2049 2195 (Act.
2082 2126 2138 2180 6.

552 2209 627 2277 1).
671 2210 854 2281 Neque
897 2228 1026 2267 vero
1068 2214 1239 2268 solum
1281 2214 1395 2268 ista:
1436 2214 1607 2269 vidua:
1650 2215 1918 2279 dicuntur,
1964 2216 2056 2270 sed
2086 2225 2141 2271 et

552 2301 676 2369 illm,
704 2305 986 2373 quaenuIIa
1016 2305 1191 2374 inopia
1223 2321 1443 2376 pressas,
1476 2306 1570 2360 sed
1601 2305 1939 2363 facultatibus
1963 2309 2136 2363 abun-

549 2394 757 2461 dantes,
785 2410 905 2449 cum
933 2396 1115 2451 domui
1140 2396 1376 2466 praesint,
1416 2399 1664 2453 maritum
1708 2408 1910 2455 tantum
1939 2400 2138 2455 amise-

550 2495 692 2540 ntut.
741 2486 1025 2542 Videamus
1070 2501 1228 2557 ergo,
1276 2487 1345 2544 de
1386 2504 1617 2559 quanam
1665 2490 1821 2545 vidua
1848 2491 1971 2547 .hoc
2017 2491 2139 2547 low

548 2577 710 2631 verba
736 2574 914 2641 faciat,
944 2577 1069 2632 dum
1097 2579 1191 2645 ait,
1223 2577 1389 2633 Vidua
1414 2580 1630 2651 eligatur
1653 2598 1752 2636 non
1790 2582 1955 2637 minor
1988 2585 2137 2639 annis

546 2668 934 2738 sexaginta;au
977 2654 1045 2723 de
1084 2683 1146 2723 ea
1192 2685 1309 2738 qtae
1354 2671 1554 2726 auxilio
1596 2672 1848 2742 indigeat,
1894 2684 1949 2729 et
1975 2690 2135 2745 quam

545 2773 683 2830 opus
708 2760 777 2815 sit
802 2776 867 2815 ex
908 2761 1285 2817 ecclesiasticis
1334 2764 1567 2831 pecuniis
1605 2766 1699 2831 ali,
1728 2781 1795 2820 an
1825 2766 1893 2823 de
1930 2782 1989 2822 ea
2017 2783 2139 2839 qute

548 2849 765 2905 minime
782 2850 955 2920 indiga
973 2852 1062 2916 sit,
1086 2861 1141 2907 et
1154 2853 1341 2922 opibus
1361 2854 1729 2911 circumﬂuat?
1748 2857 1896 2913 Haud
1918 2858 2138 2915 dubium

545 2941 674 3009 quin
716 2940 785 2995 de
827 2942 948 2996 ista.
978 2942 1108 2997 Nam
1135 2944 1203 2999 de
1230 2945 1317 2999 illa
1344 2946 1556 3016 quidem
1588 2963 1707 3003 cum
1735 2949 1983 3020 loquitur,
2016 2968 2135 3023 qua!

548 3033 686 3086 fante
711 3034 1009 3099 conficitur,
1036 3050 1139 3087 non
1165 3044 1373 3105 tempus
1396 3039 1649 3106 assignat,
1681 3055 1785 3093 non
1815 3042 2132 3110 probitatem

549 3138 756 3176 morum
806 3125 1065 3191 reluirit:
1094 3126 1188 3180 sed
1238 3128 1497 3194 absolute,
1533 3130 1596 3185 Si
1620 3132 1729 3201 quis
1755 3133 1943 3201 ﬁdelis,
1976 3145 2063 3189 aut
2090 3140 2134 3191 si

542 3229 639 3279 qua
667 3213 851 3282 ﬁdelis,
882 3214 1071 3285 inquit,
1100 3218 1277 3272 viduas
1323 3220 1492 3287 habet,
1539 3223 1877 3279 subministra
1925 3226 2049 3294 illis,
2088 3237 2134 3282 et

543 3324 642 3361 tum
669 3317 908 3379 gravetur
932 3309 1159 3365 Ecclesia
1198 3311 1273 3385 (1.
1298 3310 1433 3367 Tim.
1456 3314 1509 3369 5.
1544 3315 1635 3386 16)
1661 3334 1676 3371 :
1699 3332 1807 3374 non
1833 3318 1986 3387 dixit,
2014 3335 2134 3377 cum

541 3399 815 3468 sexaginta
853 3415 1114 3455 annorum
1154 3400 1350 3468 fuerit;
1380 3419 1486 3460 non
1514 3404 1666 3472 dixit,
1697 3407 1750 3464 Si
1796 3396 2025 3481 hospitio
2050 3428 2137 3468 re-

539 3492 683 3559 t'epit
700 3490 742 3554 ',
761 3490 807 3545 si
836 3501 1138 3547 sanctorum
1162 3493 1323 3565 pedes
1344 3496 1471 3551 lavit
1498 3496 1575 3569 (Ι.
1599 3497 1681 3553 Ib.
1705 3500 1759 3556 5.
1785 3502 1873 3571 10)
1898 3518 2003 3558 :ac
2023 3494 2135 3561 me-

541 3581 643 3634 rito
690 3596 839 3636 sane.
894 3582 990 3644 Ubi
1032 3585 1172 3639 enim
1219 3588 1512 3643 remedium
1556 3588 1719 3647 fuerit
1772 3593 2131 3654 adhibendum

542 3670 755 3739 inopiae,
804 3682 1013 3743 tetnpus
1056 3690 1160 3729 non
1203 3688 1499 3748 exspectat.
1535 3680 1672 3749 Quid
1723 3685 1887 3754 enim,
1938 3687 1984 3743 si
2009 3704 2130 3747 cum

540 3776 801 3817 annorum
849 3765 918 3819 sit
957 3768 1359 3838 quinquaginta,
1404 3771 1544 3827 fame
1591 3775 1945 3833 conficiatur?
1993 3781 2132 3850 Quid

542 3854 585 3905 si
605 3853 657 3907 in
679 3853 901 3922 juvenili
922 3868 1079 3911 tetate
1103 3874 1329 3929 corpore
1356 3863 1425 3918 sit
1446 3865 1689 3921 mutilato
1705 3868 1885 3923 PsNtuu
1904 3871 2133 3931 dormiet

542 3953 864 4013 exspectans
907 3947 1080 4002 donec
1130 3952 1495 4021 sexagesimus
1549 3971 1721 4013 annus
1770 3965 2026 4031 appetat?
2065 3967 2135 4022 At

543 4034 647 4091 huc
692 4047 947 4092 extremae
994 4039 1132 4095 foret
1176 4042 1541 4100 immanitatis.
1591 4048 1761 4115 Quam
1803 4052 1873 4108 ob
1916 4069 2129 4112 oausam

539 4145 663 4184 mm
709 4130 948 4187 sedanda
991 4132 1157 4189 fames
1200 4135 1380 4202 fuerit,
1417 4153 1522 4193 non
1549 4142 1707 4199 anxie
1734 4145 1787 4197 in
1817 4155 2053 4216 tempora
2078 4156 2133 4205 et

540 4222 734 4279 animm
780 4226 1001 4282 virtutes
1044 4228 1297 4299 inquirit:
1328 4246 1450 4287 cum
1491 4249 1619 4290 vero
1649 4253 1754 4292 nun
1790 4240 1981 4308 impias
2007 4256 2130 4299 suc-

540 4315 863 4373 currendum
912 4327 1013 4383 est,
1066 4320 1160 4375 sed
1218 4321 1389 4378 bonor
1440 4333 1525 4379 est
1566 4341 1664 4397 pro
1700 4328 1955 4399 dignitate
1982 4332 2134 4391 defe-

545 4416 779 4484 rendus,
821 4418 1015 4473 merito
1051 4417 1190 4475 banc
1226 4420 1294 4476 de
1332 4423 1569 4479 moribus
1608 4424 2004 4496 inquisitionem
2044 4446 2131 4487 m-

541 4509 731 4563 stituit.

614 4599 670 4655 3.
712 4598 847 4653 Olim
873 4600 1017 4656 chori
1038 4612 1179 4657 erant
1220 4603 1509 4660 viduarum.
1530 4636 1603 4648 —-
1626 4608 1756 4664 Nam
1785 4614 2131 4681 quemadmo-

541 4688 670 4745 dum
697 4690 847 4745 chori
874 4703 999 4747 sunt
1022 4694 1306 4764 virginum,
1335 4699 1413 4753 sic
1438 4710 1492 4752 et
1517 4700 1645 4755 olim
1671 4714 1825 4758 erant
1854 4705 2129 4764 viduarum

543 4780 718 4844 chori,
748 4797 918 4852 neque
957 4786 1154 4853 passim
1195 4787 1387 4845 licebat
1416 4790 1519 4847 illis
1545 4793 1596 4847 in
1628 4811 1907 4852 numerum
1948 4800 2131 4855 vidua-

548 4888 663 4927 rum
711 4872 914 4928 referri.
959 4875 1074 4931 Non
1118 4877 1277 4949 igitur
1316 4880 1383 4936 de
1411 4882 1497 4937 illa
1527 4898 1705 4940 sermo
1734 4899 1835 4952 est,
1863 4905 1981 4959 quae
2016 4907 2132 4960 pre-

546 4964 710 5020 mitur
754 4976 1015 5036 cgeslate,
1064 4978 1223 5040 atque
1265 4973 1463 5030 auxilio
1508 4976 1729 5049 indiget,
1777 4982 1869 5037 sed
1912 4981 1980 5038 de
2010 4984 2129 5051 ista,

546 5072 665 5125 qtne
700 5056 1009 5114 viduitatem
1050 5061 1228 5133 elegit.
1240 5064 1365 5119 .Cur
1391 5078 1569 5124 autem
1602 5070 1653 5125 in
1685 5072 1787 5128 hac
1810 5076 1969 5130 etiam
2000 5086 2133 5131 tem-

545 5162 649 5217 pus
695 5148 958 5219 requirit?
1000 5150 1211 5209 Sciebat
1252 5170 1436 5228 pyram
1470 5162 1753 5231 quamdam
1782 5180 1901 5222 esse
1934 5169 2129 5239 juven-

548 5246 739 5303 tutem,
768 5246 825 5294 et
852 5240 1068 5312 pelagus
1099 5245 1310 5313 plenum
1337 5248 1612 5317 ﬂuctuum,
1640 5268 1703 5309 ac
1728 5256 1905 5313 multis
1928 5267 2131 5331 tempe-

546 5328 774 5385 statibus
824 5329 1095 5389 infestum.
1152 5337 1435 5409 Postquam
1489 5342 1651 5414 igitur
1674 5348 1847 5403 aetatis
1874 5328 2132 5411 beneficio

548 5418 746 5476 {iuerint
798 5422 1185 5483 immunitatem
1234 5445 1598 5503 consequutus,
1643 5446 1699 5495 et
1753 5450 2019 5514 tamquam
2067 5449 2131 5503 ad

551 5519 761 5578 portum
812 5512 879 5568 ad
927 5528 1257 5575 senectutem
1301 5526 1629 5595 appuleriut,
1672 5512 1893 5601 jamque
1942 5538 2136 5599 fuerint

553 5601 661 5656 illis
700 5604 975 5661 exstincta
1024 5606 1291 5679 libidines,
1344 5615 1675 5676 confidenter
1726 5636 1819 5677 cas
1847 5624 1899 5679 in
1936 5637 2133 5687 emtum

560 5726 757 5843 “innati
779 5725 928 5800 dixit,
955 5737 999 5791 si
1018 5737 1145 5805 ﬁlios
1166 5741 1403 5808 educam,
1428 5761 1470 5801 ss
1485 5748 1688 5816 hospitio
1711 5755 1908 5820 recepit.
1935 5759 2007 5813 sic
2028 5768 2133 5816 tres

1278 361 1338 422 s.
1376 359 1658 423 JOANNIS
1692 355 2176 418 attnvsosrout
2215 354 2537 417 meum.
2576 343 3115 425 consummati.

3732 387 3841 451 311

2259 468 2419 567 Istum
2460 474 2679 550 adlegit.
2730 480 2867 550 Quid
2911 483 3105 557 igitur?
3149 503 3327 551 nonne
3370 494 3612 566 plurimas
3630 542 3646 567 ,
3698 502 3844 562 dicet

2256 565 2467 662 aliquis,
2497 583 2619 628 cum
2647 572 2731 630 vel
2761 584 2879 643 post
2916 591 3113 635 annum
3140 565 3451 645 vicesimum
3491 565 3839 662 incepiasant,

2254 655 2322 711 ad
2354 658 2709 753 “nemusque
2734 679 2856 720 cum
2886 666 3044 724 laude
3073 672 3341 744 vixerunt,
3368 678 3555 751 jugum
3584 655 3842 753 tulertnnt,

2253 756 2310 802 et
2336 751 2640 848 apostolica
2685 756 2809 848 viae
2854 760 3126 831 specimen
3172 765 3487 831 ediderunt!
3534 788 3605 830 an
3651 751 3842 848 igitur,

2254 852 2455 906 qumso,
2478 841 2597 899 illas
2621 844 3045 919 prohibebituus,
3067 862 3261 911 etcum
3286 858 3596 919 viduitatem

2252 930 2436 997 velint,
2486 937 2736 994 secundis
2783 942 2980 1010 nuptiis
3024 944 3488 1021 jungicogemus?
3510 956 3736 1017 hoccine
3759 963 3847 1017 di-

2250 1033 2413 1091 gnum
2451 1036 2533 1080 est
2573 1022 2799 1098 apostoli
2846 1033 3108 1091 consilio?
3132 1038 3257 1109 quid
3288 1043 3449 1113 igitur
3483 1046 3595 1104 haec
3617 1050 3719 1122 sibi
3749 1068 3846 1109 ro-

2252 1113 2367 1171 lunt
2382 1117 2692 1178 iAttendite
2706 1123 3004 1195 diligenter,
3022 1130 3371 1205 dilectissimi,
3396 1113 3841 1212 significationem

2250 1207 2518 1267 dictionis.
2544 1212 2663 1270 Non
2686 1218 2831 1273 enim
2855 1219 3012 1286 dixit,
3036 1223 3203 1283 Vidua
3230 1228 3322 1284 fiat
3344 1207 3470 1287 not;
3482 1236 3662 1292 minor
3687 1255 3845 1295 sesa-

2420 1306 2597 1398 annis,
2624 1308 2741 1374 sed,
2783 1308 2951 1367 Vidua
2978 1314 3235 1387 eligatur:
3259 1329 3315 1377 et
3333 1338 3520 1381 rursus
3540 1344 3647 1384 non
3681 1331 3841 1398 dixit,

2251 1390 2435 1450 Vidua:
2452 1394 2691 1465 juniores
2716 1416 2785 1457 ne
2809 1402 3091 1475 eligantur,
3119 1410 3234 1477 sed,
3273 1412 3513 1473 Iuniores
3540 1423 3720 1478 vidum
3745 1390 3842 1480 de;

2247 1484 2349 1538 uita
2369 1487 2449 1557 (1.
2480 1485 2613 1543 Tim.
2640 1491 2694 1548 5.
2729 1492 2819 1566 11)
2846 1511 2861 1549 :
2885 1500 2963 1553 sic
2977 1499 3122 1555 enim
3139 1502 3216 1558 ait
3239 1503 3305 1560 ad
3335 1505 3676 1568 Timotheum
3705 1518 3845 1571 scri-

2248 1575 2399 1676 bens.
2445 1578 2589 1676 gNat-n
2656 1586 2908 1654 quoniam
2971 1590 3388 1655 detractionibus
3434 1609 3497 1656 et
3538 1605 3845 1676 maledictis

2247 1668 2417 1725 multi-
2440 1669 2595 1727 facile
2636 1686 2760 1732 sunt
2784 1678 3021 1747 obnoxii,
3052 1694 3108 1738 et
3135 1683 3343 1757 linguas
3366 1689 3628 1749 adversus

2244 1761 2337 1815 sia:
2358 1765 2617 1831 praesules
2643 1778 2895 1826 exacutas
2920 1771 3138 1843 habent,
3171 1780 3354 1837 volens
3382 1794 3645 1842 rectorem
3677 1804 3706 1842 a
3732 1792 3843 1845 cri-

2247 1855 2595 1913 minationum
2630 1862 2879 1930 periculis
2904 1866 3197 1938 vindicare,
3226 1872 3322 1928 has
3345 1875 3491 1947 leges
3511 1883 3839 1951 praseribit,

2244 1955 2299 2001 et
2322 1949 2427 2006 ait:
2462 1950 2540 2006 Tu
2567 1952 2765 2023 devita,
2812 1965 2867 2011 tu
2907 1974 2975 2014 ne
3013 1962 3197 2034 eligas.
3228 1965 3285 2021 Si
3310 1968 3439 2023 velut
3466 1949 3579 2040 ipsa
3609 1973 3748 2029 ultro

2243 2053 2339 2094 sua
2367 2051 2558 2109 sponte
2589 2043 2703 2100 lucc
2726 2048 2997 2117 amplecti,
3030 2051 3221 2110 faciat:
3250 2065 3303 2110 tu
3324 2059 3537 2128 quidem
3562 2077 3630 2117 ne
3657 2064 3840 2121 adhuc

2243 2128 2513 2199 admittas,
2561 2151 2630 2191 ne
2672 2137 2810 2194 forte
2849 2140 3047 2209 dicant,
3080 2143 3173 2200 Ille
3202 2148 3319 2204 talis
3340 2150 3608 2218 juniorem
3634 2158 3837 2227 coegit,

2243 2236 2362 2290 quat
2400 2224 2606 2281 nubere
2647 2228 2877 2297 volebat,
2922 2242 2981 2287 et
3016 2233 3197 2290 domui
3237 2252 3509 2307 praeesse:

2235 2312 2389 2405 ἥρω
2429 2325 2532 2381 est,
2576 2328 2629 2371 et
2660 2321 3017 2389 supplantata.
3061 2325 3138 2381 Tu
3184 2328 3329 2385 illam
3369 2346 3438 2386 ne
3479 2312 3669 2405 eligas,
3702 2339 3836 2393 utsi

2241 2402 2379 2460 forte
2408 2407 2552 2474 lapsa
2592 2409 2772 2475 fuerit,
2805 2423 2857 2467 tu
2884 2431 2912 2466 a
2943 2416 3402 2478 criminationibus
3426 2424 3501 2478 sis
3527 2402 3783 2484 immunis
3814 2448 3832 2483 :

2241 2496 2287 2549 si
2313 2511 2420 2551 non
2449 2498 2605 2555 fuerit
2629 2501 2796 2573 lapsa,
2816 2507 3007 2575 majori
3037 2524 3157 2564 cum
3184 2514 3472 2571 securitate
3488 2522 3836 2577 convenienti

2244 2592 2483 2656 tempore
2529 2591 2678 2646 illam
2723 2594 2910 2665 eligas.
2955 2596 3108 2664 Quod
3157 2601 3203 2656 si
3251 2601 3414 2671 dicat,
3455 2605 3833 2681 Volojunioru

2240 2677 2420 2732 viduas
2461 2681 2666 2749 nubere,
2706 2685 2843 2753 filios
2874 2703 3141 2757 procreare
3171 2691 3248 2763 (1.
3292 2691 3426 2749 Tim.
3458 2697 3512 2752 5.
3546 2677 3661 2770 11).
3707 2703 3831 2757 audi

2241 2787 2375 2842 quas
2414 2774 2654 2844 juniores
2678 2781 2929 2850 appellet,
2960 2798 3053 2840 eas
3079 2800 3200 2856 quae
3225 2802 3346 2843 cum
3375 2789 3663 2848 luxuriatae
3708 2795 3831 2852 fue-

2240 2864 2347 2920 rint
2373 2867 2630 2925 adversus
2652 2870 2944 2942 Christum,
2976 2877 3175 2934 nubere
3200 2881 3403 2948 volunt,
3434 2884 3712 2953 verbosas,
3738 2905 3832 2945 cu-

2238 2958 2448 3023 riosas,
2504 2962 2898 3022 circumeuntes
2952 2969 3176 3036 domos,
3224 2973 3498 3045 loquentes
3548 2996 3671 3049 qua:
3721 2997 3828 3039 non

2238 3061 2471 3121 oportet,
2522 3071 2639 3125 quae
2692 3072 2965 3115 conversae
3011 3074 3135 3118 sunt
3185 3077 3306 3135 post
3346 3079 3607 3127 satanam.
3646 3073 3830 3147 Neque

2238 3143 2382 3197 enim
2419 3159 2539 3199 cum
2572 3148 2887 3217 simpliciter
2919 3152 3161 3221 dixisset,
3207 3155 3331 3213 Volo
3350 3162 3582 3230 jnniores
3618 3143 3829 3237 nubere,

2239 3238 2424 3304 tacuit,
2455 3239 2548 3294 sed
2592 3249 2648 3295 et
2690 3245 3137 3313 qualesjuniores
3163 3248 3312 3315 dicit,
3356 3265 3411 3308 et
3438 3269 3620 3311 earnm
3645 3258 3831 3329 lapsus

2238 3330 2501 3385 enuntiat.
2533 3331 2678 3399 Quos
2700 3334 2910 3391 tandem
2935 3338 3149 3407 lapsus?
3172 3339 3300 3396 Cum
3324 3344 3593 3400 luxuriata
3613 3348 3829 3418 fuerim,

2237 3417 2431 3491 inquit,
2457 3422 2697 3478 adversus
2736 3426 3013 3495 Christum,
3041 3431 3227 3486 nubere
3251 3434 3447 3502 volunt,
3474 3446 3525 3491 et
3546 3438 3725 3495 otiosa
3747 3417 3831 3496 die

2233 3510 2406 3582 scunt,
2450 3523 2501 3569 et
2540 3516 2775 3582 curiosae,
2818 3520 3180 3577 circumeuntes
3202 3524 3397 3588 domos,
3431 3527 3691 3597 loquentes
3713 3549 3833 3603 qua

2237 3619 2342 3658 non
2388 3616 2605 3677 oportet,
2645 3617 2693 3662 et
2746 3625 2999 3667 conversa
3045 3624 3164 3668 sunt
3192 3614 3534 3687 (lbid.v.ll.
3564 3621 3655 3677 13.
3707 3625 3826 3698 18).

2238 3694 2365 3751 Post
2385 3713 2544 3768 quem
2575 3702 2790 3755 autem?
2818 3700 2944 3757 Post
2967 3713 3219 3760 satanam.
3238 3708 3461 3773 Quando
3480 3711 3663 3782 igitur,
3682 3694 3833 3786 posi-

2236 3802 2393 3855 quam
2438 3786 2748 3847 viduitatem
2801 3801 2926 3848 sunt
2977 3797 3263 3865 amplexae,
3321 3808 3376 3853 et
3424 3814 3641 3857 omnem
3689 3804 3833 3863 hanc

2237 3881 2582 3952 ignominiam
2626 3887 2893 3942 sustinere
2937 3888 3240 3954 voluerunt,
3271 3905 3456 3946 rursus
3503 3894 3710 3951 nubere
3735 3912 3833 3951 vo-

2236 3974 2369 4040 lunt,
2420 3978 2585 4032 satius
2632 3987 2714 4033 est
2762 3980 3066 4050 priusquam
3115 3991 3331 4050 peccato
3382 3983 3832 4055 detineantur,et

2237 4065 2364 4120 inita
2395 4082 2513 4121 cum
2546 4066 2756 4123 Christo
2786 4081 2933 4139 pacta
2963 4071 3179 4137 violent,
3212 4072 3276 4126 ad
3308 4072 3407 4128 hoc
3432 4076 3615 4131 venire
3641 4093 3655 4131 :
3684 4079 3831 4149 quod

2237 4157 2282 4211 si
2314 4174 2415 4227 qua
2441 4158 2559 4212 talis
2588 4176 2691 4213 non
2720 4158 2899 4224 fuerit,
2930 4163 3306 4218 necessitatem
3332 4164 3690 4222 secundarum
3730 4186 3831 4245 nu-

2239 4249 2463 4319 ptiarum
2485 4265 2589 4305 non
2622 4252 2864 4321 imponit.
3913 4324 3923 4336 ο

2307 4342 2360 4395 4.
2406 4341 2569 4396 Porro
2599 4342 2652 4396 id
2684 4359 2865 4397 verum
2891 4360 3031 4409 esse,
3057 4345 3179 4401 inde
3206 4356 3436 4402 constat.
3469 4347 3524 4406 Si
3555 4351 3703 4407 enim
3724 4351 3829 4409 hoc

2237 4433 2385 4503 quasi
2417 4436 2531 4505 lege
2555 4436 2820 4491 sanxisset
2838 4438 3438 4506 omnibusmulieribus,
3458 4452 3516 4495 ut
3535 4442 3825 4507 nuberem.

2236 4535 2291 4581 et
2317 4526 2495 4580 domui
2547 4537 2858 4595 praeessent,
2906 4528 3175 4599 superﬂue
3217 4531 3306 4585 illa
3346 4532 3737 4603 requisivisset,
3765 4534 3827 4592 St

2234 4619 2369 4687 ﬁlios
2395 4620 2642 4683 educavit,
2670 4621 2714 4675 si
2742 4632 3028 4675 sanctorum
3054 4623 3204 4694 pedes
3227 4624 3369 4692 lavit,
3390 4626 3435 4679 si
3454 4626 3828 4683 tribulationem

2236 4710 2535 4780 patientibus
2574 4714 2819 4775 subvenit,
2861 4716 2907 4769 si
2952 4731 3100 4769 omne
3140 4732 3268 4787 opus
3309 4715 3495 4797 bonum
3538 4729 3731 4775 sectati!
3755 4730 3829 4777 est

2238 4805 2343 4879 (Ib.
2390 4822 2437 4860 υ.
2474 4806 2602 4877 10);
2634 4808 2900 4877 superflue
2938 4825 3148 4879 quoque
3178 4810 3305 4865 illud
3336 4810 3481 4874 dicit,
3525 4811 3656 4879 Qua
3676 4816 3829 4888 fuerit

2236 4896 2387 4951 unius
2429 4897 2524 4951 viri
2564 4913 2693 4951 uxor
2738 4897 2843 4969 (Ib.
2872 4914 2921 4952 υ.
2952 4899 3031 4971 9).
3058 4899 3113 4955 Si
3141 4902 3283 4956 enim
3307 4901 3495 4958 viduas
3521 4919 3715 4962 omnes
3737 4906 3830 4978 ju-

2238 4990 2416 5043 niores
2458 4990 2659 5046 nubere
2692 4989 2875 5061 jubes,
2917 4991 3186 5062 quomodo
3229 4994 3427 5063 poterit
3462 4994 3639 5066 aliqua
3672 4999 3830 5055 unius

2239 5081 2337 5136 viri
2367 5098 2501 5137 uxor
2526 5083 2684 5139 esse?
2712 5082 2896 5154 itaque
2940 5085 3057 5139 illas
3099 5085 3216 5156 ejus
3258 5095 3466 5155 spectat
3509 5090 3705 5147 omtio.
3756 5091 3831 5146 Ita

2239 5172 2363 5228 facit
2410 5183 2465 5229 et
2511 5174 2636 5230 dum
2680 5175 2917 5247 loquitur
2962 5177 3032 5232 de
3060 5192 3348 5249 congressu
3373 5180 3662 5250 coujugali.
3696 5183 3828 5238 Cum

2237 5267 2380 5321 enim
2424 5266 2664 5333 dixisset,
2700 5266 2883 5322 Nolite
2924 5271 3167 5339 fraudare
3192 5272 3422 5335 invicem,
3465 5274 3563 5326 nisi
3594 5273 3727 5343 forte
3769 5292 3833 5331 es

2236 5372 2482 5411 consensu
2514 5358 2584 5410 ad
2621 5367 2835 5429 tempus,
2868 5369 2924 5411 ut
2964 5364 3146 5413 vacetis
3173 5362 3377 5431 jejunio
3413 5375 3461 5414 et
3502 5363 3746 5431 orationi,
3783 5378 3831 5420 ct

2236 5448 2417 5501 iterum
2447 5451 2764 5503 revertamini
2780 5452 2833 5504 in
2858 5451 3081 5520 idipsnm
3105 5451 3178 5519 (1.
3205 5450 3322 5505 Cor.
3353 5452 3405 5505 7.
3436 5452 3491 5519 5)
3517 5470 3530 5506 :
3561 5470 3628 5507 nc
3654 5456 3826 5526 legem

2237 5554 2357 5595 esse
2386 5556 2448 5595 ac
2480 5552 2798 5611 [incoeptum
2840 5542 3135 5606 existimes,
3164 5558 3378 5598 causam
3407 5544 3606 5614 adjicit,
3630 5545 3826 5605 deinde

2236 5630 2458 5686 dicens:
2490 5630 2575 5685 Ns
2602 5642 2753 5689 tentet
2786 5648 2871 5690 vos
2911 5644 3131 5689 satanas.
3170 5633 3282 5689 Hoc
3310 5640 3474 5689 autem
3506 5634 3621 5691 dico
3640 5651 3829 5692 saeua-

2241 5722 2363 5776 dnm
2398 5723 2784 5795 indulgentiam,
2835 5742 2937 5783 non
2979 5728 3253 5783 secundum
3300 5728 3586 5796 imperium,
3621 5740 3831 5799 propter

2242 5818 2656 5874 incontinentiam
2704 5830 2917 5878 vestram
2970 5822 3073 5889 (Ib.
3102 5840 3149 5881 ε.
3178 5823 3231 5881 6.
3266 5823 3337 5893 5).
3370 5822 3828 5893 Quemadmodum
