4074 6408
333 393 442 451 5‘35

334 503 494 571 igitur
519 515 625 557 non
651 500 900 554 omnibus
926 500 1033 554 illic
1058 499 1154 553 ista
1183 497 1435 567 loquitur,
1464 494 1560 551 sed
1587 495 1652 549 iis
1676 492 1766 563 qui
1788 493 1929 548 inter

333 594 578 648 homines
607 591 1079 647 incontinentiores
1104 598 1250 651 sunt,
1281 598 1333 642 et
1358 586 1515 641 facile
1535 585 1650 653 capi
1681 591 1926 653 possunt:

330 685 409 739 sic
435 679 595 738 etiam
628 682 730 736 hoc
752 681 872 736 loco
895 680 1146 736 mulieres
1171 686 1473 749 expugnata
1498 676 1701 741 faciles,
1732 684 1787 730 et
1806 689 1927 745 qua:

330 789 437 828 non
487 774 559 828 ita
601 772 757 828 facile
788 773 1025 842 perferre
1073 778 1293 841 possunt
1324 778 1571 824 exactam
1592 769 1645 821 in
1671 766 1928 821 viduitate

326 863 543 918 vivendi
594 864 857 917 rationem
877 904 892 927 ,
945 862 1223 925 hortatur,
1254 871 1309 917 et
1333 860 1587 926 consulit,
1618 868 1675 913 ut
1698 859 1924 913 alterum

325 954 500 1007 virum
534 954 891 1014 inti-odorant.
939 953 1033 1015 Est
1059 954 1200 1008 enim
1247 966 1335 1006 res
1360 950 1603 1021 quaedam
1624 949 1820 1017 duplex
1846 949 1930 1003 vi-

323 1044 521 1100 duitas.
553 1044 691 1112 Quid
738 1045 841 1100 hoc
884 1053 966 1099 est
998 1044 1210 1098 tandem
1238 1043 1470 1112 duplex?
1499 1042 1764 1096 Bonorum
1796 1056 1924 1109 ope-

323 1151 443 1190 rum
472 1136 767 1204 specimen,
794 1146 850 1189 et
875 1135 1095 1189 honoris
1130 1135 1327 1189 summi
1354 1134 1642 1204 fastigium.
1674 1131 1740 1188 Ut
1766 1132 1924 1202 igitur

321 1236 402 1283 est
449 1228 611 1282 etiam
640 1242 729 1282 res
772 1227 1014 1297 quadam
1064 1226 1260 1297 duplex
1306 1227 1649 1296 magistratus
1694 1242 1710 1279 :
1763 1223 1924 1277 habet

320 1318 465 1372 enim
496 1328 554 1373 et
582 1332 742 1387 opera
791 1328 845 1372 et
887 1318 1229 1388 dignitatem;
1258 1317 1488 1387 dignitas
1517 1314 1729 1386 quidem
1756 1316 1925 1385 magi-

320 1416 525 1461 stratus
564 1416 647 1462 est
694 1415 952 1476 potestas,
984 1418 1037 1461 et
1063 1409 1236 1461 cultus
1262 1406 1401 1476 quia
1431 1405 1586 1475 vulgo
1615 1403 1919 1466 exhibetur,

319 1509 377 1555 et
409 1501 584 1569 ipsum
625 1515 746 1554 esse
788 1499 1189 1569 magistratum;
1219 1513 1382 1566 opera
1423 1512 1552 1551 vero
1581 1496 1922 1565 magistratus

318 1600 447 1645 sunt
489 1590 683 1660 injuria
727 1588 934 1644 aﬂectis
977 1603 1314 1654 succurrere,
1347 1586 1641 1641 inferentes
1674 1584 1921 1653 injuriam

317 1695 688 1750 compescere,
716 1681 937 1734 urbibus
962 1696 1219 1751 praeesse,
1252 1680 1303 1733 in
1339 1676 1718 1734 communibus
1746 1677 1923 1745 reipu-

317 1770 474 1825 blicae
523 1773 667 1826 curis
702 1770 1017 1826 excubando
1057 1780 1394 1839 pernoctare,
1423 1779 1477 1822 et
1517 1769 1715 1837 reliqua
1766 1769 1924 1822 innu-

318 1877 469 1918 mera
500 1879 515 1917 :
542 1862 622 1916 sic
648 1870 701 1916 et
730 1862 960 1917 viduitas
988 1872 1041 1915 et
1065 1861 1293 1932 dignitas
1314 1870 1399 1915 est
1419 1868 1474 1913 ct
1494 1874 1661 1929 Opus:
1689 1858 1920 1913 maxima

315 1953 549 2025 dignitas
577 1962 661 2008 est
708 1935 929 2007 viduam
975 1967 1118 2018 esse,
1160 1962 1215 2006 ut
1244 1960 1372 2006 ante
1396 1950 1917 2013 demonstravimus;

316 2059 452 2113 opus
473 2052 561 2098 est
586 2043 879 2099 secundum
912 2046 1158 2098 maritum
1189 2044 1291 2099 sibi
1321 2060 1425 2097 non
1457 2042 1789 2106 adsciscere,
1825 2041 1919 2094 sed

318 2135 483 2204 priori
524 2151 647 2191 esse
686 2146 1017 2202 contentam,
1049 2136 1186 2190 filios
1225 2135 1477 2198 educare,
1525 2135 1755 2204 hospitio
1785 2134 1920 2188 reci-

314 2242 467 2297 pere,
492 2226 659 2297 pedes
700 2236 1007 2282 sanctorum
1046 2227 1244 2290 lavare,
1272 2226 1672 2279 tribulationem
1714 2225 1922 2295 patieno

317 2321 459 2375 tibus
484 2319 915 2383 subministrare,
939 2333 1101 2373 omne
1122 2333 1256 2388 opus
1283 2319 1482 2371 bonum
1499 2318 1713 2371 sectari.
1736 2316 1919 2386 Itaque

315 2410 515 2466 Paulus
561 2410 630 2465 dc
676 2410 783 2464 illis
830 2410 1055 2479 loquens
1100 2424 1261 2479 opera
1291 2408 1507 2479 quidem
1536 2410 1714 2462 omnia
1747 2409 1919 2461 viduae

314 2501 445 2555 sinit
471 2502 618 2557 illam
647 2501 907 2571 perficere
933 2520 945 2554 :
974 2502 1040 2555 ad
1067 2502 1378 2572 dignitatem
1419 2512 1597 2555 autem
1628 2501 1821 2567 viduae,
1854 2516 1919 2556 ac

312 2602 536 2657 ctutum,
586 2599 641 2645 et
664 2592 908 2646 ordinem
961 2591 1104 2671 illam
1153 2590 1374 2660 provehi
1424 2606 1531 2645 non
1560 2592 1707 2657 sinit,
1746 2591 1919 2646 donec

314 2681 685 2750 sexagesimus
700 2696 872 2735 annus
894 2682 1229 2750 prmterierit,
1250 2682 1399 2750 quasi
1426 2681 1587 2736 dicat:
1604 2682 1779 2753 Opera
1802 2684 1916 2751 qui-

313 2772 438 2828 dem
466 2772 639 2827 vidua:
662 2771 842 2836 faciat,
870 2774 1183 2843 dignitatem
1212 2790 1339 2829 vero
1372 2786 1479 2828 tum
1507 2776 1765 2839 obtineat,
1794 2791 1915 2829 cum

314 2865 401 2921 his
425 2867 675 2920 omnibus
701 2866 954 2936 perfectis
992 2868 1335 2922 securitatem
1365 2868 1627 2923 beneficio
1658 2868 1917 2939 temporis

313 2965 600 3027 assequuta
620 2956 797 3021 fuerit,
829 2966 884 3011 et
908 2974 973 3012 ex
1000 2960 1253 3029 operibus
1299 2958 1812 3013 demonstrationem
1853 2974 1918 3014 ac

316 3050 679 3103 teSIimonium
720 3060 1024 3105 externum.
1084 3050 1254 3105 Nemo
1281 3052 1409 3105 solis
1438 3050 1752 3105 mulieribus
1775 3050 1919 3103 arbi-

315 3151 488 3197 tretur
529 3142 825 3195 orationem
854 3142 1163 3196 convenire.
1196 3142 1329 3196 Nam
1350 3150 1405 3197 et
1428 3142 1555 3196 viris
1589 3140 1825 3210 prodest,
1858 3149 1917 3194 ut

314 3242 369 3285 et
396 3231 495 3301 ipsi
542 3230 809 3286 defunctis
859 3233 1116 3286 uxoribus
1162 3232 1274 3286 suis
1312 3232 1548 3287 contenti
1578 3232 1707 3299 sint,
1740 3247 1915 3301 neque

313 3324 480 3377 velint
504 3338 625 3378 cum
652 3322 837 3377 liberis
860 3324 970 3377 suis
1000 3322 1199 3377 leamas
1226 3323 1489 3382 habitare.
1512 3323 1638 3377 dum
1658 3336 1915 3378 novercas

312 3414 659 3470 introducunt
682 3456 697 3478 ,
739 3423 794 3469 et
830 3430 981 3477 suam
1013 3430 1227 3468 onmem
1260 3416 1600 3468 securitatem
1643 3424 1909 3468 evertunt.

385 3504 440 3560 5.
484 3502 793 3558 Coltortatur
829 3506 898 3557 ad
932 3507 1305 3576 mouogamiam
1326 3547 1339 3567 ,
1374 3522 1463 3559 nec
1497 3506 1706 3559 damnat
1736 3523 1915 3559 secun-

313 3597 407 3650 das
436 3596 661 3663 nuptias.
683 3626 755 3635 —
778 3595 905 3650 llaec
932 3606 1113 3651 autem
1157 3612 1187 3649 a
1219 3598 1371 3650 nobis
1400 3598 1651 3651 dicuntur
1673 3638 1688 3662 ,
1723 3614 1828 3650 non
1858 3605 1915 3650 ut

312 3688 578 3744 secundas
598 3688 835 3741 aversari
864 3688 1074 3755 nuptias
1101 3688 1496 3755 prmcipiamus;
1526 3687 1618 3741 sed
1654 3698 1708 3741 ut
1734 3690 1915 3741 horte-

313 3786 521 3832 murct
548 3776 923 3840 consulamus,
974 3777 1238 3845 prioribus
1264 3793 1384 3831 esse
1418 3787 1720 3835 contentos.
1756 3779 1911 3833 Aliud

312 3876 397 3922 est
424 3866 722 3929 adhortari,
752 3868 893 3921 aliud
922 3870 1233 3939 pracipere.
1256 3869 1387 3923 Nam
1414 3870 1500 3939 qui
1528 3870 1841 3924 adhortatur
1860 3883 1914 3925 ct

312 3958 587 4023 consulit,
616 3958 670 4011 in
699 3959 920 4012 arbitrio
948 3974 1011 4014 ac
1054 3968 1313 4027 potestate
1342 3961 1594 4029 relinquit
1617 3961 1874 4015 auditoris
1896 4003 1910 4025 ,

314 4057 376 4103 ut
399 4048 544 4118 quod
590 4051 901 4104 consulatur
931 4052 1092 4121 eligat
1125 4068 1138 4103 :
1172 4054 1263 4121 qui
1295 4033 1421 4106 vero
1464 4055 1707 4123 pra-cipit
1728 4097 1741 4117 ,
1777 4056 1913 4108 hanc

314 4139 618 4193 facultatem
649 4140 911 4209 ejusmodi
959 4158 1064 4197 non
1106 4144 1385 4210 permittit.
1419 4144 1487 4196 At
1532 4144 1767 4199 Ecclesia
1814 4146 1912 4198 ista

314 4246 420 4283 non
445 4231 703 4300 prtecipit,
729 4232 822 4285 sed
850 4231 1092 4286 hortatur
1120 4235 1290 4288 solum
1318 4253 1330 4286 :
1360 4236 1623 4306 siquidem
1649 4239 1914 4291 secundas

311 4323 473 4375 etiam
506 4323 720 4389 nuptias
752 4325 991 4391 permisit
1020 4324 1215 4378 Paulus
1243 4343 1364 4380 cum
1396 4326 1465 4379 ita
1512 4327 1646 4381 dixit
1677 4343 1691 4379 :
1726 4328 1915 4382 Mulier

312 4412 527 4483 alligata
550 4422 623 4467 est
652 4414 785 4484 legi,
816 4425 1003 4484 quanto
1031 4429 1252 4487 tempore
1279 4420 1354 4470 vir
1382 4420 1490 4486 eius
1517 4420 1632 4473 vivit
1664 4436 1683 4472 :
1711 4422 1847 4490 quod
1873 4422 1917 4473 si

312 4508 574 4561 dormierit
603 4508 679 4561 vir
697 4509 829 4577 ejus,
854 4510 1011 4562 libera
1039 4520 1112 4563 est
1131 4550 1145 4572 ,
1172 4512 1257 4563 cui
1285 4509 1392 4565 vult
1419 4511 1573 4565 nubat
1598 4554 1613 4577 ,
1643 4523 1836 4565 tantum
1864 4515 1915 4567 in

314 4598 558 4652 Domino.
586 4597 793 4653 ἔτεαιὲον
831 4609 903 4653 est
928 4612 1096 4653 autem
1123 4603 1165 4654 si
1204 4603 1277 4656 sic
1319 4606 1648 4670 permanserit
1675 4605 1693 4675 (
1716 4606 1761 4658 ί.
1795 4604 1912 4659 Cor.

316 4690 369 4743 7.
394 4690 485 4744 59.
515 4690 586 4744 40
608 4694 647 4758 ).
673 4690 739 4744 Ut
762 4692 918 4760 igitur
938 4691 1137 4745 bonum
1160 4703 1242 4746 est
1261 4694 1587 4763 conjugium,
1613 4695 1707 4749 sed
1727 4697 1917 4751 melior

313 4791 398 4837 est
426 4783 706 4851 virginitas
735 4800 748 4834 :
784 4783 854 4836 ita
885 4784 1081 4837 bonmn
1111 4785 1326 4853 quidem
1355 4797 1435 4839 cst
1464 4788 1759 4843 secundum
1788 4805 1918 4843 con-

312 4872 520 4942 jugium
542 4912 557 4933 ,
586 4871 679 4929 sed
712 4872 903 4925 melius
928 4884 1010 4926 cst
1043 4874 1272 4941 primum
1300 4885 1352 4931 et
1383 4876 1577 4930 solum.
1609 4876 1726 4932 Non
1758 4880 1918 4948 igitur

314 4966 624 5036 conjugium
662 4966 956 5021 secundum
986 4967 1257 5036 rejicimus
1280 5009 1297 5033 ,
1327 4985 1499 5038 neque
1524 4969 1640 5025 hate
1670 4974 1917 5041 praccipi-

316 5073 439 5112 mus
461 5098 478 5122 ,
513 5058 607 5112 sed
645 5063 991 5112 cohortamur
1010 5099 1025 5123 ,
1055 5068 1111 5111 ut
1141 5060 1184 5113 si
1225 5062 1343 5128 quis
1369 5060 1669 5117 castitatem
1701 5076 1919 5118 servare

317 5154 524 5221 possit,
568 5152 637 5206 sit
687 5152 849 5220 priori
892 5162 1196 5207 contentus.
1242 5152 1603 5209 Coliortamur
1640 5165 1819 5210 autem
1864 5164 1922 5211 et

317 5243 649 5297 consulimus
670 5243 734 5295 ad
758 5243 1127 5296 stabiliendum
1156 5244 1343 5297 domus
1367 5248 1711 5301 securitatem
1738 5265 1751 5299 :
1778 5263 1919 5315 saepe

322 5350 552 5404 namque
578 5334 825 5389 secunda:
854 5348 1051 5403 nuptm:
1080 5337 1509 5404 quotidianarum
1540 5349 1592 5393 et
1623 5354 1919 5408 pugnarum

319 5440 375 5481 et
415 5427 819 5483 contentionum
871 5428 1077 5480 initium
1126 5438 1180 5483 et
1228 5429 1563 5483 occasionem
1608 5430 1918 5483 attulerunt.

321 5522 469 5575 Sane
507 5520 781 5597 multoties
820 5520 1038 5583 evenit,
1076 5530 1131 5574 ut
1175 5520 1417 5575 assidens
1463 5538 1661 5576 mensa:
1702 5522 1923 5575 maritus

324 5614 518 5682 prioris
546 5612 730 5665 uxoris
771 5612 1087 5667 recordatus
1110 5656 1124 5678 ,
1157 5616 1345 5669 leniter
1372 5615 1496 5669 ﬂeat
1530 5634 1541 5668 :
1574 5625 1624 5668 at
1669 5616 1759 5670 illa
1788 5631 1923 5670 con-

323 5704 500 5760 festim
531 5705 894 5771 excandescit,
929 5715 983 5759 et
1011 5714 1280 5776 tamquam
1316 5708 1422 5761 fcra
1455 5708 1641 5773 insilit,
1674 5719 1723 5763 et
1759 5709 1837 5763 sui
1870 5711 1920 5763 in

326 5796 473 5851 illam
504 5796 701 5851 amoris
744 5798 810 5852 ab
859 5812 925 5852 eo
968 5813 1156 5866 poenas
1199 5800 1382 5870 exigit.
1429 5800 1580 5866 Quod
1621 5802 1663 5854 si
1698 5801 1923 5857 voluerit

1441 381 1505 439 IN
1545 381 1769 448 lLLUD,
1814 379 2020 438 VIDUA
2066 380 2437 440 ELIGATUB.

3534 392 3641 450 3‘16

2043 492 2261 549 laudare
2281 494 2611 560 defunctam,
2631 504 2743 552 tum
2765 499 3126 556 contentionis
3146 509 3201 557 et
3222 517 3410 573 pugna:
3426 513 3643 565 occasio

2038 600 2103 638 ex
2136 584 2381 641 laudibus
2408 586 2553 643 illius
2579 587 2824 645 offertur.
2869 595 2949 646 Ac
2989 591 3255 649 defunctis
3285 594 3501 665 quidem
3530 598 3637 654 ini~

2038 674 2191 729 micis
2227 676 2639 733 rcconciliamur
2662 717 2675 739 .
2703 679 3001 752 eodemque
3032 681 3140 737 fine
3175 684 3280 739 vita
3324 685 3539 742 illorum
3583 700 3645 755 et

2035 773 2277 820 nostrum
2321 766 2373 822 in
2434 767 2557 823 illos
2598 769 2780 825 odium
2841 772 3160 829 terminatur
3211 792 3225 827 :
3276 775 3331 831 in
3380 779 3638 834 uxoribus

2034 865 2214 910 autem
2256 858 2587 913 contrarium
2634 861 2848 931 penitus
2888 864 3085 919 evenit.
3128 864 3298 933 Quam
3337 868 3479 923 enim
3523 883 3632 925 non

2032 945 2186 1011 vidit,
2214 963 2373 1015 quam
2404 965 2511 1003 non
2532 949 2736 1005 audivit
2762 993 2777 1014 ,
2806 966 2837 1006 a
2868 968 2970 1023 qua
3003 953 3135 1009 nihil
3163 964 3247 1011 est
3276 957 3401 1011 mali
3433 974 3587 1027 passa
3609 999 3630 1029 ,

2033 1036 2174 1090 hanc
2198 1037 2324 1092 odio
2355 1040 2698 1110 prosequitur
2723 1050 2778 1097 et
2805 1054 3118 1110 aversatur,
3148 1060 3211 1100 ac
3250 1064 3316 1101 ne
3344 1064 3490 1104 mors
3515 1050 3636 1121 qui-

2030 1123 2153 1179 dem
2183 1126 2365 1181 odium
2409 1131 2720 1200 exstinguit.
2749 1131 2881 1198 Quis
2909 1136 3160 1203 umquam
3190 1136 3357 1200 vidit,
3386 1138 3506 1208 quis
3533 1155 3632 1194 au-

2030 1215 2164 1269 divit
2200 1218 2520 1289 zelotypiam
2559 1220 2613 1275 in
2655 1223 2933 1291 pulverem
2960 1266 2973 1289 ,
3003 1240 3233 1296 pugnam
3272 1242 3396 1282 cum
3446 1229 3633 1286 cinere

2029 1311 2373 1377 susceptam?

2102 1400 2153 1454 6.
2199 1401 2303 1454 Sed
2335 1418 2439 1459 non
2486 1418 2725 1475 eousque
2770 1412 2975 1460 tantum
3007 1408 3345 1477 progreditur
3381 1410 3579 1465 malum
3614 1428 3626 1463 :

2029 1493 2155 1560 quin
2184 1494 2342 1546 etiam
2372 1494 2485 1549 sive
2513 1511 2577 1550 ex
2608 1496 2842 1550 secunda
2886 1497 2996 1550 uati
3026 1498 3132 1551 sint
3158 1499 3308 1553 liberi
3335 1540 3350 1565 ,
3380 1500 3495 1555 sive
3522 1516 3628 1555 non

2030 1582 2138 1634 sint
2166 1584 2296 1648 nati,
2328 1598 2501 1652 pugna
2531 1588 2718 1639 rursus
2743 1596 2798 1639 et
2826 1587 3100 1641 contentio
3126 1590 3387 1646 exoritur.
3420 1589 3551 1643 Nam
3582 1591 3629 1644 si

2030 1675 2136 1728 nati
2164 1689 2273 1757 qon
2302 1677 2409 1729 sint
2433 1719 2447 1740 ,
2480 1678 2669 1745 majori
2718 1693 2953 1734 maerore
2998 1679 3312 1747 conficitur,
3342 1691 3397 1735 et
3437 1682 3538 1736 hac
3561 1682 3632 1738 de

2027 1776 2187 1817 causa
2231 1774 2384 1819 natos
2426 1781 2497 1820 ex
2540 1767 2703 1836 priori
2731 1779 3002 1837 tamquam
3045 1769 3228 1824 hostes
3250 1809 3267 1834 ,
3298 1780 3353 1825 et
3382 1786 3412 1824 a
3439 1771 3632 1840 quibus

2027 1854 2276 1909 maximis
2305 1857 2373 1909 sit
2400 1856 2587 1912 affecta
2621 1858 2848 1929 injuriis,
2879 1860 3136 1925 intuetur,
3164 1862 3290 1933 dum
3321 1877 3389 1916 ex
3414 1863 3627 1918 illorum

2027 1942 2134 1996 vita
2174 1945 2470 1998 sterilitatis
2512 1961 2624 1999 sua:
2661 1962 2878 2002 sensum
2919 1951 3063 2019 capit
3106 1950 3385 2020 majorem.
3417 1952 3471 2007 Si
3503 1969 3632 2007 vero

2028 2032 2135 2087 nati
2167 2034 2275 2087 sint
2298 2074 2314 2097 ,
2356 2051 2544 2089 rursus
2574 2036 2741 2092 nihilo
2776 2038 2952 2093 minus
2990 2039 3189 2093 malum
3220 2051 3321 2095 est.
3352 2040 3627 2110 Siquidem

2028 2125 2253 2179 maritus
2291 2140 2665 2197 saepenumero
2712 2130 2847 2186 bene
2891 2129 3117 2185 affectus
3155 2147 3280 2201 erga
3320 2132 3629 2188 defunctam

2029 2214 2129 2269 hos
2152 2218 2527 2285 amplectitur,
2558 2229 2612 2275 et
2644 2234 2829 2275 amore
2857 2221 3017 2275 simul
3061 2237 3126 2277 ac
3168 2224 3536 2278 misericordia
3575 2226 3631 2279 in
3688 2224 3689 2227 “

2026 2306 2146 2361 illos
2170 2318 2387 2378 propter
2412 2310 2695 2367 orbitatem
2722 2324 3128 2386 commovetur:
3158 2327 3211 2370 at
3243 2316 3332 2371 illa
3362 2331 3491 2371 suos
3516 2317 3634 2371 ubi-

2026 2414 2129 2466 que
2155 2400 2394 2469 praeferri
2422 2403 2571 2468 vult,
2600 2418 2661 2458 ac
2702 2420 2802 2459 nec
2840 2407 3064 2459 fratrum
3108 2407 3228 2461 illos
3266 2405 3453 2463 haberi
3483 2407 3628 2470 loco,

2026 2490 2121 2546 sed
2144 2492 2474 2562 abjectorum
2505 2495 2827 2550 famulorum
2860 2515 2873 2550 :
2908 2514 3027 2567 qua:
3052 2498 3232 2553 omnia
3259 2499 3478 2554 domum
3508 2514 3636 2568 pos-

2025 2591 2151 2635 sunt
2177 2583 2509 2651 subwrtcre,
2541 2601 2603 2641 ac
2624 2588 2781 2642 vitam
2807 2590 3002 2643 marito
3024 2588 3275 2645 acerbam
3301 2601 3355 2645 et
3381 2590 3628 2647 infestam

2025 2671 2271 2727 reddere.
2312 2674 2600 2744 Propterea
2632 2677 2697 2731 ad
2746 2679 3062 2733 servandam
3103 2680 3404 2735 castitatem
3431 2680 3633 2736 adhor—

2028 2768 2205 2815 tamur
2230 2804 2244 2825 ,
2273 2764 2317 2817 si
2347 2766 2458 2819 fieri
2503 2768 2705 2834 possit,
2736 2776 2791 2822 et
2818 2777 2879 2822 ut
2904 2768 3066 2839 priori
3107 2770 3357 2839 conjugio
3394 2772 3631 2827 contenti

2024 2852 2143 2905 sitis
2169 2895 2183 2918 ,
2218 2862 2269 2908 et
2299 2870 2475 2925 neque
2506 2858 2683 2911 mariti
2713 2874 2907 2913 uxores
2927 2899 2942 2924 ,
2977 2875 3149 2929 neque
3184 2876 3380 2915 uxores
3410 2863 3631 2917 maritos

2024 2945 2347 3011 adsciscam,
2392 2965 2460 3004 ne
2504 2951 2724 3005 domum
2768 2967 2919 3007 suam
2952 2968 3169 3007 omnem
3215 2968 3414 3024 susque
3457 2953 3631 3024 deque

2024 3047 2255 3092 vertant.

2108 3127 2383 3199 Virginitas
2428 3132 2536 3187 sine
2574 3134 2837 3189 virtutibus
2875 3134 2993 3189 aliis
3033 3154 3135 3191 non
3178 3140 3401 3207 prodest.
3425 3170 3495 3179 --
3520 3138 3631 3195 Cur

2023 3228 2201 3273 autem
2228 3236 2350 3275 cum
2382 3221 2449 3276 de
2476 3224 2732 3277 viduitate
2772 3225 3062 3279 dissereret
3088 3267 3102 3289 ,
3134 3228 3298 3295 priori
3340 3231 3457 3283 solo
3494 3245 3627 3285 con-

2025 3316 2205 3363 tentus
2233 3327 2337 3365 non
2372 3312 2502 3375 fuit,
2534 3328 2655 3367 cum
2682 3314 2854 3381 dixit,
2897 3314 3061 3371 Unius
3108 3318 3204 3371 uiri
3232 3322 3407 3374 uxor?
3444 3319 3515 3376 Ut
3543 3320 3627 3375 iu-

2024 3402 2235 3471 telligas
2252 3402 2301 3456 id
2320 3404 2533 3457 viduam
2559 3421 2662 3458 non
2685 3405 2882 3471 fact're,
2910 3409 2953 3474 si
2978 3409 3214 3463 secundo
3237 3411 3430 3464 marito
3452 3413 3627 3466 solum

2026 3501 2313 3563 utcumque
2343 3510 2449 3547 non
2484 3496 2667 3560 nubat,
2702 3498 2791 3550 sed
2826 3499 2868 3549 si
2903 3499 3058 3552 bouis
3084 3499 3356 3568 operibus,
3389 3502 3628 3556 eleemo-

2027 3598 2182 3652 syna,
2208 3582 2555 3653 benignitate,
2580 3595 2741 3654 atque
2764 3586 2954 3641 ofliciis
2976 3603 3101 3657 erga
3124 3590 3438 3659 peregrinos
3459 3592 3629 3645 abun-

2027 3675 2137 3733 det.
2158 3676 2292 3732 Nam
2312 3680 2356 3733 si
2379 3679 2681 3750 virginibus
2700 3680 2832 3733 nihil
2881 3681 3084 3749 profuit
3107 3685 3391 3754 virginitas
3409 3682 3631 3753 (Hattli.

2026 3766 2117 3835 23')
2151 3769 2387 3833 (tametsi
2424 3771 2594 3821 multo
2637 3770 2812 3831 major
2864 3780 2949 3823 est
2988 3770 3252 3825 viduitate
3299 3773 3670 3843 virginitas),‘

2023 3856 2116 3911 sed
2144 3872 2269 3911 cum
2299 3856 2350 3910 in
2374 3857 2710 3928 lampadibus
2741 3858 2951 3912 illarum
2984 3858 3118 3929 ignis
3144 3870 3287 3915 esset
3306 3862 3625 3928 exstinctus,

2026 3950 2313 4017 ignominia
2347 3948 2553 4004 affectae
2585 3961 2931 4004 recesserunt
2957 3992 2971 4015 ,
3003 3953 3257 4021 quoniam
3285 3953 3633 4023 benignitatis

2024 4048 2079 4095 et
2105 4041 2465 4110 cleemosynre
2496 4043 2724 4097 fructum
2756 4042 3013 4098 exhibere
3060 4044 3279 4099 minime
3309 4046 3626 4110 valuerunt,

2026 4132 2197 4185 nmlto
2227 4133 2396 4202 magis
2422 4132 2613 4186 viduae.
2644 4134 2805 4187 Certe
2848 4149 2970 4187 cum
3003 4134 3150 4188 illam
3184 4135 3491 4203 parabolam
3531 4152 3629 4191 au-

2025 4223 2194 4276 disset
2219 4222 2433 4284 Paulus.
2462 4233 2515 4277 et
2541 4224 2763 4277 istarum
2793 4239 2953 4277 causa
2984 4226 3217 4289 timeret,
3246 4228 3509 4295 exquisite
3536 4228 3631 4279 atl-

2027 4316 2244 4369 modum
2264 4330 2376 4370 rem
2405 4316 2693 4378 examinat,
2720 4331 2787 4371 ne
2811 4316 2945 4370 forte
2966 4327 3185 4386 prepter
3202 4317 3418 4372 unicum
3440 4319 3628 4373 matri-

2027 4408 2265 4464 monium
2294 4408 2394 4461 sibi
2416 4407 2750 4462 confidentes
2779 4410 3010 4475 reliqnas
3028 4410 3252 4462 virtutes
3273 4409 3628 4479 negligerent.

2027 4501 2314 4569 Propterea
2338 4500 2505 4565 dicit,
2533 4500 2601 4554 In
2642 4501 2876 4569 aperibus
2904 4501 3049 4554 bonis
3079 4502 3633 4557 testimonium-[tabem

2028 4594 2046 4661 (
2069 4593 2114 4646 Ι.
2142 4591 2274 4645 Tim.
2300 4592 2352 4647 5.
2379 4589 2502 4661 l0).
2531 4590 2603 4647 Ut
2625 4591 2770 4645 enim
2792 4591 2989 4643 bonum
3014 4592 3407 4662 estvirginitas,
3427 4593 3631 4662 absque

2026 4686 2236 4740 cmteris
2280 4694 2459 4739 autem
2501 4683 2828 4737 infructuosa
2872 4682 2968 4747 fit,
3001 4692 3055 4737 ct
3097 4698 3127 4736 a
3161 4683 3402 4737 conclavi
3448 4684 3631 4753 sponsi

2028 4776 2267 4832 excludit
2300 4794 2313 4828 :
2346 4776 2425 4830 sic
2452 4782 2508 4829 et
2533 4773 2763 4829 viduitas
2794 4775 2990 4828 bonum
3022 4783 3123 4839 est,
3154 4774 3248 4829 sed
3280 4775 3399 4829 sine
3429 4776 3635 4828 virtuti-

2029 4872 2127 4925 bus
2156 4870 2366 4926 ueteris
2389 4885 2521 4923 vana
2544 4884 2633 4923 res
2664 4876 2747 4921 est
2771 4877 2825 4921 et
2853 4866 3145 4936 superflua.
3178 4867 3465 4940 Propterea
3495 4868 3631 4921 Pau—

2031 4962 2115 5017 lus
2141 4962 2268 5016 dum
2300 4960 2634 5023 cohortatur,
2665 4976 2771 5013 non
2801 4974 3040 5028 eousque
3070 4958 3241 5014 solum
3272 4959 3634 5029 progreditur,

2032 5065 2089 5107 ut
2111 5068 2215 5107 non
2237 5068 2358 5108 esse
2379 5049 2902 5121 superinduceudum
2930 5050 3225 5106 secundum
3250 5053 3499 5105 maritum
3523 5068 3635 5106 sua.

2031 5146 2176 5212 deat,
2208 5144 2303 5200 sed
2329 5153 2385 5199 et
2412 5145 2514 5199 alia
2544 5144 2693 5215 plura
2723 5154 2778 5197 ct
2809 5144 3009 5212 majora
3045 5144 3267 5212 requirit
3296 5158 3326 5195 a
3357 5144 3533 5197 vidua.
3571 5143 3635 5198 Et

2031 5238 2482 5309 quemadmodum
2514 5238 2588 5303 ii,
2617 5237 2705 5306 qui
2741 5236 2964 5290 militum
2987 5235 3249 5289 delectum
3281 5236 3496 5301 habent,
3520 5252 3636 5289 cor-

2034 5334 2180 5402 poris
2211 5332 2403 5385 bonam
2437 5330 2805 5384 babitudinem
2836 5330 3113 5397 requirnnt
3144 5346 3155 5381 :
3190 5331 3257 5382 ita
3290 5328 3374 5382 hic
3402 5370 3416 5394 ,
3450 5330 3535 5397 qui
3570 5327 3634 5381 ad

2033 5428 2543 5484 exercitumChristi
2583 5427 2719 5482 banc
2754 5427 2959 5497 deligit,
2982 5426 3174 5481 bonam
3213 5427 3405 5480 anima:
3429 5426 3639 5480 habitu.

2035 5522 2213 5575 dinem
2240 5522 2537 5591 requisivit,
2564 5530 2619 5577 et
2644 5520 3032 5585 fortitudinem,
3058 5530 3112 5574 et
3138 5520 3189 5574 in
3213 5521 3461 5588 omnibus
3486 5521 3639 5576 bonis

2036 5615 2288 5683 operibus
2309 5613 2567 5679 studium,
2598 5615 2669 5668 ita
2700 5614 2882 5666 dicens
2911 5631 2921 5666 :
2956 5614 3015 5667 Si
3036 5614 3172 5681 ﬁlios
3193 5614 3447 5677 educavit,
3479 5615 3523 5668 si
3552 5616 3643 5668 Ito-

2036 5708 2187 5773 spitio
2218 5705 2426 5775 recepit,
2457 5706 2500 5758 si
2521 5714 2811 5759 sanctorum
2844 5705 2993 5775 pedes
3024 5705 3166 5769 lavit,
3196 5705 3240 5759 si
3267 5704 3642 5758 tribulationem

2036 5796 2341 5864 patientibus
2372 5796 2805 5863 subministravit,
2838 5798 2880 5851 si
2909 5814 3053 5851 omne
3084 5814 3208 5868 Opus
3244 5800 3285 5849 tu:
3306 5816 3422 5851 num
3456 5812 3641 5853 sectam
