4074 6442
445 358 550 417 δ’ΞἿ

446 483 539 528 est.
590 467 800 527 Etenim
849 464 1256 535 unumquodque
1297 465 1517 520 istorum
1567 460 1765 518 nudum
1810 460 2020 531 quidem

447 572 570 616 esse
590 572 784 613 nomen
804 554 1032 621 videtur,
1054 553 1148 610 sed
1179 551 1399 609 multam
1426 554 1479 607 in
1508 552 1685 621 selpso
1707 551 1866 605 vitam
1888 563 2022 602 con-

446 648 603 706 tinet.

523 740 577 795 ’1.
628 738 805 794 Vidua
849 736 900 789 in
939 734 1212 789 educandis
1249 733 1419 789 liberis
1447 734 1578 788 laus.
1604 762 1676 774 —
1701 731 1779 786 Ac
1800 729 1846 787 si
1874 728 2024 784 video

451 838 558 895 tnr,
583 829 804 899 primum
824 826 1173 890 excutiamus,
1197 824 1338 895 quod
1366 824 1455 880 ille
1481 823 1648 893 primo
1667 821 1788 876 loco
1811 821 2021 890 posuit:

453 919 515 974 Si
540 918 673 989 ﬁlios
698 916 945 969 educavit.
978 915 1355 969 Educatinnem
1386 914 1527 969 enim
1559 910 1730 965 innuit
1753 925 1858 964 non
1890 908 2026 963 hanc

449 1008 764 1078 simplicem,
795 1022 953 1077 quam
978 1006 1164 1076 vulgus
1189 1013 1406 1071 censet,
1436 1004 1560 1059 dum
1592 1002 1732 1057 fame
1755 1001 2027 1056 confectos

450 1099 649 1155 liberos
690 1113 795 1154 non
844 1097 1155 1167 negligimus
1186 1114 1199 1148 :
1234 1096 1335 1150 hoc
1376 1094 1517 1150 enim
1563 1108 1632 1149 ne
1674 1093 1785 1161 ipsa
1814 1090 2026 1161 quidem

452 1200 652 1246 natura:
692 1188 981 1244 necessitas
1015 1199 1263 1254 umquam
1290 1182 1461 1238 omitti
1492 1182 1763 1253 permittet
1788 1198 1804 1236 :
1833 1195 1939 1251 quo
1969 1179 2029 1235 iit

450 1292 513 1338 ut
538 1297 708 1351 neque
721 1277 982 1334 mandatis
1000 1278 1101 1332 hac
1125 1276 1192 1331 de
1203 1290 1360 1330 causa
1390 1275 1460 1329 sit
1486 1290 1621 1344 opus
1644 1284 1698 1329 et
1727 1272 1949 1342 legibus,
1972 1280 2030 1327 ut

450 1388 602 1431 suam
624 1371 824 1443 prolem
847 1369 1077 1425 educent
1098 1367 1273 1422 viduae
1293 1383 1309 1432 ;
1333 1367 1424 1421 sed
1446 1366 1665 1436 justitia:
1682 1378 1884 1424 curam.
1907 1362 2031 1419 edu-

449 1463 712 1519 cationem
740 1475 864 1514 cum
894 1460 1089 1529 pietate
1123 1457 1225 1513 hoc
1255 1457 1374 1514 loco
1412 1452 1656 1526 intelligit
1685 1473 1700 1508 :
1731 1454 1869 1525 quod
1901 1455 2032 1509 alio-

452 1552 578 1620 quin
599 1566 696 1615 est,
721 1565 838 1619 quae
863 1549 963 1604 hoc
985 1558 1139 1619 pacto
1159 1562 1264 1602 non
1290 1547 1537 1611 educant,
1564 1544 1840 1615 parricidae
1858 1544 2033 1614 potius

390 1666 395 1671 -
456 1642 580 1709 sint,
605 1656 764 1712 quam
794 1650 1010 1696 matres.
1041 1640 1149 1695 [loc
1175 1655 1280 1693 non
1307 1639 1373 1692 ad
1398 1638 1645 1693 mulieres
1669 1646 1870 1691 tantum
1896 1652 1926 1691 a
1948 1651 2033 1691 me

454 1734 648 1790 dictum
669 1745 771 1798 est,
795 1733 887 1787 sed
906 1733 1068 1787 etiam
1092 1731 1153 1787 ad
1179 1732 1344 1785 viros.
1374 1729 1642 1799 Siquidem
1663 1729 1810 1784 multi
1833 1738 2031 1797 patres,

453 1834 512 1880 ut
535 1824 704 1879 bonus
728 1839 896 1893 equus
925 1823 1035 1876 illic
1060 1820 1355 1885 obveniret,
1382 1830 1434 1873 et
1466 1828 1521 1872 ut
1545 1818 1690 1873 ardes
1716 1817 2031 1888 magnificae,

456 1923 511 1969 et
537 1912 792 1983 prmdium
833 1911 1008 1981 magni
1050 1910 1236 1980 pretii,
1268 1920 1453 1964 cuncta
1498 1908 1692 1962 faciunt
1731 1918 1887 1977 atque
1918 1924 2036 1961 mo-

459 2001 658 2058 liuntur
686 2020 699 2056 :
733 2010 792 2056 ut
817 2012 993 2055 autem
1015 2002 1191 2055 anima
1218 2001 1335 2068 ejus
1362 1998 1497 2053 bona
1530 1998 1638 2059 fiat,
1666 2006 1721 2053 et
1745 1998 1886 2067 pium
1919 2013 2038 2066 pro-

455 2095 704 2164 positum,
734 2093 929 2147 nullius
951 2092 1099 2162 pensi
1134 2090 1350 2145 habent.
1379 2090 1443 2144 Et
1463 2088 1565 2144 hoc
1593 2098 1677 2142 est
1702 2087 1839 2158 quod
1868 2095 2038 2141 totum

455 2185 711 2242 mundum
755 2184 1051 2245 subvertit.
1080 2182 1223 2253 quod
1266 2191 1474 2236 nostros
1502 2181 1702 2235 liberos
1744 2194 1847 2232 non
1888 2194 2042 2233 cure-

457 2290 594 2341 mus,
617 2285 673 2331 et
700 2274 1096 2345 possessionum
1123 2287 1389 2343 opumque
1416 2271 1653 2342 ipsorum
1681 2286 1862 2326 curam
1888 2285 2041 2341 gera-

456 2383 608 2431 mus,
636 2366 730 2421 sed
770 2366 1008 2437 ipsorum
1050 2365 1279 2419 animam
1321 2364 1683 2435 negligamus,
1711 2373 1766 2418 et
1791 2371 2041 2418 extrema:

408 2426 739 2513 /dcmentl;e
763 2456 965 2511 facinus
983 2456 1344 2510 admittamus.
1377 2454 1507 2509 Nam
1532 2446 1898 2524 possessidnes
1922 2453 2041 2522 qui-

456 2548 580 2603 dem
607 2547 714 2602 sint
742 2547 861 2601 licet
880 2547 1061 2601 multae
1086 2562 1147 2600 ac
1174 2555 1520 2616 sumptuosae,
1547 2546 1590 2600 si
1620 2545 1817 2615 probus
1846 2560 1952 2600 non
1978 2547 2048 2602 sit

460 2652 529 2692 ac
550 2636 841 2696 studiosus.
869 2636 956 2705 qui
982 2651 1101 2691 eum
1130 2636 1322 2690 virtute
1352 2634 1514 2705 possit
1536 2650 1627 2690 eas
1652 2634 2045 2701 administrare,

466 2742 650 2781 omnes
672 2742 791 2781 cum
825 2726 941 2796 ipso
966 2726 1212 2795 peribunt
1238 2737 1289 2780 et
1317 2735 1673 2792 evanescent,
1696 2740 1761 2780 ac
1782 2740 2047 2781 summum

465 2819 760 2888 possessmi
784 2817 1034 2870 damnum
1054 2815 1288 2871 inferent
1314 2833 1327 2869 :
1359 2817 1437 2870 sin
1460 2823 1636 2871 autem
1667 2831 1921 2885 generosa
1940 2816 2051 2870 fue-

470 2909 537 2961 rit
558 2917 613 2962 et
638 2908 849 2977 sapiens
872 2908 1067 2973 anima,
1098 2907 1217 2961 licet
1249 2905 1375 2959 nihil
1399 2906 1538 2959 intus
1562 2905 1629 2959 sit
1662 2906 1711 2958 in
1742 2914 2050 2973 promptua-

462 3001 557 3054 riis
603 3001 954 3061 reconditum.
995 2999 1231 3053 omnium
1271 2998 1406 3052 bona
1443 3006 1554 3051 tuto
1584 2999 1777 3067 poterit
1799 2999 2047 3053 retinere.

474 3089 607 3143 lllud
639 3089 796 3159 igitur
822 3088 1168 3156 spectandum
1214 3096 1337 3152 est,
1370 3102 1475 3141 non
1520 3102 1624 3155 quo
1656 3094 1808 3155 pacto
1832 3095 2053 3157 argento

462 3189 519 3235 et
544 3194 674 3233 auro
697 3218 713 3244 ,
744 3188 798 3232 et
823 3179 983 3233 rebus
1011 3177 1272 3245 ejusmodi
1300 3177 1591 3245 locupletes
1620 3191 1714 3231 eos
1740 3176 2046 3239 reddamus,

463 3272 557 3326 sed
587 3286 695 3340 quo
734 3280 888 3341 pacto
930 3271 1121 3339 pietate
1162 3282 1223 3322 ac
1267 3268 1615 3337 temperantia
1641 3307 1656 3332 ,
1691 3268 2051 3335 virtutumque

465 3361 814 3433 acquisitione
838 3359 1087 3413 ditissimi
1131 3358 1365 3412 omnium
1411 3358 1535 3411 fiant
1564 3374 1577 3409 :
1607 3372 1714 3427 quo
1751 3367 1904 3425 pacto
1930 3356 2051 3421 flat,

470 3463 525 3507 ut
548 3452 727 3507 multis
756 3467 860 3505 non
890 3451 1151 3519 indigeant
1175 3490 1190 3514 ,
1218 3456 1277 3503 ut
1304 3463 1393 3502 res
1421 3448 1601 3501 sicculi
1633 3447 1787 3515 hujus
1817 3457 1870 3501 et
1892 3461 2058 3501 novas

469 3544 790 3613 cupiditates
819 3557 924 3595 non
967 3542 1096 3594 tanti
1135 3539 1346 3593 faciant.
1386 3538 1450 3592 Et
1482 3539 1755 3608 ingressus
1793 3554 1976 3591 eorum
2007 3546 2061 3591 et

470 3648 722 3704 egressus
751 3633 1032 3701 diligenter
1058 3638 1112 3684 et
1132 3631 1342 3682 curiose
1371 3629 1788 3682 considerandus
1811 3638 1911 3693 est,
1945 3629 2062 3697 qui-

470 3724 694 3777 buscum
718 3730 1017 3787 versentur,
1047 3719 1133 3788 qui
1162 3718 1447 3772 familiares
1472 3718 1574 3772 illis
1600 3718 1725 3783 sint,
1754 3733 1874 3772 cum
1900 3718 2058 3772 intel-

478 3816 720 3884 ligamus,
752 3814 795 3865 si
827 3812 942 3866 bme
969 3827 996 3863 a
1028 3811 1180 3864 nobis
1220 3811 1456 3880 neglecta
1490 3809 1700 3875 fuerint,
1736 3811 1933 3865 nullam
1964 3826 2061 3865 nos

468 3919 499 3959 a
547 3903 658 3958 Deo
704 3902 911 3955 veniam
953 3902 1342 3969 impetraturos.
1383 3900 1513 3955 Nam
1579 3902 1621 3954 si
1668 3916 1787 3955 cum
1836 3902 2061 3955 aliorum

471 4010 654 4049 curam
700 4010 803 4047 non
862 3983 1218 4061 gesserimus,
1276 4003 1450 4062 paena:
1508 4007 1537 4045 a
1587 3993 1741 4048 nobis
1783 3994 2067 4062 exiguntur

477 4091 496 4161 (
521 4088 685 4141 Nemo
711 4088 842 4140 enim
870 4086 1004 4155 quod
1028 4102 1175 4138 suum
1199 4096 1291 4149 est,
1323 4094 1539 4153 quierat,
1572 4086 1739 4153 inquit
1767 4085 2056 4154 apostolus,

473 4181 561 4235 sed
587 4182 720 4245 quod
760 4176 1005 4246 alterius)
1035 4176 1126 4245 (ι.
1159 4172 1278 4229 Cor.
1316 4174 1401 4228 10.
1430 4174 1499 4227 24
1522 4174 1561 4241 ),
1594 4183 1791 4243 quanto
1830 4177 1993 4244 magis
2020 4176 2062 4229 si

477 4270 766 4325 liberorum
795 4282 977 4335 curam
1023 4280 1127 4319 non
1171 4264 1531 4334 gesserimus?
1577 4264 1762 4319 Nonne
1800 4265 1971 4333 ipsum
2015 4267 2064 4319 in

478 4360 586 4415 tuis
614 4359 818 4413 aedibus
844 4358 911 4411 ab
940 4356 1087 4411 initio
1115 4356 1389 4420 etillocavi,
1422 4355 1625 4424 inquit?
1652 4370 1829 4409 nonne
1856 4365 1907 4408 te
1934 4371 2071 4423 prae-

475 4461 746 4518 ceptorem
771 4490 787 4516 ,
816 4446 1125 4519 praefectum
1170 4455 1224 4501 ct
1261 4456 1558 4500 curatorem
1586 4454 1639 4500 et
1658 4446 1888 4515 judicem
1914 4446 1985 4499 illi
2019 4455 2069 4499 te

487 4543 745 4615 pwfeci?
775 4558 988 4597 onmem
1024 4544 1074 4595 in
1117 4542 1263 4595 illum
1297 4549 1612 4608 potestatem
1645 4542 1697 4593 in
1736 4554 1923 4592 manus
1955 4550 2069 4593 tuas

479 4636 760 4692 ttanstuli?
788 4635 1053 4689 Tenerum
1096 4634 1269 4687 adhuc
1292 4633 1730 4687 confurmandum
1763 4648 1825 4687 ac
1865 4632 2071 4703 tingen-

480 4728 605 4784 dttm
646 4727 888 4781 commisi
921 4744 933 4779 :
966 4742 1067 4795 qua
1099 4726 1247 4779 venia
1277 4725 1468 4793 digntts
1497 4726 1604 4779 eris
1641 4725 1686 4777 si
1718 4725 2066 4779 reluctantem

476 4821 625 4875 illum
660 4818 997 4887 neglexeris?
1038 4815 1173 4883 Quid
1222 4817 1365 4870 enim
1404 4817 1581 4869 dicere
1612 4816 1851 4884 poteris?
1886 4815 2069 4870 Refre-

476 4923 603 4966 nstu
630 4907 896 4962 difficilem
940 4917 994 4962 et
1038 4921 1285 4974 asperum
1332 4906 1478 4959 illum
1518 4905 1675 4960 esse?
1719 4908 1788 4960 At
1837 4906 1952 4960 haec
2002 4905 2070 4960 ab

477 5001 629 5057 initio
661 4998 938 5070 prmvideri
981 4999 1249 5068 oportuit,
1290 5008 1343 5052 et
1385 5000 1597 5067 quando
1644 4998 1793 5052 freno
1829 5000 2067 5055 cohiberi

478 5100 711 5163 poterat,
740 5105 861 5144 cum
885 5089 1097 5158 juvenis
1125 5087 1411 5143 admodum
1441 5098 1603 5153 esset,
1636 5104 1756 5143 eum
1785 5090 2069 5161 diligenter

481 5182 680 5240 frenari
704 5222 720 5245 ,
772 5190 825 5237 et
864 5177 1041 5236 ofﬁcio
1085 5196 1183 5236 suo
1222 5181 1365 5251 fungi
1411 5182 1684 5236 assuelicri
1712 5223 1726 5247 ,
1758 5184 2067 5249 informari,

483 5274 683 5330 morbis
708 5274 825 5341 ejus
864 5274 1060 5325 anima:
1104 5272 1397 5326 remedium
1444 5273 1707 5327 adhiberi.
1742 5274 1963 5340 Quando
1990 5276 2069 5329 fa-

483 5365 639 5421 cilior
666 5373 779 5419 erat
804 5362 1109 5434 agricolatio
1131 5402 1147 5425 ,
1178 5372 1288 5416 tum
1334 5363 1561 5418 resecari
1593 5366 1772 5434 spinas
1801 5368 2028 5434 Oportuit
2053 5408 2066 5430 ,

485 5454 718 5527 quando,
746 5470 863 5509 ctnn
895 5463 1077 5509 tenera
1105 5464 1244 5507 esset
1271 5462 1420 5518 aetas,
1454 5453 1657 5510 facilius
1683 5455 2067 5521 evellebantur,

491 5560 665 5617 neque
688 5546 963 5617 passiones
990 5544 1264 5612 neglectze,
1294 5554 1347 5598 et
1374 5554 1565 5610 auctae,
1595 5554 1901 5613 expugnatu
1925 5544 2068 5599 diffi—

493 5635 625 5692 ciles
654 5635 966 5691 evasissent.
999 5635 1199 5694 Idcirco
1215 5635 1343 5691 dicit
1372 5653 1386 5690 :
1417 5636 1579 5691 Curva
1607 5652 1637 5687 α
1666 5635 1883 5706 pueritia
1908 5636 2067 5690 cerei-

488 5740 596 5782 rem
615 5729 723 5796 ejus
751 5722 937 5795 (Ei-cli.
962 5727 1013 5781 7.
1040 5726 1161 5796 25),
1195 5728 1404 5797 quando
1429 5727 1630 5793 facilius
1651 5738 1823 5801 potest
1845 5735 2059 5793 erudiri.

1159 353 1215 409 S.
1255 348 1531 409 JOANNIS
1579 342 2054 404 CHRYSOSTOMI
2108 337 2424 398 ARCIIIEP.
2464 335 3000 397 CONSTANTINOP.

3609 336 3711 394 3%

2139 459 2320 529 Neque
2344 473 2473 515 vero
2502 457 2737 526 prmeipit
2766 465 2970 510 tantum
2993 494 3011 521 ,
3041 452 3135 510 sed
3161 462 3216 510 et
3240 453 3352 525 ipse
3375 462 3550 510 tecum
3580 468 3717 519 opus

2135 547 2455 619 aggreditur.
2475 547 2593 616 Quo
2623 544 2833 601 tandem
2858 544 3047 616 pacto?
3075 543 3179 610 Qui
3206 542 3461 598 maledicit
3488 547 3625 614 patri
3644 552 3719 596 aet

2132 643 2322 706 matri,
2353 638 2559 708 inquit,
2600 644 2759 691 morte
2798 644 2969 705 pereat
3011 632 3215 705 (Exod.
3253 632 3344 688 21.
3383 631 3513 701 17).
3555 630 3723 685 Vides

2132 740 2385 802 quantum
2416 730 2518 784 illis
2544 728 2787 782 timorem
2829 723 3149 782 incusserit?
3184 732 3435 793 quantam
3474 722 3719 777 formidi-

2134 837 2258 876 nem
2283 817 2578 889 objeceriti
2603 832 2760 887 quam
2789 817 2989 886 potenti
3034 815 3261 883 imperio
3304 813 3509 884 pollere
3538 821 3594 867 te
3619 826 3722 865 vo-

2134 912 2329 966 luerit?
2364 910 2531 978 Quam
2561 924 2659 962 nos
2684 906 2843 977 igitur
2867 908 3266 961 excusationem
3301 902 3595 960 obtendere
3627 916 3725 972 po—

2135 1008 2377 1071 terimus,
2407 1017 2527 1057 cum
2558 1000 2935 1071 ipseqnidem,
2964 999 3008 1052 si
3040 1013 3136 1052 nos
3162 996 3459 1051 afllciamur
3485 994 3679 1064 injuria
3708 1033 3727 1058 ,

2137 1111 2204 1149 ne
2240 1096 2362 1149 vitae
2386 1092 2598 1162 quidem
2652 1100 2831 1160 parcat
2878 1089 3111 1159 ipsorum
3141 1104 3154 1141 :
3186 1100 3284 1142 nos
3328 1098 3546 1150 autem,
3573 1084 3622 1139 si
3658 1084 3731 1138 ab

2135 1186 2239 1242 illis
2264 1186 2371 1240 Deo
2399 1183 2655 1238 inferatur
2692 1182 2916 1251 injuria,
2944 1195 3012 1235 ne
3039 1194 3357 1235 succensere
3377 1177 3596 1248 quidem
3624 1176 3732 1233 Illis

2134 1274 2398 1331 velimus?
2425 1274 2547 1343 Ego
2570 1288 2668 1329 nec
2693 1270 2939 1327 occidere
2964 1271 3111 1325 illum
3136 1285 3329 1326 recuso
3346 1310 3363 1337 ,
3394 1270 3483 1340 qui
3515 1278 3571 1325 te
3593 1268 3729 1325 alle-

2134 1366 2209 1421 cit
2253 1364 2440 1432 injuria
2473 1386 2486 1416 :
2519 1374 2572 1417 tu
2602 1376 2733 1417 vero
2778 1377 2844 1417 ne
2873 1361 3047 1415 verbis
3088 1359 3303 1429 quidem
3345 1360 3497 1415 illum
3525 1362 3733 1417 contri-

2138 1465 2282 1511 stare
2302 1454 2555 1523 dignaris,
2580 1453 2770 1521 inquit,
2793 1468 2821 1506 a
2843 1467 2948 1522 quo
2967 1453 3113 1522 leges
3128 1467 3261 1506 mea:
3280 1451 3567 1506 violentur.
3592 1451 3730 1506 Num

2140 1548 2255 1603 haec
2276 1547 2428 1603 venia
2453 1548 2646 1613 digna?
2673 1546 2834 1601 Vides
2863 1546 2999 1600 afﬁci
3030 1545 3349 1601 contumelia
3375 1543 3690 1601 Creatorem
3708 1586 3731 1610 η

2138 1654 2238 1694 nec
2267 1638 2559 1708 indignaris
2580 1679 2594 1701 ,
2630 1653 2802 1707 neque
2829 1647 2995 1691 terres
3017 1678 3033 1702 ,
3060 1653 3161 1692 nec
3186 1636 3558 1706 reprehendis,
3588 1652 3729 1707 pra?-

2139 1730 2320 1785 sertim
2351 1745 2471 1785 cum
2512 1729 2772 1799 intelligas
2798 1729 2901 1783 hoc
2941 1745 2973 1784 a
3002 1729 3112 1783 Deo
3154 1728 3315 1783 fuisse
3354 1728 3685 1798 prohibitum
3708 1768 3728 1796 ,

2140 1837 2245 1876 non
2274 1821 2414 1891 quod
2444 1820 2532 1874 ille
2561 1820 2828 1890 quidpiam
2859 1818 3164 1874 detrimenti
3195 1820 3437 1888 patiatur,
3473 1820 3565 1886 qui
3597 1833 3733 1873 cou-

2142 1913 2413 1968 tnmeliam
2458 1911 2662 1979 accepit
2691 1911 2905 1981 (neque
2945 1910 3087 1964 enim
3124 1909 3329 1964 Numen
3374 1910 3610 1965 interitui
3654 1918 3736 1966 est

2141 2001 2503 2071 obnoxium),
2542 1999 2636 2055 sed
2680 2008 2897 2069 pr0pter
2936 2000 3163 2055 salutem
3210 2000 3409 2070 ipsius?
3448 2000 3551 2068 Qui
3590 2000 3738 2057 enim

2144 2092 2323 2162 inique
2352 2106 2412 2145 se
2439 2092 2575 2161 gerit
2617 2091 2668 2146 in
2715 2091 2879 2145 Deum
2916 2100 2971 2145 et
3007 2090 3236 2157 stolide,
3269 2091 3438 2145 multo
3469 2092 3642 2161 magis
3685 2092 3739 2145 in

2146 2193 2348 2252 patrem
2367 2197 2522 2236 suum
2543 2191 2596 2237 et
2619 2182 2671 2236 in
2699 2196 2848 2236 suam
2873 2181 3039 2252 ipsius
3059 2181 3291 2236 animam
3312 2181 3742 2237 contumeliosus

2144 2283 2199 2329 et
2224 2274 2459 2328 insolens
2484 2287 2604 2328 esse
2632 2273 2850 2342 poterit.

2216 2366 2272 2422 8.
2298 2366 2376 2421 Ne
2406 2366 2563 2436 igitur
2586 2374 3025 2429 contemnamus,
3066 2380 3187 2420 cum
3218 2366 3451 2421 sciamus
3476 2365 3591 2419 fore
3614 2406 3630 2432 ,
3682 2372 3742 2418 nt

2148 2457 2192 2511 si
2218 2472 2342 2527 erga
2371 2456 2538 2510 Deum
2570 2464 2714 2509 recte
2738 2470 2797 2510 se
2823 2456 3124 2525 gesserint,
3154 2456 3313 2509 etiam
3340 2456 3393 2509 in
3424 2454 3490 2509 iis
3518 2469 3642 2525 qua:
3670 2455 3737 2508 ad

2151 2546 2289 2602 hanc
2321 2548 2481 2599 vitam
2516 2546 2783 2614 pertinent
2817 2545 3059 2600 celebres
3105 2546 3213 2600 sint
3250 2554 3305 2600 et
3344 2546 3599 2601 illustres.
3639 2545 3745 2613 Qui

2152 2637 2292 2691 enim
2324 2637 2485 2689 vitam
2527 2650 2648 2689 cum
2692 2635 2884 2690 virtute
2913 2637 3281 2705 modestiaque
3324 2634 3590 2700 traducit,
3619 2650 3744 2690 eum

2152 2741 2339 2781 omnes
2364 2735 2679 2781 reverentur
2722 2735 2776 2780 et
2801 2727 3020 2793 colunt,
3062 2712 3133 2781 sit
3170 2727 3291 2780 licet
3330 2717 3568 2781 omnium
3609 2740 3749 2797 pau-

2154 2820 2416 2889 perrimus
2438 2859 2453 2883 ,
2483 2819 2620 2871 sicut
2648 2818 2947 2887 improbum
2974 2833 3037 2873 ac
3059 2818 3403 2887 depravatum
3429 2826 3751 2874 aversantur

2154 2922 2208 2967 et
2234 2911 2360 2966 odio
2390 2921 2783 2980 prosequuntur
2813 2926 3019 2977 omnes,
3053 2912 3175 2965 licet
3200 2911 3391 2979 Opibus
3431 2909 3615 2963 multis
3641 2910 3749 2963 circ

2156 3002 2427 3058 cttnilluat.
2448 3000 2627 3071 Neque
2649 3002 2819 3055 solum
2843 3002 3052 3056 cmteris
3078 3001 3380 3054 hominibus
3406 2998 3754 3055 venerandus

2158 3095 2280 3159 erit,
2310 3094 2403 3149 sed
2431 3094 2520 3147 tibi
2550 3094 2667 3162 ejus
2694 3093 2899 3163 parenti
2925 3092 3028 3148 erit
3054 3092 3249 3157 carior,
3284 3106 3402 3144 eum
3428 3099 3627 3167 praeter
3657 3105 3757 3143 na.

2162 3193 2335 3238 turam
2380 3183 2549 3237 nihilo
2591 3184 2851 3237 minorem
2880 3182 3079 3238 habeat
3124 3183 3460 3238 occasionem
3509 3172 3715 3237 amoris
3740 3221 3757 3243 .

2162 3275 2329 3343 ipsam
2370 3275 2666 3329 virtutem:
2699 3289 2871 3343 neque
2915 3289 3043 3328 vero
3085 3274 3258 3327 solum
3299 3274 3508 3337 carior,
3557 3271 3653 3326 sed
3700 3281 3759 3326 et

2164 3363 2342 3417 utilior
2371 3364 2474 3417 erit
2502 3363 2592 3419 tibi
2618 3362 2742 3418 dum
2774 3365 2935 3427 colet,
2969 3364 3095 3418 dum
3125 3366 3397 3427 inserviet,
3428 3364 3554 3416 dum
3583 3364 3636 3416 in
3662 3378 3757 3418 se-

2162 3465 2375 3511 nectute
2395 3456 2735 3510 sustentabit.
2761 3455 2833 3511 Ut
2861 3457 3001 3510 enim
3025 3455 3114 3524 qui
3137 3465 3260 3509 sunt
3292 3456 3341 3509 iii
3373 3455 3539 3508 Deum
3569 3453 3758 3522 injurii

2162 3555 2217 3601 et
2247 3547 2457 3616 ingrati,
2480 3548 2637 3600 etiam
2671 3556 2921 3615 parentes
2948 3556 3301 3615 aspernantur
3328 3563 3343 3601 :
3377 3547 3444 3598 ita
3472 3546 3562 3616 qui
3594 3560 3757 3599 suum

2164 3637 2505 3692 Conditorem
2532 3638 2742 3703 colunt,
2774 3640 3041 3707 ingentem
3084 3636 3413 3706 genitoribus
3438 3637 3551 3691 suis
3576 3636 3760 3690 hono-

2166 3746 2278 3786 rem
2306 3730 2573 3786 deferunt.
2606 3730 2671 3786 Ut
2703 3730 2861 3801 igitur
2881 3739 2933 3785 et
2955 3729 3096 3798 apud
3128 3730 3289 3783 Deum
3323 3734 3383 3783 et
3404 3727 3545 3797 apud
3578 3728 3763 3781 homi-

2168 3835 2265 3874 nes
2294 3821 2429 3875 bene
2466 3820 2653 3873 audias
2672 3858 2689 3883 ,
2722 3819 2922 3889 tibique
2950 3820 3113 3871 vitam
3148 3818 3438 3888 jucundam
3464 3817 3631 3872 facias
3650 3858 3665 3880 ,
3690 3832 3763 3872 ac

2168 3910 2361 3965 futuris
2390 3913 2563 3979 poenis
2596 3910 2856 3973 libereris,
2884 3911 3027 3963 omni
3062 3912 3231 3979 ipsum
3253 3910 3428 3964 studio
3453 3909 3593 3965 cole.
3621 3908 3762 3963 Nam

2168 4016 2263 4057 eos
2291 4002 2503 4070 quidem
2536 4001 2623 4070 qui
2654 4000 2945 4055 liberorum
2975 4016 3159 4055 curam
3203 4018 3307 4054 non
3337 4002 3634 4071 gesserint,
3680 4013 3769 4055 ta-

2170 4092 2324 4145 metsi
2352 4092 2677 4161 cwteroquitt
2709 4091 2935 4145 modesti
2963 4090 3160 4146 fuerint
3188 4101 3346 4161 atque
3372 4092 3657 4156 moderati,
3690 4093 3767 4147 ob

2171 4183 2307 4237 istud
2335 4194 2610 4254 peccatum
2645 4198 2828 4253 poenas
2855 4185 3197 4253 gravissimas
3220 4184 3466 4252 luituros,
3491 4201 3557 4241 ex
3589 4186 3764 4241 veteri

2131 4341 2137 4347 η
2172 4275 2433 4327 constabit
2460 4274 2675 4329 historia
2698 4315 2713 4338 ,
2745 4290 2901 4344 quam
2936 4278 3185 4330 narrabo.

2249 4364 2367 4419 Heli
2396 4378 2539 4436 pater
2566 4368 2715 4421 nimis
2735 4369 3023 4440 indulgens.
3047 4398 3117 4409 —
3138 4369 3400 4425 Sacerdos
3426 4369 3523 4424 ftiit
3541 4371 3766 4438 quidam

2172 4457 2311 4526 apud
2333 4456 2545 4511 Juilteos
2569 4460 2893 4529 caateroquin
2918 4458 3216 4526 modestus,
3245 4476 3309 4515 ac
3335 4460 3491 4524 lenis,
3516 4460 3632 4515 Heli
3662 4478 3767 4516 no-

2176 4550 2334 4602 mine.
2395 4548 2528 4603 Huic
2569 4549 2726 4629 igitur
2772 4551 2889 4605 Heli
2928 4552 3036 4606 duo
3075 4551 3287 4606 fuerunt
3326 4552 3515 4618 liberi,
3558 4555 3649 4624 qui
3698 4555 3769 4609 ad

2174 4655 2438 4693 summum
2487 4640 2841 4709 improbitatis
2887 4641 3159 4710 fastigium
3202 4654 3608 4712 pervenerant:
3644 4644 3767 4700 illos

2176 4740 2349 4783 autem
2378 4746 2481 4783 non
2513 4732 2832 4799 reprimebat
2862 4732 2969 4799 ille,
2999 4748 3100 4788 nec
3126 4733 3477 4803 prohibebat:
3501 4736 3610 4789 imo
3635 4752 3765 4792 vero

2176 4822 2500 4888 reprimebat
2537 4822 2627 4876 ille
2653 4823 2867 4892 quidem
2890 4864 2907 4889 ,
2951 4835 3110 4894 atque
3148 4825 3496 4893 prohibebat,
3528 4826 3624 4881 sed
3657 4842 3763 4886 non

2178 4920 2318 4964 tanta
2346 4928 2466 4967 cum
2496 4913 2766 4981 diligentia
2802 4925 2857 4969 et
2884 4916 3214 4971 vehementia
3236 4958 3252 4983 ,
3280 4928 3473 4987 quanta
3503 4935 3639 4988 opus
3670 4918 3774 4976 fuit.

2177 5002 2251 5070 (l.
2283 5001 2409 5074 Reg.
2440 5003 2493 5057 2.
2527 5004 2637 5073 il).
2673 5003 2803 5057 Cum
2832 5007 2976 5060 enim
3010 5006 3190 5077 flagris
3218 5010 3427 5062 aedi-re
3453 5010 3730 5065 debuisset
3750 5053 3766 5077 ,

2176 5094 2333 5147 domo
2378 5103 2596 5162 paterna
2634 5095 2829 5165 ejicere
2853 5137 2866 5159 ,
2899 5114 3113 5151 onmem
3156 5100 3506 5154 correctionis
3546 5100 3766 5155 modum

2176 5184 2466 5251 adbibere,
2514 5186 2894 5240 cohortabatur
2932 5188 3106 5241 solum
3148 5198 3205 5243 et
3240 5191 3551 5245 consulebat
3585 5182 3769 5248 itadi-

2176 5290 2335 5328 cens:
2362 5274 2461 5338 Ne,
2500 5276 2612 5341 lilii,
2644 5294 2704 5329 ne
2732 5277 2801 5329 itu
2831 5278 3035 5344 faciatis
3066 5293 3083 5331 :
3111 5279 3351 5345 quoniam
3380 5297 3482 5333 non
3512 5285 3643 5333 bona
3672 5298 3769 5334 au-

2177 5366 2324 5428 ditio,
2356 5382 2506 5435 quam
2535 5366 2688 5418 audio
2727 5367 2789 5419 de
2825 5368 2963 5420 vobis
2989 5370 3065 5435 (l.
3103 5368 3229 5437 Reg.
3252 5368 3305 5423 Ξ.
3338 5369 3457 5438 2i).
3488 5372 3625 5436 Quid
3647 5372 3769 5427 ais?

2181 5454 2346 5508 Deum
2374 5456 2565 5525 injuria
2591 5456 2885 5512 all'eccrunt
2908 5497 2924 5513 .
2954 5469 3009 5514 et
3046 5460 3180 5516 filios
3206 5461 3483 5530 appellas?
3510 5462 3769 5519 Condito-

2177 5560 2290 5597 rem
2325 5546 2631 5613 ignorarunt
2651 5589 2666 5605 .
2686 5556 2747 5601 et
2778 5559 2832 5601 tu
2875 5549 3324 5623 propinquitatem
3356 5553 3567 5608 illoruni
3596 5569 3768 5626 agun-

2177 5636 2321 5689 scis?
2362 5637 2644 5707 Propterea
2692 5640 2856 5707 dicit,
2900 5656 3021 5696 eum
3064 5660 3169 5698 nun
3212 5645 3557 5702 admonuisse
3597 5647 3763 5705 illos:

2183 5729 2473 5787 admonitio
2501 5733 2642 5788 enim
2670 5745 2751 5791 cst
2791 5736 2831 5792 si
2874 5758 2979 5801 non
3031 5752 3324 5810 utrumque
3352 5739 3632 5796 consilium
3672 5741 3763 5797 do—
