4074 6404
337 339 444 399 827

334 456 391 510 ει
422 448 608 508 παντί
632 446 784 519 ἔργῳ
809 443 1010 518 ἀγαθῷ
1037 441 1523 514 ἐπηκολούθησε.
1558 437 1777 492 Τούτων
1803 434 1914 506 7&9

335 547 568 602 ικαστον
625 542 774 596 δοκεῖ
806 540 904 612 μέν
934 533 1075 593 εῖναι
1109 535 1261 609 ῥῆμα
1306 533 1481 605 ψιλὸν,
1517 530 1720 602 ¹πολλὴν
1742 529 1800 583 δέ
1860 529 1920 582 ἐν

335 636 520 708 ἐαυτῷ
547 633 760 705 συνέχει
785 631 885 704 τὴν
907 629 1074 701 ζωήν.

404 751 476 817 ζ’.
493 748 606 804 Καὶ
620 750 669 803 εἰ
683 747 850 808 δοκεῖ,
864 744 1102 817 πρῶτον,
1119 739 1466 811 ἐξετάσωμεν
1477 739 1507 793 δ
1522 735 1739 810 πρῶτον
1756 732 1919 797 αὐτὸς

331 841 584 896 τέθεικεν
603 854 619 870 ·
663 839 734 892 Εἰ
765 832 1260 902 ἐτεκνοτρόφησε.
1298 828 1519 900 Τροφὴν
1543 827 1653 899 7&9
1681 823 1918 880 ἐνταῦθα

335 931 488 999 λέγει
531 928 594 982 οὐ
625 925 834 994 ταύτην
867 924 968 990 τὴν
1009 922 1170 993 ψιλὴν
1202 921 1296 975 καὶ
1330 919 1482 991 παρά
1534 920 1645 981 τοῖς
1703 915 1920 977 πολλοῖς

333 1020 720 1092 νομιζομένην,
739 1018 800 1072 τὸ
824 1017 898 1088 μὴ
915 1014 1060 1085 λιμῷ
1083 1011 1475 1084 φθειρομένους
1497 1009 1763 1080 περιιδεῖν
1790 1005 1918 1066 τούς

336 1116 538 1179 παῖδας
557 1131 572 1146 ο
608 1112 766 1167 τοῦτο
797 1111 908 1181 7&9
935 1108 1060 1161 οὐδέ
1091 1106 1230 1176 αὐτη
1257 1105 1358 1176 τῆς
1390 1104 1604 1174 φύσεως
1635 1103 1669 1172 ἡ
1701 1099 1917 1168 ἀνάγκη

332 1209 530 1280 ἀφίησι
569 1200 1030 1278 παραμεληθῆναί
1059 1215 1191 1251 ποτε
1215 1215 1228 1230 ·
1267 1197 1390 1251 ὅθεν
1410 1195 1533 1249 οὐδὲ
1558 1192 1920 1265 προσταγμά-

329 1317 443 1354 των
470 1297 614 1369 ὐπέρ
662 1293 856 1349 τούτου
896 1291 1058 1363 χρεία
1094 1290 1189 1344 καὶ
1243 1288 1444 1358 νόμων,
1491 1286 1579 1339 ἵνα
1606 1284 1676 1338 τά
1716 1283 1918 1350 έκγονα

329 1392 610 1463 τρέφωσιν
637 1389 694 1442 αἰ
720 1386 887 1457 χῆραι
905 1399 922 1416 ο
943 1382 1080 1437 ἀλλά
1106 1382 1207 1452 τὴν
1233 1381 1332 1451 τῆς
1356 1377 1706 1448 δικαιοσύνης
1730 1376 1920 1445 ἐπιμέ-

338 1481 516 1541 λειαν,
534 1480 635 1551 τὴν
650 1477 965 1548 ἀνατροφὴν
983 1473 1085 1546 τὴν
1105 1474 1223 1544 μετ’
1246 1470 1535 1532 εὐλαϐείας
1556 1467 1793 1523 ἐνταῦθά
1813 1484 1919 1537 φη-

334 1585 452 1624 σιν’
475 1568 552 1632 ὼς
583 1567 647 1620 αῖ
671 1582 737 1636 γε
768 1563 843 1636 μὴ
875 1562 1020 1617 οὕτω
1041 1560 1360 1632 τρέφουσαι,
1400 1557 1741 1611 παιδοκτόνοι
1777 1555 1916 1626 μᾶλ-

331 1663 425 1717 λόν
457 1663 596 1716 εἰσιν
632 1659 666 1732 ἢ
702 1656 957 1730 μητέρες.
985 1652 1160 1708 Τοῦτο
1181 1652 1244 1706 οὐ
1287 1651 1428 1723 πρὸς
1452 1651 1716 1720 γυναῖκας
1744 1648 1906 1719 μόνον

331 1753 498 1824 λέγω.
531 1750 669 1807 ἀλλά
699 1748 796 1804 καὶ
815 1747 954 1820 πρὸς
978 1745 1202 1817 ἀνδρας.
1232 1743 1344 1798 Καὶ
1371 1743 1482 1814 γὰρ
1511 1739 1698 1794 πολλοὶ
1721 1738 1919 1794 πολλά.

331 1863 425 1912 κις
447 1844 560 1900 τῶν
581 1842 862 1914 πατέρων,
893 1839 1045 1901 ὅπως
1077 1837 1177 1907 μὶν
1215 1836 1383 1897 ῐππος
1410 1835 1622 1903 γένοιτο
1644 1830 1807 1894 καλὸς
1839 1829 1919 1900 τῷ

333 1937 509 2004 παιδὶ,
542 1935 639 1992 καὶ
667 1934 817 1997 ὅπως
845 1930 994 1985 οἰκία
1029 1928 1285 2002 λαμπρὰ,
1325 1926 1420 1980 καῖ
1445 1926 1593 1988 ὅπως
1618 1921 1918 1993 πολυτελὴς

329 2030 524 2102 ἀγρὸς.
550 2027 731 2082 πάντα
763 2021 980 2078 ποιοῦσι
1021 2021 1116 2075 καί⁸
1142 2016 1659 2091 πραγματεύονται*
1685 2015 1834 2077 ὅπως
1862 2013 1919 2066 δέ

331 2119 484 2191 αὐτῷ
533 2115 680 2188 ψυχὴ
722 2114 933 2184 γένοιτο
987 2110 1128 2179 καλὴ
1179 2109 1274 2162 καὶ
1308 2105 1630 2180 προαίρεσις
1662 2102 1915 2173 εὐσεϐὴς,

331 2210 524 2266 οὐδένα
553 2208 739 2278 έχουσι
783 2205 964 2272 λόγον.
1006 2201 1118 2256 Καὶ
1145 2198 1304 2254 τοῦτό
1343 2201 1514 2262 ἐστιν,
1552 2195 1582 2249 δ
1608 2195 1708 2268 τὴν
1737 2195 1919 2249 οἰκου-

336 2301 506 2372 μένην
538 2295 691 2370 [317]
724 2294 1023 2365 ἀνατρέπει
1062 2292 1262 2353 πᾶσαν,
1288 2289 1371 2343 δτι
1399 2288 1510 2341 τῶν
1534 2286 1750 2341 οἰκείων
1775 2285 1915 2355 ἀμε-

331 2390 532 2461 λοῦμεν
561 2388 789 2452 παίδων,
825 2385 1048 2439 καὶτῶν
1075 2381 1176 2454 μὲν
1201 2379 1501 2453 κτημάτων
1522 2378 1703 2433 αὐτῶν
1725 2380 1916 2447 ἐπιμε-

331 2480 599 2554 λούμεθα,
627 2479 727 2550 τῆς
752 2477 810 2531 δέ
833 2477 1015 2547 ψυχῆς
1040 2473 1220 2530 αὐτῶν
1250 2469 1728 2542 καταφρονοῦμεν,
1751 2466 1916 2538 ἐσχά-

331 2586 431 2642 της
473 2567 662 2630 ἀνοίας
712 2565 950 2635 πρᾶγμα
981 2560 1368 2632 ὑπομένοντες.
1399 2558 1480 2612 Τά
1513 2558 1612 2628 μὶν
1639 2556 1750 2626 7&9
1781 2558 1917 2626 κτηο

335 2676 484 2731 ματα
513 2657 617 2712 κᾶν
639 2655 811 2709 πολλὰ
838 2650 872 2730 ᾖ
902 2653 997 2707 καὶ
1027 2651 1314 2722 πολυτελῆ,
1341 2648 1436 2704 τοῦ
1461 2647 1762 2718 δυναμένου
1797 2643 1916 2716 μετ’

331 2751 540 2826 ἀρετῆς
577 2750 722 2804 αὐτά
746 2748 1050 2818 οἰκονομεῖν
1081 2746 1183 2799 οὐκ
1202 2745 1355 2807 ὄντος
1391 2741 1710 2806 σπουδαίου,
1736 2740 1916 2795 πάντα

329 2844 618 2900 ἀπολεῖται
662 2841 757 2895 καὶ
823 2840 1106 2909 οἰχήσεται
1160 2835 1276 2907 μετ’
1333 2834 1523 2899 αὐτοῦ,
1569 2835 1664 2888 καὶ
1714 2830 1917 2902 βλάϐην

329 2935 568 3007 ἐσχάτην
600 2931 809 3000 ἐνέγκοι
826 2942 864 2986 ,ι
883 2928 963 2999 τῷ
994 2928 1319 3000 κεκτημένῳ
1338 2942 1353 2958 ·
1383 2926 1450 2981 ἂν
1472 2924 1529 2979 δέ
1552 2927 1585 2996 ἡ
1615 2924 1765 2994 ψυχὴ
1793 2939 1918 2991 γεν-

336 3024 464 3079 ναία
491 3017 720 3092 γένηται
756 3020 851 3073 καί
889 3018 1199 3088 φιλόσοφος.
1229 3015 1335 3071 κᾶν
1387 3016 1553 3087 μηδέν
1591 3013 1743 3068 ἐνδον
1780 3013 1920 3067 ἀπο·

328 3115 587 3184 κείμενον
633 3108 692 3185 ᾖ,
739 3111 808 3164 τά
849 3110 1066 3163 πάντων
1097 3108 1388 3178 δυνήσεται
1422 3105 1564 3178 μετά
1601 3105 1788 3169 ἀδείας
1820 3121 1917 3158 συ-

335 3208 508 3280 σχεῖν.
537 3206 631 3258 Δεῖ
644 3204 827 3257 τοίνυν
846 3203 1090 3261 σκοπεῖν,
1117 3200 1214 3270 οὐχ
1237 3201 1385 3262 ὃπως
1411 3199 1608 3262 αὐτοὺς
1628 3196 1918 3259 πλουσίους

328 3301 392 3352 ἐν
419 3295 672 3368 ἀργυρίῳ
697 3294 793 3347 καὶ
812 3293 1021 3366 χρυσίῳ
1049 3292 1276 3354 καὶτοῖς
1295 3290 1558 3352 τοιούτοις
1575 3290 1917 3360 ποιήσωμεν,

333 3391 451 3446 ἀλλ’
477 3389 625 3452 ὅπως
658 3389 716 3441 ἐν
749 3383 1010 3455 εὐλαϐείᾳ
1035 3384 1130 3437 καὶ
1161 3382 1452 3454 φιλοσοφίᾳ
1484 3382 1578 3436 καὶ
1602 3381 1795 3452 κτήσει
1821 3381 1920 3451 τῆς

331 3483 536 3557 ἀρετῆς
577 3480 799 3534 πάντων
839 3474 1069 3547 γένοιντ’
1109 3473 1176 3529 ἀν
1206 3471 1574 3546 εὐπορώτεροι
1594 3486 1611 3503 ο
1661 3473 1810 3534 ὅπως
1842 3471 1918 3542 μὴ

334 3573 549 3630 πολλῶν
593 3572 818 3634 δέοιντο,
858 3570 1008 3632 ὅπως
1055 3565 1130 3638 μὴ
1163 3563 1295 3636 περὶ
1322 3564 1394 3618 τά
1429 3563 1658 3634 βιωτικά
1694 3563 1790 3617 καὶ
1818 3562 1919 3627 τάς

333 3665 669 3738 νεωτερικὰς
687 3657 983 3732 ἐπιθυμίας
1009 3651 1141 3712 ὦσιν
1171 3656 1521 3729 ἐπτοημένοι.
1553 3658 1665 3712 Καὶ
1683 3657 1784 3720 τάς
1808 3657 1923 3710 εἰσ-

332 3760 489 3822 όδους
534 3754 738 3818 αὐτῶν,
784 3753 881 3805 καὶ
910 3751 1012 3814 τάς
1056 3748 1273 3815 ἐξόδους
1315 3747 1433 3819 μετ’
1479 3746 1769 3819 ἀκριϐείας
1824 3761 1924 3799 πε·

336 3841 728 3923 ριεργάζεσθαι
773 3839 902 3911 χρὴ,
941 3838 1044 3901 τὰς
1093 3834 1400 3908 διατριϐάς,
1452 3835 1554 3899 τὰς
1609 3834 1919 3902 συνουσίας,

335 3939 546 4002 εἰδότας
587 3936 670 3989 ὅτι
705 3931 909 3986 τούτων
955 3926 1376 4000 ἀμελουμένων,
1413 3927 1671 3998 οὐδεμίαν
1727 3928 1922 4000 ἕξομεν

337 4021 495 4096 παρά
519 4018 598 4090 τῷ
627 4015 748 4086 Θεῷ
800 4011 1148 4096 συγγνώμην.
1193 4011 1282 4096 ΕμίΔ
1299 4011 1409 4096 γὰρ
1458 4012 1559 4096 τῇς
1590 4013 1700 4066 τῶν
1746 4014 1923 4096 ἀλλων

335 4089 598 4179 πρὸ-ναίεις
647 4092 1030 4179 ἀπαιτούμεθα
1060 4091 1159 4150 τὰς
1192 4089 1424 4179 εὐθύνας
1456 4092 1782 4162 (Ἕκαστος
1812 4094 1923 4164 γὰρ

331 4175 422 4261 μὴ
460 4185 526 4240 τὸ
555 4178 773 4237 έαυτοῦ
819 4175 1076 4261 ζητείτω.
1119 4175 1309 4261 φησιν,
1345 4176 1517 4261 ’ἀλλὰ
1545 4176 1613 4261 τὸ
1640 4179 1748 4231 τοῦ
1776 4183 1923 4248 πλη.

338 4256 528 4334 ονίον),
555 4265 708 4335 πόσῳ
757 4260 958 4332 μᾶλλον
989 4258 1088 4328 τῆς
1121 4256 1229 4310 τῶν
1256 4257 1498 4324 παίδωνς
1531 4260 1605 4313 Οὐ
1639 4261 1925 4332 κατῴκισά

341 4371 448 4420 σοιν
483 4349 671 4422 φησὶν.
719 4345 883 4401 αὑτὸν
911 4343 972 4408 δξ
1020 4340 1232 4411 ἀρκῆςὶ
1281 4342 1561 4413 ιπέστησα
1590 4344 1647 4398 δέ
1682 4362 1742 4400 σε
1775 4349 1925 4420 αὐτῷ

337 4433 661 4493 διδάσκαλον
685 4429 780 4483 καὶ
799 4425 1113 4499 προστάτην
1132 4425 1226 4476 καὶ
1248 4427 1522 4495 κηδεμόνα
1545 4429 1642 4481 καὶ
1665 4430 1921 4501 ἄρχοντας

337 4523 442 4593 τὴν
466 4513 717 4584 ἐξουσίαν
744 4509 910 4566 αὐτοῦ
929 4509 1118 4593 πᾶσαν
1139 4507 1322 4593 φέρων
1338 4509 1419 4572 εἰς
1442 4509 1540 4572 τάς
1567 4511 1667 4575 σάς
1691 4514 1925 4586 ἐνέθηκα

338 4589 567 4677 χεῖραςς
623 4594 858 4651 ’Δπαλδν
911 4592 1041 4646 ὄντα
1094 4589 1445 4677 διαπλάττειν
1499 4595 1784 4665 ἐκέλευσα,
1831 4603 1927 4655 καὶ

343 4674 630 4760 ῥυθμίζειν
652 4696 668 4714 ο
704 4681 862 4735 ποίαν
897 4679 964 4732 ἂν
990 4677 1134 4748 ἔχοις
1171 4674 1527 4748 συγγνώμην,
1579 4684 1629 4736 εἰ
1663 4682 1925 4754 περιίδοις

334 4770 507 4828 αὐτὸν
534 4766 1057 4834 ἀποσκιρτήσαντας
1085 4763 1152 4817 Τί
1179 4763 1290 4836 7&9
1317 4762 1384 4818 ἀν
1411 4763 1626 4832 είποις;
1674 4767 1759 4820 ὅτι
1799 4768 1926 4823 δυσ-

340 4850 491 4925 ήθιός
526 4847 777 4902 εστιτκαῖ
826 4845 1060 4918 τραχύςς
1118 4847 1256 4900 Ἀλλ’
1297 4847 1356 4913 ἔξ
1406 4849 1582 4920 ἀρχῆς
1625 4849 1729 4904 ἔδει
1753 4853 1926 4908 ταῦτα

293 4992 302 4998 ,
342 4932 685 5007 προορῶντα,
736 4932 824 4984 ὅτε
858 4929 1072 5001 εὐήνιος
1104 4925 1194 5000 ἦν,
1224 4933 1319 4984 καὶ
1356 4931 1555 5004 κομιδῆ
1596 4932 1734 4999 νέος,
1773 4936 1925 5006 χαλε.

338 5017 465 5073 νοῦν
499 5014 615 5087 μετ’
646 5012 953 5085 ἀκριϐείας,
987 5011 1187 5076 ἐθίζειν
1222 5013 1359 5084 πρὸς
1384 5013 1452 5068 τὰ
1476 5015 1684 5080 δέοντα,
1723 5019 1924 5091 ῥυθμί-

339 5105 477 5170 ζειν,
518 5098 766 5162 κολάζειν
797 5095 966 5150 αὐτοῦ
1003 5095 1076 5150 τὰ
1111 5098 1393 5168 νοσήματα
1423 5099 1523 5168 τῆς
1549 5100 1749 5174 ψυχῆς.
1792 5104 1923 5159 Ὅτε

339 5182 681 5253 εὐκολωτέρα
711 5182 746 5252 ἠ
779 5178 1034 5251 ἐργασία,
1082 5179 1204 5232 τότε
1233 5181 1333 5244 τὰς
1362 5181 1605 5249 ἀκάνθας
1634 5187 1923 5259 ἐκτέμνειν

337 5269 468 5334 ἔδει,
484 5268 573 5321 ὅτε
603 5263 963 5336 ἀπαλωτέρας
987 5263 1154 5334 οὐσης
1184 5267 1282 5335 τῆς
1315 5265 1526 5336 ἡλικίας
1555 5269 1923 5343 εὐκολώτερον

336 5349 677 5412 ἀνεσπῶντο,
721 5347 819 5402 καί
847 5348 949 5401 οὐκ
1000 5347 1068 5402 ἂν
1095 5348 1444 5419 ἀμελούμενα
1483 5350 1554 5404 τά
1599 5353 1771 5425 πάθη,
1826 5358 1922 5410 καὶ

336 5439 706 5509 αὐξανόμενα,
735 5436 1192 5508 δυσκατέργαστα
1216 5437 1428 5507 γέγονε.
1458 5439 1558 5494 Διά
1577 5440 1741 5495 τοῦτό
1761 5460 1921 5515 φησι,

337 5519 601 5589 Κάμψον
636 5520 706 5573 ἐκ
754 5521 1041 5586 νεότητος
1079 5519 1188 5573 τὸν
1227 5521 1533 5590 τράχηλον
1576 5524 1786 5589 αὐτοῦ,
1836 5526 1925 5579 ὅτε

341 5605 688 5677 εὐκολωτέρα
711 5605 912 5674 γένοιτ’
935 5604 1002 5658 ἂν
1031 5607 1066 5676 η
1092 5605 1459 5675 παιδαγωγία.
1497 5607 1613 5662 Οὐκ
1646 5609 1927 5665 ἐπιτάττει

404 5740 431 5775 ³
449 5737 566 5794 Cod.
590 5737 683 5791 768
703 5739 824 5804 μετὰ
843 5738 1033 5790 τοῦ·καί
1045 5741 1118 5804 βλ.
1144 5741 1183 5790 έ.
1211 5741 1434 5804 ἐνεγκεῖν.

1430 339 1500 398 IN
1541 332 1776 396 ILLUD.
1821 329 2033 389 VIDUA
2077 329 2452 388 ELIGATUR.

3499 322 3604 378 5‘23

2018 429 2080 486 δδ
2130 432 2313 504 μόνον,
2355 429 2494 486 ἀλλά
2540 431 2638 485 καὶ
2695 430 2859 495 αὐτος
2909 429 3318 498 συνεφάπτεταί
3372 446 3455 485 σοι
3505 433 3607 486 τοῦ

2021 521 2208 596 έργου.
2253 523 2364 578 Καὶ
2409 523 2549 590 πῶς,
2592 522 2688 577 καὶ
2724 522 2835 578 τίνι
2882 521 3102 593 τρόπφ;
3158 522 3214 574 '0
3256 521 3610 593 κακολογῶν

2020 613 2247 685 πατέρα
2267 615 2306 683 ἣ
2330 614 2572 685 μητέρα,
2606 614 2762 686 φησὶ,
2792 613 3029 678 θανάτῳ
3055 612 3408 668 τελευτάτω.
3441 612 3609 684 Ὁρᾷς

2021 706 2189 760 πόσον
2235 706 2422 769 αὐτοῖς
2471 705 2743 777 ἐπέστησε
2795 705 2995 775 φόϐον;
3037 704 3216 775 πόσην
3270 701 3609 774 ἐπετείχισεν

2018 795 2297 864 ἀγωνίαν;
2331 795 2450 861 πῶς
2474 797 2710 868 δυνατήν
2735 813 2831 849 σου
2858 795 2959 868 τὴν
2980 795 3155 868 ἀρχὴν
3186 794 3412 867 ἐποίησε
3432 813 3448 862 ;
3472 797 3610 850 Τίνα

2019 880 2114 940 οῦν
2147 886 2447 956 ἀπολογίαν
2497 886 2718 958 ἔχοιμεν
2763 886 2832 940 ἀν
2882 889 3080 952 εἰπεῖν,
3127 887 3258 941 ὅταν
3287 888 3450 948 αὐτὸς
3484 889 3605 958 μὲν,

2019 977 2239 1032 ἐπειδὰν
2271 980 2438 1050 ἡμεῖς
2484 976 2865 1052 ὐϐριζώμεθα,
2911 977 3047 1050 μηδὲ
3096 978 3198 1050 τῆς
3241 977 3388 1048 ζωῆς
3426 977 3608 1032 αὐτῶν

2021 1067 2273 1141 φείδηται
2292 1086 2308 1100 ο
2348 1069 2511 1141 ἡμεῖς
2541 1067 2621 1135 δὲ,
2647 1067 3008 1140 ὑϐριζομένου
3037 1066 3132 1122 τοῦ
3166 1066 3304 1122 Θεοῦ
3345 1069 3476 1139 παρ’
3503 1068 3608 1122 αὐο

2017 1157 2151 1224 τῶν,
2207 1157 2344 1230 μηδὲ
2385 1160 2717 1228 ἀγανακτεῖν
2751 1159 2939 1223 αὐτοῖς
2972 1157 3378 1229 ὐπομένωμεν;
3438 1155 3606 1225 Ἐγὼν

2020 1252 2208 1322 φησὶν,
2246 1251 2368 1306 οὐδὲ
2412 1253 2734 1306 ἀποκτεῖναι
2770 1249 3148 1322 παραιτοῦμαι
3188 1251 3282 1305 τὸν
3314 1247 3610 1321 ὐϐρίζοντά

2021 1356 2115 1392 σε’
2149 1341 2214 1394 σύ
2243 1340 2302 1394 δέ
2331 1340 2453 1395 οὐδέ
2482 1342 2691 1412 ῥήματι
2721 1340 2915 1394 λυπεῖν
2947 1339 3141 1412 ἀνέχῃ,
3176 1339 3331 1409 φησί.
3359 1338 3451 1393 τὸν
3478 1337 3612 1408 τούς

2020 1433 2192 1504 ἐμούς
2239 1431 2658 1486 καταπατοῦντα
2693 1430 2917 1502 νόμους.
2970 1429 3082 1483 Καὶ
3116 1427 3220 1483 ποῦ
3251 1426 3430 1482 ταῦτα
3473 1442 3608 1495 συγο-

2017 1521 2246 1594 γνώμης
2279 1523 2441 1590 diu;
2484 1522 2650 1595 Ὁρᾷς
2685 1521 2852 1576 αὐτὸν
2902 1512 3202 1592 ὑϐρίζοντα
3257 1521 3337 1582 εἰς
3372 1518 3466 1572 τὸν
3515 1534 3611 1570 πε-

2018 1615 2311 1686 ποιηκότα,
2342 1615 2438 1668 καὶ
2460 1615 2523 1668 οὐ
2547 1613 2949 1685 δυσχεραίνεις,
2973 1611 3096 1665 εἰπέ
3121 1627 3236 1682 μοι,
3263 1609 3386 1664 οὐδδ
3421 1608 3610 1680 φοϐεῖς

2018 1708 2116 1762 καὶ
2147 1709 2430 1780 ἐπιτιμᾷς,
2470 1707 2567 1762 καὶ
2603 1707 2781 1762 ταῦτα
2812 1704 2992 1770 εἰδὼς,
3022 1705 3106 1758 δτι
3131 1704 3227 1758 καὶ
3259 1701 3419 1756 τοῦτο
3443 1700 3607 1766 αὐτὸς

2018 1801 2048 1854 ό
2091 1797 2226 1864 Θεὸς
2273 1798 2573 1864 ἐκώλυσεν,
2605 1799 2707 1853 οὐκ
2747 1797 2940 1869 ἐπειδὴ
2991 1795 3165 1867 βλάϐη
3201 1791 3353 1867 [518]
3398 1809 3483 1858 τις
3526 1794 3612 1856 εἰς

2019 1891 2382 1964 ὑϐριζόμενον
2408 1890 2624 1961 γίνεται
2652 1887 2982 1962 (ἀνώλεθρον
3007 1886 3120 1960 7&9
3147 1885 3210 1940 τδ
3240 1883 3439 1956 Θεῖον),
3487 1883 3604 1938 ἀλλ’

2020 1985 2164 2058 ὐπέρ
2197 1985 2299 2056 τῆς
2341 1983 2552 2042 ἐκείνου
2584 1982 2896 2055 σωτηρίαςς
2935 1980 2994 2034 '0
3027 1978 3138 2050 7&9
3178 1977 3309 2048 περὶ
3347 1975 3439 2031 τὸν
3471 1972 3607 2027 Θεὸν

2019 2073 2296 2146 ἀγνώμων
2327 2073 2623 2145 γενόμενος
2673 2071 2771 2125 καὶ
2808 2068 3156 2140 ἀναίσθητος,
3189 2064 3371 2137 πολλῷ
3404 2063 3612 2136 μᾶλλον

2018 2169 2101 2230 εἰς
2148 2166 2242 2220 τὸν
2285 2163 2683 2236 γεγεννηκότα,
2742 2162 2838 2218 καὶ
2890 2162 2971 2226 εἰς
3023 2161 3123 2233 τὴν
3178 2155 3374 2213 ἐαυτοῦ
3423 2152 3608 2226 ψυχὴν

2019 2261 2044 2312 ἐ
2053 2257 2426 2330 μπαροινῆσαι
2457 2256 2770 2328 δυνήσεται.

2087 2355 2159 2419 η’.
2189 2349 2283 2420 Μὴ
2313 2347 2493 2402 τοίνυν
2518 2344 2834 2419 ἀμελῶμεν.
2853 2341 3055 2406 εἰδότες
3079 2339 3285 2395 ὅτιτῶν
3312 2338 3455 2393 κατά
3471 2336 3613 2391 Θεὸν

2017 2441 2203 2504 αὐτοῖς
2250 2434 2310 2493 εὖ
2355 2435 2738 2509 διακειμένων,
2787 2433 2884 2488 καὶ
2912 2431 3054 2487 κατά
3082 2431 3176 2484 τὸν
3213 2429 3459 2499 παρόντα
3494 2425 3610 2497 βίον

2016 2529 2233 2584 ἐσονται
2263 2529 2543 2601 εὐδόκιμοι
2560 2525 2682 2584 ’καὶ
2722 2525 2991 2600 λαμπροί.
3035 2524 3140 2578 Τὸν
3167 2521 3277 2592 γὰρ
3310 2522 3481 2592 ἀρετῇ
3509 2535 3607 2572 συ-

2019 2624 2200 2690 ζῶντα
2235 2622 2332 2678 καὶ
2367 2623 2642 2694 ἐπιεικείᾳ
2676 2619 2878 2684 πάντες
2913 2615 3188 2673 αἰδοῦνται
3240 2614 3336 2668 καί.
3381 2611 3609 2684 τιμῶσι,

2018 2715 2123 2770 κάν
2149 2715 2408 2770 ἀπάντων
2441 2714 2769 2784 πενέστερος
2804 2706 2874 2786 ᾗ,
2919 2701 3111 2780 ὥσπερ
3130 2703 3222 2761 οὖν
3248 2705 3340 2760 τὸν
3369 2703 3612 2776 πονηρὸν

2018 2810 2114 2864 καὶ⁵
2149 2807 2581 2880 διεστραμμένον
2612 2804 3018 2875 ἀποστρέφουσι
3045 2799 3140 2855 καί⁵
3166 2796 3416 2870 μισοῦσιν
3436 2796 3611 2852 ἀπαν-

2016 2918 2131 2966 τες,
2175 2899 2279 2954 κάν
2323 2891 2652 2970 εὐπορίανῇ
2700 2893 3038 2965 κεκτημένος
3093 2890 3317 2961 πολλήν.
3375 2887 3451 2942 Οὐ
3495 2890 3612 2950 τοῖς

2019 2994 2200 3056 ἀλλοις
2231 2992 2288 3044 δέ
2318 2991 2479 3062 μόνον
2503 2986 2814 3061 ἀνθρώποις
2841 2985 2995 3038 ἔσται
3017 2983 3318 3053 αἰδέσιμος,
3356 2979 3491 3035 ἀλλά
3517 2983 3613 3033 καὶ

2022 3081 2106 3135 σοὶ
2135 3079 2216 3152 τῷ
2250 3079 2607 3150 γεγεννηκότι
2652 3075 3053 3145 ποθεινότερος,
3084 3070 3225 3142 πλὴν
3258 3070 3362 3141 τῆς
3388 3067 3611 3139 φύσεως

2019 3175 2122 3228 οὐκ
2149 3173 2408 3226 ἐλάττονα
2442 3171 2638 3240 ἐτέραν
2679 3167 2940 3222 ὑπόθεσιν
2972 3165 3112 3236 έχων
3159 3162 3299 3235 πρὸς
3343 3161 3407 3216 τὸ
3435 3159 3612 3231 φιλεῖ-

2023 3262 2148 3318 σθαι
2202 3260 2302 3334 τὴν
2341 3261 2546 3333 ἀρετήν
2570 3276 2586 3291 ο
2620 3259 2685 3313 οὐ
2739 3255 3119 3325 ποθεινότερος
3157 3254 3216 3308 δέ
3255 3253 3437 3325 μόνον,
3474 3251 3615 3306 ἀλλά

2021 3355 2117 3409 καὶ
2159 3354 2578 3426 χρησιμώτερος
2625 3349 2776 3403 ἔσται
2830 3365 2912 3402 σοι
2946 3345 3289 3417 θεραπεύων,
3318 3344 3613 3408 δουλεύων,

2023 3443 2369 3517 γηροκομῶν.
2410 3443 2623 3514 Ὠσπερ
2644 3441 2754 3513 7&9
2782 3443 2832 3494 οἰ
2851 3440 2981 3514 περὶ
3010 3440 3103 3494 τὸν
3135 3439 3270 3493 Θεὸν
3294 3436 3615 3509 ἀγνώμονες

2021 3535 2118 3589 καὶ
2154 3533 2265 3587 τῶν
2297 3532 2708 3602 γεγεννηκότων
2733 3530 3197 3602 καταφρονοῦσιν·
3227 3528 3401 3594 οὕτως
3429 3531 3478 3582 οἰ
3519 3529 3615 3582 τὸν

2022 3627 2365 3698 πεποιηκότα
2394 3623 2812 3696 θεραπεύοντες,
2839 3623 2897 3676 ἐν
2921 3622 3092 3694 πολλῇ
3129 3623 3226 3676 καὶ
3249 3623 3379 3686 τούς
3423 3636 3615 3689 γεγενο

2024 3719 2254 3791 νηκότας
2284 3719 2468 3789 ἔχουσι
2493 3719 2560 3789 τῇ
2597 3720 2756 3789 τιμῇ.
2784 3715 2904 3769 Ἵνα
2928 3710 3021 3769 οῦν
3051 3714 3147 3768 καὶ
3179 3714 3332 3786 παρά
3358 3712 3613 3784 Θεῷ,καὶ

2023 3812 2176 3886 παρά
2203 3811 2516 3884 ἀνθρώποις
2545 3809 2832 3880 εὐδοκιμῇ,
2859 3806 2956 3861 καί
2989 3823 3074 3860 σοι
3117 3803 3217 3876 τὴν
3239 3804 3399 3875 ζωὴν
3429 3803 3616 3875 ⁴ἰιδεῖαν

2023 3907 2174 3977 ποιῇ,
2207 3905 2301 3958 καὶ
2332 3902 2432 3975 τῆς
2476 3900 2777 3974 μελλούσης
2807 3899 3128 3971 ἀπαλλάττῃ
3161 3897 3459 3961 κολάσεως,
3510 3898 3618 3950 πᾶ·

2025 3988 2501 4051 σαν’ἐπιδείκνυσο
2534 3992 2662 4063 περὶ
2696 3990 2859 4046 αὐτὸν
2895 3990 2997 4062 τὴν
3031 3989 3289 4061 σπουδήν.
3324 3989 3448 4043 Ὅτι
3507 3986 3615 4059 γὰρ

2022 4089 2073 4142 οί
2097 4087 2206 4141 τῶν
2239 4086 2448 4140 παίδων
2492 4083 2844 4156 ἀμελοῦντες,
2867 4082 2972 4137 κᾶν
2995 4082 3162 4136 τάλλα
3184 4075 3320 4136 ὦσιν
3352 4081 3618 4143 ἐπιεικεῖς

2024 4182 2120 4236 καὶ
2156 4179 2392 4250 μέτριοι,
2431 4177 2520 4238 διά
2558 4176 2764 4248 ταύτην
2804 4175 2904 4247 τὴν
2933 4175 3209 4246 ἁμαρτίαν
3248 4173 3349 4244 τὴν
3377 4172 3617 4244 ἐσχάτην

2026 4273 2423 4342 ὐποστήσονται
2466 4268 2643 4341 δίκην,
2697 4266 2942 4339 ἰστορίαν
2980 4266 3066 4320 σοί
3111 4282 3234 4319 τινα
3278 4263 3617 4336 διηγήσομαι

2024 4364 2282 4418 παλαιάν.

2110 4455 2312 4528 Ἱερεύς
2344 4472 2430 4519 τις
2468 4449 2537 4526 ἦν
2590 4451 2745 4524 παρά
2771 4454 2886 4516 τοῖς
2935 4450 3216 4514 Ἰουδαίοις
3256 4450 3507 4520 ἐπιεικὴς
3548 4450 3617 4504 τά

2026 4548 2163 4604 ἀλλα
2206 4547 2302 4601 καί⁵
2350 4546 2590 4617 μέτριος,
2636 4543 2786 4597 Ἠλεῖ
2816 4541 2896 4614 τῷ
2926 4542 3172 4612 ὀνόματι.
3201 4535 3310 4594 Ἦν
3342 4535 3436 4594 οὖν
3463 4535 3618 4602 οὗτος

2040 4638 2190 4691 Ἥλεῖ
2220 4637 2315 4690 δύο
2348 4635 2544 4698 παῖδας
2575 4633 2718 4704 ,ἔχων
2754 4633 2833 4696 εἰς
2864 4631 3093 4703 ἐσχατον
3118 4630 3389 4703 πονηρίας
3418 4628 3612 4702 ἐληλα‹

2027 4731 2219 4794 κότας·
2237 4730 2300 4782 οὐ
2327 4729 2546 4798 κατεῖχε
2576 4726 2655 4790 δὲ,
2676 4724 2798 4779 οὐδὲ
2827 4723 3032 4778 ἐκώλυε
3049 4739 3062 4754 ·
3092 4722 3293 4795 μᾶλλον
3317 4722 3375 4776 δὶ
3397 4725 3617 4792 κατεῖχε

2031 4823 2131 4893 μὲν
2163 4822 2259 4877 καὶ
2286 4819 2547 4881 ἐκώλυεν,
2575 4819 2636 4871 οὐ
2667 4815 2807 4888 μετά
2831 4816 2935 4886 τῆς
2964 4814 3352 4887 προσηκούσης
3371 4814 3429 4868 δέ
3455 4817 3613 4884 ἀκριο

2027 4917 2182 4980 ϐείας
2218 4915 2314 4969 καλ⁴
2346 4912 2728 4982 σφοδρότητος.
2773 4909 2903 4963 Δέον
2944 4909 3056 4980 7&9
3093 4908 3462 4979 μαστιγῶσαι,
3516 4908 3618 4976 τῆς

2027 5007 2288 5080 πατρῴας
2320 5005 2572 5060 ἐκϐαλεῖν
2603 5002 2782 5066 οἰκίας
2801 5041 2816 5065 ,
2869 5000 3048 5054 πάντα
3073 4997 3450 5064 ἐπιδείξασθαι
3474 4997 3620 5070 διορ-

2025 5098 2245 5162 θώσεως
2295 5097 2520 5168 τρόπον,
2578 5093 2813 5165 παρῄνει
2874 5092 2970 5146 καὶ
3025 5090 3380 5145 συνεϐούλευε
3431 5091 3617 5162 μόνον.

2023 5193 2169 5248 οὔτω
2198 5190 2373 5259 λέγων
2397 5206 2411 5220 ·
2449 5187 2583 5257 Μὴ,
2622 5188 2825 5251 τέκνα,
2862 5185 2949 5256 μὴ
3000 5185 3222 5239 ποιεῖτε
3269 5185 3494 5252 οὕτως·
3526 5184 3620 5238 ὅτι

2023 5287 2136 5339 οὐκ
2164 5281 2357 5355 ἀγαθὴ
2390 5283 2429 5351 ἡ
2457 5279 2634 5349 ἀκοὴ,
2660 5278 2740 5348 ἢν
2770 5278 2885 5349 ἐγὼ
2914 5279 3116 5333 ἀκούω
3141 5278 3277 5346 περὶ
3311 5277 3501 5343 ὑμῶν.
3552 5278 3620 5337 Τί

2021 5377 2242 5446 λέγειςς
2291 5376 2383 5428 τὸν
2414 5371 2692 5442 Δεσπότην
2729 5370 2984 5441 ὕϐρισαν,
3037 5370 3132 5423 καὶ
3183 5369 3350 5422 τέκνα
3392 5368 3617 5432 καλεῖς;

2023 5467 2305 5539 ἠγνόησαν
2351 5465 2444 5519 τὸν
2471 5463 2832 5535 πεποιηκότα,
2863 5463 2960 5516 καὶ
2987 5461 3053 5516 σύ
3094 5459 3482 5530 ἐπιγινώσκεις
3517 5461 3622 5515 αὐτ

2024 5555 2136 5608 τῶν
2173 5555 2272 5628 τὴν
2307 5553 2661 5624 συγγένειαν;
2690 5553 2788 5606 Διά
2810 5551 2970 5606 τοῦτό
2999 5569 3188 5623 φησιν,
3222 5552 3304 5605 ὅτι
3341 5550 3443 5605 οὐκ
3472 5551 3626 5604 ἐνου-

2026 5645 2174 5701 θέτει
2220 5645 2452 5709 αὐτούς’
2496 5644 2752 5699 νουθεσία
2783 5644 2893 5716 γάρ
2935 5646 3105 5709 ἐστιν,
3150 5644 3252 5698 οὐκ
3295 5643 3391 5698 ἐάν
3435 5641 3625 5709 ἁπλῶς

2031 5737 2550 5812 συμϐουλεύσωμεν,
2583 5737 2699 5793 ἀλλ’
2740 5736 2835 5793 ἐὰν
2886 5735 3244 5810 σφοδρότερον
3294 5734 3391 5790 καὶ
3442 5731 3628 5807 τομώς
