4074 6394
513 279 623 334 529

516 412 675 465 τερον
707 395 802 448 καὶ
838 391 971 460 ὅσην
996 392 1029 460 ἡ
1075 390 1169 444 τοῦ
1214 389 1548 460 τραύματος
1571 387 1794 440 ἀπαιτεῖ
1825 380 2089 455 σηπεδὼν,

514 485 787 552 τοσαύτην
816 482 1182 550 ἐπαγάγωμεν
1220 479 1318 549 τὴν
1347 478 1580 549 πληγήν.
1605 476 1685 531 Οὐ
1710 475 1892 528 τοίνυν
1935 471 2096 542 ἀρκεῖ

513 591 577 629 το
609 577 805 638 εἰπεῖν,
835 571 954 625 οὐδὲ
983 571 1042 624 τὸ
1070 572 1396 642 παραινέσαι
1429 570 1611 640 μόνον,
1637 567 1773 621 ἀλλὰ
1805 564 1899 618 καὶ
1922 561 2092 616 πολὺν

516 664 844 734 ἐπιτειχίσαι
890 661 972 714 δεῖ
1011 660 1101 714 τὸν
1145 659 1331 730 φόϐον,
1380 660 1522 713 ὥστε
1562 659 1660 730 τὴν
1705 657 1808 725 τῆς
1843 653 2093 722 νεότητος

515 748 807 821 περικόψαι
835 745 1128 817 ῥᾳθυμίαν.
1156 744 1308 799 Ἐπεὶ¹
1327 741 1420 797 οὖν
1438 743 1669 814 παρῄνει
1700 739 1819 810 μὲν,
1838 738 1900 791 οὐ
1955 751 2095 821 παρέ

516 834 632 904 ῄνει
672 832 730 884 δέ
769 831 844 894 ὼς
878 831 1009 894 ἔδει,
1047 832 1159 892 τοῖς
1181 828 1459 898 πολεμίοις
1485 827 1681 887 αὐτοὺς
1714 822 1961 887 ἐξέδωκε,
1997 820 2093 871 καὶ

515 916 693 985 μάχης
721 915 1041 982 γενομένης,
1083 913 1275 964 ἔπεσον
1305 914 1399 964 ἐπὶ
1428 911 1528 980 τῆς
1557 906 1946 979 παρατάξεως,
1995 905 2091 956 καὶ

510 998 608 1067 τὴν
642 995 902 1064 ἀγγελίαν
926 997 1026 1048 οὐκ
1061 995 1321 1061 ἐνεγκὼν,
1353 992 1533 1046 πεσὼν
1561 990 1846 1060 συνετρίϐη
1875 988 1969 1041 καὶ
1997 987 2093 1040 αὐ-

509 1082 601 1140 τὸς
646 1083 739 1131 καὶ
766 1076 1056 1132 ἀπέθανεν.
1101 1077 1264 1147 Ὁρᾷς
1289 1079 1370 1135 ὅτι
1400 1076 1626 1138 δικαίως
1656 1072 1828 1138 εἶπον,
1867 1074 1948 1125 ὃτι
1995 1071 2090 1124 καὶ

510 1161 849 1214 παιδοκτόνοι
887 1161 933 1212 οἱ
974 1159 1210 1229 πατέρες
1259 1159 1416 1220 είσὶν,
1467 1159 1516 1210 οἱ
1563 1157 1639 1228 μὴ
1691 1155 1935 1225 σφοδρῶς
1977 1157 2091 1215 τοῖς

510 1244 687 1296 αὐτῶν
717 1243 1043 1312 κεχρημένοι
1077 1241 1233 1294 παισὶ
1265 1239 1591 1312 ῥᾳθυμοῦσι,
1641 1239 1777 1311 μηδὲ
1808 1239 1906 1308 τὴν
1948 1237 2089 1290 κατὰ

507 1328 641 1380 Θεὸν
693 1327 1052 1388 ἀπαιτοῦντες
1102 1325 1301 1386 αὐτοὺς
1335 1324 1656 1389 εὐλάϐειανς
1693 1321 1851 1376 Οὕτω
1896 1320 2028 1389 γοῦν
2060 1322 2088 1373 6

522 1410 672 1463 ’Πλεῖ
695 1409 1042 1471 παιδοκτόνος
1069 1408 1308 1476 ἐγένετο.
1331 1409 1392 1460 El
1425 1407 1533 1478 γὰρ
1568 1408 1617 1459 οί
1651 1406 1900 1475 πολέμιοι
1955 1421 2087 1458 κατ-

510 1492 749 1562 ἔσφαξαν
799 1491 963 1544 αὐτοῦ
990 1493 1115 1566 τοὺς
1152 1493 1302 1554 υἱοὺς
1325 1533 1338 1554 ,
1379 1491 1514 1542 ἀλλά
1543 1489 1641 1558 τῆς
1672 1478 1890 1556 σφαγῆς
1933 1482 2088 1548 οὗτος

508 1575 676 1637 αἴτιος
715 1575 950 1640 ἐγένετο,
987 1574 1074 1626 διὰ
1098 1572 1199 1643 τῆς
1240 1575 1366 1646 περὶ
1399 1575 1595 1636 αὐτοὺς
1649 1571 1920 1642 ῥᾳθυμίας
1953 1572 2088 1624 ἀπο-

509 1659 711 1726 στήσας
746 1655 895 1728 [519]
919 1657 1010 1709 τοῦ
1033 1658 1166 1708 Θεοῦ
1191 1659 1288 1726 τὴν
1313 1656 1704 1732 βοήθειαι-καὶ
1720 1657 1959 1725 γυμνοὺς
1992 1656 2086 1708 καὶ

506 1741 747 1809 ἐρήμους
768 1740 945 1802 δείξας
967 1743 1078 1801 τοῖς
1105 1739 1444 1808 βουλομένοις
1469 1740 1666 1801 αὐτοὺς
1701 1739 1929 1792 ἀνελεῖν.
1972 1739 2085 1790 Οὐκ

503 1823 743 1883 ἐκείνους
766 1821 820 1873 δὲ
852 1823 1030 1890 μόνον,
1063 1823 1194 1874 ἀλλά
1220 1822 1313 1874 καὶ
1337 1822 1526 1874 ἐαυτὸν
1565 1820 1976 1890 προσαπώλεσε.

566 1917 638 1967 θ’.
658 1917 826 1969 Τοῦτο
837 1916 899 1987 δὴ
919 1916 1099 1970 πολλοὶ
1129 1917 1346 1970 καὶτῶν
1364 1917 1460 1970 νῦν
1479 1917 1732 1986 πατέρων
1753 1917 2050 1986 πάσχουσιν
2068 1933 2080 1948 ·

501 2000 562 2053 οὐ
614 1999 925 2069 βουλόμενοι
953 2001 1240 2069 μαστίξαι,
1283 2001 1406 2053 οὐδὲ
1448 2000 1774 2069 ἐπιτιμῆσαι
1815 2001 2080 2070 ῥήμασιν,

502 2082 622 2134 ούδέ
652 2081 892 2151 λυπῆσαι
915 2077 1043 2144 τοὺς
1063 2081 1272 2135 ἑαυτῶν
1304 2085 1453 2143 υίοὺς
1479 2083 1730 2144 ἀτάκτως
1759 2081 1968 2146 ζῶντας
1989 2083 2084 2134 καὶ

503 2163 854 2232 παρανόμως,
880 2165 1140 2227 πολλάκις
1157 2161 1293 2216 εἶδον
1319 2167 1410 2216 ἐπὶ
1433 2168 1544 2226 τοῖς
1567 2163 1815 2231 ἐσχάτοις
1834 2163 2080 2228 ἁλόντας,

501 2249 580 2306 εἰς
595 2247 937 2314 δικαστήριον
969 2247 1335 2316 άρπαγέντας,
1366 2246 1469 2298 ὑπὸ
1495 2247 1706 2314 δημίων
1735 2245 2080 2314 ἀποτμηθέν-

498 2347 618 2390 τας.
646 2327 809 2380 Ὅταν
837 2328 944 2398 γὰρ
981 2332 1041 2380 σὺ
1081 2332 1154 2398 μὴ
1186 2328 1496 2398 παιδεύσῃς,
1520 2329 1646 2380 ὅταν
1678 2330 1739 2380 σὺ
1767 2331 1840 2398 μὴ
1867 2346 2077 2400 σωφρο-

497 2413 674 2481 νίσῃς,
706 2414 924 2480 μιαροῖς
975 2411 1282 2482 ἀνθρώποις
1315 2413 1410 2464 καὶ
1435 2412 1853 2480 διεφθαρμένοις
1883 2412 2080 2463 σαυτὸν

498 2492 786 2562 ἀναμίξας,
816 2493 910 2545 καὶ
945 2497 1275 2564 κοινωνήσας
1311 2495 1407 2563 τῆς
1436 2494 1700 2562 πονηρίας
1736 2493 1941 2556 αὐτοῖς,
1973 2495 2079 2546 ὑπὸ

498 2584 612 2643 τοῖς
662 2584 857 2642 κοινοῖς
908 2581 1130 2647 ἄγονται
1158 2578 1342 2647 νόμοις
1370 2577 1465 2628 καὶ
1497 2575 1816 2638 κολάζονται
1860 2581 2078 2631 πάντων

498 2663 748 2731 ὁρώντων
771 2679 784 2692 ·
820 2664 913 2714 καὶ
954 2662 1089 2732 μετὰ
1112 2661 1211 2729 τῆς
1248 2659 1529 2727 συμφορᾶς
1566 2657 1766 2726 μείζων
1794 2662 1824 2729 ἡ
1848 2659 2076 2731 αἰσχύνη

498 2744 741 2811 γίνεται,
785 2743 1370 2798 δακτυλοδεικτούντων
1426 2741 1681 2795 ἁπάντων
1730 2743 1820 2794 τὸν
1865 2744 2076 2812 πατέρα

500 2830 636 2897 μετά
664 2831 760 2898 τὴν
796 2830 1003 2882 ἐκείνου
1036 2828 1308 2896 τελευτὴν,
1341 2827 1433 2877 καὶ⁸
1459 2824 1658 2877 ἄϐατον
1681 2825 1826 2894 αὐτῷ
1860 2826 2074 2878 ποιούν-

494 2928 602 2963 των
645 2913 741 2982 τὴν
779 2913 1003 2980 ἀγοράν.
1040 2911 1219 2970 Ποίοις
1253 2907 1359 2977 γάρ
1412 2907 1708 2977 ὀφθαλμοῖς
1757 2907 2072 2977 ἀντιϐλέψαι

493 2994 777 3066 δυνήσεται
807 2999 918 3053 τοῖς
968 2995 1278 3048 ἀπαντῶσιν
1315 2991 1464 3060 αὐτῷ
1513 2990 1650 3060 μετά
1685 2991 1781 3061 τὴν
1821 2992 2073 3062 τοιαύτην

491 3076 587 3129 τοῦ
621 3078 808 3141 παιδὸς
840 3077 1225 3147 ἀσχημοσύνην
1259 3076 1351 3126 καὶ
1393 3073 1716 3144 συμθιοράνς
1757 3076 1847 3126 Διὸ
1885 3076 2074 3146 δέομαι

494 3160 590 3212 καὶ
620 3159 881 3212 ἀντιϐολῶ
914 3160 1113 3230 πολλὴν
1161 3157 1268 3208 τῶν
1313 3156 1528 3208 οἰκείων
1577 3157 1780 3208 παίδων
1805 3159 2072 3211 ποιεῖσθαι

493 3243 592 3311 τὴν
621 3243 894 3314 πρόνοιαν,
935 3243 1027 3295 καὶ
1059 3238 1330 3309 πανταχοῦ
1353 3238 1448 3308 τὴν
1481 3241 1752 3308 σωτηρίαν
1773 3240 1954 3310 ζητεῖν
1978 3242 2074 3292 αὐ-

492 3325 601 3379 τῶν
637 3327 734 3396 τῆς
761 3326 960 3395 ψυχῆς.
997 3325 1327 3384 Διδάσκαλος
1372 3318 1421 3372 εἷ
1470 3321 1568 3388 τῆς
1612 3321 1791 3384 οίκίας
1827 3323 2068 3395 ἀπάσης,

491 3408 586 3460 καὶ
617 3410 713 3477 τὴν
746 3414 979 3474 γυναῖκα
1005 3409 1099 3460 καὶ
1127 3409 1251 3469 τοὺς
1280 3405 1428 3469 υἱούς
1451 3421 1531 3457 σοι
1550 3407 1912 3476 παραπέμπει
1940 3424 2068 3459 συν-

491 3490 630 3559 εχῶς
657 3493 685 3543 ό
724 3490 873 3553 Θεὸς.
907 3489 1011 3542 Καὶ
1042 3490 1136 3544 νῦν
1166 3491 1262 3558 μέν
1295 3505 1458 3558 φησιν
1490 3492 1518 3540 6
1547 3487 1753 3551 Παῦλος
1786 3490 1914 3559 περὶ
1958 3490 2067 3543 τῶν

491 3573 763 3638 γυναικῶν
789 3591 801 3604 ·
842 3577 907 3626 El
937 3572 1005 3625 δέ
1031 3590 1085 3624 τι
1103 3572 1438 3640 μανθάνειν
1475 3571 1763 3626 θέλουσιν
1781 3611 1796 3634 ,
1831 3575 1900 3626 ἐν
1925 3575 2069 3641 οἴκῳ

491 3656 630 3720 τοὺς
658 3656 846 3721 ίδιόυς
867 3656 1089 3722 ἄνδρας
1108 3654 1576 3722 ἐπερωτάτωσαν
1591 3673 1603 3686 ’
1628 3656 1721 3708 νῦν
1742 3656 1799 3708 δέ
1816 3657 2066 3726 περὶτῶν

491 3739 717 3800 παίδων,
744 3741 1086 3808 Ἑλιτρέφετε
1113 3742 1264 3792 αὐτὰ
1288 3740 1358 3791 ἐν
1385 3739 1640 3814 παιδείᾳὲ
1656 3740 1754 3792 καὶ
1779 3741 2067 3807 νουθεσίᾳ

490 3820 726 3888 Κυρίου.
743 3821 981 3888 Νόμισον
998 3822 1284 3891 ἀγάλματα
1309 3824 1486 3892 χρυσᾶ
1515 3822 1658 3892 ἔχειν
1685 3823 1777 3874 ἐπὶ
1801 3821 1898 3890 τῆς
1928 3822 2066 3874 οίκί-

487 3918 570 3964 ας,
593 3902 659 3954 τά
681 3903 866 3954 παιδία
891 3920 901 3931 ·
928 3903 1047 3956 καθ’
1067 3906 1301 3973 ἑκάστην
1321 3907 1533 3976 ἡμέραν
1551 3906 1689 3956 αὐτά
1709 3903 1937 3974 ῥύθμιζε
1971 3905 2065 3956 καὶ

487 3987 811 4057 περισκόπει
865 3987 1001 4056 μετά
1050 3987 1354 4058 ἀκριϐείας,
1400 3991 1494 4040 καὶ
1544 3989 1706 4041 παντὶ
1751 3990 1938 4058 τρόπῳ
1964 3989 2064 4057 τὴν

485 4069 662 4138 ψυχὴν
693 4069 871 4122 αὐτῶν
894 4071 1232 4141 κατακόσμει
1254 4072 1346 4122 καὶ
1369 4070 1680 4123 διάπλαττε·
1713 4071 1946 4140 μίμησαι
1973 4072 2063 4123 τὸν

489 4154 755 4223 μακάριον
785 4153 924 4217 Ἰὼϐ,
952 4155 1009 4216 ὃς
1039 4155 1131 4206 καὶ
1157 4156 1296 4224 ὑπὲρ
1325 4155 1431 4206 τῶν
1464 4155 1602 4207 κατά
1625 4154 1860 4208 διάνοιαν
1880 4156 2063 4219 αὐτοῖς

489 4236 987 4305 πλημμελουμένων
1018 4238 1284 4300 δεδοικὼς,
1316 4238 1654 4308 προσέφερεν
1691 4239 1831 4308 ὑπὲρ
1883 4241 2060 4292 αὐτῶν

486 4318 698 4381 θυσίας,
756 4319 850 4372 καὶ
899 4320 1098 4390 πολλὴν
1141 4321 1318 4376 αὐτῶν
1360 4324 1596 4374 ἐποιεῖτο
1629 4322 1728 4392 τῂν
1780 4323 2055 4393 πρόνοιαν.

482 4402 736 4472 Μίμησαι
776 4407 867 4457 τὸν
931 4405 1205 4477 Ἀϐραάμ’
1249 4405 1341 4459 καὶ
1389 4406 1496 4474 γὰρ
1541 4407 1746 4468 ἐνκεῖνοῖ
1782 4407 1877 4474 οὐκ
1918 4407 2058 4478 ὑπὲρ

481 4487 779 4556 χρημάτων
807 4489 900 4541 καὶ
929 4490 1222 4560 κτημάτων
1254 4488 1606 4553 ἐσπούδαζεν,
1634 4489 1745 4541 ἀλλ’
1777 4491 1914 4561 ὑπὲρ
1950 4491 2056 4544 τῶν

482 4569 640 4621 θείων
671 4571 867 4639 νόμων,
895 4573 1040 4634 ὅπως
1065 4573 1243 4625 αὐτῶν
1277 4575 1375 4644 τὴν
1405 4572 1651 4643 φυλακην
1675 4575 1787 4636 τοῖς
1811 4575 2055 4642 ἐκγόνοις

483 4652 621 4719 μετά
643 4652 924 4722 ἀκριϐείας
945 4656 1402 4725 παρακαταθοῖτο.
1423 4657 1531 4708 Καὶ
1558 4660 1823 4726 μαρτυρεῖ
1850 4656 2054 4729 ταύτην

478 4732 642 4785 αὐτοῦ
674 4734 771 4804 τὴν
797 4736 1000 4808 ἀρετὴν
1031 4739 1058 4790 ό
1083 4737 1214 4799 Θεὸς
1267 4736 1410 4790 οὕτω
1451 4737 1625 4804 λέγων
1644 4753 1658 4768 ο
1692 4738 1897 4811 ’ῌδειν
1916 4741 2050 4809 γὰρ,

477 4817 566 4870 ὄτι
595 4817 881 4883 συντάξει
923 4821 1166 4892 Ἀϐραὰμ
1199 4820 1323 4886 τοῖς
1353 4821 1569 4875 παισὶν
1600 4821 1785 4876 αὑτοῦ
1824 4824 1896 4876 τὰ
1928 4827 2051 4893 κρί-

473 4917 632 4970 ματα
669 4901 766 4954 καὶ
825 4902 895 4955 τὰ
942 4902 1321 4974 δικαιώματα.
1359 4905 1469 4958 Καὶ
1504 4907 1531 4957 6
1581 4902 1745 4958 Δαυτδ
1767 4905 1843 4970 δὲ,
1886 4910 2048 4976 ἡνίκα

477 4983 750 5048 ἐτελεύτα,
770 4985 889 5038 ἀντὶ
915 4987 1156 5058 μεγάλης
1181 4988 1542 5059 κληρονομίας
1561 4987 1790 5050 καλέσας
1818 4989 1908 5042 τὸν
1934 4991 2048 5045 υἱὸν

475 5066 567 5119 τὸν
602 5068 814 5127 ἐαυτοῦ.
837 5069 1009 5123 ταῦτα
1029 5071 1326 5142 παρηγγύα
1355 5072 1450 5124 καὶ
1475 5069 1711 5142 συνεχῶς
1731 5071 1914 5140 ἔλεγεν
1932 5091 1944 5103 ·
1965 5075 2044 5126 ὅτι

475 5150 539 5202 Εί
574 5150 912 5222 βουληθείης,
952 5153 1181 5216 παιδίον,
1213 5155 1353 5206 κατὰ
1392 5156 1517 5216 τοὺς
1551 5154 1642 5206 τοῦ
1677 5154 1808 5208 Θεοῦ
1850 5159 2045 5226 νόμους

476 5230 595 5301 ζῇν,
619 5234 770 5286 οὐδὲν
801 5236 1116 5303 ἐμπεσεῖται
1140 5237 1246 5288 τῶν
1273 5239 1567 5307 ἀδοκήτων.
1596 5238 1729 5291 ἀλλά
1757 5241 1930 5293 πάντα
1964 5259 2044 5294 σοι

474 5317 614 5368 κατά
647 5316 776 5387 ροῦν
803 5317 920 5387 ἥξει
943 5321 1013 5372 τὰ
1051 5321 1372 5390 πράγματα,
1408 5322 1499 5373 καὶ
1528 5321 1728 5393 πολλῆς
1757 5323 2041 5395 ἀπολαύσῃ

473 5397 574 5467 τῆς
605 5401 900 5469 ἀσφαλείας
920 5419 932 5432 ·
978 5403 1043 5454 ἂν
1075 5403 1129 5456 δὲ
1152 5405 1367 5474 ἐκείνης
1395 5404 1634 5478 ἐκπέσῃς
1660 5407 1756 5477 τῆς
1789 5406 2041 5477 βοηθείας

470 5483 624 5535 οὐδὲν
656 5483 847 5550 ὄφελός
877 5503 955 5538 σοι
981 5488 1078 5558 τῆς
1106 5489 1380 5559 βασιλείας
1429 5492 1521 5543 καὶ
1539 5494 1638 5560 τῆς
1674 5489 1873 5563 ’πολλῆς
1907 5491 2029 5544 ταύ-

469 5582 568 5634 της
592 5564 893 5635 δυνάμεως.
935 5570 1119 5624 Ταῦτα
1155 5575 1244 5625 καὶ¹
1273 5573 1491 5627 τοιαῦτα
1519 5575 1721 5645 ἔλεγεν,
1756 5579 1802 5630 εἰ
1837 5579 1929 5632 καὶ
1961 5580 2035 5650 μὴ

468 5650 577 5710 τοῖς
609 5651 673 5719 ῥή
685 5668 813 5719 μασι
850 5653 1076 5717 τούτοις.

1231 279 1287 333 S.
1326 278 1612 336 JOANNIS
1647 281 2134 339 CIIRYSOSTOMI
2173 283 2495 344 ARCHIEP.
2537 287 3085 348 CONSTANTINOP.

3669 266 3775 322 330

2267 385 2322 433 ι’.
2362 378 2549 433 Ταῦτα
2579 379 2672 434 καὶ
2701 378 2996 451 ὴμεῖς,καὶ
3027 377 3246 442 ζῶντες,
3281 380 3371 434 καὶ
3394 379 3678 448 μέλλοντες
3691 398 3781 434 τε·

2192 464 2412 536 λευτᾷν,
2451 467 2587 537 πρὸς
2609 467 2736 528 τοὺς
2763 465 2962 528 παῖδας
2985 465 3113 526 τοὺς
3139 464 3345 518 ἑαυτῶν
3373 466 3778 537 διαλεγώμεθα,

2193 554 2286 604 καὶ
2315 554 2589 623 πείθωμεν
2617 555 2835 617 αὐτοὺς,
2871 555 2950 606 ὃτι
2984 552 3159 622 μέγας
3181 552 3428 618 πλοῦτος,
3460 555 3554 608 καὶ
3584 555 3785 625 κληρο-

2191 638 2354 708 νομία
2387 640 2749 707 ἀδιάπτωτος,
2783 640 2878 693 καὶ
2907 639 3181 708 θησαυρὸς
3205 640 3618 712 ἀνεπηρέαστος
3637 644 3667 696 6
3687 641 3786 694 τοῦ

2190 727 2326 780 Θεοῦ
2362 727 2524 796 φόϐος
2546 729 2662 780 ἐστί
2682 743 2696 758 ·
2735 730 2828 782 καὶ
2852 726 3242 799 σπουδάζωμεν
3285 728 3358 800 μὴ
3394 731 3660 801 χρήματα
3683 731 3787 784 αύ-

2192 817 2308 877 τοῖς
2336 813 2768 884 καταλιμπάνειν
2813 815 2882 869 τὰ
2925 814 3298 884 ἀπολλύμενα,
3332 814 3470 868 ἀλλά
3493 816 3786 870 εὐσέϐειαν

2191 901 2291 972 τὴν
2328 901 2593 971 μένουσαν
2634 903 2730 954 καὶ
2764 901 2838 971 μὴ
2876 901 3296 971 δαπανωμένην.
3344 902 3645 966 Εὐσεϐείας
3681 903 3786 974 μὲν

2189 991 2296 1060 γὰρ
2323 990 2423 1043 οὐκ
2450 989 2616 1060 οὔσης
2643 992 2738 1044 καὶ
2764 990 2832 1043 τὰ
2858 991 2988 1045 δντα
3019 991 3314 1045 ἀπόλλυται
3343 995 3608 1063 χρήματα
3643 993 3787 1064 μετά

2189 1067 2447 1130 κινδύνων
2481 1079 2576 1130 καὶ
2604 1079 2702 1148 τῆς
2722 1079 2958 1149 ἐσχάτης
2981 1078 3245 1149 αἰσχύνης
3268 1095 3280 1108 ·
3307 1079 3512 1148 ταύτης
3543 1079 3602 1133 δέ
3638 1095 3786 1149 παρ·

2187 1164 2354 1233 ούσης
2383 1165 2475 1217 καὶ
2502 1165 2571 1217 τὰ
2592 1165 2694 1217 οὐκ
2718 1165 2850 1218 δντα
2875 1167 3251 1236 προσγίνεται.
3282 1164 3412 1218 Ἐὰν
3462 1166 3784 1240 ἀναθρέψῃς

2189 1249 2342 1322 [520]
2365 1253 2428 1304 σὺ
2451 1251 2632 1315 καλῶς
2658 1250 2718 1304 τὸ
2745 1251 2974 1316 παιδίον,
2999 1253 3143 1305 οὕτω
3159 1254 3413 1316 κάκεῖνος
3436 1253 3528 1306 τὸν
3549 1253 3670 1307 υἱὸν
3686 1254 3782 1307 τὸν

2185 1336 2401 1402 ἑαυτοῦ,
2419 1339 2510 1390 καὶ
2527 1332 2680 1401 οὗτος
2697 1334 2794 1390 τὸν
2811 1337 2924 1390 υἱόν
2943 1355 2956 1369 '
2983 1339 3078 1392 καὶ
3106 1338 3359 1411 καθάπερ
3385 1339 3546 1408 σειρά
3575 1357 3663 1403 τις
3682 1341 3782 1393 καὶ

2183 1425 2474 1478 ἀκολουθία
2509 1424 2783 1487 πολιτείας
2811 1425 3041 1496 ἀρίστης
3065 1426 3230 1496 μέχρι
3259 1426 3464 1488 παντὸς
3486 1426 3779 1496 βαδιεῖται,

2187 1510 2338 1581 παρά
2366 1509 2461 1564 σοῦ
2498 1509 2737 1563 λαϐοῦσα
2770 1511 2867 1582 τὴν
2894 1512 3070 1582 ἀρχὴν
3100 1512 3194 1564 καὶ
3222 1513 3322 1582 τὴν
3350 1513 3527 1584 ῥίζαν,
3552 1514 3647 1566 καί
3676 1514 3780 1584 τῆς

2183 1597 2293 1650 τῶν
2323 1596 2561 1665 ἐγγόνων
2589 1597 2906 1667 ἐπιμελείας
2940 1615 3022 1651 σοι
3071 1599 3312 1670 φέρουσα
3346 1602 3473 1662 τοὺς
3499 1601 3774 1670 καρπούς.

2184 1685 2245 1737 EE
2282 1684 2419 1756 μετὰ
2445 1685 2730 1755 ἀκριϐείας
2758 1687 2805 1737 οί
2829 1685 3063 1755 πατέρες
3097 1688 3224 1749 τοὺς
3255 1685 3467 1738 ἐαυτῶν
3483 1687 3779 1741 ἐπαίδευον

2181 1772 2398 1834 παῖδας,
2426 1773 2485 1824 οὐ
2513 1773 2714 1842 νόμων,
2751 1773 2812 1824 οὐ
2844 1771 3211 1845 δικαστηρίων
3241 1773 3369 1836 ἔδει,
3399 1774 3458 1825 οὐ
3490 1776 3778 1845 τιμωριῶν

2182 1859 2274 1911 καὶ
2300 1857 2570 1911 κολάσεων
2598 1859 2693 1911 καὶ
2728 1859 2837 1910 τῶν
2863 1858 3137 1929 δημοσίων
3155 1853 3388 1928 φόνωνιῖ
3405 1862 3620 1927 Δικαίῳ
3638 1859 3770 1932 γὰρ,

2182 1947 2551 2016 φησὶ,-νόμος
2599 1948 2670 1998 οὺ
2721 1943 2932 1999 κεῖται.
2981 1946 3198 2015 Ἐπειδὴ
3245 1947 3302 1999 δὲ
3353 1947 3774 2024 καταμελοῦμεν

2181 2032 2383 2098 αὐτῶν,
2413 2033 2500 2085 διὰ
2536 2032 2692 2084 τοῦτο
2728 2033 2969 2102 μείζοσιν
3010 2033 3208 2096 αὐτοὺς
3239 2034 3646 2104 περιϐάλλομεν
3674 2053 3774 2090 κα-

2181 2121 2318 2182 κοῖς,
2356 2120 2449 2172 καὶ
2482 2122 2604 2181 ταῖς
2633 2119 2741 2171 τῶν
2791 2120 2999 2188 δημίων
3037 2120 3318 2190 ἐκδίδομεν
3347 2122 3528 2190 χερσὶ,
3566 2122 3662 2173 καὶ
3693 2123 3775 2184 είς

2177 2207 2247 2257 τὰ
2281 2205 2532 2276 βάραθρα
2555 2207 2799 2274 συνεχῶς
2823 2206 3073 2275 ὡθοῦμεν
3095 2224 3110 2238 ο
3159 2207 3221 2257 Ὀ
3258 2206 3367 2276 γὰρ
3413 2210 3778 2276 περιψὺχων

2176 2291 2282 2344 τὸν
2309 2291 2444 2345 υἱὸν
2467 2293 2570 2345 τὸν
2595 2292 2832 2355 ἑαυτοῦ,
2861 2292 3335 2360 καταδεσμεύσει
3357 2297 3430 2346 τὰ
3459 2296 3773 2362 τραύματα

2177 2378 2386 2441 αὐτοῦ,
2431 2379 2584 2448 φησί.
2613 2380 2678 2432 Τί
2713 2380 2859 2432 ἐστιν
2897 2381 2958 2432 '0
3010 2382 3400 2448 περιψύχων;
3434 2381 3494 2433 Ὀ
3517 2381 3708 2445 ἐλεῶν,
3742 2385 3772 2435 ὀ

2179 2465 2511 2525 κολακεύων,
2538 2469 2564 2518 ό
2596 2465 2916 2535 Θεραπεύων
2943 2465 3083 2532 ὑπὲρ
3109 2466 3171 2518 τὸ
3217 2467 3434 2537 μέτρον.
3464 2467 3774 2538 Σφοδρότη-

2175 2569 2267 2615 τος
2288 2555 2397 2623 γὰρ
2417 2548 2569 2616 οὗτος
2594 2555 2688 2606 καὶ
2709 2552 3027 2623 ἐπιμελείας
3048 2553 3218 2606 δεῖται
3242 2555 3336 2607 καὶ
3354 2555 3554 2623 φόϐων.
3579 2557 3770 2622 Ταῦτα

2175 2641 2318 2709 λέγω
2338 2642 2435 2710 οὐχ
2468 2642 2554 2693 ἵνα
2585 2640 2705 2692 λίαν
2732 2641 2758 2679 b
2790 2643 3010 2709 τραχεῖς
3035 2635 3186 2710 ὦμεν
3227 2645 3340 2705 τοῖς
3400 2645 3614 2705 παισὶν,
3647 2645 3770 2699 ἀλλ’

2179 2733 2264 2784 ἵνα
2306 2731 2381 2800 μὴ
2417 2730 2886 2799 εὐκαταφρόνητοι
2917 2729 3055 2799 πρὸς
3088 2731 3290 2794 αὐτοὺς
3319 2731 3665 2803 φαινώμεθα.
3703 2737 3769 2788 El

2174 2819 2280 2890 γὰρ
2303 2817 2438 2887 γυνὴ
2469 2817 2559 2870 τὸν
2584 2818 2752 2888 ἄνδρα
2781 2818 3062 2886 φοϐεῖσθαι
3089 2817 3314 2884 ὀφείλει,
3346 2819 3529 2890 πολλῷ
3561 2821 3770 2891 μᾶλλον

2171 2907 2232 2958 τὸ
2263 2905 2473 2958 παιδίον
2498 2904 2586 2956 τὸν
2615 2904 2850 2974 πατέρα.
2891 2906 3000 2957 Καὶ¹
3037 2909 3110 2974 μὴ
3144 2923 3234 2973 μοι
3279 2905 3426 2974 λέγε,
3456 2909 3538 2962 ὅτι
3564 2909 3770 2963 ἀδύνα..

2169 3010 2260 3045 τον
2289 2987 2672 3062 περιγενέσθαι
2702 2993 2800 3062 τῆς
2819 2991 3086 3061 νεότητος.
3121 2993 3181 3044 Εί
3202 2993 3309 3063 γὰρ
3329 2995 3504 3065 χήραν
3528 2999 3770 3062 γυναῖκα

2171 3083 2396 3135 ἀπαιτεῖ
2455 3081 2553 3151 τὴν
2609 3081 2871 3151 πρόνοιαν
2941 3080 3147 3152 ταύτην
3207 3083 3234 3133 6
3287 3081 3520 3147 Παῦλος,
3581 3081 3770 3157 πολλῷ

2177 3169 2377 3238 μᾶλλον
2406 3169 2533 3231 τοὺς
2561 3168 2762 3239 ἄνδρας
2785 3185 2798 3196 ·
2829 3169 2877 3219 εί
2914 3167 3172 3221 ἀδύνατον
3205 3166 3294 3239 ἦν,
3325 3171 3424 3223 οὐκ
3458 3169 3525 3224 ἂν
3558 3173 3764 3227 ἐπέτα-

2173 3253 2282 3318 ξεν.
2326 3254 2464 3307 Ἀλλ’
2495 3257 2527 3324 ὴ
2555 3258 2705 3306 πᾶσα
2726 3255 2960 3325 πονηρία
2984 3254 3135 3325 παρὰ
3167 3257 3265 3324 τὴν
3305 3257 3582 3328 ἡμετέραν
3611 3261 3764 3327 γίνε-

2165 3359 2257 3397 ται
2292 3342 2591 3413 ρᾳθυμίαν,
2625 3342 2720 3394 καὶ
2759 3341 2820 3393 τὸ
2845 3344 2918 3412 μὴ
2947 3340 3006 3406 ἐξ
3029 3343 3225 3412 ἀρχῆς,
3255 3343 3393 3413 μηδὲ
3430 3345 3495 3397 ἐκ
3532 3346 3762 3417 πρώτης

2166 3429 2377 3500 ἡλικίας
2409 3430 2487 3491 είς
2504 3428 2790 3481 εὐλάϐειαν
2817 3429 3032 3496 ἐνάγειν
3063 3428 3280 3492 αὐτούς.
3316 3431 3453 3483 Ἀλλ’
3479 3434 3629 3496 ὅπως
3651 3434 3760 3504 μὲν

2164 3520 2263 3588 τῆς
2288 3517 2486 3583 ἔξωθεν
2509 3518 2835 3586 μετάσχοιεν
2860 3517 3219 3580 παιδεύσεως,
3241 3519 3334 3571 καὶ
3361 3521 3440 3584 είς
3459 3523 3759 3590 στρατείαν

2163 3605 2463 3665 τελέσαιεν,
2491 3604 2890 3675 σπουδάζομεν,
2911 3605 3003 3658 καί¹
3021 3606 3282 3675 χρήματα
3310 3607 3754 3681 καταϐάλλομεν,

2163 3693 2258 3747 καὶ
2296 3692 2481 3760 φίλους
2513 3691 2798 3761 ἀξιοῦμεν,
2852 3693 2947 3744 καὶ
2994 3692 3220 3755 πολλαῖς
3252 3697 3573 3766 κεχρήμεθα
3629 3701 3759 3763 ταῖς

2163 3783 2520 3852 περιδρομαῖς
2538 3799 2550 3810 ·
2574 3782 2721 3843 ὅπως
2741 3781 2798 3833 δὲ
2820 3782 3244 3852 εὐδοκιμήσαιεν
3271 3785 3424 3854 παρά
3439 3785 3518 3854 τῷ
3537 3785 3759 3854 βασιλεῖ

2162 3871 2269 3922 τῶν
2299 3870 2569 3938 ἀγγέλων,
2593 3869 2788 3922 οὐδένα
2821 3869 3124 3939 ποιούμεθα
3154 3871 3334 3939 λόγον.
3367 3873 3479 3925 Καὶ
3513 3876 3594 3939 είς
3619 3875 3755 3931 θεά-

2166 3973 2312 4026 ματα
2356 3955 2454 4025 μέν
2487 3955 2728 4024 συνεχῶς
2761 3955 3152 4026 συγχωροῦμεν
3177 3959 3512 4022 ἀναϐαίνειν,
3547 3963 3629 4025 εἰς
3655 3944 3780 4017 ἐκέ

2161 4042 2389 4113 κλησίαν
2426 4042 2484 4095 δὲ
2547 4044 2648 4095 οὐκ
2693 4043 3077 4113 ἀναγκάζομεν
3131 4044 3417 4098 οὐδέποτε·
3471 4046 3609 4102 ἀλλά
3642 4050 3752 4104 κᾶν

2159 4133 2306 4196 ἅπαξ
2331 4132 2361 4204 ἢ
2384 4131 2636 4202 δεύτερον
2665 4132 3044 4203 παραγένηται
3075 4133 3135 4186 τὸ
3167 4135 3398 4199 παιδίον,
3432 4123 3621 4203 ἁπλῶς
3651 4142 3764 4198 καὶ,

2156 4221 2276 4290 είκῆ
2293 4219 2388 4272 καὶ
2413 4219 2589 4289 μάτην
2607 4220 2700 4271 καὶ
2722 4218 3082 4289 ψυχαγωγίας
3110 4221 3296 4274 ἕνεκεν
3312 4223 3547 4278 ἐνταῦθα
3565 4243 3751 4297 παρα-

2155 4310 2386 4375 γίνεται.
2420 4309 2532 4360 Οὐκ
2562 4308 2732 4377 ἐχρῆν
2756 4307 2812 4358 δέ
2843 4307 3017 4370 οὕτως
3038 4325 3053 4340 ⁸
3084 4309 3199 4361 ἀλλ’
3238 4309 3427 4382 ῶσπερ
3475 4315 3556 4376 είς
3593 4315 3746 4369 διδα-

2157 4399 2400 4451 σκαλεῖον
2432 4398 2743 4471 πέμποντες
2772 4396 2878 4449 τῶν
2908 4397 3248 4469 μαθημάτων
3273 4401 3612 4471 ἀπαιτοῦμεν
3643 4406 3746 4471 τὰς

2153 4485 2399 4549 εὐθύνας,
2424 4469 2597 4538 οὐτωί
2626 4486 2722 4537 καὶ
2751 4487 2834 4548 εἰς
2855 4484 3152 4555 ἐκκλησίαν
3176 4469 3744 4559 πέμποντες,-μᾶλλον

2150 4572 2206 4624 δὲ
2237 4573 2481 4641 ἄγοντες.
2517 4573 2592 4625 Οὐ
2621 4571 2733 4642 γὰρ
2758 4571 2965 4642 ἐτέροις
3003 4574 3202 4638 αὐτοὺς
3229 4577 3572 4649 ἐπιτρέπειν.
3621 4579 3742 4634 ἀλλ’

2149 4659 2348 4721 αὐτοὺς
2386 4661 2722 4728 κατέχοντας
2751 4659 2984 4712 ἐνταῦθα
3030 4661 3258 4715 εἰσιέναι
3290 4663 3479 4735 ἐχρῆν,
3514 4668 3610 4720 καὶ
3637 4669 3742 4740 τῆς

2148 4745 2382 4799 ἐνταῦθα
2434 4745 2755 4818 ἀκροάσεως
2810 4745 2902 4799 καὶ
2955 4746 3308 4813 διδασκαλίας
3361 4751 3460 4820 τὴν
3507 4754 3739 4827 μνήμην

2146 4834 2398 4888 ἀπαιτεῖν
2446 4833 2572 4889 ἔδει.
2628 4834 2784 4888 Οὕτω
2825 4835 2953 4906 γάρ,
3011 4835 3155 4888 οὔτω
3192 4838 3338 4909 ῥᾴων
3397 4839 3610 4908 ἐγίνετο
3640 4846 3737 4900 καὶ

2147 4921 2371 4984 εὔκολος
2394 4925 2527 4995 ἡμῖν
2555 4926 2588 4993 ἡ
2627 4923 2736 4976 τῶν
2764 4925 2972 4978 παίδων
2991 4924 3277 4993 διόρθωσις
3298 4943 3314 4958 ο
3332 4928 3381 4979 εί
3412 4929 3521 5000 γὰρ
3556 4932 3651 4984 καὶ
3673 4935 3732 4986 ἐν

2142 5013 2206 5081 τῇ
2229 5010 2377 5081 οίκίᾳ
2409 5011 2703 5073 διαπαντὸς
2731 5011 2929 5081 ἤκουον
2963 5011 3119 5081 ὐμῶν
3158 5013 3563 5082 διαλεγομένων
3599 5022 3733 5092 περὶ

2143 5098 2460 5168 φιλοσοφίας
2484 5139 2497 5161 ,
2557 5100 2650 5151 καὶ
2694 5098 3176 5168 συμϐουλευόντων
3200 5101 3388 5165 αὐτοῖς
3415 5103 3482 5156 τά
3511 5104 3727 5174 δέοντα,

2139 5190 2232 5241 καὶ
2257 5187 2328 5240 τά
2359 5185 2592 5240 ἐνταῦθα
2618 5187 2801 5250 αὐτοῖς
2830 5187 3183 5257 προσετίθετο
3209 5192 3326 5258 μετ’
3349 5191 3600 5257 ἐκείνων,
3633 5199 3729 5250 καὶ

2135 5275 2345 5344 ταχέως
2383 5273 2450 5326 ἂν
2503 5273 2610 5325 τῶν
2649 5275 2828 5326 καλῶν
2856 5274 3065 5328 τούτων
3117 5277 3448 5346 σπερμάτων
3477 5286 3729 5347 γενναῖον

2136 5364 2266 5431 ἡμῖν
2301 5360 2642 5424 ἐπεδείξαντο
2672 5362 2904 5432 καρπόν.
2945 5362 3082 5414 Ἀλλ’
3105 5363 3257 5415 οὐδὲν
3292 5365 3497 5420 τούτων
3539 5371 3728 5425 ποιοῦ-

2138 5464 2256 5517 μεν,
2285 5445 2419 5499 ἀλλά
2440 5447 2692 5518 πάρεργα
2719 5450 2852 5519 ἡμῖν
2872 5447 2942 5502 τὰ
2968 5449 3242 5517 ἀναγκαῖα
3263 5469 3274 5481 ο
3291 5451 3394 5507 κᾶν
3414 5459 3722 5531 παραινέσῃ

2203 5613 2227 5680 _"
2256 5609 2452 5680 prunos
2476 5626 2590 5680 mgis.
2617 5616 2806 5680 966m),
2832 5619 2952 5666 editi
2977 5619 3143 5680 φόνων.

2199 5673 2223 5712 b
2249 5670 2358 5720 Duo
2385 5686 2496 5723 mss.
2526 5670 2662 5740 λιμῷ.
