4074 6410
265 343 372 397 3°39

268 457 388 496 mus
408 480 421 502 .
455 437 546 492 sed
576 435 946 493 vehementius
970 442 1024 488 et
1058 432 1265 494 acrius,
1300 436 1354 482 et
1379 425 1422 480 si
1453 434 1705 496 quantam
1739 424 1852 476 vnl-

269 533 417 586 neris
445 530 668 598 requirit
706 528 887 592 ulcus,
919 535 1120 579 tantam
1152 523 1358 592 plagam
1392 517 1711 586 inﬂigamns.
1744 513 1859 566 Non

265 638 394 693 ergo
426 622 622 676 sufﬁcit
660 622 704 678 si
737 621 909 674 solum
940 617 1178 672 dicamus
1199 654 1212 675 ,
1247 609 1342 665 sed
1376 621 1429 664 et
1458 608 1683 662 multum
1714 605 1864 658 incu.

265 725 378 770 tere
411 715 658 768 timorem
685 720 936 781 Oportet,
970 719 1026 761 ιιι
1065 704 1359 776 juventutis
1385 701 1643 756 desidiam
1687 711 1856 751 excu-

265 803 388 857 tias.
418 794 678 872 Quoniam
709 803 869 872 igitur
896 797 1207 851 hortabatur
1237 784 1326 848 ille
1353 790 1591 862 quidem,
1623 787 1716 841 scd
1750 804 1854 840 non

263 901 318 946 ut
341 896 576 961 oportuit
596 891 928 954 hortabatur,
948 887 1190 942 hostibus
1209 885 1327 938 illos
1347 880 1612 950 exposuit,
1631 889 1684 932 et
1701 893 1860 932 exor-

263 997 315 1037 to
356 986 540 1054 przelio
563 984 872 1039 ceciderunt
909 981 962 1035 in
997 982 1110 1035 acie
1133 1021 1148 1046 ,
1191 991 1419 1045 cumque
1441 973 1680 1028 nuntium
1719 972 1859 1025 l‘erre

265 1091 369 1130 non
400 1084 614 1146 posset,
647 1073 846 1128 cadens
872 1080 926 1127 et
955 1072 1067 1139 ipse
1094 1068 1400 1124 confractus
1431 1074 1515 1121 est
1553 1073 1607 1118 et
1633 1061 1854 1117 interiit.

264 1165 425 1220 Vides
453 1166 644 1219 merito
671 1166 868 1218 dictum
896 1179 925 1215 a
952 1177 1038 1215 me
1062 1160 1244 1224 luisse,
1269 1159 1556 1212 liberorum
1587 1170 1708 1208 esse
1737 1167 1858 1220 par-

263 1257 481 1318 ricidas,
509 1257 600 1325 qui
631 1256 964 1325 negligentes
990 1254 1186 1306 liberos
1212 1251 1410 1304 acriter
1441 1263 1544 1300 non
1573 1246 1854 1313 castigant,

263 1362 438 1415 neque
475 1347 544 1400 ab
577 1348 680 1401 illis
719 1347 952 1401 debitum
992 1344 1100 1397 Deo
1131 1342 1332 1396 cultum
1363 1337 1626 1407 exigunt?
1654 1336 1744 1390 Sic
1769 1333 1854 1387 ni-

263 1438 457 1492 mirum
483 1437 600 1492 Beli
629 1437 796 1491 laetus
814 1449 896 1490 est
921 1433 1202 1504 parricida.
1232 1431 1377 1486 Licet
1400 1431 1542 1483 enim
1574 1427 1712 1480 lilios
1735 1424 1856 1494 ejus

262 1527 446 1583 hostes
473 1528 767 1581 occiderint
785 1566 802 1591 ,
827 1527 917 1580 ille
949 1534 1125 1578 tamen
1153 1533 1340 1576 auctor
1366 1519 1531 1574 caedis
1552 1518 1648 1571 luit
1667 1556 1684 1582 ,
1710 1513 1852 1585 quod

261 1633 356 1672 sua
384 1621 524 1672 circa
559 1617 677 1671 illos
703 1617 1024 1687 negligentia
1057 1615 1150 1668 Dei
1179 1611 1433 1666 auxilium
1460 1609 1528 1662 ab
1560 1608 1665 1662 illis
1691 1621 1849 1660 aver-

262 1711 426 1774 terit,
466 1719 520 1764 et
546 1708 716 1762 nudos
755 1723 817 1762 ac
858 1708 1100 1762 desertos
1131 1705 1193 1758 iis
1217 1743 1233 1766 ,
1265 1703 1354 1772 qui
1383 1714 1575 1756 necare
1614 1699 1849 1762 vellent,

258 1800 533 1868 objecerit.
579 1799 763 1866 Neque
795 1813 925 1853 vero
969 1797 1144 1850 solum
1189 1795 1328 1859 illos,
1375 1791 1470 1847 sed
1520 1798 1576 1844 et
1613 1789 1849 1858 seipsum

257 1907 378 1944 cum
408 1890 512 1942 illis
539 1889 830 1944 interemit.

329 1981 381 2034 9.
419 1979 578 2033 Pater
601 1980 870 2049 indulgens
896 1976 1153 2046 parricida
1182 1983 1275 2028 est.
1318 2002 1392 2013 —
1433 1971 1668 2041 ldipsum
1706 1982 1850 2022 nunc

257 2085 467 2140 quoque
495 2069 740 2139 plurimis
769 2068 1005 2138 patribus
1032 2066 1208 2120 evenit
1238 2081 1251 2118 :
1285 2064 1407 2133 quia
1435 2063 1721 2116 verberare
1751 2074 1849 2113 no-

256 2164 488 2223 luerunt.
526 2177 624 2216 nec
647 2161 825 2216 verbis
852 2161 1134 2227 castigare,
1169 2171 1340 2226 neque
1369 2155 1686 2217 contristare
1714 2151 1850 2204 libe-

255 2270 345 2308 ros
369 2253 673 2307 inordinate
697 2261 856 2320 atque
883 2251 1062 2319 inique
1091 2249 1348 2311 viventes,
1380 2260 1752 2313 Saepenumero
1781 2245 1832 2296 in

254 2346 584 2415 gravissimis
616 2346 732 2398 illos
755 2345 1065 2397 criminibus
1090 2340 1476 2408 deprehensos,
1503 2339 1554 2389 in
1582 2337 1844 2404 judicium

255 2437 522 2504 abreptos,
552 2451 580 2487 a
603 2435 940 2489 carniﬁcibus
961 2434 1134 2502 capite
1163 2430 1396 2484 truncari
1421 2428 1686 2482 viderunt.
1709 2426 1844 2480 Cum

254 2527 394 2579 enim
427 2534 483 2577 tu
511 2540 604 2578 eos
636 2539 741 2576 non
772 2523 998 2590 castiges
1024 2562 1039 2584 ,
1089 2537 1206 2574 cum
1239 2531 1292 2571 tu
1341 2535 1444 2570 non
1485 2519 1763 2584 corrigas,
1791 2524 1847 2569 et

253 2615 528 2670 sceleratis
557 2630 620 2667 ac
648 2615 869 2684 perditis
898 2612 1200 2666 hominibus
1232 2621 1282 2664 te
1313 2611 1483 2678 ipsum
1513 2608 1843 2669 admisceas,

251 2713 306 2759 ct
333 2705 385 2759 itt
413 2706 743 2758 consortium
770 2703 1020 2773 nequitiac
1050 2717 1171 2755 cum
1203 2701 1306 2754 illis
1346 2700 1529 2753 venias
1551 2739 1565 2760 ,
1608 2713 1672 2750 ex
1699 2710 1847 2748 com-

253 2797 507 2848 munibus
553 2795 758 2862 legibus
788 2795 839 2848 in
872 2809 966 2848 eos
1007 2795 1207 2862 agitur,
1242 2802 1295 2844 et
1343 2792 1395 2843 in
1437 2789 1677 2842 omnium
1719 2803 1848 2839 con-

251 2898 436 2957 specta
467 2888 760 2956 puniuntur
793 2903 806 2938 :
837 2901 900 2939 ac
927 2885 1099 2953 major
1128 2898 1247 2936 eum
1279 2881 1584 2934 calamitate
1613 2878 1672 2931 lit
1703 2881 1847 2946 igno-

251 2978 412 3031 minia
439 3017 454 3041 ,
486 2978 612 3029 dum
645 2985 848 3044 patrem
895 2976 1041 3028 illum
1083 2973 1252 3042 digito
1296 2979 1595 3023 monstrant
1647 2983 1836 3021 oumcs

250 3079 369 3134 post
415 3067 556 3119 illius
585 3067 831 3129 obitum,
869 3073 924 3118 et
962 3065 1034 3116 illi
1082 3061 1181 3116 lori
1213 3062 1413 3114 aditum
1463 3059 1842 3113 intercludunt.

251 3157 454 3222 Quibus
483 3157 623 3208 enim
654 3157 824 3208 oculis
858 3155 1050 3222 poterit
1078 3160 1423 3206 occurrentes
1452 3150 1550 3203 sibi
1585 3160 1703 3212 post
1731 3160 1846 3202 tan-

251 3257 356 3301 tam
386 3244 655 3298 infamiam
686 3256 738 3299 et
757 3246 1114 3298 calamitatem
1148 3242 1238 3295 lilii
1270 3242 1551 3295 contueri?
1582 3243 1842 3307 Quocirca

250 3351 443 3404 precor
462 3346 516 3388 et
543 3336 766 3388 obsecro
799 3336 1017 3386 multam
1047 3334 1334 3386 liberorum
1362 3346 1549 3384 curam
1571 3346 1840 3399 geramus,

249 3435 304 3480 et
343 3428 536 3496 ubique
580 3426 805 3480 salutent
839 3427 1050 3478 illorum
1091 3425 1283 3475 animm
1314 3437 1637 3490 qumramus.
1680 3421 1845 3490 Magi-

249 3528 361 3573 ster
389 3531 444 3571 et
474 3520 664 3572 doctor
701 3533 760 3572 es
787 3517 1049 3570 universa:
1077 3516 1274 3568 domus
1305 3525 1407 3566 tua:
1431 3554 1445 3573 ,
1475 3514 1676 3582 tibique
1709 3529 1841 3566 uxo-

251 3625 362 3663 rem
395 3616 454 3664 et
494 3610 628 3663 lilios
659 3617 913 3676 perpetuo
951 3605 1223 3659 docendos
1251 3605 1538 3659 committit
1579 3605 1736 3657 Deus.
1780 3603 1844 3657 Et

250 3717 396 3757 nunc
433 3701 648 3771 quidem
687 3703 760 3754 ait
789 3701 982 3754 Paulus
1012 3699 1079 3754 de
1110 3699 1366 3752 uxoribus
1398 3715 1410 3751 :
1444 3698 1502 3752 St
1527 3699 1649 3767 quid
1675 3709 1840 3750 autem

248 3793 421 3847 uolunt
447 3793 661 3857 discere,
685 3792 822 3844 domi
847 3791 981 3844 uiros
1004 3807 1124 3843 suos
1144 3791 1450 3859 interrogent
1491 3791 1564 3859 (Ι.
1596 3788 1714 3843 Cor.
1750 3789 1837 3842 M.

249 3885 377 3954 35);
407 3898 548 3936 nunc
573 3898 703 3937 vero
727 3883 794 3936 de
823 3883 1002 3936 liberis
1023 3922 1038 3944 ,
1069 3881 1297 3934 Educate
1326 3883 1443 3934 illos
1477 3883 1528 3933 in
1560 3881 1838 3950 disciplina

246 3985 293 4028 et
321 3975 637 4044 correptione
662 3975 866 4029 Domini
889 3979 1104 4049 (Epltes.
1133 3979 1185 4030 ti.
1215 3977 1291 4046 4).
1323 3976 1538 4030 Statuas
1567 3991 1757 4029 aureas
1788 3979 1838 4028 in

246 4067 453 4121 mdibus
483 4067 682 4122 habere
717 4080 768 4124 te
811 4073 1057 4124 existima
1106 4071 1342 4134 liberos;
1390 4070 1608 4137 singulis
1650 4069 1839 4123 diebus

246 4172 342 4211 eos
371 4149 618 4223 informa,
646 4171 700 4212 et
724 4160 1008 4230 diligenter
1027 4162 1329 4226 considera,
1353 4163 1605 4229 omnique
1633 4163 1839 4215 ratione

247 4248 459 4302 illorum
490 4250 720 4303 animam
751 4266 954 4304 exorna
993 4261 1048 4304 et
1077 4253 1295 4306 institue
1331 4271 1343 4305 :
1380 4254 1587 4306 imitare
1626 4253 1836 4306 beatum

243 4340 367 4407 Job,
400 4342 489 4410 qui
520 4344 712 4396 timens
731 4345 800 4397 ob
823 4361 882 4398 ea
912 4361 1030 4414 qua:
1058 4345 1155 4414 ipsi
1183 4355 1360 4398 mente
1383 4356 1720 4412 peccassent,
1754 4361 1839 4398 sa-

242 4433 444 4488 crilicia
477 4451 572 4502 pro
604 4435 732 4505 ipsis
759 4437 1014 4491 ollerebat
1041 4480 1056 4503 ,
1099 4455 1161 4492 ac
1195 4441 1418 4492 multum
1459 4441 1526 4494 de
1570 4441 1678 4494 illis
1721 4450 1838 4495 erat

243 4523 507 4578 sollicitus
535 4525 657 4595 (Job
710 4529 762 4582 l.
794 4530 872 4591 5).
905 4528 1115 4583 Imitare
1144 4532 1413 4584 Abraham
1449 4549 1464 4586 :
1495 4548 1618 4586 nam
1661 4541 1716 4587 et
1747 4534 1837 4588 ilic

245 4617 588 4684 pecuniarum
638 4627 692 4672 et
733 4621 1133 4688 possessiOnum
1179 4620 1320 4674 haud
1364 4623 1634 4677 studiosus
1677 4633 1834 4690 erat,

224 4707 336 4761 sed
365 4709 665 4762 divinarum
697 4709 911 4779 legum,
945 4721 1003 4764 ut
1031 4712 1240 4765 illarum
1271 4713 1702 4769 observationem
1742 4732 1836 4784 po-

243 4801 404 4853 steris
438 4801 546 4853 suis
574 4813 758 4855 exacte
789 4804 1208 4856 commendaret.
1236 4804 1404 4870 Quam
1435 4805 1549 4873 ejus
1586 4807 1834 4861 virtutem

242 4887 550 4942 testimonio
570 4907 666 4942 suo
687 4891 922 4944 declarat
945 4892 1084 4945 Deus
1101 4893 1151 4945 in
1176 4891 1288 4945 Ita'c
1311 4895 1465 4947 verba
1493 4912 1505 4947 :
1536 4895 1659 4949 Scio
1680 4898 1832 4963 enim,

239 4980 362 5052 quia
385 4982 652 5035 constituet
682 4983 938 5037 Abraham
967 4986 1089 5052 ﬁliis
1117 4988 1221 5039 suis
1250 4987 1453 5056 judicia
1492 4998 1537 5041 et
1567 4991 1831 5059 justi/ica-

241 5072 402 5126 tiones
425 5071 574 5140 (Gen.
616 5076 702 5129 l8.
730 5075 841 5144 l9).
875 5075 1038 5129 David
1065 5093 1277 5147 quoque
1298 5119 1312 5141 ,
1337 5078 1463 5132 dum
1493 5090 1793 5136 moreretur
1815 5123 1830 5148 ,

241 5175 450 5230 magna:
472 5162 785 5220 hereditatis
811 5166 929 5218 loco
957 5178 1144 5221 vocato
1171 5168 1282 5221 lilio
1306 5185 1404 5223 suo
1436 5172 1740 5235 mandabat,
1771 5190 1834 5228 ac

239 5253 550 5319 frequenter
589 5256 802 5310 dicebat
833 5274 850 5309 ι
879 5257 933 5312 Si
971 5258 1212 5314 volueris
1234 5300 1248 5326 ,
1299 5261 1371 5314 lili
1393 5303 1409 5327 ,
1441 5277 1505 5317 ex
1536 5264 1708 5333 legum
1742 5267 1832 5320 Dei

243 5345 557 5414 praescripto
584 5348 766 5402 vivere
787 5389 802 5412 ,
833 5349 1035 5402 nullum
1066 5351 1396 5418 inopinatum
1427 5354 1623 5407 malum
1656 5366 1704 5408 te
1734 5372 1831 5423 op-

242 5436 455 5505 primet,
489 5439 581 5492 sed
613 5442 791 5495 omnia
821 5457 1076 5511 prospere
1110 5444 1200 5497 tibi
1233 5445 1542 5513 succedent,
1572 5463 1634 5503 ac
1669 5451 1830 5503 multa

239 5530 526 5585 securitate
552 5534 771 5601 potieris
803 5550 824 5588 °.
849 5537 929 5588 sin
957 5547 1132 5591 autem
1163 5537 1344 5591 abillo
1367 5542 1563 5593 auxilio
1592 5542 1827 5608 excidas,

239 5618 373 5672 nihil
400 5618 490 5672 tibi
514 5637 732 5690 regnum
759 5633 811 5677 et
834 5625 993 5678 multa
1019 5625 1132 5680 haec
1157 5629 1387 5695 potentia
1417 5629 1678 5698 proderit.
1706 5631 1830 5687 llaec

237 5723 292 5768 et
321 5712 443 5768 talia
469 5713 696 5784 dicebat,
720 5718 818 5772 etsi
843 5733 946 5772 non
971 5720 1086 5774 istis
1108 5721 1264 5790 plane
1290 5723 1484 5779 verbis.

1501 313 1566 370 ΙΝ
1607 311 1830 371 ιιιυῐι,
1874 308 2079 364 VIDUA
2123 308 2491 366 ELIGATUR.

3463 312 3571 370 330

2048 420 2134 476 10.
2173 419 2437 486 Quomodo
2467 420 2612 490 pueri
2641 420 2886 488 docendi;
2913 423 3113 493 {ructus
3138 423 3281 478 bona:
3303 435 3392 479 aut
3418 432 3569 483 nautae

1968 511 2283 565 educationis
2339 513 2658 577 liberorum;
2728 514 3034 585 negligentia
3093 527 3380 584 parentum.
3439 520 3568 574 Haec

1968 606 2128 658 etiam
2159 620 2256 657 nos
2289 615 2341 657 et
2371 605 2496 657 dum
2530 606 2787 671 vivimus,
2830 617 2885 660 et
2914 623 3033 660 cum
3067 610 3312 663 morituri
3337 625 3524 666 sumus
3559 658 3575 674 .

1968 694 2154 748 liberis
2184 695 2382 749 nostris
2403 695 2664 762 dicamus,
2691 697 2876 766 eisque
2900 700 3316 766 persuadeamus
3343 718 3561 773 magnas

1966 797 2089 838 esse
2114 784 2324 838 divitias
2351 795 2406 839 et
2429 786 2678 840 stabilem
2707 789 3063 842 hereditatem
3089 831 3104 856 ,
3140 792 3563 864 thesaurumque

1967 877 2128 930 nullis
2151 876 2448 930 obnoxium
2477 878 2688 932 damnis
2714 880 2961 954 timorem
2994 883 3124 949 Dei;
3157 900 3222 939 ac
3249 887 3565 942 studeamns

1965 968 2070 1022 illis
2093 984 2197 1022 non
2229 969 2482 1038 pecunias
2507 985 2625 1039 quae
2654 981 2879 1040 pereunt
2904 975 3242 1045 relinquere,
3266 978 3359 1032 sed
3389 981 3560 1047 pieta-

1967 1067 2073 1114 tem
2097 1076 2215 1130 qua:
2247 1069 2546 1130 permanet,
2578 1076 2677 1116 nec
2700 1078 2951 1132 umquam
2975 1065 3293 1122 absumitur.
3324 1069 3382 1124 Si
3411 1071 3558 1126 enim

1964 1151 2134 1220 pietas
2161 1165 2266 1204 non
2311 1149 2490 1216 adsit,
2534 1161 2759 1220 pereunt
2802 1157 3040 1222 pecuniae
3079 1172 3199 1225 quae
3228 1170 3563 1230 suppetunt,

1965 1254 2087 1294 cum
2117 1240 2362 1308 periculo
2383 1250 2436 1295 et
2464 1242 2752 1310 ignominia
2775 1257 2980 1298 summa
3015 1265 3026 1296 :
3062 1262 3123 1301 ea
3153 1264 3282 1303 vero
3305 1250 3352 1305 si
3376 1253 3517 1308 adsit
3541 1292 3556 1318 ,

1963 1333 2123 1385 etiam
2155 1348 2216 1386 ea
2248 1348 2366 1402 quae
2395 1349 2501 1388 non
2527 1343 2820 1404 suppetunt
2841 1377 2856 1397 ,
2899 1340 3268 1407 acquiruntnr.
3311 1342 3366 1398 Si
3407 1354 3465 1400 tu
3496 1347 3561 1399 li-

1962 1425 2091 1478 lium
2121 1435 2267 1478 tuum
2296 1434 2441 1480 recte
2464 1426 2778 1481 educaveris
2803 1468 2819 1490 ,
2851 1429 2920 1482 ita
2949 1446 3104 1484 suum
3136 1433 3301 1492 lilium
3335 1435 3423 1491 ille
3444 1477 3460 1500 ,
3502 1447 3558 1492 et

1961 1517 2099 1569 alter
2116 1531 2269 1569 suum
2296 1532 2309 1580 ;
2333 1531 2394 1569 ac
2415 1515 2579 1570 veluti
2598 1527 2784 1572 catena
2807 1520 3048 1586 quaedam
3073 1533 3125 1575 et
3147 1524 3316 1579 series
3339 1529 3560 1594 optima:

1959 1607 2383 1661 conversationis
2407 1608 2472 1660 ad
2504 1623 2693 1662 omnes
2719 1625 2888 1678 usque
2919 1614 3216 1678 perveniet,
3251 1631 3280 1667 a
3313 1625 3365 1670 te
3395 1617 3560 1672 ducto

1960 1696 2112 1750 initio
2138 1705 2192 1750 et
2218 1696 2395 1751 radice
2414 1738 2428 1761 ,
2453 1697 2596 1751 unde
2624 1698 2718 1752 tibi
2755 1699 2824 1752 ob
2851 1711 3154 1770 susceptam
3200 1703 3428 1759 liliorutn
3458 1724 3558 1761 cn-

1958 1800 2071 1838 ram
2100 1786 2306 1840 fructus
2337 1797 2642 1841 nascentur.
2673 1787 2728 1841 Si
2761 1801 3011 1856 parentes
3044 1791 3239 1845 liberos
3265 1807 3392 1850 suos
3421 1795 3550 1850 dili-

1956 1887 2136 1947 genter
2163 1880 2438 1934 erudirent
2461 1920 2475 1943 ,
2519 1897 2625 1933 non
2667 1882 2870 1950 legibus
2889 1923 2905 1945 ,
2935 1898 3040 1936 non
3066 1886 3279 1951 judiciis
3309 1902 3444 1956 opus
3471 1889 3555 1942 fo-

1957 1979 2080 2036 ret,
2109 1987 2212 2024 non
2245 1971 2420 2048 panis
2461 1986 2524 2027 ac
2565 1973 2866 2041 suppliciis,
2899 1985 2954 2028 et
2996 1975 3234 2031 czrdibns
3281 1982 3503 2048 publicis
3536 2002 3550 2037 :

1955 2062 2216 2132 siquidem
2243 2045 2415 2127 Justo,
2446 2063 2619 2131 inquit
2644 2064 2755 2128 ille,
2790 2066 2871 2118 lea:
2896 2082 2996 2118 non
3021 2077 3092 2120 est
3121 2045 3384 2142 posita—(l.
3418 2071 3550 2126 Tim.

1959 2157 2010 2208 1.
2038 2156 2128 2225 9).
2177 2155 2440 2222 Quoniam
2471 2165 2646 2211 autetn
2688 2157 2898 2211 illorum
2931 2176 3113 2214 curam
3147 2180 3251 2216 non
3279 2166 3551 2233 gerimus,

1964 2245 2165 2300 idcirco
2191 2248 2482 2315 majoribus
2525 2247 2645 2302 illos
2677 2249 2830 2303 malis
2868 2251 3187 2306 involvimns
3207 2295 3221 2315 ,
3251 2265 3300 2307 et
3331 2257 3547 2310 carnili-

1953 2351 2075 2390 cum
2107 2337 2224 2390 illos
2254 2339 2500 2393 manibus
2545 2338 2789 2395 dedimus
2814 2381 2829 2404 ,
2869 2350 3028 2410 atque
3061 2344 3111 2396 in
3144 2345 3393 2399 harathra
3438 2349 3549 2401 fre-

1952 2439 2180 2499 quenter
2210 2430 2549 2498 impellimus.
2579 2432 2677 2496 Qui
2698 2434 2826 2484 enim
2852 2435 3117 2502 refrigerat
3142 2436 3326 2502 filium,
3355 2438 3549 2508 inquit,

1954 2519 2210 2588 colligabit
2237 2524 2444 2574 vulnera
2475 2524 2582 2590 ejus
2612 2521 2800 2588 (Ereti.
2826 2525 2914 2578 '50.
2950 2528 3024 2590 7).
3059 2526 3195 2591 Quid
3227 2537 3307 2581 est
3334 2529 3430 2593 Qui
3463 2547 3548 2583 re-

1953 2610 2160 2678 frigerat
2181 2610 2206 2660 ?
2234 2609 2334 2674 Qui
2363 2612 2648 2665 miseretur
2668 2653 2683 2677 ,
2717 2614 2806 2681 qui
2837 2614 3083 2668 adulatur
3106 2657 3120 2680 ,
3161 2617 3248 2685 qui
3284 2618 3554 2672 blanditur

1953 2703 2089 2752 ultra
2130 2700 2368 2753 modum.
2412 2701 2458 2754 Is
2485 2702 2627 2754 enim
2664 2703 2950 2757 severitate
2979 2720 3216 2774 curaque
3249 2706 3448 2778 indiget
3488 2725 3554 2764 ac

1954 2800 2117 2845 metu.
2153 2790 2276 2844 ll:ec
2314 2800 2490 2845 autem
2525 2809 2627 2845 non
2668 2809 2733 2847 eo
2765 2794 2905 2856 dico,
2943 2806 2998 2849 ιιι
3027 2797 3184 2850 nimis
3213 2801 3386 2866 asperi
3417 2801 3553 2854 libe-

1952 2882 2024 2934 ris
2055 2883 2222 2934 simus
2247 2922 2259 2943 ,
2309 2882 2403 2936 sed
2434 2899 2500 2935 ne
2537 2884 2831 2952 despicatui
2863 2889 2930 2939 ab
2975 2889 3076 2941 illis
3128 2892 3440 2945 habeamnr.
3493 2895 3554 2948 Si

1949 2973 2094 3026 enim
2128 2989 2261 3026 uxor
2289 2973 2458 3026 virum
2489 2990 2643 3028 suunt
2673 2986 2912 3030 metuere
2944 2979 3140 3043 debet,
3188 2983 3356 3036 multo
3383 2988 3555 3053 magis

1951 3062 2090 3137 illius
2139 3073 2361 3132 patrem.
2410 3065 2597 3134 Neque
2635 3067 2762 3120 mihi
2813 3069 2960 3121 dieas
2991 3070 3195 3125 domari
3237 3090 3342 3127 non
3393 3092 3554 3144 posse

1945 3153 2299 3223 juventutem.
2332 3154 2463 3208 Nam
2493 3157 2589 3210 sia
2622 3158 2845 3212 muliere
2878 3160 3034 3212 vidua
3069 3177 3252 3217 curam
3281 3165 3552 3234 ejusmodi

1949 3248 2173 3312 requirit
2198 3247 2429 3309 Paulus.
2461 3251 2627 3302 multo
2656 3252 2822 3320 magis
2853 3266 2882 3304 ει
2913 3253 3040 3306 viris
3073 3272 3085 3307 :
3117 3256 3161 3308 si
3203 3256 3314 3310 lieri
3349 3260 3399 3312 id
3443 3276 3551 3314 non

1950 3350 2150 3409 posset,
2183 3355 2288 3394 non
2320 3342 2657 3409 imperasset.
2697 3342 2892 3398 Verum
2923 3346 3100 3399 onmis
3131 3347 3446 3416 improbitas
3475 3367 3543 3406 ex

1950 3434 2271 3503 negligentia
2299 3446 2480 3488 nostra
2523 3436 2696 3489 oritur
2720 3476 2733 3498 ,
2782 3448 2835 3490 et
2872 3429 3014 3506 qtt'od
3049 3455 3154 3493 non
3185 3455 3211 3491 a
3245 3441 3546 3512 principio,

1949 3539 2123 3594 neque
2146 3539 2174 3576 a
2203 3525 2454 3594 primazva
2486 3535 2642 3579 aetate
2668 3526 2733 3580 ad
2770 3532 3020 3595 pietatem
3053 3529 3198 3596 ipsos
3225 3531 3552 3587 informave-

1947 3615 2135 3669 ritnus.
2169 3615 2272 3668 Sed
2306 3625 2360 3668 ut
2389 3615 2629 3684 profanis
2648 3617 2861 3686 quidem
2895 3617 3204 3672 imbuuntur
3227 3621 3547 3691 disciplinis,

1947 3716 2006 3763 et‘
2026 3710 2075 3762 in
2104 3717 2403 3762 castrorum
2435 3725 2686 3764 numeros
2716 3710 3034 3780 allcgantur,
3067 3729 3285 3781 operam
3313 3714 3505 3770 damus
3526 3759 3542 3782 ,

1947 3811 2000 3856 et
2027 3802 2282 3870 pecunias
2311 3818 2676 3868 numeramus,
2716 3811 2767 3856 et
2797 3805 3000 3857 amicos
3026 3804 3372 3861 obsecramus
3398 3848 3414 3873 ,
3445 3809 3550 3864 huc

1947 3893 2069 3946 illuc
2099 3894 2406 3962 frequenter
2433 3895 2788 3949 discurrimus
2822 3913 2834 3947 :
2871 3907 2926 3949 ut
2954 3906 3133 3951 autem
3165 3900 3304 3968 apud
3325 3904 3540 3968 angelo-

1946 4000 2062 4037 rum
2095 3984 2292 4054 llegem
2327 3986 2377 4038 in
2407 3987 2801 4041 existimatione
2829 3988 2938 4042 sint
2960 4030 2974 4054 ,
3007 4006 3112 4044 non
3142 3993 3430 4047 admodum
3462 3996 3544 4048 la-

1947 4076 2219 4131 boramus.
2268 4080 2444 4146 Atque
2487 4079 2554 4132 ad
2605 4084 2909 4147 spectacula
2962 4083 3178 4152 quidem
3238 4087 3544 4156 frequenter

1943 4169 2236 4222 ascendere
2265 4170 2530 4234 sinimus,
2581 4171 2645 4224 ad
2688 4172 2971 4227 ecclesiam
3017 4185 3194 4229 autem
3244 4193 3539 4246 numquam

1946 4258 2130 4313 venire
2151 4260 2525 4327 compellimus
2559 4279 2570 4312 :
2606 4261 2698 4315 sed
2732 4263 2775 4317 si
2807 4265 2970 4318 semel
2997 4273 3090 4317 aut
3121 4265 3310 4320 iterum
3341 4285 3541 4336 pueru-

1944 4349 2028 4403 lus
2054 4349 2157 4404 ltne
2187 4350 2473 4417 adveniat,
2506 4362 2737 4420 temere,
2775 4354 2968 4409 frustra
2997 4366 3051 4409 et
3082 4358 3347 4412 incassum
3379 4370 3539 4428 atque

1944 4443 2109 4496 animi
2134 4458 2292 4498 causa
2336 4442 2441 4498 huc
2467 4445 2700 4499 advenit.
2749 4447 2817 4500 At
2862 4463 2965 4500 non
3012 4449 3078 4501 ita
3116 4449 3228 4502 ﬁeri
3256 4454 3490 4518 Oportuit
3525 4471 3536 4504 :

1943 4534 2036 4586 sed
2065 4535 2516 4603 quemadmodum
2548 4551 2668 4589 cum
2694 4537 2758 4591 ad
2791 4537 3003 4592 scholas
3046 4540 3304 4593 mittimus
3324 4583 3338 4605 ,
3369 4539 3539 4596 disci-

1942 4623 2208 4691 plinarum
2237 4624 2304 4677 ab
2333 4622 2440 4677 illis
2475 4626 2734 4678 rationem
2763 4628 3055 4695 exigimus,
3091 4629 3158 4682 ita
3191 4645 3311 4683 cum
3346 4631 3412 4683 ad
3444 4649 3538 4686 et:-

1942 4713 2158 4768 clesiam
2188 4712 2468 4779 mittimus,
2494 4715 2577 4769 vel
2606 4717 2782 4786 potius
2808 4717 3069 4773 ducimus.
3098 4717 3212 4773 Non
3245 4721 3385 4774 enim
3414 4723 3536 4778 aliis

1941 4820 2037 4859 eos
2066 4807 2433 4869 committere,
2467 4822 2496 4859 a
2529 4808 2680 4860 vobis
2711 4809 2900 4862 ductos
2929 4810 3030 4863 huc
3063 4819 3273 4878 Oportet
3297 4812 3496 4869 intrare
3517 4857 3534 4880 ,

1942 4905 1997 4949 et
2023 4910 2210 4950 eorum
2240 4913 2358 4964 quae
2391 4898 2474 4951 hic
2498 4899 2820 4963 audiverint,
2848 4909 2901 4955 et
2924 4916 3043 4969 qua:
3077 4900 3382 4968 didicerint,
3419 4921 3533 4960 me—

1942 4988 2111 5042 moria
2139 4989 2466 5056 rcposcenda
2495 5000 2600 5044 est.
2635 4989 2724 5045 Sic
2753 4992 2897 5045 enim
2931 4993 3080 5045 lieret
3113 4999 3169 5045 ut
3198 5007 3225 5045 a
3260 4994 3414 5051 nobis
3455 4997 3533 5053 fa-

1939 5080 2041 5134 cile
2068 5095 2133 5134 ac
2159 5080 2306 5134 nullo
2335 5083 2551 5151 negotio
2592 5083 2656 5136 ad
2691 5085 2967 5139 meliorem
3012 5083 3218 5153 frugem
3263 5087 3414 5142 liberi
3445 5107 3530 5145 re-

1941 5184 2277 5228 votarentur.
2307 5174 2438 5228 Nam
2469 5178 2512 5230 si
2541 5187 2593 5232 et
2617 5177 2762 5231 domi
2801 5188 3057 5248 perpetuo
3081 5195 3177 5233 nos
3205 5179 3274 5235 de
3298 5182 3526 5248 philoso-

1941 5265 2062 5334 phia
2110 5266 2392 5336 loquentes
2432 5269 2700 5336 audirent,
2741 5279 2798 5324 et
2835 5269 2978 5340 quod
3027 5285 3159 5338 opus
3207 5271 3346 5327 laeto
3388 5286 3534 5330 esset

1938 5358 2307 5423 consulentes,
2336 5369 2390 5412 et
2415 5374 2536 5413 cum
2572 5361 2673 5414 illis
2697 5361 3115 5431 adjungerentur
3138 5378 3256 5431 qua:
3285 5363 3387 5418 hoc
3413 5366 3532 5420 loco

1937 5448 2188 5502 dicuntur
2210 5491 2224 5512 ,
2256 5460 2310 5504 et
2334 5453 2728 5521 quamprimum
2759 5453 2982 5507 istorum
3013 5452 3280 5507 seminum
3315 5456 3534 5512 uberem

1939 5543 2095 5596 nobis
2128 5541 2357 5598 fructum
2387 5546 2765 5614 producerent.
2797 5549 2864 5601 At
2893 5561 2990 5601 nos
3019 5545 3148 5600 nihil
3178 5545 3367 5602 borum
3395 5563 3534 5618 prcr-

1937 5645 2160 5700 stamus,
2185 5637 2277 5690 sed
2303 5654 2364 5692 ea
2391 5655 2510 5708 qua:
2543 5647 2722 5695 nostra
2756 5641 3018 5695 intersunt
3042 5639 3293 5705 maxime,
3323 5642 3540 5709 perfun-

1938 5729 2106 5783 ctorie
2135 5745 2385 5786 curamus
2417 5750 2430 5786 :
2464 5733 2606 5803 quod
2652 5735 2694 5787 si
2726 5734 2793 5789 de
2831 5733 2911 5786 his
2940 5733 3254 5789 cohortatur
3299 5734 3492 5805 aliquis
3513 5773 3531 5800 ,
