  <div class='ocr_page' id='page_1' title='image "/cluster/home/n/w/nwhite01/storage/ocr_20150623/51/ien.35556001660786/335.png"; bbox 0 0 4074 6398; ppageno 0'>
   <div class='ocr_carea' id='block_1_1' title="bbox 545 281 647 339">
    <p class='ocr_par' dir='ltr' id='par_1_1' title="bbox 545 281 647 339">
     <span class='ocr_line' id='line_1_1' title="bbox 545 281 647 339; baseline -0.02 0"><span class='ocrx_word' id='word_1_1' title='bbox 545 281 647 339; x_wconf 67' lang='grc' dir='ltr'><strong>εει</strong></span> 
     </span>
    </p>
   </div>
   <div class='ocr_carea' id='block_1_2' title="bbox 547 390 2125 476">
    <p class='ocr_par' dir='ltr' id='par_1_2' title="bbox 547 390 2125 476">
     <span class='ocr_line' id='line_1_2' title="bbox 547 390 2125 476; baseline -0.006 -15"><span class='ocrx_word' id='word_1_2' title='bbox 547 406 728 463; x_wconf 82' lang='lat' dir='ltr'><strong>statim</strong></span> <span class='ocrx_word' id='word_1_3' title='bbox 754 390 1037 472; x_wconf 85' lang='lat' dir='ltr'><strong>irridetur;</strong></span> <span class='ocrx_word' id='word_1_4' title='bbox 1065 412 1223 476; x_wconf 85' lang='lat' dir='ltr'><strong>atque</strong></span> <span class='ocrx_word' id='word_1_5' title='bbox 1250 402 1376 460; x_wconf 89' lang='lat' dir='ltr'><strong>hinc</strong></span> <span class='ocrx_word' id='word_1_6' title='bbox 1406 406 1483 469; x_wconf 89' lang='lat' dir='ltr'><strong>iit,</strong></span> <span class='ocrx_word' id='word_1_7' title='bbox 1516 413 1574 460; x_wconf 93' lang='lat' dir='ltr'><strong>ut</strong></span> <span class='ocrx_word' id='word_1_8' title='bbox 1600 404 1778 459; x_wconf 83' lang='lat' dir='ltr'><strong>omnia</strong></span> <span class='ocrx_word' id='word_1_9' title='bbox 1807 415 2004 471; x_wconf 84' lang='lat' dir='ltr'><strong>susque</strong></span> <span class='ocrx_word' id='word_1_10' title='bbox 2027 398 2125 453; x_wconf 85' lang='lat' dir='ltr'><strong>de-</strong></span> 
     </span>
    </p>
   </div>
   <div class='ocr_carea' id='block_1_3' title="bbox 1327 276 3143 349">
    <p class='ocr_par' dir='ltr' id='par_1_3' title="bbox 1327 276 3143 349">
     <span class='ocr_line' id='line_1_3' title="bbox 1327 276 3143 349; baseline 0 0"><span class='ocrx_word' id='word_1_11' title='bbox 1327 290 1387 349; x_wconf 74' lang='lat'><strong>8.</strong></span> <span class='ocrx_word' id='word_1_12' title='bbox 1424 287 1703 349; x_wconf 74' lang='lat' dir='ltr'><strong>JOANNIS</strong></span> <span class='ocrx_word' id='word_1_13' title='bbox 1736 276 2210 347; x_wconf 69' lang='lat' dir='ltr'><strong>CllRYSOSTOMl</strong></span> <span class='ocrx_word' id='word_1_14' title='bbox 2248 283 2566 342; x_wconf 76' lang='lat' dir='ltr'><strong>ARCHIEP.</strong></span> <span class='ocrx_word' id='word_1_15' title='bbox 2607 286 3143 349; x_wconf 65' lang='lat' dir='ltr'><strong>CONSTANTINOP.</strong></span> 
     </span>
    </p>
   </div>
   <div class='ocr_carea' id='block_1_4' title="bbox 3726 296 3835 353">
    <p class='ocr_par' dir='ltr' id='par_1_4' title="bbox 3726 296 3835 353">
     <span class='ocr_line' id='line_1_4' title="bbox 3726 296 3835 353; baseline 0.037 -4"><span class='ocrx_word' id='word_1_16' title='bbox 3726 296 3835 353; x_wconf 70' lang='lat'><strong>339.</strong></span> 
     </span>
    </p>
   </div>
   <div class='ocr_carea' id='block_1_5' title="bbox 2248 400 3834 479">
    <p class='ocr_par' dir='ltr' id='par_1_5' title="bbox 2248 400 3834 479">
     <span class='ocr_line' id='line_1_5' title="bbox 2248 400 3834 479; baseline 0.011 -26"><span class='ocrx_word' id='word_1_17' title='bbox 2248 400 2480 468; x_wconf 86' lang='lat' dir='ltr'><strong>mineus,</strong></span> <span class='ocrx_word' id='word_1_18' title='bbox 2528 420 2701 474; x_wconf 91' lang='lat' dir='ltr'><strong>neque</strong></span> <span class='ocrx_word' id='word_1_19' title='bbox 2747 405 3036 463; x_wconf 90' lang='lat' dir='ltr'><strong>liberorum</strong></span> <span class='ocrx_word' id='word_1_20' title='bbox 3081 423 3227 475; x_wconf 87' lang='lat' dir='ltr'><strong>cura,</strong></span> <span class='ocrx_word' id='word_1_21' title='bbox 3283 422 3382 466; x_wconf 87' lang='lat' dir='ltr'><strong>nec</strong></span> <span class='ocrx_word' id='word_1_22' title='bbox 3426 408 3678 479; x_wconf 87' lang='lat' dir='ltr'><strong>viduitas,</strong></span> <span class='ocrx_word' id='word_1_23' title='bbox 3735 430 3834 470; x_wconf 84' lang='lat' dir='ltr'><strong>nec</strong></span> 
     </span>
    </p>
   </div>
   <div class='ocr_carea' id='block_1_6' title="bbox 546 490 3665 569">
    <p class='ocr_par' dir='ltr' id='par_1_6' title="bbox 546 490 3665 569">
     <span class='ocr_line' id='line_1_6' title="bbox 546 490 3665 569; baseline 0.003 -19"><span class='ocrx_word' id='word_1_24' title='bbox 546 511 655 567; x_wconf 86' lang='lat' dir='ltr'><strong>que</strong></span> <span class='ocrx_word' id='word_1_25' title='bbox 680 504 971 561; x_wconf 83' lang='lat' dir='ltr'><strong>vertantur.</strong></span> <span class='ocrx_word' id='word_1_26' title='bbox 1001 499 1243 566; x_wconf 77' lang='lat' dir='ltr'><strong>quosque</strong></span> <span class='ocrx_word' id='word_1_27' title='bbox 1264 504 1514 567; x_wconf 86' lang='lat' dir='ltr'><strong>parentes</strong></span> <span class='ocrx_word' id='word_1_28' title='bbox 1540 508 1656 551; x_wconf 85' lang='lat' dir='ltr'><strong>non</strong></span> <span class='ocrx_word' id='word_1_29' title='bbox 1674 494 1953 564; x_wconf 82' lang='lat' dir='ltr'><strong>castigant,</strong></span> <span class='ocrx_word' id='word_1_30' title='bbox 1984 490 2132 563; x_wconf 85' lang='lat' dir='ltr'><strong>leges</strong></span> <span class='ocrx_word' id='word_1_31' title='bbox 2235 491 2378 547; x_wconf 94' lang='lat' dir='ltr'><strong>aliud</strong></span> <span class='ocrx_word' id='word_1_32' title='bbox 2402 496 2689 566; x_wconf 81' lang='lat' dir='ltr'><strong>quidquam</strong></span> <span class='ocrx_word' id='word_1_33' title='bbox 2719 497 2965 569; x_wconf 74' lang='lat' dir='ltr'><strong>hospitali</strong></span> <span class='ocrx_word' id='word_1_34' title='bbox 3000 500 3215 556; x_wconf 80' lang='lat' dir='ltr'><strong>mulieri</strong></span> <span class='ocrx_word' id='word_1_35' title='bbox 3239 500 3519 559; x_wconf 85' lang='lat' dir='ltr'><strong>obstaculo</strong></span> <span class='ocrx_word' id='word_1_36' title='bbox 3546 503 3665 559; x_wconf 89' lang='lat' dir='ltr'><strong>fuit.</strong></span> 
     </span>
    </p>
   </div>
   <div class='ocr_carea' id='block_1_7' title="bbox 548 586 1089 655">
    <p class='ocr_par' dir='ltr' id='par_1_7' title="bbox 548 586 1089 655">
     <span class='ocr_line' id='line_1_7' title="bbox 548 586 1089 655; baseline -0.007 -13"><span class='ocrx_word' id='word_1_37' title='bbox 548 596 785 642; x_wconf 64' lang='lat' dir='ltr'><strong>externa</strong></span> <span class='ocrx_word' id='word_1_38' title='bbox 810 586 1089 655; x_wconf 73' lang='lat' dir='ltr'><strong>castigem.</strong></span> 
     </span>
    </p>
   </div>
   <div class='ocr_carea' id='block_1_8' title="bbox 622 673 2128 747">
    <p class='ocr_par' dir='ltr' id='par_1_8' title="bbox 622 673 2128 747">
     <span class='ocr_line' id='line_1_8' title="bbox 622 673 2128 747; baseline -0.002 -16"><span class='ocrx_word' id='word_1_39' title='bbox 622 678 710 731; x_wconf 80' lang='lat' dir='ltr'><strong>tl.</strong></span> <span class='ocrx_word' id='word_1_40' title='bbox 740 677 823 731; x_wconf 77' lang='lat' dir='ltr'><strong>Au</strong></span> <span class='ocrx_word' id='word_1_41' title='bbox 852 691 959 731; x_wconf 90' lang='lat' dir='ltr'><strong>non</strong></span> <span class='ocrx_word' id='word_1_42' title='bbox 990 684 1042 732; x_wconf 90' lang='lat' dir='ltr'><strong>te</strong></span> <span class='ocrx_word' id='word_1_43' title='bbox 1071 676 1256 747; x_wconf 89' lang='lat' dir='ltr'><strong>pudet,</strong></span> <span class='ocrx_word' id='word_1_44' title='bbox 1292 689 1498 747; x_wconf 62' lang='lat' dir='ltr'><strong>quaso,</strong></span> <span class='ocrx_word' id='word_1_45' title='bbox 1529 691 1629 733; x_wconf 90' lang='lat' dir='ltr'><strong>nec</strong></span> <span class='ocrx_word' id='word_1_46' title='bbox 1654 673 1927 732; x_wconf 72' lang='lat' dir='ltr'><strong>erubescis</strong></span> <span class='ocrx_word' id='word_1_47' title='bbox 1949 716 1965 742; x_wconf 91' lang='lat'><strong>,</strong></span> <span class='ocrx_word' id='word_1_48' title='bbox 2006 688 2128 729; x_wconf 90' lang='lat' dir='ltr'><strong>cum</strong></span> 
     </span>
    </p>
   </div>
   <div class='ocr_carea' id='block_1_9' title="bbox 548 764 2127 841">
    <p class='ocr_par' dir='ltr' id='par_1_9' title="bbox 548 764 2127 841">
     <span class='ocr_line' id='line_1_9' title="bbox 548 764 2127 841; baseline -0.001 -19"><span class='ocrx_word' id='word_1_49' title='bbox 548 768 717 824; x_wconf 85' lang='lat' dir='ltr'><strong>ﬁlium</strong></span> <span class='ocrx_word' id='word_1_50' title='bbox 744 776 890 824; x_wconf 84' lang='lat' dir='ltr'><strong>tuum</strong></span> <span class='ocrx_word' id='word_1_51' title='bbox 911 768 1075 839; x_wconf 88' lang='lat' dir='ltr'><strong>judex</strong></span> <span class='ocrx_word' id='word_1_52' title='bbox 1102 771 1252 841; x_wconf 89' lang='lat' dir='ltr'><strong>punit</strong></span> <span class='ocrx_word' id='word_1_53' title='bbox 1270 809 1287 835; x_wconf 90' lang='lat'><strong>,</strong></span> <span class='ocrx_word' id='word_1_54' title='bbox 1311 778 1369 825; x_wconf 90' lang='lat' dir='ltr'><strong>et</strong></span> <span class='ocrx_word' id='word_1_55' title='bbox 1402 769 1867 841; x_wconf 88' lang='lat' dir='ltr'><strong>temperantiorem</strong></span> <span class='ocrx_word' id='word_1_56' title='bbox 1911 764 2089 821; x_wconf 89' lang='lat' dir='ltr'><strong>reddit</strong></span> <span class='ocrx_word' id='word_1_57' title='bbox 2111 805 2127 831; x_wconf 92' lang='lat'><strong>,</strong></span> 
     </span>
    </p>
   </div>
   <div class='ocr_carea' id='block_1_10' title="bbox 546 857 2129 929">
    <p class='ocr_par' dir='ltr' id='par_1_10' title="bbox 546 857 2129 929">
     <span class='ocr_line' id='line_1_10' title="bbox 546 857 2129 929; baseline -0.003 -16"><span class='ocrx_word' id='word_1_58' title='bbox 546 857 689 926; x_wconf 87' lang='lat' dir='ltr'><strong>quod</strong></span> <span class='ocrx_word' id='word_1_59' title='bbox 717 859 806 913; x_wconf 87' lang='lat' dir='ltr'><strong>ille</strong></span> <span class='ocrx_word' id='word_1_60' title='bbox 825 860 1159 914; x_wconf 85' lang='lat' dir='ltr'><strong>correctione</strong></span> <span class='ocrx_word' id='word_1_61' title='bbox 1189 868 1412 915; x_wconf 86' lang='lat' dir='ltr'><strong>externa</strong></span> <span class='ocrx_word' id='word_1_62' title='bbox 1440 859 1692 929; x_wconf 85' lang='lat' dir='ltr'><strong>indigeat,</strong></span> <span class='ocrx_word' id='word_1_63' title='bbox 1714 858 1805 928; x_wconf 85' lang='lat' dir='ltr'><strong>qui</strong></span> <span class='ocrx_word' id='word_1_64' title='bbox 1827 864 1973 911; x_wconf 90' lang='lat' dir='ltr'><strong>tanto</strong></span> <span class='ocrx_word' id='word_1_65' title='bbox 1994 864 2129 910; x_wconf 90' lang='lat' dir='ltr'><strong>tem-</strong></span> 
     </span>
    </p>
   </div>
   <div class='ocr_carea' id='block_1_11' title="bbox 548 945 2130 1019">
    <p class='ocr_par' dir='ltr' id='par_1_11' title="bbox 548 945 2130 1019">
     <span class='ocr_line' id='line_1_11' title="bbox 548 945 2130 1019; baseline -0.003 -15"><span class='ocrx_word' id='word_1_66' title='bbox 548 962 679 1019; x_wconf 89' lang='lat' dir='ltr'><strong>pore</strong></span> <span class='ocrx_word' id='word_1_67' title='bbox 706 950 758 1004; x_wconf 86' lang='lat' dir='ltr'><strong>ia</strong></span> <span class='ocrx_word' id='word_1_68' title='bbox 782 950 1134 1005; x_wconf 86' lang='lat' dir='ltr'><strong>contubernio</strong></span> <span class='ocrx_word' id='word_1_69' title='bbox 1174 960 1268 1006; x_wconf 90' lang='lat' dir='ltr'><strong>tuo</strong></span> <span class='ocrx_word' id='word_1_70' title='bbox 1306 949 1479 1005; x_wconf 80' lang='lat' dir='ltr'><strong>vixit?</strong></span> <span class='ocrx_word' id='word_1_71' title='bbox 1518 965 1624 1005; x_wconf 89' lang='lat' dir='ltr'><strong>non</strong></span> <span class='ocrx_word' id='word_1_72' title='bbox 1660 958 1712 1003; x_wconf 91' lang='lat' dir='ltr'><strong>te</strong></span> <span class='ocrx_word' id='word_1_73' title='bbox 1753 945 2038 1003; x_wconf 83' lang='lat' dir='ltr'><strong>abscondis</strong></span> <span class='ocrx_word' id='word_1_74' title='bbox 2073 955 2130 1001; x_wconf 89' lang='lat' dir='ltr'><strong>et</strong></span> 
     </span>
    </p>
   </div>
   <div class='ocr_carea' id='block_1_12' title="bbox 545 1035 2127 1109">
    <p class='ocr_par' dir='ltr' id='par_1_12' title="bbox 545 1035 2127 1109">
     <span class='ocr_line' id='line_1_12' title="bbox 545 1035 2127 1109; baseline -0.002 -16"><span class='ocrx_word' id='word_1_75' title='bbox 545 1037 824 1094; x_wconf 85' lang='lat' dir='ltr'><strong>occultas?</strong></span> <span class='ocrx_word' id='word_1_76' title='bbox 850 1041 932 1095; x_wconf 79' lang='lat' dir='ltr'><strong>An</strong></span> <span class='ocrx_word' id='word_1_77' title='bbox 961 1054 1090 1094; x_wconf 89' lang='lat' dir='ltr'><strong>vero</strong></span> <span class='ocrx_word' id='word_1_78' title='bbox 1120 1049 1173 1094; x_wconf 92' lang='lat' dir='ltr'><strong>tu</strong></span> <span class='ocrx_word' id='word_1_79' title='bbox 1202 1041 1422 1094; x_wconf 85' lang='lat' dir='ltr'><strong>omnino</strong></span> <span class='ocrx_word' id='word_1_80' title='bbox 1444 1080 1461 1104; x_wconf 90' lang='lat'><strong>,</strong></span> <span class='ocrx_word' id='word_1_81' title='bbox 1488 1039 1577 1093; x_wconf 92' lang='lat' dir='ltr'><strong>dic</strong></span> <span class='ocrx_word' id='word_1_82' title='bbox 1599 1080 1614 1104; x_wconf 92' lang='lat'><strong>,</strong></span> <span class='ocrx_word' id='word_1_83' title='bbox 1643 1052 1827 1109; x_wconf 68' lang='lat' dir='ltr'><strong>quaeso</strong></span> <span class='ocrx_word' id='word_1_84' title='bbox 1849 1078 1866 1102; x_wconf 92' lang='lat'><strong>,</strong></span> <span class='ocrx_word' id='word_1_85' title='bbox 1890 1048 2043 1108; x_wconf 84' lang='lat' dir='ltr'><strong>pater</strong></span> <span class='ocrx_word' id='word_1_86' title='bbox 2066 1035 2127 1090; x_wconf 85' lang='lat' dir='ltr'><strong>il-</strong></span> 
     </span>
    </p>
   </div>
   <div class='ocr_carea' id='block_1_13' title="bbox 544 1128 2127 1201">
    <p class='ocr_par' dir='ltr' id='par_1_13' title="bbox 544 1128 2127 1201">
     <span class='ocr_line' id='line_1_13' title="bbox 544 1128 2127 1201; baseline -0.001 -20"><span class='ocrx_word' id='word_1_87' title='bbox 544 1129 650 1185; x_wconf 87' lang='lat' dir='ltr'><strong>lius</strong></span> <span class='ocrx_word' id='word_1_88' title='bbox 676 1129 842 1185; x_wconf 83' lang='lat' dir='ltr'><strong>audes</strong></span> <span class='ocrx_word' id='word_1_89' title='bbox 862 1131 1060 1193; x_wconf 87' lang='lat' dir='ltr'><strong>vocari.</strong></span> <span class='ocrx_word' id='word_1_90' title='bbox 1089 1134 1176 1201; x_wconf 83' lang='lat' dir='ltr'><strong>qui</strong></span> <span class='ocrx_word' id='word_1_91' title='bbox 1206 1130 1369 1185; x_wconf 89' lang='lat' dir='ltr'><strong>illium</strong></span> <span class='ocrx_word' id='word_1_92' title='bbox 1393 1130 1463 1184; x_wconf 88' lang='lat' dir='ltr'><strong>ita</strong></span> <span class='ocrx_word' id='word_1_93' title='bbox 1491 1128 1811 1199; x_wconf 91' lang='lat' dir='ltr'><strong>prodideris,</strong></span> <span class='ocrx_word' id='word_1_94' title='bbox 1833 1142 2008 1196; x_wconf 88' lang='lat' dir='ltr'><strong>neque</strong></span> <span class='ocrx_word' id='word_1_95' title='bbox 2028 1139 2127 1181; x_wconf 85' lang='lat' dir='ltr'><strong>ne-</strong></span> 
     </span>
    </p>
   </div>
   <div class='ocr_carea' id='block_1_14' title="bbox 543 1217 2127 1293">
    <p class='ocr_par' dir='ltr' id='par_1_14' title="bbox 543 1217 2127 1293">
     <span class='ocr_line' id='line_1_14' title="bbox 543 1217 2127 1293; baseline -0.004 -14"><span class='ocrx_word' id='word_1_96' title='bbox 543 1222 779 1279; x_wconf 83' lang='lat' dir='ltr'><strong>cessario</strong></span> <span class='ocrx_word' id='word_1_97' title='bbox 805 1223 955 1277; x_wconf 89' lang='lat' dir='ltr'><strong>illum</strong></span> <span class='ocrx_word' id='word_1_98' title='bbox 994 1222 1244 1293; x_wconf 74' lang='lat' dir='ltr'><strong>prtesidio</strong></span> <span class='ocrx_word' id='word_1_99' title='bbox 1272 1221 1529 1278; x_wconf 87' lang='lat' dir='ltr'><strong>munieris</strong></span> <span class='ocrx_word' id='word_1_100' title='bbox 1550 1261 1567 1288; x_wconf 90' lang='lat'><strong>,</strong></span> <span class='ocrx_word' id='word_1_101' title='bbox 1583 1219 1696 1276; x_wconf 88' lang='lat' dir='ltr'><strong>.sed</strong></span> <span class='ocrx_word' id='word_1_102' title='bbox 1722 1221 1792 1275; x_wconf 86' lang='lat' dir='ltr'><strong>ab</strong></span> <span class='ocrx_word' id='word_1_103' title='bbox 1812 1219 1957 1275; x_wconf 90' lang='lat' dir='ltr'><strong>omni</strong></span> <span class='ocrx_word' id='word_1_104' title='bbox 1989 1217 2127 1273; x_wconf 82' lang='lat' dir='ltr'><strong>sive-</strong></span> 
     </span>
    </p>
   </div>
   <div class='ocr_carea' id='block_1_15' title="bbox 544 1310 2123 1384">
    <p class='ocr_par' dir='ltr' id='par_1_15' title="bbox 544 1310 2123 1384">
     <span class='ocr_line' id='line_1_15' title="bbox 544 1310 2123 1384; baseline -0.004 -15"><span class='ocrx_word' id='word_1_105' title='bbox 544 1314 618 1369; x_wconf 89' lang='lat' dir='ltr'><strong>ris</strong></span> <span class='ocrx_word' id='word_1_106' title='bbox 653 1314 994 1384; x_wconf 75' lang='lat' dir='ltr'><strong>improbitate</strong></span> <span class='ocrx_word' id='word_1_107' title='bbox 1026 1314 1240 1369; x_wconf 72' lang='lat' dir='ltr'><strong>vitiari?</strong></span> <span class='ocrx_word' id='word_1_108' title='bbox 1269 1313 1348 1369; x_wconf 82' lang='lat' dir='ltr'><strong>Ac</strong></span> <span class='ocrx_word' id='word_1_109' title='bbox 1373 1314 1418 1369; x_wconf 87' lang='lat' dir='ltr'><strong>si</strong></span> <span class='ocrx_word' id='word_1_110' title='bbox 1446 1312 1752 1384; x_wconf 82' lang='lat' dir='ltr'><strong>quempiam</strong></span> <span class='ocrx_word' id='word_1_111' title='bbox 1790 1310 2004 1382; x_wconf 88' lang='lat' dir='ltr'><strong>quidem</strong></span> <span class='ocrx_word' id='word_1_112' title='bbox 2040 1310 2123 1364; x_wconf 87' lang='lat' dir='ltr'><strong>fu-</strong></span> 
     </span>
    </p>
   </div>
   <div class='ocr_carea' id='block_1_16' title="bbox 542 1406 2127 1479">
    <p class='ocr_par' dir='ltr' id='par_1_16' title="bbox 542 1406 2127 1479">
     <span class='ocr_line' id='line_1_16' title="bbox 542 1406 2127 1479; baseline -0.004 -16"><span class='ocrx_word' id='word_1_113' title='bbox 542 1409 765 1477; x_wconf 82' lang='lat' dir='ltr'><strong>gitivum</strong></span> <span class='ocrx_word' id='word_1_114' title='bbox 794 1409 979 1464; x_wconf 85' lang='lat' dir='ltr'><strong>videas</strong></span> <span class='ocrx_word' id='word_1_115' title='bbox 1005 1409 1231 1478; x_wconf 88' lang='lat' dir='ltr'><strong>puerulo</strong></span> <span class='ocrx_word' id='word_1_116' title='bbox 1249 1409 1429 1478; x_wconf 80' lang='lat' dir='ltr'><strong>alapas</strong></span> <span class='ocrx_word' id='word_1_117' title='bbox 1455 1409 1856 1479; x_wconf 88' lang='lat' dir='ltr'><strong>impingentem.</strong></span> <span class='ocrx_word' id='word_1_118' title='bbox 1886 1406 2127 1476; x_wconf 89' lang='lat' dir='ltr'><strong>indigna-</strong></span> 
     </span>
    </p>
   </div>
   <div class='ocr_carea' id='block_1_17' title="bbox 545 1497 2127 1567">
    <p class='ocr_par' dir='ltr' id='par_1_17' title="bbox 545 1497 2127 1567">
     <span class='ocr_line' id='line_1_17' title="bbox 545 1497 2127 1567; baseline -0.004 -10"><span class='ocrx_word' id='word_1_119' title='bbox 545 1501 621 1557; x_wconf 85' lang='lat' dir='ltr'><strong>ris</strong></span> <span class='ocrx_word' id='word_1_120' title='bbox 644 1540 660 1565; x_wconf 88' lang='lat'><strong>.</strong></span> <span class='ocrx_word' id='word_1_121' title='bbox 704 1502 951 1557; x_wconf 87' lang='lat' dir='ltr'><strong>irasceris</strong></span> <span class='ocrx_word' id='word_1_122' title='bbox 974 1543 991 1567; x_wconf 88' lang='lat'><strong>,</strong></span> <span class='ocrx_word' id='word_1_123' title='bbox 1040 1511 1095 1557; x_wconf 89' lang='lat' dir='ltr'><strong>et</strong></span> <span class='ocrx_word' id='word_1_124' title='bbox 1135 1500 1245 1557; x_wconf 88' lang='lat' dir='ltr'><strong>fera</strong></span> <span class='ocrx_word' id='word_1_125' title='bbox 1284 1500 1558 1555; x_wconf 75' lang='lat' dir='ltr'><strong>crudelius</strong></span> <span class='ocrx_word' id='word_1_126' title='bbox 1599 1500 1651 1555; x_wconf 92' lang='lat' dir='ltr'><strong>in</strong></span> <span class='ocrx_word' id='word_1_127' title='bbox 1696 1498 1886 1553; x_wconf 80' lang='lat' dir='ltr'><strong>faciem</strong></span> <span class='ocrx_word' id='word_1_128' title='bbox 1923 1497 2127 1552; x_wconf 78' lang='lat' dir='ltr'><strong>involas</strong></span> 
     </span>
    </p>
   </div>
   <div class='ocr_carea' id='block_1_18' title="bbox 539 1588 2126 1662">
    <p class='ocr_par' dir='ltr' id='par_1_18' title="bbox 539 1588 2126 1662">
     <span class='ocr_line' id='line_1_18' title="bbox 539 1588 2126 1662; baseline -0.002 -17"><span class='ocrx_word' id='word_1_129' title='bbox 539 1589 661 1662; x_wconf 86' lang='lat' dir='ltr'><strong>ejus</strong></span> <span class='ocrx_word' id='word_1_130' title='bbox 681 1631 701 1659; x_wconf 93' lang='lat'><strong>,</strong></span> <span class='ocrx_word' id='word_1_131' title='bbox 728 1608 758 1645; x_wconf 88' lang='lat' dir='ltr'><strong>a</strong></span> <span class='ocrx_word' id='word_1_132' title='bbox 782 1607 891 1662; x_wconf 91' lang='lat' dir='ltr'><strong>quo</strong></span> <span class='ocrx_word' id='word_1_133' title='bbox 918 1592 1213 1662; x_wconf 86' lang='lat' dir='ltr'><strong>percutitur</strong></span> <span class='ocrx_word' id='word_1_134' title='bbox 1242 1608 1255 1646; x_wconf 90' lang='lat'><strong>:</strong></span> <span class='ocrx_word' id='word_1_135' title='bbox 1285 1606 1407 1647; x_wconf 91' lang='lat' dir='ltr'><strong>cum</strong></span> <span class='ocrx_word' id='word_1_136' title='bbox 1439 1605 1567 1646; x_wconf 89' lang='lat' dir='ltr'><strong>vero</strong></span> <span class='ocrx_word' id='word_1_137' title='bbox 1592 1590 1863 1645; x_wconf 87' lang='lat' dir='ltr'><strong>diabolum</strong></span> <span class='ocrx_word' id='word_1_138' title='bbox 1890 1588 2126 1658; x_wconf 87' lang='lat' dir='ltr'><strong>quotidie</strong></span> 
     </span>
    </p>
   </div>
   <div class='ocr_carea' id='block_1_19' title="bbox 550 1678 2125 1753">
    <p class='ocr_par' dir='ltr' id='par_1_19' title="bbox 550 1678 2125 1753">
     <span class='ocr_line' id='line_1_19' title="bbox 550 1678 2125 1753; baseline -0.001 -20"><span class='ocrx_word' id='word_1_139' title='bbox 550 1680 737 1738; x_wconf 83' lang='lat' dir='ltr'><strong>videas</strong></span> <span class='ocrx_word' id='word_1_140' title='bbox 786 1682 971 1752; x_wconf 85' lang='lat' dir='ltr'><strong>alapas</strong></span> <span class='ocrx_word' id='word_1_141' title='bbox 1014 1682 1089 1737; x_wconf 92' lang='lat' dir='ltr'><strong>illi</strong></span> <span class='ocrx_word' id='word_1_142' title='bbox 1120 1681 1414 1753; x_wconf 72' lang='lat' dir='ltr'><strong>impingere</strong></span> <span class='ocrx_word' id='word_1_143' title='bbox 1439 1721 1457 1747; x_wconf 96' lang='lat'><strong>,</strong></span> <span class='ocrx_word' id='word_1_144' title='bbox 1495 1681 1768 1736; x_wconf 68' lang='lat' dir='ltr'><strong>daatnones</strong></span> <span class='ocrx_word' id='word_1_145' title='bbox 1804 1678 1871 1733; x_wconf 90' lang='lat' dir='ltr'><strong>ad</strong></span> <span class='ocrx_word' id='word_1_146' title='bbox 1910 1687 2125 1748; x_wconf 86' lang='lat' dir='ltr'><strong>peccata</strong></span> 
     </span>
    </p>
   </div>
   <div class='ocr_carea' id='block_1_20' title="bbox 544 1770 2123 1846">
    <p class='ocr_par' dir='ltr' id='par_1_20' title="bbox 544 1770 2123 1846">
     <span class='ocr_line' id='line_1_20' title="bbox 544 1770 2123 1846; baseline -0.003 -19"><span class='ocrx_word' id='word_1_147' title='bbox 544 1772 814 1843; x_wconf 84' lang='lat' dir='ltr'><strong>pellicere.</strong></span> <span class='ocrx_word' id='word_1_148' title='bbox 845 1774 1070 1839; x_wconf 78' lang='lat' dir='ltr'><strong>dormis,</strong></span> <span class='ocrx_word' id='word_1_149' title='bbox 1101 1790 1281 1846; x_wconf 91' lang='lat' dir='ltr'><strong>neque</strong></span> <span class='ocrx_word' id='word_1_150' title='bbox 1309 1774 1624 1846; x_wconf 85' lang='lat' dir='ltr'><strong>indignaris,</strong></span> <span class='ocrx_word' id='word_1_151' title='bbox 1660 1787 1832 1842; x_wconf 88' lang='lat' dir='ltr'><strong>neque</strong></span> <span class='ocrx_word' id='word_1_152' title='bbox 1859 1784 1928 1827; x_wconf 89' lang='lat' dir='ltr'><strong>ex</strong></span> <span class='ocrx_word' id='word_1_153' title='bbox 1955 1770 2123 1825; x_wconf 88' lang='lat' dir='ltr'><strong>fauci-</strong></span> 
     </span>
    </p>
   </div>
   <div class='ocr_carea' id='block_1_21' title="bbox 542 1860 2124 1934">
    <p class='ocr_par' dir='ltr' id='par_1_21' title="bbox 542 1860 2124 1934">
     <span class='ocr_line' id='line_1_21' title="bbox 542 1860 2124 1934; baseline -0.002 -17"><span class='ocrx_word' id='word_1_154' title='bbox 542 1862 644 1919; x_wconf 86' lang='lat' dir='ltr'><strong>bus</strong></span> <span class='ocrx_word' id='word_1_155' title='bbox 686 1864 996 1919; x_wconf 69' lang='lat' dir='ltr'><strong>saevissimae</strong></span> <span class='ocrx_word' id='word_1_156' title='bbox 1038 1864 1230 1920; x_wconf 64' lang='lat' dir='ltr'><strong>bellum</strong></span> <span class='ocrx_word' id='word_1_157' title='bbox 1274 1864 1441 1920; x_wconf 80' lang='lat' dir='ltr'><strong>lilium</strong></span> <span class='ocrx_word' id='word_1_158' title='bbox 1484 1863 1690 1934; x_wconf 79' lang='lat' dir='ltr'><strong>eripis?</strong></span> <span class='ocrx_word' id='word_1_159' title='bbox 1729 1862 1935 1917; x_wconf 83' lang='lat' dir='ltr'><strong>Rursus</strong></span> <span class='ocrx_word' id='word_1_160' title='bbox 1960 1876 1987 1913; x_wconf 88' lang='lat' dir='ltr'><strong>a</strong></span> <span class='ocrx_word' id='word_1_161' title='bbox 2015 1860 2124 1915; x_wconf 73' lang='lat' dir='ltr'><strong>dte-</strong></span> 
     </span>
    </p>
   </div>
   <div class='ocr_carea' id='block_1_22' title="bbox 541 1953 2120 2027">
    <p class='ocr_par' dir='ltr' id='par_1_22' title="bbox 541 1953 2120 2027">
     <span class='ocr_line' id='line_1_22' title="bbox 541 1953 2120 2027; baseline -0.001 -18"><span class='ocrx_word' id='word_1_162' title='bbox 541 1971 702 2010; x_wconf 88' lang='lat' dir='ltr'><strong>mone</strong></span> <span class='ocrx_word' id='word_1_163' title='bbox 727 1957 772 2011; x_wconf 87' lang='lat' dir='ltr'><strong>si</strong></span> <span class='ocrx_word' id='word_1_164' title='bbox 802 1966 1107 2027; x_wconf 88' lang='lat' dir='ltr'><strong>correptum</strong></span> <span class='ocrx_word' id='word_1_165' title='bbox 1133 1956 1336 2023; x_wconf 88' lang='lat' dir='ltr'><strong>videas,</strong></span> <span class='ocrx_word' id='word_1_166' title='bbox 1364 1957 1430 2012; x_wconf 89' lang='lat' dir='ltr'><strong>ad</strong></span> <span class='ocrx_word' id='word_1_167' title='bbox 1458 1971 1645 2012; x_wconf 87' lang='lat' dir='ltr'><strong>omnes</strong></span> <span class='ocrx_word' id='word_1_168' title='bbox 1671 1966 1886 2009; x_wconf 86' lang='lat' dir='ltr'><strong>sanctos</strong></span> <span class='ocrx_word' id='word_1_169' title='bbox 1912 1953 2085 2008; x_wconf 90' lang='lat' dir='ltr'><strong>curris</strong></span> <span class='ocrx_word' id='word_1_170' title='bbox 2105 1992 2120 2016; x_wconf 93' lang='lat'><strong>.</strong></span> 
     </span>
    </p>
   </div>
   <div class='ocr_carea' id='block_1_23' title="bbox 541 2046 2125 2119">
    <p class='ocr_par' dir='ltr' id='par_1_23' title="bbox 541 2046 2125 2119">
     <span class='ocr_line' id='line_1_23' title="bbox 541 2046 2125 2119; baseline -0.004 -16"><span class='ocrx_word' id='word_1_171' title='bbox 541 2058 597 2103; x_wconf 87' lang='lat' dir='ltr'><strong>et</strong></span> <span class='ocrx_word' id='word_1_172' title='bbox 620 2063 716 2103; x_wconf 88' lang='lat' dir='ltr'><strong>eos</strong></span> <span class='ocrx_word' id='word_1_173' title='bbox 739 2048 832 2119; x_wconf 90' lang='lat' dir='ltr'><strong>qui</strong></span> <span class='ocrx_word' id='word_1_174' title='bbox 860 2049 1137 2104; x_wconf 78' lang='lat' dir='ltr'><strong>cacumina</strong></span> <span class='ocrx_word' id='word_1_175' title='bbox 1165 2049 1427 2104; x_wconf 90' lang='lat' dir='ltr'><strong>montium</strong></span> <span class='ocrx_word' id='word_1_176' title='bbox 1452 2048 1689 2103; x_wconf 91' lang='lat' dir='ltr'><strong>incolunt</strong></span> <span class='ocrx_word' id='word_1_177' title='bbox 1713 2046 2037 2115; x_wconf 86' lang='lat' dir='ltr'><strong>interpellas,</strong></span> <span class='ocrx_word' id='word_1_178' title='bbox 2066 2052 2125 2097; x_wconf 92' lang='lat' dir='ltr'><strong>ut</strong></span> 
     </span>
    </p>
   </div>
   <div class='ocr_carea' id='block_1_24' title="bbox 539 2138 2122 2208">
    <p class='ocr_par' dir='ltr' id='par_1_24' title="bbox 539 2138 2122 2208">
     <span class='ocr_line' id='line_1_24' title="bbox 539 2138 2122 2208; baseline 0.001 -17"><span class='ocrx_word' id='word_1_179' title='bbox 539 2138 689 2192; x_wconf 90' lang='lat' dir='ltr'><strong>illum</strong></span> <span class='ocrx_word' id='word_1_180' title='bbox 718 2140 980 2208; x_wconf 74' lang='lat' dir='ltr'><strong>ejusmodi</strong></span> <span class='ocrx_word' id='word_1_181' title='bbox 1006 2139 1186 2195; x_wconf 88' lang='lat' dir='ltr'><strong>furore</strong></span> <span class='ocrx_word' id='word_1_182' title='bbox 1206 2139 1434 2196; x_wconf 89' lang='lat' dir='ltr'><strong>liberent</strong></span> <span class='ocrx_word' id='word_1_183' title='bbox 1457 2156 1471 2197; x_wconf 90' lang='lat'><strong>:</strong></span> <span class='ocrx_word' id='word_1_184' title='bbox 1494 2154 1615 2195; x_wconf 91' lang='lat' dir='ltr'><strong>cum</strong></span> <span class='ocrx_word' id='word_1_185' title='bbox 1642 2148 1819 2195; x_wconf 90' lang='lat' dir='ltr'><strong>autem</strong></span> <span class='ocrx_word' id='word_1_186' title='bbox 1848 2154 1877 2191; x_wconf 89' lang='lat' dir='ltr'><strong>a</strong></span> <span class='ocrx_word' id='word_1_187' title='bbox 1903 2147 2122 2207; x_wconf 90' lang='lat' dir='ltr'><strong>peccato</strong></span> 
     </span>
    </p>
   </div>
   <div class='ocr_carea' id='block_1_25' title="bbox 538 2230 2118 2304">
    <p class='ocr_par' dir='ltr' id='par_1_25' title="bbox 538 2230 2118 2304">
     <span class='ocr_line' id='line_1_25' title="bbox 538 2230 2118 2304; baseline -0.001 -20"><span class='ocrx_word' id='word_1_188' title='bbox 538 2244 754 2301; x_wconf 88' lang='lat' dir='ltr'><strong>semper</strong></span> <span class='ocrx_word' id='word_1_189' title='bbox 785 2240 1014 2287; x_wconf 90' lang='lat' dir='ltr'><strong>vexetur</strong></span> <span class='ocrx_word' id='word_1_190' title='bbox 1032 2274 1047 2299; x_wconf 94' lang='lat'><strong>,</strong></span> <span class='ocrx_word' id='word_1_191' title='bbox 1077 2231 1218 2302; x_wconf 87' lang='lat' dir='ltr'><strong>quod</strong></span> <span class='ocrx_word' id='word_1_192' title='bbox 1248 2232 1493 2288; x_wconf 64' lang='lat' dir='ltr'><strong>daemone</strong></span> <span class='ocrx_word' id='word_1_193' title='bbox 1519 2232 1709 2304; x_wconf 86' lang='lat' dir='ltr'><strong>quovis</strong></span> <span class='ocrx_word' id='word_1_194' title='bbox 1732 2230 1973 2302; x_wconf 82' lang='lat' dir='ltr'><strong>asperius</strong></span> <span class='ocrx_word' id='word_1_195' title='bbox 1996 2237 2078 2284; x_wconf 89' lang='lat' dir='ltr'><strong>est</strong></span> <span class='ocrx_word' id='word_1_196' title='bbox 2100 2268 2118 2295; x_wconf 92' lang='lat'><strong>,</strong></span> 
     </span>
    </p>
   </div>
   <div class='ocr_carea' id='block_1_26' title="bbox 540 2321 1322 2379">
    <p class='ocr_par' dir='ltr' id='par_1_26' title="bbox 540 2321 1322 2379">
     <span class='ocr_line' id='line_1_26' title="bbox 540 2321 1322 2379; baseline 0.001 -2"><span class='ocrx_word' id='word_1_197' title='bbox 540 2321 672 2377; x_wconf 90' lang='lat' dir='ltr'><strong>nihil</strong></span> <span class='ocrx_word' id='word_1_198' title='bbox 700 2331 876 2378; x_wconf 88' lang='lat' dir='ltr'><strong>tamen</strong></span> <span class='ocrx_word' id='word_1_199' title='bbox 901 2332 953 2379; x_wconf 84' lang='lat' dir='ltr'><strong>te</strong></span> <span class='ocrx_word' id='word_1_200' title='bbox 981 2324 1322 2379; x_wconf 71' lang='lat' dir='ltr'><strong>commovet?</strong></span> 
     </span>
    </p>
   </div>
   <div class='ocr_carea' id='block_1_27' title="bbox 606 2410 2129 2484">
    <p class='ocr_par' dir='ltr' id='par_1_27' title="bbox 606 2410 2129 2484">
     <span class='ocr_line' id='line_1_27' title="bbox 606 2410 2129 2484; baseline -0.003 -14"><span class='ocrx_word' id='word_1_201' title='bbox 606 2412 854 2470; x_wconf 81' lang='lat' dir='ltr'><strong>Peccator</strong></span> <span class='ocrx_word' id='word_1_202' title='bbox 877 2415 1188 2472; x_wconf 67' lang='lat' dir='ltr'><strong>dammam</strong></span> <span class='ocrx_word' id='word_1_203' title='bbox 1213 2416 1460 2471; x_wconf 77' lang='lat' dir='ltr'><strong>miserior.</strong></span> <span class='ocrx_word' id='word_1_204' title='bbox 1490 2442 1564 2456; x_wconf 88' lang='lat'><strong>—-</strong></span> <span class='ocrx_word' id='word_1_205' title='bbox 1586 2415 1655 2470; x_wconf 84' lang='lat' dir='ltr'><strong>At</strong></span> <span class='ocrx_word' id='word_1_206' title='bbox 1677 2429 1706 2467; x_wconf 92' lang='lat' dir='ltr'><strong>a</strong></span> <span class='ocrx_word' id='word_1_207' title='bbox 1736 2413 1980 2469; x_wconf 74' lang='lat' dir='ltr'><strong>dmmone</strong></span> <span class='ocrx_word' id='word_1_208' title='bbox 2000 2410 2129 2484; x_wconf 53' lang='lat' dir='ltr'><strong>quid</strong></span> 
     </span>
    </p>
   </div>
   <div class='ocr_carea' id='block_1_28' title="bbox 535 2503 2119 2578">
    <p class='ocr_par' dir='ltr' id='par_1_28' title="bbox 535 2503 2119 2578">
     <span class='ocr_line' id='line_1_28' title="bbox 535 2503 2119 2578; baseline -0.003 -16"><span class='ocrx_word' id='word_1_209' title='bbox 535 2505 659 2562; x_wconf 91' lang='lat' dir='ltr'><strong>dem</strong></span> <span class='ocrx_word' id='word_1_210' title='bbox 686 2506 865 2561; x_wconf 89' lang='lat' dir='ltr'><strong>vexari</strong></span> <span class='ocrx_word' id='word_1_211' title='bbox 890 2547 908 2573; x_wconf 96' lang='lat'><strong>,</strong></span> <span class='ocrx_word' id='word_1_212' title='bbox 939 2505 1070 2561; x_wconf 87' lang='lat' dir='ltr'><strong>nihil</strong></span> <span class='ocrx_word' id='word_1_213' title='bbox 1096 2522 1255 2578; x_wconf 88' lang='lat' dir='ltr'><strong>grave</strong></span> <span class='ocrx_word' id='word_1_214' title='bbox 1284 2516 1367 2562; x_wconf 86' lang='lat' dir='ltr'><strong>est</strong></span> <span class='ocrx_word' id='word_1_215' title='bbox 1392 2524 1406 2561; x_wconf 90' lang='lat'>:</span> <span class='ocrx_word' id='word_1_216' title='bbox 1435 2521 1609 2577; x_wconf 85' lang='lat' dir='ltr'><strong>neque</strong></span> <span class='ocrx_word' id='word_1_217' title='bbox 1645 2506 1787 2561; x_wconf 90' lang='lat' dir='ltr'><strong>enim</strong></span> <span class='ocrx_word' id='word_1_218' title='bbox 1826 2505 1931 2559; x_wconf 90' lang='lat' dir='ltr'><strong>ullo</strong></span> <span class='ocrx_word' id='word_1_219' title='bbox 1960 2503 2119 2558; x_wconf 90' lang='lat' dir='ltr'><strong>modo</strong></span> 
     </span>
    </p>
   </div>
   <div class='ocr_carea' id='block_1_29' title="bbox 541 2597 2115 2670">
    <p class='ocr_par' dir='ltr' id='par_1_29' title="bbox 541 2597 2115 2670">
     <span class='ocr_line' id='line_1_29' title="bbox 541 2597 2115 2670; baseline -0.002 -17"><span class='ocrx_word' id='word_1_220' title='bbox 541 2607 719 2669; x_wconf 71' lang='lat' dir='ltr'><strong>pateat</strong></span> <span class='ocrx_word' id='word_1_221' title='bbox 757 2598 1080 2655; x_wconf 65' lang='lat' dir='ltr'><strong>daemonium</strong></span> <span class='ocrx_word' id='word_1_222' title='bbox 1124 2598 1178 2653; x_wconf 88' lang='lat' dir='ltr'><strong>in</strong></span> <span class='ocrx_word' id='word_1_223' title='bbox 1223 2598 1522 2670; x_wconf 83' lang='lat' dir='ltr'><strong>gehennam</strong></span> <span class='ocrx_word' id='word_1_224' title='bbox 1567 2597 1890 2668; x_wconf 66' lang='lat' dir='ltr'><strong>praecipitem</strong></span> <span class='ocrx_word' id='word_1_225' title='bbox 1929 2609 2115 2665; x_wconf 87' lang='lat' dir='ltr'><strong>agerc;</strong></span> 
     </span>
    </p>
   </div>
   <div class='ocr_carea' id='block_1_30' title="bbox 535 2685 2117 2758">
    <p class='ocr_par' dir='ltr' id='par_1_30' title="bbox 535 2685 2117 2758">
     <span class='ocr_line' id='line_1_30' title="bbox 535 2685 2117 2758; baseline -0.006 -13"><span class='ocrx_word' id='word_1_226' title='bbox 535 2688 635 2745; x_wconf 81' lang='lat' dir='ltr'><strong>sed</strong></span> <span class='ocrx_word' id='word_1_227' title='bbox 673 2688 721 2745; x_wconf 91' lang='lat' dir='ltr'><strong>si</strong></span> <span class='ocrx_word' id='word_1_228' title='bbox 760 2688 946 2744; x_wconf 83' lang='lat' dir='ltr'><strong>attenti</strong></span> <span class='ocrx_word' id='word_1_229' title='bbox 988 2689 1157 2743; x_wconf 89' lang='lat' dir='ltr'><strong>simus</strong></span> <span class='ocrx_word' id='word_1_230' title='bbox 1183 2702 1247 2743; x_wconf 85' lang='lat' dir='ltr'><strong>ac</strong></span> <span class='ocrx_word' id='word_1_231' title='bbox 1272 2688 1461 2758; x_wconf 75' lang='lat' dir='ltr'><strong>vigiles</strong></span> <span class='ocrx_word' id='word_1_232' title='bbox 1490 2728 1505 2753; x_wconf 96' lang='lat'><strong>,</strong></span> <span class='ocrx_word' id='word_1_233' title='bbox 1538 2686 1630 2741; x_wconf 90' lang='lat' dir='ltr'><strong>ubi</strong></span> <span class='ocrx_word' id='word_1_234' title='bbox 1668 2700 1790 2741; x_wconf 91' lang='lat' dir='ltr'><strong>cum</strong></span> <span class='ocrx_word' id='word_1_235' title='bbox 1829 2685 2117 2754; x_wconf 90' lang='lat' dir='ltr'><strong>gratiarum</strong></span> 
     </span>
    </p>
   </div>
   <div class='ocr_carea' id='block_1_31' title="bbox 537 2774 2116 2848">
    <p class='ocr_par' dir='ltr' id='par_1_31' title="bbox 537 2774 2116 2848">
     <span class='ocr_line' id='line_1_31' title="bbox 537 2774 2116 2848; baseline -0.005 -14"><span class='ocrx_word' id='word_1_236' title='bbox 537 2778 748 2834; x_wconf 86' lang='lat' dir='ltr'><strong>actione</strong></span> <span class='ocrx_word' id='word_1_237' title='bbox 774 2779 1126 2836; x_wconf 89' lang='lat' dir='ltr'><strong>contumelias</strong></span> <span class='ocrx_word' id='word_1_238' title='bbox 1154 2777 1416 2848; x_wconf 86' lang='lat' dir='ltr'><strong>ejusmodi</strong></span> <span class='ocrx_word' id='word_1_239' title='bbox 1450 2777 1749 2839; x_wconf 89' lang='lat' dir='ltr'><strong>tulerimus.</strong></span> <span class='ocrx_word' id='word_1_240' title='bbox 1771 2774 1930 2830; x_wconf 88' lang='lat' dir='ltr'><strong>etiam</strong></span> <span class='ocrx_word' id='word_1_241' title='bbox 1956 2786 2116 2828; x_wconf 90' lang='lat' dir='ltr'><strong>coro-</strong></span> 
     </span>
    </p>
   </div>
   <div class='ocr_carea' id='block_1_32' title="bbox 536 2862 2116 2939">
    <p class='ocr_par' dir='ltr' id='par_1_32' title="bbox 536 2862 2116 2939">
     <span class='ocr_line' id='line_1_32' title="bbox 536 2862 2116 2939; baseline -0.003 -18"><span class='ocrx_word' id='word_1_242' title='bbox 536 2882 634 2922; x_wconf 96' lang='lat' dir='ltr'><strong>nas</strong></span> <span class='ocrx_word' id='word_1_243' title='bbox 663 2867 816 2923; x_wconf 90' lang='lat' dir='ltr'><strong>nobis</strong></span> <span class='ocrx_word' id='word_1_244' title='bbox 846 2868 1083 2939; x_wconf 84' lang='lat' dir='ltr'><strong>insignes</strong></span> <span class='ocrx_word' id='word_1_245' title='bbox 1109 2876 1167 2923; x_wconf 90' lang='lat' dir='ltr'><strong>et</strong></span> <span class='ocrx_word' id='word_1_246' title='bbox 1194 2868 1429 2922; x_wconf 89' lang='lat' dir='ltr'><strong>illustres</strong></span> <span class='ocrx_word' id='word_1_247' title='bbox 1460 2862 1545 2919; x_wconf 91' lang='lat' dir='ltr'><strong>illa</strong></span> <span class='ocrx_word' id='word_1_248' title='bbox 1574 2865 1797 2920; x_wconf 90' lang='lat' dir='ltr'><strong>tentatio</strong></span> <span class='ocrx_word' id='word_1_249' title='bbox 1833 2866 2116 2930; x_wconf 73' lang='lat' dir='ltr'><strong>compara-</strong></span> 
     </span>
    </p>
   </div>
   <div class='ocr_carea' id='block_1_33' title="bbox 536 2953 2115 3031">
    <p class='ocr_par' dir='ltr' id='par_1_33' title="bbox 536 2953 2115 3031">
     <span class='ocr_line' id='line_1_33' title="bbox 536 2953 2115 3031; baseline -0.005 -16"><span class='ocrx_word' id='word_1_250' title='bbox 536 2959 644 3024; x_wconf 88' lang='lat' dir='ltr'><strong>bit;</strong></span> <span class='ocrx_word' id='word_1_251' title='bbox 674 2975 797 3016; x_wconf 90' lang='lat' dir='ltr'><strong>eum</strong></span> <span class='ocrx_word' id='word_1_252' title='bbox 828 2974 957 3015; x_wconf 87' lang='lat' dir='ltr'><strong>vero</strong></span> <span class='ocrx_word' id='word_1_253' title='bbox 985 2960 1074 3031; x_wconf 92' lang='lat' dir='ltr'><strong>qui</strong></span> <span class='ocrx_word' id='word_1_254' title='bbox 1106 2959 1340 3030; x_wconf 76' lang='lat' dir='ltr'><strong>peccatis</strong></span> <span class='ocrx_word' id='word_1_255' title='bbox 1377 2958 1520 3013; x_wconf 81' lang='lat' dir='ltr'><strong>vivat</strong></span> <span class='ocrx_word' id='word_1_256' title='bbox 1546 2956 1787 3011; x_wconf 86' lang='lat' dir='ltr'><strong>addictus</strong></span> <span class='ocrx_word' id='word_1_257' title='bbox 1809 2995 1824 3019; x_wconf 93' lang='lat'><strong>,</strong></span> <span class='ocrx_word' id='word_1_258' title='bbox 1866 2953 2115 3023; x_wconf 89' lang='lat' dir='ltr'><strong>impossi-</strong></span> 
     </span>
    </p>
   </div>
   <div class='ocr_carea' id='block_1_34' title="bbox 534 3048 2119 3122">
    <p class='ocr_par' dir='ltr' id='par_1_34' title="bbox 534 3048 2119 3122">
     <span class='ocr_line' id='line_1_34' title="bbox 534 3048 2119 3122; baseline -0.008 -13"><span class='ocrx_word' id='word_1_259' title='bbox 534 3052 643 3109; x_wconf 88' lang='lat' dir='ltr'><strong>bile</strong></span> <span class='ocrx_word' id='word_1_260' title='bbox 666 3061 749 3107; x_wconf 87' lang='lat' dir='ltr'><strong>est</strong></span> <span class='ocrx_word' id='word_1_261' title='bbox 773 3066 1023 3122; x_wconf 87' lang='lat' dir='ltr'><strong>umquam</strong></span> <span class='ocrx_word' id='word_1_262' title='bbox 1048 3050 1252 3106; x_wconf 81' lang='lat' dir='ltr'><strong>salvum</strong></span> <span class='ocrx_word' id='word_1_263' title='bbox 1283 3051 1393 3105; x_wconf 86' lang='lat' dir='ltr'><strong>[ieri</strong></span> <span class='ocrx_word' id='word_1_264' title='bbox 1420 3088 1437 3114; x_wconf 94' lang='lat'><strong>,</strong></span> <span class='ocrx_word' id='word_1_265' title='bbox 1480 3048 1575 3104; x_wconf 92' lang='lat' dir='ltr'><strong>sed</strong></span> <span class='ocrx_word' id='word_1_266' title='bbox 1606 3048 1761 3118; x_wconf 82' lang='lat' dir='ltr'><strong>plane</strong></span> <span class='ocrx_word' id='word_1_267' title='bbox 1791 3059 2009 3100; x_wconf 71' lang='lat' dir='ltr'><strong>necesse</strong></span> <span class='ocrx_word' id='word_1_268' title='bbox 2035 3052 2119 3098; x_wconf 86' lang='lat' dir='ltr'><strong>est</strong></span> 
     </span>
    </p>
   </div>
   <div class='ocr_carea' id='block_1_35' title="bbox 535 3136 2119 3215">
    <p class='ocr_par' dir='ltr' id='par_1_35' title="bbox 535 3136 2119 3215">
     <span class='ocr_line' id='line_1_35' title="bbox 535 3136 2119 3215; baseline -0.006 -15"><span class='ocrx_word' id='word_1_269' title='bbox 535 3153 593 3201; x_wconf 87' lang='lat' dir='ltr'><strong>et</strong></span> <span class='ocrx_word' id='word_1_270' title='bbox 616 3143 702 3199; x_wconf 91' lang='lat' dir='ltr'><strong>hic</strong></span> <span class='ocrx_word' id='word_1_271' title='bbox 728 3144 1143 3215; x_wconf 84' lang='lat' dir='ltr'><strong>ignominiosum</strong></span> <span class='ocrx_word' id='word_1_272' title='bbox 1170 3157 1294 3199; x_wconf 84' lang='lat' dir='ltr'><strong>esse</strong></span> <span class='ocrx_word' id='word_1_273' title='bbox 1318 3181 1334 3208; x_wconf 93' lang='lat'><strong>,</strong></span> <span class='ocrx_word' id='word_1_274' title='bbox 1380 3150 1436 3196; x_wconf 91' lang='lat' dir='ltr'><strong>et</strong></span> <span class='ocrx_word' id='word_1_275' title='bbox 1458 3140 1769 3196; x_wconf 85' lang='lat' dir='ltr'><strong>defunctum</strong></span> <span class='ocrx_word' id='word_1_276' title='bbox 1797 3150 1981 3192; x_wconf 88' lang='lat' dir='ltr'><strong>rursus</strong></span> <span class='ocrx_word' id='word_1_277' title='bbox 2012 3136 2119 3191; x_wconf 90' lang='lat' dir='ltr'><strong>illic</strong></span> 
     </span>
    </p>
   </div>
   <div class='ocr_carea' id='block_1_36' title="bbox 536 3227 2118 3307">
    <p class='ocr_par' dir='ltr' id='par_1_36' title="bbox 536 3227 2118 3307">
     <span class='ocr_line' id='line_1_36' title="bbox 536 3227 2118 3307; baseline -0.005 -15"><span class='ocrx_word' id='word_1_278' title='bbox 536 3236 825 3293; x_wconf 83' lang='lat' dir='ltr'><strong>immortali</strong></span> <span class='ocrx_word' id='word_1_279' title='bbox 868 3236 1130 3307; x_wconf 86' lang='lat' dir='ltr'><strong>supplicio</strong></span> <span class='ocrx_word' id='word_1_280' title='bbox 1170 3234 1365 3305; x_wconf 88' lang='lat' dir='ltr'><strong>puniri.</strong></span> <span class='ocrx_word' id='word_1_281' title='bbox 1414 3232 1791 3289; x_wconf 79' lang='lat' dir='ltr'><strong>Verumtamen</strong></span> <span class='ocrx_word' id='word_1_282' title='bbox 1839 3230 1960 3284; x_wconf 89' lang='lat' dir='ltr'><strong>licet</strong></span> <span class='ocrx_word' id='word_1_283' title='bbox 2004 3227 2118 3284; x_wconf 47' lang='lat' dir='ltr'><strong>huic</strong></span> 
     </span>
    </p>
   </div>
   <div class='ocr_carea' id='block_1_37' title="bbox 536 3320 2115 3397">
    <p class='ocr_par' dir='ltr' id='par_1_37' title="bbox 536 3320 2115 3397">
     <span class='ocr_line' id='line_1_37' title="bbox 536 3320 2115 3397; baseline -0.008 -12"><span class='ocrx_word' id='word_1_284' title='bbox 536 3330 803 3395; x_wconf 80' lang='lat' dir='ltr'><strong>sciamus,</strong></span> <span class='ocrx_word' id='word_1_285' title='bbox 832 3328 1059 3383; x_wconf 88' lang='lat' dir='ltr'><strong>multum</strong></span> <span class='ocrx_word' id='word_1_286' title='bbox 1100 3326 1314 3397; x_wconf 91' lang='lat' dir='ltr'><strong>quidem</strong></span> <span class='ocrx_word' id='word_1_287' title='bbox 1343 3324 1504 3380; x_wconf 91' lang='lat' dir='ltr'><strong>studii</strong></span> <span class='ocrx_word' id='word_1_288' title='bbox 1532 3324 1584 3379; x_wconf 91' lang='lat' dir='ltr'><strong>in</strong></span> <span class='ocrx_word' id='word_1_289' title='bbox 1616 3338 1681 3379; x_wconf 90' lang='lat' dir='ltr'><strong>ea</strong></span> <span class='ocrx_word' id='word_1_290' title='bbox 1718 3337 1837 3393; x_wconf 77' lang='lat' dir='ltr'><strong>qua:</strong></span> <span class='ocrx_word' id='word_1_291' title='bbox 1859 3330 1984 3376; x_wconf 89' lang='lat' dir='ltr'><strong>sunt</strong></span> <span class='ocrx_word' id='word_1_292' title='bbox 2011 3320 2115 3375; x_wconf 89' lang='lat' dir='ltr'><strong>mi-</strong></span> 
     </span>
    </p>
   </div>
   <div class='ocr_carea' id='block_1_38' title="bbox 535 3414 2111 3486">
    <p class='ocr_par' dir='ltr' id='par_1_38' title="bbox 535 3414 2111 3486">
     <span class='ocr_line' id='line_1_38' title="bbox 535 3414 2111 3486; baseline -0.006 -11"><span class='ocrx_word' id='word_1_293' title='bbox 535 3433 666 3475; x_wconf 89' lang='lat' dir='ltr'><strong>nora</strong></span> <span class='ocrx_word' id='word_1_294' title='bbox 694 3418 1022 3474; x_wconf 88' lang='lat' dir='ltr'><strong>conferimus</strong></span> <span class='ocrx_word' id='word_1_295' title='bbox 1052 3435 1065 3472; x_wconf 91' lang='lat'><strong>:</strong></span> <span class='ocrx_word' id='word_1_296' title='bbox 1090 3426 1147 3473; x_wconf 89' lang='lat' dir='ltr'><strong>at</strong></span> <span class='ocrx_word' id='word_1_297' title='bbox 1168 3432 1289 3472; x_wconf 90' lang='lat' dir='ltr'><strong>cum</strong></span> <span class='ocrx_word' id='word_1_298' title='bbox 1317 3417 1384 3473; x_wconf 90' lang='lat' dir='ltr'><strong>de</strong></span> <span class='ocrx_word' id='word_1_299' title='bbox 1413 3416 1705 3486; x_wconf 83' lang='lat' dir='ltr'><strong>majoribus</strong></span> <span class='ocrx_word' id='word_1_300' title='bbox 1734 3416 1931 3485; x_wconf 89' lang='lat' dir='ltr'><strong>agitur,</strong></span> <span class='ocrx_word' id='word_1_301' title='bbox 1957 3414 2111 3467; x_wconf 87' lang='lat' dir='ltr'><strong>nolu-</strong></span> 
     </span>
    </p>
   </div>
   <div class='ocr_carea' id='block_1_39' title="bbox 534 3504 2117 3581">
    <p class='ocr_par' dir='ltr' id='par_1_39' title="bbox 534 3504 2117 3581">
     <span class='ocr_line' id='line_1_39' title="bbox 534 3504 2117 3581; baseline -0.004 -18"><span class='ocrx_word' id='word_1_302' title='bbox 534 3525 653 3565; x_wconf 85' lang='lat' dir='ltr'><strong>mus</strong></span> <span class='ocrx_word' id='word_1_303' title='bbox 682 3509 903 3565; x_wconf 86' lang='lat' dir='ltr'><strong>excitari</strong></span> <span class='ocrx_word' id='word_1_304' title='bbox 935 3527 949 3563; x_wconf 89' lang='lat'><strong>:</strong></span> <span class='ocrx_word' id='word_1_305' title='bbox 981 3508 1216 3581; x_wconf 89' lang='lat' dir='ltr'><strong>dumque</strong></span> <span class='ocrx_word' id='word_1_306' title='bbox 1242 3518 1547 3579; x_wconf 88' lang='lat' dir='ltr'><strong>correptum</strong></span> <span class='ocrx_word' id='word_1_307' title='bbox 1591 3523 1621 3561; x_wconf 86' lang='lat' dir='ltr'><strong>a</strong></span> <span class='ocrx_word' id='word_1_308' title='bbox 1659 3508 1903 3562; x_wconf 61' lang='lat' dir='ltr'><strong>daemone</strong></span> <span class='ocrx_word' id='word_1_309' title='bbox 1940 3504 2117 3561; x_wconf 84' lang='lat' dir='ltr'><strong>cerni-</strong></span> 
     </span>
    </p>
   </div>
   <div class='ocr_carea' id='block_1_40' title="bbox 534 3598 2114 3671">
    <p class='ocr_par' dir='ltr' id='par_1_40' title="bbox 534 3598 2114 3671">
     <span class='ocr_line' id='line_1_40' title="bbox 534 3598 2114 3671; baseline -0.003 -17"><span class='ocrx_word' id='word_1_310' title='bbox 534 3615 655 3655; x_wconf 88' lang='lat' dir='ltr'><strong>mus</strong></span> <span class='ocrx_word' id='word_1_311' title='bbox 678 3641 695 3666; x_wconf 95' lang='lat'><strong>,</strong></span> <span class='ocrx_word' id='word_1_312' title='bbox 734 3601 975 3671; x_wconf 79' lang='lat' dir='ltr'><strong>legemus</strong></span> <span class='ocrx_word' id='word_1_313' title='bbox 1006 3618 1019 3655; x_wconf 91' lang='lat'><strong>:</strong></span> <span class='ocrx_word' id='word_1_314' title='bbox 1051 3600 1179 3654; x_wconf 93' lang='lat' dir='ltr'><strong>dum</strong></span> <span class='ocrx_word' id='word_1_315' title='bbox 1218 3608 1396 3656; x_wconf 89' lang='lat' dir='ltr'><strong>autem</strong></span> <span class='ocrx_word' id='word_1_316' title='bbox 1444 3609 1752 3669; x_wconf 89' lang='lat' dir='ltr'><strong>peccantem</strong></span> <span class='ocrx_word' id='word_1_317' title='bbox 1800 3598 2071 3653; x_wconf 87' lang='lat' dir='ltr'><strong>cernimus</strong></span> <span class='ocrx_word' id='word_1_318' title='bbox 2097 3636 2114 3661; x_wconf 93' lang='lat'><strong>,</strong></span> 
     </span>
    </p>
   </div>
   <div class='ocr_carea' id='block_1_41' title="bbox 535 3691 2117 3764">
    <p class='ocr_par' dir='ltr' id='par_1_41' title="bbox 535 3691 2117 3764">
     <span class='ocr_line' id='line_1_41' title="bbox 535 3691 2117 3764; baseline -0.005 -15"><span class='ocrx_word' id='word_1_319' title='bbox 535 3709 605 3749; x_wconf 87' lang='lat' dir='ltr'><strong>ne</strong></span> <span class='ocrx_word' id='word_1_320' title='bbox 638 3693 963 3763; x_wconf 86' lang='lat' dir='ltr'><strong>percipimus</strong></span> <span class='ocrx_word' id='word_1_321' title='bbox 995 3692 1210 3764; x_wconf 86' lang='lat' dir='ltr'><strong>quidem</strong></span> <span class='ocrx_word' id='word_1_322' title='bbox 1235 3733 1251 3758; x_wconf 94' lang='lat'><strong>,</strong></span> <span class='ocrx_word' id='word_1_323' title='bbox 1294 3707 1415 3746; x_wconf 90' lang='lat' dir='ltr'><strong>cum</strong></span> <span class='ocrx_word' id='word_1_324' title='bbox 1460 3691 1711 3761; x_wconf 79' lang='lat' dir='ltr'><strong>plangere</strong></span> <span class='ocrx_word' id='word_1_325' title='bbox 1740 3698 2012 3759; x_wconf 89' lang='lat' dir='ltr'><strong>oporteret</strong></span> <span class='ocrx_word' id='word_1_326' title='bbox 2052 3702 2117 3742; x_wconf 88' lang='lat' dir='ltr'><strong>ac</strong></span> 
     </span>
    </p>
   </div>
   <div class='ocr_carea' id='block_1_42' title="bbox 534 3779 2110 3853">
    <p class='ocr_par' dir='ltr' id='par_1_42' title="bbox 534 3779 2110 3853">
     <span class='ocr_line' id='line_1_42' title="bbox 534 3779 2110 3853; baseline -0.003 -16"><span class='ocrx_word' id='word_1_327' title='bbox 534 3782 735 3838; x_wconf 80' lang='lat' dir='ltr'><strong>deﬂere</strong></span> <span class='ocrx_word' id='word_1_328' title='bbox 766 3800 780 3836; x_wconf 90' lang='lat'><strong>:</strong></span> <span class='ocrx_word' id='word_1_329' title='bbox 814 3783 896 3837; x_wconf 88' lang='lat' dir='ltr'><strong>vel</strong></span> <span class='ocrx_word' id='word_1_330' title='bbox 923 3784 1097 3853; x_wconf 87' lang='lat' dir='ltr'><strong>potius</strong></span> <span class='ocrx_word' id='word_1_331' title='bbox 1123 3798 1227 3837; x_wconf 91' lang='lat' dir='ltr'><strong>non</strong></span> <span class='ocrx_word' id='word_1_332' title='bbox 1267 3780 1467 3837; x_wconf 86' lang='lat' dir='ltr'><strong>deﬂere</strong></span> <span class='ocrx_word' id='word_1_333' title='bbox 1492 3781 1663 3837; x_wconf 88' lang='lat' dir='ltr'><strong>solum</strong></span> <span class='ocrx_word' id='word_1_334' title='bbox 1685 3820 1699 3845; x_wconf 90' lang='lat'><strong>,</strong></span> <span class='ocrx_word' id='word_1_335' title='bbox 1743 3779 1836 3836; x_wconf 89' lang='lat' dir='ltr'><strong>sed</strong></span> <span class='ocrx_word' id='word_1_336' title='bbox 1880 3788 1935 3836; x_wconf 89' lang='lat' dir='ltr'><strong>ct</strong></span> <span class='ocrx_word' id='word_1_337' title='bbox 1960 3779 2110 3835; x_wconf 81' lang='lat' dir='ltr'><strong>cohi-</strong></span> 
     </span>
    </p>
   </div>
   <div class='ocr_carea' id='block_1_43' title="bbox 534 3870 2112 3940">
    <p class='ocr_par' dir='ltr' id='par_1_43' title="bbox 534 3870 2112 3940">
     <span class='ocr_line' id='line_1_43' title="bbox 534 3870 2112 3940; baseline -0.004 -9"><span class='ocrx_word' id='word_1_338' title='bbox 534 3877 662 3931; x_wconf 86' lang='lat' dir='ltr'><strong>bere</strong></span> <span class='ocrx_word' id='word_1_339' title='bbox 691 3891 752 3931; x_wconf 87' lang='lat' dir='ltr'><strong>ac</strong></span> <span class='ocrx_word' id='word_1_340' title='bbox 778 3874 1067 3939; x_wconf 78' lang='lat' dir='ltr'><strong>reirenarc,</strong></span> <span class='ocrx_word' id='word_1_341' title='bbox 1101 3875 1404 3940; x_wconf 88' lang='lat' dir='ltr'><strong>consulere,</strong></span> <span class='ocrx_word' id='word_1_342' title='bbox 1433 3873 1729 3938; x_wconf 89' lang='lat' dir='ltr'><strong>cohortari,</strong></span> <span class='ocrx_word' id='word_1_343' title='bbox 1757 3871 2001 3925; x_wconf 88' lang='lat' dir='ltr'><strong>timorem</strong></span> <span class='ocrx_word' id='word_1_344' title='bbox 2027 3870 2112 3925; x_wconf 87' lang='lat' dir='ltr'><strong>in-</strong></span> 
     </span>
    </p>
   </div>
   <div class='ocr_carea' id='block_1_44' title="bbox 532 3961 2113 4036">
    <p class='ocr_par' dir='ltr' id='par_1_44' title="bbox 532 3961 2113 4036">
     <span class='ocr_line' id='line_1_44' title="bbox 532 3961 2113 4036; baseline -0.006 -14"><span class='ocrx_word' id='word_1_345' title='bbox 532 3976 739 4031; x_wconf 85' lang='lat' dir='ltr'><strong>cutere,</strong></span> <span class='ocrx_word' id='word_1_346' title='bbox 764 3965 1181 4036; x_wconf 84' lang='lat' dir='ltr'><strong>reprehendere,</strong></span> <span class='ocrx_word' id='word_1_347' title='bbox 1214 3966 1357 4019; x_wconf 90' lang='lat' dir='ltr'><strong>omni</strong></span> <span class='ocrx_word' id='word_1_348' title='bbox 1383 3963 1607 4020; x_wconf 64' lang='lat' dir='ltr'><strong>medela:</strong></span> <span class='ocrx_word' id='word_1_349' title='bbox 1633 3976 1831 4033; x_wconf 88' lang='lat' dir='ltr'><strong>genere</strong></span> <span class='ocrx_word' id='word_1_350' title='bbox 1870 3961 2113 4015; x_wconf 88' lang='lat' dir='ltr'><strong>morbum</strong></span> 
     </span>
    </p>
   </div>
   <div class='ocr_carea' id='block_1_45' title="bbox 535 4050 2113 4125">
    <p class='ocr_par' dir='ltr' id='par_1_45' title="bbox 535 4050 2113 4125">
     <span class='ocr_line' id='line_1_45' title="bbox 535 4050 2113 4125; baseline -0.005 -14"><span class='ocrx_word' id='word_1_351' title='bbox 535 4059 683 4112; x_wconf 92' lang='lat' dir='ltr'><strong>illum</strong></span> <span class='ocrx_word' id='word_1_352' title='bbox 707 4059 943 4125; x_wconf 88' lang='lat' dir='ltr'><strong>abigere,</strong></span> <span class='ocrx_word' id='word_1_353' title='bbox 974 4072 1037 4111; x_wconf 90' lang='lat' dir='ltr'><strong>ac</strong></span> <span class='ocrx_word' id='word_1_354' title='bbox 1065 4056 1281 4110; x_wconf 87' lang='lat' dir='ltr'><strong>viduam</strong></span> <span class='ocrx_word' id='word_1_355' title='bbox 1312 4056 1466 4110; x_wconf 88' lang='lat' dir='ltr'><strong>istam</strong></span> <span class='ocrx_word' id='word_1_356' title='bbox 1494 4055 1687 4109; x_wconf 87' lang='lat' dir='ltr'><strong>imitari</strong></span> <span class='ocrx_word' id='word_1_357' title='bbox 1711 4095 1726 4118; x_wconf 91' lang='lat'><strong>,</strong></span> <span class='ocrx_word' id='word_1_358' title='bbox 1753 4052 1819 4106; x_wconf 90' lang='lat' dir='ltr'><strong>de</strong></span> <span class='ocrx_word' id='word_1_359' title='bbox 1845 4066 1947 4122; x_wconf 91' lang='lat' dir='ltr'><strong>qua</strong></span> <span class='ocrx_word' id='word_1_360' title='bbox 1973 4050 2113 4105; x_wconf 86' lang='lat' dir='ltr'><strong>Pau-</strong></span> 
     </span>
    </p>
   </div>
   <div class='ocr_carea' id='block_1_46' title="bbox 534 4142 2112 4221">
    <p class='ocr_par' dir='ltr' id='par_1_46' title="bbox 534 4142 2112 4221">
     <span class='ocr_line' id='line_1_46' title="bbox 534 4142 2112 4221; baseline -0.006 -16"><span class='ocrx_word' id='word_1_361' title='bbox 534 4151 617 4205; x_wconf 86' lang='lat' dir='ltr'><strong>lus</strong></span> <span class='ocrx_word' id='word_1_362' title='bbox 640 4152 735 4217; x_wconf 86' lang='lat' dir='ltr'><strong>ait,</strong></span> <span class='ocrx_word' id='word_1_363' title='bbox 766 4149 831 4205; x_wconf 88' lang='lat' dir='ltr'><strong>Si</strong></span> <span class='ocrx_word' id='word_1_364' title='bbox 851 4149 989 4217; x_wconf 68' lang='lat' dir='ltr'><strong>ﬁlios</strong></span> <span class='ocrx_word' id='word_1_365' title='bbox 1014 4149 1244 4203; x_wconf 74' lang='lat' dir='ltr'><strong>educavit</strong></span> <span class='ocrx_word' id='word_1_366' title='bbox 1267 4146 1343 4221; x_wconf 80' lang='lat' dir='ltr'><strong>(l.</strong></span> <span class='ocrx_word' id='word_1_367' title='bbox 1368 4145 1505 4201; x_wconf 86' lang='lat' dir='ltr'><strong>Tim.</strong></span> <span class='ocrx_word' id='word_1_368' title='bbox 1540 4148 1590 4203; x_wconf 87' lang='lat'><strong>5.</strong></span> <span class='ocrx_word' id='word_1_369' title='bbox 1620 4145 1731 4215; x_wconf 85' lang='grc'><strong>10).</strong></span> <span class='ocrx_word' id='word_1_370' title='bbox 1762 4144 1945 4216; x_wconf 85' lang='lat' dir='ltr'><strong>Neque</strong></span> <span class='ocrx_word' id='word_1_371' title='bbox 1970 4142 2112 4199; x_wconf 88' lang='lat' dir='ltr'><strong>enim</strong></span> 
     </span>
    </p>
   </div>
   <div class='ocr_carea' id='block_1_47' title="bbox 536 4240 2115 4309">
    <p class='ocr_par' dir='ltr' id='par_1_47' title="bbox 536 4240 2115 4309">
     <span class='ocr_line' id='line_1_47' title="bbox 536 4240 2115 4309; baseline -0.002 -14"><span class='ocrx_word' id='word_1_372' title='bbox 536 4241 602 4295; x_wconf 88' lang='lat' dir='ltr'><strong>ad</strong></span> <span class='ocrx_word' id='word_1_373' title='bbox 629 4242 771 4295; x_wconf 86' lang='lat' dir='ltr'><strong>illam</strong></span> <span class='ocrx_word' id='word_1_374' title='bbox 798 4248 999 4295; x_wconf 89' lang='lat' dir='ltr'><strong>tantum</strong></span> <span class='ocrx_word' id='word_1_375' title='bbox 1026 4280 1042 4305; x_wconf 87' lang='lat'><strong>,</strong></span> <span class='ocrx_word' id='word_1_376' title='bbox 1081 4240 1175 4296; x_wconf 88' lang='lat' dir='ltr'><strong>sed</strong></span> <span class='ocrx_word' id='word_1_377' title='bbox 1222 4240 1290 4295; x_wconf 87' lang='lat' dir='ltr'><strong>ad</strong></span> <span class='ocrx_word' id='word_1_378' title='bbox 1330 4254 1516 4295; x_wconf 87' lang='lat' dir='ltr'><strong>omnes</strong></span> <span class='ocrx_word' id='word_1_379' title='bbox 1554 4253 1764 4309; x_wconf 89' lang='lat' dir='ltr'><strong>quoque</strong></span> <span class='ocrx_word' id='word_1_380' title='bbox 1811 4252 2115 4293; x_wconf 80' lang='lat' dir='ltr'><strong>sermonem</strong></span> 
     </span>
    </p>
   </div>
   <div class='ocr_carea' id='block_1_48' title="bbox 538 4328 2117 4405">
    <p class='ocr_par' dir='ltr' id='par_1_48' title="bbox 538 4328 2117 4405">
     <span class='ocr_line' id='line_1_48' title="bbox 538 4328 2117 4405; baseline -0.003 -16"><span class='ocrx_word' id='word_1_381' title='bbox 538 4334 679 4389; x_wconf 90' lang='lat' dir='ltr'><strong>hunc</strong></span> <span class='ocrx_word' id='word_1_382' title='bbox 703 4334 921 4405; x_wconf 88' lang='lat' dir='ltr'><strong>dirigit,</strong></span> <span class='ocrx_word' id='word_1_383' title='bbox 943 4349 1236 4405; x_wconf 89' lang='lat' dir='ltr'><strong>omnesque</strong></span> <span class='ocrx_word' id='word_1_384' title='bbox 1272 4332 1582 4389; x_wconf 90' lang='lat' dir='ltr'><strong>cohortatur</strong></span> <span class='ocrx_word' id='word_1_385' title='bbox 1600 4373 1614 4396; x_wconf 89' lang='lat'><strong>,</strong></span> <span class='ocrx_word' id='word_1_386' title='bbox 1643 4332 1826 4386; x_wconf 83' lang='lat' dir='ltr'><strong>dicens</strong></span> <span class='ocrx_word' id='word_1_387' title='bbox 1844 4372 1859 4397; x_wconf 93' lang='lat'><strong>,</strong></span> <span class='ocrx_word' id='word_1_388' title='bbox 1890 4328 2117 4385; x_wconf 82' lang='lat' dir='ltr'><strong>Educate</strong></span> 
     </span>
    </p>
   </div>
   <div class='ocr_carea' id='block_1_49' title="bbox 536 4420 2116 4495">
    <p class='ocr_par' dir='ltr' id='par_1_49' title="bbox 536 4420 2116 4495">
     <span class='ocr_line' id='line_1_49' title="bbox 536 4420 2116 4495; baseline -0.004 -16"><span class='ocrx_word' id='word_1_389' title='bbox 536 4425 671 4495; x_wconf 76' lang='lat' dir='ltr'><strong>ﬁlios</strong></span> <span class='ocrx_word' id='word_1_390' title='bbox 698 4425 747 4478; x_wconf 86' lang='lat' dir='ltr'><strong>in</strong></span> <span class='ocrx_word' id='word_1_391' title='bbox 773 4425 1087 4493; x_wconf 76' lang='lat' dir='ltr'><strong>correptione</strong></span> <span class='ocrx_word' id='word_1_392' title='bbox 1112 4422 1321 4477; x_wconf 84' lang='lat' dir='ltr'><strong>Domini</strong></span> <span class='ocrx_word' id='word_1_393' title='bbox 1349 4421 1565 4493; x_wconf 73' lang='lat' dir='ltr'><strong>(Ephes.</strong></span> <span class='ocrx_word' id='word_1_394' title='bbox 1605 4423 1658 4477; x_wconf 88' lang='grc'><strong>6.</strong></span> <span class='ocrx_word' id='word_1_395' title='bbox 1695 4421 1773 4493; x_wconf 68' lang='grc'><strong>4).</strong></span> <span class='ocrx_word' id='word_1_396' title='bbox 1824 4420 1956 4475; x_wconf 86' lang='lat' dir='ltr'><strong>Nam</strong></span> <span class='ocrx_word' id='word_1_397' title='bbox 2003 4420 2116 4489; x_wconf 90' lang='lat' dir='ltr'><strong>pri-</strong></span> 
     </span>
    </p>
   </div>
   <div class='ocr_carea' id='block_1_50' title="bbox 538 4512 2117 4586">
    <p class='ocr_par' dir='ltr' id='par_1_50' title="bbox 538 4512 2117 4586">
     <span class='ocr_line' id='line_1_50' title="bbox 538 4512 2117 4586; baseline -0.003 -14"><span class='ocrx_word' id='word_1_398' title='bbox 538 4531 683 4572; x_wconf 91' lang='lat' dir='ltr'><strong>mum</strong></span> <span class='ocrx_word' id='word_1_399' title='bbox 714 4516 815 4570; x_wconf 89' lang='lat' dir='ltr'><strong>hoc</strong></span> <span class='ocrx_word' id='word_1_400' title='bbox 834 4516 1048 4586; x_wconf 90' lang='lat' dir='ltr'><strong>quidem</strong></span> <span class='ocrx_word' id='word_1_401' title='bbox 1076 4525 1176 4583; x_wconf 90' lang='lat' dir='ltr'><strong>est,</strong></span> <span class='ocrx_word' id='word_1_402' title='bbox 1207 4526 1260 4573; x_wconf 91' lang='lat' dir='ltr'><strong>et</strong></span> <span class='ocrx_word' id='word_1_403' title='bbox 1286 4516 1573 4570; x_wconf 89' lang='lat' dir='ltr'><strong>maximum</strong></span> <span class='ocrx_word' id='word_1_404' title='bbox 1596 4514 1815 4579; x_wconf 91' lang='lat' dir='ltr'><strong>bonum,</strong></span> <span class='ocrx_word' id='word_1_405' title='bbox 1842 4512 1985 4585; x_wconf 90' lang='lat' dir='ltr'><strong>quod</strong></span> <span class='ocrx_word' id='word_1_406' title='bbox 2014 4512 2117 4567; x_wconf 87' lang='lat' dir='ltr'><strong>uti-</strong></span> 
     </span>
    </p>
   </div>
   <div class='ocr_carea' id='block_1_51' title="bbox 537 4606 2113 4679">
    <p class='ocr_par' dir='ltr' id='par_1_51' title="bbox 537 4606 2113 4679">
     <span class='ocr_line' id='line_1_51' title="bbox 537 4606 2113 4679; baseline -0.001 -18"><span class='ocrx_word' id='word_1_407' title='bbox 537 4623 644 4679; x_wconf 89' lang='lat' dir='ltr'><strong>que</strong></span> <span class='ocrx_word' id='word_1_408' title='bbox 680 4609 910 4677; x_wconf 91' lang='lat' dir='ltr'><strong>primum</strong></span> <span class='ocrx_word' id='word_1_409' title='bbox 948 4624 977 4662; x_wconf 92' lang='lat' dir='ltr'><strong>a</strong></span> <span class='ocrx_word' id='word_1_410' title='bbox 1007 4608 1162 4663; x_wconf 88' lang='lat' dir='ltr'><strong>vidua</strong></span> <span class='ocrx_word' id='word_1_411' title='bbox 1193 4609 1406 4677; x_wconf 83' lang='lat' dir='ltr'><strong>exegit;</strong></span> <span class='ocrx_word' id='word_1_412' title='bbox 1438 4606 1632 4663; x_wconf 89' lang='lat' dir='ltr'><strong>deinde</strong></span> <span class='ocrx_word' id='word_1_413' title='bbox 1676 4616 1797 4677; x_wconf 87' lang='lat' dir='ltr'><strong>post</strong></span> <span class='ocrx_word' id='word_1_414' title='bbox 1825 4606 1964 4661; x_wconf 86' lang='lat' dir='ltr'><strong>istud</strong></span> <span class='ocrx_word' id='word_1_415' title='bbox 1992 4607 2066 4661; x_wconf 87' lang='lat' dir='ltr'><strong>ait</strong></span> <span class='ocrx_word' id='word_1_416' title='bbox 2098 4622 2113 4661; x_wconf 91' lang='lat'>:</span> 
     </span>
    </p>
   </div>
   <div class='ocr_carea' id='block_1_52' title="bbox 540 4700 2114 4773">
    <p class='ocr_par' dir='ltr' id='par_1_52' title="bbox 540 4700 2114 4773">
     <span class='ocr_line' id='line_1_52' title="bbox 540 4700 2114 4773; baseline -0.004 -14"><span class='ocrx_word' id='word_1_417' title='bbox 540 4702 603 4759; x_wconf 81' lang='lat' dir='ltr'><strong>Si</strong></span> <span class='ocrx_word' id='word_1_418' title='bbox 631 4702 849 4773; x_wconf 79' lang='lat' dir='ltr'><strong>hospitio</strong></span> <span class='ocrx_word' id='word_1_419' title='bbox 874 4703 1078 4771; x_wconf 81' lang='lat' dir='ltr'><strong>recepit.</strong></span> <span class='ocrx_word' id='word_1_420' title='bbox 1104 4702 1264 4771; x_wconf 83' lang='lat' dir='ltr'><strong>Quid,</strong></span> <span class='ocrx_word' id='word_1_421' title='bbox 1289 4718 1490 4772; x_wconf 66' lang='lat' dir='ltr'><strong>quaeso,</strong></span> <span class='ocrx_word' id='word_1_422' title='bbox 1520 4701 1689 4755; x_wconf 80' lang='lat' dir='ltr'><strong>dicis?</strong></span> <span class='ocrx_word' id='word_1_423' title='bbox 1710 4702 1751 4755; x_wconf 83' lang='lat' dir='ltr'><strong>A</strong></span> <span class='ocrx_word' id='word_1_424' title='bbox 1777 4702 2003 4755; x_wconf 87' lang='lat' dir='ltr'><strong>muliere</strong></span> <span class='ocrx_word' id='word_1_425' title='bbox 2032 4700 2114 4753; x_wconf 87' lang='lat' dir='ltr'><strong>vi-</strong></span> 
     </span>
    </p>
   </div>
   <div class='ocr_carea' id='block_1_53' title="bbox 539 4793 2110 4865">
    <p class='ocr_par' dir='ltr' id='par_1_53' title="bbox 539 4793 2110 4865">
     <span class='ocr_line' id='line_1_53' title="bbox 539 4793 2110 4865; baseline -0.004 -14"><span class='ocrx_word' id='word_1_426' title='bbox 539 4797 643 4851; x_wconf 91' lang='lat' dir='ltr'><strong>dua</strong></span> <span class='ocrx_word' id='word_1_427' title='bbox 666 4795 912 4864; x_wconf 87' lang='lat' dir='ltr'><strong>requiris,</strong></span> <span class='ocrx_word' id='word_1_428' title='bbox 944 4806 1001 4849; x_wconf 90' lang='lat' dir='ltr'><strong>ut</strong></span> <span class='ocrx_word' id='word_1_429' title='bbox 1028 4794 1258 4864; x_wconf 88' lang='lat' dir='ltr'><strong>hospitio</strong></span> <span class='ocrx_word' id='word_1_430' title='bbox 1286 4794 1540 4865; x_wconf 80' lang='lat' dir='ltr'><strong>recipiat?</strong></span> <span class='ocrx_word' id='word_1_431' title='bbox 1577 4794 1692 4849; x_wconf 84' lang='lat' dir='ltr'><strong>Non</strong></span> <span class='ocrx_word' id='word_1_432' title='bbox 1720 4793 1837 4847; x_wconf 68' lang='lat' dir='ltr'><strong>hoc</strong></span> <span class='ocrx_word' id='word_1_433' title='bbox 1879 4793 2110 4857; x_wconf 83' lang='lat' dir='ltr'><strong>sufficit,</strong></span> 
     </span>
    </p>
   </div>
   <div class='ocr_carea' id='block_1_54' title="bbox 539 4886 2113 4959">
    <p class='ocr_par' dir='ltr' id='par_1_54' title="bbox 539 4886 2113 4959">
     <span class='ocr_line' id='line_1_54' title="bbox 539 4886 2113 4959; baseline -0.003 -16"><span class='ocrx_word' id='word_1_434' title='bbox 539 4897 600 4943; x_wconf 91' lang='lat' dir='ltr'><strong>ut</strong></span> <span class='ocrx_word' id='word_1_435' title='bbox 628 4887 824 4941; x_wconf 87' lang='lat' dir='ltr'><strong>liberos</strong></span> <span class='ocrx_word' id='word_1_436' title='bbox 848 4888 1081 4941; x_wconf 73' lang='lat' dir='ltr'><strong>nutriat?</strong></span> <span class='ocrx_word' id='word_1_437' title='bbox 1102 4888 1464 4959; x_wconf 85' lang='lat' dir='ltr'><strong>Nequaquam,</strong></span> <span class='ocrx_word' id='word_1_438' title='bbox 1496 4886 1697 4957; x_wconf 88' lang='lat' dir='ltr'><strong>inquit;</strong></span> <span class='ocrx_word' id='word_1_439' title='bbox 1726 4886 1818 4942; x_wconf 89' lang='lat' dir='ltr'><strong>sed</strong></span> <span class='ocrx_word' id='word_1_440' title='bbox 1847 4886 1949 4940; x_wconf 89' lang='lat' dir='ltr'><strong>hoc</strong></span> <span class='ocrx_word' id='word_1_441' title='bbox 1977 4900 2113 4955; x_wconf 90' lang='lat' dir='ltr'><strong>quo-</strong></span> 
     </span>
    </p>
   </div>
   <div class='ocr_carea' id='block_1_55' title="bbox 539 4977 2110 5052">
    <p class='ocr_par' dir='ltr' id='par_1_55' title="bbox 539 4977 2110 5052">
     <span class='ocr_line' id='line_1_55' title="bbox 539 4977 2110 5052; baseline -0.002 -21"><span class='ocrx_word' id='word_1_442' title='bbox 539 4994 642 5052; x_wconf 88' lang='lat' dir='ltr'><strong>que</strong></span> <span class='ocrx_word' id='word_1_443' title='bbox 669 4978 946 5047; x_wconf 87' lang='lat' dir='ltr'><strong>adjiciatur</strong></span> <span class='ocrx_word' id='word_1_444' title='bbox 971 4993 1189 5034; x_wconf 87' lang='lat' dir='ltr'><strong>necesse</strong></span> <span class='ocrx_word' id='word_1_445' title='bbox 1209 4987 1312 5046; x_wconf 89' lang='lat' dir='ltr'><strong>est,</strong></span> <span class='ocrx_word' id='word_1_446' title='bbox 1336 4988 1390 5035; x_wconf 91' lang='lat' dir='ltr'><strong>et</strong></span> <span class='ocrx_word' id='word_1_447' title='bbox 1408 4977 1532 5034; x_wconf 91' lang='lat' dir='ltr'><strong>dum</strong></span> <span class='ocrx_word' id='word_1_448' title='bbox 1556 4977 1866 5033; x_wconf 89' lang='lat' dir='ltr'><strong>domesticis</strong></span> <span class='ocrx_word' id='word_1_449' title='bbox 1897 4985 2110 5046; x_wconf 68' lang='lat' dir='ltr'><strong>prteest,</strong></span> 
     </span>
    </p>
   </div>
   <div class='ocr_carea' id='block_1_56' title="bbox 540 5071 2111 5143">
    <p class='ocr_par' dir='ltr' id='par_1_56' title="bbox 540 5071 2111 5143">
     <span class='ocr_line' id='line_1_56' title="bbox 540 5071 2111 5143; baseline -0.003 -17"><span class='ocrx_word' id='word_1_450' title='bbox 540 5073 702 5126; x_wconf 91' lang='lat' dir='ltr'><strong>etiam</strong></span> <span class='ocrx_word' id='word_1_451' title='bbox 729 5071 1021 5125; x_wconf 80' lang='lat' dir='ltr'><strong>alienorum</strong></span> <span class='ocrx_word' id='word_1_452' title='bbox 1051 5087 1231 5127; x_wconf 91' lang='lat' dir='ltr'><strong>curam</strong></span> <span class='ocrx_word' id='word_1_453' title='bbox 1258 5080 1444 5143; x_wconf 89' lang='lat' dir='ltr'><strong>gerat,</strong></span> <span class='ocrx_word' id='word_1_454' title='bbox 1488 5086 1552 5126; x_wconf 91' lang='lat' dir='ltr'><strong>ac</strong></span> <span class='ocrx_word' id='word_1_455' title='bbox 1580 5072 1874 5142; x_wconf 87' lang='lat' dir='ltr'><strong>peregrinis</strong></span> <span class='ocrx_word' id='word_1_456' title='bbox 1895 5072 2111 5124; x_wconf 88' lang='lat' dir='ltr'><strong>domum</strong></span> 
     </span>
    </p>
   </div>
   <div class='ocr_carea' id='block_1_57' title="bbox 537 5162 2111 5235">
    <p class='ocr_par' dir='ltr' id='par_1_57' title="bbox 537 5162 2111 5235">
     <span class='ocr_line' id='line_1_57' title="bbox 537 5162 2111 5235; baseline -0.001 -16"><span class='ocrx_word' id='word_1_457' title='bbox 537 5165 761 5235; x_wconf 87' lang='lat' dir='ltr'><strong>aperiat.</strong></span> <span class='ocrx_word' id='word_1_458' title='bbox 808 5164 920 5217; x_wconf 84' lang='lat' dir='ltr'><strong>Vita</strong></span> <span class='ocrx_word' id='word_1_459' title='bbox 962 5162 1169 5219; x_wconf 86' lang='lat' dir='ltr'><strong>functus</strong></span> <span class='ocrx_word' id='word_1_460' title='bbox 1216 5174 1298 5220; x_wconf 86' lang='lat' dir='ltr'><strong>est</strong></span> <span class='ocrx_word' id='word_1_461' title='bbox 1344 5165 1601 5230; x_wconf 87' lang='lat' dir='ltr'><strong>maritus;</strong></span> <span class='ocrx_word' id='word_1_462' title='bbox 1640 5179 1855 5219; x_wconf 90' lang='lat' dir='ltr'><strong>omnem</strong></span> <span class='ocrx_word' id='word_1_463' title='bbox 1895 5179 2111 5231; x_wconf 88' lang='lat' dir='ltr'><strong>operam</strong></span> 
     </span>
    </p>
   </div>
   <div class='ocr_carea' id='block_1_58' title="bbox 537 5253 2112 5328">
    <p class='ocr_par' dir='ltr' id='par_1_58' title="bbox 537 5253 2112 5328">
     <span class='ocr_line' id='line_1_58' title="bbox 537 5253 2112 5328; baseline 0.001 -18"><span class='ocrx_word' id='word_1_464' title='bbox 537 5271 697 5326; x_wconf 81' lang='lat' dir='ltr'><strong>quam</strong></span> <span class='ocrx_word' id='word_1_465' title='bbox 741 5254 871 5309; x_wconf 88' lang='lat' dir='ltr'><strong>olim</strong></span> <span class='ocrx_word' id='word_1_466' title='bbox 910 5255 961 5309; x_wconf 93' lang='lat' dir='ltr'><strong>in</strong></span> <span class='ocrx_word' id='word_1_467' title='bbox 1007 5254 1174 5321; x_wconf 90' lang='lat' dir='ltr'><strong>illum,</strong></span> <span class='ocrx_word' id='word_1_468' title='bbox 1212 5274 1265 5311; x_wconf 85' lang='lat' dir='ltr'><strong>tn</strong></span> <span class='ocrx_word' id='word_1_469' title='bbox 1312 5256 1621 5328; x_wconf 87' lang='lat' dir='ltr'><strong>peregrinos</strong></span> <span class='ocrx_word' id='word_1_470' title='bbox 1666 5253 1932 5323; x_wconf 82' lang='lat' dir='ltr'><strong>impende.</strong></span> <span class='ocrx_word' id='word_1_471' title='bbox 1976 5255 2112 5322; x_wconf 85' lang='lat' dir='ltr'><strong>Quid</strong></span> 
     </span>
    </p>
   </div>
   <div class='ocr_carea' id='block_1_59' title="bbox 542 5346 2112 5417">
    <p class='ocr_par' dir='ltr' id='par_1_59' title="bbox 542 5346 2112 5417">
     <span class='ocr_line' id='line_1_59' title="bbox 542 5346 2112 5417; baseline 0 -16"><span class='ocrx_word' id='word_1_472' title='bbox 542 5361 673 5416; x_wconf 85' lang='lat' dir='ltr'><strong>ergo</strong></span> <span class='ocrx_word' id='word_1_473' title='bbox 693 5388 710 5412; x_wconf 83' lang='lat'><strong>,</strong></span> <span class='ocrx_word' id='word_1_474' title='bbox 737 5346 780 5398; x_wconf 89' lang='lat' dir='ltr'><strong>si</strong></span> <span class='ocrx_word' id='word_1_475' title='bbox 807 5346 1122 5415; x_wconf 83' lang='lat' dir='ltr'><strong>paupercula</strong></span> <span class='ocrx_word' id='word_1_476' title='bbox 1150 5347 1216 5401; x_wconf 87' lang='lat' dir='ltr'><strong>sit</strong></span> <span class='ocrx_word' id='word_1_477' title='bbox 1240 5390 1256 5413; x_wconf 93' lang='lat'><strong>,</strong></span> <span class='ocrx_word' id='word_1_478' title='bbox 1298 5348 1439 5403; x_wconf 86' lang='lat' dir='ltr'><strong>dicet</strong></span> <span class='ocrx_word' id='word_1_479' title='bbox 1476 5347 1701 5417; x_wconf 80' lang='lat' dir='ltr'><strong>aliquis?</strong></span> <span class='ocrx_word' id='word_1_480' title='bbox 1724 5347 1840 5400; x_wconf 82' lang='lat' dir='ltr'><strong>Non</strong></span> <span class='ocrx_word' id='word_1_481' title='bbox 1888 5356 1968 5400; x_wconf 86' lang='lat' dir='ltr'><strong>est</strong></span> <span class='ocrx_word' id='word_1_482' title='bbox 2008 5348 2112 5401; x_wconf 88' lang='lat' dir='ltr'><strong>ulla</strong></span> 
     </span>
    </p>
   </div>
   <div class='ocr_carea' id='block_1_60' title="bbox 542 5434 2113 5508">
    <p class='ocr_par' dir='ltr' id='par_1_60' title="bbox 542 5434 2113 5508">
     <span class='ocr_line' id='line_1_60' title="bbox 542 5434 2113 5508; baseline 0.003 -22"><span class='ocrx_word' id='word_1_483' title='bbox 542 5435 828 5507; x_wconf 72' lang='lat' dir='ltr'><strong>pauperior</strong></span> <span class='ocrx_word' id='word_1_484' title='bbox 851 5434 936 5489; x_wconf 87' lang='lat' dir='ltr'><strong>illa</strong></span> <span class='ocrx_word' id='word_1_485' title='bbox 964 5436 1115 5490; x_wconf 75' lang='lat' dir='ltr'><strong>vidua</strong></span> <span class='ocrx_word' id='word_1_486' title='bbox 1143 5478 1157 5503; x_wconf 90' lang='lat'><strong>,</strong></span> <span class='ocrx_word' id='word_1_487' title='bbox 1186 5454 1302 5508; x_wconf 83' lang='lat' dir='ltr'><strong>quae</strong></span> <span class='ocrx_word' id='word_1_488' title='bbox 1330 5438 1542 5493; x_wconf 91' lang='lat' dir='ltr'><strong>modico</strong></span> <span class='ocrx_word' id='word_1_489' title='bbox 1581 5438 1672 5491; x_wconf 89' lang='lat' dir='ltr'><strong>illo</strong></span> <span class='ocrx_word' id='word_1_490' title='bbox 1702 5437 1883 5491; x_wconf 71' lang='lat' dir='ltr'><strong>farinae</strong></span> <span class='ocrx_word' id='word_1_491' title='bbox 1910 5478 1923 5501; x_wconf 91' lang='lat'><strong>,</strong></span> <span class='ocrx_word' id='word_1_492' title='bbox 1954 5446 2113 5505; x_wconf 88' lang='lat' dir='ltr'><strong>atque</strong></span> 
     </span>
    </p>
   </div>
   <div class='ocr_carea' id='block_1_61' title="bbox 540 5526 2109 5599">
    <p class='ocr_par' dir='ltr' id='par_1_61' title="bbox 540 5526 2109 5599">
     <span class='ocr_line' id='line_1_61' title="bbox 540 5526 2109 5599; baseline 0.001 -17"><span class='ocrx_word' id='word_1_493' title='bbox 540 5529 643 5583; x_wconf 86' lang='lat' dir='ltr'><strong>olei</strong></span> <span class='ocrx_word' id='word_1_494' title='bbox 691 5526 901 5597; x_wconf 80' lang='lat' dir='ltr'><strong>lecytho</strong></span> <span class='ocrx_word' id='word_1_495' title='bbox 928 5542 1171 5597; x_wconf 85' lang='lat' dir='ltr'><strong>magnum</strong></span> <span class='ocrx_word' id='word_1_496' title='bbox 1201 5530 1509 5599; x_wconf 85' lang='lat' dir='ltr'><strong>prephetam</strong></span> <span class='ocrx_word' id='word_1_497' title='bbox 1556 5529 1758 5585; x_wconf 88' lang='lat' dir='ltr'><strong>lleliam</strong></span> <span class='ocrx_word' id='word_1_498' title='bbox 1786 5529 1995 5597; x_wconf 79' lang='lat' dir='ltr'><strong>excepit</strong></span> <span class='ocrx_word' id='word_1_499' title='bbox 2034 5529 2109 5599; x_wconf 76' lang='grc'><strong>(5.</strong></span> 
     </span>
    </p>
   </div>
   <div class='ocr_carea' id='block_1_62' title="bbox 546 5617 2112 5691">
    <p class='ocr_par' dir='ltr' id='par_1_62' title="bbox 546 5617 2112 5691">
     <span class='ocr_line' id='line_1_62' title="bbox 546 5617 2112 5691; baseline 0 -17"><span class='ocrx_word' id='word_1_500' title='bbox 546 5620 672 5690; x_wconf 78' lang='lat' dir='ltr'><strong>Reg.</strong></span> <span class='ocrx_word' id='word_1_501' title='bbox 708 5620 772 5673; x_wconf 82' lang='grc' dir='ltr'><strong><em>Π</em></strong></span> <span class='ocrx_word' id='word_1_502' title='bbox 792 5618 831 5688; x_wconf 93' lang='grc'><strong>).</strong></span> <span class='ocrx_word' id='word_1_503' title='bbox 866 5617 997 5673; x_wconf 80' lang='lat' dir='ltr'><strong>Nam</strong></span> <span class='ocrx_word' id='word_1_504' title='bbox 1026 5619 1098 5672; x_wconf 93' lang='lat' dir='ltr'><strong>illi</strong></span> <span class='ocrx_word' id='word_1_505' title='bbox 1125 5630 1275 5675; x_wconf 88' lang='lat' dir='ltr'><strong>erant</strong></span> <span class='ocrx_word' id='word_1_506' title='bbox 1302 5620 1449 5677; x_wconf 89' lang='lat' dir='ltr'><strong>liberi</strong></span> <span class='ocrx_word' id='word_1_507' title='bbox 1478 5637 1493 5680; x_wconf 89' lang='lat'><strong>:</strong></span> <span class='ocrx_word' id='word_1_508' title='bbox 1525 5620 1619 5676; x_wconf 88' lang='lat' dir='ltr'><strong>scd</strong></span> <span class='ocrx_word' id='word_1_509' title='bbox 1660 5636 1831 5691; x_wconf 89' lang='lat' dir='ltr'><strong>neque</strong></span> <span class='ocrx_word' id='word_1_510' title='bbox 1858 5620 1935 5675; x_wconf 92' lang='lat' dir='ltr'><strong>rei</strong></span> <span class='ocrx_word' id='word_1_511' title='bbox 1963 5620 2112 5674; x_wconf 84' lang='lat' dir='ltr'><strong>fami-</strong></span> 
     </span>
    </p>
   </div>
   <div class='ocr_carea' id='block_1_63' title="bbox 535 5710 2104 5786">
    <p class='ocr_par' dir='ltr' id='par_1_63' title="bbox 535 5710 2104 5786">
     <span class='ocr_line' id='line_1_63' title="bbox 535 5710 2104 5786; baseline 0.001 -21"><span class='ocrx_word' id='word_1_512' title='bbox 535 5710 685 5767; x_wconf 80' lang='lat' dir='ltr'><strong>liaris</strong></span> <span class='ocrx_word' id='word_1_513' title='bbox 713 5720 941 5779; x_wconf 78' lang='lat' dir='ltr'><strong>cchIas,</strong></span> <span class='ocrx_word' id='word_1_514' title='bbox 977 5723 1075 5765; x_wconf 87' lang='lat' dir='ltr'><strong>nec</strong></span> <span class='ocrx_word' id='word_1_515' title='bbox 1114 5711 1356 5768; x_wconf 80' lang='lat' dir='ltr'><strong>violentia</strong></span> <span class='ocrx_word' id='word_1_516' title='bbox 1392 5710 1545 5769; x_wconf 86' lang='lat' dir='ltr'><strong>famis</strong></span> <span class='ocrx_word' id='word_1_517' title='bbox 1567 5755 1583 5783; x_wconf 94' lang='lat'><strong>,</strong></span> <span class='ocrx_word' id='word_1_518' title='bbox 1616 5730 1788 5786; x_wconf 84' lang='lat' dir='ltr'><strong>neque</strong></span> <span class='ocrx_word' id='word_1_519' title='bbox 1820 5728 1968 5772; x_wconf 85' lang='lat' dir='ltr'><strong>mors</strong></span> <span class='ocrx_word' id='word_1_520' title='bbox 2008 5715 2104 5770; x_wconf 82' lang='lat' dir='ltr'><strong>im-</strong></span> 
     </span>
    </p>
   </div>
   <div class='ocr_carea' id='block_1_64' title="bbox 2307 581 3831 658">
    <p class='ocr_par' dir='ltr' id='par_1_64' title="bbox 2307 581 3831 658">
     <span class='ocr_line' id='line_1_64' title="bbox 2307 581 3831 658; baseline 0.007 -21"><span class='ocrx_word' id='word_1_521' title='bbox 2307 581 2395 638; x_wconf 76' lang='lat' dir='ltr'><strong>l2.</strong></span> <span class='ocrx_word' id='word_1_522' title='bbox 2424 583 2513 640; x_wconf 89' lang='lat' dir='ltr'><strong>Sic</strong></span> <span class='ocrx_word' id='word_1_523' title='bbox 2541 584 2736 658; x_wconf 89' lang='lat' dir='ltr'><strong>ubique</strong></span> <span class='ocrx_word' id='word_1_524' title='bbox 2763 605 2869 643; x_wconf 89' lang='lat' dir='ltr'><strong>non</strong></span> <span class='ocrx_word' id='word_1_525' title='bbox 2897 589 3203 645; x_wconf 76' lang='lat' dir='ltr'><strong>facultatum</strong></span> <span class='ocrx_word' id='word_1_526' title='bbox 3235 606 3507 658; x_wconf 74' lang='lat' dir='ltr'><strong>mensura,</strong></span> <span class='ocrx_word' id='word_1_527' title='bbox 3536 592 3635 649; x_wconf 86' lang='lat' dir='ltr'><strong>sed</strong></span> <span class='ocrx_word' id='word_1_528' title='bbox 3664 594 3831 649; x_wconf 85' lang='lat' dir='ltr'><strong>animi</strong></span> 
     </span>
    </p>
   </div>
   <div class='ocr_carea' id='block_1_65' title="bbox 2233 664 3835 753">
    <p class='ocr_par' dir='ltr' id='par_1_65' title="bbox 2233 664 3835 753">
     <span class='ocr_line' id='line_1_65' title="bbox 2233 664 3835 753; baseline 0.008 -26"><span class='ocrx_word' id='word_1_529' title='bbox 2233 671 2562 745; x_wconf 79' lang='lat' dir='ltr'><strong>aifectusque</strong></span> <span class='ocrx_word' id='word_1_530' title='bbox 2582 691 2827 733; x_wconf 81' lang='lat' dir='ltr'><strong>mensura</strong></span> <span class='ocrx_word' id='word_1_531' title='bbox 2850 682 3123 750; x_wconf 65' lang='lat' dir='ltr'><strong>qumritur.</strong></span> <span class='ocrx_word' id='word_1_532' title='bbox 3146 679 3247 747; x_wconf 85' lang='lat' dir='ltr'><strong>Qui</strong></span> <span class='ocrx_word' id='word_1_533' title='bbox 3276 664 3647 753; x_wconf 69' lang='lat' dir='ltr'><strong>magnanimus</strong></span> <span class='ocrx_word' id='word_1_534' title='bbox 3676 695 3760 739; x_wconf 88' lang='lat' dir='ltr'><strong>est</strong></span> <span class='ocrx_word' id='word_1_535' title='bbox 3779 696 3835 741; x_wconf 84' lang='lat' dir='ltr'><strong>et</strong></span> 
     </span>
    </p>
   </div>
   <div class='ocr_carea' id='block_1_66' title="bbox 2236 759 3831 845">
    <p class='ocr_par' dir='ltr' id='par_1_66' title="bbox 2236 759 3831 845">
     <span class='ocr_line' id='line_1_66' title="bbox 2236 759 3831 845; baseline 0.006 -28"><span class='ocrx_word' id='word_1_536' title='bbox 2236 773 2414 819; x_wconf 86' lang='lat' dir='ltr'><strong>mente</strong></span> <span class='ocrx_word' id='word_1_537' title='bbox 2442 759 2611 831; x_wconf 79' lang='lat' dir='ltr'><strong>dives,</strong></span> <span class='ocrx_word' id='word_1_538' title='bbox 2642 766 2767 822; x_wconf 89' lang='lat' dir='ltr'><strong>licet</strong></span> <span class='ocrx_word' id='word_1_539' title='bbox 2794 770 3017 837; x_wconf 84' lang='lat' dir='ltr'><strong>pecunia</strong></span> <span class='ocrx_word' id='word_1_540' title='bbox 3059 772 3129 827; x_wconf 87' lang='lat' dir='ltr'><strong>sit</strong></span> <span class='ocrx_word' id='word_1_541' title='bbox 3151 772 3388 828; x_wconf 91' lang='lat' dir='ltr'><strong>omnium</strong></span> <span class='ocrx_word' id='word_1_542' title='bbox 3431 776 3831 845; x_wconf 73' lang='lat' dir='ltr'><strong>pauperrimus,</strong></span> 
     </span>
    </p>
   </div>
   <div class='ocr_carea' id='block_1_67' title="bbox 2232 856 3832 935">
    <p class='ocr_par' dir='ltr' id='par_1_67' title="bbox 2232 856 3832 935">
     <span class='ocr_line' id='line_1_67' title="bbox 2232 856 3832 935; baseline 0.006 -26"><span class='ocrx_word' id='word_1_543' title='bbox 2232 863 2287 909; x_wconf 88' lang='lat' dir='ltr'><strong>et</strong></span> <span class='ocrx_word' id='word_1_544' title='bbox 2311 856 2689 926; x_wconf 78' lang='lat' dir='ltr'><strong>hospitalitate,</strong></span> <span class='ocrx_word' id='word_1_545' title='bbox 2713 866 2767 914; x_wconf 93' lang='lat' dir='ltr'><strong>et</strong></span> <span class='ocrx_word' id='word_1_546' title='bbox 2786 859 3146 933; x_wconf 86' lang='lat' dir='ltr'><strong>eleemosyna.</strong></span> <span class='ocrx_word' id='word_1_547' title='bbox 3162 871 3214 917; x_wconf 88' lang='lat' dir='ltr'><strong>et</strong></span> <span class='ocrx_word' id='word_1_548' title='bbox 3236 862 3383 918; x_wconf 92' lang='lat' dir='ltr'><strong>omni</strong></span> <span class='ocrx_word' id='word_1_549' title='bbox 3401 863 3609 934; x_wconf 87' lang='lat' dir='ltr'><strong>reliquo</strong></span> <span class='ocrx_word' id='word_1_550' title='bbox 3630 880 3832 935; x_wconf 87' lang='lat' dir='ltr'><strong>genere</strong></span> 
     </span>
    </p>
   </div>
   <div class='ocr_carea' id='block_1_68' title="bbox 2234 944 3825 1024">
    <p class='ocr_par' dir='ltr' id='par_1_68' title="bbox 2234 944 3825 1024">
     <span class='ocr_line' id='line_1_68' title="bbox 2234 944 3825 1024; baseline 0.005 -24"><span class='ocrx_word' id='word_1_551' title='bbox 2234 944 2566 1002; x_wconf 87' lang='lat' dir='ltr'><strong>liberalitatis</strong></span> <span class='ocrx_word' id='word_1_552' title='bbox 2579 963 2768 1003; x_wconf 83' lang='lat' dir='ltr'><strong>omnes</strong></span> <span class='ocrx_word' id='word_1_553' title='bbox 2796 950 2993 1019; x_wconf 83' lang='lat' dir='ltr'><strong>poterit</strong></span> <span class='ocrx_word' id='word_1_554' title='bbox 3019 966 3279 1022; x_wconf 88' lang='lat' dir='ltr'><strong>superare</strong></span> <span class='ocrx_word' id='word_1_555' title='bbox 3306 970 3320 1006; x_wconf 92' lang='lat'><strong>:</strong></span> <span class='ocrx_word' id='word_1_556' title='bbox 3350 954 3440 1024; x_wconf 89' lang='lat' dir='ltr'><strong>qui</strong></span> <span class='ocrx_word' id='word_1_557' title='bbox 3469 968 3599 1009; x_wconf 88' lang='lat' dir='ltr'><strong>vero</strong></span> <span class='ocrx_word' id='word_1_558' title='bbox 3629 970 3825 1023; x_wconf 74' lang='lat' dir='ltr'><strong>parem</strong></span> 
     </span>
    </p>
   </div>
   <div class='ocr_carea' id='block_1_69' title="bbox 2232 1044 3831 1116">
    <p class='ocr_par' dir='ltr' id='par_1_69' title="bbox 2232 1044 3831 1116">
     <span class='ocr_line' id='line_1_69' title="bbox 2232 1044 3831 1116; baseline 0.007 -24"><span class='ocrx_word' id='word_1_559' title='bbox 2232 1050 2315 1093; x_wconf 88' lang='lat' dir='ltr'><strong>est</strong></span> <span class='ocrx_word' id='word_1_560' title='bbox 2350 1054 2415 1094; x_wconf 90' lang='lat' dir='ltr'><strong>ac</strong></span> <span class='ocrx_word' id='word_1_561' title='bbox 2441 1048 2621 1096; x_wconf 87' lang='lat' dir='ltr'><strong>mente</strong></span> <span class='ocrx_word' id='word_1_562' title='bbox 2652 1056 2870 1111; x_wconf 86' lang='lat' dir='ltr'><strong>pauper,</strong></span> <span class='ocrx_word' id='word_1_563' title='bbox 2899 1054 3059 1115; x_wconf 89' lang='lat' dir='ltr'><strong>atque</strong></span> <span class='ocrx_word' id='word_1_564' title='bbox 3082 1044 3228 1099; x_wconf 89' lang='lat' dir='ltr'><strong>humi</strong></span> <span class='ocrx_word' id='word_1_565' title='bbox 3254 1046 3438 1116; x_wconf 83' lang='lat' dir='ltr'><strong>serpit.</strong></span> <span class='ocrx_word' id='word_1_566' title='bbox 3470 1049 3539 1103; x_wconf 87' lang='lat' dir='ltr'><strong>sit</strong></span> <span class='ocrx_word' id='word_1_567' title='bbox 3569 1048 3698 1103; x_wconf 87' lang='lat' dir='ltr'><strong>licet</strong></span> <span class='ocrx_word' id='word_1_568' title='bbox 3714 1064 3831 1103; x_wconf 81' lang='lat' dir='ltr'><strong>om-</strong></span> 
     </span>
    </p>
   </div>
   <div class='ocr_carea' id='block_1_70' title="bbox 2231 1130 3828 1209">
    <p class='ocr_par' dir='ltr' id='par_1_70' title="bbox 2231 1130 3828 1209">
     <span class='ocr_line' id='line_1_70' title="bbox 2231 1130 3828 1209; baseline 0.008 -26"><span class='ocrx_word' id='word_1_569' title='bbox 2231 1130 2377 1184; x_wconf 90' lang='lat' dir='ltr'><strong>nium</strong></span> <span class='ocrx_word' id='word_1_570' title='bbox 2421 1130 2905 1201; x_wconf 87' lang='lat' dir='ltr'><strong>locupletissimus,</strong></span> <span class='ocrx_word' id='word_1_571' title='bbox 2950 1136 3191 1190; x_wconf 87' lang='lat' dir='ltr'><strong>omnium</strong></span> <span class='ocrx_word' id='word_1_572' title='bbox 3238 1139 3611 1209; x_wconf 87' lang='lat' dir='ltr'><strong>pauperrimus</strong></span> <span class='ocrx_word' id='word_1_573' title='bbox 3649 1149 3735 1194; x_wconf 85' lang='lat' dir='ltr'><strong>est</strong></span> <span class='ocrx_word' id='word_1_574' title='bbox 3776 1152 3828 1196; x_wconf 82' lang='lat' dir='ltr'><strong>et</strong></span> 
     </span>
    </p>
   </div>
   <div class='ocr_carea' id='block_1_71' title="bbox 2231 1220 3827 1301">
    <p class='ocr_par' dir='ltr' id='par_1_71' title="bbox 2231 1220 3827 1301">
     <span class='ocr_line' id='line_1_71' title="bbox 2231 1220 3827 1301; baseline 0.009 -26"><span class='ocrx_word' id='word_1_575' title='bbox 2231 1220 2641 1290; x_wconf 85' lang='lat' dir='ltr'><strong>egentissimus;</strong></span> <span class='ocrx_word' id='word_1_576' title='bbox 2665 1222 2865 1279; x_wconf 86' lang='lat' dir='ltr'><strong>idcirco</strong></span> <span class='ocrx_word' id='word_1_577' title='bbox 2897 1225 3019 1279; x_wconf 82' lang='lat' dir='ltr'><strong>talia</strong></span> <span class='ocrx_word' id='word_1_578' title='bbox 3036 1236 3227 1282; x_wconf 91' lang='lat' dir='ltr'><strong>cuncta</strong></span> <span class='ocrx_word' id='word_1_579' title='bbox 3254 1228 3515 1285; x_wconf 86' lang='lat' dir='ltr'><strong>detrectat</strong></span> <span class='ocrx_word' id='word_1_580' title='bbox 3532 1238 3589 1286; x_wconf 92' lang='lat' dir='ltr'><strong>et</strong></span> <span class='ocrx_word' id='word_1_581' title='bbox 3608 1229 3827 1301; x_wconf 89' lang='lat' dir='ltr'><strong>refugit.</strong></span> 
     </span>
    </p>
   </div>
   <div class='ocr_carea' id='block_1_72' title="bbox 2232 1310 3832 1390">
    <p class='ocr_par' dir='ltr' id='par_1_72' title="bbox 2232 1310 3832 1390">
     <span class='ocr_line' id='line_1_72' title="bbox 2232 1310 3832 1390; baseline 0.008 -25"><span class='ocrx_word' id='word_1_582' title='bbox 2232 1310 2298 1365; x_wconf 83' lang='lat' dir='ltr'><strong>Et</strong></span> <span class='ocrx_word' id='word_1_583' title='bbox 2320 1310 2764 1380; x_wconf 88' lang='lat' dir='ltr'><strong>quemadmodum</strong></span> <span class='ocrx_word' id='word_1_584' title='bbox 2790 1313 2843 1369; x_wconf 92' lang='lat' dir='ltr'><strong>in</strong></span> <span class='ocrx_word' id='word_1_585' title='bbox 2870 1329 3105 1385; x_wconf 88' lang='lat' dir='ltr'><strong>paupere</strong></span> <span class='ocrx_word' id='word_1_586' title='bbox 3121 1316 3325 1371; x_wconf 89' lang='lat' dir='ltr'><strong>nullum</strong></span> <span class='ocrx_word' id='word_1_587' title='bbox 3345 1327 3519 1387; x_wconf 82' lang='lat' dir='ltr'><strong>potest</strong></span> <span class='ocrx_word' id='word_1_588' title='bbox 3542 1330 3832 1390; x_wconf 76' lang='lat' dir='ltr'><strong>paupertas</strong></span> 
     </span>
    </p>
   </div>
   <div class='ocr_carea' id='block_1_73' title="bbox 2229 1401 3832 1480">
    <p class='ocr_par' dir='ltr' id='par_1_73' title="bbox 2229 1401 3832 1480">
     <span class='ocr_line' id='line_1_73' title="bbox 2229 1401 3832 1480; baseline 0.004 -24"><span class='ocrx_word' id='word_1_589' title='bbox 2229 1401 2295 1456; x_wconf 85' lang='lat' dir='ltr'><strong>ad</strong></span> <span class='ocrx_word' id='word_1_590' title='bbox 2313 1402 2705 1474; x_wconf 78' lang='lat' dir='ltr'><strong>eleemosynam</strong></span> <span class='ocrx_word' id='word_1_591' title='bbox 2730 1404 3168 1476; x_wconf 88' lang='lat' dir='ltr'><strong>impedimentum</strong></span> <span class='ocrx_word' id='word_1_592' title='bbox 3194 1407 3408 1475; x_wconf 82' lang='lat' dir='ltr'><strong>aﬂ‘crre,</strong></span> <span class='ocrx_word' id='word_1_593' title='bbox 3433 1420 3658 1480; x_wconf 83' lang='lat' dir='ltr'><strong>propter</strong></span> <span class='ocrx_word' id='word_1_594' title='bbox 3684 1426 3832 1466; x_wconf 81' lang='lat' dir='ltr'><strong>men-</strong></span> 
     </span>
    </p>
   </div>
   <div class='ocr_carea' id='block_1_74' title="bbox 2230 1493 3831 1571">
    <p class='ocr_par' dir='ltr' id='par_1_74' title="bbox 2230 1493 3831 1571">
     <span class='ocr_line' id='line_1_74' title="bbox 2230 1493 3831 1571; baseline 0.006 -25"><span class='ocrx_word' id='word_1_595' title='bbox 2230 1493 2297 1547; x_wconf 89' lang='lat' dir='ltr'><strong>tis</strong></span> <span class='ocrx_word' id='word_1_596' title='bbox 2317 1493 2644 1562; x_wconf 89' lang='lat' dir='ltr'><strong>opulentiam</strong></span> <span class='ocrx_word' id='word_1_597' title='bbox 2669 1511 2683 1548; x_wconf 90' lang='lat'><strong>:</strong></span> <span class='ocrx_word' id='word_1_598' title='bbox 2730 1495 2808 1550; x_wconf 90' lang='lat' dir='ltr'><strong>sic</strong></span> <span class='ocrx_word' id='word_1_599' title='bbox 2841 1511 2942 1551; x_wconf 86' lang='lat' dir='ltr'><strong>nec</strong></span> <span class='ocrx_word' id='word_1_600' title='bbox 2972 1496 3191 1552; x_wconf 82' lang='lat' dir='ltr'><strong>divitem</strong></span> <span class='ocrx_word' id='word_1_601' title='bbox 3222 1507 3446 1569; x_wconf 86' lang='lat' dir='ltr'><strong>possunt</strong></span> <span class='ocrx_word' id='word_1_602' title='bbox 3486 1514 3621 1571; x_wconf 83' lang='lat' dir='ltr'><strong>Opes</strong></span> <span class='ocrx_word' id='word_1_603' title='bbox 3638 1502 3831 1570; x_wconf 83' lang='lat' dir='ltr'><strong>jnvare</strong></span> 
     </span>
    </p>
   </div>
   <div class='ocr_carea' id='block_1_75' title="bbox 2228 1583 3829 1664">
    <p class='ocr_par' dir='ltr' id='par_1_75' title="bbox 2228 1583 3829 1664">
     <span class='ocr_line' id='line_1_75' title="bbox 2228 1583 3829 1664; baseline 0.008 -28"><span class='ocrx_word' id='word_1_604' title='bbox 2228 1583 2294 1637; x_wconf 84' lang='lat' dir='ltr'><strong>ad</strong></span> <span class='ocrx_word' id='word_1_605' title='bbox 2323 1584 2688 1641; x_wconf 86' lang='lat' dir='ltr'><strong>liberalitatem</strong></span> <span class='ocrx_word' id='word_1_606' title='bbox 2716 1588 3070 1643; x_wconf 80' lang='lat' dir='ltr'><strong>exercendam</strong></span> <span class='ocrx_word' id='word_1_607' title='bbox 3119 1604 3228 1659; x_wconf 76' lang='lat' dir='ltr'><strong>pne</strong></span> <span class='ocrx_word' id='word_1_608' title='bbox 3257 1590 3419 1646; x_wconf 87' lang='lat' dir='ltr'><strong>nimia</strong></span> <span class='ocrx_word' id='word_1_609' title='bbox 3461 1594 3661 1648; x_wconf 87' lang='lat' dir='ltr'><strong>mentis</strong></span> <span class='ocrx_word' id='word_1_610' title='bbox 3696 1608 3829 1664; x_wconf 87' lang='lat' dir='ltr'><strong>ege-</strong></span> 
     </span>
    </p>
   </div>
   <div class='ocr_carea' id='block_1_76' title="bbox 2228 1677 3828 1757">
    <p class='ocr_par' dir='ltr' id='par_1_76' title="bbox 2228 1677 3828 1757">
     <span class='ocr_line' id='line_1_76' title="bbox 2228 1677 3828 1757; baseline 0.006 -25"><span class='ocrx_word' id='word_1_611' title='bbox 2228 1686 2385 1733; x_wconf 87' lang='lat' dir='ltr'><strong>state.</strong></span> <span class='ocrx_word' id='word_1_612' title='bbox 2412 1677 2523 1734; x_wconf 80' lang='lat' dir='ltr'><strong>Nec</strong></span> <span class='ocrx_word' id='word_1_613' title='bbox 2566 1679 2723 1750; x_wconf 90' lang='lat' dir='ltr'><strong>longe</strong></span> <span class='ocrx_word' id='word_1_614' title='bbox 2768 1691 2928 1736; x_wconf 89' lang='lat' dir='ltr'><strong>erunt</strong></span> <span class='ocrx_word' id='word_1_615' title='bbox 2966 1683 3210 1753; x_wconf 89' lang='lat' dir='ltr'><strong>exempla</strong></span> <span class='ocrx_word' id='word_1_616' title='bbox 3254 1684 3480 1753; x_wconf 88' lang='lat' dir='ltr'><strong>petenda</strong></span> <span class='ocrx_word' id='word_1_617' title='bbox 3522 1685 3828 1757; x_wconf 84' lang='lat' dir='ltr'><strong>:siquidetn</strong></span> 
     </span>
    </p>
   </div>
   <div class='ocr_carea' id='block_1_77' title="bbox 2229 1768 3831 1845">
    <p class='ocr_par' dir='ltr' id='par_1_77' title="bbox 2229 1768 3831 1845">
     <span class='ocr_line' id='line_1_77' title="bbox 2229 1768 3831 1845; baseline 0.004 -22"><span class='ocrx_word' id='word_1_618' title='bbox 2229 1768 2384 1824; x_wconf 89' lang='lat' dir='ltr'><strong>vidua</strong></span> <span class='ocrx_word' id='word_1_619' title='bbox 2414 1769 2627 1825; x_wconf 91' lang='lat' dir='ltr'><strong>modico</strong></span> <span class='ocrx_word' id='word_1_620' title='bbox 2654 1771 2837 1826; x_wconf 63' lang='lat' dir='ltr'><strong>farina:</strong></span> <span class='ocrx_word' id='word_1_621' title='bbox 2866 1772 3180 1842; x_wconf 83' lang='lat' dir='ltr'><strong>prophetam</strong></span> <span class='ocrx_word' id='word_1_622' title='bbox 3210 1773 3460 1845; x_wconf 86' lang='lat' dir='ltr'><strong>excepit:</strong></span> <span class='ocrx_word' id='word_1_623' title='bbox 3492 1774 3716 1831; x_wconf 79' lang='lat' dir='ltr'><strong>At-baab</strong></span> <span class='ocrx_word' id='word_1_624' title='bbox 3732 1791 3831 1830; x_wconf 88' lang='lat' dir='ltr'><strong>au-</strong></span> 
     </span>
    </p>
   </div>
   <div class='ocr_carea' id='block_1_78' title="bbox 2228 1860 3825 1934">
    <p class='ocr_par' dir='ltr' id='par_1_78' title="bbox 2228 1860 3825 1934">
     <span class='ocr_line' id='line_1_78' title="bbox 2228 1860 3825 1934; baseline 0.003 -18"><span class='ocrx_word' id='word_1_625' title='bbox 2228 1868 2356 1925; x_wconf 88' lang='lat' dir='ltr'><strong>tem,</strong></span> <span class='ocrx_word' id='word_1_626' title='bbox 2382 1861 2473 1932; x_wconf 88' lang='lat' dir='ltr'><strong>qui</strong></span> <span class='ocrx_word' id='word_1_627' title='bbox 2502 1869 2582 1916; x_wconf 88' lang='lat' dir='ltr'><strong>tot</strong></span> <span class='ocrx_word' id='word_1_628' title='bbox 2627 1860 2839 1918; x_wconf 87' lang='lat' dir='ltr'><strong>divitias</strong></span> <span class='ocrx_word' id='word_1_629' title='bbox 2870 1863 3196 1934; x_wconf 86' lang='lat' dir='ltr'><strong>possidebat,</strong></span> <span class='ocrx_word' id='word_1_630' title='bbox 3225 1865 3389 1920; x_wconf 88' lang='lat' dir='ltr'><strong>etiam</strong></span> <span class='ocrx_word' id='word_1_631' title='bbox 3418 1865 3592 1922; x_wconf 87' lang='lat' dir='ltr'><strong>aliena</strong></span> <span class='ocrx_word' id='word_1_632' title='bbox 3618 1882 3825 1923; x_wconf 86' lang='lat' dir='ltr'><strong>concu-</strong></span> 
     </span>
    </p>
   </div>
   <div class='ocr_carea' id='block_1_79' title="bbox 2227 1951 3826 2028">
    <p class='ocr_par' dir='ltr' id='par_1_79' title="bbox 2227 1951 3826 2028">
     <span class='ocr_line' id='line_1_79' title="bbox 2227 1951 3826 2028; baseline 0.004 -22"><span class='ocrx_word' id='word_1_633' title='bbox 2227 1951 2358 2022; x_wconf 87' lang='lat' dir='ltr'><strong>pivit</strong></span> <span class='ocrx_word' id='word_1_634' title='bbox 2397 1952 2486 2023; x_wconf 79' lang='lat'><strong>(5.</strong></span> <span class='ocrx_word' id='word_1_635' title='bbox 2514 1952 2642 2024; x_wconf 82' lang='lat' dir='ltr'><strong>Reg.</strong></span> <span class='ocrx_word' id='word_1_636' title='bbox 2671 1969 2720 2007; x_wconf 86' lang='lat' dir='ltr'><strong>c.</strong></span> <span class='ocrx_word' id='word_1_637' title='bbox 2748 1953 2836 2008; x_wconf 81' lang='lat' dir='ltr'><strong>i7.</strong></span> <span class='ocrx_word' id='word_1_638' title='bbox 2864 1962 2912 2009; x_wconf 84' lang='lat' dir='ltr'><strong>et</strong></span> <span class='ocrx_word' id='word_1_639' title='bbox 2939 1970 2989 2009; x_wconf 74' lang='grc' dir='ltr'><strong>ε.</strong></span> <span class='ocrx_word' id='word_1_640' title='bbox 3014 1954 3077 2010; x_wconf 76' lang='grc'><strong>21</strong></span> <span class='ocrx_word' id='word_1_641' title='bbox 3114 1955 3159 2026; x_wconf 93' lang='grc'><strong>).</strong></span> <span class='ocrx_word' id='word_1_642' title='bbox 3207 1956 3280 2012; x_wconf 89' lang='lat' dir='ltr'><strong>Ita</strong></span> <span class='ocrx_word' id='word_1_643' title='bbox 3323 1972 3428 2011; x_wconf 92' lang='lat' dir='ltr'><strong>non</strong></span> <span class='ocrx_word' id='word_1_644' title='bbox 3459 1958 3826 2028; x_wconf 82' lang='lat' dir='ltr'><strong>pecuniarum</strong></span> 
     </span>
    </p>
   </div>
   <div class='ocr_carea' id='block_1_80' title="bbox 2225 2043 3826 2106">
    <p class='ocr_par' dir='ltr' id='par_1_80' title="bbox 2225 2043 3826 2106">
     <span class='ocr_line' id='line_1_80' title="bbox 2225 2043 3826 2106; baseline 0.005 -9"><span class='ocrx_word' id='word_1_645' title='bbox 2225 2043 2442 2106; x_wconf 76' lang='lat' dir='ltr'><strong>divitite.</strong></span> <span class='ocrx_word' id='word_1_646' title='bbox 2470 2043 2563 2099; x_wconf 89' lang='lat' dir='ltr'><strong>sed</strong></span> <span class='ocrx_word' id='word_1_647' title='bbox 2590 2044 2785 2100; x_wconf 86' lang='lat' dir='ltr'><strong>mentis</strong></span> <span class='ocrx_word' id='word_1_648' title='bbox 2821 2044 3024 2101; x_wconf 70' lang='lat' dir='ltr'><strong>divitiae</strong></span> <span class='ocrx_word' id='word_1_649' title='bbox 3049 2046 3353 2102; x_wconf 90' lang='lat' dir='ltr'><strong>facilitatem</strong></span> <span class='ocrx_word' id='word_1_650' title='bbox 3384 2048 3539 2104; x_wconf 89' lang='lat' dir='ltr'><strong>nobis</strong></span> <span class='ocrx_word' id='word_1_651' title='bbox 3564 2047 3633 2104; x_wconf 91' lang='lat' dir='ltr'><strong>ad</strong></span> <span class='ocrx_word' id='word_1_652' title='bbox 3676 2049 3826 2105; x_wconf 83' lang='lat' dir='ltr'><strong>eice-</strong></span> 
     </span>
    </p>
   </div>
   <div class='ocr_carea' id='block_1_81' title="bbox 2225 2134 3827 2206">
    <p class='ocr_par' dir='ltr' id='par_1_81' title="bbox 2225 2134 3827 2206">
     <span class='ocr_line' id='line_1_81' title="bbox 2225 2134 3827 2206; baseline 0.004 -19"><span class='ocrx_word' id='word_1_653' title='bbox 2225 2134 2503 2206; x_wconf 84' lang='lat' dir='ltr'><strong>mosynam</strong></span> <span class='ocrx_word' id='word_1_654' title='bbox 2534 2135 2774 2203; x_wconf 70' lang='lat' dir='ltr'><strong>prtebent</strong></span> <span class='ocrx_word' id='word_1_655' title='bbox 2801 2151 2816 2189; x_wconf 89' lang='lat'><strong>:</strong></span> <span class='ocrx_word' id='word_1_656' title='bbox 2844 2135 3275 2206; x_wconf 87' lang='lat' dir='ltr'><strong>quandoquidem</strong></span> <span class='ocrx_word' id='word_1_657' title='bbox 3324 2138 3414 2192; x_wconf 91' lang='lat' dir='ltr'><strong>illa</strong></span> <span class='ocrx_word' id='word_1_658' title='bbox 3456 2138 3620 2194; x_wconf 86' lang='lat' dir='ltr'><strong>etiam</strong></span> <span class='ocrx_word' id='word_1_659' title='bbox 3664 2139 3827 2195; x_wconf 78' lang='lat' dir='ltr'><strong>vidua</strong></span> 
     </span>
    </p>
   </div>
   <div class='ocr_carea' id='block_1_82' title="bbox 2221 2223 3827 2301">
    <p class='ocr_par' dir='ltr' id='par_1_82' title="bbox 2221 2223 3827 2301">
     <span class='ocr_line' id='line_1_82' title="bbox 2221 2223 3827 2301; baseline 0.004 -23"><span class='ocrx_word' id='word_1_660' title='bbox 2221 2223 2433 2281; x_wconf 84' lang='lat' dir='ltr'><strong>duobus</strong></span> <span class='ocrx_word' id='word_1_661' title='bbox 2471 2224 2645 2279; x_wconf 89' lang='lat' dir='ltr'><strong>obolis</strong></span> <span class='ocrx_word' id='word_1_662' title='bbox 2666 2225 2976 2281; x_wconf 88' lang='lat' dir='ltr'><strong>innumeros</strong></span> <span class='ocrx_word' id='word_1_663' title='bbox 3000 2226 3195 2283; x_wconf 85' lang='lat' dir='ltr'><strong>divites</strong></span> <span class='ocrx_word' id='word_1_664' title='bbox 3231 2229 3523 2299; x_wconf 83' lang='lat' dir='ltr'><strong>superavit,</strong></span> <span class='ocrx_word' id='word_1_665' title='bbox 3555 2245 3659 2286; x_wconf 90' lang='lat' dir='ltr'><strong>nec</strong></span> <span class='ocrx_word' id='word_1_666' title='bbox 3688 2246 3827 2301; x_wconf 88' lang='lat' dir='ltr'><strong>pan-</strong></span> 
     </span>
    </p>
   </div>
   <div class='ocr_carea' id='block_1_83' title="bbox 2222 2315 3828 2393">
    <p class='ocr_par' dir='ltr' id='par_1_83' title="bbox 2222 2315 3828 2393">
     <span class='ocr_line' id='line_1_83' title="bbox 2222 2315 3828 2393; baseline 0.006 -25"><span class='ocrx_word' id='word_1_667' title='bbox 2222 2325 2403 2385; x_wconf 88' lang='lat' dir='ltr'><strong>pcrtas</strong></span> <span class='ocrx_word' id='word_1_668' title='bbox 2428 2315 2861 2386; x_wconf 89' lang='lat' dir='ltr'><strong>impedimentum</strong></span> <span class='ocrx_word' id='word_1_669' title='bbox 2876 2317 3082 2388; x_wconf 31' lang='lat' dir='ltr'><strong>,objecit</strong></span> <span class='ocrx_word' id='word_1_670' title='bbox 3103 2317 3252 2389; x_wconf 82' lang='lat' dir='ltr'><strong>(Luc.</strong></span> <span class='ocrx_word' id='word_1_671' title='bbox 3272 2319 3363 2376; x_wconf 77' lang='grc'><strong>21.</strong></span> <span class='ocrx_word' id='word_1_672' title='bbox 3380 2319 3539 2393; x_wconf 61' lang='grc'>24).</span> <span class='ocrx_word' id='word_1_673' title='bbox 3575 2320 3688 2377; x_wconf 82' lang='grc' dir='ltr'><strong>Ιιυο</strong></span> <span class='ocrx_word' id='word_1_674' title='bbox 3708 2323 3828 2379; x_wconf 82' lang='lat' dir='ltr'><strong>ha-e</strong></span> 
     </span>
    </p>
   </div>
   <div class='ocr_carea' id='block_1_84' title="bbox 2225 2407 3828 2484">
    <p class='ocr_par' dir='ltr' id='par_1_84' title="bbox 2225 2407 3828 2484">
     <span class='ocr_line' id='line_1_84' title="bbox 2225 2407 3828 2484; baseline 0.006 -23"><span class='ocrx_word' id='word_1_675' title='bbox 2225 2407 2337 2477; x_wconf 86' lang='lat' dir='ltr'><strong>ipsa</strong></span> <span class='ocrx_word' id='word_1_676' title='bbox 2370 2417 2657 2477; x_wconf 86' lang='lat' dir='ltr'><strong>paupertas</strong></span> <span class='ocrx_word' id='word_1_677' title='bbox 2702 2409 3099 2482; x_wconf 84' lang='lat' dir='ltr'><strong>ciecmosynam</strong></span> <span class='ocrx_word' id='word_1_678' title='bbox 3143 2410 3399 2482; x_wconf 88' lang='lat' dir='ltr'><strong>majorem</strong></span> <span class='ocrx_word' id='word_1_679' title='bbox 3440 2413 3651 2469; x_wconf 75' lang='lat' dir='ltr'><strong>ciiecit:</strong></span> <span class='ocrx_word' id='word_1_680' title='bbox 3680 2416 3828 2484; x_wconf 86' lang='lat' dir='ltr'><strong>quod</strong></span> 
     </span>
    </p>
   </div>
   <div class='ocr_carea' id='block_1_85' title="bbox 2225 2498 3828 2575">
    <p class='ocr_par' dir='ltr' id='par_1_85' title="bbox 2225 2498 3828 2575">
     <span class='ocr_line' id='line_1_85' title="bbox 2225 2498 3828 2575; baseline 0.006 -23"><span class='ocrx_word' id='word_1_681' title='bbox 2225 2499 2410 2568; x_wconf 88' lang='lat' dir='ltr'><strong>utique</strong></span> <span class='ocrx_word' id='word_1_682' title='bbox 2457 2498 2650 2555; x_wconf 79' lang='lat' dir='ltr'><strong>Paulus</strong></span> <span class='ocrx_word' id='word_1_683' title='bbox 2696 2499 2781 2555; x_wconf 89' lang='lat' dir='ltr'><strong>his</strong></span> <span class='ocrx_word' id='word_1_684' title='bbox 2808 2501 2985 2557; x_wconf 88' lang='lat' dir='ltr'><strong>verbis</strong></span> <span class='ocrx_word' id='word_1_685' title='bbox 3022 2504 3334 2573; x_wconf 86' lang='lat' dir='ltr'><strong>expressit:</strong></span> <span class='ocrx_word' id='word_1_686' title='bbox 3377 2504 3637 2560; x_wconf 77' lang='lat' dir='ltr'><strong>Altissima</strong></span> <span class='ocrx_word' id='word_1_687' title='bbox 3687 2524 3828 2575; x_wconf 79' lang='lat' dir='ltr'><strong>pau-</strong></span> 
     </span>
    </p>
   </div>
   <div class='ocr_carea' id='block_1_86' title="bbox 2227 2591 3825 2668">
    <p class='ocr_par' dir='ltr' id='par_1_86' title="bbox 2227 2591 3825 2668">
     <span class='ocr_line' id='line_1_86' title="bbox 2227 2591 3825 2668; baseline 0.006 -26"><span class='ocrx_word' id='word_1_688' title='bbox 2227 2599 2395 2660; x_wconf 83' lang='lat' dir='ltr'><strong>pertas</strong></span> <span class='ocrx_word' id='word_1_689' title='bbox 2415 2591 2686 2644; x_wconf 74' lang='lat' dir='ltr'><strong>abundavit</strong></span> <span class='ocrx_word' id='word_1_690' title='bbox 2704 2592 2758 2645; x_wconf 83' lang='lat' dir='ltr'><strong>in</strong></span> <span class='ocrx_word' id='word_1_691' title='bbox 2785 2592 2988 2647; x_wconf 70' lang='lat' dir='ltr'><strong>divitias</strong></span> <span class='ocrx_word' id='word_1_692' title='bbox 3017 2593 3359 2664; x_wconf 77' lang='lat' dir='ltr'><strong>simplicitatis</strong></span> <span class='ocrx_word' id='word_1_693' title='bbox 3381 2611 3557 2650; x_wconf 72' lang='lat' dir='ltr'><strong>eorum</strong></span> <span class='ocrx_word' id='word_1_694' title='bbox 3579 2595 3674 2668; x_wconf 75' lang='grc'><strong>(2.</strong></span> <span class='ocrx_word' id='word_1_695' title='bbox 3696 2596 3825 2653; x_wconf 89' lang='lat' dir='ltr'><strong>Cor.</strong></span> 
     </span>
    </p>
   </div>
   <div class='ocr_carea' id='block_1_87' title="bbox 2224 2679 3827 2749">
    <p class='ocr_par' dir='ltr' id='par_1_87' title="bbox 2224 2679 3827 2749">
     <span class='ocr_line' id='line_1_87' title="bbox 2224 2679 3827 2749; baseline 0.006 -14"><span class='ocrx_word' id='word_1_696' title='bbox 2224 2682 2278 2735; x_wconf 86' lang='lat'><strong>8.</strong></span> <span class='ocrx_word' id='word_1_697' title='bbox 2302 2679 2383 2749; x_wconf 77' lang='grc'><strong>2).</strong></span> <span class='ocrx_word' id='word_1_698' title='bbox 2404 2680 2518 2735; x_wconf 73' lang='lat' dir='ltr'><strong>Non</strong></span> <span class='ocrx_word' id='word_1_699' title='bbox 2534 2682 2676 2736; x_wconf 88' lang='lat' dir='ltr'><strong>enim</strong></span> <span class='ocrx_word' id='word_1_700' title='bbox 2700 2680 2801 2738; x_wconf 90' lang='lat' dir='ltr'><strong>hoc</strong></span> <span class='ocrx_word' id='word_1_701' title='bbox 2815 2683 3259 2740; x_wconf 84' lang='lat' dir='ltr'><strong>considerandum</strong></span> <span class='ocrx_word' id='word_1_702' title='bbox 3276 2694 3359 2742; x_wconf 87' lang='lat' dir='ltr'><strong>est</strong></span> <span class='ocrx_word' id='word_1_703' title='bbox 3372 2686 3509 2743; x_wconf 85' lang='lat' dir='ltr'><strong>duos</strong></span> <span class='ocrx_word' id='word_1_704' title='bbox 3525 2687 3672 2743; x_wconf 84' lang='lat' dir='ltr'><strong>illam</strong></span> <span class='ocrx_word' id='word_1_705' title='bbox 3690 2688 3827 2745; x_wconf 87' lang='lat' dir='ltr'><strong>obo-</strong></span> 
     </span>
    </p>
   </div>
   <div class='ocr_carea' id='block_1_88' title="bbox 2223 2769 3826 2847">
    <p class='ocr_par' dir='ltr' id='par_1_88' title="bbox 2223 2769 3826 2847">
     <span class='ocr_line' id='line_1_88' title="bbox 2223 2769 3826 2847; baseline 0.008 -23"><span class='ocrx_word' id='word_1_706' title='bbox 2223 2769 2303 2824; x_wconf 88' lang='lat' dir='ltr'><strong>los</strong></span> <span class='ocrx_word' id='word_1_707' title='bbox 2330 2785 2599 2841; x_wconf 81' lang='lat' dir='ltr'><strong>erogasse,</strong></span> <span class='ocrx_word' id='word_1_708' title='bbox 2650 2771 2743 2826; x_wconf 86' lang='lat' dir='ltr'><strong>sed</strong></span> <span class='ocrx_word' id='word_1_709' title='bbox 2773 2773 2914 2844; x_wconf 91' lang='lat' dir='ltr'><strong>quod</strong></span> <span class='ocrx_word' id='word_1_710' title='bbox 2941 2789 3062 2830; x_wconf 90' lang='lat' dir='ltr'><strong>cum</strong></span> <span class='ocrx_word' id='word_1_711' title='bbox 3113 2774 3213 2832; x_wconf 90' lang='lat' dir='ltr'><strong>hos</strong></span> <span class='ocrx_word' id='word_1_712' title='bbox 3261 2777 3406 2834; x_wconf 85' lang='lat' dir='ltr'><strong>solos</strong></span> <span class='ocrx_word' id='word_1_713' title='bbox 3434 2777 3681 2847; x_wconf 83' lang='lat' dir='ltr'><strong>haberet,</strong></span> <span class='ocrx_word' id='word_1_714' title='bbox 3716 2781 3826 2837; x_wconf 82' lang='lat' dir='ltr'><strong>illis</strong></span> 
     </span>
    </p>
   </div>
   <div class='ocr_carea' id='block_1_89' title="bbox 2222 2861 3826 2932">
    <p class='ocr_par' dir='ltr' id='par_1_89' title="bbox 2222 2861 3826 2932">
     <span class='ocr_line' id='line_1_89' title="bbox 2222 2861 3826 2932; baseline 0.009 -18"><span class='ocrx_word' id='word_1_715' title='bbox 2222 2861 2441 2917; x_wconf 89' lang='lat' dir='ltr'><strong>minime</strong></span> <span class='ocrx_word' id='word_1_716' title='bbox 2487 2865 2808 2932; x_wconf 84' lang='lat' dir='ltr'><strong>pepercerit,</strong></span> <span class='ocrx_word' id='word_1_717' title='bbox 2840 2864 2933 2920; x_wconf 88' lang='lat' dir='ltr'><strong>sed</strong></span> <span class='ocrx_word' id='word_1_718' title='bbox 2962 2872 3125 2922; x_wconf 89' lang='lat' dir='ltr'><strong>totam</strong></span> <span class='ocrx_word' id='word_1_719' title='bbox 3142 2867 3492 2925; x_wconf 87' lang='lat' dir='ltr'><strong>substantiam</strong></span> <span class='ocrx_word' id='word_1_720' title='bbox 3518 2886 3671 2927; x_wconf 86' lang='lat' dir='ltr'><strong>suam</strong></span> <span class='ocrx_word' id='word_1_721' title='bbox 3690 2888 3826 2929; x_wconf 84' lang='lat' dir='ltr'><strong>con-</strong></span> 
     </span>
    </p>
   </div>
   <div class='ocr_carea' id='block_1_90' title="bbox 2223 2953 3827 3035">
    <p class='ocr_par' dir='ltr' id='par_1_90' title="bbox 2223 2953 3827 3035">
     <span class='ocr_line' id='line_1_90' title="bbox 2223 2953 3827 3035; baseline 0.007 -27"><span class='ocrx_word' id='word_1_722' title='bbox 2223 2953 2424 3021; x_wconf 90' lang='lat' dir='ltr'><strong>tulerit,</strong></span> <span class='ocrx_word' id='word_1_723' title='bbox 2474 2953 2692 3011; x_wconf 88' lang='lat' dir='ltr'><strong>laudare</strong></span> <span class='ocrx_word' id='word_1_724' title='bbox 2733 2956 2874 3010; x_wconf 85' lang='lat' dir='ltr'><strong>illam</strong></span> <span class='ocrx_word' id='word_1_725' title='bbox 2904 2966 3118 3026; x_wconf 81' lang='lat' dir='ltr'><strong>Oportet</strong></span> <span class='ocrx_word' id='word_1_726' title='bbox 3156 2974 3221 3015; x_wconf 89' lang='lat' dir='ltr'><strong>ac</strong></span> <span class='ocrx_word' id='word_1_727' title='bbox 3267 2960 3471 3016; x_wconf 88' lang='lat' dir='ltr'><strong>mirari.</strong></span> <span class='ocrx_word' id='word_1_728' title='bbox 3512 2960 3631 3019; x_wconf 80' lang='lat' dir='ltr'><strong>Non</strong></span> <span class='ocrx_word' id='word_1_729' title='bbox 3661 2963 3827 3035; x_wconf 87' lang='lat' dir='ltr'><strong>igitur</strong></span> 
     </span>
    </p>
   </div>
   <div class='ocr_carea' id='block_1_91' title="bbox 2220 3045 3823 3125">
    <p class='ocr_par' dir='ltr' id='par_1_91' title="bbox 2220 3045 3823 3125">
     <span class='ocr_line' id='line_1_91' title="bbox 2220 3045 3823 3125; baseline 0.006 -26"><span class='ocrx_word' id='word_1_730' title='bbox 2220 3045 2431 3114; x_wconf 77' lang='lat' dir='ltr'><strong>Opibus,</strong></span> <span class='ocrx_word' id='word_1_731' title='bbox 2460 3045 2556 3101; x_wconf 91' lang='lat' dir='ltr'><strong>scd</strong></span> <span class='ocrx_word' id='word_1_732' title='bbox 2600 3046 2765 3101; x_wconf 90' lang='lat' dir='ltr'><strong>animi</strong></span> <span class='ocrx_word' id='word_1_733' title='bbox 2804 3048 3080 3105; x_wconf 89' lang='lat' dir='ltr'><strong>alacritate</strong></span> <span class='ocrx_word' id='word_1_734' title='bbox 3110 3050 3263 3106; x_wconf 90' lang='lat' dir='ltr'><strong>nobis</strong></span> <span class='ocrx_word' id='word_1_735' title='bbox 3304 3059 3389 3107; x_wconf 88' lang='lat' dir='ltr'><strong>est</strong></span> <span class='ocrx_word' id='word_1_736' title='bbox 3411 3066 3570 3122; x_wconf 88' lang='lat' dir='ltr'><strong>opus,</strong></span> <span class='ocrx_word' id='word_1_737' title='bbox 3601 3054 3823 3125; x_wconf 87' lang='lat' dir='ltr'><strong>quando</strong></span> 
     </span>
    </p>
   </div>
   <div class='ocr_carea' id='block_1_92' title="bbox 2222 3136 3823 3212">
    <p class='ocr_par' dir='ltr' id='par_1_92' title="bbox 2222 3136 3823 3212">
     <span class='ocr_line' id='line_1_92' title="bbox 2222 3136 3823 3212; baseline 0.006 -20"><span class='ocrx_word' id='word_1_738' title='bbox 2222 3136 2519 3206; x_wconf 77' lang='lat' dir='ltr'><strong>excipiendi</strong></span> <span class='ocrx_word' id='word_1_739' title='bbox 2548 3146 2671 3192; x_wconf 90' lang='lat' dir='ltr'><strong>sunt</strong></span> <span class='ocrx_word' id='word_1_740' title='bbox 2699 3137 2955 3208; x_wconf 87' lang='lat' dir='ltr'><strong>hospites.</strong></span> <span class='ocrx_word' id='word_1_741' title='bbox 2984 3139 3115 3195; x_wconf 83' lang='lat' dir='ltr'><strong>Nam</strong></span> <span class='ocrx_word' id='word_1_742' title='bbox 3143 3142 3597 3212; x_wconf 84' lang='lat' dir='ltr'><strong>quemadmodum</strong></span> <span class='ocrx_word' id='word_1_743' title='bbox 3623 3146 3669 3199; x_wconf 88' lang='lat' dir='ltr'><strong>si</strong></span> <span class='ocrx_word' id='word_1_744' title='bbox 3700 3144 3823 3201; x_wconf 85' lang='lat' dir='ltr'><strong>ha:c</strong></span> 
     </span>
    </p>
   </div>
   <div class='ocr_carea' id='block_1_93' title="bbox 2222 3226 3822 3305">
    <p class='ocr_par' dir='ltr' id='par_1_93' title="bbox 2222 3226 3822 3305">
     <span class='ocr_line' id='line_1_93' title="bbox 2222 3226 3822 3305; baseline 0.006 -25"><span class='ocrx_word' id='word_1_745' title='bbox 2222 3226 2382 3292; x_wconf 86' lang='lat' dir='ltr'><strong>adsit,</strong></span> <span class='ocrx_word' id='word_1_746' title='bbox 2412 3227 2541 3282; x_wconf 91' lang='lat' dir='ltr'><strong>nihil</strong></span> <span class='ocrx_word' id='word_1_747' title='bbox 2565 3242 2760 3283; x_wconf 87' lang='lat' dir='ltr'><strong>nocere</strong></span> <span class='ocrx_word' id='word_1_748' title='bbox 2785 3238 2959 3298; x_wconf 86' lang='lat' dir='ltr'><strong>potest</strong></span> <span class='ocrx_word' id='word_1_749' title='bbox 2990 3242 3274 3301; x_wconf 87' lang='lat' dir='ltr'><strong>paupertas</strong></span> <span class='ocrx_word' id='word_1_750' title='bbox 3302 3250 3316 3285; x_wconf 92' lang='lat'><strong>:</strong></span> <span class='ocrx_word' id='word_1_751' title='bbox 3348 3234 3426 3288; x_wconf 88' lang='lat' dir='ltr'><strong>sic</strong></span> <span class='ocrx_word' id='word_1_752' title='bbox 3447 3235 3492 3289; x_wconf 85' lang='lat' dir='ltr'><strong>si</strong></span> <span class='ocrx_word' id='word_1_753' title='bbox 3516 3233 3631 3291; x_wconf 68' lang='lat' dir='ltr'><strong>hazc</strong></span> <span class='ocrx_word' id='word_1_754' title='bbox 3653 3237 3822 3305; x_wconf 84' lang='lat' dir='ltr'><strong>absit,</strong></span> 
     </span>
    </p>
   </div>
   <div class='ocr_carea' id='block_1_94' title="bbox 2222 3317 3816 3390">
    <p class='ocr_par' dir='ltr' id='par_1_94' title="bbox 2222 3317 3816 3390">
     <span class='ocr_line' id='line_1_94' title="bbox 2222 3317 3816 3390; baseline 0.008 -19"><span class='ocrx_word' id='word_1_755' title='bbox 2222 3317 2353 3373; x_wconf 89' lang='lat' dir='ltr'><strong>nihil</strong></span> <span class='ocrx_word' id='word_1_756' title='bbox 2385 3319 2622 3388; x_wconf 83' lang='lat' dir='ltr'><strong>proderit</strong></span> <span class='ocrx_word' id='word_1_757' title='bbox 2645 3320 2938 3390; x_wconf 89' lang='lat' dir='ltr'><strong>opulentia.</strong></span> <span class='ocrx_word' id='word_1_758' title='bbox 2970 3322 3107 3390; x_wconf 88' lang='lat' dir='ltr'><strong>Quid</strong></span> <span class='ocrx_word' id='word_1_759' title='bbox 3137 3323 3216 3378; x_wconf 90' lang='lat' dir='ltr'><strong>ais</strong></span> <span class='ocrx_word' id='word_1_760' title='bbox 3241 3323 3265 3376; x_wconf 82' lang='lat'><strong>?</strong></span> <span class='ocrx_word' id='word_1_761' title='bbox 3291 3324 3487 3380; x_wconf 86' lang='lat' dir='ltr'><strong>Curam</strong></span> <span class='ocrx_word' id='word_1_762' title='bbox 3519 3325 3816 3383; x_wconf 86' lang='lat' dir='ltr'><strong>liberorum</strong></span> 
     </span>
    </p>
   </div>
   <div class='ocr_carea' id='block_1_95' title="bbox 2221 3414 3825 3492">
    <p class='ocr_par' dir='ltr' id='par_1_95' title="bbox 2221 3414 3825 3492">
     <span class='ocr_line' id='line_1_95' title="bbox 2221 3414 3825 3492; baseline 0.003 -22"><span class='ocrx_word' id='word_1_763' title='bbox 2221 3414 2358 3484; x_wconf 88' lang='lat' dir='ltr'><strong>gerit</strong></span> <span class='ocrx_word' id='word_1_764' title='bbox 2382 3415 2558 3479; x_wconf 80' lang='lat' dir='ltr'><strong>vidua,</strong></span> <span class='ocrx_word' id='word_1_765' title='bbox 2586 3426 2640 3470; x_wconf 90' lang='lat' dir='ltr'><strong>et</strong></span> <span class='ocrx_word' id='word_1_766' title='bbox 2669 3415 2869 3470; x_wconf 89' lang='lat' dir='ltr'><strong>idcirco</strong></span> <span class='ocrx_word' id='word_1_767' title='bbox 2894 3416 3205 3487; x_wconf 85' lang='lat' dir='ltr'><strong>peregrinos</strong></span> <span class='ocrx_word' id='word_1_768' title='bbox 3245 3415 3427 3474; x_wconf 79' lang='lat' dir='ltr'><strong>fovere</strong></span> <span class='ocrx_word' id='word_1_769' title='bbox 3454 3434 3563 3473; x_wconf 90' lang='lat' dir='ltr'><strong>non</strong></span> <span class='ocrx_word' id='word_1_770' title='bbox 3592 3430 3773 3492; x_wconf 88' lang='lat' dir='ltr'><strong>potest</strong></span> <span class='ocrx_word' id='word_1_771' title='bbox 3798 3422 3825 3475; x_wconf 67' lang='grc' dir='ltr'><em>ἲ</em></span> 
     </span>
    </p>
   </div>
   <div class='ocr_carea' id='block_1_96' title="bbox 2224 3504 3826 3581">
    <p class='ocr_par' dir='ltr' id='par_1_96' title="bbox 2224 3504 3826 3581">
     <span class='ocr_line' id='line_1_96' title="bbox 2224 3504 3826 3581; baseline 0.006 -22"><span class='ocrx_word' id='word_1_772' title='bbox 2224 3504 2334 3561; x_wconf 84' lang='grc' dir='ltr'><strong>Ιιιιο</strong></span> <span class='ocrx_word' id='word_1_773' title='bbox 2357 3521 2484 3561; x_wconf 82' lang='lat' dir='ltr'><strong>vero</strong></span> <span class='ocrx_word' id='word_1_774' title='bbox 2502 3505 2639 3562; x_wconf 89' lang='lat' dir='ltr'><strong>hanc</strong></span> <span class='ocrx_word' id='word_1_775' title='bbox 2661 3505 2904 3562; x_wconf 88' lang='lat' dir='ltr'><strong>eamdem</strong></span> <span class='ocrx_word' id='word_1_776' title='bbox 2926 3507 2997 3563; x_wconf 92' lang='lat' dir='ltr'><strong>oh</strong></span> <span class='ocrx_word' id='word_1_777' title='bbox 3018 3522 3235 3563; x_wconf 86' lang='lat' dir='ltr'><strong>causam</strong></span> <span class='ocrx_word' id='word_1_778' title='bbox 3259 3506 3466 3565; x_wconf 87' lang='lat' dir='ltr'><strong>facilius</strong></span> <span class='ocrx_word' id='word_1_779' title='bbox 3490 3510 3540 3566; x_wconf 92' lang='lat' dir='ltr'><strong>id</strong></span> <span class='ocrx_word' id='word_1_780' title='bbox 3559 3522 3826 3581; x_wconf 74' lang='lat' dir='ltr'><strong>praestare</strong></span> 
     </span>
    </p>
   </div>
   <div class='ocr_carea' id='block_1_97' title="bbox 2222 3596 3823 3668">
    <p class='ocr_par' dir='ltr' id='par_1_97' title="bbox 2222 3596 3823 3668">
     <span class='ocr_line' id='line_1_97' title="bbox 2222 3596 3823 3668; baseline 0.005 -17"><span class='ocrx_word' id='word_1_781' title='bbox 2222 3596 2436 3668; x_wconf 86' lang='lat' dir='ltr'><strong>poterit,</strong></span> <span class='ocrx_word' id='word_1_782' title='bbox 2464 3611 2584 3651; x_wconf 89' lang='lat' dir='ltr'><strong>cum</strong></span> <span class='ocrx_word' id='word_1_783' title='bbox 2613 3597 2665 3651; x_wconf 93' lang='lat' dir='ltr'><strong>in</strong></span> <span class='ocrx_word' id='word_1_784' title='bbox 2689 3597 3021 3653; x_wconf 88' lang='lat' dir='ltr'><strong>consortium</strong></span> <span class='ocrx_word' id='word_1_785' title='bbox 3067 3596 3367 3654; x_wconf 88' lang='lat' dir='ltr'><strong>ofiictorum</strong></span> <span class='ocrx_word' id='word_1_786' title='bbox 3393 3600 3823 3660; x_wconf 85' lang='lat' dir='ltr'><strong>exhibendorum</strong></span> 
     </span>
    </p>
   </div>
   <div class='ocr_carea' id='block_1_98' title="bbox 2224 3686 3823 3759">
    <p class='ocr_par' dir='ltr' id='par_1_98' title="bbox 2224 3686 3823 3759">
     <span class='ocr_line' id='line_1_98' title="bbox 2224 3686 3823 3759; baseline 0.004 -18"><span class='ocrx_word' id='word_1_787' title='bbox 2224 3688 2361 3744; x_wconf 88' lang='lat' dir='ltr'><strong>lilios</strong></span> <span class='ocrx_word' id='word_1_788' title='bbox 2390 3689 2562 3758; x_wconf 86' lang='lat' dir='ltr'><strong>poscit</strong></span> <span class='ocrx_word' id='word_1_789' title='bbox 2586 3686 2911 3755; x_wconf 87' lang='lat' dir='ltr'><strong>adsciscere,</strong></span> <span class='ocrx_word' id='word_1_790' title='bbox 2941 3687 3031 3757; x_wconf 90' lang='lat' dir='ltr'><strong>qui</strong></span> <span class='ocrx_word' id='word_1_791' title='bbox 3060 3687 3221 3742; x_wconf 86' lang='lat' dir='ltr'><strong>simul</strong></span> <span class='ocrx_word' id='word_1_792' title='bbox 3244 3687 3452 3759; x_wconf 83' lang='lat' dir='ltr'><strong>juvent,</strong></span> <span class='ocrx_word' id='word_1_793' title='bbox 3481 3699 3537 3745; x_wconf 90' lang='lat' dir='ltr'><strong>et</strong></span> <span class='ocrx_word' id='word_1_794' title='bbox 3558 3692 3695 3746; x_wconf 75' lang='lat' dir='ltr'><strong>cum&#39;</strong></span> <span class='ocrx_word' id='word_1_795' title='bbox 3730 3693 3823 3748; x_wconf 85' lang='lat' dir='ltr'><strong>illa</strong></span> 
     </span>
    </p>
   </div>
   <div class='ocr_carea' id='block_1_99' title="bbox 2221 3779 3821 3855">
    <p class='ocr_par' dir='ltr' id='par_1_99' title="bbox 2221 3779 3821 3855">
     <span class='ocr_line' id='line_1_99' title="bbox 2221 3779 3821 3855; baseline 0.002 -20"><span class='ocrx_word' id='word_1_796' title='bbox 2221 3780 2532 3850; x_wconf 81' lang='lat' dir='ltr'><strong>praeclarum</strong></span> <span class='ocrx_word' id='word_1_797' title='bbox 2559 3779 2689 3834; x_wconf 92' lang='lat' dir='ltr'><strong>illud</strong></span> <span class='ocrx_word' id='word_1_798' title='bbox 2718 3794 2853 3848; x_wconf 88' lang='lat' dir='ltr'><strong>opus</strong></span> <span class='ocrx_word' id='word_1_799' title='bbox 2875 3788 3254 3849; x_wconf 87' lang='lat' dir='ltr'><strong>exsequantur.</strong></span> <span class='ocrx_word' id='word_1_800' title='bbox 3295 3780 3478 3851; x_wconf 87' lang='lat' dir='ltr'><strong>itaque</strong></span> <span class='ocrx_word' id='word_1_801' title='bbox 3504 3798 3611 3838; x_wconf 90' lang='lat' dir='ltr'><strong>non</strong></span> <span class='ocrx_word' id='word_1_802' title='bbox 3644 3784 3821 3855; x_wconf 86' lang='lat' dir='ltr'><strong>impe-</strong></span> 
     </span>
    </p>
   </div>
   <div class='ocr_carea' id='block_1_100' title="bbox 2221 3867 3822 3939">
    <p class='ocr_par' dir='ltr' id='par_1_100' title="bbox 2221 3867 3822 3939">
     <span class='ocr_line' id='line_1_100' title="bbox 2221 3867 3822 3939; baseline 0.004 -15"><span class='ocrx_word' id='word_1_803' title='bbox 2221 3870 2536 3936; x_wconf 90' lang='lat' dir='ltr'><strong>dimentum,</strong></span> <span class='ocrx_word' id='word_1_804' title='bbox 2568 3867 2663 3923; x_wconf 89' lang='lat' dir='ltr'><strong>sed</strong></span> <span class='ocrx_word' id='word_1_805' title='bbox 2693 3868 2947 3924; x_wconf 83' lang='lat' dir='ltr'><strong>auxilium</strong></span> <span class='ocrx_word' id='word_1_806' title='bbox 2986 3868 3361 3939; x_wconf 75' lang='lat' dir='ltr'><strong>hoSpitalitatis</strong></span> <span class='ocrx_word' id='word_1_807' title='bbox 3386 3873 3488 3927; x_wconf 88' lang='lat' dir='ltr'><strong>erit</strong></span> <span class='ocrx_word' id='word_1_808' title='bbox 3528 3873 3822 3930; x_wconf 86' lang='lat' dir='ltr'><strong>multitudo</strong></span> 
     </span>
    </p>
   </div>
   <div class='ocr_carea' id='block_1_101' title="bbox 2223 3959 3819 4038">
    <p class='ocr_par' dir='ltr' id='par_1_101' title="bbox 2223 3959 3819 4038">
     <span class='ocr_line' id='line_1_101' title="bbox 2223 3959 3819 4038; baseline 0.007 -24"><span class='ocrx_word' id='word_1_809' title='bbox 2223 3959 2528 4026; x_wconf 88' lang='lat' dir='ltr'><strong>liberorum,</strong></span> <span class='ocrx_word' id='word_1_810' title='bbox 2557 3969 2611 4015; x_wconf 88' lang='lat' dir='ltr'><strong>et</strong></span> <span class='ocrx_word' id='word_1_811' title='bbox 2627 3961 2911 4017; x_wconf 86' lang='lat' dir='ltr'><strong>multorum</strong></span> <span class='ocrx_word' id='word_1_812' title='bbox 2934 3978 3122 4017; x_wconf 88' lang='lat' dir='ltr'><strong>matms</strong></span> <span class='ocrx_word' id='word_1_813' title='bbox 3142 3963 3292 4033; x_wconf 85' lang='lat' dir='ltr'><strong>operi</strong></span> <span class='ocrx_word' id='word_1_814' title='bbox 3312 3963 3543 4022; x_wconf 65' lang='lat' dir='ltr'><strong>admota:</strong></span> <span class='ocrx_word' id='word_1_815' title='bbox 3567 3982 3819 4038; x_wconf 86' lang='lat' dir='ltr'><strong>magnam</strong></span> 
     </span>
    </p>
   </div>
   <div class='ocr_carea' id='block_1_102' title="bbox 2220 4042 3824 4115">
    <p class='ocr_par' dir='ltr' id='par_1_102' title="bbox 2220 4042 3824 4115">
     <span class='ocr_line' id='line_1_102' title="bbox 2220 4042 3824 4115; baseline 0.007 -10"><span class='ocrx_word' id='word_1_816' title='bbox 2220 4053 2444 4107; x_wconf 72' lang='lat' dir='ltr'><strong>aitercnt</strong></span> <span class='ocrx_word' id='word_1_817' title='bbox 2485 4052 2785 4108; x_wconf 86' lang='lat' dir='ltr'><strong>ministerio</strong></span> <span class='ocrx_word' id='word_1_818' title='bbox 2814 4052 3139 4109; x_wconf 88' lang='lat' dir='ltr'><strong>facilitatem.</strong></span> <span class='ocrx_word' id='word_1_819' title='bbox 3172 4042 3292 4109; x_wconf 83' lang='lat' dir='ltr'><strong>Noli</strong></span> <span class='ocrx_word' id='word_1_820' title='bbox 3315 4056 3456 4110; x_wconf 89' lang='lat' dir='ltr'><strong>enim</strong></span> <span class='ocrx_word' id='word_1_821' title='bbox 3497 4058 3628 4111; x_wconf 90' lang='lat' dir='ltr'><strong>mihi</strong></span> <span class='ocrx_word' id='word_1_822' title='bbox 3670 4075 3824 4115; x_wconf 88' lang='lat' dir='ltr'><strong>sum—</strong></span> 
     </span>
    </p>
   </div>
   <div class='ocr_carea' id='block_1_103' title="bbox 2224 4145 3823 4217">
    <p class='ocr_par' dir='ltr' id='par_1_103' title="bbox 2224 4145 3823 4217">
     <span class='ocr_line' id='line_1_103' title="bbox 2224 4145 3823 4217; baseline 0.007 -21"><span class='ocrx_word' id='word_1_823' title='bbox 2224 4152 2463 4213; x_wconf 87' lang='lat' dir='ltr'><strong>ptuosam</strong></span> <span class='ocrx_word' id='word_1_824' title='bbox 2491 4158 2731 4199; x_wconf 90' lang='lat' dir='ltr'><strong>mensam</strong></span> <span class='ocrx_word' id='word_1_825' title='bbox 2758 4158 3181 4201; x_wconf 89' lang='lat' dir='ltr'><strong>commemorare</strong></span> <span class='ocrx_word' id='word_1_826' title='bbox 3201 4145 3275 4201; x_wconf 87' lang='lat' dir='ltr'><strong>:si</strong></span> <span class='ocrx_word' id='word_1_827' title='bbox 3306 4147 3645 4217; x_wconf 83' lang='lat' dir='ltr'><strong>peregrinum</strong></span> <span class='ocrx_word' id='word_1_828' title='bbox 3676 4159 3823 4207; x_wconf 82' lang='lat' dir='ltr'><strong>tecto</strong></span> 
     </span>
    </p>
   </div>
   <div class='ocr_carea' id='block_1_104' title="bbox 2221 4235 3815 4309">
    <p class='ocr_par' dir='ltr' id='par_1_104' title="bbox 2221 4235 3815 4309">
     <span class='ocr_line' id='line_1_104' title="bbox 2221 4235 3815 4309; baseline 0.004 -18"><span class='ocrx_word' id='word_1_829' title='bbox 2221 4239 2509 4306; x_wconf 83' lang='lat' dir='ltr'><strong>exceperit,</strong></span> <span class='ocrx_word' id='word_1_830' title='bbox 2554 4235 2601 4292; x_wconf 87' lang='lat' dir='ltr'><strong>si</strong></span> <span class='ocrx_word' id='word_1_831' title='bbox 2620 4253 2739 4307; x_wconf 66' lang='lat' dir='ltr'><strong>qua:</strong></span> <span class='ocrx_word' id='word_1_832' title='bbox 2764 4237 3117 4308; x_wconf 86' lang='lat' dir='ltr'><strong>suppetebant</strong></span> <span class='ocrx_word' id='word_1_833' title='bbox 3142 4244 3471 4309; x_wconf 88' lang='lat' dir='ltr'><strong>apposuerit,</strong></span> <span class='ocrx_word' id='word_1_834' title='bbox 3499 4242 3545 4297; x_wconf 87' lang='lat' dir='ltr'><strong>si</strong></span> <span class='ocrx_word' id='word_1_835' title='bbox 3583 4245 3815 4299; x_wconf 85' lang='lat' dir='ltr'><strong>multam</strong></span> 
     </span>
    </p>
   </div>
   <div class='ocr_carea' id='block_1_105' title="bbox 2222 4326 3817 4398">
    <p class='ocr_par' dir='ltr' id='par_1_105' title="bbox 2222 4326 3817 4398">
     <span class='ocr_line' id='line_1_105' title="bbox 2222 4326 3817 4398; baseline 0.005 -19"><span class='ocrx_word' id='word_1_836' title='bbox 2222 4326 2604 4382; x_wconf 89' lang='lat' dir='ltr'><strong>humanitatem</strong></span> <span class='ocrx_word' id='word_1_837' title='bbox 2648 4336 2703 4381; x_wconf 91' lang='lat' dir='ltr'><strong>et</strong></span> <span class='ocrx_word' id='word_1_838' title='bbox 2754 4330 3060 4384; x_wconf 89' lang='lat' dir='ltr'><strong>comitatem</strong></span> <span class='ocrx_word' id='word_1_839' title='bbox 3106 4328 3443 4398; x_wconf 86' lang='lat' dir='ltr'><strong>exhibuerit,</strong></span> <span class='ocrx_word' id='word_1_840' title='bbox 3502 4334 3817 4390; x_wconf 86' lang='lat' dir='ltr'><strong>mercedem</strong></span> 
     </span>
    </p>
   </div>
   <div class='ocr_carea' id='block_1_106' title="bbox 2223 4417 3821 4496">
    <p class='ocr_par' dir='ltr' id='par_1_106' title="bbox 2223 4417 3821 4496">
     <span class='ocr_line' id='line_1_106' title="bbox 2223 4417 3821 4496; baseline 0.007 -26"><span class='ocrx_word' id='word_1_841' title='bbox 2223 4433 2435 4472; x_wconf 81' lang='lat' dir='ltr'><strong>munem</strong></span> <span class='ocrx_word' id='word_1_842' title='bbox 2479 4417 2856 4489; x_wconf 86' lang='lat' dir='ltr'><strong>hospitalitatis</strong></span> <span class='ocrx_word' id='word_1_843' title='bbox 2895 4420 3207 4489; x_wconf 89' lang='lat' dir='ltr'><strong>promeruit.</strong></span> <span class='ocrx_word' id='word_1_844' title='bbox 3236 4420 3379 4496; x_wconf 83' lang='lat' dir='ltr'><strong>Nam</strong></span> <span class='ocrx_word' id='word_1_845' title='bbox 3399 4423 3443 4478; x_wconf 87' lang='lat' dir='ltr'><strong>si</strong></span> <span class='ocrx_word' id='word_1_846' title='bbox 3471 4424 3624 4479; x_wconf 87' lang='lat' dir='ltr'><strong>solus</strong></span> <span class='ocrx_word' id='word_1_847' title='bbox 3661 4440 3821 4496; x_wconf 66' lang='lat' dir='ltr'><strong>aqua:</strong></span> 
     </span>
    </p>
   </div>
   <div class='ocr_carea' id='block_1_107' title="bbox 2221 4494 3816 4587">
    <p class='ocr_par' dir='ltr' id='par_1_107' title="bbox 2221 4494 3816 4587">
     <span class='ocr_line' id='line_1_107' title="bbox 2221 4494 3816 4587; baseline 0.008 -25"><span class='ocrx_word' id='word_1_848' title='bbox 2221 4508 2421 4579; x_wconf 59' lang='lat' dir='ltr'><strong>frigidm</strong></span> <span class='ocrx_word' id='word_1_849' title='bbox 2441 4510 2576 4563; x_wconf 86' lang='lat' dir='ltr'><strong>calix</strong></span> <span class='ocrx_word' id='word_1_850' title='bbox 2597 4524 2816 4580; x_wconf 87' lang='lat' dir='ltr'><strong>regnum</strong></span> <span class='ocrx_word' id='word_1_851' title='bbox 2837 4510 3339 4567; x_wconf 74' lang='lat' dir='ltr'><strong>ca-lorumconciliat</strong></span> <span class='ocrx_word' id='word_1_852' title='bbox 3358 4494 3581 4587; x_wconf 59' lang='lat' dir='ltr'><strong>(Matth.</strong></span> <span class='ocrx_word' id='word_1_853' title='bbox 3596 4494 3816 4586; x_wconf 51' lang='grc' dir='ltr'><strong>ιολε),</strong></span> 
     </span>
    </p>
   </div>
   <div class='ocr_carea' id='block_1_108' title="bbox 2220 4601 3815 4674">
    <p class='ocr_par' dir='ltr' id='par_1_108' title="bbox 2220 4601 3815 4674">
     <span class='ocr_line' id='line_1_108' title="bbox 2220 4601 3815 4674; baseline 0.006 -19"><span class='ocrx_word' id='word_1_854' title='bbox 2220 4617 2319 4655; x_wconf 90' lang='lat' dir='ltr'><strong>suo</strong></span> <span class='ocrx_word' id='word_1_855' title='bbox 2348 4610 2488 4656; x_wconf 84' lang='lat' dir='ltr'><strong>tecto</strong></span> <span class='ocrx_word' id='word_1_856' title='bbox 2506 4601 2776 4671; x_wconf 86' lang='lat' dir='ltr'><strong>excipere,</strong></span> <span class='ocrx_word' id='word_1_857' title='bbox 2809 4616 3008 4656; x_wconf 69' lang='lat' dir='ltr'><strong>mensae</strong></span> <span class='ocrx_word' id='word_1_858' title='bbox 3038 4602 3351 4674; x_wconf 80' lang='lat' dir='ltr'><strong>participem</strong></span> <span class='ocrx_word' id='word_1_859' title='bbox 3381 4605 3705 4670; x_wconf 73' lang='lat' dir='ltr'><strong>adsciscere.</strong></span> <span class='ocrx_word' id='word_1_860' title='bbox 3751 4624 3815 4664; x_wconf 86' lang='lat' dir='ltr'><strong>ac</strong></span> 
     </span>
    </p>
   </div>
   <div class='ocr_carea' id='block_1_109' title="bbox 2221 4692 3813 4767">
    <p class='ocr_par' dir='ltr' id='par_1_109' title="bbox 2221 4692 3813 4767">
     <span class='ocr_line' id='line_1_109' title="bbox 2221 4692 3813 4767; baseline 0.006 -19"><span class='ocrx_word' id='word_1_861' title='bbox 2221 4694 2461 4765; x_wconf 84' lang='lat' dir='ltr'><strong>reticere,</strong></span> <span class='ocrx_word' id='word_1_862' title='bbox 2486 4703 2764 4765; x_wconf 89' lang='lat' dir='ltr'><strong>quantum,</strong></span> <span class='ocrx_word' id='word_1_863' title='bbox 2804 4708 3008 4765; x_wconf 67' lang='lat' dir='ltr'><strong>quaeso,</strong></span> <span class='ocrx_word' id='word_1_864' title='bbox 3050 4692 3279 4751; x_wconf 92' lang='lat' dir='ltr'><strong>fructum</strong></span> <span class='ocrx_word' id='word_1_865' title='bbox 3321 4697 3529 4767; x_wconf 79' lang='lat' dir='ltr'><strong>pariet?</strong></span> <span class='ocrx_word' id='word_1_866' title='bbox 3568 4699 3650 4756; x_wconf 81' lang='lat' dir='ltr'><strong>Ac</strong></span> <span class='ocrx_word' id='word_1_867' title='bbox 3668 4701 3813 4763; x_wconf 86' lang='lat' dir='ltr'><strong>vide.</strong></span> 
     </span>
    </p>
   </div>
   <div class='ocr_carea' id='block_1_110' title="bbox 2219 4785 3815 4862">
    <p class='ocr_par' dir='ltr' id='par_1_110' title="bbox 2219 4785 3815 4862">
     <span class='ocr_line' id='line_1_110' title="bbox 2219 4785 3815 4862; baseline 0.004 -23"><span class='ocrx_word' id='word_1_868' title='bbox 2219 4801 2377 4856; x_wconf 88' lang='lat' dir='ltr'><strong>quam</strong></span> <span class='ocrx_word' id='word_1_869' title='bbox 2404 4793 2655 4841; x_wconf 83' lang='lat' dir='ltr'><strong>accurate</strong></span> <span class='ocrx_word' id='word_1_870' title='bbox 2673 4801 2787 4841; x_wconf 90' lang='lat' dir='ltr'><strong>rem</strong></span> <span class='ocrx_word' id='word_1_871' title='bbox 2806 4785 3001 4841; x_wconf 85' lang='lat' dir='ltr'><strong>Paulus</strong></span> <span class='ocrx_word' id='word_1_872' title='bbox 3020 4797 3270 4858; x_wconf 87' lang='lat' dir='ltr'><strong>exponat.</strong></span> <span class='ocrx_word' id='word_1_873' title='bbox 3293 4788 3411 4844; x_wconf 85' lang='lat' dir='ltr'><strong>Non</strong></span> <span class='ocrx_word' id='word_1_874' title='bbox 3437 4789 3582 4845; x_wconf 88' lang='lat' dir='ltr'><strong>enim</strong></span> <span class='ocrx_word' id='word_1_875' title='bbox 3601 4791 3815 4862; x_wconf 79' lang='lat' dir='ltr'><strong>simpli-</strong></span> 
     </span>
    </p>
   </div>
   <div class='ocr_carea' id='block_1_111' title="bbox 2218 4878 3814 4953">
    <p class='ocr_par' dir='ltr' id='par_1_111' title="bbox 2218 4878 3814 4953">
     <span class='ocr_line' id='line_1_111' title="bbox 2218 4878 3814 4953; baseline 0.004 -19"><span class='ocrx_word' id='word_1_876' title='bbox 2218 4880 2352 4935; x_wconf 88' lang='lat' dir='ltr'><strong>citer</strong></span> <span class='ocrx_word' id='word_1_877' title='bbox 2375 4878 2480 4934; x_wconf 88' lang='lat' dir='ltr'><strong>hoc</strong></span> <span class='ocrx_word' id='word_1_878' title='bbox 2503 4880 2623 4934; x_wconf 92' lang='lat' dir='ltr'><strong>loco</strong></span> <span class='ocrx_word' id='word_1_879' title='bbox 2634 4878 3049 4947; x_wconf 89' lang='lat' dir='ltr'><strong>hospitalitatem</strong></span> <span class='ocrx_word' id='word_1_880' title='bbox 3075 4879 3261 4951; x_wconf 90' lang='lat' dir='ltr'><strong>exigit.</strong></span> <span class='ocrx_word' id='word_1_881' title='bbox 3294 4880 3388 4936; x_wconf 88' lang='lat' dir='ltr'><strong>sed</strong></span> <span class='ocrx_word' id='word_1_882' title='bbox 3408 4897 3528 4937; x_wconf 85' lang='lat' dir='ltr'><strong>eam</strong></span> <span class='ocrx_word' id='word_1_883' title='bbox 3548 4899 3673 4953; x_wconf 67' lang='lat' dir='ltr'><strong>qum</strong></span> <span class='ocrx_word' id='word_1_884' title='bbox 3690 4899 3814 4941; x_wconf 91' lang='lat' dir='ltr'><strong>cum</strong></span> 
     </span>
    </p>
   </div>
   <div class='ocr_carea' id='block_1_112' title="bbox 2218 4970 3815 5044">
    <p class='ocr_par' dir='ltr' id='par_1_112' title="bbox 2218 4970 3815 5044">
     <span class='ocr_line' id='line_1_112' title="bbox 2218 4970 3815 5044; baseline 0.004 -19"><span class='ocrx_word' id='word_1_885' title='bbox 2218 4972 2382 5026; x_wconf 90' lang='lat' dir='ltr'><strong>animi</strong></span> <span class='ocrx_word' id='word_1_886' title='bbox 2430 4970 2867 5041; x_wconf 90' lang='lat' dir='ltr'><strong>promptitudine,</strong></span> <span class='ocrx_word' id='word_1_887' title='bbox 2917 4970 3117 5026; x_wconf 87' lang='lat' dir='ltr'><strong>fervida</strong></span> <span class='ocrx_word' id='word_1_888' title='bbox 3164 4981 3365 5039; x_wconf 90' lang='lat' dir='ltr'><strong>mente,</strong></span> <span class='ocrx_word' id='word_1_889' title='bbox 3408 4983 3569 5044; x_wconf 83' lang='lat' dir='ltr'><strong>atque</strong></span> <span class='ocrx_word' id='word_1_890' title='bbox 3599 4976 3815 5031; x_wconf 88' lang='lat' dir='ltr'><strong>ardenti</strong></span> 
     </span>
    </p>
   </div>
   <div class='ocr_carea' id='block_1_113' title="bbox 2216 5061 3820 5135">
    <p class='ocr_par' dir='ltr' id='par_1_113' title="bbox 2216 5061 3820 5135">
     <span class='ocr_line' id='line_1_113' title="bbox 2216 5061 3820 5135; baseline 0.003 -20"><span class='ocrx_word' id='word_1_891' title='bbox 2216 5064 2407 5118; x_wconf 81' lang='lat' dir='ltr'><strong>ail’ectu</strong></span> <span class='ocrx_word' id='word_1_892' title='bbox 2433 5062 2734 5118; x_wconf 88' lang='lat' dir='ltr'><strong>exhibetur.</strong></span> <span class='ocrx_word' id='word_1_893' title='bbox 2772 5061 2906 5116; x_wconf 90' lang='lat' dir='ltr'><strong>Cum</strong></span> <span class='ocrx_word' id='word_1_894' title='bbox 2936 5062 3076 5116; x_wconf 91' lang='lat' dir='ltr'><strong>enim</strong></span> <span class='ocrx_word' id='word_1_895' title='bbox 3106 5062 3350 5129; x_wconf 86' lang='lat' dir='ltr'><strong>dixisset,</strong></span> <span class='ocrx_word' id='word_1_896' title='bbox 3384 5063 3446 5117; x_wconf 83' lang='lat' dir='ltr'><strong>Si</strong></span> <span class='ocrx_word' id='word_1_897' title='bbox 3473 5064 3695 5135; x_wconf 80' lang='lat' dir='ltr'><strong>hospitio</strong></span> <span class='ocrx_word' id='word_1_898' title='bbox 3735 5084 3820 5120; x_wconf 74' lang='lat' dir='ltr'><strong>ex-</strong></span> 
     </span>
    </p>
   </div>
   <div class='ocr_carea' id='block_1_114' title="bbox 2218 5153 3813 5225">
    <p class='ocr_par' dir='ltr' id='par_1_114' title="bbox 2218 5153 3813 5225">
     <span class='ocr_line' id='line_1_114' title="bbox 2218 5153 3813 5225; baseline 0.001 -16"><span class='ocrx_word' id='word_1_899' title='bbox 2218 5157 2371 5225; x_wconf 84' lang='lat' dir='ltr'><strong>cepit,</strong></span> <span class='ocrx_word' id='word_1_900' title='bbox 2397 5153 2613 5225; x_wconf 85' lang='lat' dir='ltr'><strong>adjecit,</strong></span> <span class='ocrx_word' id='word_1_901' title='bbox 2636 5154 2697 5209; x_wconf 86' lang='lat' dir='ltr'><strong>Si</strong></span> <span class='ocrx_word' id='word_1_902' title='bbox 2718 5162 3006 5208; x_wconf 83' lang='lat' dir='ltr'><strong>sanctorum</strong></span> <span class='ocrx_word' id='word_1_903' title='bbox 3033 5154 3182 5224; x_wconf 83' lang='lat' dir='ltr'><strong>pedes</strong></span> <span class='ocrx_word' id='word_1_904' title='bbox 3206 5155 3348 5209; x_wconf 74' lang='lat' dir='ltr'><strong>lauit.</strong></span> <span class='ocrx_word' id='word_1_905' title='bbox 3372 5154 3486 5210; x_wconf 83' lang='lat' dir='ltr'><strong>Non</strong></span> <span class='ocrx_word' id='word_1_906' title='bbox 3514 5156 3661 5211; x_wconf 88' lang='lat' dir='ltr'><strong>illam</strong></span> <span class='ocrx_word' id='word_1_907' title='bbox 3687 5173 3813 5213; x_wconf 86' lang='lat' dir='ltr'><strong>cum</strong></span> 
     </span>
    </p>
   </div>
   <div class='ocr_carea' id='block_1_115' title="bbox 2218 5245 3813 5317">
    <p class='ocr_par' dir='ltr' id='par_1_115' title="bbox 2218 5245 3813 5317">
     <span class='ocr_line' id='line_1_115' title="bbox 2218 5245 3813 5317; baseline 0.001 -16"><span class='ocrx_word' id='word_1_908' title='bbox 2218 5247 2355 5301; x_wconf 81' lang='lat' dir='ltr'><strong>fastu</strong></span> <span class='ocrx_word' id='word_1_909' title='bbox 2395 5246 2673 5301; x_wconf 84' lang='lat' dir='ltr'><strong>sedentem</strong></span> <span class='ocrx_word' id='word_1_910' title='bbox 2710 5254 2924 5314; x_wconf 88' lang='lat' dir='ltr'><strong>oportet</strong></span> <span class='ocrx_word' id='word_1_911' title='bbox 2960 5245 3271 5315; x_wconf 81' lang='lat' dir='ltr'><strong>obsequium</strong></span> <span class='ocrx_word' id='word_1_912' title='bbox 3308 5261 3433 5317; x_wconf 82' lang='lat' dir='ltr'><strong>erga</strong></span> <span class='ocrx_word' id='word_1_913' title='bbox 3463 5247 3813 5317; x_wconf 79' lang='lat' dir='ltr'><strong>peregrinum</strong></span> 
     </span>
    </p>
   </div>
   <div class='ocr_carea' id='block_1_116' title="bbox 2216 5337 3815 5407">
    <p class='ocr_par' dir='ltr' id='par_1_116' title="bbox 2216 5337 3815 5407">
     <span class='ocr_line' id='line_1_116' title="bbox 2216 5337 3815 5407; baseline -0.002 -15"><span class='ocrx_word' id='word_1_914' title='bbox 2216 5338 2422 5394; x_wconf 88' lang='lat' dir='ltr'><strong>ancillis</strong></span> <span class='ocrx_word' id='word_1_915' title='bbox 2469 5337 2813 5403; x_wconf 87' lang='lat' dir='ltr'><strong>demandare.</strong></span> <span class='ocrx_word' id='word_1_916' title='bbox 2860 5337 2955 5393; x_wconf 85' lang='lat' dir='ltr'><strong>sed</strong></span> <span class='ocrx_word' id='word_1_917' title='bbox 2982 5337 3311 5407; x_wconf 82' lang='lat' dir='ltr'><strong>ipsamOperi</strong></span> <span class='ocrx_word' id='word_1_918' title='bbox 3357 5352 3574 5394; x_wconf 86' lang='lat' dir='ltr'><strong>manum</strong></span> <span class='ocrx_word' id='word_1_919' title='bbox 3620 5342 3815 5395; x_wconf 78' lang='lat' dir='ltr'><strong>admo—</strong></span> 
     </span>
    </p>
   </div>
   <div class='ocr_carea' id='block_1_117' title="bbox 2217 5431 3810 5503">
    <p class='ocr_par' dir='ltr' id='par_1_117' title="bbox 2217 5431 3810 5503">
     <span class='ocr_line' id='line_1_117' title="bbox 2217 5431 3810 5503; baseline 0.002 -19"><span class='ocrx_word' id='word_1_920' title='bbox 2217 5449 2363 5500; x_wconf 72' lang='lat' dir='ltr'><strong>vere,</strong></span> <span class='ocrx_word' id='word_1_921' title='bbox 2395 5432 2731 5503; x_wconf 90' lang='lat' dir='ltr'><strong>fructumque</strong></span> <span class='ocrx_word' id='word_1_922' title='bbox 2771 5431 2868 5487; x_wconf 86' lang='lat' dir='ltr'><strong>sibi</strong></span> <span class='ocrx_word' id='word_1_923' title='bbox 2921 5431 3180 5501; x_wconf 89' lang='lat' dir='ltr'><strong>arripere,</strong></span> <span class='ocrx_word' id='word_1_924' title='bbox 3232 5445 3332 5486; x_wconf 89' lang='lat' dir='ltr'><strong>nec</strong></span> <span class='ocrx_word' id='word_1_925' title='bbox 3370 5431 3461 5485; x_wconf 91' lang='lat' dir='ltr'><strong>ulli</strong></span> <span class='ocrx_word' id='word_1_926' title='bbox 3487 5432 3810 5502; x_wconf 68' lang='lat' dir='ltr'><strong>prasciarttm</strong></span> 
     </span>
    </p>
   </div>
   <div class='ocr_carea' id='block_1_118' title="bbox 2217 5522 3808 5594">
    <p class='ocr_par' dir='ltr' id='par_1_118' title="bbox 2217 5522 3808 5594">
     <span class='ocr_line' id='line_1_118' title="bbox 2217 5522 3808 5594; baseline -0.001 -14"><span class='ocrx_word' id='word_1_927' title='bbox 2217 5526 2368 5581; x_wconf 90' lang='lat' dir='ltr'><strong>illum</strong></span> <span class='ocrx_word' id='word_1_928' title='bbox 2399 5525 2710 5579; x_wconf 90' lang='lat' dir='ltr'><strong>thesaurum</strong></span> <span class='ocrx_word' id='word_1_929' title='bbox 2756 5524 2970 5580; x_wconf 86' lang='lat' dir='ltr'><strong>cedere.</strong></span> <span class='ocrx_word' id='word_1_930' title='bbox 3023 5523 3126 5577; x_wconf 88' lang='lat' dir='ltr'><strong>Sed</strong></span> <span class='ocrx_word' id='word_1_931' title='bbox 3156 5523 3246 5594; x_wconf 91' lang='lat' dir='ltr'><strong>qui</strong></span> <span class='ocrx_word' id='word_1_932' title='bbox 3279 5522 3391 5577; x_wconf 82' lang='lat' dir='ltr'><strong>ﬁeri</strong></span> <span class='ocrx_word' id='word_1_933' title='bbox 3418 5525 3611 5593; x_wconf 83' lang='lat' dir='ltr'><strong>poterit</strong></span> <span class='ocrx_word' id='word_1_934' title='bbox 3641 5525 3808 5593; x_wconf 86' lang='lat' dir='ltr'><strong>istud,</strong></span> 
     </span>
    </p>
   </div>
   <div class='ocr_carea' id='block_1_119' title="bbox 2216 5614 3809 5685">
    <p class='ocr_par' dir='ltr' id='par_1_119' title="bbox 2216 5614 3809 5685">
     <span class='ocr_line' id='line_1_119' title="bbox 2216 5614 3809 5685; baseline 0.001 -15"><span class='ocrx_word' id='word_1_935' title='bbox 2216 5616 2360 5672; x_wconf 74' lang='lat' dir='ltr'><strong>dit-ct</strong></span> <span class='ocrx_word' id='word_1_936' title='bbox 2381 5615 2572 5685; x_wconf 90' lang='lat' dir='ltr'><strong>aliquis</strong></span> <span class='ocrx_word' id='word_1_937' title='bbox 2598 5615 2621 5667; x_wconf 74' lang='grc' dir='ltr'>τ</span> <span class='ocrx_word' id='word_1_938' title='bbox 2655 5615 2699 5670; x_wconf 90' lang='lat' dir='ltr'><strong>si</strong></span> <span class='ocrx_word' id='word_1_939' title='bbox 2730 5616 2872 5670; x_wconf 91' lang='lat' dir='ltr'><strong>enim</strong></span> <span class='ocrx_word' id='word_1_940' title='bbox 2901 5616 2970 5670; x_wconf 87' lang='lat' dir='ltr'><strong>sit</strong></span> <span class='ocrx_word' id='word_1_941' title='bbox 3000 5615 3191 5669; x_wconf 84' lang='lat' dir='ltr'><strong>nobilis</strong></span> <span class='ocrx_word' id='word_1_942' title='bbox 3220 5625 3273 5671; x_wconf 89' lang='lat' dir='ltr'><strong>et</strong></span> <span class='ocrx_word' id='word_1_943' title='bbox 3302 5614 3548 5681; x_wconf 72' lang='lat' dir='ltr'><strong>illustris,</strong></span> <span class='ocrx_word' id='word_1_944' title='bbox 3570 5632 3633 5669; x_wconf 84' lang='lat' dir='ltr'><strong>ac</strong></span> <span class='ocrx_word' id='word_1_945' title='bbox 3655 5620 3809 5671; x_wconf 79' lang='lat' dir='ltr'><strong>cele-</strong></span> 
     </span>
    </p>
   </div>
   <div class='ocr_carea' id='block_1_120' title="bbox 2218 5707 3807 5781">
    <p class='ocr_par' dir='ltr' id='par_1_120' title="bbox 2218 5707 3807 5781">
     <span class='ocr_line' id='line_1_120' title="bbox 2218 5707 3807 5781; baseline -0.001 -14"><span class='ocrx_word' id='word_1_946' title='bbox 2218 5712 2348 5777; x_wconf 85' lang='lat' dir='ltr'><strong>bris,</strong></span> <span class='ocrx_word' id='word_1_947' title='bbox 2394 5718 2448 5766; x_wconf 89' lang='lat' dir='ltr'><strong>et</strong></span> <span class='ocrx_word' id='word_1_948' title='bbox 2462 5709 2624 5766; x_wconf 85' lang='lat' dir='ltr'><strong>claris</strong></span> <span class='ocrx_word' id='word_1_949' title='bbox 2647 5718 2763 5766; x_wconf 89' lang='lat' dir='ltr'><strong>orta</strong></span> <span class='ocrx_word' id='word_1_950' title='bbox 2790 5707 3104 5781; x_wconf 83' lang='lat' dir='ltr'><strong>majoribus,</strong></span> <span class='ocrx_word' id='word_1_951' title='bbox 3127 5724 3192 5763; x_wconf 88' lang='lat' dir='ltr'><strong>an</strong></span> <span class='ocrx_word' id='word_1_952' title='bbox 3221 5710 3331 5781; x_wconf 81' lang='lat' dir='ltr'><strong>ipsa</strong></span> <span class='ocrx_word' id='word_1_953' title='bbox 3354 5710 3616 5781; x_wconf 82' lang='lat' dir='ltr'><strong>peregrini</strong></span> <span class='ocrx_word' id='word_1_954' title='bbox 3642 5710 3807 5781; x_wconf 78' lang='lat' dir='ltr'><strong>pedes</strong></span> 
     </span>
    </p>
   </div>
  </div>
