  <div class='ocr_page' id='page_1' title='image "/cluster/home/n/w/nwhite01/storage/ocr_20150623/51/ien.35556001660786/338.png"; bbox 0 0 4074 6396; ppageno 0'>
   <div class='ocr_carea' id='block_1_1' title="bbox 252 402 362 466">
    <p class='ocr_par' dir='ltr' id='par_1_1' title="bbox 252 402 362 466">
     <span class='ocr_line' id='line_1_1' title="bbox 252 402 362 466; baseline 0 -4"><span class='ocrx_word' id='word_1_1' title='bbox 252 402 362 466; x_wconf 66' lang='lat'><strong>3‘53</strong></span> 
     </span>
    </p>
   </div>
   <div class='ocr_carea' id='block_1_2' title="bbox 257 500 1859 578">
    <p class='ocr_par' dir='ltr' id='par_1_2' title="bbox 257 500 1859 578">
     <span class='ocr_line' id='line_1_2' title="bbox 257 500 1859 578; baseline -0.009 -7"><span class='ocrx_word' id='word_1_2' title='bbox 257 511 500 578; x_wconf 66' lang='lat' dir='ltr'><strong>brabit?</strong></span> <span class='ocrx_word' id='word_1_3' title='bbox 528 521 708 566; x_wconf 86' lang='lat' dir='ltr'><strong>nonne</strong></span> <span class='ocrx_word' id='word_1_4' title='bbox 741 507 844 561; x_wconf 89' lang='lat' dir='ltr'><strong>hoc</strong></span> <span class='ocrx_word' id='word_1_5' title='bbox 880 513 1035 576; x_wconf 85' lang='lat' dir='ltr'><strong>turpe</strong></span> <span class='ocrx_word' id='word_1_6' title='bbox 1077 500 1286 561; x_wconf 77' lang='lat' dir='ltr'><strong>fuerit?</strong></span> <span class='ocrx_word' id='word_1_7' title='bbox 1309 504 1489 575; x_wconf 87' lang='lat' dir='ltr'><strong>&#39;l&#39;urpe</strong></span> <span class='ocrx_word' id='word_1_8' title='bbox 1532 517 1663 558; x_wconf 87' lang='lat' dir='ltr'><strong>sane</strong></span> <span class='ocrx_word' id='word_1_9' title='bbox 1702 501 1859 558; x_wconf 86' lang='lat' dir='ltr'><strong>fuerit</strong></span> 
     </span>
    </p>
   </div>
   <div class='ocr_carea' id='block_1_3' title="bbox 261 592 1859 668">
    <p class='ocr_par' dir='ltr' id='par_1_3' title="bbox 261 592 1859 668">
     <span class='ocr_line' id='line_1_3' title="bbox 261 592 1859 668; baseline -0.009 -5"><span class='ocrx_word' id='word_1_10' title='bbox 261 606 313 663; x_wconf 85' lang='lat' dir='ltr'><strong>si</strong></span> <span class='ocrx_word' id='word_1_11' title='bbox 344 619 452 662; x_wconf 88' lang='lat' dir='ltr'><strong>non</strong></span> <span class='ocrx_word' id='word_1_12' title='bbox 476 603 640 668; x_wconf 86' lang='lat' dir='ltr'><strong>lavet,</strong></span> <span class='ocrx_word' id='word_1_13' title='bbox 664 602 736 655; x_wconf 89' lang='lat' dir='ltr'><strong>mi</strong></span> <span class='ocrx_word' id='word_1_14' title='bbox 758 597 942 655; x_wconf 87' lang='lat' dir='ltr'><strong>homo.</strong></span> <span class='ocrx_word' id='word_1_15' title='bbox 974 594 1327 665; x_wconf 87' lang='lat' dir='ltr'><strong>Quantu&#39;mvis</strong></span> <span class='ocrx_word' id='word_1_16' title='bbox 1353 594 1498 650; x_wconf 91' lang='lat' dir='ltr'><strong>enim</strong></span> <span class='ocrx_word' id='word_1_17' title='bbox 1529 592 1859 648; x_wconf 68' lang='lat' dir='ltr'><strong>nobilitatem</strong></span> 
     </span>
    </p>
   </div>
   <div class='ocr_carea' id='block_1_4' title="bbox 260 682 1862 766">
    <p class='ocr_par' dir='ltr' id='par_1_4' title="bbox 260 682 1862 766">
     <span class='ocr_line' id='line_1_4' title="bbox 260 682 1862 766; baseline -0.01 -15"><span class='ocrx_word' id='word_1_18' title='bbox 260 695 433 766; x_wconf 87' lang='lat' dir='ltr'><strong>ipsius</strong></span> <span class='ocrx_word' id='word_1_19' title='bbox 476 694 528 747; x_wconf 90' lang='lat' dir='ltr'><strong>in</strong></span> <span class='ocrx_word' id='word_1_20' title='bbox 557 691 747 747; x_wconf 70' lang='lat' dir='ltr'><strong>etclam</strong></span> <span class='ocrx_word' id='word_1_21' title='bbox 777 687 989 754; x_wconf 85' lang='lat' dir='ltr'><strong>elferas,</strong></span> <span class='ocrx_word' id='word_1_22' title='bbox 1044 696 1100 741; x_wconf 91' lang='lat' dir='ltr'><strong>et</strong></span> <span class='ocrx_word' id='word_1_23' title='bbox 1125 685 1422 739; x_wconf 72' lang='lat' dir='ltr'><strong>claritatem</strong></span> <span class='ocrx_word' id='word_1_24' title='bbox 1449 682 1665 754; x_wconf 89' lang='lat' dir='ltr'><strong>generis</strong></span> <span class='ocrx_word' id='word_1_25' title='bbox 1701 691 1862 754; x_wconf 89' lang='lat' dir='ltr'><strong>atque</strong></span> 
     </span>
    </p>
   </div>
   <div class='ocr_carea' id='block_1_5' title="bbox 259 776 1861 856">
    <p class='ocr_par' dir='ltr' id='par_1_5' title="bbox 259 776 1861 856">
     <span class='ocr_line' id='line_1_5' title="bbox 259 776 1861 856; baseline -0.008 -16"><span class='ocrx_word' id='word_1_26' title='bbox 259 783 627 856; x_wconf 85' lang='lat' dir='ltr'><strong>splendorem,</strong></span> <span class='ocrx_word' id='word_1_27' title='bbox 679 780 920 851; x_wconf 83' lang='lat' dir='ltr'><strong>ejusdem</strong></span> <span class='ocrx_word' id='word_1_28' title='bbox 967 776 1233 848; x_wconf 90' lang='lat' dir='ltr'><strong>particeps</strong></span> <span class='ocrx_word' id='word_1_29' title='bbox 1276 783 1362 830; x_wconf 90' lang='lat' dir='ltr'><strong>est</strong></span> <span class='ocrx_word' id='word_1_30' title='bbox 1402 782 1607 828; x_wconf 77' lang='lat' dir='ltr'><strong>natura:</strong></span> <span class='ocrx_word' id='word_1_31' title='bbox 1637 788 1761 828; x_wconf 90' lang='lat' dir='ltr'><strong>eum</strong></span> <span class='ocrx_word' id='word_1_32' title='bbox 1790 784 1861 828; x_wconf 90' lang='lat' dir='ltr'><strong>eo</strong></span> 
     </span>
    </p>
   </div>
   <div class='ocr_carea' id='block_1_6' title="bbox 258 862 1861 945">
    <p class='ocr_par' dir='ltr' id='par_1_6' title="bbox 258 862 1861 945">
     <span class='ocr_line' id='line_1_6' title="bbox 258 862 1861 945; baseline -0.007 -16"><span class='ocrx_word' id='word_1_33' title='bbox 258 874 354 945; x_wconf 78' lang='lat' dir='ltr'><strong>qui</strong></span> <span class='ocrx_word' id='word_1_34' title='bbox 390 873 642 939; x_wconf 75' lang='lat' dir='ltr'><strong>abluitur,</strong></span> <span class='ocrx_word' id='word_1_35' title='bbox 664 880 719 925; x_wconf 89' lang='lat' dir='ltr'><strong>et</strong></span> <span class='ocrx_word' id='word_1_36' title='bbox 769 883 1027 925; x_wconf 86' lang='lat' dir='ltr'><strong>conserva</strong></span> <span class='ocrx_word' id='word_1_37' title='bbox 1057 866 1200 922; x_wconf 88' lang='lat' dir='ltr'><strong>illius</strong></span> <span class='ocrx_word' id='word_1_38' title='bbox 1226 874 1330 934; x_wconf 86' lang='lat' dir='ltr'><strong>est,</strong></span> <span class='ocrx_word' id='word_1_39' title='bbox 1355 873 1410 921; x_wconf 90' lang='lat' dir='ltr'><strong>et</strong></span> <span class='ocrx_word' id='word_1_40' title='bbox 1434 864 1639 919; x_wconf 88' lang='lat' dir='ltr'><strong>honore</strong></span> <span class='ocrx_word' id='word_1_41' title='bbox 1664 878 1763 935; x_wconf 90' lang='lat' dir='ltr'><strong>par</strong></span> <span class='ocrx_word' id='word_1_42' title='bbox 1786 862 1861 918; x_wconf 89' lang='lat' dir='ltr'><strong>illi</strong></span> 
     </span>
    </p>
   </div>
   <div class='ocr_carea' id='block_1_7' title="bbox 260 960 973 1031">
    <p class='ocr_par' dir='ltr' id='par_1_7' title="bbox 260 960 973 1031">
     <span class='ocr_line' id='line_1_7' title="bbox 260 960 973 1031; baseline -0.01 -11"><span class='ocrx_word' id='word_1_43' title='bbox 260 964 352 1020; x_wconf 74' lang='lat' dir='ltr'><strong>cui</strong></span> <span class='ocrx_word' id='word_1_44' title='bbox 378 962 618 1019; x_wconf 76' lang='lat' dir='ltr'><strong>defertur</strong></span> <span class='ocrx_word' id='word_1_45' title='bbox 638 960 973 1031; x_wconf 88' lang='lat' dir='ltr'><strong>obsequium.</strong></span> 
     </span>
    </p>
   </div>
   <div class='ocr_carea' id='block_1_8' title="bbox 337 1046 1863 1122">
    <p class='ocr_par' dir='ltr' id='par_1_8' title="bbox 337 1046 1863 1122">
     <span class='ocr_line' id='line_1_8' title="bbox 337 1046 1863 1122; baseline -0.006 -13"><span class='ocrx_word' id='word_1_46' title='bbox 337 1053 426 1109; x_wconf 74' lang='grc' dir='ltr'><strong>ΙΞ.</strong></span> <span class='ocrx_word' id='word_1_47' title='bbox 455 1051 764 1122; x_wconf 66' lang='lat' dir='ltr'><strong>Emptum</strong></span> <span class='ocrx_word' id='word_1_48' title='bbox 800 1051 989 1106; x_wconf 76' lang='lat' dir='ltr'><strong>Christi</strong></span> <span class='ocrx_word' id='word_1_49' title='bbox 1009 1047 1163 1120; x_wconf 69' lang='lat' dir='ltr'><strong>pedes</strong></span> <span class='ocrx_word' id='word_1_50' title='bbox 1181 1046 1400 1102; x_wconf 68' lang='lat' dir='ltr'><strong>lautis</strong></span> <span class='ocrx_word' id='word_1_51' title='bbox 1418 1064 1438 1113; x_wconf 87' lang='lat'><strong><em>;</em></strong></span> <span class='ocrx_word' id='word_1_52' title='bbox 1456 1046 1669 1102; x_wconf 63' lang='lat' dir='ltr'><strong>bonae:</strong></span> <span class='ocrx_word' id='word_1_53' title='bbox 1693 1062 1863 1101; x_wconf 81' lang='lat' dir='ltr'><strong>susce-</strong></span> 
     </span>
    </p>
   </div>
   <div class='ocr_carea' id='block_1_9' title="bbox 263 1135 1865 1216">
    <p class='ocr_par' dir='ltr' id='par_1_9' title="bbox 263 1135 1865 1216">
     <span class='ocr_line' id='line_1_9' title="bbox 263 1135 1865 1216; baseline -0.005 -17"><span class='ocrx_word' id='word_1_54' title='bbox 263 1146 439 1216; x_wconf 74' lang='lat' dir='ltr'><strong>ptione</strong></span> <span class='ocrx_word' id='word_1_55' title='bbox 449 1142 826 1215; x_wconf 68' lang='lat' dir='ltr'><strong>peregrinorum</strong></span> <span class='ocrx_word' id='word_1_56' title='bbox 846 1141 1106 1195; x_wconf 77' lang='lat' dir='ltr'><strong>manantia</strong></span> <span class='ocrx_word' id='word_1_57' title='bbox 1118 1136 1434 1209; x_wconf 57' lang='grc' dir='ltr'><strong>κιθαρίσαι</strong></span> <span class='ocrx_word' id='word_1_58' title='bbox 1450 1135 1865 1206; x_wconf 62' lang='grc' dir='ltr'><strong>υἰόωθ-ϐοείο</strong></span> 
     </span>
    </p>
   </div>
   <div class='ocr_carea' id='block_1_10' title="bbox 262 1226 1863 1305">
    <p class='ocr_par' dir='ltr' id='par_1_10' title="bbox 262 1226 1863 1305">
     <span class='ocr_line' id='line_1_10' title="bbox 262 1226 1863 1305; baseline -0.004 -17"><span class='ocrx_word' id='word_1_59' title='bbox 262 1244 317 1288; x_wconf 85' lang='lat' dir='ltr'><strong>ta</strong></span> <span class='ocrx_word' id='word_1_60' title='bbox 333 1233 585 1305; x_wconf 85' lang='lat' dir='ltr'><strong>quiserat</strong></span> <span class='ocrx_word' id='word_1_61' title='bbox 598 1233 687 1287; x_wconf 91' lang='lat' dir='ltr'><strong>ille</strong></span> <span class='ocrx_word' id='word_1_62' title='bbox 705 1233 795 1303; x_wconf 82' lang='lat' dir='ltr'><strong>qui</strong></span> <span class='ocrx_word' id='word_1_63' title='bbox 812 1231 1195 1301; x_wconf 78' lang='lat' dir='ltr'><strong>discipulon</strong></span> <span class='ocrx_word' id='word_1_64' title='bbox 1209 1227 1373 1300; x_wconf 81' lang='lat' dir='ltr'><strong>pedes</strong></span> <span class='ocrx_word' id='word_1_65' title='bbox 1386 1228 1535 1293; x_wconf 89' lang='lat' dir='ltr'><strong>lavit,</strong></span> <span class='ocrx_word' id='word_1_66' title='bbox 1548 1242 1613 1283; x_wconf 90' lang='lat' dir='ltr'><strong>ac</strong></span> <span class='ocrx_word' id='word_1_67' title='bbox 1626 1227 1694 1282; x_wconf 88' lang='lat' dir='ltr'><strong>de</strong></span> <span class='ocrx_word' id='word_1_68' title='bbox 1710 1226 1863 1282; x_wconf 83' lang='lat' dir='ltr'><strong>nobi-</strong></span> 
     </span>
    </p>
   </div>
   <div class='ocr_carea' id='block_1_11' title="bbox 262 1319 1860 1381">
    <p class='ocr_par' dir='ltr' id='par_1_11' title="bbox 262 1319 1860 1381">
     <span class='ocr_line' id='line_1_11' title="bbox 262 1319 1860 1381; baseline -0.004 -1"><span class='ocrx_word' id='word_1_69' title='bbox 262 1325 416 1380; x_wconf 84' lang='lat' dir='ltr'><strong>litate</strong></span> <span class='ocrx_word' id='word_1_70' title='bbox 452 1324 615 1381; x_wconf 87' lang='lat' dir='ltr'><strong>verba</strong></span> <span class='ocrx_word' id='word_1_71' title='bbox 649 1324 828 1379; x_wconf 87' lang='lat' dir='ltr'><strong>facere</strong></span> <span class='ocrx_word' id='word_1_72' title='bbox 854 1322 1058 1377; x_wconf 85' lang='lat' dir='ltr'><strong>desine.</strong></span> <span class='ocrx_word' id='word_1_73' title='bbox 1083 1320 1397 1377; x_wconf 84' lang='lat' dir='ltr'><strong>Communis</strong></span> <span class='ocrx_word' id='word_1_74' title='bbox 1418 1319 1567 1374; x_wconf 83' lang='lat' dir='ltr'><strong>orbis</strong></span> <span class='ocrx_word' id='word_1_75' title='bbox 1597 1328 1860 1374; x_wconf 88' lang='lat' dir='ltr'><strong>terrarum</strong></span> 
     </span>
    </p>
   </div>
   <div class='ocr_carea' id='block_1_12' title="bbox 265 1402 1863 1484">
    <p class='ocr_par' dir='ltr' id='par_1_12' title="bbox 265 1402 1863 1484">
     <span class='ocr_line' id='line_1_12' title="bbox 265 1402 1863 1484; baseline -0.005 -14"><span class='ocrx_word' id='word_1_76' title='bbox 265 1415 545 1481; x_wconf 80' lang='lat' dir='ltr'><strong>Dominus,</strong></span> <span class='ocrx_word' id='word_1_77' title='bbox 576 1413 688 1469; x_wconf 73' lang='lat' dir='ltr'><strong>iter</strong></span> <span class='ocrx_word' id='word_1_78' title='bbox 710 1402 1023 1484; x_wconf 82' lang='lat' dir='ltr'><strong>angelon</strong></span> <span class='ocrx_word' id='word_1_79' title='bbox 1040 1420 1097 1467; x_wconf 89' lang='lat' dir='ltr'><strong>et</strong></span> <span class='ocrx_word' id='word_1_80' title='bbox 1120 1410 1339 1478; x_wconf 88' lang='lat' dir='ltr'><strong>lavit,et</strong></span> <span class='ocrx_word' id='word_1_81' title='bbox 1368 1408 1532 1464; x_wconf 83' lang='lat' dir='ltr'><strong>linteo</strong></span> <span class='ocrx_word' id='word_1_82' title='bbox 1558 1424 1617 1464; x_wconf 90' lang='lat' dir='ltr'><strong>se</strong></span> <span class='ocrx_word' id='word_1_83' title='bbox 1640 1406 1863 1478; x_wconf 59' lang='lat' dir='ltr'><strong>praeiu-</strong></span> 
     </span>
    </p>
   </div>
   <div class='ocr_carea' id='block_1_13' title="bbox 264 1498 1863 1573">
    <p class='ocr_par' dir='ltr' id='par_1_13' title="bbox 264 1498 1863 1573">
     <span class='ocr_line' id='line_1_13' title="bbox 264 1498 1863 1573; baseline -0.005 -14"><span class='ocrx_word' id='word_1_84' title='bbox 264 1506 365 1571; x_wconf 73' lang='lat' dir='ltr'><strong>ait,</strong></span> <span class='ocrx_word' id='word_1_85' title='bbox 382 1520 488 1561; x_wconf 86' lang='lat' dir='ltr'><strong>nec</strong></span> <span class='ocrx_word' id='word_1_86' title='bbox 512 1504 895 1573; x_wconf 77' lang='lat' dir='ltr'><strong>discipulorum</strong></span> <span class='ocrx_word' id='word_1_87' title='bbox 925 1510 1153 1562; x_wconf 88' lang='lat' dir='ltr'><strong>tantum.</strong></span> <span class='ocrx_word' id='word_1_88' title='bbox 1177 1498 1273 1557; x_wconf 88' lang='lat' dir='ltr'><strong>sed</strong></span> <span class='ocrx_word' id='word_1_89' title='bbox 1293 1507 1348 1554; x_wconf 86' lang='lat' dir='ltr'><strong>et</strong></span> <span class='ocrx_word' id='word_1_90' title='bbox 1381 1499 1668 1571; x_wconf 82' lang='lat' dir='ltr'><strong>proditoris</strong></span> <span class='ocrx_word' id='word_1_91' title='bbox 1692 1498 1863 1568; x_wconf 85' lang='lat' dir='ltr'><strong>ipsius</strong></span> 
     </span>
    </p>
   </div>
   <div class='ocr_carea' id='block_1_14' title="bbox 262 1588 1862 1664">
    <p class='ocr_par' dir='ltr' id='par_1_14' title="bbox 262 1588 1862 1664">
     <span class='ocr_line' id='line_1_14' title="bbox 262 1588 1862 1664; baseline -0.008 -9"><span class='ocrx_word' id='word_1_92' title='bbox 262 1595 287 1655; x_wconf 87' lang='grc'><strong>(</strong></span> <span class='ocrx_word' id='word_1_93' title='bbox 312 1596 505 1650; x_wconf 70' lang='lat' dir='ltr'><strong>leam.</strong></span> <span class='ocrx_word' id='word_1_94' title='bbox 552 1596 638 1651; x_wconf 78' lang='lat' dir='ltr'><strong>l5.</strong></span> <span class='ocrx_word' id='word_1_95' title='bbox 688 1595 745 1650; x_wconf 74' lang='grc' dir='ltr'><strong>ι.</strong></span> <span class='ocrx_word' id='word_1_96' title='bbox 770 1609 878 1664; x_wconf 75' lang='lat' dir='ltr'><strong>sqq.</strong></span> <span class='ocrx_word' id='word_1_97' title='bbox 901 1592 942 1663; x_wconf 91' lang='lat'><strong>).</strong></span> <span class='ocrx_word' id='word_1_98' title='bbox 968 1591 1129 1647; x_wconf 80' lang='lat' dir='ltr'><strong>Vides</strong></span> <span class='ocrx_word' id='word_1_99' title='bbox 1153 1598 1411 1661; x_wconf 78' lang='lat' dir='ltr'><strong>quantum</strong></span> <span class='ocrx_word' id='word_1_100' title='bbox 1456 1592 1595 1645; x_wconf 87' lang='lat' dir='ltr'><strong>inter</strong></span> <span class='ocrx_word' id='word_1_101' title='bbox 1618 1604 1739 1644; x_wconf 88' lang='lat' dir='ltr'><strong>eum</strong></span> <span class='ocrx_word' id='word_1_102' title='bbox 1770 1588 1862 1659; x_wconf 89' lang='lat' dir='ltr'><strong>qui</strong></span> 
     </span>
    </p>
   </div>
   <div class='ocr_carea' id='block_1_15' title="bbox 266 1680 1862 1755">
    <p class='ocr_par' dir='ltr' id='par_1_15' title="bbox 266 1680 1862 1755">
     <span class='ocr_line' id='line_1_15' title="bbox 266 1680 1862 1755; baseline -0.005 -14"><span class='ocrx_word' id='word_1_103' title='bbox 266 1685 502 1749; x_wconf 85' lang='lat' dir='ltr'><strong>lavabat.</strong></span> <span class='ocrx_word' id='word_1_104' title='bbox 533 1695 587 1741; x_wconf 90' lang='lat' dir='ltr'><strong>et</strong></span> <span class='ocrx_word' id='word_1_105' title='bbox 627 1700 725 1741; x_wconf 87' lang='lat' dir='ltr'><strong>eos</strong></span> <span class='ocrx_word' id='word_1_106' title='bbox 746 1686 834 1755; x_wconf 88' lang='lat' dir='ltr'><strong>qui</strong></span> <span class='ocrx_word' id='word_1_107' title='bbox 857 1684 1175 1737; x_wconf 76' lang='lat' dir='ltr'><strong>lavabantur</strong></span> <span class='ocrx_word' id='word_1_108' title='bbox 1201 1689 1348 1737; x_wconf 81' lang='lat' dir='ltr'><strong>esset</strong></span> <span class='ocrx_word' id='word_1_109' title='bbox 1368 1680 1741 1737; x_wconf 71' lang='lat' dir='ltr'><strong>intervallum?</strong></span> <span class='ocrx_word' id='word_1_110' title='bbox 1767 1682 1862 1733; x_wconf 83' lang='lat' dir='ltr'><strong>At-</strong></span> 
     </span>
    </p>
   </div>
   <div class='ocr_carea' id='block_1_16' title="bbox 260 1770 1863 1838">
    <p class='ocr_par' dir='ltr' id='par_1_16' title="bbox 260 1770 1863 1838">
     <span class='ocr_line' id='line_1_16' title="bbox 260 1770 1863 1838; baseline -0.006 -5"><span class='ocrx_word' id='word_1_111' title='bbox 260 1774 449 1833; x_wconf 73' lang='lat' dir='ltr'><strong>tambn</strong></span> <span class='ocrx_word' id='word_1_112' title='bbox 499 1784 609 1831; x_wconf 87' lang='lat' dir='ltr'><strong>toto</strong></span> <span class='ocrx_word' id='word_1_113' title='bbox 641 1776 743 1830; x_wconf 90' lang='lat' dir='ltr'><strong>hoc</strong></span> <span class='ocrx_word' id='word_1_114' title='bbox 782 1774 1065 1830; x_wconf 83' lang='lat' dir='ltr'><strong>intervallo</strong></span> <span class='ocrx_word' id='word_1_115' title='bbox 1106 1788 1168 1828; x_wconf 88' lang='lat' dir='ltr'><strong>se</strong></span> <span class='ocrx_word' id='word_1_116' title='bbox 1211 1771 1453 1838; x_wconf 76' lang='lat' dir='ltr'><strong>demisit,</strong></span> <span class='ocrx_word' id='word_1_117' title='bbox 1500 1780 1554 1826; x_wconf 90' lang='lat' dir='ltr'><strong>et</strong></span> <span class='ocrx_word' id='word_1_118' title='bbox 1606 1770 1863 1826; x_wconf 82' lang='lat' dir='ltr'><strong>Dominus</strong></span> 
     </span>
    </p>
   </div>
   <div class='ocr_carea' id='block_1_17' title="bbox 264 1860 1861 1931">
    <p class='ocr_par' dir='ltr' id='par_1_17' title="bbox 264 1860 1861 1931">
     <span class='ocr_line' id='line_1_17' title="bbox 264 1860 1861 1931; baseline -0.002 -12"><span class='ocrx_word' id='word_1_119' title='bbox 264 1878 481 1919; x_wconf 86' lang='lat' dir='ltr'><strong>servum</strong></span> <span class='ocrx_word' id='word_1_120' title='bbox 514 1866 662 1931; x_wconf 80' lang='lat' dir='ltr'><strong>lavit,</strong></span> <span class='ocrx_word' id='word_1_121' title='bbox 690 1874 747 1920; x_wconf 92' lang='lat' dir='ltr'><strong>ut</strong></span> <span class='ocrx_word' id='word_1_122' title='bbox 770 1880 927 1920; x_wconf 86' lang='lat' dir='ltr'><strong>serva</strong></span> <span class='ocrx_word' id='word_1_123' title='bbox 950 1877 1277 1922; x_wconf 84' lang='lat' dir='ltr'><strong>conservum</strong></span> <span class='ocrx_word' id='word_1_124' title='bbox 1298 1876 1407 1917; x_wconf 85' lang='lat' dir='ltr'><strong>non</strong></span> <span class='ocrx_word' id='word_1_125' title='bbox 1434 1861 1739 1917; x_wconf 81' lang='lat' dir='ltr'><strong>erubescat.</strong></span> <span class='ocrx_word' id='word_1_126' title='bbox 1775 1860 1861 1916; x_wconf 84' lang='lat' dir='ltr'><strong>ld-</strong></span> 
     </span>
    </p>
   </div>
   <div class='ocr_carea' id='block_1_18' title="bbox 261 1952 1864 2025">
    <p class='ocr_par' dir='ltr' id='par_1_18' title="bbox 261 1952 1864 2025">
     <span class='ocr_line' id='line_1_18' title="bbox 261 1952 1864 2025; baseline -0.001 -16"><span class='ocrx_word' id='word_1_127' title='bbox 261 1953 413 2009; x_wconf 81' lang='lat' dir='ltr'><strong>circo</strong></span> <span class='ocrx_word' id='word_1_128' title='bbox 425 1954 585 2009; x_wconf 88' lang='lat' dir='ltr'><strong>etiam</strong></span> <span class='ocrx_word' id='word_1_129' title='bbox 610 1954 921 2025; x_wconf 82' lang='lat' dir='ltr'><strong>proditoris,</strong></span> <span class='ocrx_word' id='word_1_130' title='bbox 949 1968 1016 2009; x_wconf 90' lang='lat' dir='ltr'><strong>ne</strong></span> <span class='ocrx_word' id='word_1_131' title='bbox 1045 1952 1180 2007; x_wconf 90' lang='lat' dir='ltr'><strong>forte</strong></span> <span class='ocrx_word' id='word_1_132' title='bbox 1200 1952 1383 2007; x_wconf 87' lang='lat' dir='ltr'><strong>dicere</strong></span> <span class='ocrx_word' id='word_1_133' title='bbox 1406 1964 1592 2021; x_wconf 78' lang='lat' dir='ltr'><strong>passes</strong></span> <span class='ocrx_word' id='word_1_134' title='bbox 1618 1952 1779 2007; x_wconf 84' lang='lat' dir='ltr'><strong>vilem</strong></span> <span class='ocrx_word' id='word_1_135' title='bbox 1807 1959 1864 2007; x_wconf 87' lang='lat' dir='ltr'><strong>et</strong></span> 
     </span>
    </p>
   </div>
   <div class='ocr_carea' id='block_1_19' title="bbox 260 2040 1865 2113">
    <p class='ocr_par' dir='ltr' id='par_1_19' title="bbox 260 2040 1865 2113">
     <span class='ocr_line' id='line_1_19' title="bbox 260 2040 1865 2113; baseline -0.001 -16"><span class='ocrx_word' id='word_1_136' title='bbox 260 2042 531 2113; x_wconf 88' lang='lat' dir='ltr'><strong>abjcctum</strong></span> <span class='ocrx_word' id='word_1_137' title='bbox 559 2058 683 2101; x_wconf 84' lang='lat' dir='ltr'><strong>esse</strong></span> <span class='ocrx_word' id='word_1_138' title='bbox 723 2044 897 2107; x_wconf 87' lang='lat' dir='ltr'><strong>illum,</strong></span> <span class='ocrx_word' id='word_1_139' title='bbox 924 2043 1012 2097; x_wconf 88' lang='lat' dir='ltr'><strong>cui</strong></span> <span class='ocrx_word' id='word_1_140' title='bbox 1038 2043 1216 2097; x_wconf 88' lang='lat' dir='ltr'><strong>cultus</strong></span> <span class='ocrx_word' id='word_1_141' title='bbox 1236 2050 1383 2096; x_wconf 81' lang='lat' dir='ltr'><strong>esset</strong></span> <span class='ocrx_word' id='word_1_142' title='bbox 1426 2041 1515 2097; x_wconf 88' lang='lat' dir='ltr'><strong>ille</strong></span> <span class='ocrx_word' id='word_1_143' title='bbox 1558 2047 1721 2111; x_wconf 86' lang='lat' dir='ltr'><strong>atque</strong></span> <span class='ocrx_word' id='word_1_144' title='bbox 1766 2040 1865 2096; x_wconf 83' lang='lat' dir='ltr'><strong>ob-</strong></span> 
     </span>
    </p>
   </div>
   <div class='ocr_carea' id='block_1_20' title="bbox 260 2132 1861 2204">
    <p class='ocr_par' dir='ltr' id='par_1_20' title="bbox 260 2132 1861 2204">
     <span class='ocr_line' id='line_1_20' title="bbox 260 2132 1861 2204; baseline -0.002 -15"><span class='ocrx_word' id='word_1_145' title='bbox 260 2134 508 2204; x_wconf 83' lang='lat' dir='ltr'><strong>sequium</strong></span> <span class='ocrx_word' id='word_1_146' title='bbox 536 2134 907 2190; x_wconf 84' lang='lat' dir='ltr'><strong>del’erendum.</strong></span> <span class='ocrx_word' id='word_1_147' title='bbox 958 2134 1110 2191; x_wconf 78' lang='lat' dir='ltr'><strong>Licet</strong></span> <span class='ocrx_word' id='word_1_148' title='bbox 1137 2134 1279 2188; x_wconf 88' lang='lat' dir='ltr'><strong>enim</strong></span> <span class='ocrx_word' id='word_1_149' title='bbox 1318 2140 1373 2187; x_wconf 91' lang='lat' dir='ltr'><strong>et</strong></span> <span class='ocrx_word' id='word_1_150' title='bbox 1400 2132 1521 2187; x_wconf 80' lang='lat' dir='ltr'><strong>vilis</strong></span> <span class='ocrx_word' id='word_1_151' title='bbox 1548 2135 1620 2187; x_wconf 86' lang='lat' dir='ltr'><strong>sit</strong></span> <span class='ocrx_word' id='word_1_152' title='bbox 1660 2141 1714 2188; x_wconf 88' lang='lat' dir='ltr'><strong>et</strong></span> <span class='ocrx_word' id='word_1_153' title='bbox 1761 2134 1861 2186; x_wconf 86' lang='lat' dir='ltr'><strong>ab-</strong></span> 
     </span>
    </p>
   </div>
   <div class='ocr_carea' id='block_1_21' title="bbox 261 2222 1860 2294">
    <p class='ocr_par' dir='ltr' id='par_1_21' title="bbox 261 2222 1860 2294">
     <span class='ocr_line' id='line_1_21' title="bbox 261 2222 1860 2294; baseline -0.003 -14"><span class='ocrx_word' id='word_1_154' title='bbox 261 2222 457 2294; x_wconf 63' lang='lat' dir='ltr'><strong>lcctus,</strong></span> <span class='ocrx_word' id='word_1_155' title='bbox 479 2223 715 2279; x_wconf 78' lang='lat' dir='ltr'><strong>nondum</strong></span> <span class='ocrx_word' id='word_1_156' title='bbox 737 2232 917 2279; x_wconf 84' lang='lat' dir='ltr'><strong>tamen</strong></span> <span class='ocrx_word' id='word_1_157' title='bbox 940 2222 1093 2278; x_wconf 62' lang='lat' dir='ltr'><strong>lude</strong></span> <span class='ocrx_word' id='word_1_158' title='bbox 1123 2222 1312 2277; x_wconf 82' lang='lat' dir='ltr'><strong>similis</strong></span> <span class='ocrx_word' id='word_1_159' title='bbox 1331 2230 1434 2289; x_wconf 87' lang='lat' dir='ltr'><strong>est,</strong></span> <span class='ocrx_word' id='word_1_160' title='bbox 1457 2238 1557 2276; x_wconf 87' lang='lat' dir='ltr'><strong>nec</strong></span> <span class='ocrx_word' id='word_1_161' title='bbox 1577 2223 1628 2275; x_wconf 91' lang='lat' dir='ltr'><strong>in</strong></span> <span class='ocrx_word' id='word_1_162' title='bbox 1656 2230 1708 2277; x_wconf 88' lang='lat' dir='ltr'><strong>te</strong></span> <span class='ocrx_word' id='word_1_163' title='bbox 1737 2223 1860 2276; x_wconf 89' lang='lat' dir='ltr'><strong>talia</strong></span> 
     </span>
    </p>
   </div>
   <div class='ocr_carea' id='block_1_22' title="bbox 260 2312 1858 2384">
    <p class='ocr_par' dir='ltr' id='par_1_22' title="bbox 260 2312 1858 2384">
     <span class='ocr_line' id='line_1_22' title="bbox 260 2312 1858 2384; baseline -0.001 -15"><span class='ocrx_word' id='word_1_164' title='bbox 260 2318 609 2384; x_wconf 81' lang='lat' dir='ltr'><strong>perpetravit,</strong></span> <span class='ocrx_word' id='word_1_165' title='bbox 639 2314 819 2384; x_wconf 79' lang='lat' dir='ltr'><strong>qualia</strong></span> <span class='ocrx_word' id='word_1_166' title='bbox 868 2315 924 2369; x_wconf 84' lang='lat' dir='ltr'><strong>iu</strong></span> <span class='ocrx_word' id='word_1_167' title='bbox 951 2313 1235 2369; x_wconf 86' lang='lat' dir='ltr'><strong>Dominum</strong></span> <span class='ocrx_word' id='word_1_168' title='bbox 1261 2312 1372 2377; x_wconf 92' lang='lat' dir='ltr'><strong>ille,</strong></span> <span class='ocrx_word' id='word_1_169' title='bbox 1399 2313 1488 2382; x_wconf 86' lang='lat' dir='ltr'><strong>qui</strong></span> <span class='ocrx_word' id='word_1_170' title='bbox 1517 2316 1751 2382; x_wconf 75' lang='lat' dir='ltr'><strong>acceptis</strong></span> <span class='ocrx_word' id='word_1_171' title='bbox 1772 2313 1858 2368; x_wconf 91' lang='lat' dir='ltr'><strong>in-</strong></span> 
     </span>
    </p>
   </div>
   <div class='ocr_carea' id='block_1_23' title="bbox 260 2404 1860 2475">
    <p class='ocr_par' dir='ltr' id='par_1_23' title="bbox 260 2404 1860 2475">
     <span class='ocr_line' id='line_1_23' title="bbox 260 2404 1860 2475; baseline -0.001 -16"><span class='ocrx_word' id='word_1_172' title='bbox 260 2405 504 2459; x_wconf 85' lang='lat' dir='ltr'><strong>numeris</strong></span> <span class='ocrx_word' id='word_1_173' title='bbox 531 2405 807 2461; x_wconf 78' lang='lat' dir='ltr'><strong>benetieiis</strong></span> <span class='ocrx_word' id='word_1_174' title='bbox 834 2404 902 2459; x_wconf 85' lang='lat' dir='ltr'><strong>ad</strong></span> <span class='ocrx_word' id='word_1_175' title='bbox 926 2404 1281 2475; x_wconf 87' lang='lat' dir='ltr'><strong>proditionem</strong></span> <span class='ocrx_word' id='word_1_176' title='bbox 1308 2406 1472 2459; x_wconf 84' lang='lat' dir='ltr'><strong>venit.</strong></span> <span class='ocrx_word' id='word_1_177' title='bbox 1501 2405 1750 2459; x_wconf 84' lang='lat' dir='ltr'><strong>Attamen</strong></span> <span class='ocrx_word' id='word_1_178' title='bbox 1778 2404 1860 2458; x_wconf 87' lang='lat' dir='ltr'><strong>his</strong></span> 
     </span>
    </p>
   </div>
   <div class='ocr_carea' id='block_1_24' title="bbox 258 2495 1861 2568">
    <p class='ocr_par' dir='ltr' id='par_1_24' title="bbox 258 2495 1861 2568">
     <span class='ocr_line' id='line_1_24' title="bbox 258 2495 1861 2568; baseline 0.001 -18"><span class='ocrx_word' id='word_1_179' title='bbox 258 2496 512 2551; x_wconf 75' lang='lat' dir='ltr'><strong>omnibus</strong></span> <span class='ocrx_word' id='word_1_180' title='bbox 536 2498 774 2565; x_wconf 66' lang='lat' dir='ltr'><strong>praevisis</strong></span> <span class='ocrx_word' id='word_1_181' title='bbox 803 2498 949 2561; x_wconf 84' lang='lat' dir='ltr'><strong>lavit,</strong></span> <span class='ocrx_word' id='word_1_182' title='bbox 983 2510 1046 2552; x_wconf 86' lang='lat' dir='ltr'><strong>ac</strong></span> <span class='ocrx_word' id='word_1_183' title='bbox 1074 2495 1233 2552; x_wconf 84' lang='lat' dir='ltr'><strong>nobis</strong></span> <span class='ocrx_word' id='word_1_184' title='bbox 1260 2496 1429 2568; x_wconf 88' lang='lat' dir='ltr'><strong>legem</strong></span> <span class='ocrx_word' id='word_1_185' title='bbox 1473 2496 1773 2564; x_wconf 80' lang='lat' dir='ltr'><strong>constituit,</strong></span> <span class='ocrx_word' id='word_1_186' title='bbox 1804 2506 1861 2551; x_wconf 92' lang='lat' dir='ltr'><strong>ut</strong></span> 
     </span>
    </p>
   </div>
   <div class='ocr_carea' id='block_1_25' title="bbox 260 2586 1860 2661">
    <p class='ocr_par' dir='ltr' id='par_1_25' title="bbox 260 2586 1860 2661">
     <span class='ocr_line' id='line_1_25' title="bbox 260 2586 1860 2661; baseline 0.002 -19"><span class='ocrx_word' id='word_1_187' title='bbox 260 2586 391 2643; x_wconf 76' lang='lat' dir='ltr'><strong>licet</strong></span> <span class='ocrx_word' id='word_1_188' title='bbox 452 2589 795 2645; x_wconf 86' lang='lat' dir='ltr'><strong>sublimiores</strong></span> <span class='ocrx_word' id='word_1_189' title='bbox 849 2590 1099 2645; x_wconf 82' lang='lat' dir='ltr'><strong>omnibus</strong></span> <span class='ocrx_word' id='word_1_190' title='bbox 1169 2590 1361 2656; x_wconf 86' lang='lat' dir='ltr'><strong>simus,</strong></span> <span class='ocrx_word' id='word_1_191' title='bbox 1415 2590 1539 2661; x_wconf 88' lang='lat' dir='ltr'><strong>licet</strong></span> <span class='ocrx_word' id='word_1_192' title='bbox 1608 2590 1860 2645; x_wconf 83' lang='lat' dir='ltr'><strong>omnibus</strong></span> 
     </span>
    </p>
   </div>
   <div class='ocr_carea' id='block_1_26' title="bbox 260 2677 1850 2741">
    <p class='ocr_par' dir='ltr' id='par_1_26' title="bbox 260 2677 1850 2741">
     <span class='ocr_line' id='line_1_26' title="bbox 260 2677 1850 2741; baseline 0.002 -9"><span class='ocrx_word' id='word_1_193' title='bbox 260 2677 527 2736; x_wconf 82' lang='lat' dir='ltr'><strong>clariores</strong></span> <span class='ocrx_word' id='word_1_194' title='bbox 550 2689 606 2735; x_wconf 91' lang='lat' dir='ltr'><strong>et</strong></span> <span class='ocrx_word' id='word_1_195' title='bbox 656 2681 973 2736; x_wconf 84' lang='lat' dir='ltr'><strong>illustriores</strong></span> <span class='ocrx_word' id='word_1_196' title='bbox 1027 2681 1238 2741; x_wconf 88' lang='lat' dir='ltr'><strong>simus.</strong></span> <span class='ocrx_word' id='word_1_197' title='bbox 1294 2680 1421 2735; x_wconf 84' lang='lat' dir='ltr'><strong>licet</strong></span> <span class='ocrx_word' id='word_1_198' title='bbox 1481 2682 1730 2736; x_wconf 90' lang='lat' dir='ltr'><strong>omnibus</strong></span> <span class='ocrx_word' id='word_1_199' title='bbox 1758 2681 1850 2735; x_wconf 90' lang='lat' dir='ltr'><strong>in-</strong></span> 
     </span>
    </p>
   </div>
   <div class='ocr_carea' id='block_1_27' title="bbox 263 2768 1856 2843">
    <p class='ocr_par' dir='ltr' id='par_1_27' title="bbox 263 2768 1856 2843">
     <span class='ocr_line' id='line_1_27' title="bbox 263 2768 1856 2843; baseline 0 -16"><span class='ocrx_word' id='word_1_200' title='bbox 263 2768 493 2827; x_wconf 85' lang='lat' dir='ltr'><strong>feriores</strong></span> <span class='ocrx_word' id='word_1_201' title='bbox 522 2770 631 2826; x_wconf 89' lang='lat' dir='ltr'><strong>siut</strong></span> <span class='ocrx_word' id='word_1_202' title='bbox 672 2773 763 2841; x_wconf 88' lang='lat' dir='ltr'><strong>qui</strong></span> <span class='ocrx_word' id='word_1_203' title='bbox 814 2772 955 2843; x_wconf 85' lang='lat' dir='ltr'><strong>apud</strong></span> <span class='ocrx_word' id='word_1_204' title='bbox 1003 2786 1103 2828; x_wconf 74' lang='lat' dir='ltr'><strong>nos</strong></span> <span class='ocrx_word' id='word_1_205' title='bbox 1139 2772 1457 2827; x_wconf 81' lang='lat' dir='ltr'><strong>diversaturi</strong></span> <span class='ocrx_word' id='word_1_206' title='bbox 1494 2783 1640 2839; x_wconf 84' lang='lat' dir='ltr'><strong>sunt,</strong></span> <span class='ocrx_word' id='word_1_207' title='bbox 1674 2788 1741 2827; x_wconf 89' lang='lat' dir='ltr'><strong>ne</strong></span> <span class='ocrx_word' id='word_1_208' title='bbox 1772 2773 1856 2827; x_wconf 89' lang='lat' dir='ltr'><strong>id-</strong></span> 
     </span>
    </p>
   </div>
   <div class='ocr_carea' id='block_1_28' title="bbox 256 2860 1856 2932">
    <p class='ocr_par' dir='ltr' id='par_1_28' title="bbox 256 2860 1856 2932">
     <span class='ocr_line' id='line_1_28' title="bbox 256 2860 1856 2932; baseline 0.003 -17"><span class='ocrx_word' id='word_1_209' title='bbox 256 2860 408 2916; x_wconf 85' lang='lat' dir='ltr'><strong>circo</strong></span> <span class='ocrx_word' id='word_1_210' title='bbox 436 2860 542 2916; x_wconf 85' lang='lat' dir='ltr'><strong>illis</strong></span> <span class='ocrx_word' id='word_1_211' title='bbox 592 2860 855 2917; x_wconf 73' lang='lat' dir='ltr'><strong>inservire</strong></span> <span class='ocrx_word' id='word_1_212' title='bbox 895 2875 1205 2917; x_wconf 80' lang='lat' dir='ltr'><strong>recusemus</strong></span> <span class='ocrx_word' id='word_1_213' title='bbox 1229 2904 1244 2927; x_wconf 96' lang='lat'><strong>,</strong></span> <span class='ocrx_word' id='word_1_214' title='bbox 1310 2877 1485 2932; x_wconf 85' lang='lat' dir='ltr'><strong>neque</strong></span> <span class='ocrx_word' id='word_1_215' title='bbox 1517 2863 1732 2917; x_wconf 80' lang='lat' dir='ltr'><strong>vilitatis</strong></span> <span class='ocrx_word' id='word_1_216' title='bbox 1758 2879 1856 2927; x_wconf 89' lang='lat' dir='ltr'><strong>nos</strong></span> 
     </span>
    </p>
   </div>
   <div class='ocr_carea' id='block_1_29' title="bbox 260 2950 1855 3024">
    <p class='ocr_par' dir='ltr' id='par_1_29' title="bbox 260 2950 1855 3024">
     <span class='ocr_line' id='line_1_29' title="bbox 260 2950 1855 3024; baseline 0 -16"><span class='ocrx_word' id='word_1_217' title='bbox 260 2950 485 3023; x_wconf 82' lang='lat' dir='ltr'><strong>pudeat.</strong></span> <span class='ocrx_word' id='word_1_218' title='bbox 509 2956 579 3009; x_wconf 82' lang='lat' dir='ltr'><strong>At</strong></span> <span class='ocrx_word' id='word_1_219' title='bbox 605 2961 686 3021; x_wconf 88' lang='lat' dir='ltr'><strong>tu,</strong></span> <span class='ocrx_word' id='word_1_220' title='bbox 714 2953 930 3019; x_wconf 89' lang='lat' dir='ltr'><strong>mulier,</strong></span> <span class='ocrx_word' id='word_1_221' title='bbox 975 2954 1021 3009; x_wconf 88' lang='lat' dir='ltr'><strong>si</strong></span> <span class='ocrx_word' id='word_1_222' title='bbox 1046 2953 1352 3024; x_wconf 80' lang='lat' dir='ltr'><strong>quempiam</strong></span> <span class='ocrx_word' id='word_1_223' title='bbox 1376 2953 1577 3009; x_wconf 84' lang='lat' dir='ltr'><strong>videris</strong></span> <span class='ocrx_word' id='word_1_224' title='bbox 1606 2955 1655 3008; x_wconf 91' lang='lat' dir='ltr'><strong>in</strong></span> <span class='ocrx_word' id='word_1_225' title='bbox 1687 2969 1855 3009; x_wconf 67' lang='lat' dir='ltr'><strong>siccu-</strong></span> 
     </span>
    </p>
   </div>
   <div class='ocr_carea' id='block_1_30' title="bbox 259 3043 1858 3117">
    <p class='ocr_par' dir='ltr' id='par_1_30' title="bbox 259 3043 1858 3117">
     <span class='ocr_line' id='line_1_30' title="bbox 259 3043 1858 3117; baseline 0.001 -17"><span class='ocrx_word' id='word_1_226' title='bbox 259 3043 465 3102; x_wconf 87' lang='lat' dir='ltr'><strong>laribus</strong></span> <span class='ocrx_word' id='word_1_227' title='bbox 494 3045 588 3102; x_wconf 86' lang='lat' dir='ltr'><strong>tibi</strong></span> <span class='ocrx_word' id='word_1_228' title='bbox 614 3045 842 3117; x_wconf 87' lang='lat' dir='ltr'><strong>negotiis</strong></span> <span class='ocrx_word' id='word_1_229' title='bbox 863 3062 1019 3117; x_wconf 88' lang='lat' dir='ltr'><strong>opem</strong></span> <span class='ocrx_word' id='word_1_230' title='bbox 1042 3044 1204 3116; x_wconf 78' lang='lat' dir='ltr'><strong>ferre,I</strong></span> <span class='ocrx_word' id='word_1_231' title='bbox 1227 3046 1308 3102; x_wconf 86' lang='lat' dir='ltr'><strong>vel</strong></span> <span class='ocrx_word' id='word_1_232' title='bbox 1336 3046 1390 3103; x_wconf 86' lang='lat' dir='ltr'><strong>in</strong></span> <span class='ocrx_word' id='word_1_233' title='bbox 1411 3045 1613 3115; x_wconf 88' lang='lat' dir='ltr'><strong>judicio</strong></span> <span class='ocrx_word' id='word_1_234' title='bbox 1638 3061 1858 3102; x_wconf 75' lang='lat' dir='ltr'><strong>succur-</strong></span> 
     </span>
    </p>
   </div>
   <div class='ocr_carea' id='block_1_31' title="bbox 258 3136 1855 3208">
    <p class='ocr_par' dir='ltr' id='par_1_31' title="bbox 258 3136 1855 3208">
     <span class='ocr_line' id='line_1_31' title="bbox 258 3136 1855 3208; baseline -0.001 -16"><span class='ocrx_word' id='word_1_235' title='bbox 258 3152 403 3203; x_wconf 87' lang='lat' dir='ltr'><strong>rere,</strong></span> <span class='ocrx_word' id='word_1_236' title='bbox 432 3137 519 3195; x_wconf 85' lang='lat' dir='ltr'><strong>vel</strong></span> <span class='ocrx_word' id='word_1_237' title='bbox 560 3136 615 3193; x_wconf 85' lang='lat' dir='ltr'><strong>in</strong></span> <span class='ocrx_word' id='word_1_238' title='bbox 658 3137 764 3193; x_wconf 89' lang='lat' dir='ltr'><strong>alia</strong></span> <span class='ocrx_word' id='word_1_239' title='bbox 796 3138 1044 3208; x_wconf 86' lang='lat' dir='ltr'><strong>quapiam</strong></span> <span class='ocrx_word' id='word_1_240' title='bbox 1096 3153 1158 3193; x_wconf 89' lang='lat' dir='ltr'><strong>re</strong></span> <span class='ocrx_word' id='word_1_241' title='bbox 1199 3136 1384 3204; x_wconf 90' lang='lat' dir='ltr'><strong>simili,</strong></span> <span class='ocrx_word' id='word_1_242' title='bbox 1430 3145 1486 3191; x_wconf 90' lang='lat' dir='ltr'><strong>et</strong></span> <span class='ocrx_word' id='word_1_243' title='bbox 1509 3136 1766 3201; x_wconf 89' lang='lat' dir='ltr'><strong>occurris,</strong></span> <span class='ocrx_word' id='word_1_244' title='bbox 1800 3147 1855 3192; x_wconf 87' lang='lat' dir='ltr'><strong>et</strong></span> 
     </span>
    </p>
   </div>
   <div class='ocr_carea' id='block_1_32' title="bbox 256 3228 1850 3300">
    <p class='ocr_par' dir='ltr' id='par_1_32' title="bbox 256 3228 1850 3300">
     <span class='ocr_line' id='line_1_32' title="bbox 256 3228 1850 3300; baseline -0.002 -15"><span class='ocrx_word' id='word_1_245' title='bbox 256 3229 427 3285; x_wconf 78' lang='lat' dir='ltr'><strong>multa</strong></span> <span class='ocrx_word' id='word_1_246' title='bbox 457 3243 581 3283; x_wconf 82' lang='lat' dir='ltr'><strong>cum</strong></span> <span class='ocrx_word' id='word_1_247' title='bbox 601 3228 973 3286; x_wconf 76' lang='lat' dir='ltr'><strong>benevolentia</strong></span> <span class='ocrx_word' id='word_1_248' title='bbox 1004 3229 1251 3300; x_wconf 87' lang='lat' dir='ltr'><strong>suscipis,</strong></span> <span class='ocrx_word' id='word_1_249' title='bbox 1286 3242 1474 3284; x_wconf 89' lang='lat' dir='ltr'><strong>manus</strong></span> <span class='ocrx_word' id='word_1_250' title='bbox 1500 3228 1850 3296; x_wconf 84' lang='lat' dir='ltr'><strong>deoscularis,</strong></span> 
     </span>
    </p>
   </div>
   <div class='ocr_carea' id='block_1_33' title="bbox 261 3318 1853 3392">
    <p class='ocr_par' dir='ltr' id='par_1_33' title="bbox 261 3318 1853 3392">
     <span class='ocr_line' id='line_1_33' title="bbox 261 3318 1853 3392; baseline 0.001 -19"><span class='ocrx_word' id='word_1_251' title='bbox 261 3318 518 3390; x_wconf 83' lang='lat' dir='ltr'><strong>pecunias</strong></span> <span class='ocrx_word' id='word_1_252' title='bbox 562 3334 779 3392; x_wconf 84' lang='lat' dir='ltr'><strong>erogas,</strong></span> <span class='ocrx_word' id='word_1_253' title='bbox 807 3330 863 3378; x_wconf 87' lang='lat' dir='ltr'><strong>et</strong></span> <span class='ocrx_word' id='word_1_254' title='bbox 900 3321 1215 3377; x_wconf 84' lang='lat' dir='ltr'><strong>ancillarum</strong></span> <span class='ocrx_word' id='word_1_255' title='bbox 1258 3336 1477 3376; x_wconf 87' lang='lat' dir='ltr'><strong>munera</strong></span> <span class='ocrx_word' id='word_1_256' title='bbox 1512 3320 1629 3376; x_wconf 86' lang='lat' dir='ltr'><strong>obis</strong></span> <span class='ocrx_word' id='word_1_257' title='bbox 1657 3337 1671 3375; x_wconf 89' lang='lat'>:</span> <span class='ocrx_word' id='word_1_258' title='bbox 1699 3320 1853 3375; x_wconf 90' lang='lat' dir='ltr'><strong>Chri-</strong></span> 
     </span>
    </p>
   </div>
   <div class='ocr_carea' id='block_1_34' title="bbox 168 3411 1852 3485">
    <p class='ocr_par' dir='ltr' id='par_1_34' title="bbox 168 3411 1852 3485">
     <span class='ocr_line' id='line_1_34' title="bbox 168 3411 1852 3485; baseline 0.001 -19"><span class='ocrx_word' id='word_1_259' title='bbox 168 3470 171 3473; x_wconf 49' lang='grc'><strong>,</strong></span> <span class='ocrx_word' id='word_1_260' title='bbox 257 3418 403 3466; x_wconf 84' lang='lat' dir='ltr'><strong>stum</strong></span> <span class='ocrx_word' id='word_1_261' title='bbox 426 3418 609 3467; x_wconf 88' lang='lat' dir='ltr'><strong>autem</strong></span> <span class='ocrx_word' id='word_1_262' title='bbox 638 3411 995 3469; x_wconf 88' lang='lat' dir='ltr'><strong>introeuntem</strong></span> <span class='ocrx_word' id='word_1_263' title='bbox 1034 3414 1079 3469; x_wconf 90' lang='lat' dir='ltr'><strong>si</strong></span> <span class='ocrx_word' id='word_1_264' title='bbox 1102 3412 1303 3472; x_wconf 83' lang='lat' dir='ltr'><strong>videas.</strong></span> <span class='ocrx_word' id='word_1_265' title='bbox 1334 3413 1627 3485; x_wconf 86' lang='lat' dir='ltr'><strong>pigritaris,</strong></span> <span class='ocrx_word' id='word_1_266' title='bbox 1658 3421 1713 3467; x_wconf 90' lang='lat' dir='ltr'><strong>et</strong></span> <span class='ocrx_word' id='word_1_267' title='bbox 1738 3413 1852 3467; x_wconf 84' lang='lat' dir='ltr'><strong>cul-</strong></span> 
     </span>
    </p>
   </div>
   <div class='ocr_carea' id='block_1_35' title="bbox 256 3503 1849 3561">
    <p class='ocr_par' dir='ltr' id='par_1_35' title="bbox 256 3503 1849 3561">
     <span class='ocr_line' id='line_1_35' title="bbox 256 3503 1849 3561; baseline 0.002 -5"><span class='ocrx_word' id='word_1_268' title='bbox 256 3512 372 3557; x_wconf 87' lang='lat' dir='ltr'><strong>tum</strong></span> <span class='ocrx_word' id='word_1_269' title='bbox 402 3518 465 3559; x_wconf 91' lang='lat' dir='ltr'><strong>ac</strong></span> <span class='ocrx_word' id='word_1_270' title='bbox 503 3505 855 3561; x_wconf 83' lang='lat' dir='ltr'><strong>ministerium</strong></span> <span class='ocrx_word' id='word_1_271' title='bbox 899 3506 974 3561; x_wconf 91' lang='lat' dir='ltr'><strong>illi</strong></span> <span class='ocrx_word' id='word_1_272' title='bbox 1002 3505 1259 3561; x_wconf 75' lang='lat' dir='ltr'><strong>exhibere</strong></span> <span class='ocrx_word' id='word_1_273' title='bbox 1291 3504 1556 3560; x_wconf 75' lang='lat' dir='ltr'><strong>detractas</strong></span> <span class='ocrx_word' id='word_1_274' title='bbox 1582 3505 1605 3558; x_wconf 86' lang='lat'><strong>?</strong></span> <span class='ocrx_word' id='word_1_275' title='bbox 1634 3503 1687 3560; x_wconf 91' lang='lat' dir='ltr'><strong>Si</strong></span> <span class='ocrx_word' id='word_1_276' title='bbox 1742 3519 1849 3559; x_wconf 86' lang='lat' dir='ltr'><strong>non</strong></span> 
     </span>
    </p>
   </div>
   <div class='ocr_carea' id='block_1_36' title="bbox 256 3580 1850 3667">
    <p class='ocr_par' dir='ltr' id='par_1_36' title="bbox 256 3580 1850 3667">
     <span class='ocr_line' id='line_1_36' title="bbox 256 3580 1850 3667; baseline 0.001 -19"><span class='ocrx_word' id='word_1_277' title='bbox 256 3602 318 3649; x_wconf 87' lang='lat' dir='ltr'><strong>ut</strong></span> <span class='ocrx_word' id='word_1_278' title='bbox 341 3593 611 3651; x_wconf 82' lang='lat' dir='ltr'><strong>Christum</strong></span> <span class='ocrx_word' id='word_1_279' title='bbox 658 3597 886 3667; x_wconf 74' lang='lat' dir='ltr'><strong>Suscipit</strong></span> <span class='ocrx_word' id='word_1_280' title='bbox 927 3597 1286 3667; x_wconf 87' lang='lat' dir='ltr'><strong>peregrinum,</strong></span> <span class='ocrx_word' id='word_1_281' title='bbox 1328 3580 1396 3651; x_wconf 71' lang='lat' dir='ltr'><strong>ne</strong></span> <span class='ocrx_word' id='word_1_282' title='bbox 1440 3596 1699 3665; x_wconf 82' lang='lat' dir='ltr'><strong>suscipias</strong></span> <span class='ocrx_word' id='word_1_283' title='bbox 1727 3613 1740 3647; x_wconf 90' lang='lat'>:</span> <span class='ocrx_word' id='word_1_284' title='bbox 1766 3598 1850 3650; x_wconf 90' lang='lat' dir='ltr'><strong>siu</strong></span> 
     </span>
    </p>
   </div>
   <div class='ocr_carea' id='block_1_37' title="bbox 253 3683 1847 3761">
    <p class='ocr_par' dir='ltr' id='par_1_37' title="bbox 253 3683 1847 3761">
     <span class='ocr_line' id='line_1_37' title="bbox 253 3683 1847 3761; baseline 0.004 -20"><span class='ocrx_word' id='word_1_285' title='bbox 253 3693 437 3741; x_wconf 73' lang='lat' dir='ltr'><strong>autem</strong></span> <span class='ocrx_word' id='word_1_286' title='bbox 469 3693 526 3741; x_wconf 90' lang='lat' dir='ltr'><strong>ut</strong></span> <span class='ocrx_word' id='word_1_287' title='bbox 553 3683 826 3742; x_wconf 77' lang='lat' dir='ltr'><strong>Christum</strong></span> <span class='ocrx_word' id='word_1_288' title='bbox 841 3689 1089 3758; x_wconf 86' lang='lat' dir='ltr'><strong>suscipis,</strong></span> <span class='ocrx_word' id='word_1_289' title='bbox 1126 3689 1300 3743; x_wconf 87' lang='lat' dir='ltr'><strong>lavare</strong></span> <span class='ocrx_word' id='word_1_290' title='bbox 1326 3688 1523 3744; x_wconf 88' lang='lat' dir='ltr'><strong>Christi</strong></span> <span class='ocrx_word' id='word_1_291' title='bbox 1553 3690 1712 3761; x_wconf 84' lang='lat' dir='ltr'><strong>pedes</strong></span> <span class='ocrx_word' id='word_1_292' title='bbox 1741 3709 1847 3749; x_wconf 90' lang='lat' dir='ltr'><strong>non</strong></span> 
     </span>
    </p>
   </div>
   <div class='ocr_carea' id='block_1_38' title="bbox 252 3776 1846 3861">
    <p class='ocr_par' dir='ltr' id='par_1_38' title="bbox 252 3776 1846 3861">
     <span class='ocr_line' id='line_1_38' title="bbox 252 3776 1846 3861; baseline 0.006 -29"><span class='ocrx_word' id='word_1_293' title='bbox 252 3776 565 3861; x_wconf 79' lang='lat' dir='ltr'><strong>erubescas.</strong></span> <span class='ocrx_word' id='word_1_294' title='bbox 600 3778 790 3836; x_wconf 77' lang='lat' dir='ltr'><strong>Nonne</strong></span> <span class='ocrx_word' id='word_1_295' title='bbox 826 3782 996 3846; x_wconf 79' lang='lat' dir='ltr'><strong>vides,</strong></span> <span class='ocrx_word' id='word_1_296' title='bbox 1048 3796 1207 3852; x_wconf 88' lang='lat' dir='ltr'><strong>quam</strong></span> <span class='ocrx_word' id='word_1_297' title='bbox 1236 3783 1387 3837; x_wconf 90' lang='lat' dir='ltr'><strong>multi</strong></span> <span class='ocrx_word' id='word_1_298' title='bbox 1412 3798 1619 3852; x_wconf 85' lang='lat' dir='ltr'><strong>eorum,</strong></span> <span class='ocrx_word' id='word_1_299' title='bbox 1652 3787 1740 3857; x_wconf 88' lang='lat' dir='ltr'><strong>qui</strong></span> <span class='ocrx_word' id='word_1_300' title='bbox 1761 3786 1846 3842; x_wconf 86' lang='lat' dir='ltr'><strong>in—</strong></span> 
     </span>
    </p>
   </div>
   <div class='ocr_carea' id='block_1_39' title="bbox 250 3866 1848 3953">
    <p class='ocr_par' dir='ltr' id='par_1_39' title="bbox 250 3866 1848 3953">
     <span class='ocr_line' id='line_1_39' title="bbox 250 3866 1848 3953; baseline 0.009 -33"><span class='ocrx_word' id='word_1_301' title='bbox 250 3866 409 3935; x_wconf 87' lang='lat' dir='ltr'><strong>juriis</strong></span> <span class='ocrx_word' id='word_1_302' title='bbox 442 3866 770 3935; x_wconf 80' lang='lat' dir='ltr'><strong>afﬁciuntur,</strong></span> <span class='ocrx_word' id='word_1_303' title='bbox 819 3872 887 3926; x_wconf 89' lang='lat' dir='ltr'><strong>ad</strong></span> <span class='ocrx_word' id='word_1_304' title='bbox 937 3881 1253 3953; x_wconf 86' lang='lat' dir='ltr'><strong>statuarum_</strong></span> <span class='ocrx_word' id='word_1_305' title='bbox 1278 3875 1443 3944; x_wconf 85' lang='lat' dir='ltr'><strong>pedes</strong></span> <span class='ocrx_word' id='word_1_306' title='bbox 1494 3878 1848 3948; x_wconf 69' lang='lat' dir='ltr'><strong>confugiant?</strong></span> 
     </span>
    </p>
   </div>
   <div class='ocr_carea' id='block_1_40' title="bbox 255 3956 1847 4029">
    <p class='ocr_par' dir='ltr' id='par_1_40' title="bbox 255 3956 1847 4029">
     <span class='ocr_line' id='line_1_40' title="bbox 255 3956 1847 4029; baseline 0.008 -15"><span class='ocrx_word' id='word_1_307' title='bbox 255 3956 493 4015; x_wconf 76' lang='lat' dir='ltr'><strong>Tametsi</strong></span> <span class='ocrx_word' id='word_1_308' title='bbox 520 3963 741 4017; x_wconf 86' lang='lat' dir='ltr'><strong>materia</strong></span> <span class='ocrx_word' id='word_1_309' title='bbox 758 3971 841 4017; x_wconf 88' lang='lat' dir='ltr'><strong>est</strong></span> <span class='ocrx_word' id='word_1_310' title='bbox 868 3978 1030 4019; x_wconf 88' lang='lat' dir='ltr'><strong>sensu</strong></span> <span class='ocrx_word' id='word_1_311' title='bbox 1056 3965 1332 4029; x_wconf 90' lang='lat' dir='ltr'><strong>destituta.</strong></span> <span class='ocrx_word' id='word_1_312' title='bbox 1361 3976 1415 4022; x_wconf 90' lang='lat' dir='ltr'><strong>et</strong></span> <span class='ocrx_word' id='word_1_313' title='bbox 1437 3983 1511 4023; x_wconf 83' lang='lat' dir='ltr'><strong>aes</strong></span> <span class='ocrx_word' id='word_1_314' title='bbox 1537 3970 1729 4024; x_wconf 75' lang='lat' dir='ltr'><strong>animze</strong></span> <span class='ocrx_word' id='word_1_315' title='bbox 1754 3986 1847 4025; x_wconf 76' lang='lat' dir='ltr'><strong>ex-</strong></span> 
     </span>
    </p>
   </div>
   <div class='ocr_carea' id='block_1_41' title="bbox 254 4051 1845 4132">
    <p class='ocr_par' dir='ltr' id='par_1_41' title="bbox 254 4051 1845 4132">
     <span class='ocr_line' id='line_1_41' title="bbox 254 4051 1845 4132; baseline 0.009 -28"><span class='ocrx_word' id='word_1_316' title='bbox 254 4063 383 4121; x_wconf 86' lang='lat' dir='ltr'><strong>pers</strong></span> <span class='ocrx_word' id='word_1_317' title='bbox 409 4069 422 4104; x_wconf 93' lang='lat'><strong>:</strong></span> <span class='ocrx_word' id='word_1_318' title='bbox 449 4051 543 4109; x_wconf 86' lang='lat' dir='ltr'><strong>sed</strong></span> <span class='ocrx_word' id='word_1_319' title='bbox 570 4056 823 4125; x_wconf 68' lang='lat' dir='ltr'><strong>quonhm</strong></span> <span class='ocrx_word' id='word_1_320' title='bbox 846 4057 1232 4127; x_wconf 86' lang='lat' dir='ltr'><strong>lmperatorum</strong></span> <span class='ocrx_word' id='word_1_321' title='bbox 1278 4070 1403 4115; x_wconf 89' lang='lat' dir='ltr'><strong>sunt</strong></span> <span class='ocrx_word' id='word_1_322' title='bbox 1431 4061 1538 4117; x_wconf 70' lang='lat' dir='ltr'><strong>iure</strong></span> <span class='ocrx_word' id='word_1_323' title='bbox 1566 4061 1845 4132; x_wconf 81' lang='lat' dir='ltr'><strong>imagines,</strong></span> 
     </span>
    </p>
   </div>
   <div class='ocr_carea' id='block_1_42' title="bbox 250 4141 1845 4221">
    <p class='ocr_par' dir='ltr' id='par_1_42' title="bbox 250 4141 1845 4221">
     <span class='ocr_line' id='line_1_42' title="bbox 250 4141 1845 4221; baseline 0.009 -28"><span class='ocrx_word' id='word_1_324' title='bbox 250 4141 489 4212; x_wconf 76' lang='lat' dir='ltr'><strong>aliquam</strong></span> <span class='ocrx_word' id='word_1_325' title='bbox 538 4159 598 4200; x_wconf 88' lang='lat' dir='ltr'><strong>se</strong></span> <span class='ocrx_word' id='word_1_326' title='bbox 622 4160 654 4199; x_wconf 87' lang='lat' dir='ltr'><strong>a</strong></span> <span class='ocrx_word' id='word_1_327' title='bbox 694 4145 915 4216; x_wconf 85' lang='lat' dir='ltr'><strong>pedibus</strong></span> <span class='ocrx_word' id='word_1_328' title='bbox 944 4146 1051 4203; x_wconf 86' lang='lat' dir='ltr'><strong>illis</strong></span> <span class='ocrx_word' id='word_1_329' title='bbox 1073 4162 1229 4218; x_wconf 84' lang='lat' dir='ltr'><strong>Opem</strong></span> <span class='ocrx_word' id='word_1_330' title='bbox 1272 4149 1649 4221; x_wconf 83' lang='lat' dir='ltr'><strong>impetraturos</strong></span> <span class='ocrx_word' id='word_1_331' title='bbox 1675 4153 1845 4206; x_wconf 84' lang='lat' dir='ltr'><strong>conli-</strong></span> 
     </span>
    </p>
   </div>
   <div class='ocr_carea' id='block_1_43' title="bbox 248 4232 1847 4316">
    <p class='ocr_par' dir='ltr' id='par_1_43' title="bbox 248 4232 1847 4316">
     <span class='ocr_line' id='line_1_43' title="bbox 248 4232 1847 4316; baseline 0.009 -29"><span class='ocrx_word' id='word_1_332' title='bbox 248 4232 409 4289; x_wconf 81' lang='lat' dir='ltr'><strong>dunt.</strong></span> <span class='ocrx_word' id='word_1_333' title='bbox 461 4236 532 4290; x_wconf 79' lang='lat' dir='ltr'><strong>At</strong></span> <span class='ocrx_word' id='word_1_334' title='bbox 575 4244 631 4291; x_wconf 76' lang='lat' dir='ltr'><strong>tu</strong></span> <span class='ocrx_word' id='word_1_335' title='bbox 657 4253 777 4308; x_wconf 66' lang='lat' dir='ltr'><strong>quae</strong></span> <span class='ocrx_word' id='word_1_336' title='bbox 816 4254 923 4295; x_wconf 89' lang='lat' dir='ltr'><strong>nou</strong></span> <span class='ocrx_word' id='word_1_337' title='bbox 949 4254 1108 4296; x_wconf 83' lang='lat' dir='ltr'><strong>senin</strong></span> <span class='ocrx_word' id='word_1_338' title='bbox 1148 4253 1392 4298; x_wconf 75' lang='lat' dir='ltr'><strong>carentes</strong></span> <span class='ocrx_word' id='word_1_339' title='bbox 1439 4244 1623 4312; x_wconf 84' lang='lat' dir='ltr'><strong>pedes,</strong></span> <span class='ocrx_word' id='word_1_340' title='bbox 1675 4260 1847 4316; x_wconf 88' lang='lat' dir='ltr'><strong>neque</strong></span> 
     </span>
    </p>
   </div>
   <div class='ocr_carea' id='block_1_44' title="bbox 250 4325 1846 4405">
    <p class='ocr_par' dir='ltr' id='par_1_44' title="bbox 250 4325 1846 4405">
     <span class='ocr_line' id='line_1_44' title="bbox 250 4325 1846 4405; baseline 0.008 -26"><span class='ocrx_word' id='word_1_341' title='bbox 250 4325 532 4381; x_wconf 71' lang='lat' dir='ltr'><strong>materiam</strong></span> <span class='ocrx_word' id='word_1_342' title='bbox 556 4339 828 4397; x_wconf 73' lang='lat' dir='ltr'><strong>expertem</strong></span> <span class='ocrx_word' id='word_1_343' title='bbox 842 4332 1057 4396; x_wconf 66' lang='lat' dir='ltr'><strong>animae,</strong></span> <span class='ocrx_word' id='word_1_344' title='bbox 1071 4332 1164 4386; x_wconf 87' lang='lat' dir='ltr'><strong>sed</strong></span> <span class='ocrx_word' id='word_1_345' title='bbox 1178 4333 1461 4403; x_wconf 74' lang='lat' dir='ltr'><strong>imaginem</strong></span> <span class='ocrx_word' id='word_1_346' title='bbox 1478 4334 1618 4389; x_wconf 90' lang='lat' dir='ltr'><strong>intus</strong></span> <span class='ocrx_word' id='word_1_347' title='bbox 1634 4335 1771 4405; x_wconf 89' lang='lat' dir='ltr'><strong>apud</strong></span> <span class='ocrx_word' id='word_1_348' title='bbox 1788 4352 1846 4392; x_wconf 88' lang='lat' dir='ltr'><strong>se</strong></span> 
     </span>
    </p>
   </div>
   <div class='ocr_carea' id='block_1_45' title="bbox 254 4415 1844 4494">
    <p class='ocr_par' dir='ltr' id='par_1_45' title="bbox 254 4415 1844 4494">
     <span class='ocr_line' id='line_1_45' title="bbox 254 4415 1844 4494; baseline 0.008 -24"><span class='ocrx_word' id='word_1_349' title='bbox 254 4415 456 4484; x_wconf 72' lang='lat' dir='ltr'><strong>[legent</strong></span> <span class='ocrx_word' id='word_1_350' title='bbox 482 4429 777 4486; x_wconf 79' lang='lat' dir='ltr'><strong>gestantem</strong></span> <span class='ocrx_word' id='word_1_351' title='bbox 825 4421 1046 4477; x_wconf 86' lang='lat' dir='ltr'><strong>domum</strong></span> <span class='ocrx_word' id='word_1_352' title='bbox 1071 4431 1215 4476; x_wconf 90' lang='lat' dir='ltr'><strong>tuam</strong></span> <span class='ocrx_word' id='word_1_353' title='bbox 1242 4425 1443 4494; x_wconf 80' lang='lat' dir='ltr'><strong>ingredi</strong></span> <span class='ocrx_word' id='word_1_354' title='bbox 1506 4426 1705 4490; x_wconf 81' lang='lat' dir='ltr'><strong>videas,</strong></span> <span class='ocrx_word' id='word_1_355' title='bbox 1740 4444 1844 4483; x_wconf 91' lang='lat' dir='ltr'><strong>non</strong></span> 
     </span>
    </p>
   </div>
   <div class='ocr_carea' id='block_1_46' title="bbox 246 4504 1843 4587">
    <p class='ocr_par' dir='ltr' id='par_1_46' title="bbox 246 4504 1843 4587">
     <span class='ocr_line' id='line_1_46' title="bbox 246 4504 1843 4587; baseline 0.009 -28"><span class='ocrx_word' id='word_1_356' title='bbox 246 4504 510 4575; x_wconf 58' lang='lat' dir='ltr'><strong>accurrii,</strong></span> <span class='ocrx_word' id='word_1_357' title='bbox 542 4524 745 4580; x_wconf 63' lang='lat' dir='ltr'><strong>quaeso,</strong></span> <span class='ocrx_word' id='word_1_358' title='bbox 787 4529 888 4567; x_wconf 90' lang='lat' dir='ltr'><strong>nec</strong></span> <span class='ocrx_word' id='word_1_359' title='bbox 913 4513 1077 4583; x_wconf 85' lang='lat' dir='ltr'><strong>pedes</strong></span> <span class='ocrx_word' id='word_1_360' title='bbox 1103 4515 1460 4584; x_wconf 85' lang='lat' dir='ltr'><strong>amplecteris,</strong></span> <span class='ocrx_word' id='word_1_361' title='bbox 1507 4527 1665 4587; x_wconf 90' lang='lat' dir='ltr'><strong>atque</strong></span> <span class='ocrx_word' id='word_1_362' title='bbox 1696 4521 1843 4573; x_wconf 90' lang='lat' dir='ltr'><strong>omni</strong></span> 
     </span>
    </p>
   </div>
   <div class='ocr_carea' id='block_1_47' title="bbox 246 4596 1845 4677">
    <p class='ocr_par' dir='ltr' id='par_1_47' title="bbox 246 4596 1845 4677">
     <span class='ocr_line' id='line_1_47' title="bbox 246 4596 1845 4677; baseline 0.006 -24"><span class='ocrx_word' id='word_1_363' title='bbox 246 4596 459 4653; x_wconf 83' lang='lat' dir='ltr'><strong>ratione</strong></span> <span class='ocrx_word' id='word_1_364' title='bbox 475 4600 655 4654; x_wconf 81' lang='lat' dir='ltr'><strong>colis?</strong></span> <span class='ocrx_word' id='word_1_365' title='bbox 682 4602 812 4668; x_wconf 85' lang='lat' dir='ltr'><strong>Quis</strong></span> <span class='ocrx_word' id='word_1_366' title='bbox 844 4607 945 4658; x_wconf 85' lang='lat' dir='ltr'><strong>hoc</strong></span> <span class='ocrx_word' id='word_1_367' title='bbox 975 4604 1177 4659; x_wconf 82' lang='lat' dir='ltr'><strong>facinus</strong></span> <span class='ocrx_word' id='word_1_368' title='bbox 1202 4605 1587 4675; x_wconf 77' lang='lat' dir='ltr'><strong>veniadignum</strong></span> <span class='ocrx_word' id='word_1_369' title='bbox 1603 4608 1801 4677; x_wconf 90' lang='lat' dir='ltr'><strong>judicet</strong></span> <span class='ocrx_word' id='word_1_370' title='bbox 1820 4610 1845 4662; x_wconf 66' lang='grc' dir='ltr'><em>ἲ</em></span> 
     </span>
    </p>
   </div>
   <div class='ocr_carea' id='block_1_48' title="bbox 242 4694 1841 4767">
    <p class='ocr_par' dir='ltr' id='par_1_48' title="bbox 242 4694 1841 4767">
     <span class='ocr_line' id='line_1_48' title="bbox 242 4694 1841 4767; baseline 0.01 -26"><span class='ocrx_word' id='word_1_371' title='bbox 242 4696 366 4761; x_wconf 62' lang='lat' dir='ltr'><strong>quis</strong></span> <span class='ocrx_word' id='word_1_372' title='bbox 408 4707 515 4751; x_wconf 66' lang='lat' dir='ltr'><strong>non</strong></span> <span class='ocrx_word' id='word_1_373' title='bbox 567 4694 742 4755; x_wconf 83' lang='lat' dir='ltr'><strong>potius</strong></span> <span class='ocrx_word' id='word_1_374' title='bbox 795 4697 938 4751; x_wconf 86' lang='lat' dir='ltr'><strong>omni</strong></span> <span class='ocrx_word' id='word_1_375' title='bbox 991 4695 1329 4765; x_wconf 87' lang='lat' dir='ltr'><strong>plectendum</strong></span> <span class='ocrx_word' id='word_1_376' title='bbox 1376 4699 1680 4767; x_wconf 63' lang='lat' dir='ltr'><strong>ignominia:</strong></span> <span class='ocrx_word' id='word_1_377' title='bbox 1719 4712 1841 4757; x_wconf 82' lang='lat' dir='ltr'><strong>nota</strong></span> 
     </span>
    </p>
   </div>
   <div class='ocr_carea' id='block_1_49' title="bbox 246 4782 1847 4854">
    <p class='ocr_par' dir='ltr' id='par_1_49' title="bbox 246 4782 1847 4854">
     <span class='ocr_line' id='line_1_49' title="bbox 246 4782 1847 4854; baseline 0.01 -21"><span class='ocrx_word' id='word_1_378' title='bbox 246 4783 726 4851; x_wconf 51' lang='lat' dir='ltr'><strong>censeamus-gite</strong></span> <span class='ocrx_word' id='word_1_379' title='bbox 783 4787 865 4840; x_wconf 87' lang='lat' dir='ltr'><strong>cui</strong></span> <span class='ocrx_word' id='word_1_380' title='bbox 912 4782 1275 4843; x_wconf 83' lang='lat' dir='ltr'><strong>communiees</strong></span> <span class='ocrx_word' id='word_1_381' title='bbox 1303 4829 1320 4854; x_wconf 90' lang='lat'><strong>,</strong></span> <span class='ocrx_word' id='word_1_382' title='bbox 1370 4790 1494 4844; x_wconf 91' lang='lat' dir='ltr'><strong>dum</strong></span> <span class='ocrx_word' id='word_1_383' title='bbox 1542 4792 1743 4847; x_wconf 81' lang='lat' dir='ltr'><strong>inﬂaris</strong></span> <span class='ocrx_word' id='word_1_384' title='bbox 1790 4802 1847 4849; x_wconf 90' lang='lat' dir='ltr'><strong>et</strong></span> 
     </span>
    </p>
   </div>
   <div class='ocr_carea' id='block_1_50' title="bbox 246 4875 1843 4950">
    <p class='ocr_par' dir='ltr' id='par_1_50' title="bbox 246 4875 1843 4950">
     <span class='ocr_line' id='line_1_50' title="bbox 246 4875 1843 4950; baseline 0.012 -28"><span class='ocrx_word' id='word_1_385' title='bbox 246 4882 559 4940; x_wconf 72' lang='lat' dir='ltr'><strong>arroganter</strong></span> <span class='ocrx_word' id='word_1_386' title='bbox 587 4875 812 4940; x_wconf 59' lang='lat' dir='ltr'><strong>«silenis,</strong></span> <span class='ocrx_word' id='word_1_387' title='bbox 843 4886 1004 4946; x_wconf 87' lang='lat' dir='ltr'><strong>atque</strong></span> <span class='ocrx_word' id='word_1_388' title='bbox 1035 4878 1295 4933; x_wconf 79' lang='lat' dir='ltr'><strong>inservire</strong></span> <span class='ocrx_word' id='word_1_389' title='bbox 1322 4882 1603 4950; x_wconf 88' lang='lat' dir='ltr'><strong>peregrino</strong></span> <span class='ocrx_word' id='word_1_390' title='bbox 1622 4884 1843 4941; x_wconf 86' lang='lat' dir='ltr'><strong>erubes-</strong></span> 
     </span>
    </p>
   </div>
   <div class='ocr_carea' id='block_1_51' title="bbox 248 4961 1842 5035">
    <p class='ocr_par' dir='ltr' id='par_1_51' title="bbox 248 4961 1842 5035">
     <span class='ocr_line' id='line_1_51' title="bbox 248 4961 1842 5035; baseline 0.009 -20"><span class='ocrx_word' id='word_1_391' title='bbox 248 4964 345 5016; x_wconf 78' lang='lat' dir='ltr'><strong>cis.</strong></span> <span class='ocrx_word' id='word_1_392' title='bbox 379 4961 531 5018; x_wconf 87' lang='lat' dir='ltr'><strong>llaud</strong></span> <span class='ocrx_word' id='word_1_393' title='bbox 559 4963 781 5019; x_wconf 87' lang='lat' dir='ltr'><strong>dubium</strong></span> <span class='ocrx_word' id='word_1_394' title='bbox 812 4966 940 5035; x_wconf 90' lang='lat' dir='ltr'><strong>quin</strong></span> <span class='ocrx_word' id='word_1_395' title='bbox 967 4967 1182 5024; x_wconf 82' lang='lat' dir='ltr'><strong>diabolo</strong></span> <span class='ocrx_word' id='word_1_396' title='bbox 1211 4988 1225 5024; x_wconf 89' lang='lat'><strong><em>:</em></strong></span> <span class='ocrx_word' id='word_1_397' title='bbox 1252 4970 1391 5028; x_wconf 88' lang='lat' dir='ltr'><strong>illius</strong></span> <span class='ocrx_word' id='word_1_398' title='bbox 1431 4972 1573 5026; x_wconf 91' lang='lat' dir='ltr'><strong>enim</strong></span> <span class='ocrx_word' id='word_1_399' title='bbox 1622 4976 1842 5030; x_wconf 88' lang='lat' dir='ltr'><strong>morbus</strong></span> 
     </span>
    </p>
   </div>
   <div class='ocr_carea' id='block_1_52' title="bbox 246 5054 1844 5133">
    <p class='ocr_par' dir='ltr' id='par_1_52' title="bbox 246 5054 1844 5133">
     <span class='ocr_line' id='line_1_52' title="bbox 246 5054 1844 5133; baseline 0.01 -28"><span class='ocrx_word' id='word_1_400' title='bbox 246 5060 329 5106; x_wconf 86' lang='lat' dir='ltr'><strong>est</strong></span> <span class='ocrx_word' id='word_1_401' title='bbox 353 5054 631 5133; x_wconf 85' lang='lat' dir='ltr'><strong>superbia.</strong></span> <span class='ocrx_word' id='word_1_402' title='bbox 687 5054 781 5110; x_wconf 82' lang='lat' dir='ltr'><strong>Sin</strong></span> <span class='ocrx_word' id='word_1_403' title='bbox 822 5069 999 5113; x_wconf 89' lang='lat' dir='ltr'><strong>autem</strong></span> <span class='ocrx_word' id='word_1_404' title='bbox 1026 5073 1297 5125; x_wconf 87' lang='lat' dir='ltr'><strong>accurras,</strong></span> <span class='ocrx_word' id='word_1_405' title='bbox 1328 5064 1499 5133; x_wconf 87' lang='lat' dir='ltr'><strong>cogita</strong></span> <span class='ocrx_word' id='word_1_406' title='bbox 1531 5076 1688 5133; x_wconf 76' lang='lat' dir='ltr'><strong>quem</strong></span> <span class='ocrx_word' id='word_1_407' title='bbox 1723 5068 1844 5121; x_wconf 86' lang='lat' dir='ltr'><strong>imi-</strong></span> 
     </span>
    </p>
   </div>
   <div class='ocr_carea' id='block_1_53' title="bbox 244 5146 1842 5225">
    <p class='ocr_par' dir='ltr' id='par_1_53' title="bbox 244 5146 1842 5225">
     <span class='ocr_line' id='line_1_53' title="bbox 244 5146 1842 5225; baseline 0.008 -24"><span class='ocrx_word' id='word_1_408' title='bbox 244 5146 379 5201; x_wconf 87' lang='lat' dir='ltr'><strong>teris</strong></span> <span class='ocrx_word' id='word_1_409' title='bbox 450 5146 728 5203; x_wconf 77' lang='lat' dir='ltr'><strong>Dominum</strong></span> <span class='ocrx_word' id='word_1_410' title='bbox 759 5159 929 5217; x_wconf 89' lang='lat' dir='ltr'><strong>tuum,</strong></span> <span class='ocrx_word' id='word_1_411' title='bbox 961 5160 1014 5206; x_wconf 86' lang='lat' dir='ltr'><strong>et</strong></span> <span class='ocrx_word' id='word_1_412' title='bbox 1055 5166 1189 5221; x_wconf 88' lang='lat' dir='ltr'><strong>opus</strong></span> <span class='ocrx_word' id='word_1_413' title='bbox 1208 5152 1408 5209; x_wconf 81' lang='lat' dir='ltr'><strong>Christi</strong></span> <span class='ocrx_word' id='word_1_414' title='bbox 1447 5158 1680 5225; x_wconf 82' lang='lat' dir='ltr'><strong>perﬁcis.</strong></span> <span class='ocrx_word' id='word_1_415' title='bbox 1711 5157 1842 5225; x_wconf 88' lang='lat' dir='ltr'><strong>Quis</strong></span> 
     </span>
    </p>
   </div>
   <div class='ocr_carea' id='block_1_54' title="bbox 238 5236 1837 5313">
    <p class='ocr_par' dir='ltr' id='par_1_54' title="bbox 238 5236 1837 5313">
     <span class='ocr_line' id='line_1_54' title="bbox 238 5236 1837 5313; baseline 0.009 -24"><span class='ocrx_word' id='word_1_416' title='bbox 238 5242 378 5305; x_wconf 75' lang='lat' dir='ltr'><strong>ergo</strong></span> <span class='ocrx_word' id='word_1_417' title='bbox 398 5236 591 5306; x_wconf 84' lang='lat' dir='ltr'><strong>pudor,</strong></span> <span class='ocrx_word' id='word_1_418' title='bbox 618 5252 739 5308; x_wconf 64' lang='lat' dir='ltr'><strong>quas</strong></span> <span class='ocrx_word' id='word_1_419' title='bbox 765 5240 1070 5309; x_wconf 70' lang='lat' dir='ltr'><strong>ignominia,</strong></span> <span class='ocrx_word' id='word_1_420' title='bbox 1096 5258 1297 5313; x_wconf 68' lang='lat' dir='ltr'><strong>qumso,</strong></span> <span class='ocrx_word' id='word_1_421' title='bbox 1323 5244 1436 5300; x_wconf 83' lang='lat' dir='ltr'><strong>ﬁeri</strong></span> <span class='ocrx_word' id='word_1_422' title='bbox 1482 5246 1678 5302; x_wconf 84' lang='lat' dir='ltr'><strong>Christi</strong></span> <span class='ocrx_word' id='word_1_423' title='bbox 1707 5265 1837 5304; x_wconf 87' lang='lat' dir='ltr'><strong>con-</strong></span> 
     </span>
    </p>
   </div>
   <div class='ocr_carea' id='block_1_55' title="bbox 240 5317 1837 5412">
    <p class='ocr_par' dir='ltr' id='par_1_55' title="bbox 240 5317 1837 5412">
     <span class='ocr_line' id='line_1_55' title="bbox 240 5317 1837 5412; baseline 0.009 -30"><span class='ocrx_word' id='word_1_424' title='bbox 240 5330 488 5384; x_wconf 77' lang='lat' dir='ltr'><strong>sortem?</strong></span> <span class='ocrx_word' id='word_1_425' title='bbox 519 5317 630 5386; x_wconf 75' lang='lat' dir='ltr'><strong>lino</strong></span> <span class='ocrx_word' id='word_1_426' title='bbox 672 5347 801 5387; x_wconf 85' lang='lat' dir='ltr'><strong>vero</strong></span> <span class='ocrx_word' id='word_1_427' title='bbox 827 5332 997 5402; x_wconf 89' lang='lat' dir='ltr'><strong>pudor</strong></span> <span class='ocrx_word' id='word_1_428' title='bbox 1028 5344 1130 5397; x_wconf 89' lang='lat' dir='ltr'><strong>est,</strong></span> <span class='ocrx_word' id='word_1_429' title='bbox 1169 5337 1212 5389; x_wconf 87' lang='lat' dir='ltr'><strong>si</strong></span> <span class='ocrx_word' id='word_1_430' title='bbox 1245 5338 1467 5392; x_wconf 86' lang='lat' dir='ltr'><strong>istorum</strong></span> <span class='ocrx_word' id='word_1_431' title='bbox 1498 5355 1595 5394; x_wconf 91' lang='lat' dir='ltr'><strong>nos</strong></span> <span class='ocrx_word' id='word_1_432' title='bbox 1621 5342 1837 5412; x_wconf 86' lang='lat' dir='ltr'><strong>pudeat,</strong></span> 
     </span>
    </p>
   </div>
   <div class='ocr_carea' id='block_1_56' title="bbox 241 5417 1834 5494">
    <p class='ocr_par' dir='ltr' id='par_1_56' title="bbox 241 5417 1834 5494">
     <span class='ocr_line' id='line_1_56' title="bbox 241 5417 1834 5494; baseline 0.011 -24"><span class='ocrx_word' id='word_1_433' title='bbox 241 5424 297 5471; x_wconf 79' lang='lat' dir='ltr'><strong>ct</strong></span> <span class='ocrx_word' id='word_1_434' title='bbox 326 5417 669 5487; x_wconf 72' lang='lat' dir='ltr'><strong>ignominiam</strong></span> <span class='ocrx_word' id='word_1_435' title='bbox 723 5422 775 5477; x_wconf 88' lang='lat' dir='ltr'><strong>id</strong></span> <span class='ocrx_word' id='word_1_436' title='bbox 810 5425 954 5494; x_wconf 86' lang='lat' dir='ltr'><strong>quod</strong></span> <span class='ocrx_word' id='word_1_437' title='bbox 985 5422 1229 5481; x_wconf 84' lang='lat' dir='ltr'><strong>Christus</strong></span> <span class='ocrx_word' id='word_1_438' title='bbox 1258 5428 1464 5494; x_wconf 89' lang='lat' dir='ltr'><strong>fecerit,</strong></span> <span class='ocrx_word' id='word_1_439' title='bbox 1492 5431 1834 5488; x_wconf 86' lang='lat' dir='ltr'><strong>arbitremur.</strong></span> 
     </span>
    </p>
   </div>
   <div class='ocr_carea' id='block_1_57' title="bbox 239 5508 1835 5593">
    <p class='ocr_par' dir='ltr' id='par_1_57' title="bbox 239 5508 1835 5593">
     <span class='ocr_line' id='line_1_57' title="bbox 239 5508 1835 5593; baseline 0.012 -31"><span class='ocrx_word' id='word_1_440' title='bbox 239 5508 397 5562; x_wconf 73' lang='lat' dir='ltr'><strong>Multa</strong></span> <span class='ocrx_word' id='word_1_441' title='bbox 432 5523 652 5580; x_wconf 85' lang='lat' dir='ltr'><strong>possunt</strong></span> <span class='ocrx_word' id='word_1_442' title='bbox 677 5513 896 5570; x_wconf 89' lang='lat' dir='ltr'><strong>domum</strong></span> <span class='ocrx_word' id='word_1_443' title='bbox 927 5516 1253 5572; x_wconf 84' lang='lat' dir='ltr'><strong>introeuntcs</strong></span> <span class='ocrx_word' id='word_1_444' title='bbox 1285 5522 1589 5575; x_wconf 84' lang='lat' dir='ltr'><strong>sanctorum</strong></span> <span class='ocrx_word' id='word_1_445' title='bbox 1626 5523 1789 5593; x_wconf 87' lang='lat' dir='ltr'><strong>pedes</strong></span> <span class='ocrx_word' id='word_1_446' title='bbox 1822 5545 1835 5580; x_wconf 92' lang='lat'><strong>:</strong></span> 
     </span>
    </p>
   </div>
   <div class='ocr_carea' id='block_1_58' title="bbox 240 5602 1836 5679">
    <p class='ocr_par' dir='ltr' id='par_1_58' title="bbox 240 5602 1836 5679">
     <span class='ocr_line' id='line_1_58' title="bbox 240 5602 1836 5679; baseline 0.012 -24"><span class='ocrx_word' id='word_1_447' title='bbox 240 5602 602 5670; x_wconf 80' lang='lat' dir='ltr'><strong>pavimentum</strong></span> <span class='ocrx_word' id='word_1_448' title='bbox 644 5605 816 5676; x_wconf 85' lang='lat' dir='ltr'><strong>ipsum</strong></span> <span class='ocrx_word' id='word_1_449' title='bbox 857 5607 1211 5674; x_wconf 76' lang='lat' dir='ltr'><strong>sanctiﬁcant,</strong></span> <span class='ocrx_word' id='word_1_450' title='bbox 1262 5611 1666 5679; x_wconf 79' lang='lat' dir='ltr'><strong>innumerorum</strong></span> <span class='ocrx_word' id='word_1_451' title='bbox 1713 5618 1836 5674; x_wconf 52' lang='lat' dir='ltr'><strong>the.</strong></span> 
     </span>
    </p>
   </div>
   <div class='ocr_carea' id='block_1_59' title="bbox 1496 376 2477 453">
    <p class='ocr_par' dir='ltr' id='par_1_59' title="bbox 1496 376 2477 453">
     <span class='ocr_line' id='line_1_59' title="bbox 1496 376 2477 453; baseline -0.001 -15"><span class='ocrx_word' id='word_1_452' title='bbox 1496 384 1559 439; x_wconf 62' lang='grc' dir='ltr'>ιχ</span> <span class='ocrx_word' id='word_1_453' title='bbox 1601 383 1826 453; x_wconf 75' lang='lat' dir='ltr'><strong>lLLL‘D,</strong></span> <span class='ocrx_word' id='word_1_454' title='bbox 1870 381 2076 441; x_wconf 73' lang='lat' dir='ltr'><strong>vmm</strong></span> <span class='ocrx_word' id='word_1_455' title='bbox 2108 376 2477 440; x_wconf 71' lang='lat' dir='ltr'><strong>suanm.</strong></span> 
     </span>
    </p>
   </div>
   <div class='ocr_carea' id='block_1_60' title="bbox 3451 370 3561 424">
    <p class='ocr_par' dir='ltr' id='par_1_60' title="bbox 3451 370 3561 424">
     <span class='ocr_line' id='line_1_60' title="bbox 3451 370 3561 424; baseline 0.009 -1"><span class='ocrx_word' id='word_1_456' title='bbox 3451 370 3561 424; x_wconf 62' lang='lat'><strong>331»</strong></span> 
     </span>
    </p>
   </div>
   <div class='ocr_carea' id='block_1_61' title="bbox 1969 485 3567 572">
    <p class='ocr_par' dir='ltr' id='par_1_61' title="bbox 1969 485 3567 572">
     <span class='ocr_line' id='line_1_61' title="bbox 1969 485 3567 572; baseline -0.007 -19"><span class='ocrx_word' id='word_1_457' title='bbox 1969 512 2184 572; x_wconf 81' lang='lat' dir='ltr'><strong>quoque</strong></span> <span class='ocrx_word' id='word_1_458' title='bbox 2211 495 2373 567; x_wconf 86' lang='lat' dir='ltr'><strong>pedes</strong></span> <span class='ocrx_word' id='word_1_459' title='bbox 2425 491 2590 548; x_wconf 79' lang='lat' dir='ltr'><strong>llelia:</strong></span> <span class='ocrx_word' id='word_1_460' title='bbox 2628 487 2802 546; x_wconf 72' lang='lat' dir='ltr'><strong>vidua:</strong></span> <span class='ocrx_word' id='word_1_461' title='bbox 2830 487 3049 544; x_wconf 82' lang='lat' dir='ltr'><strong>domum</strong></span> <span class='ocrx_word' id='word_1_462' title='bbox 3087 485 3315 558; x_wconf 85' lang='lat' dir='ltr'><strong>ingressi</strong></span> <span class='ocrx_word' id='word_1_463' title='bbox 3364 500 3567 542; x_wconf 74' lang='lat' dir='ltr'><strong>novum</strong></span> 
     </span>
    </p>
   </div>
   <div class='ocr_carea' id='block_1_62' title="bbox 1965 576 3565 661">
    <p class='ocr_par' dir='ltr' id='par_1_62' title="bbox 1965 576 3565 661">
     <span class='ocr_line' id='line_1_62' title="bbox 1965 576 3565 661; baseline -0.009 -17"><span class='ocrx_word' id='word_1_464' title='bbox 1965 587 2252 661; x_wconf 87' lang='lat' dir='ltr'><strong>quemdam</strong></span> <span class='ocrx_word' id='word_1_465' title='bbox 2278 596 2331 641; x_wconf 89' lang='lat' dir='ltr'><strong>et</strong></span> <span class='ocrx_word' id='word_1_466' title='bbox 2371 581 2743 639; x_wconf 84' lang='lat' dir='ltr'><strong>admirabilem</strong></span> <span class='ocrx_word' id='word_1_467' title='bbox 2783 576 3045 634; x_wconf 82' lang='lat' dir='ltr'><strong>ubertatis</strong></span> <span class='ocrx_word' id='word_1_468' title='bbox 3086 591 3315 631; x_wconf 68' lang='lat' dir='ltr'><strong>annonas</strong></span> <span class='ocrx_word' id='word_1_469' title='bbox 3344 576 3565 631; x_wconf 81' lang='lat' dir='ltr'><strong>modum</strong></span> 
     </span>
    </p>
   </div>
   <div class='ocr_carea' id='block_1_63' title="bbox 1968 666 3567 747">
    <p class='ocr_par' dir='ltr' id='par_1_63' title="bbox 1968 666 3567 747">
     <span class='ocr_line' id='line_1_63' title="bbox 1968 666 3567 747; baseline -0.008 -12"><span class='ocrx_word' id='word_1_470' title='bbox 1968 680 2263 735; x_wconf 86' lang='lat' dir='ltr'><strong>intulerunt</strong></span> <span class='ocrx_word' id='word_1_471' title='bbox 2287 676 2376 747; x_wconf 77' lang='lat'><strong>(3.</strong></span> <span class='ocrx_word' id='word_1_472' title='bbox 2406 672 2533 746; x_wconf 81' lang='lat' dir='ltr'><strong>Reg.</strong></span> <span class='ocrx_word' id='word_1_473' title='bbox 2556 669 2687 745; x_wconf 87' lang='lat' dir='ltr'><strong>l7).</strong></span> <span class='ocrx_word' id='word_1_474' title='bbox 2710 670 2894 725; x_wconf 72' lang='lat' dir='ltr'><strong>Vidine</strong></span> <span class='ocrx_word' id='word_1_475' title='bbox 2912 667 3131 725; x_wconf 84' lang='lat' dir='ltr'><strong>domum</strong></span> <span class='ocrx_word' id='word_1_476' title='bbox 3160 666 3213 722; x_wconf 89' lang='lat' dir='ltr'><strong>in</strong></span> <span class='ocrx_word' id='word_1_477' title='bbox 3234 681 3422 736; x_wconf 80' lang='lat' dir='ltr'><strong>agrum</strong></span> <span class='ocrx_word' id='word_1_478' title='bbox 3442 681 3567 723; x_wconf 85' lang='lat' dir='ltr'><strong>con-</strong></span> 
     </span>
    </p>
   </div>
   <div class='ocr_carea' id='block_1_64' title="bbox 1965 756 3563 838">
    <p class='ocr_par' dir='ltr' id='par_1_64' title="bbox 1965 756 3563 838">
     <span class='ocr_line' id='line_1_64' title="bbox 1965 756 3563 838; baseline -0.009 -11"><span class='ocrx_word' id='word_1_479' title='bbox 1965 770 2148 834; x_wconf 90' lang='lat' dir='ltr'><strong>vertit,</strong></span> <span class='ocrx_word' id='word_1_480' title='bbox 2184 776 2240 824; x_wconf 91' lang='lat' dir='ltr'><strong>et</strong></span> <span class='ocrx_word' id='word_1_481' title='bbox 2282 765 2525 838; x_wconf 75' lang='lat' dir='ltr'><strong>hydriam</strong></span> <span class='ocrx_word' id='word_1_482' title='bbox 2570 763 2625 818; x_wconf 89' lang='lat' dir='ltr'><strong>in</strong></span> <span class='ocrx_word' id='word_1_483' title='bbox 2670 776 2876 817; x_wconf 86' lang='lat' dir='ltr'><strong>aream.</strong></span> <span class='ocrx_word' id='word_1_484' title='bbox 2920 758 3128 815; x_wconf 80' lang='lat' dir='ltr'><strong>Novum</strong></span> <span class='ocrx_word' id='word_1_485' title='bbox 3164 756 3434 827; x_wconf 83' lang='lat' dir='ltr'><strong>quoddam</strong></span> <span class='ocrx_word' id='word_1_486' title='bbox 3474 770 3563 813; x_wconf 85' lang='lat' dir='ltr'><strong>se-</strong></span> 
     </span>
    </p>
   </div>
   <div class='ocr_carea' id='block_1_65' title="bbox 1968 845 3566 925">
    <p class='ocr_par' dir='ltr' id='par_1_65' title="bbox 1968 845 3566 925">
     <span class='ocr_line' id='line_1_65' title="bbox 1968 845 3566 925; baseline -0.012 -5"><span class='ocrx_word' id='word_1_487' title='bbox 1968 860 2162 919; x_wconf 85' lang='lat' dir='ltr'><strong>mentis</strong></span> <span class='ocrx_word' id='word_1_488' title='bbox 2212 873 2279 914; x_wconf 86' lang='lat' dir='ltr'><strong>ac</strong></span> <span class='ocrx_word' id='word_1_489' title='bbox 2314 857 2506 913; x_wconf 83' lang='lat' dir='ltr'><strong>messis</strong></span> <span class='ocrx_word' id='word_1_490' title='bbox 2556 868 2725 925; x_wconf 86' lang='lat' dir='ltr'><strong>genus</strong></span> <span class='ocrx_word' id='word_1_491' title='bbox 2753 859 2883 907; x_wconf 90' lang='lat' dir='ltr'><strong>tunc</strong></span> <span class='ocrx_word' id='word_1_492' title='bbox 2918 850 3204 922; x_wconf 86' lang='lat' dir='ltr'><strong>apparuit:</strong></span> <span class='ocrx_word' id='word_1_493' title='bbox 3232 848 3285 902; x_wconf 89' lang='lat' dir='ltr'><strong>in</strong></span> <span class='ocrx_word' id='word_1_494' title='bbox 3334 860 3397 902; x_wconf 87' lang='lat' dir='ltr'><strong>os</strong></span> <span class='ocrx_word' id='word_1_495' title='bbox 3433 845 3566 918; x_wconf 87' lang='lat' dir='ltr'><strong>justi</strong></span> 
     </span>
    </p>
   </div>
   <div class='ocr_carea' id='block_1_66' title="bbox 1965 939 3565 1021">
    <p class='ocr_par' dir='ltr' id='par_1_66' title="bbox 1965 939 3565 1021">
     <span class='ocr_line' id='line_1_66' title="bbox 1965 939 3565 1021; baseline -0.01 -13"><span class='ocrx_word' id='word_1_496' title='bbox 1965 966 2152 1009; x_wconf 80' lang='lat' dir='ltr'><strong>semen</strong></span> <span class='ocrx_word' id='word_1_497' title='bbox 2171 948 2426 1021; x_wconf 88' lang='lat' dir='ltr'><strong>jactabat,</strong></span> <span class='ocrx_word' id='word_1_498' title='bbox 2453 958 2644 1017; x_wconf 84' lang='lat' dir='ltr'><strong>etquae</strong></span> <span class='ocrx_word' id='word_1_499' title='bbox 2672 950 2786 999; x_wconf 84' lang='lat' dir='ltr'><strong>sata</strong></span> <span class='ocrx_word' id='word_1_500' title='bbox 2810 941 3021 999; x_wconf 75' lang='lat' dir='ltr'><strong>fuerant</strong></span> <span class='ocrx_word' id='word_1_501' title='bbox 3057 939 3224 996; x_wconf 86' lang='lat' dir='ltr'><strong>multa</strong></span> <span class='ocrx_word' id='word_1_502' title='bbox 3253 954 3377 996; x_wconf 90' lang='lat' dir='ltr'><strong>cum</strong></span> <span class='ocrx_word' id='word_1_503' title='bbox 3400 939 3565 994; x_wconf 86' lang='lat' dir='ltr'><strong>uber-</strong></span> 
     </span>
    </p>
   </div>
   <div class='ocr_carea' id='block_1_67' title="bbox 1964 1029 3565 1115">
    <p class='ocr_par' dir='ltr' id='par_1_67' title="bbox 1964 1029 3565 1115">
     <span class='ocr_line' id='line_1_67' title="bbox 1964 1029 3565 1115; baseline -0.011 -16"><span class='ocrx_word' id='word_1_504' title='bbox 1964 1052 2075 1115; x_wconf 85' lang='lat' dir='ltr'><strong>tate</strong></span> <span class='ocrx_word' id='word_1_505' title='bbox 2096 1058 2163 1099; x_wconf 81' lang='lat' dir='ltr'><strong>es</strong></span> <span class='ocrx_word' id='word_1_506' title='bbox 2186 1040 2373 1114; x_wconf 80' lang='lat' dir='ltr'><strong>hydria</strong></span> <span class='ocrx_word' id='word_1_507' title='bbox 2394 1038 2627 1093; x_wconf 85' lang='lat' dir='ltr'><strong>metebat</strong></span> <span class='ocrx_word' id='word_1_508' title='bbox 2643 1040 2663 1089; x_wconf 62' lang='lat'><strong>:&#39;</strong></span> <span class='ocrx_word' id='word_1_509' title='bbox 2679 1034 2976 1090; x_wconf 86' lang='lat' dir='ltr'><strong>seminabat</strong></span> <span class='ocrx_word' id='word_1_510' title='bbox 3000 1032 3246 1097; x_wconf 82' lang='lat' dir='ltr'><strong>farinam,</strong></span> <span class='ocrx_word' id='word_1_511' title='bbox 3268 1037 3325 1086; x_wconf 90' lang='lat' dir='ltr'><strong>et</strong></span> <span class='ocrx_word' id='word_1_512' title='bbox 3339 1029 3565 1085; x_wconf 74' lang='lat' dir='ltr'><strong>farinam</strong></span> 
     </span>
    </p>
   </div>
   <div class='ocr_carea' id='block_1_68' title="bbox 1966 1123 3569 1200">
    <p class='ocr_par' dir='ltr' id='par_1_68' title="bbox 1966 1123 3569 1200">
     <span class='ocr_line' id='line_1_68' title="bbox 1966 1123 3569 1200; baseline -0.011 -9"><span class='ocrx_word' id='word_1_513' title='bbox 1966 1134 2229 1199; x_wconf 86' lang='lat' dir='ltr'><strong>metebat;</strong></span> <span class='ocrx_word' id='word_1_514' title='bbox 2255 1131 2369 1187; x_wconf 83' lang='lat' dir='ltr'><strong>non</strong></span> <span class='ocrx_word' id='word_1_515' title='bbox 2398 1128 2622 1200; x_wconf 84' lang='lat' dir='ltr'><strong>indiguit</strong></span> <span class='ocrx_word' id='word_1_516' title='bbox 2671 1126 2863 1191; x_wconf 84' lang='lat' dir='ltr'><strong>bobus,</strong></span> <span class='ocrx_word' id='word_1_517' title='bbox 2897 1127 2952 1179; x_wconf 83' lang='lat' dir='ltr'><strong>et</strong></span> <span class='ocrx_word' id='word_1_518' title='bbox 2991 1123 3141 1195; x_wconf 83' lang='lat' dir='ltr'><strong>jugo,</strong></span> <span class='ocrx_word' id='word_1_519' title='bbox 3168 1131 3227 1177; x_wconf 88' lang='lat' dir='ltr'><strong>et</strong></span> <span class='ocrx_word' id='word_1_520' title='bbox 3267 1128 3468 1188; x_wconf 89' lang='lat' dir='ltr'><strong>aratro,</strong></span> <span class='ocrx_word' id='word_1_521' title='bbox 3506 1128 3569 1175; x_wconf 86' lang='lat' dir='ltr'><strong>et</strong></span> 
     </span>
    </p>
   </div>
   <div class='ocr_carea' id='block_1_69' title="bbox 1966 1211 3567 1295">
    <p class='ocr_par' dir='ltr' id='par_1_69' title="bbox 1966 1211 3567 1295">
     <span class='ocr_line' id='line_1_69' title="bbox 1966 1211 3567 1295; baseline -0.008 -16"><span class='ocrx_word' id='word_1_522' title='bbox 1966 1226 2139 1292; x_wconf 89' lang='lat' dir='ltr'><strong>sulco,</strong></span> <span class='ocrx_word' id='word_1_523' title='bbox 2165 1239 2267 1281; x_wconf 91' lang='lat' dir='ltr'><strong>nec</strong></span> <span class='ocrx_word' id='word_1_524' title='bbox 2289 1222 2467 1295; x_wconf 85' lang='lat' dir='ltr'><strong>pluvia</strong></span> <span class='ocrx_word' id='word_1_525' title='bbox 2488 1228 2544 1276; x_wconf 89' lang='lat' dir='ltr'><strong>et</strong></span> <span class='ocrx_word' id='word_1_526' title='bbox 2569 1233 2696 1274; x_wconf 88' lang='lat' dir='ltr'><strong>aere</strong></span> <span class='ocrx_word' id='word_1_527' title='bbox 2722 1232 2787 1271; x_wconf 91' lang='lat' dir='ltr'><strong>ac</strong></span> <span class='ocrx_word' id='word_1_528' title='bbox 2832 1215 2987 1281; x_wconf 80' lang='lat' dir='ltr'><strong>falce,</strong></span> <span class='ocrx_word' id='word_1_529' title='bbox 3032 1228 3133 1269; x_wconf 75' lang='lat' dir='ltr'><strong>nec</strong></span> <span class='ocrx_word' id='word_1_530' title='bbox 3154 1226 3279 1268; x_wconf 87' lang='lat' dir='ltr'><strong>area</strong></span> <span class='ocrx_word' id='word_1_531' title='bbox 3308 1218 3365 1267; x_wconf 84' lang='lat' dir='ltr'><strong>et</strong></span> <span class='ocrx_word' id='word_1_532' title='bbox 3388 1211 3567 1268; x_wconf 80' lang='lat' dir='ltr'><strong>mani-</strong></span> 
     </span>
    </p>
   </div>
   <div class='ocr_carea' id='block_1_70' title="bbox 1967 1306 3564 1389">
    <p class='ocr_par' dir='ltr' id='par_1_70' title="bbox 1967 1306 3564 1389">
     <span class='ocr_line' id='line_1_70' title="bbox 1967 1306 3564 1389; baseline -0.008 -16"><span class='ocrx_word' id='word_1_533' title='bbox 1967 1317 2125 1389; x_wconf 85' lang='lat' dir='ltr'><strong>pulis,</strong></span> <span class='ocrx_word' id='word_1_534' title='bbox 2158 1331 2333 1387; x_wconf 89' lang='lat' dir='ltr'><strong>neque</strong></span> <span class='ocrx_word' id='word_1_535' title='bbox 2355 1314 2550 1379; x_wconf 84' lang='lat' dir='ltr'><strong>ventis,</strong></span> <span class='ocrx_word' id='word_1_536' title='bbox 2580 1312 2671 1382; x_wconf 90' lang='lat' dir='ltr'><strong>qui</strong></span> <span class='ocrx_word' id='word_1_537' title='bbox 2693 1308 2875 1381; x_wconf 81' lang='lat' dir='ltr'><strong>paleas</strong></span> <span class='ocrx_word' id='word_1_538' title='bbox 2910 1323 2941 1363; x_wconf 90' lang='lat' dir='ltr'><strong>a</strong></span> <span class='ocrx_word' id='word_1_539' title='bbox 2958 1306 3142 1379; x_wconf 84' lang='lat' dir='ltr'><strong>granis</strong></span> <span class='ocrx_word' id='word_1_540' title='bbox 3167 1306 3564 1369; x_wconf 76' lang='lat' dir='ltr'><strong>discernerent.</strong></span> 
     </span>
    </p>
   </div>
   <div class='ocr_carea' id='block_1_71' title="bbox 1967 1395 3568 1480">
    <p class='ocr_par' dir='ltr' id='par_1_71' title="bbox 1967 1395 3568 1480">
     <span class='ocr_line' id='line_1_71' title="bbox 1967 1395 3568 1480; baseline -0.007 -18"><span class='ocrx_word' id='word_1_541' title='bbox 1967 1423 2141 1480; x_wconf 85' lang='lat' dir='ltr'><strong>neque</strong></span> <span class='ocrx_word' id='word_1_542' title='bbox 2181 1408 2345 1473; x_wconf 87' lang='lat' dir='ltr'><strong>mola,</strong></span> <span class='ocrx_word' id='word_1_543' title='bbox 2388 1419 2518 1475; x_wconf 66' lang='lat' dir='ltr'><strong>qua</strong></span> <span class='ocrx_word' id='word_1_544' title='bbox 2572 1409 2819 1459; x_wconf 81' lang='lat' dir='ltr'><strong>tereret:</strong></span> <span class='ocrx_word' id='word_1_545' title='bbox 2853 1398 2949 1455; x_wconf 85' lang='lat' dir='ltr'><strong>sed</strong></span> <span class='ocrx_word' id='word_1_546' title='bbox 2988 1412 3096 1453; x_wconf 91' lang='lat' dir='ltr'><strong>uno</strong></span> <span class='ocrx_word' id='word_1_547' title='bbox 3137 1395 3568 1467; x_wconf 18' lang='lat' dir='ltr'><strong>temmrisrmo-</strong></span> 
     </span>
    </p>
   </div>
   <div class='ocr_carea' id='block_1_72' title="bbox 1966 1486 3569 1570">
    <p class='ocr_par' dir='ltr' id='par_1_72' title="bbox 1966 1486 3569 1570">
     <span class='ocr_line' id='line_1_72' title="bbox 1966 1486 3569 1570; baseline -0.009 -14"><span class='ocrx_word' id='word_1_548' title='bbox 1966 1508 2153 1556; x_wconf 87' lang='lat' dir='ltr'><strong>mento</strong></span> <span class='ocrx_word' id='word_1_549' title='bbox 2182 1498 2235 1553; x_wconf 91' lang='lat' dir='ltr'><strong>in</strong></span> <span class='ocrx_word' id='word_1_550' title='bbox 2268 1486 2459 1570; x_wconf 83' lang='lat' dir='ltr'><strong>hydria</strong></span> <span class='ocrx_word' id='word_1_551' title='bbox 2507 1494 2669 1551; x_wconf 86' lang='lat' dir='ltr'><strong>linem</strong></span> <span class='ocrx_word' id='word_1_552' title='bbox 2696 1492 2936 1547; x_wconf 87' lang='lat' dir='ltr'><strong>omnium</strong></span> <span class='ocrx_word' id='word_1_553' title='bbox 2982 1490 3209 1546; x_wconf 85' lang='lat' dir='ltr'><strong>istorum</strong></span> <span class='ocrx_word' id='word_1_554' title='bbox 3238 1487 3443 1543; x_wconf 79' lang='lat' dir='ltr'><strong>invenit</strong></span> <span class='ocrx_word' id='word_1_555' title='bbox 3465 1504 3480 1541; x_wconf 87' lang='lat'><strong>:</strong></span> <span class='ocrx_word' id='word_1_556' title='bbox 3504 1500 3569 1541; x_wconf 87' lang='lat' dir='ltr'><strong>ae</strong></span> 
     </span>
    </p>
   </div>
   <div class='ocr_carea' id='block_1_73' title="bbox 1965 1578 3568 1654">
    <p class='ocr_par' dir='ltr' id='par_1_73' title="bbox 1965 1578 3568 1654">
     <span class='ocr_line' id='line_1_73' title="bbox 1965 1578 3568 1654; baseline -0.008 -8"><span class='ocrx_word' id='word_1_557' title='bbox 1965 1591 2100 1646; x_wconf 86' lang='lat' dir='ltr'><strong>duos</strong></span> <span class='ocrx_word' id='word_1_558' title='bbox 2130 1590 2323 1654; x_wconf 78' lang='lat' dir='ltr'><strong>fontes,</strong></span> <span class='ocrx_word' id='word_1_559' title='bbox 2352 1602 2517 1642; x_wconf 84' lang='lat' dir='ltr'><strong>unum</strong></span> <span class='ocrx_word' id='word_1_560' title='bbox 2545 1584 2755 1652; x_wconf 65' lang='lat' dir='ltr'><strong>farinae,</strong></span> <span class='ocrx_word' id='word_1_561' title='bbox 2779 1583 3004 1639; x_wconf 89' lang='lat' dir='ltr'><strong>alterum</strong></span> <span class='ocrx_word' id='word_1_562' title='bbox 3035 1580 3140 1638; x_wconf 89' lang='lat' dir='ltr'><strong>olei</strong></span> <span class='ocrx_word' id='word_1_563' title='bbox 3159 1596 3268 1635; x_wconf 80' lang='lat' dir='ltr'><strong>vox</strong></span> <span class='ocrx_word' id='word_1_564' title='bbox 3288 1578 3568 1651; x_wconf 74' lang='lat' dir='ltr'><strong>prophetat</strong></span> 
     </span>
    </p>
   </div>
   <div class='ocr_carea' id='block_1_74' title="bbox 1965 1678 3560 1753">
    <p class='ocr_par' dir='ltr' id='par_1_74' title="bbox 1965 1678 3560 1753">
     <span class='ocr_line' id='line_1_74' title="bbox 1965 1678 3560 1753; baseline -0.016 -14"><span class='ocrx_word' id='word_1_565' title='bbox 1965 1695 2234 1753; x_wconf 87' lang='lat' dir='ltr'><strong>perennes</strong></span> <span class='ocrx_word' id='word_1_566' title='bbox 2261 1678 2467 1735; x_wconf 69' lang='lat' dir='ltr'><strong>cludit.</strong></span> <span class='ocrx_word' id='word_1_567' title='bbox 3552 1720 3560 1729; x_wconf 51' lang='grc'><em>,</em></span> 
     </span>
    </p>
   </div>
   <div class='ocr_carea' id='block_1_75' title="bbox 2039 1760 3568 1833">
    <p class='ocr_par' dir='ltr' id='par_1_75' title="bbox 2039 1760 3568 1833">
     <span class='ocr_line' id='line_1_75' title="bbox 2039 1760 3568 1833; baseline -0.007 -6"><span class='ocrx_word' id='word_1_568' title='bbox 2039 1771 2126 1827; x_wconf 75' lang='grc' dir='ltr'><strong>ιι.</strong></span> <span class='ocrx_word' id='word_1_569' title='bbox 2153 1770 2302 1833; x_wconf 83' lang='lat' dir='ltr'><strong>Talia</strong></span> <span class='ocrx_word' id='word_1_570' title='bbox 2340 1776 2464 1824; x_wconf 88' lang='lat' dir='ltr'><strong>sunt</strong></span> <span class='ocrx_word' id='word_1_571' title='bbox 2505 1767 2646 1821; x_wconf 86' lang='lat' dir='ltr'><strong>dona</strong></span> <span class='ocrx_word' id='word_1_572' title='bbox 2691 1774 3023 1830; x_wconf 84' lang='lat' dir='ltr'><strong>sanctorum,</strong></span> <span class='ocrx_word' id='word_1_573' title='bbox 3083 1772 3140 1818; x_wconf 88' lang='lat' dir='ltr'><strong>et</strong></span> <span class='ocrx_word' id='word_1_574' title='bbox 3167 1760 3465 1817; x_wconf 84' lang='lat' dir='ltr'><strong>ubertatem</strong></span> <span class='ocrx_word' id='word_1_575' title='bbox 3513 1768 3568 1816; x_wconf 84' lang='lat' dir='ltr'><strong>et</strong></span> 
     </span>
    </p>
   </div>
   <div class='ocr_carea' id='block_1_76' title="bbox 1967 1853 3565 1933">
    <p class='ocr_par' dir='ltr' id='par_1_76' title="bbox 1967 1853 3565 1933">
     <span class='ocr_line' id='line_1_76' title="bbox 1967 1853 3565 1933; baseline -0.005 -15"><span class='ocrx_word' id='word_1_576' title='bbox 1967 1862 2273 1919; x_wconf 75' lang='lat' dir='ltr'><strong>facilitatem</strong></span> <span class='ocrx_word' id='word_1_577' title='bbox 2296 1863 2565 1933; x_wconf 89' lang='lat' dir='ltr'><strong>ingentem</strong></span> <span class='ocrx_word' id='word_1_578' title='bbox 2589 1862 2643 1916; x_wconf 92' lang='lat' dir='ltr'><strong>in</strong></span> <span class='ocrx_word' id='word_1_579' title='bbox 2668 1876 2728 1916; x_wconf 89' lang='lat' dir='ltr'><strong>se</strong></span> <span class='ocrx_word' id='word_1_580' title='bbox 2748 1859 3046 1915; x_wconf 88' lang='lat' dir='ltr'><strong>continent.</strong></span> <span class='ocrx_word' id='word_1_581' title='bbox 3082 1855 3215 1911; x_wconf 83' lang='lat' dir='ltr'><strong>Nam</strong></span> <span class='ocrx_word' id='word_1_582' title='bbox 3236 1870 3301 1911; x_wconf 89' lang='lat' dir='ltr'><strong>ea</strong></span> <span class='ocrx_word' id='word_1_583' title='bbox 3328 1853 3565 1927; x_wconf 87' lang='lat' dir='ltr'><strong>quidem.</strong></span> 
     </span>
    </p>
   </div>
   <div class='ocr_carea' id='block_1_77' title="bbox 1964 1944 3567 2025">
    <p class='ocr_par' dir='ltr' id='par_1_77' title="bbox 1964 1944 3567 2025">
     <span class='ocr_line' id='line_1_77' title="bbox 1964 1944 3567 2025; baseline -0.006 -16"><span class='ocrx_word' id='word_1_584' title='bbox 1964 1970 2085 2025; x_wconf 64' lang='lat' dir='ltr'><strong>qua:</strong></span> <span class='ocrx_word' id='word_1_585' title='bbox 2103 1953 2461 2024; x_wconf 76' lang='lat' dir='ltr'><strong>decerpantur</strong></span> <span class='ocrx_word' id='word_1_586' title='bbox 2479 1968 2512 2009; x_wconf 92' lang='lat' dir='ltr'><strong>e</strong></span> <span class='ocrx_word' id='word_1_587' title='bbox 2542 1962 2705 2019; x_wconf 90' lang='lat' dir='ltr'><strong>terra,</strong></span> <span class='ocrx_word' id='word_1_588' title='bbox 2732 1960 3158 2005; x_wconf 89' lang='lat' dir='ltr'><strong>consumuntur:</strong></span> <span class='ocrx_word' id='word_1_589' title='bbox 3182 1954 3242 2003; x_wconf 89' lang='lat' dir='ltr'><strong>at</strong></span> <span class='ocrx_word' id='word_1_590' title='bbox 3268 1946 3346 2002; x_wconf 88' lang='lat' dir='ltr'><strong>illi</strong></span> <span class='ocrx_word' id='word_1_591' title='bbox 3386 1944 3567 2001; x_wconf 66' lang='lat' dir='ltr'><strong>{unus</strong></span> 
     </span>
    </p>
   </div>
   <div class='ocr_carea' id='block_1_78' title="bbox 1969 2037 3564 2119">
    <p class='ocr_par' dir='ltr' id='par_1_78' title="bbox 1969 2037 3564 2119">
     <span class='ocr_line' id='line_1_78' title="bbox 1969 2037 3564 2119; baseline -0.007 -16"><span class='ocrx_word' id='word_1_592' title='bbox 1969 2047 2142 2103; x_wconf 83' lang='lat' dir='ltr'><strong>hausti</strong></span> <span class='ocrx_word' id='word_1_593' title='bbox 2185 2045 2445 2119; x_wconf 90' lang='lat' dir='ltr'><strong>quotidie,</strong></span> <span class='ocrx_word' id='word_1_594' title='bbox 2492 2061 2600 2101; x_wconf 91' lang='lat' dir='ltr'><strong>non</strong></span> <span class='ocrx_word' id='word_1_595' title='bbox 2629 2043 3114 2104; x_wconf 77' lang='lat' dir='ltr'><strong>exhauriebantur,</strong></span> <span class='ocrx_word' id='word_1_596' title='bbox 3145 2038 3241 2095; x_wconf 90' lang='lat' dir='ltr'><strong>scd</strong></span> <span class='ocrx_word' id='word_1_597' title='bbox 3280 2053 3401 2093; x_wconf 88' lang='lat' dir='ltr'><strong>cum</strong></span> <span class='ocrx_word' id='word_1_598' title='bbox 3434 2037 3564 2101; x_wconf 89' lang='lat' dir='ltr'><strong>illis,</strong></span> 
     </span>
    </p>
   </div>
   <div class='ocr_carea' id='block_1_79' title="bbox 1964 2131 3570 2213">
    <p class='ocr_par' dir='ltr' id='par_1_79' title="bbox 1964 2131 3570 2213">
     <span class='ocr_line' id='line_1_79' title="bbox 1964 2131 3570 2213; baseline -0.005 -18"><span class='ocrx_word' id='word_1_599' title='bbox 1964 2142 2056 2213; x_wconf 86' lang='lat' dir='ltr'><strong>qui</strong></span> <span class='ocrx_word' id='word_1_600' title='bbox 2100 2140 2463 2206; x_wconf 79' lang='lat' dir='ltr'><strong>evaeuabant,</strong></span> <span class='ocrx_word' id='word_1_601' title='bbox 2509 2139 2624 2209; x_wconf 84' lang='lat' dir='ltr'><strong>pari</strong></span> <span class='ocrx_word' id='word_1_602' title='bbox 2668 2151 2923 2193; x_wconf 88' lang='lat' dir='ltr'><strong>successu</strong></span> <span class='ocrx_word' id='word_1_603' title='bbox 2968 2134 3238 2205; x_wconf 85' lang='lat' dir='ltr'><strong>scaturigo</strong></span> <span class='ocrx_word' id='word_1_604' title='bbox 3278 2131 3570 2203; x_wconf 82' lang='lat' dir='ltr'><strong>pugnabat.</strong></span> 
     </span>
    </p>
   </div>
   <div class='ocr_carea' id='block_1_80' title="bbox 1966 2223 3565 2303">
    <p class='ocr_par' dir='ltr' id='par_1_80' title="bbox 1966 2223 3565 2303">
     <span class='ocr_line' id='line_1_80' title="bbox 1966 2223 3565 2303; baseline -0.008 -16"><span class='ocrx_word' id='word_1_605' title='bbox 1966 2230 2110 2287; x_wconf 83' lang='lat' dir='ltr'><strong>Talia</strong></span> <span class='ocrx_word' id='word_1_606' title='bbox 2141 2241 2286 2300; x_wconf 88' lang='lat' dir='ltr'><strong>sunt,</strong></span> <span class='ocrx_word' id='word_1_607' title='bbox 2315 2246 2435 2303; x_wconf 67' lang='lat' dir='ltr'><strong>quas</strong></span> <span class='ocrx_word' id='word_1_608' title='bbox 2476 2242 2785 2286; x_wconf 88' lang='lat' dir='ltr'><strong>sanctorum</strong></span> <span class='ocrx_word' id='word_1_609' title='bbox 2815 2227 2980 2298; x_wconf 62' lang='lat' dir='ltr'><strong>pales</strong></span> <span class='ocrx_word' id='word_1_610' title='bbox 3018 2224 3334 2295; x_wconf 87' lang='lat' dir='ltr'><strong>largiuntur,</strong></span> <span class='ocrx_word' id='word_1_611' title='bbox 3357 2223 3440 2278; x_wconf 83' lang='lat' dir='ltr'><strong>vel</strong></span> <span class='ocrx_word' id='word_1_612' title='bbox 3467 2237 3565 2291; x_wconf 77' lang='lat' dir='ltr'><strong>po-</strong></span> 
     </span>
    </p>
   </div>
   <div class='ocr_carea' id='block_1_81' title="bbox 1966 2314 3553 2393">
    <p class='ocr_par' dir='ltr' id='par_1_81' title="bbox 1966 2314 3553 2393">
     <span class='ocr_line' id='line_1_81' title="bbox 1966 2314 3553 2393; baseline -0.008 -14"><span class='ocrx_word' id='word_1_613' title='bbox 1966 2324 2073 2379; x_wconf 89' lang='lat' dir='ltr'><strong>tius</strong></span> <span class='ocrx_word' id='word_1_614' title='bbox 2102 2325 2186 2379; x_wconf 91' lang='lat' dir='ltr'><strong>his</strong></span> <span class='ocrx_word' id='word_1_615' title='bbox 2216 2324 2384 2378; x_wconf 89' lang='lat' dir='ltr'><strong>multo</strong></span> <span class='ocrx_word' id='word_1_616' title='bbox 2412 2323 2560 2393; x_wconf 87' lang='lat' dir='ltr'><strong>plura</strong></span> <span class='ocrx_word' id='word_1_617' title='bbox 2586 2339 2599 2375; x_wconf 88' lang='lat'><strong>:</strong></span> <span class='ocrx_word' id='word_1_618' title='bbox 2631 2334 2693 2375; x_wconf 91' lang='lat' dir='ltr'><strong>ac</strong></span> <span class='ocrx_word' id='word_1_619' title='bbox 2722 2318 2823 2374; x_wconf 89' lang='lat' dir='ltr'><strong>nisi</strong></span> <span class='ocrx_word' id='word_1_620' title='bbox 2870 2319 3024 2372; x_wconf 80' lang='lat' dir='ltr'><strong>fieret</strong></span> <span class='ocrx_word' id='word_1_621' title='bbox 3076 2315 3335 2387; x_wconf 80' lang='lat' dir='ltr'><strong>prolixior</strong></span> <span class='ocrx_word' id='word_1_622' title='bbox 3362 2314 3553 2373; x_wconf 89' lang='lat' dir='ltr'><strong>oratio.</strong></span> 
     </span>
    </p>
   </div>
   <div class='ocr_carea' id='block_1_82' title="bbox 1964 2402 3564 2485">
    <p class='ocr_par' dir='ltr' id='par_1_82' title="bbox 1964 2402 3564 2485">
     <span class='ocr_line' id='line_1_82' title="bbox 1964 2402 3564 2485; baseline -0.006 -16"><span class='ocrx_word' id='word_1_623' title='bbox 1964 2415 2131 2470; x_wconf 86' lang='lat' dir='ltr'><strong>multa</strong></span> <span class='ocrx_word' id='word_1_624' title='bbox 2175 2414 2439 2485; x_wconf 80' lang='lat' dir='ltr'><strong>ejusmodi</strong></span> <span class='ocrx_word' id='word_1_625' title='bbox 2485 2413 2627 2467; x_wconf 87' lang='lat' dir='ltr'><strong>dona</strong></span> <span class='ocrx_word' id='word_1_626' title='bbox 2658 2408 2991 2466; x_wconf 85' lang='lat' dir='ltr'><strong>numerando</strong></span> <span class='ocrx_word' id='word_1_627' title='bbox 3032 2419 3429 2479; x_wconf 86' lang='lat' dir='ltr'><strong>pereenserem.</strong></span> <span class='ocrx_word' id='word_1_628' title='bbox 3458 2402 3564 2460; x_wconf 79' lang='lat' dir='ltr'><strong>Sed</strong></span> 
     </span>
    </p>
   </div>
   <div class='ocr_carea' id='block_1_83' title="bbox 1963 2495 3565 2576">
    <p class='ocr_par' dir='ltr' id='par_1_83' title="bbox 1963 2495 3565 2576">
     <span class='ocr_line' id='line_1_83' title="bbox 1963 2495 3565 2576; baseline -0.007 -16"><span class='ocrx_word' id='word_1_629' title='bbox 1963 2504 2414 2576; x_wconf 88' lang='lat' dir='ltr'><strong>quemadmodum</strong></span> <span class='ocrx_word' id='word_1_630' title='bbox 2467 2504 2501 2559; x_wconf 91' lang='lat' dir='ltr'><strong>ii</strong></span> <span class='ocrx_word' id='word_1_631' title='bbox 2538 2503 2631 2575; x_wconf 85' lang='lat' dir='ltr'><strong>qui</strong></span> <span class='ocrx_word' id='word_1_632' title='bbox 2688 2502 2962 2565; x_wconf 45' lang='lat' dir='ltr'><strong>,honorem</strong></span> <span class='ocrx_word' id='word_1_633' title='bbox 2989 2499 3096 2553; x_wconf 86' lang='lat' dir='ltr'><strong>illis</strong></span> <span class='ocrx_word' id='word_1_634' title='bbox 3121 2496 3391 2565; x_wconf 79' lang='lat' dir='ltr'><strong>delerunt,</strong></span> <span class='ocrx_word' id='word_1_635' title='bbox 3438 2495 3565 2551; x_wconf 86' lang='lat' dir='ltr'><strong>talia</strong></span> 
     </span>
    </p>
   </div>
   <div class='ocr_carea' id='block_1_84' title="bbox 1961 2588 3561 2669">
    <p class='ocr_par' dir='ltr' id='par_1_84' title="bbox 1961 2588 3561 2669">
     <span class='ocr_line' id='line_1_84' title="bbox 1961 2588 3561 2669; baseline -0.007 -16"><span class='ocrx_word' id='word_1_636' title='bbox 1961 2596 2101 2653; x_wconf 89' lang='lat' dir='ltr'><strong>dona</strong></span> <span class='ocrx_word' id='word_1_637' title='bbox 2130 2606 2531 2669; x_wconf 88' lang='lat' dir='ltr'><strong>consequuntur</strong></span> <span class='ocrx_word' id='word_1_638' title='bbox 2564 2614 2577 2650; x_wconf 92' lang='lat'><strong>:</strong></span> <span class='ocrx_word' id='word_1_639' title='bbox 2610 2596 2680 2651; x_wconf 87' lang='lat' dir='ltr'><strong>ita</strong></span> <span class='ocrx_word' id='word_1_640' title='bbox 2708 2595 2799 2666; x_wconf 92' lang='lat' dir='ltr'><strong>qui</strong></span> <span class='ocrx_word' id='word_1_641' title='bbox 2820 2592 3141 2664; x_wconf 87' lang='lat' dir='ltr'><strong>despiciunt,</strong></span> <span class='ocrx_word' id='word_1_642' title='bbox 3186 2605 3436 2661; x_wconf 90' lang='lat' dir='ltr'><strong>magnum</strong></span> <span class='ocrx_word' id='word_1_643' title='bbox 3457 2588 3561 2643; x_wconf 79' lang='lat' dir='ltr'><strong>sibi</strong></span> 
     </span>
    </p>
   </div>
   <div class='ocr_carea' id='block_1_85' title="bbox 1962 2678 3563 2759">
    <p class='ocr_par' dir='ltr' id='par_1_85' title="bbox 1962 2678 3563 2759">
     <span class='ocr_line' id='line_1_85' title="bbox 1962 2678 3563 2759; baseline -0.005 -17"><span class='ocrx_word' id='word_1_644' title='bbox 1962 2688 2281 2759; x_wconf 86' lang='lat' dir='ltr'><strong>supplicium</strong></span> <span class='ocrx_word' id='word_1_645' title='bbox 2308 2696 2363 2743; x_wconf 87' lang='lat' dir='ltr'><strong>et</strong></span> <span class='ocrx_word' id='word_1_646' title='bbox 2401 2686 2762 2742; x_wconf 87' lang='lat' dir='ltr'><strong>inevitabilem</strong></span> <span class='ocrx_word' id='word_1_647' title='bbox 2794 2683 2972 2754; x_wconf 84' lang='lat' dir='ltr'><strong>ignem</strong></span> <span class='ocrx_word' id='word_1_648' title='bbox 3002 2690 3303 2737; x_wconf 86' lang='lat' dir='ltr'><strong>accersunt.</strong></span> <span class='ocrx_word' id='word_1_649' title='bbox 3329 2678 3483 2736; x_wconf 84' lang='lat' dir='ltr'><strong>Unde</strong></span> <span class='ocrx_word' id='word_1_650' title='bbox 3509 2678 3563 2734; x_wconf 86' lang='lat' dir='ltr'><strong>id</strong></span> 
     </span>
    </p>
   </div>
   <div class='ocr_carea' id='block_1_86' title="bbox 1960 2769 3562 2845">
    <p class='ocr_par' dir='ltr' id='par_1_86' title="bbox 1960 2769 3562 2845">
     <span class='ocr_line' id='line_1_86' title="bbox 1960 2769 3562 2845; baseline -0.006 -11"><span class='ocrx_word' id='word_1_651' title='bbox 1960 2778 2215 2834; x_wconf 76' lang='lat' dir='ltr'><strong>constat?</strong></span> <span class='ocrx_word' id='word_1_652' title='bbox 2241 2777 2379 2833; x_wconf 83' lang='lat' dir='ltr'><strong>Audi</strong></span> <span class='ocrx_word' id='word_1_653' title='bbox 2414 2776 2690 2833; x_wconf 86' lang='lat' dir='ltr'><strong>Christum</strong></span> <span class='ocrx_word' id='word_1_654' title='bbox 2736 2776 2911 2845; x_wconf 82' lang='lat' dir='ltr'><strong>ipsum</strong></span> <span class='ocrx_word' id='word_1_655' title='bbox 2949 2772 3218 2829; x_wconf 87' lang='lat' dir='ltr'><strong>dicentem</strong></span> <span class='ocrx_word' id='word_1_656' title='bbox 3246 2769 3562 2842; x_wconf 88' lang='lat' dir='ltr'><strong>discipulis:</strong></span> 
     </span>
    </p>
   </div>
   <div class='ocr_carea' id='block_1_87' title="bbox 1961 2863 3563 2943">
    <p class='ocr_par' dir='ltr' id='par_1_87' title="bbox 1961 2863 3563 2943">
     <span class='ocr_line' id='line_1_87' title="bbox 1961 2863 3563 2943; baseline -0.005 -18"><span class='ocrx_word' id='word_1_657' title='bbox 1961 2871 2027 2927; x_wconf 83' lang='lat' dir='ltr'><strong>In</strong></span> <span class='ocrx_word' id='word_1_658' title='bbox 2054 2887 2421 2943; x_wconf 73' lang='lat' dir='ltr'><strong>quanicumque</strong></span> <span class='ocrx_word' id='word_1_659' title='bbox 2444 2870 2719 2935; x_wconf 72' lang='lat' dir='ltr'><strong>ciuitatem,</strong></span> <span class='ocrx_word' id='word_1_660' title='bbox 2760 2877 2849 2921; x_wconf 76' lang='lat' dir='ltr'><strong>aut</strong></span> <span class='ocrx_word' id='word_1_661' title='bbox 2882 2867 3088 2921; x_wconf 74' lang='lat' dir='ltr'><strong>domum</strong></span> <span class='ocrx_word' id='word_1_662' title='bbox 3132 2865 3454 2929; x_wconf 80' lang='lat' dir='ltr'><strong>intrat-eritis,</strong></span> <span class='ocrx_word' id='word_1_663' title='bbox 3483 2863 3563 2917; x_wconf 79' lang='lat' dir='ltr'><strong>in-</strong></span> 
     </span>
    </p>
   </div>
   <div class='ocr_carea' id='block_1_88' title="bbox 1961 2958 3564 3033">
    <p class='ocr_par' dir='ltr' id='par_1_88' title="bbox 1961 2958 3564 3033">
     <span class='ocr_line' id='line_1_88' title="bbox 1961 2958 3564 3033; baseline -0.005 -16"><span class='ocrx_word' id='word_1_664' title='bbox 1961 2973 2210 3033; x_wconf 79' lang='lat' dir='ltr'><strong>terrogate</strong></span> <span class='ocrx_word' id='word_1_665' title='bbox 2229 2962 2341 3033; x_wconf 79' lang='lat' dir='ltr'><strong>quis</strong></span> <span class='ocrx_word' id='word_1_666' title='bbox 2357 2962 2407 3016; x_wconf 78' lang='lat' dir='ltr'><strong>in</strong></span> <span class='ocrx_word' id='word_1_667' title='bbox 2430 2978 2495 3018; x_wconf 81' lang='lat' dir='ltr'><strong>ea</strong></span> <span class='ocrx_word' id='word_1_668' title='bbox 2512 2962 2700 3032; x_wconf 71' lang='lat' dir='ltr'><strong>dignus</strong></span> <span class='ocrx_word' id='word_1_669' title='bbox 2727 2960 2813 3026; x_wconf 83' lang='lat' dir='ltr'><strong>sit,</strong></span> <span class='ocrx_word' id='word_1_670' title='bbox 2840 2970 2886 3014; x_wconf 84' lang='lat' dir='ltr'><strong>et</strong></span> <span class='ocrx_word' id='word_1_671' title='bbox 2914 2959 2979 3013; x_wconf 86' lang='lat' dir='ltr'><strong>ibi</strong></span> <span class='ocrx_word' id='word_1_672' title='bbox 2997 2968 3212 3020; x_wconf 67' lang='lat' dir='ltr'><strong>mattea,</strong></span> <span class='ocrx_word' id='word_1_673' title='bbox 3244 2966 3291 3011; x_wconf 82' lang='lat' dir='ltr'><strong>et</strong></span> <span class='ocrx_word' id='word_1_674' title='bbox 3317 2958 3564 3011; x_wconf 74' lang='lat' dir='ltr'><strong>intrantes</strong></span> 
     </span>
    </p>
   </div>
   <div class='ocr_carea' id='block_1_89' title="bbox 1958 3047 3560 3124">
    <p class='ocr_par' dir='ltr' id='par_1_89' title="bbox 1958 3047 3560 3124">
     <span class='ocr_line' id='line_1_89' title="bbox 1958 3047 3560 3124; baseline -0.003 -16"><span class='ocrx_word' id='word_1_675' title='bbox 1958 3055 2126 3122; x_wconf 74' lang='lat' dir='ltr'><strong>dicite,</strong></span> <span class='ocrx_word' id='word_1_676' title='bbox 2153 3054 2272 3109; x_wconf 69' lang='lat' dir='ltr'><strong>Pax</strong></span> <span class='ocrx_word' id='word_1_677' title='bbox 2296 3054 2411 3108; x_wconf 78' lang='lat' dir='ltr'><strong>huic</strong></span> <span class='ocrx_word' id='word_1_678' title='bbox 2427 3054 2599 3109; x_wconf 77' lang='lat' dir='ltr'><strong>detrusi</strong></span> <span class='ocrx_word' id='word_1_679' title='bbox 2619 3052 2837 3124; x_wconf 74' lang='lat' dir='ltr'><strong>(Matth.</strong></span> <span class='ocrx_word' id='word_1_680' title='bbox 2862 3050 2950 3106; x_wconf 76' lang='grc'><strong>10.</strong></span> <span class='ocrx_word' id='word_1_681' title='bbox 2976 3047 3268 3121; x_wconf 75' lang='grc' dir='ltr'><strong>ΙΙ.12).υι</strong></span> <span class='ocrx_word' id='word_1_682' title='bbox 3291 3049 3435 3104; x_wconf 85' lang='lat' dir='ltr'><strong>enim</strong></span> <span class='ocrx_word' id='word_1_683' title='bbox 3453 3063 3560 3103; x_wconf 81' lang='lat' dir='ltr'><strong>non</strong></span> 
     </span>
    </p>
   </div>
   <div class='ocr_carea' id='block_1_90' title="bbox 1956 3137 3564 3219">
    <p class='ocr_par' dir='ltr' id='par_1_90' title="bbox 1956 3137 3564 3219">
     <span class='ocr_line' id='line_1_90' title="bbox 1956 3137 3564 3219; baseline -0.004 -20"><span class='ocrx_word' id='word_1_684' title='bbox 1956 3144 2123 3212; x_wconf 88' lang='lat' dir='ltr'><strong>dicas,</strong></span> <span class='ocrx_word' id='word_1_685' title='bbox 2152 3142 2413 3201; x_wconf 84' lang='lat' dir='ltr'><strong>Pecunias</strong></span> <span class='ocrx_word' id='word_1_686' title='bbox 2446 3142 2715 3219; x_wconf 76' lang='lat' dir='ltr'><strong>expende,</strong></span> <span class='ocrx_word' id='word_1_687' title='bbox 2746 3142 3024 3198; x_wconf 83' lang='lat' dir='ltr'><strong>facultates</strong></span> <span class='ocrx_word' id='word_1_688' title='bbox 3054 3154 3294 3206; x_wconf 87' lang='lat' dir='ltr'><strong>assumo,</strong></span> <span class='ocrx_word' id='word_1_689' title='bbox 3320 3137 3446 3194; x_wconf 88' lang='lat' dir='ltr'><strong>dum</strong></span> <span class='ocrx_word' id='word_1_690' title='bbox 3468 3152 3564 3209; x_wconf 86' lang='lat' dir='ltr'><strong>pc-</strong></span> 
     </span>
    </p>
   </div>
   <div class='ocr_carea' id='block_1_91' title="bbox 1958 3230 3559 3307">
    <p class='ocr_par' dir='ltr' id='par_1_91' title="bbox 1958 3230 3559 3307">
     <span class='ocr_line' id='line_1_91' title="bbox 1958 3230 3559 3307; baseline -0.005 -17"><span class='ocrx_word' id='word_1_691' title='bbox 1958 3236 2186 3307; x_wconf 89' lang='lat' dir='ltr'><strong>regrinis</strong></span> <span class='ocrx_word' id='word_1_692' title='bbox 2214 3250 2458 3291; x_wconf 87' lang='lat' dir='ltr'><strong>mensam</strong></span> <span class='ocrx_word' id='word_1_693' title='bbox 2488 3248 2720 3304; x_wconf 86' lang='lat' dir='ltr'><strong>appono,</strong></span> <span class='ocrx_word' id='word_1_694' title='bbox 2754 3232 2919 3287; x_wconf 87' lang='lat' dir='ltr'><strong>efficit</strong></span> <span class='ocrx_word' id='word_1_695' title='bbox 2948 3242 3005 3287; x_wconf 89' lang='lat' dir='ltr'><strong>ut</strong></span> <span class='ocrx_word' id='word_1_696' title='bbox 3050 3231 3141 3287; x_wconf 79' lang='lat' dir='ltr'><strong>ille</strong></span> <span class='ocrx_word' id='word_1_697' title='bbox 3170 3231 3307 3301; x_wconf 86' lang='lat' dir='ltr'><strong>ipse,</strong></span> <span class='ocrx_word' id='word_1_698' title='bbox 3336 3231 3427 3301; x_wconf 87' lang='lat' dir='ltr'><strong>qui</strong></span> <span class='ocrx_word' id='word_1_699' title='bbox 3456 3230 3559 3285; x_wconf 88' lang='lat' dir='ltr'><strong>do-</strong></span> 
     </span>
    </p>
   </div>
   <div class='ocr_carea' id='block_1_92' title="bbox 1957 3323 3563 3399">
    <p class='ocr_par' dir='ltr' id='par_1_92' title="bbox 1957 3323 3563 3399">
     <span class='ocr_line' id='line_1_92' title="bbox 1957 3323 3563 3399; baseline -0.003 -16"><span class='ocrx_word' id='word_1_700' title='bbox 1957 3342 2103 3383; x_wconf 89' lang='lat' dir='ltr'><strong>mum</strong></span> <span class='ocrx_word' id='word_1_701' title='bbox 2149 3328 2333 3394; x_wconf 90' lang='lat' dir='ltr'><strong>intrat,</strong></span> <span class='ocrx_word' id='word_1_702' title='bbox 2383 3327 2531 3399; x_wconf 87' lang='lat' dir='ltr'><strong>prior</strong></span> <span class='ocrx_word' id='word_1_703' title='bbox 2562 3324 2659 3382; x_wconf 87' lang='lat' dir='ltr'><strong>tibi</strong></span> <span class='ocrx_word' id='word_1_704' title='bbox 2707 3326 2846 3380; x_wconf 87' lang='lat' dir='ltr'><strong>dona</strong></span> <span class='ocrx_word' id='word_1_705' title='bbox 2902 3323 3181 3394; x_wconf 80' lang='lat' dir='ltr'><strong>hospitalia</strong></span> <span class='ocrx_word' id='word_1_706' title='bbox 3231 3337 3563 3393; x_wconf 77' lang='lat' dir='ltr'><strong>muneraque</strong></span> 
     </span>
    </p>
   </div>
   <div class='ocr_carea' id='block_1_93' title="bbox 1958 3414 3558 3490">
    <p class='ocr_par' dir='ltr' id='par_1_93' title="bbox 1958 3414 3558 3490">
     <span class='ocr_line' id='line_1_93' title="bbox 1958 3414 3558 3490; baseline -0.002 -16"><span class='ocrx_word' id='word_1_707' title='bbox 1958 3419 2234 3490; x_wconf 87' lang='lat' dir='ltr'><strong>largiatur,</strong></span> <span class='ocrx_word' id='word_1_708' title='bbox 2275 3436 2396 3490; x_wconf 70' lang='lat' dir='ltr'><strong>quae</strong></span> <span class='ocrx_word' id='word_1_709' title='bbox 2419 3418 2633 3473; x_wconf 86' lang='lat' dir='ltr'><strong>divitias</strong></span> <span class='ocrx_word' id='word_1_710' title='bbox 2668 3432 2861 3473; x_wconf 88' lang='lat' dir='ltr'><strong>omnes</strong></span> <span class='ocrx_word' id='word_1_711' title='bbox 2904 3422 3253 3486; x_wconf 74' lang='lat' dir='ltr'><strong>exsuperant.</strong></span> <span class='ocrx_word' id='word_1_712' title='bbox 3301 3414 3558 3483; x_wconf 58' lang='lat' dir='ltr'><strong>Quanam</strong></span> 
     </span>
    </p>
   </div>
   <div class='ocr_carea' id='block_1_94' title="bbox 1955 3505 3558 3582">
    <p class='ocr_par' dir='ltr' id='par_1_94' title="bbox 1955 3505 3558 3582">
     <span class='ocr_line' id='line_1_94' title="bbox 1955 3505 3558 3582; baseline -0.004 -16"><span class='ocrx_word' id='word_1_713' title='bbox 1955 3511 2043 3566; x_wconf 72' lang='lat' dir='ltr'><strong>iila</strong></span> <span class='ocrx_word' id='word_1_714' title='bbox 2068 3526 2229 3582; x_wconf 88' lang='lat' dir='ltr'><strong>porro</strong></span> <span class='ocrx_word' id='word_1_715' title='bbox 2250 3521 2375 3565; x_wconf 87' lang='lat' dir='ltr'><strong>sunt</strong></span> <span class='ocrx_word' id='word_1_716' title='bbox 2394 3510 2417 3563; x_wconf 76' lang='lat' dir='ltr'><strong>i</strong></span> <span class='ocrx_word' id='word_1_717' title='bbox 2438 3509 2589 3565; x_wconf 82' lang='lat' dir='ltr'><strong>Pacis</strong></span> <span class='ocrx_word' id='word_1_718' title='bbox 2614 3508 2939 3579; x_wconf 88' lang='lat' dir='ltr'><strong>largitatem.</strong></span> <span class='ocrx_word' id='word_1_719' title='bbox 2962 3506 3105 3562; x_wconf 85' lang='lat' dir='ltr'><strong>Nihil</strong></span> <span class='ocrx_word' id='word_1_720' title='bbox 3125 3507 3267 3561; x_wconf 82' lang='lat' dir='ltr'><strong>enim</strong></span> <span class='ocrx_word' id='word_1_721' title='bbox 3284 3516 3387 3572; x_wconf 87' lang='lat' dir='ltr'><strong>est,</strong></span> <span class='ocrx_word' id='word_1_722' title='bbox 3412 3505 3558 3575; x_wconf 84' lang='lat' dir='ltr'><strong>quod</strong></span> 
     </span>
    </p>
   </div>
   <div class='ocr_carea' id='block_1_95' title="bbox 1954 3590 3556 3670">
    <p class='ocr_par' dir='ltr' id='par_1_95' title="bbox 1954 3590 3556 3670">
     <span class='ocr_line' id='line_1_95' title="bbox 1954 3590 3556 3670; baseline -0.007 -12"><span class='ocrx_word' id='word_1_723' title='bbox 1954 3619 2074 3659; x_wconf 76' lang='lat' dir='ltr'><strong>cum</strong></span> <span class='ocrx_word' id='word_1_724' title='bbox 2107 3601 2193 3657; x_wconf 87' lang='lat' dir='ltr'><strong>illa</strong></span> <span class='ocrx_word' id='word_1_725' title='bbox 2226 3599 2456 3657; x_wconf 86' lang='lat' dir='ltr'><strong>conferri</strong></span> <span class='ocrx_word' id='word_1_726' title='bbox 2489 3601 2677 3670; x_wconf 85' lang='lat' dir='ltr'><strong>possit.</strong></span> <span class='ocrx_word' id='word_1_727' title='bbox 2704 3598 2862 3655; x_wconf 75' lang='lat' dir='ltr'><strong>Vides</strong></span> <span class='ocrx_word' id='word_1_728' title='bbox 2891 3605 3087 3669; x_wconf 68' lang='lat' dir='ltr'><strong>quanta</strong></span> <span class='ocrx_word' id='word_1_729' title='bbox 3114 3612 3238 3652; x_wconf 89' lang='lat' dir='ltr'><strong>cu</strong></span> <span class='ocrx_word' id='word_1_730' title='bbox 3270 3604 3434 3666; x_wconf 87' lang='lat' dir='ltr'><strong>&#39;opum</strong></span> <span class='ocrx_word' id='word_1_731' title='bbox 3472 3590 3556 3646; x_wconf 82' lang='lat' dir='ltr'><strong>af-</strong></span> 
     </span>
    </p>
   </div>
   <div class='ocr_carea' id='block_1_96' title="bbox 1954 3684 3554 3754">
    <p class='ocr_par' dir='ltr' id='par_1_96' title="bbox 1954 3684 3554 3754">
     <span class='ocr_line' id='line_1_96' title="bbox 1954 3684 3554 3754; baseline -0.004 -7"><span class='ocrx_word' id='word_1_732' title='bbox 1954 3693 2170 3749; x_wconf 71' lang='lat' dir='ltr'><strong>ﬂuentia</strong></span> <span class='ocrx_word' id='word_1_733' title='bbox 2211 3701 2428 3747; x_wconf 87' lang='lat' dir='ltr'><strong>sanctus</strong></span> <span class='ocrx_word' id='word_1_734' title='bbox 2442 3690 2662 3746; x_wconf 83' lang='lat' dir='ltr'><strong>domum</strong></span> <span class='ocrx_word' id='word_1_735' title='bbox 2681 3688 2951 3745; x_wconf 74' lang='lat' dir='ltr'><strong>introeat?</strong></span> <span class='ocrx_word' id='word_1_736' title='bbox 2972 3686 3084 3742; x_wconf 78' lang='lat' dir='ltr'><strong>Hoc</strong></span> <span class='ocrx_word' id='word_1_737' title='bbox 3100 3686 3320 3743; x_wconf 77' lang='lat' dir='ltr'><strong>verbum</strong></span> <span class='ocrx_word' id='word_1_738' title='bbox 3333 3684 3554 3754; x_wconf 84' lang='lat' dir='ltr'><strong>quidem</strong></span> 
     </span>
    </p>
   </div>
   <div class='ocr_carea' id='block_1_97' title="bbox 1954 3773 3553 3845">
    <p class='ocr_par' dir='ltr' id='par_1_97' title="bbox 1954 3773 3553 3845">
     <span class='ocr_line' id='line_1_97' title="bbox 1954 3773 3553 3845; baseline -0.006 -6"><span class='ocrx_word' id='word_1_739' title='bbox 1954 3785 2153 3839; x_wconf 86' lang='lat' dir='ltr'><strong>nudum</strong></span> <span class='ocrx_word' id='word_1_740' title='bbox 2176 3794 2279 3845; x_wconf 88' lang='lat' dir='ltr'><strong>est,</strong></span> <span class='ocrx_word' id='word_1_741' title='bbox 2316 3786 2370 3838; x_wconf 88' lang='lat' dir='ltr'><strong>at</strong></span> <span class='ocrx_word' id='word_1_742' title='bbox 2394 3781 2725 3837; x_wconf 83' lang='lat' dir='ltr'><strong>inﬁnitarum</strong></span> <span class='ocrx_word' id='word_1_743' title='bbox 2760 3780 3024 3835; x_wconf 90' lang='lat' dir='ltr'><strong>bonorum</strong></span> <span class='ocrx_word' id='word_1_744' title='bbox 3047 3785 3135 3834; x_wconf 88' lang='lat' dir='ltr'><strong>est</strong></span> <span class='ocrx_word' id='word_1_745' title='bbox 3156 3777 3390 3833; x_wconf 69' lang='lat' dir='ltr'><strong>male.</strong></span> <span class='ocrx_word' id='word_1_746' title='bbox 3414 3773 3553 3844; x_wconf 83' lang='lat' dir='ltr'><strong>Quid</strong></span> 
     </span>
    </p>
   </div>
   <div class='ocr_carea' id='block_1_98' title="bbox 1950 3866 3555 3944">
    <p class='ocr_par' dir='ltr' id='par_1_98' title="bbox 1950 3866 3555 3944">
     <span class='ocr_line' id='line_1_98' title="bbox 1950 3866 3555 3944; baseline -0.008 -12"><span class='ocrx_word' id='word_1_747' title='bbox 1950 3877 2093 3932; x_wconf 85' lang='lat' dir='ltr'><strong>enim</strong></span> <span class='ocrx_word' id='word_1_748' title='bbox 2117 3889 2183 3933; x_wconf 85' lang='lat' dir='ltr'><strong>ea</strong></span> <span class='ocrx_word' id='word_1_749' title='bbox 2201 3875 2361 3930; x_wconf 89' lang='lat' dir='ltr'><strong>domo</strong></span> <span class='ocrx_word' id='word_1_750' title='bbox 2384 3874 2549 3929; x_wconf 88' lang='lat' dir='ltr'><strong>tutius</strong></span> <span class='ocrx_word' id='word_1_751' title='bbox 2572 3872 2793 3944; x_wconf 88' lang='lat' dir='ltr'><strong>reperiri</strong></span> <span class='ocrx_word' id='word_1_752' title='bbox 2814 3870 2998 3942; x_wconf 87' lang='lat' dir='ltr'><strong>possit,</strong></span> <span class='ocrx_word' id='word_1_753' title='bbox 3015 3885 3135 3941; x_wconf 63' lang='lat' dir='ltr'><strong>qua</strong></span> <span class='ocrx_word' id='word_1_754' title='bbox 3152 3882 3286 3941; x_wconf 84' lang='lat' dir='ltr'><strong>pace</strong></span> <span class='ocrx_word' id='word_1_755' title='bbox 3310 3866 3555 3923; x_wconf 75' lang='lat' dir='ltr'><strong>fruatur?</strong></span> 
     </span>
    </p>
   </div>
   <div class='ocr_carea' id='block_1_99' title="bbox 1952 3964 3554 4042">
    <p class='ocr_par' dir='ltr' id='par_1_99' title="bbox 1952 3964 3554 4042">
     <span class='ocr_line' id='line_1_99' title="bbox 1952 3964 3554 4042; baseline -0.008 -16"><span class='ocrx_word' id='word_1_756' title='bbox 1952 3974 2120 4027; x_wconf 83' lang='lat' dir='ltr'><strong>Porro</strong></span> <span class='ocrx_word' id='word_1_757' title='bbox 2134 3970 2237 4026; x_wconf 89' lang='lat' dir='ltr'><strong>illis</strong></span> <span class='ocrx_word' id='word_1_758' title='bbox 2253 3987 2282 4025; x_wconf 89' lang='lat' dir='ltr'><strong>a</strong></span> <span class='ocrx_word' id='word_1_759' title='bbox 2299 3968 2492 4042; x_wconf 87' lang='lat' dir='ltr'><strong>quibus</strong></span> <span class='ocrx_word' id='word_1_760' title='bbox 2509 3964 3035 4037; x_wconf 59' lang='lat' dir='ltr'><strong>eieipiuntur,sarrcti</strong></span> <span class='ocrx_word' id='word_1_761' title='bbox 3050 3976 3233 4035; x_wconf 87' lang='lat' dir='ltr'><strong>pacem</strong></span> <span class='ocrx_word' id='word_1_762' title='bbox 3249 3971 3554 4032; x_wconf 86' lang='lat' dir='ltr'><strong>precantur,</strong></span> 
     </span>
    </p>
   </div>
   <div class='ocr_carea' id='block_1_100' title="bbox 1952 4052 3555 4125">
    <p class='ocr_par' dir='ltr' id='par_1_100' title="bbox 1952 4052 3555 4125">
     <span class='ocr_line' id='line_1_100' title="bbox 1952 4052 3555 4125; baseline -0.007 -7"><span class='ocrx_word' id='word_1_763' title='bbox 1952 4079 2189 4119; x_wconf 88' lang='lat' dir='ltr'><strong>noncum</strong></span> <span class='ocrx_word' id='word_1_764' title='bbox 2201 4062 2431 4118; x_wconf 87' lang='lat' dir='ltr'><strong>invicem</strong></span> <span class='ocrx_word' id='word_1_765' title='bbox 2445 4058 2772 4125; x_wconf 82' lang='lat' dir='ltr'><strong>tantum,sed</strong></span> <span class='ocrx_word' id='word_1_766' title='bbox 2782 4072 2904 4111; x_wconf 87' lang='lat' dir='ltr'><strong>cum</strong></span> <span class='ocrx_word' id='word_1_767' title='bbox 2918 4054 3075 4111; x_wconf 89' lang='lat' dir='ltr'><strong>nobis</strong></span> <span class='ocrx_word' id='word_1_768' title='bbox 3088 4052 3398 4125; x_wconf 76' lang='lat' dir='ltr'><strong>ipsis.S:epe</strong></span> <span class='ocrx_word' id='word_1_769' title='bbox 3410 4065 3555 4108; x_wconf 82' lang='lat' dir='ltr'><strong>nam-</strong></span> 
     </span>
    </p>
   </div>
   <div class='ocr_carea' id='block_1_101' title="bbox 1948 4144 3552 4228">
    <p class='ocr_par' dir='ltr' id='par_1_101' title="bbox 1948 4144 3552 4228">
     <span class='ocr_line' id='line_1_101' title="bbox 1948 4144 3552 4228; baseline -0.007 -16"><span class='ocrx_word' id='word_1_770' title='bbox 1948 4172 2056 4228; x_wconf 88' lang='lat' dir='ltr'><strong>que</strong></span> <span class='ocrx_word' id='word_1_771' title='bbox 2077 4157 2157 4224; x_wconf 88' lang='lat' dir='ltr'><strong>lit,</strong></span> <span class='ocrx_word' id='word_1_772' title='bbox 2184 4165 2241 4210; x_wconf 88' lang='lat' dir='ltr'><strong>ut</strong></span> <span class='ocrx_word' id='word_1_773' title='bbox 2264 4156 2494 4227; x_wconf 84' lang='lat' dir='ltr'><strong>pugnam</strong></span> <span class='ocrx_word' id='word_1_774' title='bbox 2514 4153 2567 4210; x_wconf 89' lang='lat' dir='ltr'><strong>in</strong></span> <span class='ocrx_word' id='word_1_775' title='bbox 2584 4151 2784 4208; x_wconf 79' lang='lat' dir='ltr'><strong>nostris</strong></span> <span class='ocrx_word' id='word_1_776' title='bbox 2796 4146 3210 4220; x_wconf 85' lang='lat' dir='ltr'><strong>cogitationibus</strong></span> <span class='ocrx_word' id='word_1_777' title='bbox 3231 4144 3552 4208; x_wconf 87' lang='lat' dir='ltr'><strong>sentiamus.</strong></span> 
     </span>
    </p>
   </div>
   <div class='ocr_carea' id='block_1_102' title="bbox 1951 4235 3547 4317">
    <p class='ocr_par' dir='ltr' id='par_1_102' title="bbox 1951 4235 3547 4317">
     <span class='ocr_line' id='line_1_102' title="bbox 1951 4235 3547 4317; baseline -0.007 -15"><span class='ocrx_word' id='word_1_778' title='bbox 1951 4259 2006 4302; x_wconf 88' lang='lat' dir='ltr'><strong>et</strong></span> <span class='ocrx_word' id='word_1_779' title='bbox 2027 4248 2243 4302; x_wconf 83' lang='lat' dir='ltr'><strong>nomine</strong></span> <span class='ocrx_word' id='word_1_780' title='bbox 2268 4244 2647 4317; x_wconf 84' lang='lat' dir='ltr'><strong>interpellante</strong></span> <span class='ocrx_word' id='word_1_781' title='bbox 2659 4243 2956 4306; x_wconf 86' lang='lat' dir='ltr'><strong>turbemur,</strong></span> <span class='ocrx_word' id='word_1_782' title='bbox 2979 4241 3204 4311; x_wconf 87' lang='lat' dir='ltr'><strong>atquein</strong></span> <span class='ocrx_word' id='word_1_783' title='bbox 3218 4253 3316 4293; x_wconf 87' lang='lat' dir='ltr'><strong>nos</strong></span> <span class='ocrx_word' id='word_1_784' title='bbox 3328 4235 3547 4293; x_wconf 83' lang='lat' dir='ltr'><strong>assidue</strong></span> 
     </span>
    </p>
   </div>
   <div class='ocr_carea' id='block_1_103' title="bbox 1951 4330 3549 4409">
    <p class='ocr_par' dir='ltr' id='par_1_103' title="bbox 1951 4330 3549 4409">
     <span class='ocr_line' id='line_1_103' title="bbox 1951 4330 3549 4409; baseline -0.008 -16"><span class='ocrx_word' id='word_1_785' title='bbox 1951 4353 2130 4409; x_wconf 61' lang='lat' dir='ltr'><strong>prava:</strong></span> <span class='ocrx_word' id='word_1_786' title='bbox 2159 4338 2477 4409; x_wconf 85' lang='lat' dir='ltr'><strong>cupiditates</strong></span> <span class='ocrx_word' id='word_1_787' title='bbox 2502 4336 2803 4406; x_wconf 79' lang='lat' dir='ltr'><strong>insurgunt.</strong></span> <span class='ocrx_word' id='word_1_788' title='bbox 2835 4332 2899 4387; x_wconf 82' lang='lat' dir='ltr'><strong>Et</strong></span> <span class='ocrx_word' id='word_1_789' title='bbox 2944 4332 3085 4387; x_wconf 88' lang='lat' dir='ltr'><strong>hanc</strong></span> <span class='ocrx_word' id='word_1_790' title='bbox 3131 4330 3292 4401; x_wconf 81' lang='lat' dir='ltr'><strong>igitur</strong></span> <span class='ocrx_word' id='word_1_791' title='bbox 3318 4342 3549 4401; x_wconf 84' lang='lat' dir='ltr'><strong>pugnam</strong></span> 
     </span>
    </p>
   </div>
   <div class='ocr_carea' id='block_1_104' title="bbox 1952 4423 3548 4493">
    <p class='ocr_par' dir='ltr' id='par_1_104' title="bbox 1952 4423 3548 4493">
     <span class='ocr_line' id='line_1_104' title="bbox 1952 4423 3548 4493; baseline -0.005 -9"><span class='ocrx_word' id='word_1_792' title='bbox 1952 4431 2173 4485; x_wconf 87' lang='lat' dir='ltr'><strong>verbum</strong></span> <span class='ocrx_word' id='word_1_793' title='bbox 2202 4429 2332 4483; x_wconf 86' lang='lat' dir='ltr'><strong>illud</strong></span> <span class='ocrx_word' id='word_1_794' title='bbox 2362 4439 2670 4485; x_wconf 88' lang='lat' dir='ltr'><strong>sanctorum</strong></span> <span class='ocrx_word' id='word_1_795' title='bbox 2698 4425 2869 4493; x_wconf 86' lang='lat' dir='ltr'><strong>sedat,</strong></span> <span class='ocrx_word' id='word_1_796' title='bbox 2899 4439 2961 4480; x_wconf 90' lang='lat' dir='ltr'><strong>ac</strong></span> <span class='ocrx_word' id='word_1_797' title='bbox 2990 4424 3217 4480; x_wconf 87' lang='lat' dir='ltr'><strong>multam</strong></span> <span class='ocrx_word' id='word_1_798' title='bbox 3246 4423 3391 4479; x_wconf 89' lang='lat' dir='ltr'><strong>intus</strong></span> <span class='ocrx_word' id='word_1_799' title='bbox 3412 4432 3548 4479; x_wconf 85' lang='lat' dir='ltr'><strong>tran-</strong></span> 
     </span>
    </p>
   </div>
   <div class='ocr_carea' id='block_1_105' title="bbox 1949 4515 3548 4592">
    <p class='ocr_par' dir='ltr' id='par_1_105' title="bbox 1949 4515 3548 4592">
     <span class='ocr_line' id='line_1_105' title="bbox 1949 4515 3548 4592; baseline -0.006 -16"><span class='ocrx_word' id='word_1_800' title='bbox 1949 4522 2266 4592; x_wconf 87' lang='lat' dir='ltr'><strong>quillitatem</strong></span> <span class='ocrx_word' id='word_1_801' title='bbox 2292 4530 2461 4575; x_wconf 87' lang='lat' dir='ltr'><strong>creat.</strong></span> <span class='ocrx_word' id='word_1_802' title='bbox 2495 4517 2627 4574; x_wconf 79' lang='lat' dir='ltr'><strong>Nam</strong></span> <span class='ocrx_word' id='word_1_803' title='bbox 2667 4516 2827 4573; x_wconf 86' lang='lat' dir='ltr'><strong>simul</strong></span> <span class='ocrx_word' id='word_1_804' title='bbox 2854 4526 3019 4587; x_wconf 83' lang='lat' dir='ltr'><strong>atque</strong></span> <span class='ocrx_word' id='word_1_805' title='bbox 3049 4515 3300 4587; x_wconf 87' lang='lat' dir='ltr'><strong>loquutus</strong></span> <span class='ocrx_word' id='word_1_806' title='bbox 3322 4522 3408 4571; x_wconf 89' lang='lat' dir='ltr'><strong>est</strong></span> <span class='ocrx_word' id='word_1_807' title='bbox 3436 4515 3548 4577; x_wconf 78' lang='lat' dir='ltr'><strong>ille,</strong></span> 
     </span>
    </p>
   </div>
   <div class='ocr_carea' id='block_1_106' title="bbox 1949 4604 3552 4681">
    <p class='ocr_par' dir='ltr' id='par_1_106' title="bbox 1949 4604 3552 4681">
     <span class='ocr_line' id='line_1_106' title="bbox 1949 4604 3552 4681; baseline -0.002 -15"><span class='ocrx_word' id='word_1_808' title='bbox 1949 4612 2214 4667; x_wconf 86' lang='lat' dir='ltr'><strong>diabolica</strong></span> <span class='ocrx_word' id='word_1_809' title='bbox 2238 4618 2433 4667; x_wconf 86' lang='lat' dir='ltr'><strong>cuncta</strong></span> <span class='ocrx_word' id='word_1_810' title='bbox 2461 4610 2736 4681; x_wconf 83' lang='lat' dir='ltr'><strong>cogitatio,</strong></span> <span class='ocrx_word' id='word_1_811' title='bbox 2790 4621 3122 4678; x_wconf 88' lang='lat' dir='ltr'><strong>pravumque</strong></span> <span class='ocrx_word' id='word_1_812' title='bbox 3166 4604 3451 4661; x_wconf 86' lang='lat' dir='ltr'><strong>consilium</strong></span> <span class='ocrx_word' id='word_1_813' title='bbox 3484 4618 3552 4662; x_wconf 72' lang='lat' dir='ltr'><strong>es</strong></span> 
     </span>
    </p>
   </div>
   <div class='ocr_carea' id='block_1_107' title="bbox 1947 4694 3549 4771">
    <p class='ocr_par' dir='ltr' id='par_1_107' title="bbox 1947 4694 3549 4771">
     <span class='ocr_line' id='line_1_107' title="bbox 1947 4694 3549 4771; baseline -0.007 -11"><span class='ocrx_word' id='word_1_814' title='bbox 1947 4706 2130 4760; x_wconf 90' lang='lat' dir='ltr'><strong>animo</strong></span> <span class='ocrx_word' id='word_1_815' title='bbox 2180 4713 2365 4758; x_wconf 87' lang='lat' dir='ltr'><strong>nostro</strong></span> <span class='ocrx_word' id='word_1_816' title='bbox 2394 4701 2843 4771; x_wconf 79' lang='lat' dir='ltr'><strong>exsulat:itaque</strong></span> <span class='ocrx_word' id='word_1_817' title='bbox 2895 4696 3096 4769; x_wconf 83' lang='lat' dir='ltr'><strong>majora</strong></span> <span class='ocrx_word' id='word_1_818' title='bbox 3145 4694 3341 4767; x_wconf 88' lang='lat' dir='ltr'><strong>recipis</strong></span> <span class='ocrx_word' id='word_1_819' title='bbox 3384 4710 3549 4766; x_wconf 81' lang='lat' dir='ltr'><strong>quam</strong></span> 
     </span>
    </p>
   </div>
   <div class='ocr_carea' id='block_1_108' title="bbox 1952 4790 3548 4867">
    <p class='ocr_par' dir='ltr' id='par_1_108' title="bbox 1952 4790 3548 4867">
     <span class='ocr_line' id='line_1_108' title="bbox 1952 4790 3548 4867; baseline -0.008 -15"><span class='ocrx_word' id='word_1_820' title='bbox 1952 4798 2216 4867; x_wconf 88' lang='lat' dir='ltr'><strong>largiaris.</strong></span> <span class='ocrx_word' id='word_1_821' title='bbox 2250 4795 2316 4849; x_wconf 84' lang='lat' dir='ltr'><strong>Et</strong></span> <span class='ocrx_word' id='word_1_822' title='bbox 2338 4796 2380 4850; x_wconf 82' lang='lat' dir='ltr'><strong>si</strong></span> <span class='ocrx_word' id='word_1_823' title='bbox 2403 4794 2609 4863; x_wconf 80' lang='lat' dir='ltr'><strong>quidem</strong></span> <span class='ocrx_word' id='word_1_824' title='bbox 2638 4808 2745 4859; x_wconf 79' lang='lat' dir='ltr'><strong>vos,</strong></span> <span class='ocrx_word' id='word_1_825' title='bbox 2800 4790 2990 4862; x_wconf 88' lang='lat' dir='ltr'><strong>inquit,</strong></span> <span class='ocrx_word' id='word_1_826' title='bbox 3034 4790 3335 4861; x_wconf 78' lang='lat' dir='ltr'><strong>receperint,</strong></span> <span class='ocrx_word' id='word_1_827' title='bbox 3383 4790 3548 4842; x_wconf 71' lang='lat' dir='ltr'><strong>uariat</strong></span> 
     </span>
    </p>
   </div>
   <div class='ocr_carea' id='block_1_109' title="bbox 1952 4878 3549 4958">
    <p class='ocr_par' dir='ltr' id='par_1_109' title="bbox 1952 4878 3549 4958">
     <span class='ocr_line' id='line_1_109' title="bbox 1952 4878 3549 4958; baseline -0.006 -15"><span class='ocrx_word' id='word_1_828' title='bbox 1952 4905 2221 4958; x_wconf 65' lang='lat' dir='ltr'><strong>panper</strong></span> <span class='ocrx_word' id='word_1_829' title='bbox 2263 4887 2378 4941; x_wconf 84' lang='lat' dir='ltr'><strong>illos</strong></span> <span class='ocrx_word' id='word_1_830' title='bbox 2404 4903 2422 4939; x_wconf 88' lang='lat'><strong><em>:</em></strong></span> <span class='ocrx_word' id='word_1_831' title='bbox 2452 4886 2496 4939; x_wconf 88' lang='lat' dir='ltr'><strong>si</strong></span> <span class='ocrx_word' id='word_1_832' title='bbox 2524 4900 2641 4938; x_wconf 77' lang='lat' dir='ltr'><strong>vero</strong></span> <span class='ocrx_word' id='word_1_833' title='bbox 2667 4900 2769 4937; x_wconf 84' lang='lat' dir='ltr'><strong>non</strong></span> <span class='ocrx_word' id='word_1_834' title='bbox 2794 4882 3091 4953; x_wconf 80' lang='lat' dir='ltr'><strong>receperint,</strong></span> <span class='ocrx_word' id='word_1_835' title='bbox 3123 4881 3341 4935; x_wconf 72' lang='lat' dir='ltr'><strong>excutite</strong></span> <span class='ocrx_word' id='word_1_836' title='bbox 3376 4878 3549 4952; x_wconf 69' lang='lat' dir='ltr'><strong>pulve-</strong></span> 
     </span>
    </p>
   </div>
   <div class='ocr_carea' id='block_1_110' title="bbox 1947 4971 3545 5049">
    <p class='ocr_par' dir='ltr' id='par_1_110' title="bbox 1947 4971 3545 5049">
     <span class='ocr_line' id='line_1_110' title="bbox 1947 4971 3545 5049; baseline -0.005 -16"><span class='ocrx_word' id='word_1_837' title='bbox 1947 4997 2053 5034; x_wconf 80' lang='lat' dir='ltr'><strong>rem</strong></span> <span class='ocrx_word' id='word_1_838' title='bbox 2079 4980 2262 5049; x_wconf 83' lang='lat' dir='ltr'><strong>pedum</strong></span> <span class='ocrx_word' id='word_1_839' title='bbox 2292 4986 2587 5031; x_wconf 70' lang='lat' dir='ltr'><strong>castrorum.</strong></span> <span class='ocrx_word' id='word_1_840' title='bbox 2621 4975 2778 5029; x_wconf 80' lang='lat' dir='ltr'><strong>Amen</strong></span> <span class='ocrx_word' id='word_1_841' title='bbox 2795 4975 2908 5027; x_wconf 87' lang='lat' dir='ltr'><strong>dico</strong></span> <span class='ocrx_word' id='word_1_842' title='bbox 2934 4974 3092 5039; x_wconf 71' lang='lat' dir='ltr'><strong>vobis,</strong></span> <span class='ocrx_word' id='word_1_843' title='bbox 3117 4971 3425 5027; x_wconf 81' lang='lat' dir='ltr'><strong>tolerabilius</strong></span> <span class='ocrx_word' id='word_1_844' title='bbox 3450 4973 3545 5027; x_wconf 71' lang='lat' dir='ltr'><strong>erit</strong></span> 
     </span>
    </p>
   </div>
   <div class='ocr_carea' id='block_1_111' title="bbox 1949 5063 3547 5135">
    <p class='ocr_par' dir='ltr' id='par_1_111' title="bbox 1949 5063 3547 5135">
     <span class='ocr_line' id='line_1_111' title="bbox 1949 5063 3547 5135; baseline -0.004 -13"><span class='ocrx_word' id='word_1_845' title='bbox 1949 5081 2096 5124; x_wconf 76' lang='lat' dir='ltr'><strong>terra:</strong></span> <span class='ocrx_word' id='word_1_846' title='bbox 2137 5067 2477 5123; x_wconf 79' lang='lat' dir='ltr'><strong>Sodomorum</strong></span> <span class='ocrx_word' id='word_1_847' title='bbox 2512 5074 2557 5119; x_wconf 81' lang='lat' dir='ltr'><strong>et</strong></span> <span class='ocrx_word' id='word_1_848' title='bbox 2585 5064 2885 5119; x_wconf 61' lang='grc' dir='ltr'><strong>(ἐοίκοι-νῆα</strong></span> <span class='ocrx_word' id='word_1_849' title='bbox 2910 5065 2964 5118; x_wconf 83' lang='lat' dir='ltr'><strong>in</strong></span> <span class='ocrx_word' id='word_1_850' title='bbox 2986 5063 3071 5118; x_wconf 83' lang='lat' dir='ltr'><strong>die</strong></span> <span class='ocrx_word' id='word_1_851' title='bbox 3111 5064 3224 5132; x_wconf 84' lang='lat' dir='ltr'><strong>illa,</strong></span> <span class='ocrx_word' id='word_1_852' title='bbox 3274 5080 3426 5135; x_wconf 76' lang='lat' dir='ltr'><strong>quam</strong></span> <span class='ocrx_word' id='word_1_853' title='bbox 3471 5064 3547 5117; x_wconf 86' lang='lat' dir='ltr'><strong>illi</strong></span> 
     </span>
    </p>
   </div>
   <div class='ocr_carea' id='block_1_112' title="bbox 1948 5156 3545 5231">
    <p class='ocr_par' dir='ltr' id='par_1_112' title="bbox 1948 5156 3545 5231">
     <span class='ocr_line' id='line_1_112' title="bbox 1948 5156 3545 5231; baseline -0.003 -16"><span class='ocrx_word' id='word_1_854' title='bbox 1948 5163 2135 5216; x_wconf 80' lang='lat' dir='ltr'><strong>ciuitati</strong></span> <span class='ocrx_word' id='word_1_855' title='bbox 2165 5162 2182 5231; x_wconf 93' lang='lat'>(</span> <span class='ocrx_word' id='word_1_856' title='bbox 2211 5160 2398 5213; x_wconf 74' lang='lat' dir='ltr'><strong>Matth.</strong></span> <span class='ocrx_word' id='word_1_857' title='bbox 2448 5159 2535 5215; x_wconf 85' lang='lat' dir='ltr'><strong>l0.</strong></span> <span class='ocrx_word' id='word_1_858' title='bbox 2587 5159 2774 5214; x_wconf 78' lang='lat' dir='ltr'><strong>l3—l5</strong></span> <span class='ocrx_word' id='word_1_859' title='bbox 2802 5160 2843 5229; x_wconf 92' lang='lat'><strong>).</strong></span> <span class='ocrx_word' id='word_1_860' title='bbox 2877 5157 3038 5213; x_wconf 80' lang='lat' dir='ltr'><strong>Vides</strong></span> <span class='ocrx_word' id='word_1_861' title='bbox 3066 5166 3322 5228; x_wconf 88' lang='lat' dir='ltr'><strong>quantum</strong></span> <span class='ocrx_word' id='word_1_862' title='bbox 3366 5156 3545 5229; x_wconf 86' lang='lat' dir='ltr'><strong>ignem</strong></span> 
     </span>
    </p>
   </div>
   <div class='ocr_carea' id='block_1_113' title="bbox 1946 5248 3545 5323">
    <p class='ocr_par' dir='ltr' id='par_1_113' title="bbox 1946 5248 3545 5323">
     <span class='ocr_line' id='line_1_113' title="bbox 1946 5248 3545 5323; baseline -0.001 -16"><span class='ocrx_word' id='word_1_863' title='bbox 1946 5252 2184 5323; x_wconf 88' lang='lat' dir='ltr'><strong>despecti</strong></span> <span class='ocrx_word' id='word_1_864' title='bbox 2230 5254 2394 5322; x_wconf 89' lang='lat' dir='ltr'><strong>pedes</strong></span> <span class='ocrx_word' id='word_1_865' title='bbox 2424 5261 2734 5306; x_wconf 84' lang='lat' dir='ltr'><strong>sanctorum</strong></span> <span class='ocrx_word' id='word_1_866' title='bbox 2780 5248 3123 5305; x_wconf 84' lang='lat' dir='ltr'><strong>accumulent</strong></span> <span class='ocrx_word' id='word_1_867' title='bbox 3147 5256 3203 5304; x_wconf 91' lang='lat' dir='ltr'><strong>et</strong></span> <span class='ocrx_word' id='word_1_868' title='bbox 3228 5249 3545 5305; x_wconf 78' lang='lat' dir='ltr'><strong>attrahant?</strong></span> 
     </span>
    </p>
   </div>
   <div class='ocr_carea' id='block_1_114' title="bbox 1945 5338 3548 5414">
    <p class='ocr_par' dir='ltr' id='par_1_114' title="bbox 1945 5338 3548 5414">
     <span class='ocr_line' id='line_1_114' title="bbox 1945 5338 3548 5414; baseline -0.002 -15"><span class='ocrx_word' id='word_1_869' title='bbox 1945 5342 2234 5414; x_wconf 79' lang='lat' dir='ltr'><strong>Propterea</strong></span> <span class='ocrx_word' id='word_1_870' title='bbox 2280 5342 2453 5414; x_wconf 81' lang='lat' dir='ltr'><strong>jubet,</strong></span> <span class='ocrx_word' id='word_1_871' title='bbox 2480 5350 2539 5398; x_wconf 91' lang='lat' dir='ltr'><strong>ut</strong></span> <span class='ocrx_word' id='word_1_872' title='bbox 2580 5357 2676 5397; x_wconf 90' lang='lat' dir='ltr'><strong>eos</strong></span> <span class='ocrx_word' id='word_1_873' title='bbox 2698 5338 2958 5405; x_wconf 85' lang='lat' dir='ltr'><strong>lavemus,</strong></span> <span class='ocrx_word' id='word_1_874' title='bbox 2997 5349 3056 5396; x_wconf 91' lang='lat' dir='ltr'><strong>ut</strong></span> <span class='ocrx_word' id='word_1_875' title='bbox 3084 5355 3205 5395; x_wconf 89' lang='lat' dir='ltr'><strong>cum</strong></span> <span class='ocrx_word' id='word_1_876' title='bbox 3236 5352 3333 5396; x_wconf 87' lang='lat' dir='ltr'><strong>eos</strong></span> <span class='ocrx_word' id='word_1_877' title='bbox 3356 5348 3548 5395; x_wconf 86' lang='lat' dir='ltr'><strong>nostro</strong></span> 
     </span>
    </p>
   </div>
   <div class='ocr_carea' id='block_1_115' title="bbox 1946 5432 3546 5503">
    <p class='ocr_par' dir='ltr' id='par_1_115' title="bbox 1946 5432 3546 5503">
     <span class='ocr_line' id='line_1_115' title="bbox 1946 5432 3546 5503; baseline -0.003 -11"><span class='ocrx_word' id='word_1_878' title='bbox 1946 5438 2241 5492; x_wconf 85' lang='lat' dir='ltr'><strong>ministerio</strong></span> <span class='ocrx_word' id='word_1_879' title='bbox 2284 5436 2675 5501; x_wconf 84' lang='lat' dir='ltr'><strong>curaverimus,</strong></span> <span class='ocrx_word' id='word_1_880' title='bbox 2727 5435 2950 5490; x_wconf 88' lang='lat' dir='ltr'><strong>multam</strong></span> <span class='ocrx_word' id='word_1_881' title='bbox 2982 5433 3139 5489; x_wconf 88' lang='lat' dir='ltr'><strong>nobis</strong></span> <span class='ocrx_word' id='word_1_882' title='bbox 3190 5432 3334 5503; x_wconf 84' lang='lat' dir='ltr'><strong>apud</strong></span> <span class='ocrx_word' id='word_1_883' title='bbox 3373 5432 3546 5489; x_wconf 85' lang='lat' dir='ltr'><strong>Deum</strong></span> 
     </span>
    </p>
   </div>
   <div class='ocr_carea' id='block_1_116' title="bbox 1946 5524 3543 5600">
    <p class='ocr_par' dir='ltr' id='par_1_116' title="bbox 1946 5524 3543 5600">
     <span class='ocr_line' id='line_1_116' title="bbox 1946 5524 3543 5600; baseline -0.003 -16"><span class='ocrx_word' id='word_1_884' title='bbox 1946 5530 2232 5585; x_wconf 86' lang='lat' dir='ltr'><strong>concilient</strong></span> <span class='ocrx_word' id='word_1_885' title='bbox 2267 5529 2489 5600; x_wconf 86' lang='lat' dir='ltr'><strong>gratiam</strong></span> <span class='ocrx_word' id='word_1_886' title='bbox 2522 5545 2533 5579; x_wconf 92' lang='lat'>:</span> <span class='ocrx_word' id='word_1_887' title='bbox 2567 5526 2836 5598; x_wconf 89' lang='lat' dir='ltr'><strong>simulque</strong></span> <span class='ocrx_word' id='word_1_888' title='bbox 2863 5540 2963 5581; x_wconf 91' lang='lat' dir='ltr'><strong>nos</strong></span> <span class='ocrx_word' id='word_1_889' title='bbox 2989 5524 3117 5581; x_wconf 89' lang='lat' dir='ltr'><strong>illud</strong></span> <span class='ocrx_word' id='word_1_890' title='bbox 3156 5524 3259 5581; x_wconf 85' lang='lat' dir='ltr'><strong>hac</strong></span> <span class='ocrx_word' id='word_1_891' title='bbox 3295 5526 3543 5582; x_wconf 76' lang='lat' dir='ltr'><strong>admoiii-</strong></span> 
     </span>
    </p>
   </div>
   <div class='ocr_carea' id='block_1_117' title="bbox 1946 5617 3544 5691">
    <p class='ocr_par' dir='ltr' id='par_1_117' title="bbox 1946 5617 3544 5691">
     <span class='ocr_line' id='line_1_117' title="bbox 1946 5617 3544 5691; baseline -0.004 -15"><span class='ocrx_word' id='word_1_892' title='bbox 1946 5621 2087 5677; x_wconf 87' lang='lat' dir='ltr'><strong>tione</strong></span> <span class='ocrx_word' id='word_1_893' title='bbox 2116 5619 2296 5682; x_wconf 88' lang='lat' dir='ltr'><strong>docet,</strong></span> <span class='ocrx_word' id='word_1_894' title='bbox 2318 5629 2377 5674; x_wconf 87' lang='lat' dir='ltr'><strong>ut</strong></span> <span class='ocrx_word' id='word_1_895' title='bbox 2402 5618 2781 5691; x_wconf 83' lang='lat' dir='ltr'><strong>hospitalitatis</strong></span> <span class='ocrx_word' id='word_1_896' title='bbox 2801 5629 2964 5688; x_wconf 86' lang='lat' dir='ltr'><strong>opera</strong></span> <span class='ocrx_word' id='word_1_897' title='bbox 2997 5631 3091 5686; x_wconf 82' lang='lat' dir='ltr'><strong>per</strong></span> <span class='ocrx_word' id='word_1_898' title='bbox 3118 5633 3216 5673; x_wconf 85' lang='lat' dir='ltr'><strong>nos</strong></span> <span class='ocrx_word' id='word_1_899' title='bbox 3238 5617 3340 5689; x_wconf 83' lang='lat' dir='ltr'><strong>ipsi</strong></span> <span class='ocrx_word' id='word_1_900' title='bbox 3364 5618 3544 5672; x_wconf 87' lang='lat' dir='ltr'><strong>omnia</strong></span> 
     </span>
    </p>
   </div>
   <div class='ocr_carea' id='block_1_118' title="bbox 235 5692 3532 5787">
    <p class='ocr_par' dir='ltr' id='par_1_118' title="bbox 235 5692 3532 5787">
     <span class='ocr_line' id='line_1_118' title="bbox 235 5692 3532 5787; baseline 0.002 -36"><span class='ocrx_word' id='word_1_901' title='bbox 235 5706 469 5787; x_wconf 76' lang='lat' dir='ltr'><strong>saurtttn</strong></span> <span class='ocrx_word' id='word_1_902' title='bbox 501 5692 763 5787; x_wconf 83' lang='lat' dir='ltr'><strong>bonorum</strong></span> <span class='ocrx_word' id='word_1_903' title='bbox 808 5698 1100 5755; x_wconf 82' lang='lat' dir='ltr'><strong>invehunt:</strong></span> <span class='ocrx_word' id='word_1_904' title='bbox 1134 5694 1428 5757; x_wconf 81' lang='lat' dir='ltr'><strong>mutilatam</strong></span> <span class='ocrx_word' id='word_1_905' title='bbox 1482 5716 1725 5763; x_wconf 87' lang='lat' dir='ltr'><strong>naturam</strong></span> <span class='ocrx_word' id='word_1_906' title='bbox 1757 5709 1835 5762; x_wconf 61' lang='lat' dir='ltr'><strong>in.</strong></span> <span class='ocrx_word' id='word_1_907' title='bbox 1942 5725 2309 5767; x_wconf 81' lang='lat' dir='ltr'><strong>exerceamus.</strong></span> <span class='ocrx_word' id='word_1_908' title='bbox 2334 5710 2551 5765; x_wconf 89' lang='lat' dir='ltr'><strong>Imitare</strong></span> <span class='ocrx_word' id='word_1_909' title='bbox 2580 5709 2968 5773; x_wconf 76' lang='lat' dir='ltr'><strong>Abrahamurh,</strong></span> <span class='ocrx_word' id='word_1_910' title='bbox 2991 5708 3095 5763; x_wconf 87' lang='lat' dir='ltr'><strong>lilia</strong></span> <span class='ocrx_word' id='word_1_911' title='bbox 3128 5706 3271 5762; x_wconf 88' lang='lat' dir='ltr'><strong>illius</strong></span> <span class='ocrx_word' id='word_1_912' title='bbox 3299 5705 3416 5772; x_wconf 82' lang='lat' dir='ltr'><strong>llas,</strong></span> <span class='ocrx_word' id='word_1_913' title='bbox 3444 5706 3532 5775; x_wconf 87' lang='lat' dir='ltr'><strong>qui</strong></span> 
     </span>
    </p>
   </div>
   <div class='ocr_carea' id='block_1_119' title="bbox 238 5785 3542 5869">
    <p class='ocr_par' dir='ltr' id='par_1_119' title="bbox 238 5785 3542 5869">
     <span class='ocr_line' id='line_1_119' title="bbox 238 5785 3542 5869; baseline 0.002 -17"><span class='ocrx_word' id='word_1_914' title='bbox 238 5785 513 5851; x_wconf 62' lang='grc' dir='ltr'><strong>’κηπίδηῆ</strong></span> <span class='ocrx_word' id='word_1_915' title='bbox 558 5785 751 5845; x_wconf 61' lang='lat' dir='ltr'><strong>limem</strong></span> <span class='ocrx_word' id='word_1_916' title='bbox 785 5789 1005 5860; x_wconf 83' lang='lat' dir='ltr'><strong>pellunt,</strong></span> <span class='ocrx_word' id='word_1_917' title='bbox 1046 5794 1241 5848; x_wconf 80' lang='lat' dir='ltr'><strong>multas</strong></span> <span class='ocrx_word' id='word_1_918' title='bbox 1290 5810 1420 5867; x_wconf 85' lang='lat' dir='ltr'><strong>opes</strong></span> <span class='ocrx_word' id='word_1_919' title='bbox 1452 5796 1725 5855; x_wconf 87' lang='lat' dir='ltr'><strong>inducunt.</strong></span> <span class='ocrx_word' id='word_1_920' title='bbox 1758 5801 1830 5857; x_wconf 86' lang='lat' dir='ltr'><strong>lta</strong></span> <span class='ocrx_word' id='word_1_921' title='bbox 1942 5813 2211 5861; x_wconf 79' lang='lat' dir='ltr'><strong>trecentos</strong></span> <span class='ocrx_word' id='word_1_922' title='bbox 2236 5803 2420 5859; x_wconf 77' lang='lat' dir='ltr'><strong>decem</strong></span> <span class='ocrx_word' id='word_1_923' title='bbox 2449 5811 2502 5858; x_wconf 84' lang='lat' dir='ltr'><strong>et</strong></span> <span class='ocrx_word' id='word_1_924' title='bbox 2527 5810 2651 5857; x_wconf 81' lang='lat' dir='ltr'><strong>aeto</strong></span> <span class='ocrx_word' id='word_1_925' title='bbox 2666 5802 2984 5857; x_wconf 70' lang='lat' dir='ltr'><strong>vernaculos</strong></span> <span class='ocrx_word' id='word_1_926' title='bbox 3002 5815 3124 5856; x_wconf 80' lang='lat' dir='ltr'><strong>cuni</strong></span> <span class='ocrx_word' id='word_1_927' title='bbox 3155 5794 3399 5866; x_wconf 81' lang='lat' dir='ltr'><strong>haberet,</strong></span> <span class='ocrx_word' id='word_1_928' title='bbox 3424 5800 3542 5869; x_wconf 46' lang='lat' dir='ltr'><strong>ip‘e</strong></span> 
     </span>
    </p>
   </div>
  </div>
