4074 6394
561 319 665 377 535

560 455 677 493 eum
711 451 876 498 uxore
906 437 1135 497 fructum
1160 439 1541 511 hospitalitatis
1568 445 1794 513 partitus
1816 454 1919 507 est,
1950 454 2004 499 et
2033 444 2145 513 ipse

558 529 771 599 quidem
799 530 1019 588 vitulam
1038 529 1334 597 adferebat,
1363 531 1452 587 illa
1480 548 1612 589 vero
1633 533 1856 591 farinam
1883 532 2142 603 pinsehat.

559 620 669 678 llos
694 632 751 677 tu
774 635 991 695 quoque
1013 622 1269 679 aemulare
1300 640 1314 677 :
1344 638 1450 679 non
1494 624 1642 680 enim
1680 624 1855 680 solum
1895 624 2147 694 pecunias

557 728 802 783 erogare,
844 710 940 767 sed
987 711 1148 767 etiam
1193 714 1513 783 pauperibus
1566 715 1873 769 ministrare
1925 718 2145 769 multam

558 801 859 859 mercedem
908 802 1135 860 obtinet.
1164 805 1455 877 Propterea
1499 807 1657 863 etiam
1685 807 1913 877 apostoli
1942 816 2145 877 septem

560 894 681 948 illos
713 894 766 949 in
795 894 988 966 quibus
1031 896 1356 967 Stephanus,
1381 898 1644 969 ejusmodi
1683 899 1985 955 ministerio,
2006 916 2146 969 prae-

560 987 804 1043 fecerunt
832 988 965 1058 (Act.
993 990 1074 1061 ti).
1101 990 1333 1047 Tametsi
1358 991 1488 1046 nihil
1514 991 1588 1046 illi
1610 990 1678 1048 de
1705 1006 1805 1045 suo
1826 991 2146 1062 pauperibus

556 1078 873 1147 erogabant,
901 1078 997 1135 sed
1022 1080 1091 1137 ab
1117 1080 1236 1135 aliis
1255 1082 1376 1136 data
1415 1093 1559 1136 recte
1586 1081 1971 1151 dispensabant
1997 1100 2009 1134 :
2035 1098 2149 1136 ma-

556 1181 716 1236 gnam
734 1177 911 1226 tamen
924 1159 1154 1228 retulere
1171 1172 1492 1238 mercedem,
1509 1172 1651 1241 quod
1671 1188 1699 1227 a
1722 1176 1929 1230 exteris
1954 1174 2145 1230 collata

558 1267 704 1314 recte
728 1259 1115 1333 diligenterque
1141 1263 1528 1331 dispensarent.

632 1349 721 1405 15.
752 1346 1075 1414 Pauperibus
1096 1352 1465 1406 inserviendum
1489 1361 1657 1407 est.—
1684 1353 1815 1410 Esto
1842 1363 1896 1409 tu
1923 1370 2137 1425 quoque

561 1447 739 1493 rerum
767 1446 977 1492 tuarum
1004 1439 1173 1495 bonus
1220 1441 1560 1512 dispensator
1581 1483 1597 1511 ,
1639 1453 1698 1499 ut
1744 1444 2008 1514 duplicem
2038 1444 2144 1498 fru-

557 1538 703 1582 ctum
730 1526 982 1596 accipias,
1010 1529 1233 1599 etquod
1258 1545 1464 1602 eroges,
1497 1543 1551 1588 et
1580 1531 1723 1603 quod
1755 1545 1899 1589 recte
1927 1533 2142 1603 dispen-

559 1631 669 1671 ses.
698 1613 811 1671 Nec
854 1625 906 1671 te
933 1616 1125 1687 pudeat
1156 1635 1315 1675 manu
1344 1630 1430 1675 tua
1469 1622 1688 1693 pauperi
1720 1623 1995 1677 inservire.
2029 1623 2142 1677 Non

558 1705 824 1763 erubescit
842 1706 1084 1764 Christus
1120 1726 1215 1781 per
1257 1727 1540 1783 pauperem
1579 1729 1793 1769 manum
1830 1713 2141 1782 extendere,

558 1804 719 1867 atque
752 1798 1025 1870 accipere,
1056 1798 1110 1856 tu
1142 1817 1267 1856 vero
1295 1818 1509 1858 manum
1551 1803 1842 1859 extendere
1868 1805 2142 1875 aclargiri

558 1887 837 1955 pecuniam
884 1888 1201 1946 erubescis?
1229 1890 1355 1959 Quis
1399 1892 1500 1947 hoc
1550 1902 1804 1948 extremm
1868 1894 2144 1950 t'ementia‘.

557 1976 763 2034 facinus
824 1993 947 2037 esse
1006 1997 1113 2038 non
1171 1983 1357 2039 dicat?
1396 1983 1571 2041 Unum
1625 1985 1799 2041 solum
1844 1995 1928 2042 est
1973 1986 2145 2057 pudor

554 2079 610 2123 et
681 2072 1006 2141 ignominia,
1054 2075 1289 2147 nequitia
1340 2092 1533 2148 nempe
1588 2086 1643 2133 et
1707 2078 1995 2136 crudelitas
2064 2089 2146 2135 at-

564 2176 670 2231 que
714 2161 1069 2219 inhumanitas
1119 2183 1134 2219 :
1186 2168 1411 2222 comitas
1483 2176 1697 2233 autem,
1748 2169 2090 2241 eieemosyna
2123 2210 2140 2236 ,

559 2258 613 2301 et
670 2248 1004 2319 humanitas,
1053 2268 1118 2309 ac
1168 2256 1492 2326 pauperibus
1541 2259 1847 2314 ministrare
1887 2259 2144 2316 clariores

555 2356 653 2396 nos
697 2341 881 2399 eﬂlcit.
922 2344 1133 2413 Quanto
1182 2348 1327 2403 enim
1369 2348 1531 2405 ditior
1575 2365 1635 2406 es
1675 2365 1739 2406 ac
1782 2352 2138 2422 locupletior,

555 2441 707 2489 tanto
751 2443 803 2489 te
850 2438 1019 2507 magis
1060 2452 1247 2495 omnes
1304 2440 1630 2510 laudabunt,
1683 2459 1806 2499 cum
1857 2444 1927 2500 ad
1983 2460 2140 2502 mem

551 2522 703 2579 dicos
748 2535 802 2580 et
857 2527 987 2583 viles
1034 2537 1085 2583 te
1129 2528 1411 2587 demiseris
1459 2548 1475 2587 :
1522 2548 1701 2604 neque
1736 2534 1911 2591 solum
1960 2536 2139 2592 homi-

554 2626 684 2678 nes,
732 2614 826 2670 sed
872 2619 1031 2673 etiam
1086 2619 1299 2691 angeli,
1347 2631 1403 2678 et
1452 2623 1706 2679 Dominus
1758 2625 2070 2694 angelorum
2122 2644 2138 2681 :

555 2719 654 2759 nec
706 2704 941 2763 laudabit
994 2709 1189 2777 solum,
1221 2711 1316 2767 sed
1352 2721 1407 2767 et
1458 2712 1650 2783 duplici
1698 2716 1918 2785 praemio
1958 2732 2141 2772 remu-

551 2797 846 2855 nerabitur.
884 2800 995 2856 Non
1036 2803 1181 2858 enim
1220 2804 1577 2876 eleemosynze
1614 2814 1816 2861 tantum
1847 2847 1863 2873 ,
1906 2806 2000 2863 sed
2042 2806 2141 2861 hu-

551 2887 793 2944 militatis
837 2892 997 2947 etiam
1047 2894 1269 2948 multam
1318 2893 1412 2949 tibi
1448 2895 1746 2950 mercedem
1796 2897 2135 2967 prteparabit.

549 2979 629 3035 Ne
672 2981 831 3053 igitur
870 2984 922 3037 in
954 2998 1214 3055 pauperes
1244 2985 1524 3041 ministerii
1554 3001 1654 3042 nos
1700 2986 1929 3057 pudeat,
1964 3002 2139 3058 neque

553 3072 951 3140 peregrinorum
974 3062 1151 3130 lavare
1172 3074 1336 3145 pedes
1360 3090 1705 3132 recusemus:
1734 3076 2138 3133 sanetiilcantur

550 3163 691 3218 enim
721 3164 812 3218 tali
838 3163 1090 3221 famulatu
1130 3182 1321 3222 atauus
1350 3176 1588 3234 nostra);
1619 3168 1762 3239 quod
1802 3169 1847 3224 si
1878 3178 1999 3238 post
2036 3171 2140 3224 mi-

552 3252 829 3307 nisterium
866 3254 996 3309 illud
1030 3256 1097 3310 ad
1138 3256 1436 3313 orationem
1488 3256 1607 3312 illas
1650 3257 1989 3325 extenderis,
2032 3259 2139 3316 illis

550 3344 780 3411 aspectis
821 3343 1031 3400 facilius
1076 3356 1334 3402 exoratur
1380 3346 1517 3402 Deus
1544 3387 1561 3414 ,
1594 3357 1649 3403 et
1699 3348 1961 3419 postulata
2009 3363 2138 3405 con-

548 3433 860 3489 cedit.'Nam
881 3436 1134 3505 pecunias
1152 3435 1369 3507 quidem
1396 3451 1617 3507 erogare
1638 3446 1861 3508 possunt
1881 3438 2093 3508 plurimi
2120 3457 2135 3495 :

551 3539 646 3594 per
675 3539 733 3581 se
758 3540 887 3581 vero
915 3528 1234 3597 pauperibus
1264 3528 1522 3586 inservire
1541 3570 1558 3596 ,
1587 3540 1643 3585 et
1669 3546 1791 3586 cum
1826 3532 1993 3588 animi
2021 3533 2134 3589 ala-

548 3616 767 3682 critate,
798 3626 853 3673 et
874 3618 1097 3674 caritate
1117 3661 1133 3683 ,
1164 3634 1227 3674 ac
1257 3618 1493 3676 fraterno
1527 3636 1709 3677 amore
1739 3622 1792 3677 id
1815 3638 1995 3695 agere,
2021 3640 2135 3680 ma-

549 3721 658 3776 gno
684 3706 883 3779 indiget
911 3709 1111 3774 animo,
1130 3719 1185 3765 et
1204 3710 1539 3783 philosophia
1568 3714 1810 3784 prredito.
1835 3717 2008 3787 Atque
2033 3715 2138 3773 hoc

552 3798 679 3855 illud
710 3808 811 3863 est,
840 3801 980 3871 quod
1010 3804 1249 3858 omnium
1278 3804 1506 3861 maxime
1525 3805 1720 3863 Paulus
1742 3808 1984 3879 requirit,
2013 3820 2135 3864 cum

552 3892 631 3947 eis
650 3932 665 3956 ,
692 3892 779 3963 qui
812 3892 1168 3960 tribulatione,
1200 3906 1509 3966 paupertate
1547 3907 1599 3953 ct
1627 3900 1980 3956 incommodis
2011 3917 2135 3971 pre-

442 4026 443 4029 η
552 3992 791 4048 muntur,
820 3986 1050 4054 compati
1071 3986 1239 4054 jubet,
1275 3990 1425 4058 quasi
1453 3991 1504 4044 in
1545 3990 1701 4045 malis
1723 3991 1924 4047 eisdem
1956 4008 2139 4049 verse-

554 4088 711 4127 mur:
751 4071 961 4141 Vinctis,
994 4076 1183 4146 inquit,
1211 4087 1465 4148 tamquam
1494 4080 1649 4133 simul
1667 4081 1820 4134 vincti
1842 4082 1860 4150 (
1887 4081 2019 4136 Heb.
2050 4083 2134 4138 i5.

551 4165 629 4238 5).
659 4165 827 4232 Quam
855 4167 926 4222 ob
942 4183 1158 4225 causam
1190 4184 1295 4225 non
1326 4169 1416 4225 hic
1440 4170 1612 4225 solum
1640 4173 1935 4227 orationem
1961 4176 2143 4228 termi-

554 4257 740 4323 navit,
771 4257 865 4312 sed
897 4268 951 4313 et
976 4258 1118 4313 aliud
1144 4258 1338 4329 adjecit
1371 4278 1386 4315 :
1433 4258 1498 4316 Si
1525 4261 1898 4315 tribulationem
1940 4263 2139 4332 patien-

554 4347 688 4402 tibus
724 4348 1138 4413 subministravit,
1164 4350 1209 4403 si
1251 4367 1397 4405 omne
1436 4366 1561 4419 opus
1598 4340 1781 4405 bonum
1818 4334 2009 4406 sectam
2061 4360 2135 4405 est

559 4439 635 4509 (Ι.
667 4438 798 4494 Tim.
827 4440 881 4495 5.
910 4438 1020 4512 10).
1045 4439 1180 4508 Quid
1206 4449 1307 4506 est,
1331 4440 1393 4496 Si
1416 4457 1563 4495 omne
1584 4458 1712 4510 opus
1739 4442 1923 4496 bonum
1950 4453 2141 4497 sectata

554 4530 668 4585 est?
693 4528 767 4586 lta
790 4540 845 4585 ut
869 4530 1027 4586 etiam
1059 4532 1109 4584 in
1140 4544 1411 4585 carcerem
1437 4531 1699 4595 introiret,
1730 4545 1792 4586 ac
1821 4532 2027 4587 vinctos
2056 4534 2140 4588 in-

556 4622 777 4687 viseret,
798 4630 851 4677 et
875 4630 1105 4691 aegrotos
1131 4621 1387 4688 visitaret,
1420 4631 1473 4676 et
1502 4629 1771 4677 recrearet
1796 4622 2021 4677 afﬂictos
2040 4665 2055 4690 ,
2087 4632 2141 4679 et

558 4721 849 4769 niterentcs
879 4711 1276 4778 consolaretur,
1308 4720 1362 4767 et
1394 4727 1730 4783 quocumque
1760 4712 1918 4766 modo
1939 4721 2135 4781 posset,

559 4812 745 4860 cuncta
774 4803 1163 4873 suppeditaret,
1196 4818 1259 4858 ac
1286 4802 1417 4857 nihil
1445 4804 1663 4857 omnino
1696 4804 2019 4857 detrectaret
2051 4819 2144 4858 eo-

559 4909 698 4955 rum,
731 4907 849 4962 qum
874 4892 937 4946 ad
967 4892 1193 4946 salutem
1224 4908 1285 4947 ac
1311 4892 1557 4947 solatiqu
1588 4902 1888 4948 nostrorum
1920 4893 2141 4948 fratrum

560 4983 906 5053 pertinerent.
929 4982 1079 5049 Quod
1120 4983 1164 5037 si
1208 4997 1237 5036 a
1274 4983 1494 5037 muliere
1525 4984 1677 5037 vidua
1725 4992 1827 5035 tam
1862 4984 2024 5037 nudta
2053 4999 2142 5038 re-

560 5077 735 5145 quirat
775 5073 913 5129 bona
945 5090 1103 5144 opera
1125 5117 1141 5141 ,
1172 5088 1274 5145 qua
1304 5088 1402 5129 nos
1439 5074 1780 5128 excusatione
1827 5075 2034 5128 censeri
2064 5074 2146 5128 di-

557 5182 692 5237 gnos
720 5182 931 5238 (equum
960 5168 1079 5232 erit,
1103 5167 1325 5237 quicum
1348 5167 1450 5222 viri
1471 5169 1657 5235 simus,
1688 5183 1748 5222 ea
1778 5184 1880 5221 non
1905 5185 2142 5237 agamus,

559 5277 679 5329 qua:
706 5260 1019 5315 mulieribus
1046 5262 1238 5315 Paulus
1264 5261 1465 5331 agenda
1497 5260 1861 5331 prmscripsit?
1899 5260 2003 5315 Sed
2033 5262 2144 5315 fur-

563 5363 703 5406 lasse
732 5352 874 5408 (licet
906 5353 1131 5421 aliquis:
1161 5352 1277 5417 Quo
1318 5352 1527 5407 tandem
1563 5364 1719 5421 pacto
1754 5368 1783 5407 a
1825 5354 2045 5407 muliere
2071 5355 2147 5406 vi-

561 5443 663 5497 dua
698 5451 894 5496 tantam
920 5442 1243 5513 diligentiam
1277 5444 1515 5511 requirit,
1541 5460 1660 5499 cum
1692 5460 1819 5497 vero
1840 5444 1907 5499 de
1935 5444 2146 5514 virgini-

562 5544 671 5589 tate
713 5534 999 5603 scriberet,
1034 5535 1161 5590 nihil
1207 5536 1309 5591 taic
1351 5536 1599 5607 loquutus
1625 5538 1749 5593 est?
1780 5540 1857 5592 Ac
1893 5539 2144 5609 majorem

559 5627 773 5699 quidem
818 5626 901 5681 his
942 5627 1327 5699 philosophimn
1376 5629 1441 5684 ab
1483 5628 1611 5699 ipsis
1639 5631 1833 5702 exegit.
1868 5630 1996 5686 Nam
2026 5649 2145 5688 eum

563 5720 689 5776 dietl
718 5736 729 5773 :
761 5718 933 5775 Divisa
978 5730 1047 5775 est
1090 5737 1216 5775 uxor
1258 5730 1301 5774 et
1333 5722 1469 5791 virgo
1497 5737 1513 5775 .'
1543 5732 1614 5791 et,
1641 5724 1767 5790 Qua:
1808 5724 2019 5794 innupta
2049 5735 2140 5792 est,

1278 325 1336 382 S.
1375 324 1652 384 JOANNIS
1677 325 2155 385 CHRYSOSTOSII
2194 326 2510 388 ARCltll-Zf’.
2549 333 3091 397 CONSTANTINOP.

3739 336 3848 396 8‘56

2253 445 2471 502 sollicita
2494 460 2567 505 est
2596 451 2658 506 de
2681 452 2743 507 iis
2762 494 2776 516 ,
2805 469 2918 525 qut:
2947 463 3064 509 sunt
3096 452 3331 522 Domini,
3359 453 3609 525 quomodo
3649 454 3851 523 placeat

2254 531 2512 605 Domino;
2553 551 2604 595 ct
2648 558 2831 597 rursus
2864 561 2878 599 :
2913 541 3024 599 Hoc
3062 554 3229 598 autem
3256 544 3371 599 dico
3397 554 3608 615 propter
3633 543 3689 597 id
3712 543 3851 613 quod

2252 625 2516 683 honestum
2540 640 2613 685 est
2632 674 2645 697 ,
2665 643 2731 687 ‘et
2759 636 2900 703 quod
2928 636 3220 707 facultatem
3248 636 3468 707 prtebeat
3495 637 3607 690 sine
3632 634 3853 704 impedi-

2253 727 2420 773 mento
2452 718 2721 775 Dominum
2747 724 3044 780 obsecramﬁ
3085 726 3174 798 (ί.
3207 724 3327 782 Car.
3358 726 3411 780 7.
3431 726 3520 781 δι.
3554 726 3691 794 55):
3723 724 3855 778 nihil

2253 806 2397 861 aliud
2425 808 2521 878 per
2548 810 2662 864 htec
2691 811 2991 882 significat,
3034 815 3134 870 nisi
3163 816 3454 885 virginem,
3488 829 3609 884 qua:
3638 815 3853 868 secula-

2255 898 2403 953 ribus
2431 901 2657 970 negotiis
2684 905 2935 959 omnibus
2963 908 3208 961 nuntium
3239 907 3406 963 semel
3438 903 3735 970 remiserit,
3770 914 3855 959 to-

2256 995 2362 1042 tam
2401 990 2635 1047 animam
2678 1007 2996 1051 consecrare
3028 996 3135 1051 Deo
3168 1005 3420 1067 oportere
3443 1037 3460 1062 ,
3492 1011 3667 1067 neque
3697 995 3857 1065 quid-

2252 1092 2408 1146 quam
2431 1078 2629 1135 habere
2657 1097 2943 1139 commune
2970 1100 3092 1141 cum
3121 1094 3285 1152 terra,
3308 1101 3408 1140 nec
3428 1085 3724 1156 aliquando
3745 1084 3853 1150 his,

2251 1165 2537 1236 aliquando
2562 1169 2668 1224 illis
2697 1187 2909 1239 vacare,
2933 1173 3028 1229 sed
3057 1190 3179 1229 cum
3209 1175 3262 1230 in
3290 1175 3600 1230 universum
3630 1175 3737 1229 illis
3757 1175 3856 1229 ab-

2252 1259 2603 1325 renuntiarit,
2634 1269 2801 1315 totum
2833 1263 2885 1317 in
2922 1278 3008 1319 res
3036 1264 3344 1333 spirituales
3370 1264 3571 1320 debere
3610 1266 3853 1320 studium

2249 1360 2404 1401 suum
2454 1348 2782 1419 impendere.
2813 1352 2955 1408 Sane
3001 1354 3215 1423 quidem
3253 1355 3366 1425 ipsa
3409 1370 3624 1425 quoque
3657 1357 3853 1412 decem

2252 1430 2513 1501 virginum
2542 1434 2791 1503 parabola
2814 1436 2967 1492 nobis
2994 1434 3097 1492 hoc
3120 1438 3291 1508 ipsum
3309 1438 3603 1493 declaravit
3628 1439 3850 1508 (ﬂaua.

2249 1519 2378 1591 25).
2412 1519 2560 1576 Hanc
2601 1525 2849 1580 nimirum
2889 1526 2957 1581 ob
3001 1542 3217 1582 causam
3267 1528 3506 1584 conclavi
3536 1529 3726 1599 sponsi
3754 1544 3852 1583 es-

2251 1612 2414 1667 cluste
2440 1620 2597 1681 sunt,
2630 1617 2773 1686 quod
2813 1617 2990 1673 oleum
3022 1634 3131 1674 non
3162 1618 3421 1675 haberent
3453 1638 3467 1674 :
3497 1620 3680 1675 oleum
3702 1634 3853 1695 ,γεω

2252 1701 2383 1756 nihil
2428 1704 2573 1758 aliud
2619 1718 2734 1771 est,
2759 1723 2919 1778 quam
2967 1709 3337 1765 misericordia
3375 1720 3429 1766 et
3459 1709 3848 1782 eleemosyna.

2250 1791 2584 1863 benignitas,
2613 1806 2667 1852 et
2709 1799 3011 1854 sublevatio
3049 1814 3236 1855 eorum
3280 1802 3372 1872 qui
3403 1802 3679 1871 patiuntur
3707 1802 3850 1872 inju-

2248 1883 2419 1951 riam,
2452 1895 2506 1941 et
2548 1902 2737 1943 eorum
2777 1890 2866 1959 qui
2911 1890 3100 1947 dolore
3147 1902 3462 1962 premuntur
3496 1893 3850 1950 consolatio:

2249 1977 2390 2046 quod
2419 1993 2539 2033 eum
2568 1979 2671 2035 illis
2692 1981 2936 2049 deesset,
2967 1981 3216 2040 abierunt
3239 1984 3343 2041 illa:
3363 1994 3523 2058 atque
3548 1999 3581 2041 a
3608 1984 3852 2041 thalamo

2250 2067 2588 2124 exciderunt.

2323 2157 2407 2211 Ιϐ.
2440 2156 2521 2210 Ad
2544 2158 2911 2233 eleemasynam
2931 2163 3317 2220 adhortatio.-—
3338 2164 3463 2221 "ac
3486 2165 3645 2236 igitur
3663 2164 3848 2221 omnia

2247 2260 2368 2301 cum
2393 2250 2622 2303 sciamus
2646 2260 2701 2305 et
2732 2267 2927 2308 uxores
2954 2263 3009 2310 et
3053 2255 3150 2309 viri
3174 2296 3189 2319 ,
3216 2264 3271 2310 et
3299 2256 3532 2325 virgines
3568 2266 3624 2312 et
3655 2259 3847 2311 matri-

2247 2337 2429 2392 monio
2459 2338 2681 2409 junctae,
2712 2348 2769 2396 et
2810 2342 3017 2409 viduas,
3055 2345 3281 2400 multum
3328 2346 3394 2401 ad
3441 2346 3847 2418 eleemosyuam

2246 2426 2480 2483 studium
2509 2428 2851 2487 conferamus
2871 2476 2885 2499 ,
2918 2449 3091 2504 neque
3131 2434 3405 2502 dicamus,
3435 2436 3527 2492 Ille
3562 2437 3850 2507 improbus

2246 2527 2367 2588 est,
2396 2530 2452 2575 et
2496 2521 2779 2593 indignus,
2810 2525 2901 2595 qui
2945 2524 3263 2582 beneﬁcium
3304 2528 3558 2599 accipiat;
3592 2529 3684 2583 ille
3727 2529 3848 2582 vilis

2247 2617 2366 2674 est,
2414 2611 2503 2666 ille
2549 2613 2810 2681 abjectus.
2842 2615 2920 2670 Ne
2962 2616 3275 2687 dignitatem
3322 2629 3533 2689 spectes
3566 2620 3725 2689 ejus,
3750 2620 3847 2689 qui

2245 2701 2387 2757 cultu
2416 2711 2472 2757 et
2497 2703 2737 2760 subsidio
2767 2706 2987 2778 indiget,
3011 2708 3104 2763 sed
3132 2709 3365 2781 inopiam
3392 2719 3617 2765 tantum.
3641 2710 3848 2779 Quaru-

2244 2790 2326 2845 vis
2352 2792 2496 2847 enim
2527 2792 2647 2848 vilis
2682 2802 2738 2850 et
2781 2795 3021 2866 abjectus
3057 2795 3125 2852 s'it
3146 2839 3163 2862 ,
3194 2808 3249 2853 et
3287 2799 3605 2870 despectus,
3646 2801 3718 2855 ita
3746 2801 3847 2856 tibi

2243 2882 2487 2941 Christus
2512 2886 2810 2942 mercedem
2833 2889 3078 2959 imputat,
3108 2904 3171 2945 ac
3195 2890 3240 2945 si
3269 2906 3363 2962 per
3385 2907 3506 2946 eum
3532 2892 3651 2963 ipse
3680 2894 3849 2947 bene-

2244 2973 2421 3029 ficium
2449 2978 2767 3045 accepisset.
2795 2977 2875 3034 Ne
2918 2980 3064 3036 enim
3089 2995 3276 3035 eorum
3296 3021 3312 3046 ,
3340 2981 3428 3052 qui
3457 2980 3734 3037 beneﬂciis
3756 2981 3845 3037 af-

2244 3064 2519 3133 ﬁciuntur,
2548 3067 2823 3138 dignitatis
2867 3071 3130 3127 rationem
3161 3072 3513 3140 haberemus,
3539 3074 3667 3129 audi
3710 3076 3844 3145 quid

2243 3152 2384 3209 dicat
2411 3173 2425 3209 :
2458 3155 2774 3213 Esurientem
2800 3176 2879 3214 me
2915 3161 3109 3217 vidistis
3128 3203 3144 3230 ,
3169 3171 3219 3217 et
3242 3162 3441 3217 aluistis
3474 3161 3495 3233 (
3518 3162 3709 3217 Matth.
3744 3163 3843 3219 9.5.

2245 3244 2359 3317 35).
2396 3245 2596 3304 Deinde
2623 3263 2745 3304 cum
2774 3250 2849 3305 illi
2874 3251 3136 3321 dicerent,
3165 3253 3385 3319 Quando
3412 3263 3458 3309 te
3482 3256 3703 3310 vidimus
3722 3274 3844 3310 esu-

2245 3338 2475 3421 rientem,
2504 3350 2552 3393 et
2574 3341 2795 3396 aluimus
2822 3341 2926 3412 (Ib.
2942 3360 2987 3397 υ.
3008 3343 3102 3415 57)
3124 3343 3363 3415 iadjecit
3389 3345 3573 3401 dicens
3598 3364 3611 3400 :
3645 3346 3847 3412 Quant-

2244 3426 2333 3481 diu
2364 3429 2553 3499 fecistis
2580 3430 2673 3483 uni
2693 3446 2759 3485 ac
2792 3432 2871 3486 bis
2895 3435 3085 3502 parvis,
3117 3435 3242 3488 mihi
3261 3436 3449 3506 fecistis
3472 3434 3493 3508 (
3515 3432 3597 3488 Ib.
3627 3452 3674 3488 υ.
3700 3436 3771 3490 40
3793 3436 3839 3505 ).

2244 3517 2426 3589 itaque
2453 3522 2627 3576 nullus
2656 3522 2877 3578 relictus
2902 3536 2986 3580 est
3015 3536 3322 3596 prretextus.
3354 3527 3630 3598 Siquidem
3659 3544 3727 3583 ne
3750 3529 3841 3583 di-

2241 3624 2364 3665 cere
2390 3625 2688 3681 possemus,
2722 3613 2819 3669 Ubi
2852 3631 2993 3670 nunc
3019 3616 3184 3672 Helias
3206 3617 3436 3673 similem
3463 3618 3846 3675 inveniemus?

2243 3700 2332 3757 ubi
2369 3702 2598 3758 similem
2641 3703 2881 3759 Elissa?
2905 3706 3063 3772 item,
3101 3707 3175 3761 Da
3212 3707 3340 3762 mihi
3394 3708 3528 3763 tales
3564 3708 3744 3775 viros,
3784 3719 3844 3764 et

2241 3805 2450 3848 summa
2480 3807 2602 3848 cum
2641 3794 2804 3849 animi
2847 3795 3126 3852 alacritate
3164 3797 3450 3867 suscipiam
3482 3798 3632 3863 illos,
3664 3814 3846 3869 neque

2242 3886 2423 3941 lavare
2451 3885 2617 3955 pedes
2642 3886 2924 3954 recusabo,
2945 3896 2999 3942 et
3023 3888 3167 3942 omni
3198 3888 3495 3944 officiorum
3518 3903 3721 3960 genere
3744 3904 3845 3945 eo-

2244 3977 2348 4031 lam
2382 3994 2395 4031 :
2429 3991 2497 4032 ne
2522 3977 2639 4033 lucc
2662 3977 2982 4045 diceremus,
3009 3980 3152 4051 quod
3182 3980 3348 4035 multo
3375 3981 3547 4051 majus
3575 3991 3661 4037 est
3679 4023 3696 4049 ,
3728 3983 3845 4052 ipse

2246 4067 2412 4123 Helia:
2454 4078 2508 4123 et
2559 4068 2733 4124 Eliszei
2775 4078 2828 4125 et
2871 4072 3247 4141 prophetarum
3295 4072 3535 4126 omnium
3582 4072 3845 4128 Dominus

2246 4175 2342 4231 per
2367 4175 2628 4230 pauperes
2665 4161 2733 4216 ad
2777 4177 2876 4216 nos
2922 4176 2983 4217 se
3030 4162 3392 4233 ingressurum
3434 4164 3682 4232 promisit
3720 4180 3843 4218 eum

2244 4253 2381 4309 dixit
2409 4271 2423 4307 :
2460 4253 2715 4320 Quamdiu
2744 4255 2934 4325 fecistis
2972 4254 3063 4308 uni
3105 4254 3169 4308 de
3202 4255 3280 4310 Itis
3314 4255 3537 4309 minimis
3557 4294 3575 4321 ,
3606 4255 3737 4309 mihi
3764 4260 3847 4328 {eo

2245 4345 2411 4400 cistis.

2318 4435 2553 4499 Quatuor
2577 4434 2638 4489 ob
2663 4450 2845 4489 causas
2878 4432 3069 4489 Christi
3113 4434 3315 4490 nomine
3355 4435 3607 4505 dandum,
3634 4465 3706 4477 —-
3736 4434 3846 4491 Sed

2246 4525 2388 4597 quod
2416 4526 2613 4581 dictum
2641 4534 2756 4591 est,
2789 4542 2855 4582 ne
2888 4538 3199 4597 praetereas.
3225 4527 3361 4583 Illud
3383 4528 3528 4584 enim
3549 4568 3565 4592 ,
3589 4527 3849 4583 Esurien-

2248 4628 2347 4672 tem
2374 4635 2453 4673 me
2480 4620 2696 4683 aluistis,
2726 4628 2953 4689 quatuor
2974 4620 3192 4675 exhibet
3216 4621 3574 4692 eleemosynat-
3606 4622 3850 4676 necessi-

2248 4718 2388 4765 tates
2420 4726 2433 4763 :
2466 4710 2605 4779 quod
2634 4709 2736 4764 fide
2757 4710 2947 4779 dignus
2972 4711 3043 4765 sit
3066 4710 3112 4766 is
3129 4711 3218 4782 qui
3241 4710 3393 4781 petit,
3415 4712 3559 4781 quod
3586 4711 3851 4766 Dominus

2248 4803 2319 4858 sit
2348 4804 2392 4858 is
2420 4804 2509 4873 qui
2542 4804 2667 4872 petit
2700 4821 2713 4857 :
2746 4803 2887 4875 quod
2921 4814 3107 4875 urgeat
3136 4804 3335 4875 inopia,
3363 4803 3489 4859 dum
3516 4803 3689 4859 fames
3719 4820 3846 4873 pre~

2250 4894 2347 4950 mit
2374 4912 2387 4948 :
2418 4893 2559 4965 quod
2602 4892 2756 4948 facile
2785 4893 2856 4948 sit
2896 4893 3107 4964 largiri,
3134 4910 3259 4949 cum
3288 4893 3543 4950 alimenta
3572 4893 3846 4965 postulet,

2250 4999 2305 5042 et
2330 4987 2499 5042 Solum
2526 5002 2715 5056 panem
2735 5028 2750 5053 ,
2783 5001 2890 5040 non
2918 4985 3140 5040 delicias
3162 4994 3308 5056 petat
3337 5002 3351 5038 :
3376 4986 3519 5057 quod
3544 5001 3739 5057 magna
3767 5003 3853 5043 rea

2253 5082 2552 5136 muneratio
2579 5088 2939 5149 exspectetur,
2973 5094 3091 5133 eum
3122 5096 3216 5148 pro
3246 5079 3453 5149 exiguis
3475 5080 3590 5133 istis
3615 5078 3853 5148 promis-

2249 5188 2367 5229 sum
2400 5174 2463 5229 sit
2512 5189 2756 5243 regnum.
2787 5171 3145 5238 luhumanus,
3186 5171 3446 5238 crudelis,
3476 5182 3529 5227 et
3564 5172 3856 5227 immiseri-

2251 5281 2373 5321 cors
2397 5266 2493 5319 es?
2519 5267 2808 5329 Reverere,
2847 5264 3035 5333 inquit,
3059 5263 3369 5333 dignitatem
3399 5263 3514 5333 ejus
3544 5263 3636 5331 qui
3668 5274 3853 5332 postu-

2252 5358 2343 5410 lat.
2380 5359 2446 5410 At
2472 5366 2717 5425 reSpeetu
2756 5355 3029 5426 dignitatis
3076 5372 3181 5409 non
3226 5354 3461 5409 exorari:
3484 5354 3508 5406 ἲ
3532 5354 3853 5409 Calamitate

2254 5448 2443 5502 saltem
2482 5446 2716 5503 ﬂectere.
2769 5447 2873 5503 Sed
2920 5461 3091 5517 neque
3134 5446 3455 5501 calamitatis
3498 5447 3639 5499 ratio
3688 5457 3739 5499 te
3787 5447 3852 5499 ad

2254 5538 2677 5593 misericordiam
2735 5537 3006 5591 inﬂectit?
3059 5534 3139 5591 Ob
3205 5536 3477 5604 petitionis
3537 5536 3849 5592 facilitatem

2252 5629 2507 5685 concede.
2540 5629 2723 5698 Neque
2774 5631 3025 5701 dignitas,
3082 5646 3254 5700 neque
3293 5628 3485 5698 inopi-.e
3518 5632 3847 5685 nCCCSSilas.

2258 5738 2428 5794 neque
2485 5721 2779 5794 largitionis
2843 5721 3063 5777 facilitas
3121 5736 3463 5777 commovere
3515 5730 3568 5776 te
3620 5721 3854 5792 potcstl
