4074 6402
465 482 680 551 phetam
710 480 983 553 suscipere
1019 481 1218 538 meruit
1244 483 1329 555 (3.
1352 481 1485 556 Reg.
1519 482 1610 555 Π)
1650 500 1664 539 :
1695 493 1854 555 atque
1878 480 2051 538 amba:

466 573 535 629 ad
594 574 837 631 eamdem
902 572 1259 644 philosophia
1323 574 1581 630 virtutem
1646 581 2049 645 pervenerunt,

468 664 815 735 eamdemque
839 665 1146 720 comitatem
1167 663 1549 731 exhibuerunt,
1573 674 1628 721 et
1662 679 1878 720 suorum
1902 671 2052 720 recte

469 756 727 813 factorim
761 755 1113 812 similitudine
1138 752 1609 813 Testamentorum
1637 755 1792 811 nobis
1816 754 2049 811 afﬁnita-

470 858 575 903 tem
649 856 1049 917 expresserunt.
1116 845 1248 901 Nam
1297 846 1745 917 quemadmodum
1794 845 2050 901 sublimes

464 936 680 1007 quidam
707 935 932 1006 scopuli,
963 936 1273 992 circumdati
1305 938 1563 1007 portubus
1583 978 1599 1005 ,
1628 950 1763 1007 quos
1790 936 2046 1008 appellari

472 1025 673 1081 Pharos
718 1040 836 1081 mos
884 1034 1001 1089 est,
1050 1027 1103 1081 in
1131 1026 1324 1098 quibus
1374 1036 1483 1082 tota
1511 1036 1670 1082 nocte
1698 1027 2049 1082 inexstinctus

466 1116 792 1187 ignlslucet,
822 1125 1067 1172 errantes
1095 1117 1147 1173 in
1191 1118 1326 1172 mari
1374 1116 1662 1186 splendore
1714 1116 1933 1171 luminis
1978 1115 2047 1170 ad

466 1217 649 1275 portus
678 1204 980 1263 securitatis
1015 1207 1283 1263 deducunt
1313 1223 1327 1261 :
1369 1207 1449 1263 sic
1476 1208 1595 1263 ista:
1625 1216 1892 1278 tamquam
1925 1222 2048 1277 por-

464 1297 622 1352 tubus
681 1298 932 1354 comitate
982 1297 1368 1367 circumdatas,
1425 1299 1879 1370 magnanimitatis
1935 1314 2047 1353 sua:

464 1388 666 1444 lumine
691 1388 1104 1458 profundissima
1130 1391 1181 1444 in
1209 1400 1367 1449 nocte
1396 1408 1409 1444 :
1444 1408 1553 1447 non
1582 1393 1723 1447 enim
1756 1392 1930 1463 potior
1964 1403 2047 1449 est

461 1476 699 1536 conditio
728 1481 849 1536 vita:
890 1490 1089 1537 nostra:
1117 1498 1276 1553 quam
1307 1483 1480 1539 noctis
1501 1525 1517 1551 ,
1556 1484 1696 1539 sicut
1739 1492 1797 1539 et
1848 1484 2047 1541 Paulus

461 1568 591 1626 dicit
621 1570 780 1626 :Nox
794 1572 1070 1642 processit,
1095 1572 1201 1627 dies
1228 1584 1395 1628 autem
1416 1574 1842 1644 appropinquavit
1864 1572 2043 1644 (Rom.

462 1661 551 1717 15.
582 1660 709 1732 l2);
755 1676 848 1717 eos
879 1662 1041 1733 igitur
1085 1678 1176 1733 qui
1220 1665 1633 1734 profundisslma
1679 1666 1732 1721 in
1778 1677 1937 1721 nocte
1990 1666 2044 1723 in

460 1753 697 1808 avaritia:
725 1754 857 1809 thari
883 1754 1157 1823 oberrant,
1180 1768 1235 1812 et
1255 1757 1473 1829 jamjam
1495 1758 1872 1829 submergendi
1899 1770 2041 1825 sunt,

461 1842 528 1897 ad
553 1856 703 1897 suam
734 1843 961 1898 invitant
988 1846 1355 1915 securitatem,
1380 1858 1434 1902 et
1462 1847 1807 1902 humanitatis
1831 1864 2046 1918 semper

461 1933 737 1987 ardentem
771 1933 1027 1990 habentes
1054 1934 1253 2006 ignem,
1283 1936 1659 1992 inexstinctum
1689 1938 2045 2011 eleemosynaa

463 2023 641 2077 lumen
672 2034 1011 2081 conservant.

527 2112 588 2167 9..
630 2112 737 2168 Sed
774 2115 843 2171 de
883 2116 970 2170 illa
1014 2116 1231 2188 quidem
1277 2120 1382 2175 alio
1431 2120 1596 2187 loco;
1648 2120 1910 2176 hodierno
1958 2120 2045 2174 die

460 2203 604 2273 apud
633 2218 729 2259 vos
754 2204 823 2259 de
854 2206 1168 2262 istaVeteris
1190 2208 1517 2264 Testamenti
1544 2226 1781 2279 agemus.
1814 2209 2045 2265 Omnino

457 2291 599 2345 enim
626 2292 752 2346 dum
774 2292 887 2347 haec
908 2293 1224 2362 laudabitur,
1244 2296 1386 2353 illius
1407 2314 1620 2371 quoque
1650 2300 2040 2371 praeconiorum

456 2395 653 2437 corona
700 2390 941 2439 nectetur
991 2401 1005 2437 :
1054 2400 1176 2440 nam
1229 2403 1454 2457 quarum
1513 2389 1665 2460 paria
1717 2402 1841 2445 sunt
1896 2401 2041 2449 recte

457 2468 595 2526 facta
615 2512 631 2535 ,
652 2485 840 2527 earum
881 2489 1096 2545 quoque
1121 2475 1383 2533 laudatrix
1411 2479 1583 2535 oratio
1610 2483 1908 2538 communis
1935 2492 2039 2539 est.

454 2561 584 2617 Orta
611 2571 691 2617 est
717 2564 875 2635 igitur
904 2565 1075 2636 hujus
1094 2577 1334 2639 tempore
1358 2568 1528 2626 fames
1548 2572 1885 2641 gravissima,
1933 2590 2039 2630 non

454 2652 594 2723 quod
616 2652 823 2709 defessa
840 2656 997 2711 tellus
1017 2655 1197 2728 fruges
1209 2669 1450 2728 negaret,
1477 2661 1573 2715 sed
1599 2662 1743 2731 quod
1766 2664 2039 2719 hominum

456 2753 670 2813 peccata
694 2746 787 2801 Dei
814 2746 1013 2803 donum
1052 2758 1377 2806 averterent.
1428 2750 1554 2808 Orta
1584 2763 1666 2809 est
1692 2754 1852 2825 igitur
1872 2756 2040 2813 fames

452 2837 787 2904 gravissima,
817 2848 873 2894 et
899 2842 1137 2896 omnium
1163 2844 1545 2912 acerbissima;
1584 2854 1745 2916 atque
1782 2842 1925 2902 illam
1956 2847 2038 2904 fa-

462 2942 602 2981 mem
632 2927 811 2985 llelias
845 2946 1067 3001 magnus
1088 2933 1308 3000 invexit,
1343 2943 1397 2990 et
1425 2945 1690 3006 tamquam
1745 2940 2037 2996 terribilem

456 3018 711 3075 famulum
760 3023 1047 3092 quemdam
1098 3026 1339 3093 vocavit,
1396 3035 1455 3081 ut
1501 3042 1792 3085 conservos
1844 3030 2037 3101 injuria

454 3110 733 3166 Dominum
761 3112 1055 3169 aflicientes
1075 3117 1360 3188 castigaret
1391 3135 1405 3172 :
1438 3105 1704 3176 imo’vero
1725 3121 2032 3178 Judaeorum

452 3199 599 3255 illam
631 3201 958 3259 advocavere
1003 3218 1253 3275 peccata;
1298 3208 1573 3279 prephetzn
1598 3220 1774 3266 autem
1806 3212 1950 3267 illam
1978 3228 2039 3268 os

452 3293 660 3359 intulit,
714 3293 842 3348 Vivit
872 3297 1041 3365 enim,
1090 3298 1292 3369 inquit,
1341 3298 1594 3356 Dominus
1647 3300 1805 3371 Deus,
1862 3304 1906 3358 si
1940 3305 2034 3359 erit

451 3384 623 3453 pluvia
651 3385 749 3439 nisi
767 3404 858 3456 per
881 3404 935 3441 os
967 3405 1133 3442 meum
1163 3390 1242 3461 (5.
1276 3389 1403 3461 Reg.
1436 3392 1522 3446 l7.
1567 3392 1644 3462 l).

521 3474 803 3545 Descriptio
852 3476 1132 3533 sterilitatis
1188 3488 1233 3533 et
1285 3479 1531 3535 siccitatis
1554 3482 1706 3535 aeris.
1738 3512 1807 3522 —
1832 3482 2032 3539 Intole-

448 3565 669 3619 ramhnn
722 3566 880 3635 igitur
922 3577 1039 3623 erat
1086 3569 1284 3624 malum
1336 3587 1351 3623 :
1414 3587 1586 3643 neque
1630 3574 1772 3628 enim
1823 3584 2031 3631 tantum

446 3658 682 3713 sterilem
736 3658 966 3713 reddidit
1026 3668 1180 3715 terra:
1235 3672 1445 3717 uterum
1500 3665 1753 3720 terribilis
1809 3668 1895 3723 illa
1928 3686 2029 3725 vox

450 3749 758 3817 pmphetae,
810 3749 906 3806 sed
955 3759 1009 3805 et
1051 3751 1165 3822 ipsa
1213 3752 1492 3808 ﬂuminum
1524 3754 1719 3812 ﬂuenta
1746 3759 2023 3826 cohibuit,

444 3855 739 3912 omnesque
778 3850 889 3895 tum
928 3844 1307 3899 exarescebant
1337 3853 1621 3902 torrentes.
1676 3847 1743 3903 Et
1764 3848 2025 3919 quemad-

446 3930 661 3985 niodum
712 3947 833 3987 cum
886 3926 1175 3989 vehemens
1224 3944 1279 3990 et
1320 3935 1517 3993 ardens
1566 3938 1729 3993 febris
1782 3941 2028 4013 corporis

446 4033 690 4079 naturam
734 4024 963 4091 invasit,
1017 4040 1120 4081 non
1174 4028 1507 4097 superﬁciem
1542 4040 1747 4087 tantum
1780 4033 2023 4101 arefacit,

445 4116 538 4172 sed
589 4123 645 4169 et
689 4115 943 4171 interiora
995 4133 1275 4187 permeans
1321 4120 1490 4189 ipsam
1539 4122 1739 4177 ossium
1781 4134 2022 4181 naturam

441 4205 619 4261 exurit
648 4224 663 4261 :
696 4206 766 4261 ita
791 4222 910 4276 qua:
936 4216 1047 4262 tum
1066 4210 1280 4280 vigebat
1302 4211 1517 4266 siccitas
1537 4214 1698 4281 aeris,
1726 4229 1830 4268 non
1853 4217 2021 4271 solam

445 4305 600 4349 terra:
626 4295 814 4352 faciem
842 4297 1186 4363 incendebat,
1235 4299 1330 4354 sed
1372 4301 1439 4355 ad
1489 4302 1601 4371 ipsa
1654 4303 1770 4374 ejus
1818 4305 2022 4360 viscera

442 4396 727 4451 penetrans
752 4402 964 4443 omnem
1008 4390 1310 4445 inferiorem
1344 4391 1625 4448 humorem
1648 4394 2024 4452 exhauriebat.

436 4475 575 4544 Quid
602 4492 731 4547 ergo
760 4476 901 4533 Deus
918 4477 987 4533 ad
1008 4478 1362 4549 prophetam?
1387 4481 1571 4553 Surge,
1602 4484 1791 4555 inquit,
1819 4497 1868 4542 et
1895 4489 2022 4543 vade

435 4566 488 4618 in
535 4564 825 4636 Sarephtha
862 4567 1090 4624 Sidonia:
1116 4585 1135 4623 :
1174 4570 1246 4623 ibi
1288 4570 1539 4625 mandabo
1590 4575 1792 4629 mulieri
1832 4578 2020 4646 viduis,

435 4664 490 4707 ut
531 4656 720 4709 nutriat
742 4666 791 4709 te
819 4656 896 4729 (5.
927 4658 1055 4728 Reg.
1084 4660 1173 4715 Π.
1199 4660 1279 4732 9).
1334 4661 1470 4731 Quid
1497 4662 1600 4717 hoc
1625 4664 1726 4719 sibi
1757 4667 1907 4722 vult?
1962 4668 2020 4723 ln

436 4762 529 4800 sua
580 4748 750 4816 patria
798 4750 999 4805 nullam
1036 4752 1349 4809 comitatem
1388 4763 1646 4825 expertus
1689 4765 1811 4824 est,
1842 4770 1898 4814 et
1947 4762 2018 4815 ad

432 4836 661 4891 alienam
689 4838 959 4908 regionem
984 4840 1131 4895 illum
1158 4843 1359 4909 mittis,
1413 4854 1574 4915 atque
1618 4847 1686 4902 ad
1736 4849 2017 4906 mulierem

432 4927 681 4982 viduam?
716 4928 847 4983 Nam
876 4930 921 4985 si
946 4932 1196 5000 epulenta
1227 4943 1390 4996 esset.
1421 4935 1468 4990 si
1496 4936 1844 5004 ditissima,si
1875 4942 2017 5012 regis

433 5032 568 5072 uxor
596 5018 784 5088 ipsius,
815 5019 860 5075 si
890 5021 1073 5078 multis
1102 5031 1261 5080 terra
1287 5025 1527 5097 frugibus
1553 5029 1756 5099 repleta
1790 5028 2016 5088 haberet

436 5110 801 5180 promptuaria
830 5151 848 5179 ,
891 5128 1071 5170 nonne
1121 5114 1447 5173 voluntatem
1476 5120 1594 5188 ejus
1640 5119 2009 5178 vehementius

423 5218 586 5272 quam
612 5214 807 5259 terram
834 5204 1003 5276 ipsam
1031 5216 1204 5264 metus
1246 5210 1403 5266 famis
1442 5211 1683 5267 sterilem
1715 5213 1960 5271 redderet
1987 5215 2010 5268 ?

425 5292 503 5349 he
525 5296 683 5363 igitur
712 5296 825 5351 hac
845 5297 1108 5369 prepbcta
1130 5300 1355 5368 diceret,
1387 5311 1480 5358 aut
1518 5304 1701 5360 animo
1724 5316 1959 5363 versaret
1986 5347 2003 5374 ,

422 5384 625 5439 idcirco
646 5386 792 5454 prius
819 5402 941 5442 eum
973 5404 1069 5458 per
1113 5405 1311 5448 corvos
1355 5393 1487 5449 aluit
1534 5392 1613 5465 (δὲ
1650 5395 1781 5467 Reg.
1811 5397 1892 5449 l7.
1926 5398 2009 5465 6),

422 5487 483 5531 ut
530 5492 636 5545 per
666 5492 727 5533 ea
775 5493 894 5549 quae
936 5467 1299 5553 gerebantur,
1339 5484 1441 5541 ista
1488 5486 1872 5556 propemodum
1928 5489 2004 5543 illi

422 5571 627 5627 diceret
656 5588 669 5625 :
713 5571 758 5628 si
788 5572 960 5639 eﬂ'coi,
991 5584 1051 5629 ut
1094 5576 1316 5635 rationls
1339 5592 1534 5650 expers
1562 5592 1748 5635 natura
1780 5580 2010 5652 hospitio

424 5672 479 5717 te
506 5665 790 5734 reciperet,
846 5668 1016 5724 multo
1063 5669 1232 5744 magis
1256 5671 1464 5729 ratione
1494 5673 1753 5745 praedittc,
1808 5684 1861 5729 ut
1905 5673 2007 5729 hoc

425 5756 600 5822 βείω,
632 5757 1060 5828 pcrsaadebitur.

1157 370 1214 429 S.
1253 370 1530 431 JOANNIS
1563 367 2039 431 CHRYSOSTOMI
2077 366 2398 425 ARCHIEP.
2438 366 2973 428 CONSTANTINOP.

3650 364 3758 425 διο

2233 483 2291 539 5.
2332 481 2629 554 Propterea
2658 479 2815 539 vidua
2839 488 2961 552 post
2984 492 3202 536 corvos.
3260 476 3452 535 Videre
3479 488 3599 536 erat
3625 494 3757 551 pm-

2164 572 2734 643 phetam-mulierculae
2760 572 2960 628 factum
2986 571 3300 638 obnoxium,
3342 572 3577 627 animam
3603 571 3756 628 illam

2161 665 2228 720 ad
2252 667 2415 723 caelos
2438 681 2606 737 usque
2630 665 2914 723 sublimem
2938 678 3004 721 se
3030 663 3265 719 divinam
3288 705 3305 731 ,
3336 678 3659 736 generosum
3696 673 3761 720 es

2159 758 2428 814 excelsum
2454 756 2666 814 Heliam
2691 757 2837 814 velut
2852 771 3100 814 erronem
3121 756 3406 827 quemdam
3444 771 3508 813 se
3533 755 3751 813 mendi-

2164 865 2287 905 cum
2312 848 2382 905 ad
2410 848 2583 905 viduae
2604 847 2825 919 ianuam
2854 850 3061 917 venire,
3104 856 3263 920 atque
3291 846 3422 903 illud
3466 862 3560 916 os,
3604 846 3755 920 quod

2158 941 2347 995 culum
2370 939 2665 1006 clauserat,
2714 938 3083 995 mendicorum
3112 953 3271 994 voces
3295 936 3569 993 edundere
3602 954 3619 991 :
3668 938 3749 993 Da

2159 1034 2287 1090 mihi
2311 1049 2523 1105 panem,
2551 1032 2617 1088 da
2636 1032 2765 1088 mihi
2795 1046 3020 1103 aquam;
3043 1040 3101 1085 ut
3132 1040 3188 1085 tu
3216 1031 3415 1095 discas,
3443 1030 3573 1085 nihil
3596 1044 3759 1100 teque

2156 1124 2472 1181 benevolum
2495 1132 2550 1181 et
2573 1123 2866 1179 humanum
2895 1136 3015 1179 esse
3040 1138 3105 1178 ac
3148 1121 3321 1176 vidua:
3368 1120 3591 1177 domum
3612 1162 3630 1187 ,
3692 1130 3754 1177 et

2158 1213 2553 1270 tabernaculum
2572 1212 2828 1285 egestatis
2848 1212 3090 1282 plenum,
3109 1224 3172 1267 ac
3196 1209 3501 1265 divitiarum
3523 1225 3751 1281 expers.

2154 1304 2491 1361 etmalorum
2516 1319 2634 1374 qua:
2658 1319 2723 1359 ex
2744 1303 2945 1359 divitiis
2968 1304 3231 1359 oriuntur.
3268 1300 3441 1357 Locus
3468 1302 3614 1356 enim
3636 1310 3757 1357 erat

2153 1411 2183 1450 a
2211 1396 2523 1452 tumultibus
2549 1395 2708 1464 liber,
2737 1394 3020 1471 omnisque
3044 1392 3395 1463 philosophias
3422 1393 3645 1464 plenus,
3692 1402 3752 1449 et

2154 1495 2309 1556 portu
2352 1487 2541 1557 quovis
2580 1485 2934 1556 tranquillior.
2980 1482 3131 1538 Talia
3176 1483 3409 1539 maxime
3460 1485 3753 1556 requirunt

2152 1574 2418 1633 domicilia
2445 1585 2747 1633 sanctorum
2775 1575 2991 1632 animm.

2227 1666 2362 1721 Deus
2386 1667 2639 1739 quomodo
2691 1667 2836 1738 punit
2864 1664 3251 1722 Sodomitarum
3288 1663 3488 1736 nefaria
3518 1664 3757 1729 scelera;

2150 1758 2400 1831 quomodo
2444 1758 2586 1813 Deus
2626 1760 2683 1813 in
2720 1756 2978 1830 puniendo
3002 1773 3086 1812 eos
3120 1773 3174 1811 se
3197 1757 3370 1827 gessit.
3392 1756 3758 1828 —Pergebat

2152 1848 2310 1921 igitur
2352 1849 2418 1905 ad
2461 1850 2673 1905 viduam
2722 1849 2983 1922 prepheta
3009 1889 3025 1912 ,
3071 1863 3193 1918 qua:
3238 1847 3494 1911 Judzeos.
3546 1848 3757 1918 quibus

2153 1942 2327 2012 perosi
2353 1952 2505 1997 erant
2526 1942 2812 2013 peregrini,
2829 1941 3078 2010 exemplo
3102 1948 3221 1995 erat
3242 1956 3341 1996 suo
3358 1940 3713 2010 redargutura
3734 1960 3753 1997 :

2153 2032 2407 2103 pergebat
2458 2033 2524 2087 ad
2571 2034 2821 2095 viduam,
2876 2046 3173 2101 omnesque
3225 2029 3493 2099 docebat,
3550 2031 3757 2086 merito

2151 2121 2367 2177 Judzcos
2396 2138 2607 2193 prunam
2639 2124 2781 2178 illam
2809 2123 3096 2177 sustinere.
3136 2120 3267 2175 Nam
3294 2134 3417 2175 cum
3447 2121 3501 2175 in
3531 2120 3751 2193 aliquos

2152 2228 2363 2283 poenam
2394 2215 2636 2269 illaturus
2664 2224 2747 2269 est
2791 2214 2951 2277 Deus,
2992 2227 3098 2266 non
3131 2226 3343 2280 quoquo
3388 2210 3552 2264 modo
3603 2226 3742 2280 sup-

2149 2304 2366 2373 plicium
2409 2305 2685 2370 immittit,
2741 2319 2915 2374 neque
2958 2304 3039 2358 sui
3090 2301 3271 2372 judicii
3326 2310 3611 2357 contentus
3665 2312 3753 2357 est

2147 2392 2372 2460 calculo,
2396 2394 2490 2448 sed
2515 2402 2569 2450 et
2594 2393 2736 2464 apud
2766 2393 3012 2449 homines
3040 2400 3261 2447 excusat
3304 2405 3363 2446 se
3406 2391 3566 2446 rebus
3606 2392 3745 2459 ipsis

2146 2497 2210 2538 ac
2231 2493 2427 2552 tuetur,
2458 2484 2680 2556 perinde
2704 2485 2857 2556 quasi
2884 2484 3157 2539 communi
3184 2482 3411 2553 quodam
3442 2482 3496 2537 in
3535 2481 3751 2552 judicio

2148 2575 2544 2644 suspicionibus
2581 2576 2726 2645 vulgi
2752 2575 3027 2645 expositus
3057 2575 3404 2642 disceptaret.
3459 2573 3527 2627 Et
3555 2588 3751 2643 quem-

2147 2665 2435 2721 admodum
2473 2667 2562 2735 qui
2596 2667 2860 2736 judicium
2905 2673 3193 2729 exercent,
3252 2678 3375 2718 cum
3433 2662 3500 2716 ad
3552 2663 3749 2719 mortis

2150 2758 2466 2828 supplicium
2524 2758 2829 2829 quempiam
2875 2766 3000 2813 sunt
3047 2756 3365 2817 abducturi,
3420 2756 3472 2809 in
3521 2755 3747 2811 sublimi

2145 2848 2497 2918 praesidentes
2552 2849 2804 2904 tribunali
2837 2889 2853 2915 ,
2902 2861 2967 2903 ac
2997 2849 3112 2904 vela
3158 2846 3402 2903 contrahi
3441 2847 3743 2918 jubentes:

2146 2948 2309 2994 totam
2339 2940 2606 2995 civitatem
2633 2940 2835 2995 circum
2867 2954 2986 2995 sese
3012 2947 3155 2994 stare
3180 2946 3455 3005 curantes,
3487 2938 3556 2992 ita
3594 2939 3745 2993 velut

2143 3029 2197 3084 in
2252 3031 2466 3099 publico
2517 3031 2728 3087 theatro
2773 3030 3039 3099 judicant,
3094 3038 3149 3085 et
3189 3031 3240 3083 in
3271 3030 3440 3084 oculis
3489 3029 3740 3083 omnium

2142 3128 2302 3189 atque
2329 3121 2546 3175 auribus
2578 3121 3023 3189 interrogationes
3052 3118 3313 3174 adhibent
3342 3134 3435 3175 reo
3456 3159 3472 3183 ,
3501 3128 3556 3173 et
3588 3130 3739 3184 aeta,

2142 3218 2196 3264 et
2221 3211 2635 3265 commentarios
2664 3212 2928 3267 scelerum
2958 3212 3024 3266 ab
3054 3211 3145 3265 illo
3174 3219 3605 3281 perpetratorum
3631 3210 3742 3281 legi

2142 3300 2475 3370 praecipiunt,
2523 3310 2579 3358 et
2618 3302 2854 3358 efﬁciunt
2893 3311 2950 3357 ut
2988 3317 3116 3357 reus
3160 3304 3274 3372 ipse
3326 3316 3543 3357 suorum
3601 3300 3741 3356 facio

2143 3406 2330 3444 norum
2358 3390 2447 3445 liat
2477 3400 2773 3457 accusator,
2812 3407 2875 3447 ac
2904 3402 3015 3448 tum
3044 3392 3262 3449 demum
3293 3391 3613 3448 sententiam
3655 3391 3741 3449 fe-

2140 3489 2265 3534 runt
2298 3499 2312 3535 :
2345 3481 2415 3536 ita
2450 3496 2661 3552 quoque
2692 3482 2831 3537 Deus
2860 3492 3130 3554 tamquam
3161 3483 3216 3538 in
3250 3483 3463 3539 excelso
3497 3482 3739 3553 quodam

2141 3573 2389 3629 tribunali
2416 3575 2810 3643 praedicationis
2837 3575 3127 3645 Scriptura:
3153 3574 3468 3646 praesidens,
3512 3577 3738 3631 univer-

2137 3680 2255 3720 sum
2282 3665 2463 3720 orbem
2492 3674 2756 3720 terrarum
2804 3666 3124 3735 praecipiens
3148 3667 3563 3733 circumsistere,
3611 3680 3741 3736 spe-

2136 3756 2403 3811 ctantibus
2446 3756 2695 3811 omnibus
2741 3765 2795 3812 et
2837 3756 3193 3823 audientibus,
3246 3757 3599 3827 quaestionem
3645 3758 3737 3813 in-

2138 3848 2311 3902 stituit
2351 3859 2714 3918 peccatorum,
2763 3864 2868 3904 non
2912 3852 3325 3905 commentarios
3367 3861 3423 3906 et
3464 3861 3582 3906 acta
3624 3851 3738 3923 legi

2138 3937 2474 4007 praecipiens,
2508 3954 2679 4009 neque
2710 3938 2917 3995 tabulas
2944 3939 2996 3993 in
3025 3941 3259 3995 medium
3288 3940 3584 4008 adducens,
3629 3944 3736 4000 sed

2135 4026 2247 4095 ipsa
2276 4043 2491 4083 reorum
2532 4039 2745 4100 peccata
2784 4030 2938 4086 nobis
2981 4030 3052 4086 ob
3080 4032 3267 4088 oculos
3312 4036 3732 4105 contemplanda

2134 4132 2460 4187 proponens.

2202 4210 2260 4265 4.
2301 4211 2444 4267 Sane
2494 4228 2617 4269 cum
2657 4213 2850 4271 infesta
2893 4214 3113 4271 fulmina
3162 4217 3215 4272 in
3257 4217 3560 4274 Sodomitas
3606 4228 3730 4276 erat

2135 4302 2507 4369 immissurus,
2559 4315 2612 4361 et
2656 4306 2883 4377 populos
2935 4306 3205 4379 urbesque
3266 4309 3514 4363 terribilis
3579 4310 3726 4367 illius

2134 4391 2363 4447 ﬂamma:
2401 4410 2561 4464 opera
2601 4396 2669 4452 de
2708 4398 2885 4453 medio
2933 4398 3167 4467 regionis
3212 4398 3515 4454 sublaturus
3541 4441 3557 4466 ,
3595 4416 3722 4456 cum

2132 4498 2326 4537 novum
2358 4492 2411 4539 et
2440 4485 2711 4540 insolitum
2743 4487 2889 4541 illum
2922 4487 3146 4543 imbrem
3183 4488 3470 4557 dejiciebat
3493 4529 3508 4553 ,
3553 4490 3727 4544 multo

2129 4576 2291 4647 priori
2323 4577 2728 4643 terribiliorem,
2776 4594 2933 4648 quem
2965 4560 3271 4647 primum0et
3297 4580 3467 4634 solum
3490 4580 3571 4634 sol
3600 4596 3724 4633 um-

2126 4681 2285 4735 quam
2310 4668 2518 4736 aspexit
2548 4684 2560 4721 :
2592 4675 2878 4738 antequam
2913 4668 3175 4738 ejusmodi
3218 4683 3429 4738 prensat
3470 4671 3722 4738 inferret,

2126 4772 2312 4812 eorum
2344 4759 2760 4829 improbitatem,
2790 4762 2879 4831 qui
2914 4760 3167 4829 puniendi
3197 4764 3383 4827 erant,
3430 4762 3584 4817 nobis
3633 4763 3723 4818 in-

2125 4848 2343 4917 dicavit,
2392 4866 2502 4908 non
2547 4852 2739 4906 tabulis
2788 4861 2847 4907 ut
2884 4851 2994 4907 dixi
3042 4852 3215 4917 lectis,
3256 4852 3351 4907 sed
3388 4853 3633 4909 adductis
3664 4855 3720 4909 in

2125 4941 2359 4997 medium
2406 4942 2537 5013 ipsis
2583 4958 2771 4999 eorum
2818 4944 3059 5015 peccatis
3093 4943 3250 5013 (Gen.
3284 4944 3393 5013 l9).
3424 4944 3723 5015 Propterea

2123 5030 2375 5087 nimirum
2400 5034 2620 5104 angelos
2648 5034 2812 5098 misit,
2837 5050 2944 5093 nou
2967 5043 3169 5089 tantum
3198 5042 3253 5088 ut
3280 5034 3380 5089 Lot
3398 5034 3717 5102 educerent,

2120 5124 2214 5181 sed
2254 5124 2556 5180 uLillorum
2589 5124 2921 5196 iniquitatem
2950 5124 3338 5190 ostenderent;
3371 5124 3512 5193 quod
3550 5127 3718 5181 etiam

2124 5219 2321 5273 evenit.
2374 5216 2507 5273 Cum
2534 5217 2680 5273 enim
2705 5234 2798 5273 eos
2830 5216 2927 5273 Lot
2953 5217 3289 5287 excepisset,
3335 5216 3562 5287 hospitis
3610 5218 3718 5273 do-

2118 5324 2265 5364 mum
2303 5307 2633 5363 obsedcrunt
2667 5322 2877 5373 omnes,
2920 5318 2976 5365 et
3017 5308 3070 5363 in
3113 5308 3298 5363 orbem
3337 5308 3717 5365 circumstete-

2118 5408 2261 5453 runt.
2304 5398 2472 5468 llujus
2519 5408 2698 5454 autem
2749 5397 3043 5455 obsidionis
3096 5399 3372 5469 copiarum
3427 5398 3537 5455 dux
3592 5409 3718 5455 erat

2119 5490 2370 5547 infandus
2416 5506 2589 5560 amor,
2642 5500 2699 5548 et
2738 5490 2907 5561 iniqui
2948 5490 3213 5560 cupiditas
3257 5494 3450 5559 coitus,
3504 5493 3597 5563 qui
3659 5503 3717 5549 et

2116 5586 2289 5639 atatis
2316 5594 2373 5640 et
2395 5594 2599 5641 natura:
2623 5586 2822 5641 limites
2840 5583 3153 5641 excedebat.
3180 5584 3364 5654 Neque
3384 5584 3525 5639 enim
3552 5584 3712 5655 juve-

2119 5692 2215 5730 nos
2261 5677 2435 5731 solum
2475 5677 2966 5741 circumsteterunt,
3004 5675 3097 5731 sed
3136 5678 3298 5731 etiam
3334 5676 3575 5731 seniores
3610 5695 3623 5729 :
3657 5687 3715 5733 et

2123 5782 2292 5835 neque
2318 5767 2537 5824 canities
2569 5768 2765 5826 rabiem
2808 5767 3038 5838 sedavit,
3082 5783 3257 5839 neque
3277 5768 3519 5831 furorem
3551 5782 3709 5827 seno
