4074 6406
283 407 391 462 559

276 534 377 605 τήν
391 529 632 600 ῑφθασαν
646 526 748 595 τῆς
764 522 1084 595 φιλοσοφίας
1104 520 1324 605 ἀρετὴν,
1344 520 1437 605 καὶ
1456 520 1554 605 τήν
1570 518 1741 605 αὐτήν
1764 519 1863 605 ἑπ-

277 599 551 678 εδείξαντο
570 605 991 679 φιλοφροσύνην,
1005 608 1074 676 τῇ
1094 604 1204 657 τῶν
1224 600 1667 673 κατορθωμάτων
1685 599 1869 669 ὁμοιό-

278 712 407 767 τητι
441 694 540 764 τήν
577 689 900 759 συγγένειαν
940 689 1073 758 ήμῖν
1112 684 1223 739 τῶν
1268 683 1555 755 Διαθηκῶν
1594 682 1867 767 ἐνδεικνύ-

281 766 464 850 μεναι.
499 774 768 844 Καθάπερ
795 770 907 842 γὰρ
943 768 1197 823 σκόπελοί
1225 785 1371 833 τινες
1402 767 1596 850 ὑψηλοί
1619 766 1869 850 ῖπεριϐεξ

279 848 541 929 ϐλημένοι
570 854 816 927 λιμένας,
840 851 935 916 οὓς
959 851 1025 923 δή
1056 851 1265 925 φάρους
1300 851 1486 906 καλεῖν
1510 848 1757 915 είὼθασι,
1780 848 1869 902 διὰ

279 944 467 1013 πάσης
510 941 613 1011 τῆς
641 937 842 1025 νυκτὸς.
878 935 1146 1025 ἄσϐεστον
1190 932 1575 1025 ἔχοντες-πῦρ,
1608 933 1735 1025 τοὺς
1769 948 1869 1025 πεὶ

280 1027 664 1097 πλανημένους
712 1018 858 1075 κατά
902 1018 964 1073 τὸ
1012 1017 1251 1085 πέλαγος
1302 1017 1367 1087 τῇ
1415 1016 1722 1087 λαμπηδόνι
1771 1016 1867 1067 τοῦ

280 1096 463 1181 φωτὸς
510 1104 648 1177 πρὸς
678 1103 777 1173 τήν
824 1100 921 1181 τοῦ
952 1100 1173 1181 λιμένος
1201 1099 1642 1171 χειραγωγοῦσιν
1688 1096 1868 1181 ἀσφάο

280 1176 466 1248 λειαν·
514 1176 659 1241 οὕτω
692 1186 786 1239 καὶ
817 1176 977 1238 αὗται
1011 1180 1265 1253 καθάπερ
1308 1181 1461 1243 τινάς
1498 1181 1726 1249 λιμένας
1767 1180 1867 1250 τὴν

281 1268 684 1346 φιλοφροσύνην
713 1265 1177 1336 περιϐεϐλημέναι
1200 1303 1215 1328 ,
1254 1264 1335 1334 τῷ
1362 1264 1503 1332 φωτὶ
1532 1264 1633 1333 τῆς
1661 1261 1869 1346 οἰκείας

282 1344 692 1429 μεγαλοψυχίας
711 1350 839 1413 τοὺς
857 1350 915 1402 ἐν
933 1351 997 1419 τῇ
1026 1347 1303 1419 βαθυτάτῃ
1322 1347 1480 1399 νυκτί
1496 1363 1511 1379 ·
1540 1344 1736 1409 νυκτὸς
1757 1344 1870 1429 γάρ

277 1427 436 1494 οὺδὶν
461 1437 683 1506 ἄμεινον
713 1432 871 1503 ήμῶν
904 1432 939 1501 ή
972 1429 1085 1500 ζωὴ
1108 1429 1402 1492 διάκειται,
1441 1429 1691 1513 καθάπερ
1714 1429 1818 1513 καὶ⁴
1840 1427 1869 1478 6

282 1521 500 1583 Παῦλός
532 1535 698 1591 φησιν
719 1558 733 1583 ,
762 1517 844 1569 ὅτι
880 1513 942 1569 Ἠ
979 1514 1093 1578 νὺξ
1125 1514 1489 1580 προέκοψεν,
1516 1512 1555 1579 ἡ
1583 1512 1652 1565 δὲ
1684 1512 1872 1579 ἡμέρα

282 1605 493 1675 inme
518 1619 530 1633 ·
562 1603 689 1663 τοὺς
711 1594 805 1652 οὖν
836 1598 895 1650 ἐν
928 1598 992 1667 τῇ
1024 1594 1297 1667 βαθυτάτῃ
1326 1596 1481 1647 νυκτὶ
1513 1594 1653 1647 κατά
1681 1593 1743 1647 τὸ
1769 1593 1867 1675 πέο

280 1674 447 1756 λαγος
493 1685 593 1754 τῆς
634 1680 1001 1752 φιλαργυρίας
1048 1677 1455 1745 πλανωμένους.
1502 1677 1597 1729 καὶ
1623 1674 1872 1744 γίνεσθαι

286 1770 576 1840 μέλλοντας
611 1763 1009 1835 ὑποϐρυχίους,
1056 1759 1193 1831 πρὸς
1221 1760 1319 1827 τὴν
1354 1759 1483 1829 παρ’
1528 1757 1735 1811 ἐαυτῶν
1770 1773 1871 1809 κα-

281 1852 468 1908 λοῦσιν
507 1848 809 1919 ἀσφάλειαν
833 1885 848 1909 ,
899 1845 963 1899 τὸ
996 1844 1093 1913 τῆς
1124 1841 1535 1912 φιλανθρωπίας
1580 1843 1871 1907 διαπαντὸς

282 1936 574 2006 καιόμενον
595 1932 814 2002 ἔχουσαι
842 1927 974 1998 πῦρ,
1007 1926 1100 1979 καὶ
1126 1923 1489 1989 διασώζουσαι
1514 1926 1575 1979 τὸ
1597 1926 1697 1997 τῆς
1726 1926 1874 1995 ὲλεη-

285 2019 528 2093 μοσύνης
558 2015 691 2070 ἀσϐε
699 2030 823 2067 στον
848 2011 986 2083 φῶς.

357 2115 426 2187 β’.
445 2113 605 2168 Ἀλλά
634 2111 759 2182 περὶ
777 2110 992 2179 ἐκείνης
1013 2109 1112 2179 μὲν
1135 2110 1193 2162 ἐν
1206 2107 1382 2177 ἑτέρῳ
1402 2105 1606 2177 καιρῷ·
1632 2108 1875 2177 τήμερον

280 2205 337 2258 δὲ
364 2203 495 2273 περὶ
520 2201 621 2271 τῆς
646 2200 703 2252 ἐν
729 2201 795 2269 τῇ
831 2197 1045 2267 Παλαιᾷ
1090 2195 1227 2267 πρὸς
1254 2195 1398 2264 ὑμᾶς
1432 2193 1686 2265 ἐροῦμεν,
1729 2194 1873 2249 Πάν-

282 2308 392 2354 τως
416 2289 526 2359 γάρ
564 2287 659 2341 καὶ
696 2285 901 2356 ταύτης
940 2285 1363 2354 ἐπαινουμένης,
1400 2281 1616 2353 ἐκείνης
1646 2280 1758 2334 τῶν
1784 2283 1882 2349 ἐγ-

282 2376 512 2448 κωμίων
544 2375 595 2427 οί
626 2374 880 2443 στέφανοι
916 2371 1239 2424 πλέκονται⁶
1271 2364 1346 2425 ὧν
1368 2370 1477 2438 7&9
1502 2368 1570 2422 τὰ
1602 2367 1880 2439 κατορθώ-

286 2480 436 2535 ματα
462 2462 576 2525 ῐσα,
599 2460 695 2514 καῖ
718 2460 767 2511 οί
786 2458 935 2526 λόγοι
957 2456 1066 2510 τῶν
1097 2457 1390 2527 ἐγκωμίων
1418 2455 1606 2509 κοινοί.
1627 2454 1879 2522 Ἐγένετο

279 2550 461 2605 τοίνυν
503 2548 644 2600 κατά
693 2547 820 2608 τοὺς
870 2544 1075 2615 ταύτης
1124 2545 1352 2615 χρόνους
1404 2542 1561 2613 λιμὸς
1607 2541 1874 2612 χαλεπός.

281 2639 405 2709 οὐχὶ
438 2638 472 2707 ή
505 2636 576 2705 γῆ
606 2635 663 2687 δέ
698 2631 951 2703 καμοῦσα
986 2634 1345 2703 παρῃτήσατο
1384 2629 1481 2699 τὴν
1514 2630 1705 2702 φοράν,
1742 2630 1881 2684 άλλά

283 2727 395 2784 τῶν
427 2722 735 2794 ἀνθρώπων
756 2721 822 2773 τὰ
848 2721 1225 2791 ἁμαρτήματα
1254 2718 1349 2771 τοῦ
1375 2717 1510 2771 Θεοῦ
1544 2718 1643 2789 τήν
1668 2717 1880 2789 δωρεάν

282 2812 721 2887 ἀπεκρούσαντο.
765 2808 1013 2877 Ἐγένετο
1050 2809 1231 2860 τοίνυν
1264 2807 1423 2878 λιμὸς
1466 2806 1707 2877 χαλεπὸς
1730 2845 1747 2871 ,
1784 2806 1881 2859 καὶ

282 2903 461 2975 λιμῶν
508 2902 763 2955 ἀπάντων
798 2899 1124 2969 πικρότατος
1145 2916 1156 2927 ·
1222 2898 1316 2949 καὶ
1349 2897 1538 2948 τοῦτον
1571 2896 1750 2964 ήγαγε
1788 2894 1881 2950 τὸν

284 2990 445 3064 λιμὸν
482 2991 511 3042 6
550 2988 724 3058 μέγας
763 2986 949 3048 Ἠλίας
972 3025 987 3049 ,
1024 2985 1279 3054 καθάπερ
1312 2982 1434 3035 τινά
1467 2980 1699 3053 φοϐερὸν
1731 2982 1879 3035 olu-

284 3098 388 3152 την
438 3076 677 3137 καλέσας
702 3114 717 3138 ,
769 3074 909 3129 ὥστε
947 3074 1077 3134 τοὺς
1127 3070 1445 3133 συνδούλους
1478 3070 1570 3122 τὸν
1599 3069 1882 3138 Δεσπότην

285 3166 613 3240 ὑϐρίζοντας
645 3160 1013 3230 σωφρονίσαι’
1066 3157 1268 3229 μᾶλλον
1309 3158 1365 3210 δέ
1414 3156 1673 3210 ἐκάλεσεν
1718 3156 1882 3209 αὑτὸν

282 3254 396 3309 τῶν
437 3250 709 3306 Ἰουδαίων
731 3247 799 3301 τά
824 3246 1203 3316 ἁμαρτήματα
1228 3261 1242 3273 ’
1273 3245 1499 3313 ἐκόμισε
1521 3242 1578 3294 δὲ
1604 3242 1769 3295 αὑτὸν
1787 3240 1879 3294 τοῦ

286 3342 569 3411 προφήτου
604 3337 666 3389 τὸ
695 3334 891 3403 στόμα.
922 3332 1007 3400 Ζῇ
1037 3331 1167 3402 γάρ,
1202 3331 1367 3401 φησὶ,
1405 3331 1623 3399 Κύριος
1652 3333 1686 3385 ό
1708 3330 1882 3397 Θεὸς,

286 3432 339 3485 σι
370 3428 547 3483 ἔσται
575 3422 771 3489 ὑετὸς,
811 3422 865 3475 εί
888 3420 975 3489 μὴ
1002 3420 1102 3473 διὰ
1130 3418 1433 3488 στόματός
1453 3434 1594 3487 μου.

358 3527 472 3585 Ἦν
489 3528 669 3582 τοίνυν
697 3526 971 3597 ἀφόρητον
1001 3523 1173 3586 κακόν
1197 3538 1209 3552 ·
1232 3524 1352 3577 οὐδὲ
1383 3522 1493 3593 7&9
1516 3524 1614 3592 τὴν
1637 3522 1883 3594 γαστέρα

285 3622 387 3695 τῆς
416 3619 519 3690 γῆς
546 3618 741 3687 ἀγονον
775 3614 999 3686 ἐποίησε
1037 3612 1198 3685 μόνον
1230 3613 1263 3682 ή
1295 3612 1503 3683 φοϐερά
1538 3610 1631 3664 τοῦ
1664 3614 1883 3684 προφή..

289 3730 383 3773 του
418 3710 572 3782 φωνὴ
596 3752 611 3775 ,
647 3708 784 3763 άλλά
805 3706 901 3760 καὶ
936 3705 1075 3760 αὑτά
1111 3703 1222 3756 τῶν
1266 3705 1526 3773 ποταμῶν
1572 3704 1642 3757 τὰ
1690 3706 1882 3778 ῥεῖθρα

288 3804 587 3867 ἀνέστειλε,
620 3799 713 3853 καὶ
758 3798 809 3851 οἱ
848 3796 1140 3868 χείμαρροι
1182 3796 1305 3848 τότε
1355 3794 1702 3867 ἐξηραίνοντο
1747 3797 1885 3854 πάν.

289 3913 401 3960 τες.
448 3895 561 3947 Καὶ
610 3889 862 3959 καθάπερ
906 3886 1142 3959 πυρετὸς
1172 3886 1374 3957 λάϐρος
1415 3888 1506 3939 καὶ
1538 3887 1771 3958 διακαὴς
1804 3890 1886 3953 εις

292 3986 547 4057 σώματος
572 3982 731 4053 φύσιν
757 3977 1035 4051 ἐμπεσὼν,
1065 3978 1186 4049 ούχῖ
1216 3977 1314 4048 τὴν
1341 3978 1665 4047 ἐπιφάνειαν
1696 3979 1885 4051 ξηραί-

290 4092 373 4129 νει
422 4072 615 4145 μόνον,
655 4070 791 4123 ἀλλά
821 4069 914 4122 καὶ
948 4068 1086 4140 πρὸς
1119 4068 1252 4121 αὐτὸ
1310 4070 1567 4141 χωρήσας
1597 4070 1657 4123 τὸ
1684 4070 1883 4140 βάθος,

290 4167 462 4237 αὑτήν
489 4163 600 4218 τῶν
629 4160 801 4216 ὀστῶν
818 4159 1182 4231 καταφρύγει
1212 4160 1310 4231 τὴν
1339 4160 1501 4229 φύσιν
1524 4178 1537 4191 ·
1563 4160 1706 4215 οὕτω
1737 4164 1833 4215 καλ⁸
1858 4166 1887 4217 6

293 4260 414 4314 τότε
443 4256 731 4327 γενόμενος
765 4252 1009 4323 αὐχμὸς,
1042 4252 1165 4322 οὐχὶ
1209 4252 1306 4322 τὴν
1341 4252 1463 4322 ὕψιν
1487 4254 1588 4324 τῆς
1616 4255 1721 4325 γῆς
1755 4274 1887 4311 κατ..

293 4352 494 4405 έκαυσε
527 4348 710 4418 μόνον,
741 4343 878 4397 ἀλλά
907 4343 1003 4396 καὶ
1033 4342 1171 4414 πρὸς
1197 4344 1367 4408 αὑτάς
1393 4345 1493 4409 τάς
1521 4346 1756 4415 λαγόνας
1800 4348 1884 4400 ἐλ-

293 4441 425 4506 θὼν,
460 4440 641 4491 πᾶσαν
675 4435 920 4491 κάτωθεν
952 4433 1231 4488 ἀνέσπασε
1259 4433 1360 4505 τὴν
1389 4435 1586 4490 νοτίδα.
1626 4438 1691 4491 Τί
1734 4434 1827 4492 οῦν
1857 4438 1886 4490 6

290 4532 427 4594 θεὸς
478 4528 615 4599 πρὸς
658 4526 748 4580 τδν
793 4525 1116 4597 προφήτην;
1171 4524 1521 4595 Ἀνάστηθι,
1566 4524 1732 4599 φησὶ,
1787 4530 1887 4583 καί

293 4621 619 4690 πορεύθητι
657 4620 745 4684 είς
782 4616 1061 4685 Σαρεςρθὰ
1095 4614 1207 4685 τῆς
1244 4616 1540 4686 mam-
1573 4619 1705 4675 ἐκεῖ
1726 4622 1888 4675 gms-

292 4712 513 4779 λοῦμαι
539 4707 780 4779 γυναικί
812 4705 971 4775 χήρᾳ
998 4705 1105 4760 τοῦ
1134 4706 1451 4775 διαθρέψαι
1481 4724 1577 4764 σε.
1602 4711 1667 4763 Τί
1693 4710 1884 4777 τοῦτο;

295 4805 392 4857 ιπι
435 4803 536 4872 τῆς
575 4802 784 4864 οἰκείας
822 4800 1082 4869 οὐδεμιᾶς
1125 4800 1407 4855 ἀπέλαυσε
1462 4804 1882 4876 φιλοφροσύνης,

294 4896 390 4948 καὶ
429 4895 510 4957 είς
550 4892 651 4961 τὴν
684 4890 972 4962 ἀλλοτρίαν
996 4893 1163 4945 αὐτὸν
1192 4892 1459 4963 πέμπεις,
1491 4895 1585 4948 καὶ
1617 4896 1756 4967 πρὸς
1783 4913 1887 4965 γυ-

292 4986 459 5040 ναῖκα
499 4984 713 5053 χήραν;
752 4980 815 5035 EE
864 4980 974 5052 7&9
1003 4979 1237 5053 εὔπορος
1265 4978 1357 5053 ἦν,
1390 4985 1437 5035 εί
1481 4983 1591 5055 γάρ
1618 4971 1888 5040 πλουσιω-

292 5077 457 5146 τάτη,
496 5075 545 5127 εί
589 5074 698 5144 γάρ
727 5072 895 5127 αὑτοῦ
927 5072 1025 5126 τοῦ
1061 5074 1438 5144 βασιλεύοντος
1478 5080 1639 5149 γυνή,
1692 5082 1741 5133 εί
1778 5080 1888 5152 γὰρ

293 5166 519 5237 ταμιεῖα
568 5162 779 5217 πολλῶν
827 5158 972 5233 εἶχεν
1021 5164 1459 5237 ἐμπεπλησμένα
1505 5171 1885 5241 γεννημάτων,

294 5259 396 5310 οὐκ
444 5250 511 5309 άν
542 5253 714 5323 αὐτῆς
758 5253 959 5324 μᾶλλον
1006 5255 1106 5326 τῆς
1132 5256 1239 5325 γῆς
1275 5257 1376 5327 τήν
1421 5260 1739 5330 προαίρεσιν
1788 5265 1889 5318 ἀπ-

295 5348 621 5420 εστείρωσεν
666 5346 696 5398 6
730 5348 823 5399 τοῦ
855 5346 1015 5417 λιμοῦ
1058 5348 1256 5417 φόϐος;
1287 5350 1403 5403 ’Ὶνα
1430 5346 1523 5404 οῦν
1554 5352 1629 5423 μὴ
1652 5354 1827 5411 ταῦτα
1858 5358 1888 5410 6

296 5438 586 5509 προφήτης
616 5435 770 5507 λέγῃ,
811 5436 948 5506 μηδὲ
986 5436 1384 5505 διαλογίζηται,
1419 5438 1508 5492 διὰ
1534 5441 1692 5493 τοῦτο
1729 5442 1886 5508 αὐτὸ,

295 5527 450 5605 [330]
494 5529 759 5598 πρότερον
788 5527 876 5580 διὰ
912 5528 1021 5581 τῶν
1056 5529 1309 5599 κοράκων
1352 5530 1573 5599 ἔθρεψε,
1602 5538 1886 5607 μονονουχὶ

295 5619 434 5692 πρδς
460 5618 621 5673 αὑτὸν
646 5617 821 5685 λέγων
847 5618 936 5671 διὰ
960 5620 1070 5673 τῶν
1095 5622 1424 5691 γενομένων,
1446 5624 1527 5676 ὅτι
1552 5623 1613 5675 Εἰ
1633 5626 1732 5696 τὴν
1760 5628 1884 5681 ἄλο-

297 5729 391 5781 γον
428 5709 587 5779 φύσιν
615 5707 958 5778 ξενοδοχῆσαί
990 5728 1049 5764 σε
1086 5715 1498 5782 παρεσκεύασα,
1538 5718 1717 5789 πολλῷ
1752 5721 1885 5790 μάλα

294 5802 389 5861 ιον
416 5803 450 5873 ή
473 5800 666 5875 λογικὴ
705 5801 1057 5874 πεισθήσεται
1084 5804 1241 5859 τοῦτο
1278 5807 1519 5880 ποιῆσαι.

1515 414 1583 471 ΙΝ
1626 413 1886 470 ηειιωι
1924 411 2013 469 ET
2049 413 2331 470 VIDUAM.

3456 408 3566 468 ειη

2042 530 2113 591 γ’.
2142 524 2241 579 Διά
2263 524 2422 579 τοῦτο
2438 522 2577 597 μετά
2590 522 2715 587 τοὺς
2730 521 2970 596 κόρακας
2990 523 3020 594 ἡ
3038 524 3205 594 χήρα.
3224 522 3333 578 Καὶ
3352 518 3420 594 ἦν
3439 525 3571 581 ίδεῖν

1971 611 2065 664 τὸν
2096 614 2384 685 προφήτην
2422 612 2679 665 ὑπόδικον
2708 610 3000 682 γενόμενον
3035 612 3313 681 γυναικὸς,
3342 613 3442 685 τὴν
3472 614 3567 667 06-

1976 701 2261 771 ρανομήκη
2286 701 2382 753 καὶ
2410 699 2561 753 θείαν
2588 698 2770 770 ψυχὴν
2796 700 3037 772 ἐκείνην,
3066 700 3157 752 τὸν
3184 702 3431 769 γενναῖον
3471 700 3569 754 καὶ

1975 784 2179 855 ὑψηλὸν
2215 787 2425 850 Ἠλίαν,
2473 786 2667 859 ὥσπερ
2707 786 2913 857 ἀλήτην
2957 785 3082 840 τινὰ
3122 788 3217 841 καὶ
3261 784 3567 858 προσαίτην

1975 874 2113 946 πρὸς
2140 873 2239 938 τὰς
2268 875 2441 946 θύρας
2470 876 2570 947 τῆς
2601 873 3126 946 χήραςεέρχόμενον,
3152 874 3248 928 καὶ
3274 874 3334 929 τὸ
3362 874 3564 947 στόμα,

1972 962 2002 1015 δ
2027 961 2121 1016 τδν
2153 963 2383 1035 οὐρανὸν
2406 962 2638 1030 ἔκλεισε,
2669 963 2769 1028 τὰς
2794 963 2904 1017 τῶν
2932 962 3373 1034 προσαιτούντων
3398 965 3568 1036 φθεγ-

1974 1048 2211 1119 γόμενον
2245 1050 2431 1120 φωνάς
2452 1067 2467 1084 ο
2500 1050 2600 1117 Δός
2638 1067 2731 1121 μοι
2771 1050 2958 1121 ἄρτον,
2989 1050 3076 1114 δός
3128 1068 3221 1122 μοι
3259 1051 3440 1126 ὕδωρ·
3476 1054 3570 1108 ἵνα

1976 1140 2041 1193 σὺ
2076 1139 2255 1212 μάθῃς
2282 1141 2365 1195 ὅτι
2409 1139 2565 1194 οὐδὲν
2612 1139 2785 1205 οὕτως
2827 1139 3153 1212 ἐπιτήδειον,
3194 1140 3272 1206 ὡς
3305 1143 3571 1209 γυναικὸς

1974 1227 2122 1281 οίκία
2152 1229 2360 1299 χήρας,
2395 1230 2491 1282 καῖ
2531 1229 2706 1299 σκηνή
2743 1227 2936 1291 πενίας
2970 1230 3236 1297 γέμουσα,
3274 1230 3368 1284 καὶ
3400 1230 3569 1285 πλού-

1974 1331 2067 1368 του
2100 1314 2197 1368 καὶ
2228 1315 2337 1369 τῶν
2369 1316 2479 1369 ἀπὸ
2514 1315 2610 1369 τοῦ
2642 1315 2874 1370 πλούτου
2923 1316 3109 1369 κακῶν
3147 1316 3567 1391 ἀπηλλαγμένη.

1974 1401 2236 1472 Καθαρδν
2259 1402 2367 1473 γὰρ
2388 1401 2636 1475 θορύϐων
2666 1398 2734 1474 ἦν
2758 1402 2819 1456 τὸ
2848 1402 3063 1474 χωρίον,
3088 1404 3183 1457 καὶ
3210 1405 3392 1468 πάσης
3420 1405 3572 1475 φιλο-

1978 1488 2175 1557 σοφίας
2234 1488 2464 1559 μεστὸν,
2530 1491 2625 1543 καὶ
2689 1489 2908 1561 λιμένος
2967 1491 3169 1555 παντὸς
3222 1492 3567 1566 εύδιὼτερον.

1976 1576 2212 1630 Τοιαῦτα
2244 1577 2308 1649 δή
2341 1579 2577 1649 μάλιστα
2606 1578 3000 1651 ἐνδιαιτήματα
3029 1581 3139 1635 τῶν
3168 1580 3339 1653 ἁγίων
3370 1583 3571 1655 ἐπιζη-

1975 1662 2159 1716 τοῦσιν
2188 1665 2243 1717 αί
2275 1664 2467 1735 ψυχαί.

2060 1772 2252 1844 Ἀπῄει
2305 1773 2481 1827 τοίνυν
2526 1776 2663 1847 πρὸς
2711 1777 2811 1847 τὴν
2844 1779 3022 1849 χήραν
3051 1779 3080 1831 6
3114 1780 3431 1851 προφήτης,
3470 1782 3575 1851 τῆς

1991 1858 2287 1930 Ἰουδαϊκῆς
2314 1861 2623 1932 μισοξενίας
2650 1861 2873 1933 ἔλεγχον
2904 1865 3174 1936 ἐσομένην
3197 1884 3211 1896 ·
3238 1865 3408 1938 ἀπῄει
3433 1869 3574 1939 πρὸς

1978 1947 2078 2016 τήν
2116 1948 2327 2017 χήραν,
2362 1948 2630 2001 διδάσκων
2675 1948 2923 2013 ἅπαντας
2959 1952 3041 2004 ὅτι
3078 1952 3303 2017 δικαίως
3353 1954 3573 2026 ἐκείνην

1979 2034 2076 2103 τὴν
2109 2034 2342 2089 ’κόλασιν
2390 2036 2753 2105 ὑπομένουσιν
2810 2038 3072 2093 Ἰουδαῖοι.
3126 2041 3235 2094 Καὶ
3281 2041 3391 2113 γάρ
3441 2044 3573 2097 ὅταν

1985 2120 2153 2192 μέλλῃ
2185 2121 2337 2185 τινὰς
2368 2121 2618 2187 κολάζειν
2648 2126 2677 2176 ό
2704 2123 2859 2187 Θεὸς,
2886 2127 2984 2196 οὐχ
3024 2126 3212 2193 ἁπλῶς
3246 2129 3444 2197 ἐπάγει
3471 2130 3575 2203 τήν

1981 2210 2285 2278 τιμωρίαν,
2330 2208 2453 2261 ούδέ
2498 2212 2563 2280 τῇ
2618 2210 2719 2281 τῆς
2770 2211 2976 2277 οἰκείας
3029 2213 3268 2287 κρίσεως
3319 2216 3579 2287 ἀρκεῖται

1982 2295 2167 2365 ψήφῳ,
2198 2294 2334 2348 ἀλλὰ
2366 2298 2460 2348 καὶ
2486 2298 2598 2358 τοῖς
2628 2297 2942 2369 ἀνθρώποις
2970 2298 3060 2353 διά
3092 2298 3202 2353 τῶν
3227 2301 3577 2372 πραγμάτων

1985 2382 2354 2450 ἀπολογεῖται,
2388 2383 2578 2457 ῶσπερ
2603 2388 2661 2439 ἐν
2688 2387 2852 2457 κοινῷ
2885 2387 3225 2460 δικαστηρίῳ
3257 2390 3579 2461 κρινόμενος

1983 2471 2105 2533 ταῖς
2142 2469 2250 2523 τῶν
2301 2470 2513 2523 πολλῶν
2559 2473 2858 2536 ὑπονοίαις.
2908 2476 3016 2527 Καὶ
3050 2475 3305 2547 καθάπερ
3346 2478 3394 2531 οί
3424 2476 3580 2532 δικά-

1985 2554 2205 2623 ζοντες,
2253 2559 2380 2612 ὅταν
2417 2559 2651 2629 μέλλωσι
2698 2578 2821 2615 τινα
2863 2562 2963 2634 τήν
3006 2565 3098 2617 ἐπὶ
3142 2564 3375 2619 θάνατον
3422 2566 3579 2634 ἄγειν

1984 2642 2123 2707 ὁδὸν,
2156 2646 2240 2714 ἐφ’
2272 2645 2477 2716 ὑψηλοῦ
2501 2647 2593 2700 τοῦ
2624 2648 2869 2718 βήματος
2909 2650 3364 2721 προκαθίσαντες,
3384 2654 3479 2707 καὶ
3508 2653 3579 2709 τά

1989 2734 2472 2803 παραπετάσματα
2500 2735 2929 2807 συνελκυσθῆναι
2961 2738 3340 2803 κελεύσαντες,
3359 2743 3451 2794 καὶ
3482 2743 3581 2814 τὴν

1988 2819 2142 2872 πόλιν
2170 2822 2354 2885 αὐτοῖς
2396 2824 2825 2894 περιστήσαντες
2867 2825 3087 2879 ἀπασαν
3107 2867 3120 2892 ,
3152 2827 3296 2882 οὔτω
3328 2829 3581 2902 καθάπερ

1989 2909 2047 2960 ἐν
2079 2909 2291 2979 θεάτρῳ
2330 2911 2495 2981 κοινῷ
2524 2912 2835 2977 δικάζοντες
2864 2916 3000 2984 πρὸς
3022 2916 3114 2969 τὸν
3144 2918 3455 2985 κατάδικον,
3475 2919 3582 2973 ὑπὸ

1987 2995 2109 3057 ταῖς
2150 2997 2405 3050 ἁπάντων
2439 2998 2595 3066 δψεσι
2640 3001 2734 3053 καὶ
2777 3002 2968 3064 ἀκοαῖς
2997 3002 3099 3066 τὰς
3133 3003 3357 3069 πεύσεις
3403 3006 3555 3059 mu"

1992 3097 2165 3149 μενοι,
2191 3083 2285 3134 καὶ
2312 3082 2382 3135 τά
2420 3084 2792 3156 ὑπομνήματα
2828 3088 2937 3141 τῶν
2978 3089 3207 3153 ἐκείνοις
3240 3092 3583 3165 τετολμημε-

1988 3183 2097 3221 νων
2130 3169 2553 3240 ἀναγνωσθῆναι
2590 3172 2926 3238 κελεύοντες,
2976 3178 3071 3228 καὶ
3099 3177 3264 3230 αὑτὸν
3290 3178 3383 3232 τὸν
3412 3180 3513 3233 ὑπς
3537 3180 3549 3193 ⁸

1990 3255 2149 3309 θυνον
2179 3256 2288 3311 τῶν
2326 3259 2477 3330 αύτῷ
2523 3261 2947 3332 τετολμημένων
2973 3264 3229 3332 γενέσθαι
3272 3268 3581 3339 κατήγορον

1989 3344 2523 3415 παρασκευάζοντες,
2560 3348 2681 3402 τότε
2710 3350 2811 3420 τὴν
2855 3351 3036 3421 ψῆφον
3066 3354 3367 3421 ἐπάγουσιν
3392 3371 3405 3384 °
3437 3358 3585 3413 οὕτω

1990 3432 2086 3485 καὶ
2111 3433 2141 3485 6
2180 3433 2341 3499 Θεὸς,
2376 3434 2630 3509 καθάπερ
2664 3437 2750 3508 ἐφ’
2796 3438 3008 3510 ὑψηλοῦ
3030 3440 3126 3493 τοῦ
3161 3442 3443 3513 βήματος,
3483 3445 3582 3501 τοῦ

1989 3519 2100 3572 τῶν
2127 3520 2359 3591 Γραφῶν
2389 3522 2747 3595 κηρύγματος
2778 3526 3138 3597 προκαθίσας,
3159 3532 3255 3583 καὶ
3277 3531 3376 3604 τήν
3404 3535 3584 3587 01x00-

1995 3606 2168 3680 μένην
2197 3611 2420 3664 ἃπασαν
2466 3614 2827 3685 περιστήσας,
2856 3614 2961 3668 ὑπὸ
2988 3618 3109 3681 ταῖς
3135 3619 3390 3673 ἁπάντων
3424 3620 3585 3691 ὄψεσι

1992 3701 2087 3752 καὶ
2106 3699 2300 3761 ἀκοαῖς
2321 3702 2553 3753 ποιεῖται
2585 3700 2694 3755 τῶν
2728 3702 3149 3774 ἁμαρτημάτων
3177 3706 3276 3779 τὴν
3308 3709 3580 3778 ἐξέτασιν,

1990 3786 2089 3858 οὐχ
2116 3788 2485 3858 ὑπομνήματα
2505 3789 2921 3861 ἀναγνωσθῆναι
2952 3792 3212 3859 κελεύων,
3248 3797 3371 3850 οὐδὲ
3394 3799 3582 3871 γράμ-

1996 3893 2145 3945 ματα
2167 3878 2435 3949 παράγων
2474 3879 2554 3941 εἰς
2584 3879 2767 3948 μέσον,
2790 3880 2906 3933 ἀλλ’
2937 3882 3123 3947 αὐτοῖς
3150 3886 3300 3956 ήμᾶς
3329 3890 3441 3953 τοῖς
3471 3887 3585 3945 τῶν

1993 3964 2301 4017 καταδίκων
2334 3964 2570 4033 ἐφιστῶν
2597 3967 3018 4039 ἁμαρτήμασιν.

2063 4073 2125 4127 δ’.
2156 4075 2284 4129 Ὅτε
2302 4074 2433 4142 γοῦν
2446 4076 2573 4139 τοὺς
2591 4076 2862 4146 χαλεποὺς
2879 4080 3178 4150 κεραυνοὺς
3192 4082 3331 4137 κατά
3354 4084 3464 4157 τῶν
3487 4087 3586 4140 20-

1992 4159 2229 4232 δομιτῶν
2257 4163 2473 4230 ἀφεῖναι
2489 4163 2711 4233 ἤμελλε,
2732 4164 2826 4218 καὶ
2848 4166 3054 4236 δήμους
3085 4169 3177 4222 καὶ
3206 4170 3390 4236 πόλεις
3413 4174 3584 4246 ἀναρ-

1994 4248 2190 4312 πάζειν
2219 4250 2283 4303 ἐκ
2314 4249 2479 4320 μέσου
2506 4253 2605 4321 τῆς
2634 4251 2821 4324 χώρας
2862 4252 2951 4306 διὰ
2992 4254 3089 4325 τῆς
3114 4258 3354 4329 φοϐερᾶς
3383 4259 3584 4330 φλογὸς

1993 4336 2227 4406 ἐκείνης,
2260 4337 2349 4390 ὅτε
2379 4337 2471 4391 τὸν
2500 4340 2687 4393 καινὸν
2716 4341 2809 4393 καὶ
2837 4341 3141 4413 παράδοξον
3176 4344 3331 4399 ὑετὸν
3357 4347 3452 4400 ἐπὶ
3484 4347 3587 4419 τήν

1993 4424 2098 4495 γῆν
2118 4424 2292 4493 ἠφίει,
2310 4424 2404 4477 τοῦ
2431 4425 2697 4497 προτέρου
2722 4428 3160 4501 φρικωδέστερον
3184 4430 3334 4496 ὄντα,
3361 4432 3419 4486 6v
3442 4434 3586 4505 πρῶ·

1994 4529 2084 4565 τον
2124 4514 2219 4566 καὶ
2256 4512 2420 4583 μόνον
2445 4512 2599 4585 ήλιος
2630 4515 2843 4569 ἐπεῖδεν
2866 4533 2879 4547 ο
2911 4516 3035 4570 ἐπεὶ
3064 4517 3308 4573 τοιοῦτον
3333 4521 3463 4590 πρὶν
3495 4536 3521 4563 ι
3548 4524 3582 4593 ἢ

1993 4601 2095 4669 τὴν
2118 4599 2338 4653 κόλασιν
2358 4599 2565 4672 ταύτην
2596 4602 2917 4671 ἐπαγαγεῖν,
2949 4603 3117 4671 ἔδειξε
3141 4604 3249 4659 τῶν
3277 4607 3586 4676 μελλόντων

1994 4687 2319 4752 κολάζεσθαι
2351 4687 2450 4759 τὴν
2475 4690 2742 4761 πονηρίαν
2770 4693 2923 4762 ήμῖν,
2955 4693 3074 4763 οὐχὶ
3116 4695 3423 4765 γράμματα
3452 4698 3586 4751 άνα-

1992 4775 2300 4844 γινώσκων,
2329 4775 2584 4848 καθάπερ
2610 4777 2767 4848 ἔφην,
2797 4778 2913 4832 ἀλλ’
2942 4780 3085 4834 αὑτά
3106 4783 3188 4846 είς
3233 4784 3401 4853 μέσον
3440 4782 3584 4857 παρ-

1995 4863 2221 4930 αγαγὼν
2247 4862 2316 4918 τά
2344 4865 2740 4935 ἁμαρτήματα.
2765 4865 2864 4919 Διά
2882 4865 3041 4921 τοῦτο
3060 4868 3191 4937 γοῦν
3212 4869 3427 4941 ἔπεμψε
3458 4874 3587 4939 τοὺς

1994 4951 2283 5020 ἀγγέλους,
2311 4951 2408 5021 οὐχ
2437 4952 2526 5005 ἵνα
2555 4952 2649 5005 τὸν
2668 4952 2793 5005 Λὼτ
2815 4952 3126 5023 ἐξαγάγωσι
3148 4956 3331 5027 μόνον,
3354 4960 3473 5015 ἀλλ’
3499 4963 3588 5016 ἴνα

1997 5056 2079 5092 σοι
2109 5038 2324 5103 δείξωσι
2355 5038 2452 5109 τὴν
2487 5040 2838 5111 παρανομίαν
2861 5041 3119 5095 ἐκείνων·
3143 5044 3172 5097 δ
3192 5044 3256 5118 δή
3293 5048 3389 5100 καὶ
3419 5049 3590 5118 γέγο-

1994 5144 2104 5180 νεν.
2152 5125 2373 5197 Ἐπειδὴ
2404 5126 2513 5198 7&9
2552 5126 2751 5191 αὐτοὺς
2789 5130 2818 5181 6
2855 5126 2981 5182 Λὼτ
3023 5130 3345 5200 ὑπεδέξατο,
3378 5135 3480 5206 τήν
3507 5138 3588 5191 οί-

1995 5214 2121 5267 κίαν
2145 5213 2498 5284 ἐπολιόρκουν
2521 5214 2617 5267 τοῦ
2646 5214 2922 5287 ξενοδόχου
2952 5217 3174 5283 πάντες,
3204 5224 3586 5291 περιιστάντες

1996 5300 2148 5374 [551]
2173 5300 2379 5371 κύκλῳ.
2421 5302 2779 5375 Ἐστρατήγει
2812 5304 2869 5357 δὲ
2898 5307 2999 5379 τῆς
3032 5306 3351 5379 πολιορκίας
3382 5310 3586 5377 ἄτοπος

1993 5388 2153 5460 ἔρως,
2189 5390 2284 5443 καὶ
2316 5388 2515 5460 μίξεως
2551 5390 2818 5462 ἐπιθυμία
2849 5393 3196 5463 παρανόμου,
3244 5396 3339 5451 καὶ
3366 5398 3588 5469 ήλικίας

1994 5478 2090 5530 καὶ
2125 5476 2340 5544 φύσεως
2366 5478 2525 5548 ὄρους
2561 5478 2989 5549 ὑπερϐαίνουσα.
3010 5480 3149 5535 οὐδὲ
3167 5482 3280 5555 γάρ
3307 5486 3586 5541 νεανίσκοι

1995 5567 2362 5636 περιέστησαν
2414 5566 2594 5635 μόνον,
2638 5566 2755 5620 ἀλλ’
2793 5567 2893 5639 ήδη
2950 5568 3047 5621 καὶ
3093 5571 3436 5642 πρεσϐῦται·
3491 5576 3588 5630 καὶ

1992 5652 2113 5705 οὐδὲ
2145 5655 2180 5724 ή
2204 5652 2365 5705 πολιὰ
2392 5654 2491 5724 τήν
2530 5653 2730 5707 λύτταν
2760 5656 3125 5722 κατέπαυσεν,
3162 5659 3289 5716 οὐδὲ
3309 5662 3371 5715 τὸ
3409 5661 3587 5735 γῆρας

2060 5828 2084 5856 ⁸
2106 5827 2259 5887 Sam.
2287 5830 2336 5880 in
2358 5842 2406 5879 m
2424 5842 2512 5893 ηδε.
2536 5830 2642 5894 conj
2684 5830 2839 5885 ἐπεῖδε
2862 5831 3097 5884 τοιοῦτον*
3120 5837 3242 5900 πρίν.
