4074 6436
482 380 583 438 ειι

482 491 578 564 τὴι
615 489 814 562 μανίαν
835 487 1080 553 ἔσϐεσεν,
1102 486 1218 541 ἀλλ’
1240 483 1311 561 ἦν
1334 486 1462 541 ἰδεῖν
1490 489 1549 541 έν
1567 485 1746 558 λιμένι
1775 485 2061 554 ναυάγιον,

473 568 546 634 ‘iv
587 582 735 651 γήρᾳ
760 577 1098 649 παράνομον
1145 574 1465 654 ἐπιθυμίαν.
1509 576 1620 630 Καὶ
1661 572 1786 628 οὐδὲ
1829 570 2065 628 ενταῦθα

483 667 721 740 ἔστησαν
741 666 841 735 τῆς
872 664 1240 736 παρανομίας,
1263 663 1400 720 ἀλλά
1418 664 1514 719 τοῦ
1537 661 1662 718 Λὼτ
1683 660 2062 734 ὑποσχομένου

482 757 583 822 τάς
624 751 822 810 ἑαυτοῦ
865 752 1214 826 παραδώσειν
1243 752 1567 828 θυγατέρας,
1614 751 1735 806 οὐδὲ
1759 749 2063 819 οῦτωςάφ-

486 846 722 905 ίσταντο,
755 842 872 896 ἀλλ’
897 840 1216 910 έπέκειντο,
1255 842 1508 913 λέγοντες
1537 840 1613 914 μὴ
1637 839 1903 914 πρότερον
1930 839 2066 892 ἀπο-

483 930 799 1001 στήσεσθαι,
833 929 936 992 ἕως
967 928 1032 984 ἂν
1064 931 1191 995 τοὺς
1217 930 1418 1003 ἀνδρας
1444 927 1653 983 λάϐωσι
1673 941 1687 957 ⁸
1719 927 1814 980 καὶ
1850 925 2064 997 μεγάλα

481 1017 741 1088 ἠπείλουν
767 1015 958 1070 δώσειν
983 1015 1131 1070 κακά
1145 1015 1225 1091 τῷ
1249 1015 1350 1081 τὰς
1377 1014 1571 1070 ἑαυτοῦ
1594 1013 1901 1083 θυγατέρας
1931 1014 2067 1066 ὑπο-

484 1104 733 1175 σχομένῳ
762 1102 955 1157 δώσειν
981 1103 1070 1157 διὰ
1101 1106 1202 1171 τὴν
1224 1105 1302 1170 εἰς
1335 1105 1459 1166 τοὺς
1486 1101 1673 1170 ξένους
1695 1103 1883 1174 τιμήν.
1910 1096 2065 1164 Εἶδες

481 1190 602 1254 πῶς
631 1187 971 1258 πανταχόθεν
1003 1186 1176 1253 ἔδειξε
1207 1188 1315 1242 τῶν
1350 1186 1655 1256 Σοδομιτῶν
1695 1184 1795 1256 τήν
1839 1182 2062 1250 κακίαν,

480 1277 578 1331 καὶ
599 1276 721 1330 τότε
750 1275 848 1345 τὴν
874 1275 1150 1346 τιμωρίαν
1177 1276 1494 1347 έπήγαγεν;
1523 1271 1643 1326 ἰνα
1672 1271 1783 1343 7&9
1815 1270 1892 1342 μὴ
1926 1270 2063 1342 μετά

478 1363 654 1418 ταῦτα
691 1361 834 1434 δρῶν
861 1361 1261 1432 κολαζομένους
1311 1362 1512 1426 αὐτοὺς
1548 1360 1934 1430 κατακλασθῇς
1974 1357 2066 1412 διὰ

476 1451 542 1507 τδ
568 1449 797 1522 μέγεθος
814 1448 916 1519 τῆς
947 1450 1256 1522 συμφορᾶς,
1278 1447 1411 1519 μηδὲ
1438 1450 1555 1519 μετ’
1577 1448 1804 1502 έκείνων
1826 1445 2065 1517 έγκαλῇς

477 1539 559 1610 τῷ
590 1539 730 1610 Θεῷ.
770 1536 908 1592 ἀλλά
940 1536 1078 1608 μετὰ
1105 1533 1199 1588 τοῦ
1232 1533 1369 1588 Θεοῦ
1414 1533 1758 1606 κατακρίνῃς
1796 1533 2063 1596 ἐκείνους,

479 1626 769 1698 προλαϐὼν
816 1628 882 1696 τῇ
916 1623 1015 1694 τῆς
1055 1621 1321 1694 πονηρίας
1354 1622 1661 1687 ἀποδείξει,
1707 1621 1886 1674 πάντα
1938 1635 2068 1690 προ-

479 1715 801 1786 ανήρπασεν
832 1711 1014 1767 αὐτῶν
1045 1711 1138 1764 τὸν
1167 1710 1336 1772 ἔλεον,
1386 1713 1484 1782 τῆς
1519 1709 1658 1780 πρὸς
1689 1709 1888 1770 αὐτοὺς
1926 1723 2065 1777 συμο

470 1793 711 1864 ’παθείας
743 1797 1050 1869 ἀπαγαγὼν
1077 1798 1326 1869 ήμᾶς.⁶Ο
1351 1796 1417 1866 δή
1444 1796 1538 1849 καὶ
1570 1794 1665 1849 νῦν
1690 1794 1786 1848 ἐπὶ
1808 1793 1904 1848 τοῦ
1931 1810 2068 1863 προ-

477 1891 651 1961 φήτου
700 1886 1022 1958 πεποίηκεν.
1066 1885 1183 1939 ’Ίνα
1223 1883 1299 1954 μή
1346 1881 1571 1953 θεωρῶν
1617 1881 1724 1936 ύπδ
1757 1880 1854 1934 τοῦ
1903 1879 2065 1951 λιμοῦ

475 1972 963 2045 διαφθειρομένους
989 1971 1117 2033 τοὺς
1154 1969 1443 2031 Ἰουδαίους
1473 1968 1671 2040 ἀλγῇς,
1709 1968 1951 2023 δείκνυσί
1982 1983 2066 2020 σοι

475 2064 576 2135 την
605 2059 1004 2133 ἀπανθρωπίαν
1028 2057 1211 2113 αὐτῶν
1239 2060 1336 2112 καί
1375 2057 1476 2131 τὴν
1503 2056 1787 2130 ὠμότητα,
1832 2057 1929 2112 καὶ
1965 2059 2067 2128 τῆς

479 2149 788 2222 φιλοξενίας
821 2146 920 2219 τὴν
955 2147 1173 2201 σπάνιν.
1215 2145 1293 2200 Οὐ
1327 2144 1439 2218 7&9
1463 2145 1529 2217 δή
1563 2147 1724 2216 μόνον
1749 2145 1850 2216 οὐχ
1879 2143 2068 2198 ὑπεδέ-

478 2240 641 2306 ξαντο
660 2236 752 2290 τὸν
785 2235 1096 2306 προφήτην,
1128 2231 1264 2286 ἀλλά
1294 2233 1390 2285 καὶ
1412 2232 1758 2285 ἀποκτείνειν
1778 2231 2060 2302 ήπείλουνο

479 2325 574 2380 καὶ
610 2323 770 2377 τοῦτο
805 2321 963 2392 δῆλον
999 2319 1064 2372 ἐκ
1092 2316 1204 2371 τῶν
1237 2315 1379 2371 Θεοῦ
1416 2317 1702 2387 ῥημάτων.
1749 2318 1824 2372 Οὐ
1850 2316 1960 2389 7&9
1993 2313 2070 2370 εῖ-

481 2429 603 2475 πεν,
635 2407 1072 2478 Ἇγαχώρησον,
1111 2405 1292 2476 μόνον,
1317 2402 1456 2459 ἀλλά
1489 2404 1604 2468 καὶ,
1635 2405 1916 2473 Κρύϐηθε.
1952 2404 2068 2458 Οὐκ

478 2501 642 2570 ἀρκεῖ
666 2496 775 2567 γάρ
815 2511 897 2549 σοι
928 2493 1067 2565 πρὸς
1108 2490 1382 2564 σωτηρίαν
1421 2493 1455 2564 ή
1495 2491 1675 2564 φυγὴ,
1701 2489 1838 2546 ἀλλὰ
1861 2490 1945 2546 δεῖ
1973 2491 2069 2545 καὶ

476 2587 662 2641 λαθεῖν
691 2583 832 2655 μετά
862 2582 1064 2650 πολλῆς
1085 2580 1187 2650 τῆς
1213 2580 1537 2653 ἀκριϐείας·
1571 2580 1746 2652 δῆμος
1774 2580 1886 2652 γάρ
1917 2581 2068 2633 ἔστιν

489 2672 800 2736 ἰουδαῖκδς,
847 2669 1020 2740 δῆμος
1063 2665 1314 2736 αἱμάτων
1347 2666 1519 2739 διψῶν
1550 2668 1932 2739 προφητικῶν,
1973 2668 2069 2722 καὶ

476 2764 599 2824 ταῖς
648 2759 757 2813 τῶν
799 2755 971 2825 ἀγίων
1033 2751 1419 2825 έμμελετήσας
1474 2757 1715 2826 σφαγαῖς
1739 2771 1752 2784 ’
1807 2754 1918 2809 ἀπὸ
1957 2755 2068 2809 τῶν

479 2845 837 2921 προφητικῶν
863 2841 1115 2913 αἱμάτων
1143 2839 1233 2895 ἀεὶ
1254 2839 1355 2906 τάς
1382 2840 1594 2897 ἑαυτῶν
1622 2837 1842 2914 ᾕμαξαν
1864 2840 2066 2907 δεξιάς.

480 2944 612 3011 Καὶ,
658 2945 750 2998 ὅτε
802 2941 902 3014 μὲν
941 2941 1008 2994 ὲκ
1060 2939 1164 3010 τῆς
1219 2938 1482 3003 Ἰουδαίας
1522 2938 1686 2993 αὐτὸν
1735 2938 2069 3011 ἐξέπεμψεν,

483 3043 735 3097 Ἀκελθε
760 3038 856 3092 καί
883 3036 1153 3106 κρύόηθι,
1185 3035 1352 3107 φησίν
1369 3051 1383 3065 ·
1411 3035 1500 3089 ὅτε
1522 3034 1580 3089 δὲ
1608 3033 1749 3107 πρὸς
1771 3034 1872 3108 τὴν
1891 3036 2071 3107 χήραν

477 3136 830 3201 ἀπέστελλεν,
873 3131 1037 3202 Ἐτὼ,
1067 3133 1255 3203 φησιν,
1294 3131 1653 3201 ἐντελοῦμαι
1681 3130 1858 3200 αὐτῇ.
1907 3131 2071 3202 Ὁρᾷς

479 3236 599 3301 πῶς
631 3233 840 3289 ἐκεῖθεν
886 3229 987 3302 μὲν
1026 3228 1299 3301 φεύγοντα
1343 3227 1484 3300 μετά
1529 3227 1731 3300 πολλῆς
1773 3226 2073 3298 ἀσφαλείας

478 3334 638 3390 τοῦτο
667 3332 893 3402 ποιήσαι
924 3327 1254 3400 προστάττει
1269 3342 1284 3356 ·
1309 3323 1550 3381 ἐνταῦθα
1569 3324 1630 3379 δὲ
1653 3324 2072 3395 καταφεύγοντα

482 3430 622 3506 μετά
665 3425 868 3497 πολλῆς
912 3422 1227 3496 παρρησίας
1276 3424 1373 3478 καὶ
1422 3423 1517 3478 τοῦ
1571 3423 1810 3496 θάρρους
1851 3422 2072 3504 ἀπιέναι

480 3520 721 3587 κελεύεις

550 3647 615 3701 ε’.
636 3643 710 3697 Ού
735 3639 894 3696 τοῦτο
915 3639 973 3695 δὲ
1002 3635 1339 3712 μόνον,άλλά
1365 3653 1419 3692 τι
1452 3637 1548 3692 καὶ
1573 3637 1763 3709 ἓτερον
1782 3635 2074 3709 ᾠκονόμηο

479 3755 570 3792 ται
592 3737 682 3791 διὰ
695 3737 790 3806 τῆς
806 3733 903 3789 τοῦ
932 3735 1218 3807 προφήτου
1248 3729 1389 3803 πρὸς
1414 3730 1515 3802 τὴν
1541 3732 1721 3804 χήραν
1745 3733 2075 3803 παρουσίας.

480 3835 603 3886 Ἵνα
629 3834 741 3903 γὰρ
777 3829 853 3902 μὴ
883 3827 1023 3899 μετά
1050 3825 1228 3881 ταῦτα
1263 3824 1501 3898 ὁρῶντές
1547 3843 1693 3890 τινες
1718 3825 1809 3880 τὸν
1838 3826 2076 3897 Χριστὸν

482 3927 623 4000 μετὰ
643 3926 740 3988 τὰς
765 3925 966 3988 πολλὰς
997 3924 1092 3978 καὶ
1122 3923 1365 3993 ἀφάτους
1411 3923 1704 3994 εὺργεσίας
1729 3922 1830 3987 τάς
1857 3924 1951 3978 ὲπί
1975 3927 2077 3996 τῆς

490 4023 774 4085 Ἰουδαίας,
797 4021 936 4093 μετὰ
966 4021 1094 4083 τοὺς
1131 4019 1361 4090 μυρίους
1386 4019 1636 4090 νεκροὺς,
1666 4018 1760 4086 οῦς
1781 4021 2074 4092 ἀνέστησε,

483 4115 622 4187 μετά
642 4115 769 4178 τοὺς
785 4111 1042 4181 τυφλοὺς,
1058 4110 1151 4174 οὓς
1171 4109 1476 4179 ἀναϐλέψαι
1505 4112 1754 4184 ἐποίησε,
1783 4112 1926 4184 μετά
1946 4114 2074 4177 τοὺς

478 4207 738 4279 λεπροὺς,
765 4205 861 4269 οῦς
891 4203 1156 4275 ἐκάθηρε,
1190 4202 1330 4274 μετά
1359 4203 1488 4267 τοὺς
1511 4203 1796 4276 δαίμονας,
1837 4203 1933 4268 οῦς
1965 4206 2076 4259 ἀπ..

480 4283 672 4372 ἠλασε,
693 4298 834 4370 μετά
849 4295 948 4368 τὴν
965 4295 1290 4367 θαυμαστὴν
1310 4297 1405 4349 καὶ
1421 4297 1686 4368 σωτήριον
1696 4298 2073 4363 διδασκαλίαν,

479 4393 634 4462 παρά
667 4393 767 4463 μὲν
797 4389 906 4445 τῶν
925 4388 1399 4463 εὖεργετηθέντων
1428 4387 1808 4461 έλαυνόμενον,
1834 4391 1987 4465 παρά
2017 4393 2075 4447 δὲ

477 4485 589 4539 τῶν
621 4487 677 4538 ὲν
707 4487 821 4548 τοίς
842 4482 1021 4536 ἔθνεσι
1058 4481 1557 4553 τιμῦμενον,ούδὲν
1586 4482 1823 4537 τοιοῦτον
1856 4483 2075 4538 εἰδότων

477 4577 604 4630 οὔτε
635 4575 975 4646 ἀκηκοότων,
1004 4574 1349 4643 θαυμάζωσι,
1371 4574 1694 4646 διαπορῶσι,
1716 4578 1812 4630 καὶ
1843 4578 2076 4633 ἀπιστον

479 4668 540 4721 τὸ
575 4669 808 4739 πρᾶγμα
839 4662 978 4719 εἶναι
1007 4663 1304 4736 νομίζωσιν
1324 4683 1339 4698 ⁸
1375 4665 1586 4721 ἀνωθεν
1621 4671 1716 4722 καὶ
1741 4670 1850 4740 πρὸ
1876 4670 2075 4726 πολλοῦ

478 4759 575 4812 τοῦ
604 4759 800 4830 χρόνου
833 4757 924 4810 διά
950 4757 1061 4810 τῶν
1090 4757 1295 4812 δούλων
1339 4757 1440 4830 τὴν
1482 4760 1787 4833 Ἰουδαῖκην
1818 4763 2077 4835 ἀγνωμο.

481 4850 650 4920 σύνην
677 4849 944 4912 διδάσκει,
982 4849 1080 4902 καὶ
1123 4849 1232 4903 τῶν
1261 4849 1433 4905 ὲθνῶν
1480 4852 1886 4928 φιλοφροσύνην
1929 4859 2079 4928 ἡμᾶς

480 4940 748 4995 παιδεύει.
799 4940 958 4995 Οὕτω
1007 4944 1140 5010 γοῦν
1195 4943 1288 4995 τὸν
1326 4943 1547 5015 Ἰωσὴφ,
1605 4946 1700 5010 οὓς
1743 4950 2079 5019 παρεγένετο

479 5033 698 5102 θρέψων
731 5035 960 5098 ἐκεῖνος,
987 5035 1080 5086 καὶ
1107 5033 1318 5088 ἀνελεῖν
1351 5037 1719 5111 ἐπεχείρησαν
1741 5081 1756 5106 ,
1788 5040 2079 5113 ἄνθρωπος

478 5125 536 5178 δὲ
591 5126 870 5198 βάρϐαρος
924 5129 1006 5190 εἰς
1035 5128 1304 5199 μεγίστην
1343 5130 1522 5199 ήγαγε
1559 5133 1748 5203 τιμήν.
1792 5133 1951 5189 Οὕτω
1986 5136 2078 5190 τὸν

481 5218 635 5293 1552]
671 5220 880 5274 Μωσὲα
910 5220 1204 5292 ἀπήλασαν
1232 5223 1282 5276 οί
1313 5223 1775 5296 εὐεργετηθέντες
1810 5228 2074 5297 Ἰουδαῖοι,

481 5311 779 5380 ὑπεδέξατο
795 5312 851 5367 δὲ
875 5313 1166 5385 ἄνθρωπος
1194 5315 1473 5389 βάρϐαρος
1507 5319 1731 5391 Ἱωθὼρ,
1755 5321 1848 5374 καὶ
1876 5320 2078 5392 πολλῆς

477 5402 643 5456 αὑτὸν
700 5405 1104 5478 φιλοφροσύνης
1144 5408 1398 5476 ήξίωσεν.
1447 5409 1606 5464 Οῦτω
1653 5410 1745 5464 τὸν
1773 5411 1937 5467 Δαυῖδ
1965 5415 2075 5466 ἀπ-

476 5497 646 5570 ήλασε
673 5500 775 5570 μὲν
793 5503 822 5554 ό
841 5501 1014 5554 Σαοὺλ
1034 5500 1174 5572 μετά
1190 5502 1290 5574 τὴν
1313 5502 1408 5556 τοῦ
1430 5504 1624 5558 Γολιὰθ
1649 5507 1915 5578 κεφαλὴν,
1938 5509 2078 5580 μετά

477 5590 606 5653 τοὺς
643 5592 873 5664 μυρίους
903 5593 1206 5658 κινδύνους,
1238 5594 1331 5660 οὓς
1370 5598 1466 5652 καὶ
1501 5599 1652 5670 αὐτῷ
1686 5601 1782 5653 καὶ
1824 5603 1890 5672 τῇ
1923 5601 2076 5655 πόλει

479 5679 742 5748 πολλάκις
769 5687 1146 5758 ἐπαγομένους
1175 5687 1366 5745 ἔλυσεν
1385 5707 1398 5722 ο
1427 5691 1725 5758 ὑπεδέξατο
1751 5694 1807 5748 δὲ
1848 5695 2075 5766 ’Δγχοὺς

477 5777 505 5830 δ
529 5776 827 5853 βαρϐάρων
874 5781 1151 5853 βασιλεὺς,
1197 5783 1292 5840 καί
1322 5787 1400 5852 εἰς
1439 5788 1640 5860 πολλὴν
1671 5790 1843 5860 ήγαγε
1878 5793 2069 5862 τιμήν.

1153 385 1212 442 s.
1252 383 1544 442 ιοΑΝΝιε
1577 339 2070 440 οιιιιγεοετοιιι

2174 381 2444 445 RCHIEP.
2483 387 3041 447 CONSTANTINOP.

3641 379 3752 442 ειε

2167 484 2325 540 Οὕτω
2356 487 2453 543 καὶ
2482 487 2580 544 νῦν
2630 489 2724 543 τὸν
2764 491 2953 546 ἰιλίαν
2984 491 3276 564 ἀπήλασαν
3328 493 3431 565 μὶν
3481 495 3753 562 Ἰουδαῖοι,

2166 567 2460 636 ὑπεδέξατο
2505 572 2563 627 δὲ
2595 574 2629 644 ή
2656 573 2826 646 χήρα.
2879 575 3050 628 Ὅταν
3075 570 3172 630 οὖν
3222 576 3339 650 ῐδῃς
3387 577 3482 632 τὸν
3511 579 3774 650 Χριστὸν,

2164 651 2604 724 ἀπελαυνόμενον
2663 657 2766 727 μὶν
2816 656 2972 728 παρά
3029 658 3232 722 αὐτῶν,
3269 660 3668 732 ὑποδεχόμενον
3695 662 3757 715 δᾶ

2166 734 2317 805 παρά
2355 735 2464 788 τῶν
2489 736 2684 798 ἐθνῶν.
2737 740 2944 796 ἀνωθεν
2971 741 3100 804 τοὺς
3147 741 3352 807 τύπους
3389 743 3758 815 καταμαθὼν,

2166 816 2244 888 μὴ
2293 817 2586 893 θαυμάσῃς
2637 822 2730 875 επὶ
2768 824 2871 894 τῆς
2926 824 3022 879 τοῦ
3080 824 3409 896 πράγματος
3467 828 3758 900 ἀληθείας.

2169 900 2450 964 Ἤκουσας
2479 902 2611 971 γοῦν
2641 904 2738 957 καὶ
2764 906 3033 976 ’σήμερον
3056 907 3160 961 ’τοῦ
3198 907 3438 980 Χριστοῦ
3474 908 3758 978 λέγοντος,

2164 983 2260 1035 καὶ
2291 980 2426 1037 αὐτὸ
2451 985 2610 1039 τοῦτο
2653 987 3051 1057 αἰνιττομένου.
3101 990 3246 1061 Πρδς
3278 991 3390 1061 7&9
3436 993 3564 1056 τοὺς
3621 995 3761 1049 ’1ου-

2164 1065 2349 1129 δαίους
2370 1066 2824 1138 δυσχεραίνοντας
2839 1070 3222 1142 διαλεγόμενος
3240 1073 3451 1144 ῐλεγεν,
3483 1075 3568 1130 δτι
3601 1079 3766 1131 Πολ.

2160 1146 2268 1200 λαί
2299 1147 2480 1217 χῆραι
2511 1147 2676 1222 ἦσαν
2695 1152 2767 1206 ἐν
2792 1153 2924 1221 ταῖς
2938 1153 3191 1224 ἡμέραις
3231 1155 3454 1224 Ἡλίου,
3481 1157 3765 1228 καὶπρὸς

2165 1231 2454 1302 οὐδεμίαν
2480 1235 2798 1306 ἀπεστάλη
2833 1238 3054 1305 Ἠλίας,
3090 1240 3146 1293 εἰ
3169 1239 3258 1308 μὴ
3287 1238 3440 1307 πρὸς
3486 1241 3610 1310 τὴν
3649 1240 3766 1312 χή-

2157 1332 2279 1384 ραν
2310 1314 2428 1384 τὴν
2469 1318 2542 1372 ἐν
2583 1320 2909 1388 Σαρεφθοῖς
2951 1318 3066 1387 τῆς
3107 1320 3392 1389 Σιδῶνος.
3441 1324 3585 1377 ’Δλλν
3629 1324 3766 1388 ῐσως

2166 1403 2343 1456 έκεῖνο
2360 1402 2427 1456 ἀν
2452 1420 2536 1467 τις
2557 1403 2933 1476 διαπορήσειε,
2955 1403 3009 1458 τί
3033 1404 3236 1476 δήποτε
3273 1405 3364 1458 τὸν
3393 1406 3538 1460 οὕτω
3577 1407 3764 1480 ζηλώ-

2168 1501 2340 1539 σαντα
2372 1486 2513 1558 ύπερ
2534 1487 2634 1556 τῆς
2661 1485 2754 1540 τοῦ
2789 1487 2925 1542 Θεοῦ
2947 1487 3105 1558 δόξης
3133 1487 3416 1543 θλίϐεσθαι
3449 1490 3548 1543 καὶ
3583 1507 3769 1546 στενο-

2167 1569 2464 1636 χωρεῖσθαι
2508 1568 2726 1638 ἀφῆκεν
2762 1570 2793 1622 ό
2819 1568 2973 1633 Θεὸς,
3011 1568 3110 1624 νῦν
3152 1570 3253 1640 μὲν
3287 1573 3370 1636 εἰς
3395 1570 3491 1625 τδν
3525 1573 3770 1646 χειμάρ-

2168 1649 2297 1717 ρουν
2329 1651 2583 1721 πέμπων,
2642 1650 2738 1705 νῦν
2773 1652 2833 1706 δι
2871 1652 3011 1724 πρὸς
3065 1652 3164 1724 τὴν
3197 1655 3377 1725 χήραν
3401 1696 3420 1722 ,
3468 1655 3566 1710 νῦν
3587 1657 3648 1712 ἢ
3678 1659 3768 1724 είς

2167 1733 2299 1789 ἀλλο
2327 1735 2527 1807 χωρίον
2549 1778 2564 1801 ,
2604 1735 2855 1809 καθάπερ
2891 1737 3016 1790 τινὰ
3069 1739 3418 1810 μετανάστην
3466 1740 3670 1806 τόπους
3697 1743 3768 1796 lx

2165 1815 2350 1870 τόπων
2377 1817 2626 1886 ἀμείϐειν
2681 1816 3141 1890 παρασκευάζων.
3181 1818 3308 1873 Ὀτι
3357 1818 3470 1891 7&9
3514 1821 3772 1877 έθλίϐετο

2167 1900 2266 1954 καὶ
2289 1902 2728 1972 έστενοχωρεῖτο,
2762 1901 2997 1956 ἄκουσον
3032 1904 3129 1958 καὶ
3172 1902 3269 1958 τοῦ
3321 1903 3542 1960 Παύλου
3575 1905 3770 1976 λέγον-

2166 1999 2259 2048 τος
2278 1981 2662 2053 ,Περιῆλθον
2691 1986 2761 2038 ἐν
2774 1986 3116 2054 μηλωταῖς,
3153 1989 3225 2041 ἐν
3248 1989 3498 2057 atq-dom
3546 1989 3772 2061 δέρμα·

2167 2084 2294 2134 σιν,
2336 2069 2787 2138 ὑστερούμενοι,
2839 2071 3200 2142 θλιϐόμενοι,
3256 2075 3766 2145 κακουχούμενοι.

2168 2151 2328 2216 Τίνος
2375 2147 2471 2206 οῦν
2502 2153 2690 2206 ῐνεκεν
2729 2151 3012 2209 θλίϐεσθαι
3041 2152 3204 2210 αὐτὸν
3239 2154 3661 2229 συνεχώρησενς
3701 2159 3771 2213 El

2173 2236 2273 2306 μὶν
2307 2236 2416 2307 7&9
2447 2237 2590 2307 ὑπὲρ
2639 2236 2751 2291 τῶν
2782 2238 2865 2301 εἰς
2907 2237 3072 2292 αὐτὸν
3107 2239 3535 2310 ἀμαρτημάτων.
3557 2239 3773 2314 ταύτην

2169 2317 2370 2389 ἀπῄτει
2422 2318 2551 2380 τοὺς
2616 2316 2904 2383 Ἰουδαίους
2946 2318 3050 2390 τήν
3101 2317 3280 2388 δίκην,
3312 2320 3544 2384 εἰκότως
3589 2321 3659 2377 ἂν
3682 2338 3775 2390 τις

2169 2399 2341 2473 εφησε
2366 2403 2435 2473 τῇ
2464 2401 2797 2474 στενοχωρίᾳ
2839 2401 2942 2473 τῆς
2979 2401 3216 2473 θλίψεως
3252 2403 3417 2458 αὐτὸν
3463 2404 3775 2476 λαμϐάνειν

2170 2489 2390 2556 πεῖραν,
2417 2483 2560 2538 ὥστε
2616 2484 2871 2554 γενέσθαι
2910 2487 3237 2558 πραότερον,
3291 2488 3386 2544 καὶ
3438 2487 3782 2560 καθυφεῖναι

2168 2568 2270 2639 τῆς
2298 2567 2602 2639 ὠμότητος.
2634 2567 2697 2620 Εἰ
2725 2567 2785 2621 δὲ
2807 2570 2907 2639 οὐχ
2940 2569 3084 2642 ὑπὲρ
3116 2568 3221 2624 τῶν
3249 2570 3332 2634 εἰς
3350 2569 3517 2626 αὐτὸν
3545 2573 3778 2644 γινομέ-

2171 2666 2278 2703 νων
2300 2650 2484 2712 αύτοῖς
2506 2649 2884 2720 μνησικακῶν,
2901 2650 3018 2705 ἀλλ’
3046 2651 3189 2724 ὑπὲρ
3214 2651 3316 2722 τῆς
3342 2655 3423 2717 εἰς
3442 2653 3539 2708 τὸν
3560 2653 3777 2708 Δεσπό-

2170 2747 2272 2802 την
2303 2731 2560 2796 ἀσεϐείας
2589 2731 2686 2787 καὶ
2714 2729 2926 2804 ῦϐρεως
2943 2734 3269 2805 τηκόμενος,
3309 2733 3516 2807 ταύτην
3543 2735 3767 2807 ἀπήγαο

2171 2831 2269 2884 γεν
2301 2815 2489 2879 αὐτοῖς
2508 2815 2609 2887 τήν
2641 2816 2957 2889 συμφοράν,
2977 2818 3123 2882 τίνος
3147 2816 3334 2874 ῑνεκεν
3356 2818 3454 2874 καὶ
3474 2819 3646 2884 αὐτὸς
3661 2835 3776 2874 κοι-

2172 2899 2332 2951 νωνεῖ
2360 2897 2471 2951 τῶν
2503 2897 2717 2963 δεινῶν,
2753 2899 2850 2952 καὶ
2873 2899 2977 2955 οὐκ
3001 2899 3266 2955 ἀπολαύει
3313 2900 3520 2973 πολλῆς
3539 2901 3645 2974 τῆς
3672 2903 3779 2958 ἀν-

2175 2980 2346 3044 έσεως
2375 2981 2471 3034 καὶ
2492 2981 2712 3047 ἀδείας;
2737 2977 2863 3034 ’0τί
2892 2982 2940 3036 εἰ
2973 2982 3083 3036 τῶν
3103 2981 3282 3038 ἀλλων
3312 2985 3782 3058 κακουχουμένων

2173 3065 2271 3119 καὶ
2295 3065 2374 3136 τῷ
2391 3063 2539 3137 λιμῷ
2566 3065 3055 3138 διαφθειρομένων,
3079 3065 3244 3131 αὐτὸς
3265 3067 3506 3132 ἀνέσεως
3529 3067 3630 3123 καὶ
3645 3084 3782 3140 τραν-

2176 3147 2354 3219 πέζης
2386 3148 2630 3204 ἀπέλαυε
2661 3147 2945 3214 πλουσίας,
2973 3147 3106 3213 ἴσως
3129 3148 3198 3205 ἀν
3227 3165 3312 3213 τις
3345 3149 3600 3223 ένόμισεν
3619 3151 3779 3222 ὠμό-

2172 3235 2335 3303 τητος
2360 3227 2500 3285 εῖναι
2553 3230 2614 3286 τὺ
2644 3233 3036 3304 γεγενημένον.
3068 3233 3399 3306 Θαυμαστὸν
3447 3233 3559 3308 7&9
3617 3235 3784 3289 οὐδέν

2175 3314 2371 3378 ἐδόκει,
2402 3314 2660 3387 εὐθηνίας
2698 3315 3064 3383 ἀπολαύοντα,
3092 3319 3207 3382 τοῖς
3255 3315 3562 3389 ἀλλοτρίοις
3581 3316 3782 3390 έντρυ-

2177 3400 2284 3469 φᾷν
2309 3402 2524 3463 κακοῖς.
2557 3399 2658 3453 Διά
2687 3397 2849 3454 τοῦτο
2874 3402 2905 3455 ό
2931 3399 3066 3464 Θεὸς
3095 3399 3262 3455 αὐτὸν
3299 3400 3482 3472 ἀφῆκε
3508 3400 3782 3473 κοινωνῆ-

2179 3496 2271 3534 σαι
2294 3481 2397 3551 τῆς
2419 3485 2728 3554 συμφορᾶς,
2751 3481 2849 3536 καὶ
2870 3484 3066 3555 πεῖραν
3087 3481 3279 3538 λαϐεῖν
3300 3483 3412 3549 τῶν
3443 3481 3783 3554 συμϐάντων

2176 3564 2392 3628 δεινῶν,
2425 3565 2522 3620 καὶ
2547 3568 2839 3636 μετασχεῖν
2863 3565 2958 3620 τοῦ
2998 3565 3160 3638 λιμοῦ
3187 3606 3204 3633 ,
3239 3566 3329 3622 ἵνα
3373 3565 3555 3640 μάθῃς
3595 3565 3680 3620 ὅτι
3709 3565 3782 3620 οὒ

2177 3645 2355 3717 λιμὸς,
2385 3647 2524 3702 ἀλλά
2551 3648 2691 3713 θεῖος
2741 3644 2812 3720 ἦν
2850 3649 3012 3720 ζῆλος
3038 3651 3171 3722 παρ’
3223 3649 3396 3721 αὐτῷ.
3444 3650 3522 3703 ού
3557 3648 3674 3722 7&9
3708 3648 3783 3704 ἀν

2179 3730 2352 3784 είλετο
2377 3731 2882 3803 στενοχωρούμενος
2915 3730 3082 3796 οὕτω,
3112 3732 3207 3785 καὶ
3227 3731 3650 3804 ὑστερούμενος,
3678 3733 3782 3788 καὶ

2179 3811 2518 3885 θλιϐόμενος,
2554 3816 2651 3868 καὶ
2679 3812 3145 3885 κακουχούμενος,
3174 3814 3250 3886 μὴ
3293 3812 3457 3868 λῦσαι
3485 3817 3586 3885 τήν
3613 3815 3779 3870 άπειο

2179 3897 2298 3970 λὴν,
2331 3899 2379 3950 εἰ
2411 3897 2487 3969 μὴ
2515 3898 2627 3951 ἀπὸ
2649 3897 2845 3951 πολλοῦ
2874 3897 2969 3951 τοῦ
2994 3897 3156 3969 ζήλου
3182 3897 3282 3970 τὴν
3311 3899 3590 3969 μακαρίαν
3621 3898 3778 3953 έκείο

2179 3998 2276 4052 νην
2301 3981 2483 4051 ἀφῆκε
2535 3982 2739 4052 φωνήν.
2780 3981 2982 4053 Διόπερ
3002 3981 3097 4035 καὶ
3117 3981 3269 4052 ήδιον
3295 3976 3365 4052 ἦν
3396 3979 3547 4051 αύτῷ
3590 3997 3782 4035 στενο-

2178 4064 2502 4136 χωρεῖσθαι,
2538 4065 2634 4119 καὶ
2656 4063 3165 4135 σωφρονιζομένους
3188 4063 3388 4128 αὐτοὺς
3418 4064 3575 4136 όρᾷν,
3607 4063 3643 4135 ή
3670 4065 3783 4137 τῆς

2178 4149 2427 4221 ἀνάγκης
2457 4148 2874 4218 ἀπαλλαγέντας
2922 4151 3023 4221 τῆς
3074 4147 3454 4222 έπικειμένης,
3486 4148 3629 4220 πρὸς
3673 4147 3789 4221 τήν

2180 4233 2457 4304 προτέραν
2489 4232 2748 4288 ἀσέϐειαν
2769 4231 3169 4295 έπανελθόντας
3193 4231 3343 4286 ἰδεῖν.

2252 4359 2596 4425 ς⁹.Τοιαῦται
2611 4360 2722 4433 γὰρ
2741 4359 3022 4431 πανταχοῦ
3034 4359 3144 4414 τῶν
3156 4359 3329 4429 ἀγίων
3341 4360 3396 4413 αί
3412 4359 3604 4431 ψυχαί·
3632 4359 3782 4431 ὑπὲρ

2179 4443 2282 4513 τῆς
2313 4442 2515 4516 ἑτέρων
2537 4443 2878 4515 διορθώσεως
2911 4444 3012 4515 τὴν
3051 4443 3261 4497 ἑαυτῶν
3300 4443 3603 4513 ἀσφάλειαν
3640 4459 3782 4516 προ-

2178 4527 2436 4581 διδόασιν.
2474 4528 2590 4581 Ἴνα
2627 4523 2720 4581 οῦν
2756 4529 2830 4600 μή
2863 4546 2947 4592 τις
2980 4528 3134 4602 λέγῃ,
3162 4529 3246 4583 δτι
3274 4526 3364 4581 διὰ
3383 4526 3482 4599 τήν
3509 4527 3781 4598 ὠμότητα

2181 4612 2426 4666 ἐπέτεινε
2458 4612 2552 4666 τὸν
2597 4613 2778 4685 λιμὸν.
2811 4613 3033 4684 ἀφῆκεν
3083 4612 3247 4668 αὑτὸν
3293 4613 3624 4683 κοινωνῆσαι
3675 4611 3783 4667 τοῦ

2179 4695 2364 4766 λιμοῦ,
2393 4698 2480 4750 ἵνα
2513 4696 2692 4768 μάθῃς
2728 4696 2824 4750 τοῦ
2853 4699 3136 4770 προφήτου
3158 4695 3256 4767 τὴν
3280 4696 3618 4767 φιλοσοφίαν.
3660 4697 3780 4753 Καὶ

2185 4776 2335 4850 [555]
2375 4779 2544 4850 χωρὶς
2573 4779 2766 4833 τούτου
2799 4780 2877 4845 δὲ,
2909 4780 3098 4850 ἐπειδὴ
3125 4779 3287 4834 εἴωθέ
3311 4780 3483 4851 πωςή
3514 4779 3623 4833 τῶν
3642 4779 3781 4833 θαυ-

2185 4862 2373 4932 μάτων
2412 4860 2578 4932 φύσις
2606 4863 2732 4927 τούς
2781 4881 2841 4917 τε
2891 4863 3444 4938 θαυματουργοῦντας
3501 4863 3779 4936 έπαίρειν,

2182 4946 2308 5011 τούς
2341 4964 2401 5000 τε
2457 4946 2704 5018 δρῶντας
2739 4947 2997 5019 θαύματα
3045 4949 3270 5020 μείζονα
3296 4949 3396 5019 τῆς
3422 4946 3784 5020 ἀνθρωπίνης

2184 5030 2400 5098 φύσεως
2425 5030 2554 5102 περὶ
2584 5031 2764 5084 αὐτῶν
2781 5030 2960 5085 πείθει
2991 5033 3226 5085 ἐπινοεῖν
3247 5049 3260 5062 ·
3286 5032 3379 5085 καὶ
3401 5031 3574 5084 ταῦτα
3595 5031 3784 5102 ἀμφό-

2181 5131 2316 5185 τερα
2345 5113 2714 5187 διωρθώσατο,
2748 5115 2846 5186 τὴν
2893 5117 2993 5186 τῆς
3023 5114 3241 5185 φύσεως
3273 5114 3572 5182 ἐναλλάξας
3607 5114 3782 5169 ἀσθέ-

2180 5215 2348 5254 νειαν.
2382 5199 2492 5252 Καὶ
2513 5199 2594 5252 ὃτι
2629 5197 2801 5252 ταῦτα
2828 5198 3001 5262 οῦτως
3024 5199 3158 5270 ἔχει,
3192 5198 3256 5252 ὲκ
3282 5201 3380 5269 τῆς
3425 5197 3522 5253 τοῦ
3558 5196 3782 5252 Παύλου

2183 5283 2368 5354 φωνῆς
2399 5283 2582 5355 ῥᾴδιον
2618 5283 2832 5355 μαθεῖν.
2859 5285 2986 5337 Ὅτι
3024 5284 3124 5355 μὲν
3150 5284 3261 5355 γὰρ
3295 5283 3513 5352 ἐπαίρει
3545 5283 3615 5337 τὰ
3639 5282 3778 5336 θαύ-

2185 5385 2350 5438 ματα,
2381 5367 2611 5422 ἄκουσον
2631 5366 2686 5420 τί
2711 5384 2844 5439 φησι
2862 5383 2877 5398 ο
2905 5369 3020 5422 Καὶ
3047 5365 3124 5438 τῇ
3149 5366 3460 5436 ὑπερϐολῇ
3481 5367 3602 5419 τῶν
3626 5366 3782 5421 dao-

2181 5458 2512 5525 καλύψεων
2543 5457 2646 5512 ἵνα
2686 5457 2772 5528 μὴ
2816 5460 3243 5527 ὑπεραίρωμαι,
3285 5455 3466 5522 ἐδόθη
3500 5473 3603 5525 μοι
3632 5457 3788 5510 σκόο

2179 5543 2310 5609 1015-
2353 5538 2428 5608 τῇ
2451 5541 2652 5609 σαρκὶ,
2689 5540 2946 5611 ἄγγελος
2981 5540 3201 5600 Σατᾶν.
3225 5544 3325 5595 ἵνα
3348 5559 3425 5611 με
3454 5536 3774 5608 κολαφίζῃ.

2183 5624 2307 5677 Ὀτι
2335 5624 2394 5678 δὲ
2418 5625 2513 5678 καὶ
2549 5625 2674 5689 τοὺς
2693 5625 2939 5696 ὁρῶντας
2965 5625 3036 5679 τά
3058 5625 3315 5696 θαύματα
3338 5624 3434 5678 καὶ
3459 5625 3588 5687 τοὺς
3607 5621 3778 5677 ἀκούν-

2181 5726 2339 5773 οντας
2404 5709 2628 5779 μείζονα
2659 5711 2836 5765 πείθει
2881 5711 3014 5782 περί
3063 5710 3174 5763 τῶν
3206 5709 3788 5780 θαυματουργούντων

2181 5793 2438 5859 ἐπινοεῖν,
2473 5793 2567 5848 καὶ
2610 5793 2771 5848 τοῦτο
2818 5795 3032 5851 ἐκεῖθεν
3072 5793 3253 5868 δῆλον.
3290 5794 3474 5849 Εἰπὼν
3499 5795 3610 5872 7&9
3648 5793 3782 5860 περί

3858 761 3914 768 α.-
