4074 6392
353 383 445 439 3H
1600 385 1666 442 IN
1704 384 1933 443 llELlAl

2041 384 2096 441 ιτ
2139 390 2176 446 γ
2192 377 2425 443 ιυυΑι

353 513 470 555 ctus
503 500 782 567 eastinxit,
826 499 921 557 sed
950 501 1133 558 videre
1159 509 1277 557 erat
1304 500 1356 555 in
1384 512 1540 569 portu
1570 499 1904 571 naufragium
1928 542 1944 567 ,

352 591 588 662 iniquam
620 592 673 647 in
703 602 982 653 senectute
1005 592 1373 665 cupiditatem.
1419 594 1489 648 At
1513 607 1621 648 non
1648 591 1754 648 huc
1782 608 1949 663 usque

353 692 558 738 tantum
585 699 865 755 progressa
896 694 980 742 est
1007 686 1219 742 illorum
1248 685 1581 756 improbitas,
1622 686 1713 742 sed
1744 694 1799 741 et
1825 701 1948 741 cum

354 775 494 831 ﬁlias
544 791 672 834 suas
734 778 1052 833 traditurum
1100 794 1160 834 se
1210 777 1310 833 Lot
1350 778 1715 848 polliceretur,
1761 792 1830 832 ne
1872 778 1951 832 sic

349 864 566 935 quidem
611 877 971 931 recesserunt,
1032 869 1127 923 sed
1165 870 1426 939 urgebant
1470 869 1708 925 dicentes
1749 885 1853 923 non
1888 885 1950 924 se

350 956 500 1026 prius
543 972 703 1027 quam
733 959 877 1012 viros
903 961 1237 1029 accepissent
1265 974 1602 1025 recessuros;
1635 975 1800 1030 seque
1827 975 1951 1029 gra-

348 1048 567 1105 vissima
595 1050 834 1104 illaturos
877 1050 1016 1106 mala
1052 1052 1395 1107 minabantur
1434 1053 1505 1119 ei,
1552 1052 1643 1123 qui
1676 1063 1734 1107 ut
1762 1052 1947 1123 hospi-

350 1140 493 1196 tibus
520 1141 779 1197 honorem
805 1142 1059 1205 deferret.
1088 1145 1222 1199 ﬁlias
1243 1162 1369 1202 suas
1399 1162 1457 1202 se
1487 1146 1806 1215 promiserat
1834 1155 1947 1201 tra-

348 1230 605 1288 diturum.
643 1234 806 1289 Vides
835 1246 893 1291 nt
919 1238 1066 1292 omni
1105 1253 1170 1293 ex
1216 1246 1366 1308 parte
1406 1238 1805 1294 Sodomitarum
1850 1252 1946 1292 ne-

348 1323 570 1391 quitiam
602 1324 1010 1394 demonstrarit,
1060 1344 1125 1384 ac
1150 1328 1345 1384 deinde
1375 1344 1590 1398 pcenam
1617 1330 1719 1384 illis
1752 1327 1948 1383 tntuic-

349 1415 461 1469 rit'l
518 1415 597 1473 Ne
652 1419 798 1474 enim
860 1430 1043 1489 postea
1100 1438 1221 1477 cum
1274 1438 1369 1478 eos
1413 1423 1634 1477 allectos
1680 1422 1947 1493 supplicio

348 1504 581 1573 videris,
648 1519 868 1579 propter
924 1513 1245 1569 calamitatis
1288 1514 1705 1583 magnitudinem
1764 1515 1946 1568 animo

347 1593 630 1665 frangaris,
671 1615 843 1670 neque
880 1618 1001 1657 cum
1043 1604 1147 1657 illis
1178 1604 1343 1659 Deum
1392 1619 1633 1668 accuses,
1682 1604 1776 1659 sed
1826 1604 1945 1659 illos

344 1699 467 1740 cum
516 1686 625 1741 Deo
667 1690 1029 1757 eondenmes,
1094 1705 1251 1750 antea
1299 1695 1665 1751 demonstrata
1730 1695 1943 1750 illorum

345 1776 687 1846 improbitate
714 1798 930 1839 omnem
976 1802 1099 1856 erga
1131 1786 1249 1842 illos
1279 1789 1661 1843 misericordia:
1704 1787 1944 1843 occasio-

346 1885 470 1925 nem
512 1874 821 1943 praeripuit,
855 1885 912 1930 et
942 1892 1039 1932 nos
1079 1879 1147 1932 ab
1176 1878 1325 1932 omni
1368 1878 1837 1934 commiseratione
1889 1878 1943 1932 in

344 1963 469 2020 illos
514 1969 777 2022 avocavit.
825 1969 978 2037 Quod
1017 1980 1073 2025 et
1121 1985 1261 2025 nunc
1298 1986 1421 2040 erga
1462 1970 1777 2040 prophetam
1811 1983 1946 2038 prte-

342 2054 501 2108 stitit.
547 2055 625 2110 Ne
668 2060 807 2114 fame
854 2058 1133 2115 conlectos
1176 2061 1389 2115 intuens
1436 2060 1652 2116 Iudaeos
1693 2059 1942 2127 dolens,

344 2144 734 2202 immanitatem
784 2149 995 2205 illorum
1038 2166 1094 2206 et
1135 2150 1505 2207 crudelitatem
1555 2152 1832 2218 ostendit,
1889 2158 1947 2207 et

342 2250 502 2302 quam
538 2253 662 2291 raro
698 2240 926 2296 comiter
956 2243 1267 2313 peregrinos
1296 2244 1625 2313 exciperent.
1652 2245 1767 2299 Non
1799 2245 1942 2301 enim

340 2326 517 2383 solum
548 2331 864 2400 prophetam
896 2340 1004 2389 non
1034 2347 1416 2406 susceperunt,
1472 2337 1571 2393 sed
1599 2347 1655 2393 et
1685 2354 1745 2394 se
1775 2340 1943 2395 inter-

341 2415 581 2475 fecturos
613 2424 956 2479 minabantur
982 2442 997 2479 :
1029 2424 1080 2481 id
1122 2428 1267 2498 quod
1299 2443 1363 2483 ex
1396 2413 1493 2484 D-ei
1525 2429 1701 2485 verbis
1731 2430 1941 2500 colligi-

341 2516 447 2563 tnr.
480 2508 598 2567 Non
640 2513 784 2567 enim
824 2516 898 2569 ait
944 2525 1171 2582 tantum,
1224 2518 1439 2584 Recede,
1487 2520 1581 2577 sed
1606 2522 1789 2586 etiam,
1833 2522 1938 2580 Αι-

339 2599 585 2655 scondere
634 2601 723 2673 (3.
771 2602 899 2675 Reg.
933 2607 1021 2661 17.
1050 2606 1148 2679 3).
1191 2609 1307 2665 Non
1355 2610 1555 2667 sullicit
1598 2612 1667 2668 ad
1712 2614 1939 2668 salutem

340 2687 480 2761 fuga,
532 2692 627 2747 sed
656 2702 713 2749 et
744 2706 956 2766 oportet
981 2708 1038 2753 ut
1068 2711 1120 2757 te
1144 2702 1429 2774 diligenter
1454 2705 1693 2760 occultes
1725 2724 1738 2760 :
1773 2721 1941 2775 popu-

338 2775 423 2833 lus
463 2781 662 2852 quippe
705 2782 958 2843 Judaicus
986 2798 1104 2855 est,
1139 2792 1366 2862 populus
1404 2794 1719 2865 sanguinem
1751 2796 1939 2852 sitiens

336 2868 758 2941 prophetarum,
800 2883 855 2931 et
899 2877 951 2931 in
1000 2881 1201 2936 sanctis
1247 2884 1505 2938 necandis
1548 2886 1873 2941 exercitatus
1918 2904 1934 2944 :

334 2973 553 3030 semper
579 2978 769 3019 manus
791 2982 917 3022 suas
944 2971 1256 3041 prophetico
1286 2974 1545 3044 sanguine
1565 2986 1933 3034 cruentarum.

336 3048 407 3105 Et
433 3066 558 3107 cum
590 3054 740 3111 illum
784 3058 996 3129 quidem
1040 3064 1320 3118 emittebat
1364 3080 1429 3120 ex
1476 3063 1681 3127 Judzca,
1720 3064 1863 3121 Vade
1889 3077 1936 3122 et

334 3144 661 3215 abscondere,
700 3149 871 3221 inquit
898 3170 913 3205 :
942 3168 1061 3209 cum
1092 3166 1270 3210 autem
1299 3155 1365 3209 ad
1401 3156 1613 3212 viduam
1643 3159 1887 3215 mittebat
1918 3178 1933 3216 :

335 3232 483 3305 Ego,
532 3239 739 3310 inquit,
788 3242 868 3297 illi
913 3245 1168 3300 mandabo
1214 3246 1393 3319 (Ibid.
1422 3265 1471 3303 υ.
1499 3248 1579 3319 9).
1627 3250 1820 3317 Vides,
1876 3260 1937 3309 ut

335 3325 460 3383 inde
494 3330 713 3399 quidem
742 3332 1032 3404 fugientem
1058 3337 1245 3406 juheat
1285 3339 1415 3395 illud
1454 3355 1575 3395 cum
1609 3343 1774 3397 multa
1809 3357 1935 3398 cau-

334 3417 479 3471 tione
515 3431 802 3489 prtestare;
832 3424 936 3481 huc
958 3435 1135 3483 autem
1163 3428 1557 3501 confugientem
1589 3448 1780 3502 magna
1810 3448 1932 3489 cum

331 3506 526 3562 ﬁducia
560 3514 837 3584 praecipiat
865 3528 921 3573 et
945 3521 1234 3576 securitate
1258 3520 1576 3579 discedere?

401 3600 459 3655 5.
501 3600 605 3656 Car
633 3606 697 3658 ab
723 3608 840 3662 aliis
870 3611 1086 3681 ejecta,
1111 3628 1143 3665 a
1168 3613 1322 3667 uidua
1364 3626 1626 3685 susceptas
1657 3616 1931 3687 propheta;

329 3706 425 3744 cur
456 3690 662 3749 Heliam
688 3695 829 3754 Deus
871 3701 1025 3773 afﬂigi
1048 3704 1237 3759 siverit.
1272 3736 1341 3746 —
1367 3706 1549 3778 Neque
1578 3709 1753 3764 solum
1786 3709 1887 3767 hoc
1908 3754 1927 3781 ,

329 3785 425 3840 sed
454 3796 510 3841 et
533 3788 674 3843 aliud
703 3808 799 3861 per
828 3792 969 3850 hunc
999 3796 1273 3867 propheta:
1301 3800 1588 3857 adventum
1618 3802 1684 3858 ad
1716 3804 1928 3861 viduam

332 3877 567 3943 providit
599 3895 663 3935 ac
692 3880 979 3953 disposuit.
1011 3884 1091 3941 Nc
1113 3889 1254 3943 enim
1284 3901 1467 3959 postea
1497 3907 1619 3947 cum
1654 3893 1926 3951 Christum

330 3967 573 4022 nonnulli
602 3982 885 4029 cernerent
915 3985 1035 4044 post
1083 3978 1245 4031 multa
1276 3988 1331 4035 et
1371 3980 1632 4039 immensa
1671 3985 1926 4043 beneﬁcia

329 4057 383 4111 in
426 4056 663 4115 Judzeam
706 4064 935 4132 collata,
989 4078 1108 4137 post
1157 4070 1467 4129 innumeros
1510 4086 1752 4133 mortuos
1789 4097 1929 4151 quos

328 4150 715 4221 suscitarent,
771 4167 891 4226 post
931 4176 1137 4227 ezecos,
1180 4166 1333 4234 queis
1355 4166 1526 4222 visum
1579 4150 1924 4245 restituerat,

328 4252 453 4338 post
476 4244 734 4315 leprosos,
769 4266 903 4321 quos
937 4254 1304 4324 mundaverat,
1336 4273 1456 4329 post
1476 4262 1927 4338 daemonesquos

326 4333 595 4428 eiecerat,
625 4347 745 4406 post
773 4341 1137 4399 admirabilem
1165 4348 1559 4421 salutaremque
1603 4333 1924 4428 doctrinam,

325 4425 396 4478 ab
424 4424 546 4491 illis,
580 4445 716 4497 quos
756 4432 1068 4491 devinxerat
1095 4438 1387 4501 benellciis.
1420 4460 1541 4500 esse
1574 4460 1844 4518 vexatum,
1868 4424 1925 4509 ct

326 4530 357 4570 a
387 4518 675 4585 gentilibus
708 4521 913 4581 honore
942 4528 1212 4597 allectum,
1244 4535 1333 4602 qui
1365 4534 1497 4590 nihil
1535 4539 1795 4604 viderant,
1827 4559 1925 4600 nec

324 4607 675 4678 audiverant,
708 4616 1060 4681 mirarentur,
1092 4621 1421 4690 dubitarent,
1450 4637 1504 4683 et
1548 4646 1661 4685 rem
1691 4648 1811 4688 esse
1842 4634 1925 4689 in-

322 4700 633 4761 credibilem
654 4705 1023 4767 existimarent
1046 4733 1057 4767 :
1080 4717 1226 4784 prius
1247 4735 1311 4774 ac
1338 4721 1503 4775 multo
1530 4734 1654 4778 ante
1684 4737 1923 4796 tempore

324 4807 421 4861 per
448 4809 637 4853 servos
666 4814 813 4867 suos,
841 4811 896 4857 et
924 4819 1083 4874 quam
1128 4808 1355 4877 improbi
1398 4812 1597 4869 fuerint
1627 4817 1794 4872 Judaei
1822 4834 1920 4875 nos

320 4881 498 4949 docet,
522 4898 575 4941 et
595 4904 759 4959 quam
790 4908 973 4951 comes
998 4907 1052 4951 et
1080 4896 1297 4955 humani
1333 4903 1525 4959 fuerint
1565 4910 1793 4977 gentiles
1822 4928 1920 4965 nos

322 4979 558 5076 Instruit.
584 4981 671 5037 Sic
697 4986 948 5042 nimirum
980 4998 1033 5043 et
1062 4988 1259 5062 loseph
1293 4993 1389 5056 illi,
1422 4998 1612 5066 quibus
1642 5002 1754 5069 ipse
1781 5003 1920 5057 ciba-

320 5071 399 5123 ria
450 5071 853 5131 ministraturus
906 5079 1233 5148 advenerat,
1266 5086 1428 5140 ctiam
1487 5104 1679 5145 necare
1738 5095 1914 5148 conati

318 5158 447 5219 sunt
480 5182 493 5217 :
524 5163 682 5220 homo
701 5177 880 5223 autem
907 5168 1161 5228 barbarus
1193 5176 1245 5229 in
1277 5193 1544 5234 summum
1575 5182 1722 5237 illum
1748 5183 1919 5240 hono-

315 5266 435 5309 rem
482 5260 678 5310 evexit.
730 5258 845 5313 Non
904 5262 1059 5317 aliter
1115 5264 1391 5337 Moysem,
1445 5287 1604 5341 quem
1656 5274 1915 5332 bcnclicio

314 5343 489 5401 allecti
520 5349 772 5416 expulere
798 5352 967 5408 Judaei
990 5396 1003 5417 ,
1037 5353 1198 5411 homo
1241 5360 1497 5416 barbarus
1526 5365 1716 5421 Jotltor
1758 5385 1915 5424 exec-

315 5434 428 5504 pit,
458 5446 511 5491 et
552 5441 771 5495 multatn
819 5443 871 5496 in
922 5461 1042 5499 cum
1089 5450 1391 5506 comitatem
1425 5465 1477 5507 ct
1526 5456 1912 5515 humanitatem

315 5521 580 5584 exhibuit.
619 5532 707 5587 Sic
737 5533 990 5592 Davidem
1020 5538 1143 5594 Sani
1184 5553 1302 5610 post
1340 5557 1669 5615 amputatum
1699 5550 1911 5607 Goliath

318 5631 479 5687 caput
508 5622 685 5691 ejecit,
709 5637 829 5695 post
858 5630 1005 5685 mille
1029 5633 1263 5700 pericula
1288 5653 1406 5705 qum
1430 5640 1496 5691 ab
1521 5639 1635 5707 ejus
1657 5643 1911 5697 civitatis-

312 5728 417 5779 que
433 5715 733 5771 cervicibus
756 5734 897 5791 saepe
916 5722 1220 5791 depulerat:
1246 5728 1463 5783 Auchus
1481 5742 1657 5786 autem
1684 5751 1771 5788 rex
1800 5735 1911 5791 bar-

314 5810 564 5865 barorum
611 5815 834 5883 excepit,
870 5827 919 5870 ct
969 5818 1017 5872 in
1052 5822 1580 5893 magnumhonorcm
1612 5828 1803 5884 evexit.
1832 5828 1902 5884 itu

3551 380 3662 441 3d!

2057 514 2201 555 nunc
2228 498 2390 556 etiam
2419 500 2625 556 Heliam
2653 500 2908 570 expulere
2932 498 3128 565 .ludzei,
3153 496 3249 554 sed
3280 494 3435 555 vidua
3465 516 3657 560 susce-

2056 591 2159 661 pit.
2185 591 2412 658 Quando
2439 592 2601 663 igitur
2627 590 2902 648 Cbristum
2933 592 3002 647 ah
3031 592 3138 649 illis
3158 592 3434 663 repulsum
3460 592 3660 650 videris

2054 692 2339 753 exceptum
2369 698 2399 739 a
2423 682 2696 754 gentibus,
2718 683 3107 739 animadversis
3146 694 3304 739 antea
3336 680 3553 755 ﬁguris,
3586 698 3658 739 ne

2054 775 2371 845 prodentem
2418 791 2481 832 se
2524 776 2603 832 rei
2652 777 2933 833 veritatem
2986 776 3219 831 mireris.
3269 775 3476 831 Audisti
3526 788 3660 846 ergo

2052 867 2328 925 Christum
2385 868 2549 926 hodie
2594 870 2900 930 dicentem.
2929 878 2985 925 et
3030 870 3133 927 hoc
3187 870 3361 942 ipsum
3412 866 3660 925 subindi-

2053 968 2289 1014 cantem.
2320 960 2455 1016 Cum
2486 962 2632 1017 enim
2652 961 2869 1017 Judzros
2901 962 3241 1032 indignantes
3267 960 3657 1030 ailoqueretur,

2052 1048 2287 1117 dicebat,
2319 1050 2499 1106 llaltc
2521 1053 2689 1107 uidete
2710 1054 2924 1106 erantin
2945 1052 3122 1107 diebus
3142 1049 3310 1106 Helia
3328 1092 3342 1115 ,
3367 1059 3417 1104 et
3444 1049 3513 1104 ad
3539 1050 3658 1103 ual-

2053 1141 2371 1199 ldm'missue
2399 1154 2472 1198 est
2507 1142 2721 1210 Helias,
2766 1144 2863 1199 nisi
2906 1146 2978 1198 ad
3028 1144 3257 1211 uiduam,
3287 1158 3400 1213 quc
3445 1151 3554 1196 erat
3602 1143 3658 1195 in

2054 1233 2363 1301 Sareplttltis
2392 1235 2603 1291 Sidonis
2631 1234 2783 1308 (Lac.
2817 1237 2871 1291 Α.
3049 1234 3154 1290 Sed
3185 1243 3395 1306 queret
3430 1234 3661 1290 fortasse

2051 1326 2339 1395 quispiam,
2372 1342 2531 1397 quam
2563 1326 2632 1380 ob
2651 1342 2869 1383 causam
2903 1342 3027 1382 eum
3068 1326 3159 1395 qui
3197 1334 3401 1381 tantum
3431 1342 3530 1397 pro
3560 1322 3659 1380 Dei
3684 1386 3701 1397 η

2050 1418 2219 1488 gloria
2250 1419 2423 1473 zelum
2458 1432 2567 1489 prae
2598 1434 2658 1474 se
2686 1420 2919 1486 tulerat,
2944 1418 3131 1473 vexari
3163 1417 3305 1473 Deus
3348 1416 3658 1489 permiserit

2051 1519 2106 1565 et
2157 1509 2319 1580 afﬂigi
2346 1552 2361 1576 ,
2389 1527 2512 1565 cum
2558 1526 2683 1566 eum
2728 1511 2795 1565 ad
2829 1520 3128 1567 torrentem
3175 1524 3319 1566 nunc
3375 1508 3654 1574 mitteret,

2051 1620 2195 1660 nunc
2220 1606 2286 1659 ad
2316 1604 2551 1669 viduam,
2578 1622 2719 1660 nunc
2754 1606 2916 1661 alium
2946 1605 2998 1659 in
3032 1604 3230 1670 locum,
3260 1612 3533 1674 tamquam
3560 1616 3657 1657 cx-

2051 1698 2225 1751 sulem
2287 1697 2573 1768 quemdam
2628 1698 2813 1752 volens
2882 1697 3057 1751 locum
3107 1711 3175 1752 ex
3234 1696 3353 1750 loco
3423 1703 3653 1749 mutare.

2054 1786 2315 1841 Vexatum
2363 1788 2508 1843 enim
2550 1797 2605 1843 et
2660 1788 2915 1842 afflictum
2958 1785 3125 1842 fuisse
3168 1786 3294 1842 audi
3342 1799 3449 1856 quo
3497 1792 3656 1854 pacto

2052 1880 2250 1937 Paulus
2276 1881 2438 1936 etiam
2462 1890 2726 1939 testetur‘.
2759 1879 3079 1934 Circuierunt
3105 1879 3159 1933 in
3181 1878 3399 1943 melotis,
3418 1876 3470 1930 in
3498 1876 3654 1947 pelli.

2052 1974 2145 2025 bats
2176 1971 2420 2041 caprinis,
2445 1981 2664 2043 egentes,
2698 1971 2994 2042 angustiati,
3024 1969 3197 2039 amicti
3226 1966 3381 2039 (Heb.
3416 1968 3501 2021 Η.
3530 1965 3651 2036 37).

2049 2060 2158 2118 Cur
2204 2063 2366 2133 igitur
2410 2062 2560 2118 illum
2604 2062 2728 2118 sivit
2754 2062 2919 2132 afliigi
2945 2059 2969 2114 τ
2998 2060 3129 2115 Nam
3156 2058 3440 2131 siquidem
3483 2058 3556 2113 ob
3582 2071 3648 2114 ea

2052 2162 2271 2225 peccata
2301 2168 2421 2224 qua:
2444 2153 2498 2208 in
2527 2152 2701 2223 ipsum
2732 2151 3081 2217 admiserant,
3111 2149 3207 2205 bas
3236 2164 3267 2204 a
3300 2147 3504 2205 ludens
3530 2162 3651 2219 pm.

2050 2261 2149 2301 nas
2192 2247 2491 2317 exegisset.
2538 2246 2730 2302 merito
2780 2244 3009 2299 dixisset
3057 2258 3183 2299 eum
3224 2241 3509 2298 vexatione
3550 2241 3651 2295 ista
3685 2232 3689 2241 ’

2049 2336 2347 2407 periculum
2374 2335 2679 2391 amictionis
2702 2334 2920 2401 fecisse,
2948 2344 3004 2389 ut
3028 2334 3210 2389 mitior
3236 2333 3389 2389 ﬁeret
3424 2340 3483 2389 et
3510 2347 3649 2387 nono

2046 2428 2181 2482 nihil
2210 2428 2279 2483 de
2307 2427 2623 2483 crudelitate
2650 2428 2950 2483 remitteret
2978 2444 2992 2480 :
3025 2427 3073 2481 si
3102 2435 3282 2481 autem
3331 2441 3438 2480 non
3497 2422 3643 2495 quod

2047 2519 2315 2574 malorum
2361 2535 2570 2574 memor
2614 2528 2796 2584 esset,
2822 2533 2946 2591 qua:
2989 2518 3059 2572 ab
3089 2518 3194 2573 illis
3215 2531 3408 2590 passus
3438 2515 3649 2585 fuerat,

2044 2612 2141 2669 sed
2184 2613 2327 2685 quod
2362 2623 2578 2683 propter
2605 2628 2793 2669 eorum
2823 2612 3087 2667 adversus
3118 2610 3403 2665 Dominum
3443 2610 3651 2679 impro-

2045 2704 2267 2759 bitatem
2292 2714 2347 2760 et
2374 2704 2714 2760 insolentiam
2743 2702 3177 2770 contabesceret,
3197 2701 3337 2758 hanc
3362 2700 3468 2756 illis
3504 2699 3649 2756 cala-

2046 2794 2287 2849 mitatem
2320 2794 2611 2851 invehebat
2642 2813 2657 2849 :
2687 2810 2791 2866 qua
2817 2794 2884 2850 de
2910 2808 3076 2850 causa
3123 2794 3177 2849 iu
3220 2792 3552 2849 consortium
3590 2802 3651 2848 et

2042 2886 2157 2955 ipse
2185 2886 2450 2941 maiorum
2488 2894 2711 2942 vocatur
2730 2927 2745 2953 ,
2777 2900 2878 2941 nec
2904 2885 3089 2941 multis
3115 2884 3325 2941 deliciis
3351 2899 3415 2940 ac
3438 2883 3650 2941 securi-

2044 2984 2152 3029 tate
2183 2974 2521 3044 perfruitur?
2549 2974 2682 3043 Quia
2711 2975 2965 3031 nimirum
2993 2975 3041 3031 si
3065 2972 3193 3032 dum
3222 2975 3314 3031 alii
3341 2975 3649 3032 calamitate

2041 3076 2438 3135 premerentur,
2463 3075 2520 3121 et
2557 3066 2699 3121 fame
2728 3067 2999 3137 perirent,
3030 3067 3147 3138 ipse
3172 3067 3384 3124 deliciis
3429 3077 3485 3123 et
3527 3068 3647 3137 opi-

2040 3172 2169 3227 para
2198 3172 2385 3212 mensa
2412 3159 2706 3224 frueretur,
2735 3158 2864 3212 illud
2892 3159 3122 3214 fortasse
3151 3159 3349 3213 factum
3375 3158 3645 3230 quispiam

2038 3245 2344 3302 crudelitati
2396 3246 2691 3302 tribuisset.
2732 3247 2876 3303 Nihil
2906 3248 3051 3303 enim
3102 3250 3298 3304 mirum
3344 3248 3535 3305 fuisset
3558 3250 3645 3305 vi-

2038 3352 2182 3404 sum,
2211 3337 2507 3405 hominem,
2535 3338 2620 3393 cui
2649 3338 2853 3393 allatim
2884 3349 3080 3395 cuncta
3108 3350 3481 3411 suppeterent,
3508 3342 3644 3396 alio-

2036 3443 2157 3483 rum
2207 3428 2363 3483 malis
2409 3428 2693 3484 obiectari.
2717 3430 2924 3485 Idcirco
2974 3431 3295 3504 participem
3345 3446 3471 3488 eum
3520 3446 3645 3489 esse

2038 3521 2357 3576 calamitatis
2389 3521 2635 3591 permisit
2662 3522 2824 3589 Deus,
2851 3532 2906 3577 et
2930 3523 3164 3594 experiri
3191 3525 3330 3579 mala
3354 3539 3473 3594 quas
3498 3524 3641 3593 acci-

2035 3612 2237 3669 debant
2260 3653 2275 3678 ,
2302 3628 2367 3668 ac
2390 3613 2587 3669 famem
2618 3615 2766 3684 pati,
2792 3623 2850 3669 ut
2886 3615 3061 3671 discas
3106 3631 3212 3671 non
3253 3615 3449 3672 famem
3492 3616 3638 3688 apud

2036 3705 2210 3773 illum,
2242 3707 2337 3762 sed
2367 3706 2542 3761 zelum
2572 3705 2760 3762 fuisse.
2788 3706 2972 3777 Neque
2996 3706 3139 3762 enim
3170 3706 3249 3761 sic
3277 3706 3331 3762 in
3361 3709 3639 3779 angustias

2034 3798 2304 3867 redactus,
2333 3808 2573 3872 egestate
2611 3814 2830 3872 pressus
2850 3842 2865 3867 ,
2898 3810 3151 3869 vexatus,
3178 3810 3235 3857 et
3262 3802 3492 3857 afﬂictus
3544 3801 3638 3857 ad-

2035 3892 2155 3948 duci
2187 3893 2468 3963 potuisset,
2502 3902 2561 3948 ut
2588 3894 2763 3949 minas
2796 3893 3161 3961 rescinderet,
3196 3893 3298 3949 nisi
3328 3908 3436 3964 pra:
3468 3893 3640 3949 nimio

2033 3985 2155 4040 zelo
2182 3986 2392 4041 beatam
2422 3985 2565 4040 illam
2596 4000 2782 4042 vocem
2811 3986 3101 4043 emisisset.
3138 3985 3399 4053 Quocirca
3438 3986 3640 4056 jucun-

2032 4076 2154 4131 dius
2177 4076 2253 4132 illi
2280 4076 2468 4132 fuisset
2498 4076 2689 4147 amigi,
2717 4086 2880 4148 atque
2903 4078 3190 4149 castigatos
3217 4076 3341 4132 illos
3368 4092 3593 4133 cernere
3615 4115 3638 4145 ,

2033 4184 2191 4239 quam
2221 4170 2428 4239 urgenti
2450 4171 2779 4226 necessitate
2802 4170 3061 4225 liberatos
3098 4168 3165 4226 ad
3188 4170 3423 4241 priorem
3451 4183 3638 4226 rever-

2032 4277 2123 4316 sos
2145 4260 2470 4331 impietatem
2488 4260 2697 4317 videre.

2103 4352 2155 4406 6.
2200 4352 2360 4409 Tales
2388 4353 2532 4409 enim
2575 4362 2702 4408 sunt
2727 4352 2928 4423 ubique
2957 4353 3151 4409 auium
3190 4362 3500 4409 sanctorum
3532 4370 3546 4407 :
3576 4364 3638 4413 ut

2029 4446 2210 4500 ctetcri
2240 4446 2554 4515 resipiscant
2575 4485 2590 4511 ,
2622 4447 2967 4501 securitatem
2996 4462 3148 4503 suam
3189 4447 3428 4518 periculo
3456 4463 3635 4517 extio.

2029 4548 2182 4593 nunt.
2202 4538 2281 4595 Ne
2306 4540 2426 4609 quis
2463 4538 2669 4594 diceret
2696 4554 2817 4594 eum
2866 4555 2977 4609 pra:
3012 4539 3175 4595 nimia
3209 4540 3529 4597 crudelitate
3557 4542 3634 4595 la-

2030 4645 2171 4684 mem
2195 4630 2429 4692 auxisse,
2456 4630 2766 4699 participem
2797 4646 2921 4685 eum
2952 4631 3070 4686 ﬁeri
3097 4631 3253 4687 famis
3280 4634 3544 4702 permisit,
3575 4643 3635 4689 ut

2030 4722 2422 4792 philosOphi-am
2474 4720 2751 4791 prophetat
2804 4736 3121 4792 cognoscas.
3177 4723 3447 4779 Praeterea
3503 4741 3632 4780 vero

2027 4830 2148 4868 cum
2176 4814 2349 4868 soleat
2380 4814 2696 4883 plerumque
2746 4814 3129 4870 miraculorum
3160 4825 3349 4871 natura
3377 4833 3506 4883 eos,
3536 4818 3630 4887 qui

2028 4907 2285 4962 miracula
2320 4918 2552 4977 patrant,
2570 4906 2785 4972 ellerrc,
2808 4918 2969 4977 atque
2996 4924 3183 4964 eorum
3210 4919 3549 4980 spectatores
3577 4912 3631 4966 itt

2024 5015 2144 5055 cam
2194 5008 2429 5055 mentem
2473 4999 2770 5067 impellere,
2803 5007 2860 5053 ut
2904 5000 3101 5070 aliquid
3160 5002 3212 5055 in
3264 5002 3345 5056 cis
3396 5002 3629 5057 humana

2028 5103 2215 5146 natura
2246 5092 2526 5147 sublimius
2552 5106 2675 5146 esse
2700 5092 3033 5147 arbitrentur
3065 5109 3077 5143 :
3117 5093 3199 5147 his
3225 5094 3387 5148 etiam
3420 5095 3631 5151 duobus

2025 5184 2320 5239 remedium
2350 5181 2616 5247 adhibuit,
2643 5194 2698 5239 et
2724 5194 2933 5240 natura:
2960 5185 3327 5242 inﬁrmitatem
3370 5189 3627 5244 immuta-

2025 5278 2117 5331 vit.
2180 5276 2306 5332 [hec
2353 5289 2532 5333 autem
2568 5279 2649 5335 ita
2680 5294 2738 5334 se
2772 5279 2991 5346 habere,
3024 5281 3176 5335 facile
3200 5278 3359 5337 fuerit
3388 5300 3452 5339 ex
3477 5285 3625 5341 Pauli

2023 5370 2243 5425 vocibus
2271 5370 2588 5440 intelligere.
2619 5369 2751 5425 Nam
2786 5373 3041 5427 miracula
3069 5374 3284 5444 quidem
3307 5376 3504 5433 eﬁ'errc
3532 5392 3624 5431 so-

2021 5461 2153 5529 lere,
2186 5464 2310 5518 audi
2335 5480 2442 5535 quo
2470 5475 2625 5533 pacto
2657 5476 2881 5521 teslctur
2911 5484 2925 5521 :
2955 5467 3018 5521 Et
3051 5486 3112 5523 ne
3157 5471 3456 5539 magnitudo
3482 5488 3623 5525 reae-

2020 5554 2269 5608 lationum
2307 5557 2520 5610 extollat
2572 5558 2845 5621 me,dams
2891 5571 2961 5613 est
3006 5562 3131 5613 mihi
3181 5562 3413 5618 stimulus
3456 5564 3625 5616 carnis

2021 5663 2162 5712 tactv,
2190 5648 2406 5719 angelus
2436 5648 2665 5716 Saluum,
2693 5660 2745 5703 ut
2774 5669 2851 5704 me
2877 5654 3157 5723 colaphizet
3189 5655 3265 5723 (2.
3291 5653 3410 5709 Cor.
3432 5656 3516 5709 1‘2.
3540 5655 3616 5723 7).

2020 5737 2249 5793 Efﬁcere
2277 5757 2437 5810 porro
2469 5743 2743 5808 miracula,
2776 5755 2830 5797 ut
2860 5747 2949 5813 qui
2980 5763 3039 5801 ea
3068 5757 3294 5801 cernunt
3314 5790 3328 5811 ,
3361 5748 3620 5815 majorem

2022 5834 2324 5897 concipiant
2352 5835 2657 5905 opinionem
2689 5835 2752 5892 de
2782 5838 2912 5903 illis,
2934 5857 2960 5893 ιι
2996 5839 3187 5909 quibus
3210 5841 3472 5909 eduntur,
3516 5843 3616 5898 hoc
