4074 6448
413 411 518 467 343

408 524 572 578 etiam
601 521 723 578 inde
751 530 979 578 constat.
1011 519 1141 575 Cum
1165 522 1304 575 enim
1344 536 1561 577 suarum
1610 522 1995 579 revelationum

414 616 628 671 fecisset
657 614 1003 679 mentionem,
1041 612 1219 678 addit,
1270 612 1409 666 Nam
1445 615 1491 667 si
1529 613 1731 668 voluero
1766 612 1998 684 gloriari,

414 723 515 760 non
531 722 616 759 ero
636 706 874 773 insipiens
898 720 917 757 :
941 704 1197 757 veritatem
1218 705 1348 757 enim
1365 705 1531 758 dicam
1569 702 1644 775 (2.
1676 703 1792 759 Cor.
1814 703 1899 758 12.
1920 702 1998 775 6).

413 796 522 851 Cur
544 812 648 850 non
684 795 843 866 igitur
870 794 1154 864 gloriaris?
1186 793 1352 849 Pareo
1388 804 1591 861 autem,
1618 812 1681 849 ne
1703 795 1813 864 quis
1841 796 1893 848 in
1922 811 2001 850 me

417 886 679 949 existimet,
698 901 855 953 supra
870 884 924 936 id
937 884 1071 954 quod
1087 884 1216 937 videt
1230 900 1328 951 me,
1346 894 1434 938 aut
1450 884 1643 954 aliquid
1659 885 1801 937 audit
1820 900 1883 938 ea:
1898 899 1995 937 me.

413 976 495 1033 Ne
513 977 669 1048 igitur
691 975 795 1030 tale
811 976 1081 1047 quidpiam
1114 977 1385 1045 propheta:
1406 974 1671 1031 accideret
1688 975 1837 1044 (licet
1856 975 2000 1029 enim

416 1068 597 1122 llelias
621 1074 785 1134 esset,
809 1066 971 1121 homo
1023 1076 1199 1120 tamen
1244 1068 1404 1136 erat),
1434 1066 1721 1121 immiscuit
1744 1065 2001 1120 miraculo

416 1166 619 1211 natura:
644 1156 935 1212 defectum.
961 1157 1247 1226 Propterea
1276 1158 1364 1226 qui
1391 1156 1523 1211 exelo
1542 1156 1842 1226 imperavit,
1876 1155 1999 1209 fami

414 1262 520 1302 non
540 1247 819 1316 imperavit
834 1266 847 1302 :
862 1248 954 1318 qui
973 1256 1128 1303 terra;
1146 1259 1350 1318 partum
1364 1248 1825 1315 cohibuit,ventris
1842 1248 2004 1317 repri-

418 1353 566 1395 mere
586 1339 959 1395 necessitatem
983 1355 1087 1397 non
1111 1340 1296 1410 potuit,
1313 1338 1406 1394 sed
1435 1340 1657 1394 muliere
1680 1339 1837 1394 vidua
1867 1339 2000 1393 indi-

417 1434 549 1502 guit,
568 1442 625 1487 ut
648 1432 883 1488 divinam
904 1433 1125 1503 gratiam
1155 1447 1432 1502 agnoscas,
1458 1442 1511 1486 et
1535 1432 1818 1486 humanam
1845 1430 2002 1484 simul

417 1524 803 1581 infirmitatem.
825 1525 941 1579 Non
969 1524 1037 1579 ad
1060 1524 1162 1578 hoc
1185 1534 1387 1578 tantum
1411 1521 1607 1577 factum
1634 1522 1761 1576 illud
1786 1521 2000 1590 profuit,

419 1616 515 1672 sed
539 1615 604 1669 ad
632 1616 773 1671 aliud
800 1614 1069 1685 quidpiam
1097 1613 1262 1667 nihilo
1290 1615 1464 1667 minus
1492 1614 1612 1666 isto.
1636 1612 1912 1677 Quodnam
1935 1610 2001 1662 il-

420 1707 511 1762 lud
534 1707 792 1762 tandem?
822 1706 891 1763 Ut
917 1722 1037 1761 eum
1069 1717 1122 1761 te
1152 1706 1411 1774 quispiam
1437 1706 1502 1759 ad
1527 1704 1799 1775 propheta:
1830 1702 2003 1758 zelum

420 1798 579 1853 fuerit
615 1798 946 1865 adhortatus,
974 1813 1082 1853 non
1111 1798 1346 1852 animum
1375 1795 1712 1866 despondeas
1737 1836 1750 1859 ,
1778 1810 1877 1850 nec
1904 1794 2002 1851 de-

422 1906 625 1959 speres,
657 1891 798 1962 quod
821 1892 1086 1945 hominem
1114 1906 1234 1946 esse
1250 1891 1466 1945 alterius
1486 1900 1688 1944 natura:
1704 1889 2002 1954 arbitreris,

421 1982 645 2052 ideoque
678 1993 874 2037 tantam
897 1982 1034 2052 apud
1056 1983 1219 2037 Deum
1257 1982 1501 2037 fiduciam
1552 1982 1821 2035 habuisse.
1851 1980 2004 2048 Quod

420 2072 636 2140 quidem
682 2073 849 2127 innuit
871 2074 1133 2143 quispiam
1170 2088 1290 2127 cum
1316 2072 1447 2127 dixit
1477 2090 1490 2126 :
1528 2072 1705 2127 Helias
1729 2073 1879 2125 homo
1900 2080 2007 2125 erat

423 2164 603 2218 similis
629 2166 769 2219 nobis
798 2166 1049 2235 passibilis
1082 2164 1217 2236 (Jac.
1249 2167 1302 2221 5.
1339 2167 1427 2235 l7)
1458 2184 1469 2216 :
1501 2166 1650 2234 quasi
1676 2165 1881 2219 diceret
1901 2182 1913 2218 :
1934 2163 2009 2219 Ne

424 2255 752 2322 impossibile
780 2256 1054 2310 arbitreris
1084 2271 1205 2310 esse
1227 2298 1240 2320 ,
1272 2255 1337 2309 ad
1382 2256 1520 2309 idem
1562 2270 1682 2308 cum
1715 2255 1804 2308 illo
1836 2254 2008 2323 philo-

422 2346 625 2413 sophia:
675 2344 939 2414 fastigium
996 2347 1278 2414 pervenire
1312 2364 1325 2402 :
1357 2361 1479 2400 nam
1527 2354 1583 2399 et
1634 2344 1872 2413 ejusdem
1924 2344 2011 2400 ille

426 2436 693 2504 particeps
742 2434 836 2489 fuit
883 2445 1107 2489 naturae.
1160 2434 1535 2490 Verumtamen
1586 2434 1899 2489 admirabile
1948 2448 2011 2488 ac

424 2526 657 2579 divinum
706 2526 831 2579 illud
871 2526 985 2593 ejus
1030 2525 1359 2595 propositum
1418 2528 1588 2580 multo
1631 2526 1840 2581 czeteris
1888 2539 2010 2579 eum

424 2615 789 2669 sublimiorem
818 2616 1070 2670 ostendit.

498 2707 549 2759 7.
591 2705 692 2761 Sed
718 2706 828 2774 jam
862 2716 1069 2775 tempus
1094 2716 1210 2770 est,
1246 2718 1300 2760 ut
1351 2706 1416 2761 ad
1448 2706 1659 2760 viduam
1708 2705 2011 2760 redeamus.

436 2794 610 2861 Venit,
648 2797 814 2866 inquit
840 2838 851 2860 ,
889 2798 939 2849 in
973 2797 1262 2866 Sareplttlta
1287 2798 1493 2851 Sidonis
1516 2838 1529 2861 ,
1553 2808 1598 2851 et
1624 2798 1806 2850 invenit
1835 2796 2018 2850 mulie-

428 2902 531 2937 rem
553 2886 754 2939 viduam
780 2887 1095 2956 colligentem
1137 2886 1275 2956 ligna
1303 2887 1377 2955 (⁵5.
1409 2885 1537 2956 Reg.
1576 2887 1658 2941 i7.
1686 2887 1795 2955 lli).
1850 2886 2013 2954 Digna

427 2977 717 3031 dontestiea
751 2986 1061 3046 paupertate
1108 2978 1361 3029 hactenus
1399 2987 1523 3031 sunt
1551 2977 1826 3030 vestibula.
1877 2974 2013 3041 Quid

433 3068 637 3135 igitur?
669 3083 793 3119 num
845 3076 988 3122 retro
1023 3080 1315 3121 conversus
1340 3074 1459 3132 est,
1493 3082 1611 3120 cum
1645 3066 1765 3121 talia
1799 3066 2015 3120 vidisset

432 3157 807 3226 hospitalitatis
836 3158 1099 3213 exordia?
1143 3158 1519 3227 Nequaquam;
1548 3159 1747 3227 quippe
1773 3158 1861 3227 qui
1892 3173 2016 3211 sen-

434 3247 648 3300 tentiam
676 3248 908 3301 divinam
941 3248 1179 3301 audierat
1214 3266 1227 3299 :
1258 3247 1350 3301 sed
1380 3246 1629 3301 clamavit
1660 3256 1779 3316 post
1801 3263 1940 3309 eatn,
1963 3253 2018 3300 et

432 3340 566 3391 dixit
600 3357 613 3392 :
646 3339 803 3392 Sume
832 3356 945 3392 vero
974 3340 1097 3392 nti/ti
1137 3355 1338 3408 aquam,
1368 3350 1411 3391 et
1439 3339 1526 3391 icit
1550 3380 1564 3405 ,
1595 3348 1648 3391 ut
1676 3348 1889 3392 sumeret
1910 3336 2017 3408 (Ib.

434 3446 485 3483 υ.
514 3430 623 3497 ll).
648 3430 784 3484 Vere
809 3445 1062 3499 generosa
1090 3438 1143 3483 et
1169 3429 1381 3498 sapiens
1407 3429 1616 3492 mulier,
1640 3444 1704 3482 ae
1733 3428 1830 3481 nisi
1862 3428 2019 3496 paulo

436 3519 679 3573 videatur
708 3520 959 3573 audacius
990 3518 1093 3571 hoc
1116 3517 1355 3584 dictum,
1390 3519 1500 3588 ipsa
1545 3519 1703 3572 etiam
1742 3518 2016 3587 prophetae

440 3608 875 3679 magnanimitate
900 3610 1055 3679 digna
1089 3625 1104 3663 :
1138 3609 1245 3665 imo
1278 3609 1425 3664 nullo
1470 3618 1623 3678 pacto
1655 3609 1814 3664 debet
1840 3607 2018 3663 audax

437 3701 563 3755 illud
590 3702 790 3755 dictum
834 3701 1038 3756 videri:
1070 3702 1170 3755 nisi
1208 3701 1352 3756 enim
1389 3701 1545 3771 digna
1592 3701 1802 3767 fuisset,
1821 3716 2021 3771 nequa-

435 3810 593 3861 quam
621 3792 799 3847 habita
826 3794 983 3864 digna
1022 3794 1205 3849 fuisset
1229 3837 1247 3863 ,
1276 3811 1394 3864 qua:
1432 3805 1674 3850 sanctum
1705 3795 1847 3849 illum
1878 3794 2019 3849 exei-

437 3894 605 3955 peret.
638 3885 1092 3952 Quemadmodum
1124 3897 1177 3942 et
1202 3887 1268 3941 ad
1292 3870 1581 3957 discipulos
1602 3888 1736 3942 dixit
1755 3886 2018 3953 Christus,

438 3975 504 4028 lu
546 3993 906 4044 quamcumque
953 3978 1200 4030 civitatem
1240 3988 1329 4031 aut
1380 3966 1642 4032 cdstellunt
1694 3980 2018 4043 intraveritis,

437 4068 769 4137 interrogate,
800 4069 911 4137 quis
941 4069 991 4121 in
1017 4085 1076 4122 ea
1104 4071 1285 4140 dignus
1314 4070 1412 4137 sit,
1432 4080 1475 4123 et
1497 4070 1563 4123 ibi
1594 4079 1787 4123 manete
1808 4068 2019 4139 (Matth.

440 4158 526 4211 10.
560 4158 679 4227 ll):
712 4159 780 4211 it:t
815 4157 951 4211 Deus
982 4158 1067 4213 ltie
1103 4174 1313 4227 quoque
1338 4174 1586 4228 quoniam
1630 4176 1738 4228 prce
1778 4159 2023 4213 omnibus

436 4248 649 4315 dignam
721 4258 943 4302 noverat
994 4248 1131 4301 hanc
1184 4248 1503 4310 mulierem,
1536 4264 1654 4317 quae
1711 4251 2022 4317 prophetam

437 4341 771 4408 susciperet,
806 4351 1087 4408 propterea
1116 4338 1325 4391 caeteris
1356 4339 1604 4392 omnibus
1642 4338 1855 4392 omissis
1898 4337 2025 4391 illuc

437 4431 746 4485 cuutmisit.
778 4433 846 4483 At
876 4430 1017 4483 enim
1059 4444 1122 4481 ex
1171 4428 1331 4482 rebus
1361 4428 1490 4497 ipsis
1537 4428 1867 4482 nobilitatem
1910 4426 2026 4496 ejus

438 4523 730 4576 videamus.
757 4522 915 4576 Sume
955 4521 1076 4574 uti/ti
1098 4560 1113 4586 ,
1149 4520 1353 4589 inquit,
1384 4537 1565 4589 aquant
1596 4521 1647 4573 in
1673 4537 1806 4574 vase.
1837 4519 2024 4589 Magna

438 4628 567 4667 sane
616 4614 854 4667 mulieris
897 4612 1221 4666 humanitas.
1262 4610 1415 4676 Quod
1453 4612 1596 4665 enim
1644 4610 2020 4679 responderit,

441 4703 583 4773 quod
633 4703 684 4757 in
728 4703 1053 4773 colloquium
1082 4704 1198 4772 ejus
1241 4702 1465 4767 venerit,
1489 4701 1631 4772 quod
1662 4700 1813 4755 illum
1853 4701 2026 4755 corri-

440 4797 592 4865 piens
645 4805 807 4849 totam
854 4797 1121 4851 civitatem
1160 4795 1224 4848 ad
1270 4796 1593 4866 puniendum
1639 4810 1851 4850 sacrum
1896 4795 2027 4849 illud

439 4895 599 4955 caput
625 4901 728 4941 non
776 4887 1083 4952 vocaverit,
1114 4901 1290 4941 nonne
1328 4895 1548 4955 stupore
1585 4893 1641 4940 et
1674 4886 2029 4953 admiratione

370 5010 377 5015 -
442 4979 657 5050 dignum
718 4978 971 5033 videtur?
1013 4977 1284 5047 Siquidem
1338 4980 1531 5034 merito
1582 4978 1739 5033 famis
1785 4978 2029 5032 adactam

443 5069 761 5125 necessitate
806 5070 1173 5124 mulierculam
1226 5084 1293 5123 eo
1341 5084 1505 5138 usque
1533 5069 1698 5124 fuisse
1754 5068 2029 5123 iracundia

442 5171 765 5217 commotam
793 5204 808 5229 ,
837 5178 901 5217 ex
934 5161 1035 5217 hoc
1063 5161 1286 5216 Judaieo
1314 5162 1557 5231 exemplo
1585 5176 1869 5231 cognosce.

515 5253 735 5307 Elisteus
764 5255 955 5324 duplex
978 5252 1247 5309 Helius.-
1270 5253 1568 5323 Discipulos
1596 5254 1758 5309 Helia:
1784 5254 2028 5321 Elismus,

446 5346 645 5415 duplex
676 5344 854 5401 Helias
881 5346 1168 5418 (duplicem
1197 5349 1339 5401 enim
1364 5347 1671 5415 Inagistrum
1694 5349 1747 5401 in
1769 5346 2031 5417 discipulo

449 5437 645 5491 licebat
674 5437 914 5509 intueri),
946 5436 1140 5493 famem
1164 5448 1346 5509 postea
1371 5438 1706 5507 prOphetavit
1729 5456 1743 5504 ;
1769 5455 1873 5493 non
1916 5440 2032 5507 ipse

447 5532 668 5587 immisit
714 5532 850 5587 sicut
881 5532 1091 5598 llelias,
1120 5532 1213 5588 sed
1260 5540 1539 5586 venturam
1587 5532 1852 5602 pncdixit.
1891 5532 2031 5599 Quid

448 5638 577 5691 ergo
605 5638 715 5687 rex,
748 5623 836 5691 qui
866 5622 1195 5692 temporibus
1223 5622 1325 5677 illis
1352 5623 1649 5692 regnabat?
1686 5621 1902 5677 lndutus
1950 5631 2034 5676 est

447 5732 605 5769 sacco
627 5759 640 5778 ,
672 5717 842 5783 inquit
873 5734 884 5770 :
935 5716 1196 5787 siquidem
1231 5716 1529 5772 humiliavit
1560 5733 1680 5771 eum
1711 5716 1984 5771 calamitas
2016 5732 2027 5766 :

447 5806 525 5860 sic
570 5816 745 5862 tamen
789 5807 1093 5862 humiliatus
1144 5824 1263 5863 cum
1316 5808 1694 5867 lamentantem
1749 5807 2026 5865 tnulict‘em

1152 413 1207 463 S.
1250 406 1528 466 JOANNIS
1564 406 2039 467 ριιιιῑεοετωίι
2075 407 2400 466 ARCIIIEP.
2436 409 2971 472 CONSTAN'I'lNOP.

3582 430 3650 486 56
3657 431 3704 490 ι.

2110 524 2366 583 audiisset
2402 537 2617 599 propter
2656 546 2719 587 ea
2761 547 2882 602 qua:
2930 532 3087 589 famis
3130 547 3291 591 causa
3342 536 3696 607 acciderant,

2111 624 2254 671 tanta
2286 625 2396 673 tum
2427 621 2623 676 exarsit
2652 622 2922 678 iracundia
2948 665 2962 688 ,
2995 633 3054 680 ut
3078 625 3362 684 confestim
3380 627 3700 685 exclamarit

2106 724 2172 765 ac
2198 709 2428 764 dixerit:
2460 710 2590 766 ιΙατ
2627 714 2784 782 faciat
2825 715 2948 770 mihi
2970 716 3109 771 Deus
3146 728 3193 772 et
3236 718 3344 774 lucc
3377 718 3621 791 adjiciat,
3653 736 3702 773 ss

2106 799 2254 853 staltit
2277 810 2432 871 caput
2462 801 2639 857 Elistei
2673 806 2771 875 filii
2798 806 3001 877 Sapltat
3042 825 3195 879 super
3227 810 3396 879 ipsum
3439 811 3590 865 hodie
3616 812 3701 881 (4.

2107 886 2236 959 Reg.
2261 890 2315 945 6.
2346 891 2460 962 3|).
2490 891 2738 950 Vidistin’
2760 896 2902 967 regis
2940 898 3310 954 iracundiam?
3338 899 3473 957 Vide
3505 900 3706 956 mulie-

2107 983 2181 1037 ris
2201 984 2515 1052 sapientiam
2549 1004 2563 1040 :
2593 986 2709 1043 lucc
2736 991 2878 1045 enim
2917 991 3132 1047 invento
3155 1007 3223 1048 eo
3247 992 3337 1062 qui
3369 1006 3476 1046 non
3498 991 3704 1048 famem

2106 1076 2447 1147 praedixerat,
2468 1079 2564 1134 sed
2586 1080 2879 1147 invexerat,
2897 1098 3020 1138 eum
3043 1095 3209 1154 prope
3232 1085 3501 1140 civitatem
3528 1093 3704 1149 esset.

2109 1182 2215 1223 non
2254 1168 2525 1239 indignata
2554 1181 2668 1238 est,
2701 1189 2808 1228 non
2857 1174 3175 1242 excanduit,
3207 1191 3316 1231 non
3356 1184 3587 1231 ceteros
3632 1174 3706 1230 ad

2107 1261 2426 1330 supplicium
2477 1266 2799 1322 sumendum
2849 1267 3102 1335 vocavit,
3152 1268 3248 1324 sed
3301 1266 3707 1326 modestissime

2110 1350 2304 1420 paruit.

2179 1441 2233 1497 8.
2274 1442 2437 1499 Scitis
2457 1454 2635 1500 autem
2661 1462 2768 1517 quo
2796 1458 2972 1518 pacto,
3004 1449 3048 1505 si
3077 1451 3296 1521 quando
3325 1450 3542 1521 negotio
3566 1464 3707 1521 qne-

2108 1533 2251 1604 piam
2277 1535 2447 1591 simus
2476 1540 2743 1609 occupati,
2775 1554 2844 1597 ne
2873 1542 3167 1599 familiares
3196 1543 3414 1614 quidem
3452 1557 3710 1613 arepenn-

2110 1642 2260 1681 mero
2288 1628 2540 1685 lubenter
2580 1633 2904 1702 aspiciamus
2928 1675 2945 1701 ,
2972 1635 3067 1689 sed
3096 1643 3151 1689 et
3189 1634 3448 1689 adversus
3478 1648 3575 1688 eos
3616 1632 3707 1687 in-

2108 1718 2393 1788 dignemur
2425 1738 2439 1775 :
2470 1737 2592 1777 cum
2620 1738 2748 1779 vero
2779 1732 2921 1779 tanta
2951 1726 3111 1781 etiam
3150 1724 3369 1782 afllictio
3400 1724 3665 1796 ingruerit
3687 1763 3707 1789 ,

2110 1811 2197 1865 vel
2256 1812 2427 1881 ipsum
2482 1813 2643 1867 etiam
2698 1816 2875 1870 lumen
2928 1816 3233 1871 molestiam
3287 1815 3444 1871 nobis
3490 1814 3712 1870 videtur

2110 1903 2367 1959 exhibere
2398 1923 2411 1958 :
2442 1906 2493 1960 id
2515 1907 2658 1977 quod
2688 1922 2873 1962 rursus
2904 1922 2973 1963 ex
3002 1906 3225 1964 Judaieo
3254 1916 3400 1979 patet
3428 1906 3706 1977 exemplo.

2110 1996 2250 2050 Sane
2302 1998 2517 2066 quidem
2574 2016 2697 2054 cum
2748 2000 2978 2054 venisset
3032 1999 3275 2071 Moyses,
3321 2009 3377 2054 et
3421 1999 3711 2054 innumera

2110 2086 2311 2142 Judaeis
2329 2090 2698 2145 annuntiasset
2721 2091 2859 2146 bona
2880 2131 2898 2157 ,
2945 2090 3313 2145 liberationem
3339 2104 3368 2143 a
3396 2086 3710 2160 tyrannide,

2114 2180 2437 2247 libertatem,
2469 2190 2522 2236 et
2552 2183 2606 2237 in
2629 2184 2906 2253 antiquam
2948 2184 3173 2253 patriam
3198 2182 3430 2238 reditum
3458 2199 3471 2235 :
3510 2179 3713 2234 Viden-

2114 2282 2186 2327 tes
2220 2290 2331 2327 eum
2351 2314 2367 2340 ,
2397 2274 2600 2345 inquit,
2632 2289 2733 2328 non
2766 2275 3037 2328 audierunt
3068 2291 3181 2327 eum
3222 2289 3330 2343 pra:
3354 2272 3713 2343 pusillanimi-

2114 2374 2236 2431 tate,
2263 2374 2311 2419 et
2351 2365 2585 2435 operibus
2606 2367 2749 2420 duris
2778 2366 2971 2439 (Exod.
3002 2367 3053 2421 6.
3085 2366 3165 2436 9).
3195 2366 3272 2420 Illi
3316 2375 3422 2419 tam
3470 2365 3714 2418 faustum

2114 2456 2358 2510 nuntium
2389 2455 2650 2512 ferentem
2678 2473 2799 2513 cum
2832 2456 3107 2521 vidissent,
3136 2452 3367 2512 aversati
3396 2462 3525 2509 sunt
3549 2472 3563 2509 :
3593 2452 3716 2508 hate

2115 2551 2417 2605 venientem
2468 2550 2786 2621 prophetam
2812 2565 2931 2605 cum
2973 2550 3224 2614 vidisset,
3272 2563 3381 2603 non
3419 2556 3480 2603 ut
3507 2546 3714 2601 famem

2117 2639 2443 2711 depelleret,
2468 2642 2563 2696 sed
2596 2653 2653 2695 ut
2683 2642 2829 2696 illam
2859 2649 3142 2711 gravaret,
3173 2638 3305 2694 nihil
3331 2639 3381 2694 ei
3425 2637 3533 2693 tale
3568 2636 3717 2693 acci-

2118 2733 2213 2787 dit.
2246 2736 2311 2788 Et
2336 2735 2409 2788 illi
2455 2735 2669 2807 quidem
2710 2734 2846 2789 adeo
2888 2734 3136 2789 difﬁciles
3181 2748 3246 2787 ac
3296 2731 3497 2786 morosi
3553 2738 3716 2785 erant

2120 2837 2336 2898 propter
2363 2842 2589 2896 operum
2622 2827 2861 2883 laborem
2890 2842 2905 2879 :
2940 2826 3054 2880 haec
3099 2832 3277 2879 autem
3325 2838 3430 2878 non
3482 2822 3673 2877 labore
3695 2862 3714 2888 ,

2117 2918 2212 2973 sed
2264 2920 2403 2973 fame
2445 2920 2795 2975 vehementer
2836 2918 3033 2972 afﬂicta
3065 2917 3337 2987 (magnum
3384 2915 3587 2986 quippe
3628 2924 3719 2970 est

2121 3012 2261 3066 inter
2304 3010 2540 3067 laborem
2577 3010 2878 3081 famemque
2919 3010 3254 3079 discrimen),
3281 3024 3387 3064 non
3434 3007 3598 3062 modo
3634 3005 3720 3061 vi-

2121 3120 2237 3157 rutn
2281 3121 2385 3158 non
2434 3114 2678 3159 aversata
2709 3114 2813 3171 est,
2841 3105 2933 3159 sed
2964 3105 3125 3159 etiam
3170 3112 3333 3158 totam
3374 3116 3525 3156 suam
3576 3115 3718 3171 pau—

2120 3209 2382 3271 pertatem
2413 3200 2696 3265 exhausit,
2729 3207 2785 3252 ut
2830 3214 2954 3254 eum
3007 3197 3344 3267 susciperet,
3371 3195 3461 3265 qui
3513 3191 3717 3248 famem

2124 3291 2225 3344 illis
2248 3289 2544 3344 induxerat.
2570 3289 2631 3341 Et
2657 3290 2743 3342 ivit
2773 3299 2824 3341 ut
2849 3298 3067 3342 sumeret
3087 3303 3293 3356 aquam,
3318 3286 3507 3355 inquit,
3533 3294 3579 3338 et
3600 3284 3719 3336 cla-

2124 3383 2275 3434 marit
2301 3383 2565 3451 praplteta,
2599 3388 2643 3433 et
2674 3381 2833 3447 dixit,
2868 3378 3028 3435 Sume
3045 3379 3169 3431 nti/ti
3192 3380 3299 3446 iam
3326 3379 3476 3432 etiam
3506 3392 3717 3446 partem,

2123 3486 2170 3528 et
2198 3476 2456 3530 comedunt
2484 3476 2560 3546 (5.
2592 3474 2719 3543 Reg.
2748 3475 2835 3528 l7.
2870 3473 2980 3542 Η).
3012 3471 3152 3539 Quid
3195 3472 3356 3543 igitur
3381 3470 3608 3525 mulier?
3636 3467 3721 3524 Ne
3820 3458 3825 3462 ’

2126 3568 2228 3622 hoe
2273 3568 2490 3638 quidem
2532 3582 2673 3637 agre
2695 3565 2832 3632 fert,
2878 3565 2972 3621 sed
3001 3564 3127 3634 quid
3152 3563 3265 3618 ait?
3301 3562 3432 3616 Vivit
3464 3561 3724 3616 Dominus

2123 3659 2264 3715 Deus
2290 3670 2425 3724 tuus,
2452 3660 2495 3712 si
2522 3668 2594 3712 est
2621 3658 2744 3711 mihi
2767 3658 2912 3726 partis
2936 3656 3311 3721 subcinerititts,
3342 3655 3439 3707 nisi
3464 3663 3721 3723 quantum

2126 3754 2347 3825 pugillus
2371 3753 2555 3824 {urina
2578 3750 2754 3820 (the.
2787 3750 2896 3822 l2).
2924 3750 3094 3818 Quam
3146 3749 3217 3805 ob
3260 3761 3475 3803 causam
3526 3744 3723 3816 iurat?

2127 3847 2326 3901 Panem
2366 3845 2518 3915 petiit
2569 3843 2871 3915 propheta,
2916 3852 3173 3899 caeterum
3223 3842 3316 3896 illa
3362 3855 3555 3912 panem
3606 3853 3721 3894 non

2128 3938 2373 3993 habebat.
2404 3936 2600 3990 Timuit
2630 3950 2796 4007 ergo,
2836 3950 2903 3991 ne
2945 3934 3084 3989 forte
3110 3933 3237 3989 dum
3278 3932 3367 3986 illa
3416 3938 3676 4002 coqueret
3699 3969 3723 3998 ,

2128 4038 2378 4095 torreret,
2404 4039 2747 4100 praepararet,
2766 4028 2958 4085 deinde
2985 4027 3239 4090 tardaret,
3260 4040 3414 4081 more
3434 4022 3726 4094 impatiens

2131 4126 2392 4195 propheta
2432 4124 2769 4190 discederet,
2803 4131 2860 4179 et
2914 4123 3094 4193 prreda
3122 4119 3505 4192 hospitalitatis
3557 4117 3720 4173 aufu-

2127 4232 2298 4291 geret.
2331 4220 2622 4289 Propterea
2656 4218 2966 4288 juramento
3003 4216 3154 4271 illum
3202 4210 3597 4286 praeoccupavit
3632 4210 3728 4266 di-

2128 4330 2278 4381 ceus,
2306 4329 2413 4369 non
2441 4314 2540 4368 sibi
2573 4311 2795 4367 farinam
2818 4310 3009 4366 deesse
3030 4351 3046 4376 ,
3072 4322 3263 4363 verum
3313 4302 3727 4360 subcineritium

2131 4424 2317 4478 panem
2350 4406 2449 4459 sibi
2482 4420 2586 4458 non
2613 4419 2733 4459 esse
2754 4444 2769 4469 ,
2793 4402 3017 4457 farinam
3044 4413 3186 4455 esse.
3208 4396 3394 4468 Neque
3413 4394 3730 4466 juramento

2130 4500 2303 4555 solum
2328 4498 2486 4552 ﬁdem
2518 4496 2681 4561 facit,
2715 4494 2810 4550 sed
2832 4504 2886 4549 et
2912 4494 3026 4564 ipsa
3056 4506 3235 4548 rerum
3278 4502 3400 4560 quae
3440 4487 3574 4543 fiunt
3621 4484 3728 4541 de-

2131 4590 2541 4646 monstratione.
2576 4588 2709 4641 Ecce
2733 4589 2898 4652 enim,
2924 4584 3115 4655 inquit,
3137 4582 3323 4653 colligo
3351 4580 3453 4635 duo
3486 4577 3651 4651 ligna,
3678 4587 3732 4633 et

2131 4688 2409 4758 ingrediar,
2443 4693 2491 4739 et
2534 4683 2719 4755 faciam
2746 4680 2838 4735 illa
2859 4679 2979 4747 ﬁliis
3008 4677 3131 4732 meis
3152 4715 3167 4742 ,
3198 4686 3245 4731 et
3289 4672 3645 4740 comedenti“,
3676 4680 3733 4727 et

2132 4780 2423 4833 moriemur.

2207 4871 2421 4925 Nullam
2472 4867 2709 4939 relinquit
2752 4866 3125 4920 excusationem
3160 4860 3397 4915 divitibus
3450 4858 3626 4913 vidua.
3656 4885 3733 4898 --

2134 4962 2367 5017 Audiant
2409 4960 2497 5029 qui
2553 4957 2861 5027 magnificas
2896 4954 3041 5009 :edes
3090 4960 3430 5015 construunt,
3470 4958 3525 5004 et
3574 4963 3732 5003 sum-

2137 5064 2323 5125 ptuosa
2350 5051 2546 5123 praedia
2593 5056 2919 5114 mercantur,
2945 5060 3009 5101 ae
3049 5044 3371 5099 famulorum
3408 5055 3601 5113 greges
3630 5054 3735 5111 per

2136 5150 2306 5203 forum
2340 5143 2625 5199 traducunt
2655 5159 2669 5195 :
2701 5140 2787 5195 vel
2815 5138 2992 5209 potius
3020 5147 3075 5192 et
3099 5136 3398 5206 locupletes
3434 5142 3489 5189 et
3525 5146 3739 5203 paupe-

2140 5258 2225 5295 res
2267 5238 2487 5293 audiant
2535 5249 2763 5290 omnes:
2798 5231 2927 5287 nulli
2973 5229 3117 5285 enim
3166 5234 3291 5297 post
3312 5223 3527 5278 viduam
3568 5221 3734 5277 istam

2137 5333 2407 5388 excusatio
2445 5330 2799 5399 relinquetur.
2829 5326 2960 5380 Tam
2992 5322 3174 5378 multis
3199 5321 3286 5375 illa
3332 5315 3733 5388 impedimentis

2138 5427 2381 5482 intricata
2424 5432 2576 5491 erat,
2627 5421 2723 5476 sed
2771 5421 2858 5475 illa
2904 5429 3083 5474 tamen
3142 5414 3427 5483 interrupit
3472 5420 3526 5467 et
3579 5422 3733 5464 tran-

2138 5520 2362 5576 scendit.
2395 5518 2529 5573 Audi
2558 5532 2707 5571 vero.
2755 5514 3065 5585 Alienigena
3102 5517 3220 5565 erat
3250 5528 3264 5563 :
3294 5522 3455 5562 unum
3500 5513 3586 5561 est
3628 5503 3736 5557 hoc

2140 5616 2604 5687 impedimentum.
2630 5609 2891 5674 Sidonia;
2928 5604 3223 5662 secundum
3263 5598 3731 5671 impedimentum.

2140 5712 2253 5767 Non
2283 5709 2422 5764 enim
2454 5723 2548 5775 par
2589 5713 2671 5762 est
2696 5702 2932 5759 conditio
2956 5742 2972 5767 ,
3003 5699 3047 5754 si
3087 5694 3381 5766 alienigena
3423 5692 3498 5747 sis
3541 5688 3735 5759 quovis

2141 5815 2312 5877 pacto,
2340 5809 2392 5857 et
2417 5800 2460 5855 si
2488 5816 2552 5855 ex
2574 5796 2774 5855 Sidone
2795 5792 3054 5851 oriundus
3076 5786 3468 5860 improbissima
3487 5784 3738 5844 civitate:
