4074 6386
256 389 364 451 885

256 511 528 572 tamquam
573 497 721 567 enim
766 512 996 555 summa:
1036 494 1394 569 improbitatis
1437 495 1744 565 exemplum
1798 492 1852 549 in

260 588 730 662 Evangeliisillam
755 588 1026 648 urbemin
1067 586 1302 642 medium
1349 583 1594 641 Christus
1635 585 1858 640 adduxit

257 677 476 751 (llam.
501 677 592 734 ll.
621 678 715 734 2i.
741 676 861 750 ἥ).
895 678 1024 733 Erat
1051 676 1212 748 igitur
1235 686 1288 732 et
1317 676 1616 747 alienigena
1637 718 1652 741 ,
1694 684 1747 730 et
1774 675 1858 731 Si-

257 768 460 831 donia.
489 777 547 824 et
573 769 792 836 mulier,
819 783 983 824 sexus
1007 767 1272 832 infirmus,
1306 777 1362 822 et
1407 768 1553 821 onmi
1603 782 1668 822 ex
1705 775 1858 838 parte

259 856 504 914 subsidio
551 858 822 930 indigens.
855 859 1163 914 Accedebat
1200 857 1432 913 viduitas
1469 869 1718 927 quartum
1761 858 1860 913 iut-

260 947 632 1020 pedientum
660 949 947 1020 :quiutum
985 949 1090 1004 illis
1119 949 1370 1004 omnibus
1399 947 1572 1017 majus
1596 991 1612 1014 ,
1635 949 1857 1004 alendo-

260 1053 382 1092 rum
409 1053 539 1095 cura
588 1039 901 1095 liberorum.
953 1038 1194 1094 Audiant
1220 1038 1427 1103 viduae,
1457 1052 1521 1092 ac
1570 1037 1861 1092 liberorum

262 1129 523 1194 nutrices,
557 1144 663 1183 non
708 1128 872 1184 fuisse
897 1128 1146 1184 idoneam
1168 1135 1224 1182 et
1250 1127 1543 1199 legitimam
1589 1129 1736 1182 illam
1768 1143 1863 1183 ex-

266 1221 628 1288 cusationem,
663 1221 952 1292 quominus
977 1219 1278 1290 impertiret
1318 1220 1751 1292 eleemosynam,
1779 1219 1863 1275 vel

265 1309 510 1381 hospites
534 1312 812 1382 exciperet
845 1319 936 1366 :et
965 1310 1196 1382 pugillus
1244 1309 1430 1365 farina:
1480 1310 1719 1381 reliquus
1748 1318 1866 1365 erat

264 1410 499 1465 tantum.
530 1418 593 1458 ac
624 1414 744 1473 post
775 1403 925 1458 illum
975 1417 1122 1457 mors
1165 1402 1598 1472 exspectabatur.
1629 1401 1765 1456 Nam
1807 1410 1866 1456 tu

265 1493 488 1564 quidem
517 1495 644 1552 licet
670 1508 861 1551 omnes
887 1494 1141 1564 pecunias
1170 1491 1472 1563 profuderis
1493 1535 1507 1559 ,
1543 1493 1663 1548 licet
1695 1492 1866 1547 facul-

269 1584 474 1640 tatibus
501 1586 732 1655 teipsum
766 1585 1107 1655 spoliaveris,
1139 1593 1293 1655 potes
1337 1585 1403 1639 ad
1446 1585 1674 1640 aliorum
1724 1583 1867 1640 fures

270 1689 530 1746 pergere,
559 1685 720 1746 atque
767 1676 891 1731 inde
944 1676 1195 1730 solatium
1248 1676 1491 1731 obtinere
1527 1693 1540 1728 ε
1575 1684 1685 1730 tum
1740 1691 1868 1730 vero

271 1781 448 1837 neque
497 1767 804 1823 mendicare
854 1768 1067 1833 licebat,
1099 1768 1171 1822 ita
1224 1776 1410 1837 portus
1462 1782 1650 1822 omnes
1699 1767 1870 1822 fames

271 1859 638 1914 obstruxerat.
665 1858 808 1914 Nihil
839 1869 1018 1914 tamen
1048 1860 1236 1915 borum
1266 1860 1558 1930 prohibuit.
1603 1861 1786 1916 Dicam
1817 1871 1872 1916 ct

274 1951 566 2020 septimum
642 1951 1083 2022 impedimentum
1109 1993 1126 2019 ,
1170 1954 1344 2021 ipsum
1392 1952 1644 2007 nimirum
1667 1996 1680 2018 ,
1710 1968 1870 2022 quent

273 2040 470 2095 mulier
490 2040 725 2110 hospitio
754 2041 854 2096 fuit
875 2051 1185 2113 exceptura.
1207 2041 1340 2097 Nam
1374 2058 1546 2112 neque
1570 2043 1870 2110 familiaris,

275 2146 454 2200 neque
482 2141 641 2187 notus
671 2143 825 2199 erat,
858 2133 950 2189 sed
983 2135 1301 2205 peregrinus
1326 2146 1380 2190 et
1405 2136 1634 2202 alienus,
1666 2147 1721 2193 ct
1753 2139 1872 2210 ipso

276 2224 554 2294 religionis
583 2227 650 2280 ab
681 2226 768 2280 illa
800 2237 954 2297 septo
983 2227 1494 2298 separatum-Neque
1515 2244 1643 2284 vero
1664 2239 1872 2285 tantum

279 2318 618 2386 peregrinus,
647 2328 700 2371 ct
731 2327 945 2374 cxterus
971 2359 986 2385 ,
1017 2319 1112 2375 sed
1144 2319 1234 2375 ille
1259 2321 1374 2390 ipse
1395 2331 1533 2388 crat,
1557 2323 1645 2392 qui
1675 2321 1872 2379 famem

281 2406 592 2464 Iuduxerat.

352 2498 405 2554 9.
434 2499 575 2554 Nihil
603 2511 780 2556 tamen
822 2501 1012 2556 horum
1040 2501 1291 2557 feminam
1322 2503 1538 2569 avertit,
1562 2505 1655 2559 sed
1688 2506 1768 2560 ori
1796 2507 1876 2561 ci-

280 2587 408 2642 bum
432 2589 757 2661 porrigebat,
789 2591 931 2662 quod
979 2607 1165 2648 omnes
1197 2593 1268 2646 illi
1295 2595 1446 2649 cibos
1474 2597 1874 2668 absumpserat,

277 2689 334 2736 et
361 2679 516 2736 famis
538 2692 810 2737 auctorem
852 2683 1012 2747 famis
1055 2683 1295 2758 reliquiis
1336 2679 1626 2743 nutriebat.
1652 2687 1878 2760 Propter

282 2781 356 2840 te,
387 2772 579 2844 inquit,
613 2772 890 2830 facultates
931 2789 1120 2830 omnes
1164 2790 1300 2830 mae
1341 2775 1408 2830 ad
1454 2777 1594 2833 hunc
1621 2761 1876 2849 pugillum

280 2862 514 2918 redactae
541 2873 702 2919 sunt:
731 2864 825 2920 sed
855 2881 957 2921 nec
997 2867 1082 2919 isti
1113 2867 1309 2936 pugillo
1333 2876 1418 2921 tua
1454 2882 1611 2922 causa
1639 2885 1875 2940 parcam,

283 2968 472 3008 verum
497 2961 552 3008 et
579 2970 664 3009 me
685 2964 739 3009 et
783 2953 981 3010 liberos
1021 2971 1170 3011 meos
1199 2959 1446 3028 olijiciam
1489 2963 1670 3024 morti,
1704 2971 1762 3016 ut
1799 2971 1875 3029 tu,

282 3045 474 3116 inquit,
508 3044 668 3115 hujus
688 3055 878 3101 auctor
905 3047 1242 3104 necessitatis
1262 3063 1331 3104 nc
1361 3050 1638 3106 minimum
1661 3051 1879 3121 quidem

283 3137 622 3191 necessitatis
650 3151 867 3192 sensum
894 3139 1098 3208 capias.
1129 3139 1225 3194 Cui
1265 3141 1436 3211 potuit
1467 3156 1719 3211 umquam
1763 3158 1881 3198 ma-

280 3229 368 3300 jus
395 3230 770 3300 hospitalitatis
803 3233 1036 3287 studium
1067 3235 1120 3286 in
1159 3243 1390 3288 mentem
1415 3235 1634 3290 venire?
1663 3234 1878 3290 Nullum

284 3323 442 3393 plane
465 3323 644 3378 licebit
672 3326 926 3394 reperire.
971 3324 1113 3379 Vidit
1159 3327 1534 3396 peregrinum,
1583 3337 1637 3382 et
1679 3341 1882 3384 naturas

283 3413 564 3468 confestim
593 3413 752 3466 oblita
780 3425 880 3480 est,
903 3414 1116 3470 dolores
1145 3427 1324 3485 partus
1366 3417 1646 3486 ignoravit,
1679 3428 1732 3473 et
1756 3434 1883 3475 ocu-

283 3504 351 3561 lis
369 3504 437 3559 ad
464 3505 693 3559 filiorum
723 3505 932 3561 turbam
955 3508 1230 3562 conversis
1249 3510 1429 3562 animo
1452 3508 1614 3564 fracta
1644 3525 1747 3564 non
1779 3519 1879 3564 est.

284 3599 364 3652 Ac
400 3611 488 3651 me
529 3596 745 3667 quidem
797 3599 909 3654 scio
955 3595 1267 3668 frequenter
1295 3597 1528 3654 audiisse
1572 3599 1767 3653 multos
1796 3604 1882 3669 qui

284 3689 527 3746 dicerent
558 3708 570 3742 :
602 3689 694 3744 ille
732 3704 852 3743 cum
880 3704 1169 3760 pauperem
1207 3692 1594 3758 conspexisset,
1629 3692 1882 3760 tunicam,

286 3793 391 3849 qua
423 3779 535 3835 sola
573 3787 690 3834 erat
740 3778 976 3846 indutus,
1006 3795 1209 3844 exuens
1250 3783 1446 3834 nudum
1481 3782 1720 3847 vestit-it;
1771 3783 1886 3852 ipse

288 3883 419 3924 vero
445 3910 466 3936 ,
516 3883 635 3923 cmn
670 3877 904 3922 mutuam
947 3871 1016 3924 ab
1061 3870 1232 3924 altero
1278 3881 1480 3924 vestem
1515 3873 1836 3942 sumpsisset
1867 3914 1884 3939 ,

287 3960 483 4016 deinde
509 3960 753 4014 diSCcSail
784 3981 798 4015 ;
831 3960 1006 4016 ethoc
1027 3976 1275 4030 magnun.
1299 3962 1424 4031 quid
1455 3975 1508 4016 et
1541 3964 1783 4018 mirabile
1809 3965 1885 4017 vi-

287 4068 410 4108 sum
433 4063 536 4107 est.
568 4053 842 4123 Siquidem
877 4069 1001 4106 vere
1043 4069 1295 4123 magnum
1322 4064 1402 4108 est
1428 4073 1439 4106 :
1470 4054 1609 4110 istud
1647 4071 1776 4110 vero
1804 4058 1882 4110 vi-

289 4144 408 4200 dua:
437 4144 631 4199 factum
674 4143 831 4213 hujus
859 4145 1027 4200 multo
1053 4145 1145 4199 illo
1173 4145 1362 4215 majus.
1398 4146 1527 4199 Nam
1558 4147 1644 4200 ille
1675 4147 1888 4216 quidem

288 4253 414 4294 cum
445 4253 506 4292 se
534 4238 808 4303 nudasset,
841 4253 903 4292 ac
935 4237 1134 4293 nudum
1171 4239 1488 4308 operuissct,
1517 4242 1686 4308 potuit
1726 4241 1793 4294 ab
1813 4241 1889 4295 al-

291 4337 407 4384 tero
435 4339 636 4384 vestem
663 4329 905 4397 accipere
937 4347 949 4380 :
975 4328 1088 4382 hcce
1115 4343 1242 4384 vero
1273 4345 1390 4382 cmn
1423 4331 1604 4384 latina:
1632 4331 1889 4402 pugillum

293 4419 648 4488 prodegisset,
694 4421 915 4474 alterum
960 4421 1214 4490 pugillum
1250 4423 1495 4490 accipere
1539 4423 1759 4478 minime
1799 4438 1893 4492 po-

294 4509 432 4574 tuit;
463 4523 638 4580 neque
686 4509 938 4563 uttditatis
970 4519 1173 4563 tantum
1222 4510 1293 4564 illi
1335 4512 1626 4581 periculum
1653 4513 1888 4568 subcun-

291 4603 422 4658 tlum
451 4613 588 4668 erat,
629 4603 722 4658 sed
756 4615 937 4672 postea
982 4619 1128 4659 mors
1167 4605 1332 4674 ipsius
1361 4621 1422 4659 ac
1464 4606 1754 4661 liberorum
1778 4619 1893 4662 erat

293 4695 673 4766 exepectanda.
731 4695 864 4748 Cum
910 4695 1067 4764 igitur
1120 4711 1291 4766 neque
1343 4706 1672 4766 paupertate,
1721 4715 1893 4765 neque

295 4787 608 4841 alendorum
653 4801 778 4840 cura
833 4786 1083 4852 filiorum,
1116 4801 1286 4857 neque
1332 4789 1478 4857 gravi
1521 4789 1678 4854 fame,
1723 4807 1895 4861 neque

301 4890 446 4934 tanta
470 4887 727 4950 egestate,
759 4893 930 4949 neque
959 4881 1146 4932 mortis
1171 4881 1569 4949 exspectatione
1595 4880 1754 4936 fuerit
1795 4882 1894 4936 int-

299 4971 499 5040 pedita,
527 4985 646 5039 qum
674 4968 827 5023 nobis
853 4969 1053 5039 reliqua
1084 4969 1185 5023 erit
1215 4971 1486 5023 excusatio
1517 4971 1890 5041 locupletibus,

296 5074 417 5131 qua:
443 5059 807 5130 pauperibus?
842 5056 972 5112 Vivit
999 5056 1249 5114 Dominus
1278 5058 1416 5115 Deus
1443 5072 1579 5128 tuus,
1609 5065 1652 5116 si
1671 5073 1742 5117 est
1772 5064 1896 5117 mihi

289 5150 450 5219 panis
498 5150 884 5216 subcincritius,
927 5152 1024 5205 nisi
1061 5163 1309 5220 quantum
1353 5153 1575 5224 pugillus
1620 5157 1804 5227 farina:
1843 5157 1896 5210 in

294 5245 502 5316 hydria,
533 5254 580 5298 et
607 5261 788 5314 parum
814 5245 910 5298 olei
935 5245 986 5297 in
1019 5245 1214 5316 lecytho
1245 5261 1262 5299 :
1285 5256 1332 5300 et
1360 5264 1472 5302 ecce
1499 5251 1682 5320 colligo
1709 5251 1809 5304 duo
1836 5249 1898 5304 li-

296 5353 422 5410 gna,
445 5347 490 5391 et
514 5337 792 5408 ingrediar,
813 5348 860 5392 et
879 5339 1064 5409 faciant
1080 5340 1170 5392 illa
1189 5339 1312 5408 ﬁliis
1333 5341 1471 5405 meis,
1497 5351 1543 5394 et
1558 5343 1896 5409 comedemus,

300 5438 348 5482 et
373 5428 663 5482 moriemur.
698 5427 846 5484 lianc
871 5431 1233 5501 unusquisque
1269 5432 1652 5500 miserandum,
1689 5435 1773 5490 vel
1804 5451 1901 5504 pa-

303 5520 409 5576 tius
436 5520 798 5590 unusquisque
827 5520 1034 5575 beatam
1061 5523 1201 5576 illam
1224 5537 1407 5579 vocem
1429 5540 1493 5578 ac
1521 5525 1654 5580 caelo
1682 5526 1897 5596 dignam

301 5612 495 5666 domus
520 5626 630 5666 sua:
670 5613 956 5682 parietibus
1000 5615 1290 5680 inscribat,
1323 5616 1374 5670 in
1418 5619 1683 5684 cubiculo,
1714 5621 1900 5692 inquo

305 5701 616 5767 dormiit-us,
651 5704 702 5758 in
743 5704 1006 5770 conclavi,
1055 5706 1104 5760 in
1133 5723 1239 5776 quo
1281 5709 1622 5780 prattdetnus.
1657 5712 1803 5768 lianc
1845 5713 1899 5768 in

302 5794 527 5862 adibus,
562 5796 697 5851 hanc
741 5797 792 5852 iu
835 5796 972 5866 foro,
1020 5799 1156 5854 hanc
1201 5802 1254 5857 in
1305 5801 1597 5860 amicorum
1646 5785 1894 5874 cutibus,

1511 381 1578 439 IN
1617 376 1874 435 Ιιειωι
1916 376 2004 445 ΕΤ
2046 376 2331 438 τιουΑιι.

3457 379 3565 437 διε

1979 496 2117 551 hanc
2139 492 2266 549 dum
2296 492 2362 549 ad
2401 492 2643 564 iudicum
2674 491 2903 550 tribunal
2927 492 3122 564 pergit,
3151 491 3290 547 banc
3327 489 3452 546 dum
3479 497 3565 548 ln-

1964 583 2226 654 greditur,
2256 584 2393 639 hanc
2417 583 2549 647 dum
2588 582 2861 655 egreditur
2902 598 3087 638 voeetn
3127 582 3355 653 quisque
3393 582 3565 637 medi-

1969 682 2112 730 tetur
2138 691 2152 728 :
2181 684 2232 730 et
2249 682 2558 730 constanter
2575 673 2806 741 affirmo,
2828 676 3170 744 quantumvis
3196 687 3389 728 saxeus
3411 672 3569 728 fuerit

1969 766 2107 836 quis,
2137 775 2191 822 et
2231 755 2460 832 ferreus,
2504 774 2561 821 et
2597 765 2838 827 adamas.
2867 765 3087 822 minime
3112 780 3364 834 umquam
3397 763 3566 818 addu-

1970 865 2116 912 ctum
2147 857 2213 912 iri
2249 865 2303 912 ut
2332 856 2678 912 accedentem
2719 871 3008 928 pauperem
3039 857 3225 911 vacuis
3266 856 3512 910 manibus
3536 869 3567 909 a

1970 961 2031 1003 se
2054 947 2307 1012 dimittat,
2329 949 2374 1002 si
2397 963 2582 1006 vocem
2605 947 2742 1004 hanc
2764 947 3120 1017 inscrtpserit,
3144 948 3188 1001 si
3211 946 3424 1002 viduam
3444 953 3571 1001 ante

1971 1041 2157 1098 oculos
2185 1043 2410 1112 positam
2440 1040 2706 1096 habuerit.

2047 1129 2170 1186 Non
2213 1133 2474 1203 prapltelte
2515 1133 2678 1188 solum
2717 1131 3002 1203 excipiendi
3029 1140 3165 1187 sunt.
3197 1160 3270 1177 σ-
3294 1129 3400 1186 Sed
3428 1129 3568 1185 dicet

1974 1221 2203 1277 fortasse
2225 1224 2510 1292 quispiam:
2528 1221 2790 1277 Adducito
2803 1222 2931 1277 mihi
2951 1221 3287 1293 prophetam,
3308 1220 3572 1276 eteadem

1973 1330 2097 1372 cum
2123 1315 2494 1371 benevolentia
2525 1315 2674 1370 illum
2702 1315 3012 1384 suscipiam.
3053 1314 3166 1369 lloc
3191 1313 3318 1368 tnihi
3349 1311 3575 1384 promit-

1977 1419 2050 1472 te,
2081 1417 2191 1463 tum
2216 1423 2316 1477 t-go
2343 1408 2437 1462 tibi
2463 1405 2776 1477 prophetam
2807 1405 3087 1462 adducam.
3122 1405 3259 1472 Quid
3296 1405 3416 1458 dico
3448 1419 3576 1474 pro-

1978 1498 2235 1570 pltetam?
2277 1499 2452 1567 Ipsum
2503 1498 2597 1554 tibi
2634 1497 2909 1568 propheta:
2956 1497 3239 1553 Dominum
3287 1495 3575 1562 adducam,

1977 1605 2318 1646 communem
2363 1591 2528 1645 Deum
2570 1606 2634 1644 ac
2685 1589 2966 1645 Dominum
3013 1597 3250 1643 nostrum
3281 1587 3575 1645 Christum.

1977 1682 2097 1752 Ipse
2144 1682 2286 1736 enim
2335 1681 2486 1746 dicit,
2539 1678 2856 1735 Esurientem
2903 1697 2981 1734 me
3027 1679 3240 1742 vidistis,
3293 1687 3340 1732 et
3381 1678 3579 1732 aluistis

1947 1774 2193 1845 .(Nafflt.
2219 1773 2311 1827 es.
2344 1774 2457 1844 35).
2497 1757 2652 1840 Quod
2687 1773 2733 1826 si
2778 1773 2868 1843 qui
2914 1771 3050 1826 forte
3085 1772 3201 1826 voci
3231 1769 3387 1824 fidem
3422 1767 3580 1824 deru-

1977 1875 2129 1936 gant,
2159 1873 2214 1920 ct
2243 1863 2628 1919 humanitatem
2658 1879 2764 1918 non
2789 1873 3000 1930 curant,
3032 1877 3155 1918 cum
3182 1861 3445 1932 supplicio
3473 1873 3583 1929 pc.

1981 1958 2171 2027 nisque
2195 1957 2434 2026 castigati
2454 1953 2555 2011 hoc
2575 1955 2800 2010 discent.
2824 1954 3119 2024 Tamquam
3141 1954 3284 2009 enim
3305 1952 3576 2006 Christum

1983 2049 2157 2120 ipsum
2189 2062 2293 2103 non
2320 2057 2622 2112 curassent,
2653 2047 2731 2102 sic
2757 2047 2824 2101 ad
2847 2044 3238 2101 intolerandum
3258 2044 3579 2115 supplicium

1981 2141 2446 2214 abducentttr.’Sic
2468 2140 2627 2212 igitur
2655 2149 2709 2196 et
2738 2141 2826 2210 qui
2860 2154 3122 2209 pauperes
3147 2137 3394 2201 aluerint,
3428 2123 3581 2206 quasi

1981 2230 2256 2288 Christum
2282 2228 2453 2302 ipsum
2482 2230 2738 2296 curarint,
2782 2231 2836 2286 in
2867 2244 3090 2301 regnum
3119 2228 3371 2284 cmlorum
3411 2227 3582 2281 intro-

1983 2325 2270 2380 ducuntur.

2056 2416 2144 2472 ιο.
2179 2414 2430 2472 Fortasse
2457 2413 2608 2485 plura
2635 2413 2776 2469 dicta
2807 2421 2952 2476 sunt,
2984 2428 3143 2483 quam
3171 2410 3424 2480 oportuit.
3461 2407 3573 2464 Uti-

1984 2525 2106 2565 nam
2134 2517 2312 2564 autem
2353 2509 2467 2562 dies
2508 2521 2699 2561 omnes
2745 2507 2796 2560 in
2828 2519 3106 2560 scrtnones
3133 2503 3200 2558 de
3237 2502 3584 2572 eleemosyna

1986 2602 2172 2658 liceret
2198 2599 2535 2670 impendere!
2559 2597 2711 2666 Quod
2743 2597 2798 2652 si.
2816 2596 2964 2652 vobis
2990 2596 3106 2650 haec
3126 2594 3374 2649 sufficere
3400 2591 3586 2648 viden-

1986 2703 2092 2759 tttr,
2120 2707 2217 2764 age
2240 2689 2546 2748 summatim
2570 2687 2747 2744 omnia
2780 2687 2866 2743 illa
2896 2695 3223 2756 repetamus.
3254 2683 3369 2738 Dixi
3394 2696 3493 2752 qua
3518 2680 3588 2736 de

1984 2799 2144 2841 causa
2172 2785 2429 2854 propheta
2454 2781 2518 2836 ad
2547 2780 2759 2837 viduam
2780 2781 3103 2844 mitteretur,
3131 2791 3200 2832 ne
3221 2784 3600 2847 paupertatem,

1985 2875 2270 2946 despicias,
2304 2889 2372 2929 ne
2399 2873 2613 2928 divitias
2635 2873 2766 2927 tanti
2792 2871 2979 2934 facias,
3011 2886 3079 2924 ne
3109 2867 3430 2938 locupletem
3457 2865 3589 2920 bea-

1987 2974 2099 3021 tum
2129 2965 2428 3030 arbitreris,
2459 2979 2529 3020 ne
2576 2962 2846 3019 infelicem
2890 2977 2953 3016 ac
2992 2959 3338 3028 miseratione
3367 2958 3587 3028 dignum

1987 3071 2111 3112 eum
2158 3058 2248 3128 qui
2295 3064 2534 3125 egestate
2577 3054 2860 3126 premitur,
2901 3062 2958 3107 ut
2992 3048 3266 3107 Iudaicam
3299 3047 3589 3117 nequitiam

1987 3164 2300 3220 oogmscas.
2335 3149 2430 3204 llic
2455 3148 2598 3202 enim
2631 3147 2722 3202 Dei
2751 3160 2868 3200 mos
2890 3151 2994 3208 est,
3017 3157 3138 3198 cum
3166 3139 3484 3219 supplicium
3503 3146 3594 3192 est

1989 3237 2250 3303 illaturus,
2309 3247 2365 3292 ut
2405 3238 2566 3292 rebus
2607 3237 2736 3307 ipsis
2779 3249 2839 3291 se
2883 3241 3074 3304 purget
3107 3250 3121 3286 :
3155 3247 3224 3286 ne
3253 3246 3372 3286 cum
3405 3238 3591 3302 postea

1989 3344 2328 3383 communem
2360 3328 2596 3381 omnium
2632 3325 2963 3381 Salvatorem
2997 3323 3258 3392 reiectum
3285 3321 3354 3374 ab
3381 3319 3484 3374 illis
3509 3318 3593 3374 vi-

1990 3419 2159 3485 deris,
2205 3429 2259 3474 et
2299 3435 2326 3472 a
2367 3419 2615 3489 gentibus
2657 3424 2986 3493 susceptum,
3032 3411 3244 3468 mireris
3273 3420 3328 3466 et
3355 3409 3592 3475 dubites,

1991 3503 2112 3566 eum
2159 3511 2326 3564 multo
2370 3520 2495 3564 ante
2539 3510 2775 3579 ipsorum
2822 3506 3216 3576 improbitatem
3254 3501 3592 3574 cognoveris,

1991 3618 2191 3673 eosque
2230 3601 2366 3656 bene
2395 3599 2470 3674 \de
2508 3616 2568 3656 se
2593 3600 2817 3654 meritos
2862 3612 3059 3652 vexare
3095 3596 3438 3650 consuevisse
3476 3613 3488 3649 :
3526 3609 3594 3648 ne

1992 3692 2322 3748 crudelitatis
2351 3706 2470 3746 esse
2494 3679 2772 3745 arbitreris
2792 3688 3092 3744 orationem
3110 3686 3407 3757 prophetat,
3431 3692 3594 3753 atque

1997 3784 2398 3855 productionem
2429 3795 2620 3852 ptume,
2650 3778 2744 3835 sed
2776 3780 2876 3835 zeli
2901 3778 3066 3834 divini
3087 3793 3150 3832 ac
3172 3774 3548 3832 sollicitudinis
3580 3793 3595 3830 :

1995 3891 2050 3931 ut
2081 3883 2127 3929 ίέι
2166 3903 2174 3918 ι
2237 3895 2250 3918 τ
2282 3878 2332 3933 itt
2377 3875 2624 3930 maximis
2667 3884 2814 3928 recte
2853 3871 3006 3927 factis
3042 3869 3206 3926 etiam
3251 3867 3602 3938 castigatione

1996 3981 2240 4032 naturam
2267 3979 2502 4026 nostram
2535 3965 2775 4038 indigere
2805 3985 2818 4022 :
2861 3981 2928 4020 ne
2954 3980 3074 4019 cum
3103 3965 3170 4018 ad
3198 3963 3443 4018 eumdem
3475 3975 3597 4014 cum

2000 4075 2147 4132 preps
2191 4073 2256 4115 ,μη
2290 4060 2462 4115 zelum
2486 4066 2538 4112 te
2565 4057 2930 4122 adhortamur,
2961 4055 3078 4110 fieri
3105 4071 3210 4134 non
3234 4068 3389 4125 posse
3419 4061 3597 4123 putes,

1998 4164 2056 4209 ut
2085 4156 2230 4209 illum
2261 4152 2507 4209 imiteris.
2539 4149 2656 4207 Dixi
2682 4151 2750 4205 de
2790 4148 2970 4214 vidua,
3000 4162 3106 4219 quo
3151 4155 3306 4217 pacto
3345 4145 3398 4198 in
3426 4153 3601 4197 tantas

1999 4245 2272 4314 angustias
2315 4243 2549 4305 redacta,
2590 4240 2728 4295 fame
2755 4247 2999 4310 cogente,
3031 4253 3100 4294 ne
3129 4235 3349 4292 verbum
3383 4234 3600 4307 quidem

2000 4351 2249 4406 asperum
2281 4335 2539 4388 adversus
2582 4331 2896 4401 prophetam
2927 4330 3126 4393 emisit,
3170 4327 3379 4382 tametsi
3421 4340 3602 4398 rerum

2000 4427 2158 4482 statui
2187 4436 2606 4480 consentaneum
2630 4432 2766 4486 erat,
2799 4431 2959 4490 atque
3002 4419 3104 4498 hoc
3132 4435 3195 4473 cx
3225 4415 3470 4486 superbia
3501 4415 3598 4471 Ju-

2000 4520 2240 4574 dmornm
2272 4514 2479 4569 ostendi
2511 4533 2522 4566 :
2555 4513 2684 4568 nihil
2717 4526 2892 4568 tamen
2935 4511 3125 4566 horum
3156 4511 3233 4564 illi
3264 4508 3477 4572 accidit,
3505 4506 3601 4563 sed

2001 4626 2122 4666 cum
2155 4609 2317 4663 multa
2345 4607 2490 4662 illum
2517 4608 2769 4660 comitate
2797 4616 2953 4674 atque
2981 4603 3310 4657 immanitate
3345 4600 3600 4668 suscepit,

2004 4711 2276 4769 totamque
2306 4713 2455 4751 suam
2483 4704 2774 4767 egestatem
2809 4696 2860 4748 in
2893 4693 3010 4764 ejus
3036 4694 3297 4748 honorem
3321 4689 3601 4765 impendit,

2002 4807 2123 4846 cum
2150 4789 2365 4847 Sidonia
2397 4797 2542 4843 esset
2571 4798 2620 4841 et
2661 4788 2982 4856 alienigena,
3017 4799 3197 4862 neque
3219 4780 3509 4860 prOphetas
3533 4781 3604 4835 de

2004 4883 2342 4950 clecmosyna
2369 4877 2807 4949 phil050phantes
2836 4877 3112 4943 audiisset,
3137 4889 3312 4946 neque
3335 4872 3604 4928 Christum

2004 4978 2290 5039 dicentem,
2322 4971 2640 5028 Esurientem
2681 4988 2758 5024 me
2787 4970 2999 5038 vidistis,
3042 4978 3088 5024 el
3117 4969 3335 5023 aluistis.
3362 4969 3603 5035 Quanam

2007 5069 2166 5138 igitur
2199 5067 2347 5122 venia
2375 5064 2516 5134 digni
2545 5064 2908 5129 censebimur,
2952 5063 2998 5116 si
3029 5071 3108 5116 tot
3135 5061 3332 5116 auditis
3357 5059 3605 5115 cohorta-

2008 5161 2259 5225 tionibus,
2288 5161 2331 5214 si
2373 5166 2492 5226 post
2527 5166 2795 5212 tantorum
2838 5155 3098 5226 promissa
3145 5153 3519 5224 prmtttiorum,
3559 5151 3608 5206 si

2007 5251 2281 5325 proposito
2307 5266 2475 5321 regno
2503 5249 2782 5314 cmlorum,
2809 5264 2912 5304 non
2943 5247 3010 5303 ad
3035 5247 3283 5304 eumdem
3305 5261 3425 5301 cum
3453 5244 3607 5300 vidua

2007 5347 2274 5402 comitatis
2301 5355 2354 5400 et
2385 5343 2732 5400 humanitatis
2759 5342 2983 5414 gradum
3032 5337 3441 5411 perveniamus?
3475 5336 3608 5392 Nam

2008 5441 2096 5496 illa
2125 5439 2338 5510 quidem
2359 5437 2577 5494 Sidonia
2602 5436 2703 5493 fuit
2721 5444 2778 5490 et
2799 5435 3116 5504 alienigena,
3139 5442 3194 5490 et
3216 5432 3408 5486 mulier
3429 5428 3608 5493 vidua,

2007 5541 2062 5587 ct
2091 5531 2378 5589 multorum
2411 5530 2488 5584 illi
2513 5538 2631 5584 erat
2653 5543 2783 5584 cura
2805 5526 3116 5589 liberorum,
3143 5522 3502 5595 periculosam
3532 5519 3601 5572 fa~

2007 5641 2148 5680 mem
2182 5623 2394 5678 videbat
2419 5633 2472 5677 et
2503 5631 2732 5682 mortem
2782 5619 3150 5676 imminentem
3171 5658 3188 5684 ,
3221 5627 3289 5674 let
3337 5615 3608 5670 hominem

2009 5715 2248 5786 ignotum
2281 5721 2401 5770 erat
2432 5721 2717 5783 exceptura
2752 5712 2950 5782 quique
2991 5709 3185 5770 famem
3229 5709 3525 5770 invexerat,
3557 5717 3614 5765 et

2011 5822 2079 5864 ne
2110 5806 2188 5863 sic
2215 5805 2430 5877 quidem
2449 5803 2646 5876 pugillo
2678 5803 2918 5876 pepercit
2947 5819 2959 5857 :
2987 5810 3044 5858 at
3065 5815 3164 5859 nos
3191 5801 3278 5879 qui
3302 5809 3355 5856 et
3381 5796 3606 5870 [περιιο-
