4074 6398
544 338 653 394 547

543 453 632 506 tia:
662 450 949 521 participes
988 452 1204 521 fuimus,
1235 462 1290 508 et
1313 453 1507 509 divinis
1529 455 1728 510 exculti
1766 452 2129 525 dogmatibus,

540 540 633 610 qui
672 541 741 597 de
775 542 936 598 rebus
981 541 1171 598 futuris
1211 558 1494 613 possumus
1533 544 1915 615 philosophari,
1957 561 2131 615 neque

543 629 739 687 famem
768 633 1008 688 videmus
1035 635 1343 699 instantem,
1374 646 1428 689 et
1455 636 1544 705 qui
1576 636 1742 689 multo
1770 636 1939 704 plura,
1967 651 2127 704 quam

542 722 737 776 mulier
776 721 1126 790 possidemus,
1170 739 1460 792 quamnam
1500 724 1790 795 poterimus
1825 724 2129 779 excusatio-

543 826 665 865 nem
694 810 1003 872 obtendere.
1035 813 1124 885 qui
1167 812 1506 869 facultatibus
1536 814 1821 885 parcimus.
1849 824 1900 869 et
1932 826 2129 869 uostrm

541 898 728 955 salutis
755 902 958 972 prodigi
985 905 1208 960 sumus?
1236 903 1303 960 Ut
1334 905 1492 975 igitur
1516 906 1695 975 gravia
1738 905 1825 959 illa
1865 915 2127 960 tormenta

1282 338 1338 397 8.
1378 337 1656 397 JOANNIS
1691 334 2167 393 CllRYbOSTODll
2206 335 2525 395 ARCHIEP.
2566 333 3107 397 CONSTANTINOP.

3719 332 3829 389 848

2233 456 2484 521 vitemus,
2530 468 2746 510 omnem
2790 450 3215 508 miscricordiam
3258 450 3315 506 in
3350 464 3549 521 egenos
3576 450 3835 506 exhibes-

2234 562 2376 614 mus,
2408 556 2540 602 utet
2564 561 2663 601 nos
2691 546 2905 616 assequi
2947 545 3085 600 bona
3122 544 3297 600 futura
3327 559 3633 599 mereamur
3661 542 3834 613 gratia

2233 647 2288 693 et
2315 638 2643 708 benignitate
2674 637 2882 691 Domini
2921 636 3091 689 nostri
3134 635 3264 690 Jesu
3298 634 3532 699 Christi,
3572 648 3695 689 cum
3726 646 3838 702 quo

2232 731 2399 799 gloria
2427 728 2590 794 Patri,
2625 743 2729 782 una
2758 743 2880 784 cum
2906 727 3110 798 Spiritu
3135 737 3322 783 sancto
3350 724 3404 782 in
3436 724 3633 782 smcula
3661 739 3839 780 sarcu-

2234 821 2430 874 lorum.
2471 821 2664 874 Amen.

571 1118 3797 1154 ἕξω-ηψπ

1999 1380 2352 1442 MONITUM

2146 1550 2164 1595 \

629 1579 779 1637 lianc
804 1581 1225 1651 pulcherrimam
1261 1586 1578 1638 concionem
1612 1583 1802 1638 habuit
1824 1579 2253 1655 Chrysostoritus
2293 1583 2620 1650 Antiochiae,
2664 1590 2723 1639 ut
2770 1583 3018 1653 arguitur
3068 1597 3137 1637 ex
3181 1580 3250 1637 iis
3295 1593 3416 1652 quae
3446 1581 3553 1635 sub
3582 1580 3805 1636 initium

555 1693 829 1757 dicuntur,
865 1709 1055 1764 nempe
1079 1694 1144 1748 ad
1172 1696 1312 1749 hunc
1341 1705 1637 1767 martyrum
1662 1696 1843 1750 locum
1874 1696 2134 1765 pupulum
2160 1696 2477 1750 ventitasse.
2520 1694 2683 1750 Extra
2709 1694 2901 1749 urbem
2932 1707 3129 1764 nempe
3152 1700 3270 1747 erat
3292 1690 3545 1757 ecclesia,
3576 1701 3807 1761 preptcr

555 1814 855 1876 martyrum
884 1803 1140 1875 reliquias
1172 1804 1531 1876 frequentata,
1558 1822 1665 1877 quo
1698 1806 1996 1877 pergebant
2022 1807 2205 1876 populi
2239 1807 2457 1876 pietatis
2486 1806 2693 1877 gratia,
2723 1816 2779 1863 et
2820 1806 2914 1863 ubi
2954 1804 3250 1862 conciones
3277 1802 3595 1875 frequenter
3634 1802 3811 1857 habe-

3668 2060 3702 2064 γν-
3716 2052 3814 2065 -..ρ-ιο

1475 2157 1613 2226 DE
1656 2152 2320 2224 FUTURORUM
2366 2150 2876 2238 DELICIIS,

1644 2324 1723 2365 ετ
1766 2321 2182 2366 russeum!
2227 2322 2520 2366 vtu'rs'rs
2552 2303 2666 2385 (a).

1813 2464 2102 2480 -——

600 2570 648 2623 1.
697 2567 1019 2624 Auditoribus
1065 2568 1128 2623 de
1173 2567 1435 2622 alacritate
1480 2568 1806 2638 gratulatur;
1843 2583 1957 2637 qua:
1993 2582 2109 2621 vera

523 2660 625 2713 sint
668 2660 883 2752 insignia
925 2661 1246 2732 magistratu:
1284 2657 1903 2729 exponit—Vehemens
1950 2668 2113 2711 :rstus

525 2759 631 2815 est,
662 2749 717 2804 et
744 2750 999 2803 molestus
1024 2749 1217 2814 ardor;
1259 2758 1492 2804 attamen
1522 2749 1849 2804 alacritatem
1880 2756 2111 2802 vestram

530 2858 638 2895 non
678 2842 992 2906 debilitavit,
1034 2855 1134 2896 nec
1171 2841 1416 2897 audiendi
1454 2840 1796 2910 cupiditatem
1835 2840 2110 2908 repressit.

526 2928 676 2985 Talis
700 2940 783 2986 est
814 2930 1027 2986 auditor
1064 2930 1273 2987 fervens
1303 2942 1358 2987 ct
1385 2940 1651 2997 attentus;
1694 2930 1939 2986 audiendi
1964 2929 2110 2985 desi-

525 3023 677 3079 derio
696 3023 1071 3078 corroboratus
1104 3025 1281 3078 omnia
1329 3023 1587 3093 patienter
1629 3023 1767 3078 ferre
1810 3031 2005 3092 potest,
2054 3031 2111 3077 ut

527 3110 867 3182 cupiditatem
905 3111 1041 3167 hanc
1076 3114 1384 3183 praeclaram
1416 3121 1469 3166 ct
1517 3111 1852 3180 spiritualem
1880 3112 2110 3182 expleat,

527 3214 578 3255 et
626 3218 723 3258 nec
752 3200 1055 3273 a'frigore,
1101 3219 1201 3260 nec
1244 3206 1311 3259 ab
1350 3215 1503 3270 testu,
1558 3221 1662 3259 non
1699 3220 1729 3258 a
1776 3206 2113 3273 negotiorum

529 3293 703 3358 turba,
738 3309 840 3348 non
871 3309 901 3347 a
932 3295 1269 3350 multitudine
1294 3311 1560 3360 curarmn,
1594 3295 1786 3350 nonab
1811 3296 1929 3356 aliis
1956 3297 2116 3352 rebus

530 3382 651 3437 ullis
679 3382 941 3452 ejusmodi
969 3395 1143 3454 potest
1172 3387 1501 3455 supplantari
1536 3406 1549 3440 :
1576 3387 2027 3458 quemadmodum
2058 3399 2113 3444 et

528 3472 774 3541 supinum
800 3488 864 3529 ac
897 3474 1135 3531 desidem
1167 3492 1273 3531 non
1307 3478 1444 3533 acris
1491 3479 1626 3533 bona
1667 3481 1971 3550 temperies,
2005 3495 2110 3537 non

527 3564 694 3618 otium
728 3574 783 3620 et
821 3567 1101 3634 securitas,
1129 3583 1233 3622 non
1275 3569 1499 3625 facilitas
1535 3580 1629 3626 aut
1671 3572 1913 3641 voluptas
1942 3582 2115 3642 potest

527 3655 783 3721 excitare,
827 3656 920 3711 sed
955 3668 1234 3729 correptus
1274 3675 1463 3714 somno
1497 3662 1726 3731 quodam
1771 3662 1969 3717 residet
2002 3666 2110 3718 cri-

529 3746 674 3800 mine
716 3761 779 3800 ac
816 3747 1207 3815 vituperatione
1241 3750 1569 3820 dignissimo.
1617 3752 1723 3807 Vos
1770 3763 1945 3808 autem
1979 3756 2111 3811 tales

530 3849 636 3888 non
668 3836 797 3890 estis
822 3856 834 3888 :
864 3838 960 3892 sed
989 3839 1050 3892 iis
1082 3839 1171 3909 qui
1203 3853 1438 3895 uosuatn
1468 3842 1705 3897 incolunt
1730 3843 1916 3898 urbem
1946 3844 2112 3901 multo

527 3924 776 3978 meliores
815 3928 966 3981 esus.
1006 3928 1277 3998 Siquidem
1316 3944 1410 3985 vos
1444 3933 1591 3986 urbis
1628 3943 1787 4002 caput
1824 3949 1890 3989 ac
1929 3946 2113 3991 vertex

524 4013 657 4066 estis
685 4012 818 4067 adeo
843 4016 1008 4070 erecti
1037 4032 1099 4072 ac
1142 4019 1359 4088 vigiles,
1396 4029 1449 4075 et
1472 4022 1564 4090 qui
1593 4036 1655 4077 ea
1692 4038 1812 4093 qua:
1837 4024 2108 4093 dicuntur,

525 4109 781 4167 perpetuo
802 4105 1043 4171 persequi
1074 4104 1310 4161 studiose
1329 4108 1531 4163 soletis.
1548 4108 1663 4165 lloc
1683 4110 1812 4166 mihi
1836 4111 2102 4168 theatrum

524 4201 709 4257 regum
738 4191 873 4245 aulis
903 4200 989 4247 est
1020 4196 1311 4264 augustius.
1343 4196 1475 4253 Nam
1505 4199 1612 4254 illic
1638 4200 1853 4268 quidem
1888 4218 1948 4257 ea
1983 4220 2102 4273 qua:

523 4280 847 4345 tribuuntur,
874 4297 978 4338 una
1018 4299 1142 4341 cum
1175 4285 1275 4341 hac
1303 4288 1407 4342 vita
1448 4288 1722 4355 liniuntur,
1750 4299 1802 4345 et
1847 4295 2103 4348 tumultus

526 4371 679 4441 plena
708 4381 831 4427 sunt
856 4387 921 4427 ac
960 4373 1129 4430 turbis
1155 4376 1451 4432 redundant
1479 4396 1494 4433 :
1523 4380 1608 4435 hic
1633 4396 1761 4436 vero
1802 4381 1933 4437 nihil
1964 4384 2104 4451 tale;

522 4463 619 4519 sed
640 4472 691 4518 et
710 4465 970 4522 securitas
990 4470 1182 4532 omnis,
1208 4479 1260 4524 et
1285 4468 1457 4524 honor
1481 4486 1511 4525 a
1539 4470 1703 4526 turbis
1729 4472 1978 4528 immunis
1999 4486 2104 4541 est,

523 4563 580 4609 et
600 4557 934 4626 magistratus
953 4560 1041 4630 qui
1072 4576 1356 4632 numquam
1385 4562 1657 4627 liniuntur,
1681 4580 1779 4619 nec
1801 4566 1909 4633 ipsa
1933 4578 2105 4622 morte

523 4644 999 4719 interrumpuntur,
1018 4652 1245 4706 sedtum
1271 4655 1527 4723 temporis
1559 4654 1776 4709 tutiores
1798 4655 1945 4710 fiunt.
1972 4657 2105 4713 Nolo

522 4738 667 4792 enim
697 4739 825 4794 mihi
846 4754 1235 4797 commemores
1259 4758 1379 4798 eum
1402 4744 1491 4815 qui
1522 4745 1705 4799 sedeat
1741 4746 1793 4800 in
1815 4761 1994 4813 curru,
2024 4765 2106 4803 su-

524 4828 739 4896 percilia
768 4830 991 4897 attollat,
1022 4832 1290 4901 multoque
1319 4834 1388 4889 sit
1407 4835 1657 4890 satellitio
1673 4836 1899 4901 cinctus,
1928 4854 2102 4906 neque

523 4916 792 4986 cingulum
821 4927 876 4974 et
903 4935 1085 4976 vocem
1114 4924 1406 4991 praeconis:
1437 4924 1563 4978 nolo
1586 4925 1712 4980 mihi
1735 4929 2099 4997 magistratum

523 5004 647 5061 inde
674 5007 919 5077 designes
948 5029 961 5064 :
992 5012 1087 5067 sed
1132 5013 1200 5068 ab
1237 5014 1395 5070 animi
1434 5024 1594 5082 statu,
1618 5018 1662 5073 si
1688 5018 1966 5074 affectibus
2004 5022 2101 5077 im-

524 5106 694 5165 paret,
726 5098 768 5152 si
806 5101 927 5154 vitia
968 5102 1193 5171 subigat,
1223 5105 1488 5169 videlicet,
1536 5108 1581 5161 si
1623 5108 1924 5165 divitiarum
1963 5112 2105 5181 cupi-

522 5188 672 5241 ditati
701 5189 1024 5258 dominetur,
1067 5195 1109 5248 si
1145 5210 1425 5265 corporum
1468 5197 1838 5266 inexplebilem
1863 5216 2101 5258 amorem

520 5278 811 5348 subegerit,
830 5281 874 5335 si
903 5297 1006 5335 non
1033 5282 1226 5339 invidia
1253 5286 1566 5349 tabescat,si
1591 5303 1694 5346 non
1723 5289 1894 5353 inanis
1920 5292 2102 5359 gloria:

522 5367 920 5435 perturbatione
962 5370 1304 5437 distrahatur,
1351 5375 1394 5429 si
1435 5388 1724 5445 egestatem
1766 5395 1871 5435 non
1903 5390 2103 5442 metuat

522 5466 572 5507 et
603 5466 807 5524 tremat,
840 5462 884 5515 si
914 5477 1017 5515 non
1062 5463 1113 5516 in
1151 5464 1385 5519 deterius
1425 5472 1793 5536 mutationem,
1829 5473 1871 5525 si
1902 5471 2001 5526 hoc
2034 5474 2101 5526 ti-

522 5560 671 5599 more
700 5562 804 5602 non
832 5548 1179 5607 exanimetur.
1211 5553 1396 5609 Talem
1427 5555 1557 5615 mihi
1601 5560 1963 5627 magistratum
2008 5578 2098 5615 os-

521 5636 678 5691 tende
723 5639 867 5694 :hoc
909 5643 1049 5697 enim
1092 5654 1173 5699 est
1210 5661 1394 5716 gerere
1438 5648 1826 5717 magistratum.
1870 5652 2019 5720 Quod
2054 5655 2097 5710 si

580 5750 653 5811 (nl
686 5752 863 5805 collata
883 5768 995 5811 cum
1015 5764 1123 5811 Mss.
1148 5766 1264 5825 Reg.
1290 5759 1377 5815 197
1389 5760 1429 5821 l,
1458 5765 1509 5812 et
1532 5759 1663 5813 Colb.
1689 5761 1830 5815 5058.

2114 2444 2257 2499 8&0

2263 2464 2567 2479 *ια*

2226 2564 2531 2619 hominibus
2554 2561 2770 2632 quidem
2810 2561 3056 2632 imperet,
3088 2558 3181 2615 sed
3209 2552 3488 2614 affectibus
3512 2556 3681 2611 animi
3700 2571 3821 2610 ser-

2220 2656 2347 2717 viat,
2391 2653 2534 2707 hunc
2581 2667 2681 2722 ego
2722 2651 2949 2707 dixerim
2998 2650 3119 2720 plus
3147 2665 3302 2720 quam
3334 2663 3523 2703 omnes
3568 2647 3821 2702 homines

2219 2761 2339 2801 esse
2367 2745 2609 2800 servituti
2647 2743 2958 2797 olmoxium.
3008 2740 3076 2795 Et
3116 2738 3567 2810 quemadmodum
3596 2739 3688 2808 qui
3739 2737 3822 2792 fe-

2219 2836 2356 2890 brim
2384 2834 2581 2890 habeat
2612 2834 2905 2888 visceribus
2930 2846 2992 2886 ac
3025 2831 3176 2885 venis
3222 2830 3365 2884 intus
3409 2829 3699 2891 inclusam,
3737 2838 3820 2881 ta-

2220 2927 2375 2983 metsi
2403 2926 2534 2981 nihil
2558 2926 2660 2981 tale
2690 2924 2896 2995 species
2924 2923 3164 2993 corporis
3184 2930 3402 2977 externa
3428 2935 3540 2991 pra:
3570 2935 3631 2974 se
3659 2918 3820 2982 ferat,

2222 3020 2442 3075 omnino
2463 3018 2612 3073 febre
2641 3016 2872 3071 maxime
2898 3021 3203 3083 correptum
3233 3020 3476 3067 asserem
3506 3009 3727 3073 medici,
3752 3010 3819 3061 li-

2218 3120 2305 3165 cet
2330 3110 2576 3179 iguorent
2615 3107 2846 3176 imperiti
2893 3123 2907 3159 :
2947 3104 3026 3159 sic
3053 3114 3108 3159 et
3131 3119 3231 3174 ego
3253 3102 3400 3156 illum
3440 3102 3524 3156 cui
3562 3116 3720 3156 serva
3751 3100 3823 3154 sit

2220 3205 2396 3258 anima
2424 3211 2477 3257 et
2509 3200 2670 3255 animi
2713 3198 2989 3253 all'cctihus
3034 3196 3356 3265 mancipata,
3387 3194 3511 3249 licet
3542 3194 3680 3247 nihil
3714 3193 3823 3246 tale

2221 3291 2387 3347 facies
2407 3301 2647 3353 externa,
2671 3288 2765 3343 sed
2791 3288 3117 3343 contrarium
3149 3302 3257 3355 pne
3283 3302 3341 3340 se
3376 3284 3533 3349 ferat,
3571 3285 3821 3338 servituti

2222 3383 2512 3439 obnoxium
2555 3397 2663 3451 pra:
2702 3380 2911 3435 caneris
2949 3379 3197 3439 dixerim,
3228 3383 3409 3446 utpote
3437 3375 3527 3444 qui
3561 3375 3821 3428 vitiorum

2222 3473 2411 3527 lebrim
2440 3479 2769 3541 grassantem
2812 3472 2951 3524 intus
2982 3468 3195 3534 habeat,
3226 3482 3291 3521 ac
3328 3465 3670 3535 tyrannidem
3698 3481 3825 3534 pas-

2220 3564 2430 3619 sionum
2462 3563 2559 3633 ipsi
2590 3562 2782 3616 animae
2825 3559 3147 3615 insidentem
3177 3575 3190 3612 :
3236 3558 3605 3627 magistratum
3633 3565 3822 3611 autem

2218 3670 2425 3723 gerere,
2457 3662 2512 3708 et
2531 3652 2757 3707 liberum
2785 3664 2905 3705 esse
2933 3664 2996 3703 ac
3022 3650 3234 3719 regibus
3268 3646 3399 3716 ipsis
3422 3646 3818 3716 augustiorem,

2219 3747 2461 3816 quamvis
2486 3746 2677 3815 pannis
2718 3743 2932 3797 indutus
2965 3742 3056 3807 sit,
3099 3739 3342 3809 quamvis
3383 3737 3436 3791 in
3469 3752 3691 3791 carcere
3721 3737 3821 3791 ha-

2217 3838 2370 3902 bitet,
2398 3836 2637 3907 quamvis
2666 3844 2851 3889 catena
2878 3833 2947 3886 sit
2971 3830 3352 3897 circumdatus,
3384 3843 3507 3883 eum
3533 3828 3626 3898 qui
3654 3829 3820 3895 hujus

2222 3928 2513 3999 tyrannidis
2537 3931 2720 3997 jugum
2758 3924 3072 3986 excusserit,
3097 3932 3152 3976 et
3188 3936 3359 3990 neque
3388 3920 3568 3988 pravis
3602 3920 3817 3989 cupidi-

2224 4018 2418 4073 tatibus
2448 4024 2710 4080 teneatur,
2738 4029 2838 4070 nec
2872 4012 3105 4067 absurdo
3142 4012 3467 4081 paupertatis
3499 4020 3555 4063 et
3583 4011 3818 4080 ignomi-

2220 4108 2344 4175 nite,
2369 4122 2540 4178 neque
2566 4123 2751 4162 eorum
2781 4122 2899 4177 qnse
2940 4107 2993 4159 in
3019 4104 3120 4159 hac
3150 4107 3254 4157 vita
3285 4104 3510 4158 moles‘la
3536 4103 3814 4168 videntur,

2221 4201 2411 4252 timore
2437 4205 2715 4265 correptus
2743 4193 3139 4251 contremiscat.

2288 4287 2343 4341 9...
2376 4286 2649 4357 Ejusmodi
2680 4285 3016 4355 magistratus
3044 4299 3149 4339 non
3176 4284 3399 4354 pecunia
3431 4283 3652 4340 venales
3681 4298 3814 4355 pro-

2213 4388 2376 4444 stant,
2407 4393 2581 4449 neque
2617 4376 2914 4431 invidorum
2955 4384 3135 4446 patent
3177 4375 3519 4430 incursibus:
3547 4375 3694 4431 hunc
3719 4392 3814 4431 ae-

2212 4470 2473 4525 cusatoris
2505 4469 2681 4537 lingua
2717 4482 2823 4522 non
2869 4468 3017 4521 novit
3041 4506 3055 4530 ,
3100 4480 3199 4520 nec
3239 4465 3429 4520 oculus
3458 4465 3764 4522 invidorum
3791 4508 3810 4534 ,

2212 4578 2387 4633 neque
2416 4560 2786 4617 insidiatorum
2818 4558 3100 4623 machinae,
3134 4557 3229 4613 sed
3261 4567 3529 4629 tamquam
3556 4558 3609 4611 in
3640 4559 3823 4612 invio:

2213 4654 2360 4709 labili
2382 4652 2612 4723 quodam
2646 4649 2997 4721 philosophia:
3022 4649 3297 4704 domicilio
3324 4648 3566 4705 residens
3596 4664 3818 4719 perma-

2214 4757 2306 4802 net
2350 4759 2563 4815 semper
2605 4744 2871 4809 invictus,
2920 4755 3095 4811 neque
3124 4750 3330 4795 tantum
3360 4741 3574 4796 carteris
3625 4756 3811 4796 rerum

2214 4840 2558 4894 adversarum
2590 4836 2823 4900 casibus,
2853 4834 2947 4890 sed
2973 4850 3073 4890 nec
3095 4834 3193 4904 ipsi
3223 4835 3381 4888 morti
3411 4834 3574 4888 cedit.

2286 4929 2575 4999 Martyrum
2603 4937 2818 4995 potestas
2842 4935 3066 4995 quanta;
3096 4925 3387 4995 spirituales
3415 4924 3607 4977 divitite
3631 4923 3814 4978 distri-

2212 5023 2415 5077 butione
2456 5028 2725 5084 crescunt;
2765 5034 2854 5071 cur
2893 5018 3113 5071 caducas
3139 5032 3246 5070 esse
3270 5033 3351 5071 res
3376 5016 3493 5070 vita
3519 5016 3676 5086 hujus
3721 5032 3813 5070 tto-

2213 5116 2362 5169 luerit
2391 5113 2530 5167 Deus
2552 5131 2571 5179 ;
2596 5111 2825 5182 angelica
2854 5122 2925 5165 est
2955 5110 3056 5165 vita
3083 5110 3386 5181 evangelica.
3413 5139 3485 5149 —-
3504 5109 3815 5164 Ostendunt

2214 5209 2314 5262 hoc
2334 5217 2621 5278 martyres,
2645 5220 2867 5275 quorum
2888 5217 3119 5273 corpora
3141 5202 3357 5272 quidem
3378 5200 3635 5256 dissoluta
3660 5214 3810 5260 sunt.

2211 5305 2265 5351 et
2291 5297 2343 5351 in
2374 5297 2646 5367 pulverem
2675 5295 3015 5363 cineremque
3046 5293 3263 5348 redacta
3295 5310 3308 5345 :
3339 5293 3683 5362 magistratus
3711 5309 3812 5346 an-

2214 5400 2321 5445 tem
2356 5403 2419 5443 ac
2448 5387 2777 5458 principatus
2805 5386 3044 5457 quotidie
3073 5387 3235 5450 vivit,
3281 5395 3337 5440 et
3363 5390 3617 5453 operatur
3637 5425 3653 5449 ,
3678 5386 3809 5440 dum

2209 5481 2482 5537 daemones
2507 5480 2699 5549 abigit,
2740 5488 2794 5534 et
2822 5480 3040 5534 morbos
3066 5479 3117 5532 in
3151 5475 3327 5549 fugam
3355 5480 3649 5540 convertit,
3676 5480 3808 5533 dum

2212 5571 2449 5641 integras
2476 5570 2634 5624 urbes
2655 5569 2879 5636 excitat,
2921 5556 2974 5624 et
3002 5570 3226 5641 populos
3256 5571 3307 5622 in
3341 5567 3483 5622 hunc
3504 5569 3681 5622 locum
3712 5572 3809 5623 de-

2208 5663 2373 5718 ducit.
2407 5663 2577 5718 Tauta
2606 5664 2945 5733 magistratus
2970 5672 3019 5717 et
3067 5662 3274 5730 imperii
3308 5662 3459 5715 istius
3488 5671 3569 5714 est
3598 5664 3768 5715 virtus
3787 5703 3802 5721 ,

2214 5771 2319 5814 non
2346 5770 2584 5812 Vtvorum
2613 5765 2814 5812 tantum
2853 5757 3172 5827 principum,
3216 5753 3311 5810 sed
3343 5755 3501 5810 etiam
3536 5753 3641 5808 vita
3676 5754 3799 5809 fun-
