4074 6404
256 392 361 449 549

247 514 487 570 ctorum,
510 509 568 557 ut
591 499 912 558 necessitate
934 497 1245 569 compulsus
1261 495 1559 566 nemo,~sed
1580 504 1772 567 sponte
1786 509 1851 551 sc

248 596 469 668 proprio
491 591 694 647 inducti
716 591 909 646 aﬂ'ectu
936 590 1041 645 hue
1067 605 1257 646 omnes
1289 597 1594 654 accurrant,
1625 602 1726 642 nec
1746 585 1852 641 ulla

248 685 511 754 temporis
555 682 942 754 longinquitate
984 681 1272 735 minuatur.
1303 677 1508 734 Videtis
1554 692 1714 748 quam
1743 692 1853 732 non

247 779 366 832 sine
396 789 557 830 causa
585 775 855 830 theatrum
877 771 1018 828 istud
1037 787 1224 843 regum
1250 770 1390 826 aulis
1413 769 1694 840 augustius
1720 781 1843 823 esse

247 865 522 922 dixerim?
551 864 682 920 Nam
704 880 824 935 qua:
850 863 955 919 illic
980 873 1137 928 sunt,
1179 862 1321 918 foliis
1349 862 1544 916 similia
1570 869 1695 914 sunt
1723 875 1854 915 exa-

255 958 592 1015 reseeutibus
612 999 628 1023 ,
658 969 713 1013 et
735 955 936 1013 umbris
962 954 1410 1027 praitereuntibus
1440 970 1456 1008 :
1485 968 1548 1010 ea
1585 967 1714 1008 vero
1732 967 1854 1022 qua:

249 1049 341 1105 hic
370 1049 678 1113 traduntur,
725 1047 1064 1103 admirantem
1107 1047 1408 1134 imitantur,
1442 1044 1525 1098 vel
1559 1043 1737 1114 potius
1763 1043 1852 1097 illo

246 1141 487 1194 ﬁrmiora
507 1149 652 1204 sunt,
681 1149 866 1208 utpote
887 1153 1006 1209 qua:
1027 1136 1346 1192 immortalia
1369 1137 1497 1200 sint,
1522 1143 1577 1191 et
1603 1135 1847 1200 intmota,

254 1246 355 1286 nec
380 1229 471 1284 ulli
500 1229 694 1284 cedant
722 1243 974 1299 umquam
1004 1226 1308 1292 mutationi,
1331 1235 1385 1282 et
1408 1228 1475 1280 ad
1497 1239 1625 1280 suos
1643 1233 1852 1280 amato-

246 1336 339 1376 res
365 1319 632 1390 intrepide
651 1319 930 1392 accedant,
964 1334 1154 1390 pugna:
1181 1333 1246 1373 ac
1275 1316 1638 1374 contentionis
1663 1331 1853 1386 exper-

248 1412 344 1476 tia,
374 1423 533 1481 atque
554 1452 570 1479 ,
597 1411 665 1466 ab
688 1409 917 1474 invidia,
943 1408 1159 1478 judiciis
1177 1451 1194 1475 ,
1223 1418 1278 1463 et
1298 1408 1536 1474 insidiis,
1565 1423 1629 1464 ac
1648 1408 1854 1462 calum-

249 1502 356 1556 niis
399 1503 506 1555 sint
552 1502 829 1557 immunia.
876 1499 1151 1571 Siquidem
1193 1500 1470 1556 macularia
1517 1499 1715 1554 multos
1757 1515 1851 1567 pa-

248 1594 457 1650 tiuntur
496 1594 745 1658 invidos,
797 1593 1090 1664 spiritualia
1144 1608 1311 1660 vero,
1369 1603 1571 1665 quanto
1611 1593 1852 1664 pluribus

245 1685 640 1738 communicata
677 1685 907 1749 iuerint,
951 1698 1018 1738 eo
1065 1683 1326 1753 majorem
1369 1699 1521 1738 suam
1555 1683 1849 1740 ubertatem

245 1775 559 1830 05tendunt.
601 1777 776 1846 Atque
824 1776 874 1830 id
895 1793 960 1830 ex
998 1776 1097 1832 hac
1127 1777 1241 1847 ipsa
1282 1779 1525 1832 oratione
1554 1777 1851 1847 intelligere

248 1867 494 1936 mestis.
521 1866 689 1931 Quam
711 1867 853 1921 enim
888 1867 940 1921 iu
978 1883 1167 1923 omnes
1189 1868 1488 1923 orationem
1517 1869 1734 1922 eﬂ'undo
1759 1910 1772 1934 ,
1805 1871 1848 1924 si

247 1956 468 2025 quidem
495 1956 638 2011 domi
678 1943 815 2028 apud
857 1975 943 2013 me
987 1958 1292 2025 detineam,
1344 1960 1628 2029 pauperior
1677 1960 1800 2015 tiam
1834 1979 1846 2015 :

246 2047 330 2100 sin
354 2055 534 2101 autent
567 2047 618 2102 in
642 2063 830 2103 omnes
851 2047 1145 2114 eiiundam,
1178 2058 1447 2120 tamquam
1476 2051 1518 2104 si
1548 2052 1600 2104 in
1624 2066 1849 2105 vacuum

245 2137 517 2206 quoddam
549 2155 732 2192 arvum
770 2154 953 2194 semen
979 2141 1175 2206 jactem
1200 2182 1215 2206 ,
1250 2141 1528 2195 facultates
1574 2157 1722 2195 meus
1749 2157 1847 2194 au-

243 2245 369 2298 geo,
403 2230 616 2284 divitias
644 2246 789 2285 meas
815 2233 1082 2302 amplifice
1103 2274 1117 2298 ,
1148 2233 1522 2303 locupletiores
1553 2232 1719 2288 reddo
1753 2250 1849 2288 vos

242 2339 433 2376 omnes
461 2338 474 2387 ;
513 2338 612 2376 nec
637 2321 835 2377 ideirco
863 2332 1038 2379 tamen
1066 2325 1352 2394 pauperior
1376 2326 1564 2389 evado,
1592 2325 1686 2380 sed
1717 2341 1848 2395 opu-

245 2413 443 2467 lentior
471 2413 642 2466 multo
671 2429 685 2467 :
717 2413 859 2482 quod
891 2415 940 2466 iu
965 2415 1205 2483 pecuniis
1233 2430 1338 2468 non
1367 2415 1524 2482 licet,
1557 2415 1665 2469 imo
1690 2416 1846 2485 plane

240 2506 573 2560 contrarium
614 2508 814 2560 evenit.
858 2506 989 2561 Nam
1036 2508 1079 2562 si
1133 2507 1466 2562 reconditum
1513 2523 1702 2560 aurum
1753 2508 1846 2560 lia-

239 2601 396 2661 beam
422 2641 437 2664 ,
471 2607 526 2652 et
557 2599 609 2652 in
637 2615 824 2654 omnes
850 2601 978 2655 illud
1013 2602 1165 2656 velim
1194 2602 1518 2657 distribuere
1544 2644 1556 2666 ,
1593 2618 1698 2656 non
1729 2619 1844 2656 ain-

249 2692 388 2758 piius
413 2701 591 2743 tantas
619 2691 896 2759 possidere
933 2703 1119 2763 potero
1153 2692 1402 2759 divitias,
1438 2710 1557 2747 cum
1584 2694 1680 2748 huc
1705 2694 1842 2748 divi-

238 2784 395 2836 sione
423 2781 619 2836 fuerint
645 2782 962 2838 imminute.

313 2876 365 2931 3.
421 2875 555 2929 Cum
602 2876 762 2946 igitur
799 2878 1159 2946 spiritualium
1207 2897 1386 2936 rerum
1429 2891 1572 2936 tanta
1605 2883 1672 2936 sit
1703 2899 1841 2954 prie-

239 2966 462 3029 stantia,
497 2975 640 3021 tanta
669 2967 915 3035 facilitas,
951 2979 1133 3040 utpote
1153 2987 1272 3042 qua:
1301 2973 1509 3026 eunetis
1543 2973 1843 3028 volentibus

239 3059 408 3128 gratis
433 3059 742 3125 obveniant,
779 3060 872 3115 has
906 3063 1243 3131 potissimum
1271 3064 1605 3130 adamemus,
1639 3077 1691 3118 et
1722 3081 1838 3118 um-

244 3153 370 3204 bras
416 3151 755 3216 omittamus,
796 3167 894 3207 nec
926 3153 1219 3224 prmcipitia
1264 3165 1320 3209 et
1362 3156 1613 3226 scapulos
1661 3172 1842 3224 perse-

240 3258 487 3312 quamur.
521 3242 586 3297 Ut
607 3244 748 3296 enim
784 3244 924 3298 hunc
950 3261 1188 3300 amorem
1224 3247 1360 3301 Deus
1379 3256 1632 3316 augeret,
1677 3248 1837 3300 etiam

243 3345 370 3388 ante
413 3335 616 3388 obitum
651 3336 903 3401 hominis,
950 3352 978 3387 a
1023 3353 1131 3407 quo
1158 3336 1517 3406 pOSsidentur,
1554 3338 1651 3392 ista
1681 3339 1839 3393 morti

243 3426 475 3480 obnoxia
503 3442 622 3480 esse
655 3428 927 3497 pra'eepit.
961 3427 1116 3483 Verbi
1159 3430 1326 3499 gratia
1354 3448 1368 3484 ς
1404 3446 1508 3484 non
1543 3433 1846 3489 cuminter-

240 3519 362 3575 ierit
421 3520 496 3585 is,
538 3519 627 3588 qui
660 3519 775 3573 haec
805 3521 1074 3589 possidet,
1111 3531 1164 3575 et
1193 3523 1292 3576 ista
1325 3522 1592 3578 intereunt
1613 3565 1625 3584 ,
1666 3524 1759 3578 sed
1787 3533 1842 3576 et

241 3611 358 3679 ipso
388 3610 562 3663 adhuc
596 3611 806 3665 vivente
835 3624 1173 3667 marcescunt
1200 3623 1253 3668 et
1281 3629 1526 3684 percm...
1572 3625 1624 3668 ut
1653 3630 1838 3668 eorum

239 3703 442 3756 eaduea
468 3702 706 3756 conditio
744 3717 956 3756 summo
983 3705 1192 3758 illorum
1215 3720 1397 3760 amore
1425 3705 1708 3774 ﬂagrantes
1734 3749 1748 3770 ,
1787 3717 1841 3761 et

241 3793 427 3846 insana
456 3793 747 3860 cupiditate
777 3793 986 3858 ductos,
1017 3795 1082 3847 ah
1115 3795 1199 3849 illa
1229 3811 1369 3850 szeva
1403 3798 1550 3851 rabie
1582 3811 1794 3852 revocet
1826 3819 1837 3852 :

238 3896 538 3951 eorumque
564 3891 807 3936 naturam
827 3883 1132 3948 admoneat,
1162 3895 1213 3940 et
1236 3868 1564 3955 caperientia
1588 3891 1837 3958 magistra

240 3972 452 4038 doceat,
486 3988 547 4026 ea
575 3973 760 4042 quavis
790 3974 974 4030 umbra
1008 3977 1354 4032 imbecilliora
1381 3995 1520 4043 esse,
1553 3990 1712 4049 atque
1741 3981 1839 4037 hac

237 4064 446 4118 ratione
467 4064 812 4134 cupiditatem
837 4067 980 4120 illam
1006 4071 1326 4139 exstinguat.
1361 4070 1603 4141 Exempli
1630 4089 1787 4127 causa
1824 4093 1833 4126 :

238 4156 438 4211 divitia:
471 4171 576 4211 non
605 4157 778 4212 Solum
803 4174 925 4213 cum
955 4162 1135 4214 interit
1159 4161 1332 4226 dives,
1360 4177 1606 4232 pereunt,
1630 4166 1721 4220 sed
1749 4169 1838 4222 illo

236 4250 415 4323 potius
439 4249 646 4305 vivente
673 4252 973 4306 discedunt.
1001 4252 1261 4309 Juventus
1284 4272 1652 4325 possessorem
1680 4277 1833 4316 suum

234 4355 342 4396 non
389 4341 705 4396 morientem
749 4343 961 4408 solum,
1010 4345 1103 4398 sed
1145 4347 1436 4413 Spiratttetn
1463 4350 1637 4404 adhuc
1671 4353 1834 4406 t'clin'
1899 4396 1903 4399 _

231 4446 407 4504 quens
437 4432 710 4486 evanescit
735 4450 750 4495 ;
786 4449 904 4500 qua:
932 4434 984 4488 iu
1012 4439 1186 4488 a-tatis
1210 4437 1403 4491 adulta:
1434 4440 1515 4492 via
1551 4441 1752 4507 linitur,
1782 4454 1835 4496 et

229 4523 498 4578 senectuti
535 4524 709 4578 locum
741 4524 901 4580 cedit.
945 4526 1289 4582 i’uicltriludo
1317 4529 1488 4587 simul.
1519 4539 1576 4586 et
1623 4531 1792 4587 forma
1817 4576 1830 4598 ,

230 4613 449 4669 vivente
479 4613 654 4668 adhuc
695 4615 953 4683 nmliere,
1007 4617 1205 4672 desinit
1250 4630 1307 4674 et
1345 4621 1396 4674 in
1438 4621 1832 4678 deformitatem

229 4707 427 4760 transit
453 4723 466 4762 :
492 4705 661 4776 gloria
685 4747 700 4771 ,
733 4709 1065 4777 principatus
1095 4727 1282 4764 rursus
1309 4714 1421 4782 pari
1454 4715 1660 4769 ratione
1691 4733 1702 4767 :
1735 4715 1832 4769 ho-

229 4813 392 4854 norcs
413 4838 429 4861 ,
475 4799 846 4871 magistratus,
893 4799 1070 4853 diurni
1093 4811 1219 4856 sunt
1247 4812 1301 4858 et
1326 4804 1391 4857 ad
1419 4804 1581 4860 breve
1623 4815 1833 4876 tempus

228 4889 451 4953 durant,
485 4895 538 4941 et
565 4890 798 4956 amplius
827 4907 985 4960 quam
1017 4893 1261 4947 homines
1291 4894 1415 4961 ipsi,
1447 4898 1536 4966 qui
1567 4912 1660 4951 eos
1691 4901 1829 4952 obfi-

229 4991 360 5038 nent
381 5024 395 5045 ,
446 4981 701 5036 mortales
729 4992 854 5035 sunt
881 4999 893 5033 ε
922 4994 975 5036 et
1003 4982 1459 5051 quemadmodum
1490 4989 1831 5055 quotidianus

229 5088 517 5142 corporqu
549 5071 732 5126 videre
765 5074 888 5128 licet
933 5074 1209 5140 interitus,
1255 5076 1325 5129 ita
1375 5094 1589 5146 quoque
1627 5095 1828 5136 rerum.

231 5167 401 5220 Porro
428 5163 480 5218 id
513 5163 724 5228 accidit,
777 5176 833 5218 ut
881 5167 1169 5232 priescutia
1212 5178 1618 5224 contemnentes
1645 5172 1827 5225 adita:-

229 5269 445 5310 reamus
481 5253 674 5309 futuris
698 5296 713 5320 ,
764 5265 816 5310 et
843 5271 1029 5311 eorum
1059 5258 1228 5312 simus
1259 5263 1659 5329 exspectatione
1705 5282 1818 5317 sus-

229 5346 440 5418 pensi,,
474 5359 538 5399 ac
581 5345 707 5401 dum
753 5348 804 5401 in
854 5349 1012 5402 terris
1047 5351 1415 5417 ambulamus,
1464 5353 1730 5410 desiderio
1776 5359 1828 5412 in

231 5435 361 5488 Catio
395 5451 692 5490 versemur.
749 5437 960 5491 Etenim
1001 5440 1108 5495 duo
1152 5444 1345 5497 smcula
1387 5447 1627 5502 condidit
1664 5449 1823 5516 Deus,

232 5540 471 5594 pra-scus
498 5566 512 5588 ,
548 5537 600 5580 et
632 5526 904 5594 futurum;
938 5546 1100 5586 unum
1126 5533 1354 5599 visibilc,
1388 5537 1612 5592 alterum
1645 5539 1830 5594 invisi-

230 5615 336 5671 bile
367 5635 379 5671 :
417 5634 578 5671 unum
611 5620 752 5688 quod
783 5623 882 5676 sub
906 5639 1093 5678 sensus
1125 5625 1286 5691 cadit,
1318 5627 1543 5683 alterum
1575 5631 1716 5696 quod
1746 5643 1827 5687 est

228 5709 499 5781 spiritualc
532 5727 545 5764 :
583 5727 743 5764 unum
795 5716 936 5782 quod
985 5719 1248 5784 corporali
1292 5722 1470 5787 quiete
1515 5724 1821 5791 perimitur,

227 5801 456 5855 alterum
503 5802 642 5870 quod
677 5804 992 5873 incorporea
1027 5822 1039 5860 :
1073 5822 1234 5864 unum
1265 5807 1318 5866 in
1351 5811 1712 5888 experientia,
1740 5830 1818 5874 at—

1425 382 1515 440 DE
1554 381 1596 440 Γ
1600 380 1865 442 151⁵111ιῶ
1905 379 2092 439 νιτιε
2133 380 2446 440 οεωοιιε.

3456 388 3564 446 350

1968 504 2140 550 terum
2164 493 2217 550 in
2247 493 2352 551 tide
2378 511 2392 548 :
2424 508 2588 552 unum
2626 495 2680 550 in
2706 495 2976 563 manibus,
3007 495 3239 554 alterum
3263 497 3318 554 in
3345 514 3483 572 spe;
3512 509 3569 556 et

1964 599 2128 639 unum
2152 599 2273 640 esse
2297 583 2530 643 stadium
2576 585 2770 656 jussit,
2817 586 3051 643 alterum
3082 585 3327 644 bravium
3360 605 3378 646 :
3407 600 3568 660 atque

1964 676 2088 730 huic
2113 675 2333 748 quidem
2363 677 2659 732 certamina
2681 719 2698 746 ,
2729 677 2944 735 labores
2965 693 3030 734 ac
3054 679 3282 740 sudores
3303 681 3564 744 attribuit,

1963 766 2038 822 illi
2069 782 2198 822 vero
2223 782 2485 836 coronas,
2521 767 2742 839 pnemia
2789 779 2847 825 et
2888 770 3310 828 retributiones:
3336 771 3440 828 hoc
3469 787 3568 844 pe-

1963 856 2141 926 lagus,
2175 856 2304 912 illud
2336 867 2547 929 portum
2577 859 2756 915 effecit
2778 899 2795 927 ,
2822 867 2876 916 et
2911 859 3013 917 hoc
3042 861 3204 918 breve
3231 862 3472 933 quidem,
3504 863 3570 919 il-

1962 948 2052 1002 lud
2084 964 2212 1004 vero
2242 950 2532 1006 senectutis
2572 966 2767 1022 expers
2787 993 2804 1018 ,
2851 961 2907 1009 et
2941 953 3266 1011 immortale.
3293 957 3562 1023 Quoniam

1961 1037 2124 1108 igitur
2154 1039 2400 1094 homines
2421 1040 2576 1096 multi
2604 1042 2976 1112 Spiritualibus
2999 1045 3106 1099 illis
3133 1060 3198 1102 ea
3239 1062 3360 1117 qua:
3393 1050 3565 1106 sensi-

1963 1122 2089 1182 bilia
2115 1137 2241 1184 sunt
2268 1129 2623 1200 praeferebant
2651 1173 2666 1198 ,
2719 1131 2803 1188 his
2827 1134 3083 1189 caducam
3113 1137 3477 1194 conditionem
3504 1155 3570 1196 ae

1962 1219 2343 1289 temporariam
2392 1223 2637 1278 attribuit
2661 1266 2675 1288 ,
2720 1232 2780 1279 ut
2828 1224 2931 1280 hoc
2969 1235 3127 1296 pacto
3154 1243 3186 1282 a
3213 1231 3570 1299 prasentibus

1959 1309 2222 1364 abductos
2250 1351 2267 1378 ,
2331 1313 2684 1368 vehementer
2739 1314 2914 1370 amori
2970 1316 3274 1376 futurorum
3329 1320 3566 1379 addicat.

1961 1400 2164 1456 Deinde
2187 1403 2441 1472 quoniam
2471 1405 2760 1461 invisibilia
2787 1416 2947 1463 erant
2991 1407 3081 1464 illa
3123 1419 3180 1466 et
3224 1412 3522 1482 spiritualia
3550 1455 3567 1481 ,

1963 1492 2018 1546 in
2049 1493 2152 1548 tlde
2182 1504 2342 1565 atque
2367 1495 2420 1550 in
2442 1511 2537 1567 spe
2564 1498 2735 1568 posita
2759 1538 2775 1564 ,
2811 1498 2932 1556 vide
2961 1499 3090 1571 quid
3116 1511 3260 1573 agat.
3295 1503 3433 1561 Cum
3464 1506 3569 1562 huc

1958 1582 2287 1653 advenisSet,
2319 1599 2647 1661 aenostram
2674 1605 2894 1646 carnem
2919 1595 3302 1664 assumpsisset
3330 1638 3346 1662 ,
3378 1606 3434 1652 et
3461 1599 3565 1653 mi-

1959 1676 2183 1731 rabilem
2215 1678 2359 1733 illam
2381 1679 2842 1751 dispensationem
2874 1682 3230 1753 perfecisset,
3260 1686 3436 1742 futura
3467 1704 3556 1760 po-

1960 1766 2038 1819 nit
2061 1767 2131 1821 ob
2156 1769 2362 1834 oculos,
2397 1779 2450 1825 et
2478 1770 2578 1827 hac
2613 1771 2823 1827 ratione
2845 1775 3142 1831 crassiores
3167 1788 3375 1834 mentes
3403 1794 3565 1836 secu-

1958 1870 2046 1909 ras
2085 1857 2276 1912 reddit.
2320 1858 2452 1913 Nam
2501 1862 2757 1932 quoniam
2805 1865 3272 1923 conversationem
3321 1884 3385 1925 ac
3441 1871 3564 1927 vita:

1958 1949 2217 2005 rationem
2249 1953 2546 2022 angelicam
2573 1954 2804 2010 ali‘erens
2833 1958 3120 2029 veniebat,
3171 1978 3235 2019 ac
3263 1973 3460 2022 terram
3507 1970 3560 2023 in

1955 2039 2145 2095 caelum
2192 2043 2584 2114 convertebat,
2627 2060 2802 2118 eaque
2846 2050 3174 2117 mandabat,
3212 2070 3330 2124 qua:
3359 2057 3561 2114 similes

1958 2130 2245 2187 redderent
2292 2135 2622 2206 incorporeis
2653 2138 2942 2195 virtutibus
2980 2156 3076 2198 cos
3113 2145 3204 2214 qui
3237 2160 3298 2200 ca
3333 2147 3542 2216 perfice-

1956 2232 2076 2276 rent
2101 2263 2116 2288 ,
2163 2223 2410 2281 homines
2437 2228 2694 2284 reddebat
2715 2231 2932 2301 angelos
2951 2275 2967 2298 ,
2996 2233 3063 2288 ad
3086 2251 3240 2306 sporn
3266 2226 3534 2296 ca-lestiut.

1956 2329 2132 2370 rerum
2156 2319 2400 2386 vocabat,
2428 2321 2665 2392 longiora
2692 2325 2987 2380 certamina
3015 2330 3372 2399 proponebat,
3398 2332 3558 2389 altius

1953 2408 2168 2464 evolare
2209 2411 2465 2480 jubebat,
2500 2424 2554 2470 et
2591 2415 2663 2469 ad
2695 2417 2808 2486 ipsa
2840 2418 3050 2490 fastigia
3078 2423 3332 2478 caelorum
3367 2439 3558 2482 ascen-

1953 2497 2082 2553 dere
2105 2540 2121 2566 ,
2171 2501 2430 2558 adversus
2456 2506 2732 2563 dit-mones
2772 2524 3000 2578 pugnam
3027 2510 3196 2580 inire,
3228 2528 3417 2573 contra
3443 2519 3559 2573 uni-

1954 2607 2138 2648 versas
2164 2593 2362 2650 diaboli
2391 2599 2572 2669 copias
2601 2603 2772 2657 aciem
2803 2617 2898 2658 eos
2930 2603 3220 2674 instruere,
3249 2609 3337 2679 qui
3365 2626 3561 2682 corpus

1957 2681 2262 2750 habebant,
2303 2697 2358 2741 et
2386 2693 2507 2742 eum
2530 2707 2694 2747 carne
2722 2695 2956 2762 copulati
2989 2705 3145 2751 erant
3168 2739 3183 2764 ,
3235 2681 3562 2758 mortificare

1950 2789 2211 2844 eoi-pora,
2243 2794 2308 2833 ac
2339 2782 2801 2848 perturbationum
2839 2789 3124 2843 tumultum
3166 2790 3416 2862 ablegare
3442 2836 3458 2861 ,
3504 2806 3560 2850 et

1951 2881 2176 2936 corpore
2204 2879 2492 2940 utcumque
2529 2889 2649 2929 esse
2688 2876 3053 2932 circumdatos
3077 2919 3092 2945 ,
3139 2893 3397 2939 ueterum
3435 2898 3558 2939 cum

1955 2957 2284 3027 ineorporcis
2313 2964 2595 3021 virtutibus
2622 2981 2715 3022 cer
2738 2967 2868 3022 atim
2896 2971 3242 3027 contendere.

2028 3050 2080 3102 4.
2116 3049 2240 3105 Ιιίΐο
2277 3054 2361 3108 ubi
2396 3059 2651 3126 priecepit
2674 3099 2689 3122 ,
2728 3060 2845 3112 vide
2893 3061 3020 3129 quid
3046 3073 3207 3132 agat;
3252 3081 3359 3134 quo
3401 3078 3558 3138 pacto

1953 3139 2105 3196 facile
2134 3154 2407 3200 certamen
2449 3150 2656 3202 reddat.
2706 3152 2993 3218 Quinimo,
3047 3155 3096 3210 si
3128 3155 3358 3224 videtur,
3405 3162 3556 3230 prius

1950 3233 2326 3288 mandatorum
2355 3237 2739 3295 sublimitatem
2785 3257 3150 3312 exponamus,
3185 3262 3240 3303 ct
3264 3266 3372 3320 quo
3402 3263 3560 3323 pacto

1949 3322 2001 3376 in
2033 3325 2197 3378 altum
2228 3342 2327 3381 nos
2354 3329 2588 3386 voluerit
2632 3332 2870 3400 evolare,
2903 3349 3026 3390 cum
3059 3353 3126 3392 ex
3167 3322 3414 3396 humana
3427 3359 3556 3414 pro-

1953 3415 2237 3483 pemodum
2285 3430 2473 3474 natura
2505 3423 2773 3493 emigrare
2800 3467 2814 3488 ,
2862 3436 3024 3498 atque
3052 3429 3106 3483 in
3144 3433 3334 3488 eadunt
3365 3449 3555 3492 omnes

1950 3509 2225 3561 transferri
2269 3513 2510 3578 jusserit.
2568 3515 2704 3570 Cum
2766 3518 2908 3573 enim
2969 3521 3185 3579 oculum
3251 3539 3347 3594 pro
3398 3529 3558 3582 oculo

1952 3598 2098 3651 reddi
2132 3599 2215 3653 lex
2246 3603 2579 3672 pneciperet,
2613 3607 2726 3676 ipse
2748 3607 2886 3663 dixit
2911 3651 2927 3676 ,
2954 3611 3015 3665 Si
3039 3614 3149 3682 quis
3177 3625 3224 3670 te
3251 3624 3554 3685 percusserit

1949 3690 2000 3742 iu
2027 3692 2286 3745 dexteram
2315 3697 2601 3764 maxillam,
2622 3699 2821 3754 obverte
2841 3702 2915 3754 illi
2947 3713 2994 3756 et
3022 3705 3234 3760 alteram
3263 3708 3552 3778 (Matt/n5.

1948 3780 2066 3853 50).
2093 3781 2208 3838 Non
2235 3785 2391 3854 dixit,
2425 3799 2630 3844 unitum
2660 3791 2738 3845 fer
2768 3792 3031 3859 patienter
3055 3812 3117 3851 ac
3146 3797 3339 3855 leuiter
3363 3814 3555 3859 contu-

1948 3876 2157 3928 meliam
2187 3917 2202 3940 ,
2238 3878 2332 3931 sed
2382 3879 2606 3934 ulterius
2647 3883 2983 3953 philosophia
3015 3887 3385 3963 modestiaque
3431 3911 3555 3965 pro-

1943 3965 2210 4033 grederc,
2261 3979 2420 4038 atque
2465 3969 2534 4024 ad
2582 3973 2788 4042 majora
2835 3975 3085 4044 patienda
3131 3991 3350 4048 paratus
3395 3996 3550 4053 esto,

1945 4073 2104 4127 quam
2152 4058 2240 4115 ille
2288 4060 2465 4117 facere
2509 4065 2730 4134 cupiat:
2763 4078 2816 4120 et
2850 4070 3119 4136 patientia:
3161 4080 3266 4129 tua:
3309 4077 3553 4134 ubertate

1945 4151 2292 4220 petulantiam
2322 4156 2442 4223 ejus
2483 4166 2536 4211 et
2573 4158 2912 4213 inSolentiam
2943 4163 3096 4217 vince
3119 4205 3135 4229 ,
3189 4175 3244 4219 ut
3283 4184 3550 4229 smmnaut

1945 4252 2088 4296 tuam
2137 4246 2400 4300 reveritus
2443 4249 2759 4303 modestiam
2803 4251 3042 4306 recedat.
3095 4255 3161 4308 Et
3204 4272 3387 4312 rursus
3437 4263 3508 4316 ait
3535 4306 3549 4326 ,

1948 4336 2103 4389 Orate
2144 4353 2236 4405 pro
2274 4339 2701 4394 calumniantibus
2743 4358 2829 4396 vos
2862 4359 2880 4396 :
2909 4356 3054 4399 orate
3089 4365 3181 4415 pro
3212 4350 3432 4406 inimicis
3461 4371 3548 4410 ve-

1943 4429 2060 4482 stris
2091 4444 2110 4480 :
2141 4427 2419 4499 benefacite
2445 4433 2529 4498 iis,
2574 4438 2662 4503 qui
2709 4433 2924 4488 oderunt
2967 4453 3051 4491 vos
3076 4440 3092 4504 (
3119 4439 3304 4494 .liuttlt.
3336 4446 3392 4500 5.
3419 4447 3486 4502 M
3503 4450 3544 4517 ).

1943 4521 2238 4574 Consilium
2280 4521 2352 4577 de
2401 4524 2706 4594 virginitate
2750 4541 2939 4581 rursus
2987 4531 3335 4590 iutrodueeus
3370 4538 3546 4594 dixit:

1946 4611 2048 4677 Qui
2079 4621 2239 4680 potest
2281 4629 2463 4683 capere
2491 4617 2662 4686 capiat
2705 4615 2935 4686 (Matth.
2972 4620 3055 4674 i9.
3092 4622 3212 4692 i9).
3245 4625 3378 4682 Nam
3409 4647 3545 4699 quor

1942 4704 2084 4756 niam
2115 4719 2146 4758 e
2174 4704 2423 4773 paradiso
2465 4706 2553 4762 illa
2598 4708 2870 4775 evolavit,
2907 4720 2962 4765 ct
2998 4724 3118 4785 post
3159 4724 3540 4790 transgressio.

1943 4811 2065 4850 nem
2091 4798 2332 4865 recessit,
2361 4798 2428 4854 de
2454 4801 2593 4856 colo
2617 4800 2954 4857 descendens
2983 4806 3151 4876 ipsam
3167 4825 3351 4866 rursus
3381 4815 3542 4870 redu-

1942 4889 2016 4942 xit
2038 4930 2050 4952 ,
2082 4900 2134 4944 et
2180 4901 2447 4961 tamquam
2481 4894 2720 4949 exsulem
2753 4895 2805 4950 in
2836 4898 3110 4966 antiquam
3139 4912 3365 4971 patriam
3393 4922 3542 4964 suam

1942 4983 2193 5048 restituit,
2226 4995 2281 5038 et
2304 5002 2331 5037 a
2357 4986 2607 5042 diuturna
2638 4989 2964 5058 relegatione
2993 4993 3240 5051 liberavit
3267 5014 3284 5052 :
3314 5005 3542 5069 primum

1940 5075 2230 5132 adveniens
2255 5079 2510 5134 nimirum
2537 5097 2602 5136 ex
2632 5083 2836 5153 virgine
2858 5095 3015 5141 natus
3042 5097 3126 5143 est
3145 5130 3161 5155 ,
3191 5100 3245 5146 et
3274 5093 3418 5164 leges
3446 5113 3544 5150 na-

1941 5180 2074 5223 turae
2111 5171 2370 5234 mutavit,
2419 5187 2543 5226 cum
2569 5175 2638 5230 ab
2686 5176 2802 5245 ipso
2833 5179 3056 5237 exordio
3100 5182 3226 5237 vita:
3253 5199 3364 5240 sua:
3397 5187 3541 5246 illam

1940 5264 2146 5318 honore
2165 5265 2425 5333 alicae-rit,
2456 5278 2510 5322 et
2532 5269 2791 5338 virginem
2814 5283 3042 5327 matrem
3065 5275 3376 5332 reddiderit.
3406 5281 3542 5339 Cum

1939 5353 2099 5422 igitur
2141 5356 2365 5412 veniens
2411 5358 2535 5412 talia
2562 5360 2942 5429 praecepisset,
2971 5372 3027 5416 et
3052 5365 3116 5418 ad
3142 5375 3342 5422 tantam
3371 5372 3540 5426 subli-

1938 5445 2178 5500 mitatem
2202 5451 2671 5506 conversationem
2699 5452 2976 5508 hominum
3005 5457 3293 5523 evexisset,
3323 5467 3542 5531 prirmia

1937 5553 2149 5608 quoque
2193 5541 2462 5596 laboribus
2506 5543 2664 5613 digna
2694 5547 3008 5614 proposuit,
3041 5548 3149 5604 imo
3180 5566 3308 5606 vero
3337 5556 3537 5624 majora

1936 5633 2105 5688 multo
2155 5644 2208 5689 et
2251 5636 2583 5692 sublimiora.
2627 5636 3011 5695 Verumtamen
3067 5643 3349 5701 invisibilia
3387 5662 3539 5706 erant

1934 5725 2050 5779 luce
2075 5742 2289 5797 quoque
2318 5737 2476 5798 atque
2508 5729 2558 5783 in
2587 5745 2702 5798 spe,
2739 5730 2843 5785 fide
2869 5744 2918 5786 et
2943 5739 3344 5806 exSpectatiouo
3365 5743 3538 5816 posita

1939 5820 2264 5880 futurorum.
2314 5823 2494 5893 itaque
2530 5837 2654 5880 cum
2681 5821 2950 5882 laboriosa
2981 5829 3230 5889 mandata
3259 5844 3438 5892 essent
3470 5851 3532 5895 ac
