4074 6392
564 349 659 405 561

563 456 834 523 sublimia,
880 458 1097 527 praemia
1123 473 1250 513 vero
1277 467 1333 514 et
1365 456 1547 513 bravia
1586 456 1639 511 in
1682 454 1785 510 fide
1810 495 1827 520 ,
1870 453 1993 507 ‘vide
2020 450 2145 520 quid

560 547 756 617 faciat,
803 564 912 620 quo
949 558 1106 620 pacto
1142 550 1316 604 levem
1348 564 1573 619 agonem
1598 588 1614 615 ,
1662 560 1770 617 quo
1800 554 1952 615 pacto
1977 541 2148 596 facilia

562 639 757 709 reddat
774 640 1085 695 certamina.
1113 639 1234 708 Quo
1256 640 1469 695 tandem
1484 639 1688 709 pacto?
1714 635 1928 692 Duabus
1947 633 2149 688 scilicet

564 731 704 784 viis:
737 746 860 797 una,
884 730 1025 799 quod
1056 732 1243 786 eadem
1273 732 1386 801 ipse
1400 742 1769 803 exsequatur;
1796 728 1981 811 altera,
2006 723 2149 796 quod

563 820 784 887 pra-mis
813 820 1064 875 ostendat
1085 831 1141 876 et
1165 822 1267 876 sub
1292 832 1569 891 aspectum
1598 821 1845 891 proferat.
1870 817 2002 872 Nam
2029 831 2149 887 qua

563 911 632 963 ab
658 910 752 965 illo
779 910 920 965 dicta
941 920 1086 979 sunt,
1108 914 1351 983 quaadam
1380 914 1686 967 mandatum
1709 919 1883 977 erant,
1905 909 2148 980 quaedam

564 1002 802 1070 prmmia.
831 1002 1137 1058 laudatum
1169 1005 1405 1074 quidem,
1436 1003 1592 1059 Orate
1616 1019 1709 1074 pro
1725 1000 2149 1056 calumniantibus

559 1107 647 1145 eos
666 1101 715 1147 et
733 1094 1139 1163 persequentibus
1156 1094 1371 1165 (Matth.
1394 1097 1450 1151 5.
1473 1092 1565 1165 ιι)
1592 1111 1606 1149 :
1630 1093 1907 1163 praemium
1928 1100 2104 1145 autem
2132 1107 2146 1144 :

565 1180 635 1235 Ut
658 1183 769 1236 sitis
793 1184 891 1252 ﬁlii
916 1182 1093 1239 Patris
1119 1186 1270 1238 uestri
1285 1226 1303 1251 ,
1325 1187 1414 1254 qui
1430 1186 1484 1238 in
1501 1184 1736 1239 cclisest
1765 1181 1927 1255 (ibid.
1955 1198 2005 1235 υ.
2031 1180 2147 1249 65).

567 1272 795 1338 Rursus,
842 1273 988 1327 Beati
1022 1290 1137 1328 cunt
1172 1274 1524 1329 mulediserint
1548 1274 1685 1329 vobis
1708 1316 1723 1339 ,
1767 1284 1815 1328 et
1859 1271 2149 1345 persequuti

564 1377 650 1415 eos
678 1364 896 1433 fuerint,
922 1373 967 1416 et
989 1363 1209 1417 dixerint
1233 1380 1382 1418 omne
1418 1365 1608 1429 molstus
1642 1365 1844 1419 verbum
1882 1364 2149 1417 aduersum

561 1468 648 1504 eos
690 1454 999 1508 mentientes.
1028 1452 1257 1507 Gaudete
1302 1464 1352 1507 et
1389 1454 1656 1518 exercitate,
1687 1455 1926 1524 quoniam
1959 1467 2149 1506 merces

560 1552 723 1595 uestra
746 1543 950 1611 copiosa
974 1552 1047 1597 est
1066 1544 1117 1597 in
1138 1543 1276 1598 aliis
1300 1541 1407 1616 (Ib.
1437 1560 1485 1597 ll.
1508 1545 1599 1599 ll.
1629 1544 1747 1614 η).
1794 1543 1958 1598 Vides
1983 1556 2148 1597 unum

564 1631 873 1685 mandatum
900 1646 1021 1687 esse
1045 1673 1061 1699 ,
1104 1632 1329 1688 alterum
1364 1634 1682 1703 praemium?
1707 1633 1953 1699 “ursus,
1988 1631 2049 1686 Si
2076 1631 2151 1685 eis

562 1725 817 1792 perfectus
848 1738 955 1777 esse
972 1762 987 1788 ,
1022 1724 1180 1776 vende
1206 1738 1319 1794 quat
1343 1723 1517 1788 habes,
1554 1734 1601 1779 et
1627 1725 1700 1777 da
1724 1722 2029 1794 pauperibus
2054 1736 2075 1775 :
2101 1729 2148 1777 et

561 1813 694 1878 veni,
722 1828 925 1883 sequere
952 1828 1052 1880 nte,
1074 1822 1119 1867 et
1144 1814 1347 1869 habebis
1374 1816 1663 1869 thesaurum
1698 1814 1753 1868 in
1780 1813 1903 1867 etelo
1930 1810 2143 1881 (Matth.

564 1903 652 1957 l9.
684 1902 799 1975 il).
831 1903 990 1958 Vides
1018 1903 1162 1958 aliud
1198 1905 1545 1974 mandatum,
1582 1914 1639 1963 et
1663 1904 1975 1976 praemium?
2001 1903 2149 1959 Alte-

565 2012 682 2050 rum
712 1998 854 2051 enim
874 1996 1002 2065 ipsis
1030 1998 1306 2067 pmcepit,
1336 1998 1567 2054 alterum
1596 1999 1725 2068 ipsis
1752 1997 1978 2069 paravit,
2004 1993 2147 2066 quod

562 2102 773 2143 merces
794 2100 910 2142 erat
927 2102 991 2141 ac
1016 2088 1316 2143 retributio.
1342 2089 1407 2143 Et
1427 2105 1611 2145 rursus
1633 2108 1649 2145 :
1680 2089 1996 2158 Quicumque
2016 2086 2144 2141 reli-

563 2181 725 2248 querit
770 2163 945 2232 domos
967 2218 985 2246 ,
1031 2187 1077 2232 et
1102 2182 1288 2249 fratres
1325 2190 1373 2235 et
1401 2197 1595 2235 sorores
1640 2195 1660 2236 :
1708 2179 1812 2235 hoc
1839 2178 2147 2234 mandatum

562 2277 687 2323 est:
729 2267 1033 2337 Centupluns
1070 2269 1314 2339 accipiet,
1360 2278 1406 2323 et
1435 2270 1601 2325 vitam
1626 2279 1867 2324 almam
1916 2268 2147 2338 posside-

561 2360 632 2413 ln't
660 2358 763 2430 (Ib.
796 2376 844 2414 υ.
869 2359 962 2425 9.9)
992 2377 1004 2413 :
1038 2359 1141 2415 hoc
1170 2360 1447 2430 premium
1475 2369 1597 2426 est,
1627 2370 1683 2417 et
1708 2374 1930 2415 corona.

630 2454 684 2507 5.
708 2452 967 2519 Quoniam
993 2454 1151 2521 igitur
1175 2467 1367 2523 magna
1389 2462 1542 2508 erant
1570 2461 1831 2522 pra-cepta
1855 2492 1872 2518 ,
1912 2461 1965 2506 et
2006 2465 2143 2520 ιιι-τιξ-

562 2544 666 2597 mia
710 2559 813 2598 non
853 2545 1210 2614 apparebant,
1244 2544 1367 2599 vide
1407 2544 1533 2616 quid
1558 2552 1679 2614 agat
1707 2561 1721 2596 :
1755 2545 1868 2613 ipse
1895 2544 2145 2610 oleribus

560 2635 650 2689 illa
678 2643 931 2701 ostentat,
954 2643 1011 2690 et
1038 2636 1090 2690 in
1116 2644 1388 2705 aspectum
1414 2650 1643 2690 coronas
1664 2633 1887 2704 profert.
1915 2634 1981 2689 Ut
1994 2634 2142 2687 enim

560 2727 650 2794 qui
679 2728 897 2782 minime
928 2730 1104 2783 tritam
1145 2728 1283 2782 viam
1324 2728 1540 2797 jubetur
1579 2728 1858 2792 insistere,
1902 2726 1946 2778 si
1985 2738 2143 2793 quem

559 2816 752 2871 viderit
777 2832 873 2887 per
898 2832 1016 2871 eam
1044 2818 1191 2887 prius
1213 2817 1565 2883 incedentem,
1596 2818 1800 2873 facilius
1823 2831 1939 2871 eant
1963 2828 2146 2883 aggre-

560 2907 723 2970 ditur,
760 2918 815 2962 et
852 2908 1108 2977 majorem
1149 2910 1329 2963 animo
1369 2911 1602 2978 concipit
1642 2909 1967 2963 alacritatem
2002 2923 2015 2959 :
2071 2906 2139 2957 ita

556 3014 768 3068 quoque
792 2999 852 3053 tit
877 2999 931 3052 in
955 2999 1218 3053 mandatis
1252 3017 1266 3055 :
1293 3001 1384 3069 qui
1414 2999 1591 3054 vident
1619 3014 1712 3055 eos
1735 3038 1753 3064 ,
1797 2998 1886 3069 qui
1915 3009 2142 3066 praeces-

556 3089 746 3154 scrint,
774 3088 926 3143 facile
952 3099 1266 3159 sequuntur.
1297 3089 1364 3145 Ut
1403 3090 1564 3159 igitur
1588 3099 1773 3143 natura
1801 3097 1978 3142 nostra
2009 3086 2139 3140 faci-

556 3178 659 3232 lius
690 3186 958 3247 sequatur,
990 3194 1204 3234 carnem
1232 3188 1286 3235 et
1315 3188 1557 3234 naturam
1579 3188 1817 3234 nostram
1839 3191 2139 3241 assumens,

557 3266 628 3321 ita
658 3281 752 3336 per
780 3266 921 3321 illam
952 3268 1190 3332 incessit,
1222 3278 1274 3322 et
1306 3268 1558 3339 operibus
1584 3266 1829 3321 mandata
1851 3266 2139 3334 expressit.

555 3356 828 3426 Siquidem
873 3355 1041 3419 illud,
1090 3358 1151 3410 Si
1191 3358 1301 3427 quis
1349 3368 1397 3412 te
1437 3358 1740 3428 percusserit
1785 3358 1839 3410 in
1886 3358 2141 3410 dexteram

559 3447 821 3501 madllam
840 3488 857 3512 ,
887 3448 1083 3501 obuerte
1106 3446 1185 3501 illi
1208 3458 1255 3500 et
1282 3449 1493 3501 alteram
1518 3447 1538 3520 (
1564 3448 1751 3501 Matth.
1778 3448 1832 3503 5.
1859 3446 1961 3516 39)
1984 3488 1999 3511 ,
2027 3446 2141 3514 ipse

558 3537 824 3606 prtestitit,
848 3535 1060 3603 quando
1080 3536 1284 3604 alapam
1308 3536 1377 3590 illi
1404 3538 1671 3607 pontificis
1692 3551 1879 3592 servus
1896 3538 2134 3605 impegit.

553 3626 669 3682 Non
702 3627 844 3680 enim
891 3626 1061 3694 ipsum
1105 3627 1245 3681 ultus
1280 3638 1361 3681 est
1389 3668 1403 3692 ,
1453 3628 1545 3682 sed
1570 3636 1776 3682 tantam
1822 3628 2138 3682 modestiam

554 3732 665 3785 pra:
693 3731 752 3770 se
780 3716 920 3777 tulit,
952 3726 1007 3771 ut
1035 3716 1241 3769 diceret
1268 3733 1283 3770 :
1312 3717 1373 3770 Si
1402 3718 1533 3773 male
1554 3718 1789 3785 loquutus
1814 3734 1923 3771 sum
1946 3759 1960 3782 ,
1995 3718 2137 3770 testi-

551 3806 779 3859 monium
808 3804 1011 3875 perltibe
1050 3805 1112 3857 de
1141 3806 1274 3859 malo
1305 3822 1323 3859 :
1352 3808 1396 3860 si
1424 3818 1589 3861 autem
1619 3809 1771 3885 bene,
1792 3810 1912 3877 quid
1935 3826 2010 3861 me
2032 3825 2134 3862 cce-

552 3898 633 3950 dis
660 3895 835 3967 (Jaan.
869 3895 955 3952 l8.
988 3895 1081 3965 25)
1110 3896 1134 3949 ἲ
1166 3898 1320 3952 Vides
1350 3900 1683 3955 tremendam
1716 3893 2026 3955 lenitatem?
2055 3902 2135 3955 vi-

550 3988 648 4041 des
678 3986 1028 4041 humilitatem
1069 3987 1432 4057 stupendam?
1476 3989 1897 4056 Percutiebatur,
1953 4005 2057 4044 non
2106 4005 2137 4044 a

551 4076 720 4131 libero
748 4077 1018 4147 quopiam,
1051 4078 1145 4133 sed
1171 4092 1201 4130 a
1230 4092 1404 4143 servo,
1434 4093 1463 4132 a
1495 4079 1791 4135 verberone
1810 4118 1826 4145 ,
1857 4089 1911 4134 et
1940 4095 2137 4133 verna-

549 4169 709 4233 culo,
756 4176 811 4221 et
837 4176 981 4222 tanta
1020 4181 1142 4221 cum
1195 4168 1453 4222 modestia
1492 4170 1800 4239 respondet.
1821 4169 1895 4224 ita
1926 4188 2136 4241 quoque

551 4257 708 4311 Pater
754 4256 870 4325 ejus
908 4254 1118 4311 dicebat
1154 4256 1385 4312 Judaeis:
1436 4256 1639 4327 Popule
1679 4276 1849 4327 meus,
1886 4264 2006 4330 quid
2038 4264 2139 4332 feci

550 4344 659 4411 tibi,
687 4356 776 4398 aut
798 4346 920 4411 quid
944 4347 1233 4399 contristari
1269 4357 1350 4415 te,
1382 4358 1467 4401 aut
1489 4350 1611 4418 quid
1637 4354 1877 4407 molestus
1904 4354 1981 4423 fui
2006 4355 2137 4410 tibi!

549 4434 797 4501 responde
822 4435 944 4487 mihi
966 4434 1148 4506 (Mich.
1174 4435 1227 4491 6.
1251 4439 1329 4506 '5).
1368 4439 1825 4507 Quemadmodum
1848 4445 1960 4513 ipse
1980 4445 2134 4501 dicit:

549 4522 910 4579 Testimonium
936 4528 1140 4595 per/sibe
1166 4529 1228 4582 de
1253 4532 1388 4585 malo
1407 4574 1421 4597 ,
1474 4534 1550 4588 sic
1586 4545 1640 4589 et
1673 4536 1827 4591 Pater
1854 4537 1970 4606 ejus
1989 4579 2002 4602 ,
2031 4537 2130 4592 Re-

548 4616 743 4681 sponde
785 4618 908 4669 mihi
938 4634 957 4670 :
983 4630 1037 4673 et
1073 4620 1520 4688 quemadmodum
1563 4626 1637 4679 ait
1684 4625 1837 4695 ipse,
1891 4628 2025 4695 Quid
2056 4647 2134 4684 me

550 4706 744 4759 credis!
772 4708 848 4760 sic
876 4709 1035 4762 etiam
1068 4710 1243 4776 Pater,
1278 4712 1415 4779 Quid
1434 4717 1721 4771 contristaui
1749 4728 1813 4785 te,
1845 4730 1929 4773 aut
1958 4722 2011 4773 in
2033 4737 2132 4789 quo

550 4796 788 4850 molestus
831 4798 907 4867 fui
952 4800 1082 4852 tibi?
1111 4800 1480 4871 Paupertatem
1510 4822 1697 4863 rursus
1736 4810 1972 4877 docens,
2013 4811 2134 4866 vide

547 4900 652 4955 quo
696 4899 847 4955 pacto
886 4889 1029 4944 illam
1067 4906 1229 4959 opere
1270 4895 1519 4952 exhibeat
1563 4898 1786 4957 dicens:
1832 4901 2013 4972 Vulpes
2055 4907 2133 4973 fo-

548 4992 661 5033 reas
690 4980 902 5046 habent,
948 4993 993 5034 et
1040 4986 1264 5039 volucres
1290 4988 1402 5041 cteli
1432 4991 1576 5044 nidos
1594 5034 1609 5058 ,
1655 4992 1821 5047 Filius
1846 5006 2013 5050 autem
2040 4998 2133 5050 ho-

546 5070 697 5159 minis
728 5087 826 5123 non
856 5072 999 5127 habet
1023 5075 1106 5127 ubi
1127 5087 1278 5145 caput
1302 5095 1450 5133 suum
1478 5085 1681 5137 reclinet
1706 5085 1916 5156 (Matth.
1941 5089 1993 5142 8.
2011 5085 2128 5159 20).

549 5157 711 5212 \‘ides
745 5170 1036 5216 extremam
1087 5172 1493 5237 paupertatem?
1535 5173 1651 5227 Non
1692 5191 1929 5231 mensant
1962 5157 2125 5235 habe-

550 5248 659 5315 bat,
692 5266 797 5303 non
830 5251 1131 5318 lucernam.
1183 5274 1287 5312 non
1314 5260 1561 5327 domum,
1608 5280 1711 5318 non
1760 5268 1979 5333 sellam,
2021 5286 2126 5324 non

552 5340 693 5394 aliud
721 5342 1005 5412 quidquam
1023 5347 1303 5415 ejusmodi.
1339 5352 1570 5407 Docebat
1603 5365 1658 5409 ut
1688 5358 1824 5411 male
1854 5360 2128 5415 audientes

548 5434 807 5501 pallenle
838 5436 1055 5504 ferrent,
1092 5440 1142 5494 id
1168 5456 1292 5497 vero
1319 5444 1407 5498 ille
1439 5462 1600 5516 opere
1621 5450 1879 5505 exhibuit.
1905 5452 2127 5518 Quando

546 5523 688 5575 enim
715 5523 1035 5581 daemonium
1082 5528 1359 5586 habentem
1384 5575 1399 5599 ,
1440 5546 1492 5589 ct
1520 5536 1911 5595 Samaritanum
1956 5542 2125 5611 ipsum

544 5614 882 5681 appellabant
902 5659 915 5681 ,
946 5634 1065 5672 cum
1098 5620 1217 5677 illos
1245 5638 1429 5679 rursus
1454 5643 1645 5683 necare
1675 5642 1884 5697 posset,
1916 5643 1967 5687 et
1992 5649 2123 5688 cou-

544 5700 758 5754 tunielia
800 5714 1011 5770 pinnam
1039 5705 1105 5759 ab
1131 5706 1236 5761 illis
1260 5706 1472 5779 exigere
1493 5751 1509 5775 ,
1559 5714 1690 5767 nihil
1720 5715 1822 5770 tale
1863 5715 2112 5780 iaciebat.

1272 348 1328 405 S.
1367 345 1640 405 JOANNIS
1674 340 2149 399 CilRYSOSTOHI
2186 339 2504 396 ARCHIEP.
2541 338 3076 395 CONSTANTINUP.

2263 449 2371 503 imo
2396 449 2557 503 etiam
2586 449 2723 505 bene
2741 449 2818 505 de
2833 450 2937 504 illis
2966 448 3305 514 merebatur,
3337 456 3393 504 et
3417 462 3486 504 ex
3512 449 3617 505 illis
3645 449 3849 506 tia-ruo-

2258 553 2356 593 nes
2418 540 2746 608 espellebat.
2787 539 3027 609 Cumque
3084 539 3347 607 dixisset,
3396 539 3552 595 Orate
3580 546 3846 611 ρηταιυ-

2255 629 2565 684 mniantibus
2591 646 2678 685 eos
2707 631 2727 701 (
2750 630 2934 687 Matth.
2960 632 3014 687 5.
3036 633 3165 703 44),
3208 633 3263 687 in
3283 647 3496 688 crucem
3524 648 3647 688 cum
3663 649 3851 690 asceti-

2255 718 2440 783 disset,
2470 719 2522 774 id
2544 719 2688 775 fecit.
2712 721 2996 791 Postquam
3021 723 3164 777 enim
3192 737 3317 777 eum
3352 724 3767 792 crucitixerunt,
3797 738 3857 784 et

2254 808 2423 864 clavis
2448 807 2752 875 al‘llserunt,
2787 811 3025 880 pendens
3049 812 3260 867 dicebat
3282 853 3297 878 ,
3331 812 3541 867 Dimitte
3557 815 3676 868 illis
3705 831 3724 869 :
3751 833 3856 872 non

2253 900 2389 954 enim
2427 899 2590 954 sciunt
2669 901 2799 974 quid
2819 903 3022 975 1faciunt
3049 902 3201 975 (Luc.
3228 902 3320 958 25.
3516 903 3640 958 llaec
3682 906 3753 958 ab
3788 920 3858 961 eo

2256 990 2590 1060 dicebantur,
2623 1008 2727 1048 non
2755 994 2897 1063 quod
2939 994 3055 1063 ipse
3072 995 3349 1051 dimittere
3380 980 3599 1051 minime
3627 1006 3813 1065 posset
3837 1039 3855 1064 ,

2255 1082 2348 1137 sed
2378 1092 2437 1136 ut
2462 1099 2562 1137 nos
2587 1098 2743 1139 orare
2770 1099 2866 1153 pro
2894 1085 3122 1139 inimicis
3148 1085 3386 1140 doceret.
3418 1085 3549 1141 Nam
3580 1088 3706 1158 quia
3742 1104 3853 1142 non

2255 1181 2751 1241 sermonetantum,
2779 1174 2873 1230 sed
2902 1190 3067 1245 opere
3086 1191 3299 1247 quoque
3325 1176 3625 1231 doctrinam
3656 1194 3769 1248 prae
3797 1196 3860 1233 se

2254 1262 2480 1329 ferebat,
2512 1273 2794 1333 propterea
2821 1280 3008 1335 preces
3035 1268 3196 1321 etiam
3221 1267 3482 1338 atljtinsit.
3512 1266 3699 1323 Nullus
3750 1269 3857 1339 igi-

2253 1360 2343 1406 tur
2362 1367 2430 1407 ex
2457 1352 2745 1420 haereticis,
2765 1357 2842 1410 ob
2873 1356 3090 1410 nimiam
3119 1357 3238 1426 ejus
3261 1358 3667 1424 humanitatem,
3702 1359 3855 1414 inﬁr-

2254 1444 2492 1497 mitatem
2531 1442 2648 1499 haec
2675 1445 2836 1501 verba
2866 1447 3072 1517 judicet
3110 1447 3368 1503 indicare.
3420 1451 3535 1519 Ipse
3574 1452 3719 1505 enim
3770 1463 3859 1510 est

2253 1535 2343 1605 qui
2383 1535 2547 1592 dicit:
2577 1537 2651 1593 Ut
2680 1550 2845 1594 autem
2871 1543 3046 1597 sciatis
3068 1583 3084 1610 ,
3130 1545 3251 1611 quia
3292 1542 3342 1597 F
3343 1546 3461 1599 ilius
3502 1546 3723 1601 hominis
3758 1548 3858 1601 Ise-

2242 1626 2331 1679 bet
2356 1631 2723 1697 potestatemin
2754 1640 2885 1686 terra
2908 1633 3192 1688 dimittendi
3217 1646 3426 1705 peccata
3455 1635 3667 1707 (Matth.
3688 1638 3746 1693 9.
3772 1638 3852 1707 6).

2251 1718 2357 1773 Sed
2382 1721 2632 1790 quoniam
2655 1722 2850 1779 docere
2886 1724 3096 1780 volebat
3122 1725 3203 1799 (is
3227 1734 3407 1781 autem
3432 1728 3521 1797 qui
3549 1728 3710 1783 docet
3744 1745 3855 1785 non

2252 1808 2428 1863 verbis
2458 1818 2661 1865 tantum
2692 1811 2804 1867 suis
2824 1853 2840 1879 ,
2889 1813 2985 1868 sed
3011 1814 3171 1869 etiam
3202 1814 3357 1871 factis
3381 1815 3679 1871 doctrinam
3722 1833 3855 1887 pro-

2254 1896 2358 1953 fert
2383 1899 2437 1953 in
2458 1900 2743 1973 medium),
2774 1904 2873 1957 hac
2892 1903 2965 1959 de
2988 1919 3148 1959 causa
3172 1920 3359 1976 preces
3378 1907 3541 1961 etiam
3562 1906 3812 1976 adjunin
3835 1926 3851 1963 :

2254 2005 2376 2045 nam
2426 1991 2625 2062 alioqui
2668 1993 3051 2065 discipulorum
3093 1998 3253 2051 etiam
3298 1996 3465 2067 pedes
3512 1999 3643 2053 lavit
3671 2040 3686 2063 ,
3741 2015 3853 2055 non

2252 2080 2393 2151 quod
2420 2082 2643 2138 inferior
2659 2094 2806 2141 esset
2828 2103 2843 2141 :
2877 2102 3063 2142 verum
3083 2102 3205 2142 cum
3238 2088 3381 2143 Deus
3403 2098 3551 2144 esset
3573 2104 3639 2144 ac
3668 2090 3855 2145 Domi-

2252 2187 2387 2240 nus,
2418 2174 2485 2227 ad
2514 2183 2714 2229 tantam
2741 2191 2801 2231 se
2826 2176 3184 2232 huinilitatcm
3214 2176 3447 2233 demisit.

2314 2261 2377 2316 6.
2418 2262 2820 2321 Resurrectiont's
2854 2267 3048 2335 futura:
3085 2275 3380 2336 argumenta
3397 2284 3421 2333 ,'
3462 2268 3854 2340 transﬁguratio

2247 2354 2439 2410 Christi
2458 2358 2837 2428 [uturtcgloriat
2855 2361 3130 2431 imago.—
3172 2359 3319 2415 lianc
3346 2359 3509 2425 etiam
3531 2360 3602 2415 ob
3627 2376 3850 2417 causam

2248 2446 2507 2504 dicebat;
2554 2446 2760 2504 Discite.
2796 2466 2828 2501 a
2866 2466 2979 2515 me,
3020 2451 3140 2520 quia
3178 2451 3311 2504 initis
3345 2467 3458 2503 sunt
3488 2490 3507 2518 ,
3538 2461 3585 2505 et
3638 2452 3852 2507 humilis

2248 2540 2400 2592 corde
2444 2538 2692 2612 (Matth.
2759 2542 2845 2596 il.
2901 2542 3043 2612 29).
3110 2544 3229 2597 Alio
3276 2543 3438 2597 modo
3490 2558 3681 2598 rursus
3733 2544 3848 2613 ipsa

2250 2631 2428 2684 bravia
2458 2633 2778 2702 praemiaque
2807 2634 2858 2686 in
2888 2634 3122 2688 medium
3145 2633 3322 2688 allerri
3348 2675 3362 2699 ,
3389 2649 3452 2687 ac
3480 2633 3675 2703 subjici
3706 2614 3848 2690 cru:

2251 2720 2314 2774 lis
2335 2719 2479 2773 audi.
2500 2720 2772 2776 Pollicitus
2791 2734 2907 2777 erat
2926 2739 3211 2793 corporum
3239 2726 3716 2791 resurrectionem,
3739 2730 3844 2781 ini-

2250 2810 2647 2877 rnortalitatem,
2679 2826 2962 2867 occursum
2995 2814 3046 2867 in
3068 2830 3215 2880 aera,
3244 2823 3453 2885 raptum
3476 2817 3530 2871 in
3560 2818 3795 2872 nubibus
3822 2837 3840 2881 ;

2249 2898 2363 2953 lucc
2411 2902 2571 2955 rebus
2618 2902 2745 2971 ipsis
2784 2905 3036 2958 ostendit.
3070 2905 3187 2973 Quo
3216 2906 3430 2959 tandem
3460 2908 3623 2962 modo
3652 2910 3845 2965 illor-

2248 2999 2369 3045 tuus
2399 3006 2520 3045 cum
2557 3002 2720 3058 esset,
2745 2998 3044 3049 resurrexit
3085 3012 3102 3054 ;
3134 3006 3461 3066 quapropter
3507 3008 3563 3052 et
3602 3002 3843 3068 quadra-

2244 3083 2387 3152 ginta
2416 3083 2604 3138 diebus
2628 3100 2749 3138 cum
2791 3087 2922 3155 ipsis
2957 3098 3197 3142 versatus
3223 3098 3324 3153 est,
3350 3098 3405 3142 ut
3424 3091 3691 3145 certiores
3724 3094 3845 3147 illos

2247 3172 2515 3241 redderet,
2557 3184 2611 3229 et
2635 3176 2811 3244 qualia
2851 3191 3081 3247 corpora
3110 3188 3292 3233 nostra
3324 3188 3444 3249 post
3485 3185 3848 3237 resurrectio-

2250 3277 2372 3316 nem
2396 3262 2569 3317 futura
2593 3265 2717 3328 sint,
2747 3266 3077 3321 ostenderet.
3109 3266 3317 3323 Rursus
3344 3270 3435 3339 qui
3482 3285 3581 3339 per
3612 3272 3867 3327 Paulum

2246 3354 2379 3407 dixit
2410 3375 2422 3409 :
2457 3352 2521 3408 In
2570 3355 2786 3410 nubibus
2834 3358 3090 3425 rapientur
3124 3358 3321 3411 obviam
3371 3359 3452 3411 illi
3487 3362 3539 3413 in
3588 3376 3712 3414 aera
3760 3364 3841 3432 (Ι.

2246 3444 2425 3500 Thess.
2458 3447 2511 3500 4.
2545 3448 2656 3518 17),
2691 3448 2794 3505 hoc
2824 3448 2987 3503 eiam
3017 3463 3179 3517 opere
3200 3450 3605 3505 demonstravit.
3655 3452 3842 3523 Siqui-

2244 3537 2365 3591 dem
2410 3548 2531 3608 post
2566 3542 3033 3606 resurrectionem,
3066 3556 3185 3595 cum
3231 3552 3377 3597 esset
3421 3543 3473 3595 in
3529 3543 3697 3599 caios
3749 3561 3844 3601 as-

2244 3642 2535 3693 ccnsuras,
2577 3634 2931 3699 praesentibus
2983 3634 3130 3702 ipsis,
3173 3632 3410 3687 Eleuatus
3433 3643 3526 3699 est,
3569 3636 3766 3706 inquit,
3797 3651 3846 3695 et

2245 3722 2397 3777 nubes
2425 3724 2642 3790 suscepit
2671 3742 2782 3777 eum
2810 3728 2871 3778 ab
2915 3728 3075 3780 oculis
3098 3742 3268 3780 eorum
3299 3726 3434 3797 (Act.
3462 3728 3511 3781 Ι.
3530 3726 3620 3799 9);
3641 3738 3844 3787 etcum

2245 3813 2463 3869 intentis
2492 3817 2662 3870 oculis
2709 3828 2912 3883 essent,
2940 3818 3066 3871 dum
3111 3817 3284 3871 abiret
3325 3817 3434 3872 ille.
3461 3817 3548 3873 Sic
3579 3820 3843 3879 nimirum

2241 3908 2301 3959 et
2323 3920 2516 3974 corpus
2564 3919 2805 3962 nostrum
2832 3909 3288 3964 consubstantiale
3319 3910 3531 3979 corpori
3580 3912 3689 3965 erit
3738 3916 3839 3983 illi,

2244 4002 2427 4063 utpote
2456 3996 2595 4063 quod
2619 4012 2683 4051 es
2716 3998 2911 4053 eadem
2948 4001 3017 4052 sit
3044 4014 3217 4053 massa
3254 4016 3268 4052 :
3298 4000 3434 4053 sicut
3459 4000 3605 4055 enim
3650 4017 3839 4072 caput,

2245 4084 2313 4136 ita
2354 4096 2407 4138 ct
2437 4100 2672 4155 corpus;
2718 4090 2857 4142 sicut
2896 4089 3210 4159 principium
3238 4131 3252 4153 ,
3298 4089 3371 4142 ita
3402 4100 3453 4144 et
3484 4089 3629 4144 linis.
3664 4094 3842 4161 Atque

2244 4171 2346 4226 hoc
2379 4174 2711 4229 manifestius
2754 4176 2994 4232 indicans
3022 4176 3215 4231 Paulus
3250 4176 3457 4234 dicebat
3496 4193 3510 4231 :
3538 4177 3641 4245 Qui
3664 4185 3839 4249 refor-

2241 4260 2395 4315 ntabit
2421 4278 2608 4334 corpus
2649 4265 2949 4320 humilitatis
2973 4276 3158 4321 nostra!
3188 4306 3202 4331 ,
3232 4276 3285 4319 ut
3309 4270 3570 4337 confertae
3590 4269 3688 4337 ﬁat
3715 4272 3835 4324 cor-

2240 4353 2354 4423 pori
2391 4353 2636 4407 claritatis
2662 4370 2770 4408 sua
2799 4353 3019 4426 (Philip.
3054 4356 3106 4409 ὅ.
3134 4356 3249 4426 2i).
3280 4354 3336 4411 Si
3366 4357 3527 4425 igitur
3552 4358 3841 4418 conformo

2241 4445 2334 4509 sit,
2363 4445 2607 4500 eamdem
2640 4447 2800 4501 etiam
2828 4452 2964 4501 viam
2991 4447 3238 4503 conficiet
3262 4490 3275 4511 ,
3303 4460 3358 4502 et
3389 4449 3439 4501 in
3466 4442 3701 4503 nubibus
3733 4467 3835 4522 pa-

2239 4536 2374 4591 riter
2398 4537 2709 4591 elcvabitur.
2735 4538 2859 4594 Haec
2891 4548 2945 4593 tu
2975 4555 3186 4609 quoque
3216 4540 3266 4593 in
3295 4542 3694 4596 resurrectione
3721 4559 3828 4600 ex-

2238 4636 2440 4696 specta.
2480 4628 2612 4683 Nam
2642 4629 2987 4699 quoniam‘ad
3029 4631 3155 4685 illud
3186 4647 3352 4701 usque
3388 4640 3601 4700 tempus
3626 4633 3830 4690 obscu«

2239 4734 2355 4772 rum
2390 4719 2563 4774 fuerat
2586 4720 2925 4775 audientibus
2961 4721 3179 4779 verbum
3212 4723 3358 4791 regni
3388 4724 3663 4786 canorum,
3695 4739 3830 4795 pro-

2238 4818 2415 4879 pterea
2468 4825 2587 4865 cum
2615 4812 2945 4866 ascendisset
2980 4813 3030 4866 in
3065 4824 3321 4876 montem,
3349 4827 3528 4867 coram
3550 4813 3836 4885 discipulis

2238 4900 2349 4953 suis
2380 4900 2783 4969 transﬁguratus
2817 4912 2898 4956 cst
2925 4900 3136 4971 (Matth.
3171 4902 3281 4971 i7).
3311 4902 3497 4973 eisque
3525 4903 3832 4968 futurorum

2237 4990 2455 5059 gloriam
2487 4994 2932 5060 prremonstravit.
2963 5003 3015 5047 ct
3034 4994 3261 5049 obscure
3285 5004 3553 5065 tamquam
3594 4998 3647 5051 in
3689 4999 3828 5053 πηξ-

2237 5092 2433 5150 κιιιηιο,
2456 5084 2613 5152 quale
2642 5100 2836 5152 corpus
2855 5095 3091 5138 nostrum
3121 5084 3354 5139 futurum
3378 5098 3539 5150 esset,
3560 5091 3835 5145 ostendit.

2241 5173 2432 5228 Verum
2458 5189 2578 5228 eum
2602 5176 2835 5230 vestibus
2862 5186 2968 5229 tum
2986 5174 3198 5245 quidem
3231 5176 3474 5245 apparuit
3503 5194 3515 5231 :
3546 5188 3600 5230 at
3620 5193 3728 5232 non
3756 5182 3829 5235 ita

2239 5267 2289 5320 in
2322 5268 2731 5322 resurrectione.
2757 5267 2939 5336 Neque
2967 5268 3110 5321 enim
3138 5269 3374 5321 vestibus
3403 5267 3600 5337 indiget
3628 5285 3830 5339 corpus

2237 5369 2497 5422 nostrum,
2531 5375 2701 5429 neque
2734 5369 2895 5423 tecto,
2932 5373 3104 5427 neque
3132 5361 3618 5423 concameratione,
3651 5378 3830 5429 neque

2235 5451 2336 5504 alia
2364 5450 2467 5504 ulla
2489 5465 2546 5505 re
2566 5450 2745 5505 simili.
2769 5451 2899 5504 Nam
2923 5452 2965 5505 si
2988 5461 3109 5504 ante
3132 5451 3608 5521 transgressionem
3631 5453 3827 5516 Adam,

2233 5556 2352 5595 cum
2382 5550 2525 5595 esset
2554 5540 2746 5606 nudus,
2791 5556 2897 5595 non
2924 5541 3294 5607 erubescebat,
3324 5540 3488 5609 gloria
3517 5542 3827 5595 circumda-

2234 5641 2318 5685 tus
2350 5650 2362 5684 :
2406 5631 2571 5685 multo
2605 5633 2774 5702 magis
2817 5647 3041 5701 corpora
3076 5642 3251 5686 nostra
3274 5674 3289 5699 ,
3316 5647 3433 5700 qua:
3459 5631 3524 5683 ad
3555 5642 3822 5691 pra-stan-

2234 5723 2426 5779 tiorem
2452 5722 2835 5795 melioremque
2868 5724 3227 5780 conditionem
3257 5725 3637 5793 tranlerentur,
3666 5727 3822 5780 nullo
