4074 6394
496 350 605 408 335

499 459 690 532 linguis
720 453 1097 528 prephetarum
1136 454 1219 501 est
1235 440 1613 512 compositum.
1643 438 1813 507 Quam
1850 438 1919 493 ob
1940 453 2069 532 cau-

496 568 612 607 sam
640 557 953 621 perpetuum
973 549 1075 603 est,
1099 548 1152 594 et
1181 550 1355 607 neque
1370 544 1670 602 temporum
1693 531 2072 601 longinquitate

496 644 821 703 debilitatur,
851 649 1024 705 neque
1054 630 1357 685 morborum
1389 626 1587 680 virtute
1613 633 1914 693 superatur.
1940 621 2071 675 Nam

501 732 824 787 medicorum
854 724 1068 790 quidem
1099 718 1486 776 medicamenta
1523 724 1746 782 utroque
1774 710 1981 765 defectu
2011 724 2075 765 ac

503 822 627 876 vitio
646 820 887 873 laborant
908 831 926 871 :
952 814 1076 868 dum
1096 808 1326 865 recentia
1347 816 1492 874 sunt,
1518 806 1623 860 vim
1642 814 1788 858 suam
1809 800 2071 872 produnt:

496 927 618 965 eum
657 922 788 963 vero
833 906 1053 960 multum
1079 901 1335 970 temporis
1361 907 1444 953 est
1469 897 1728 965 elapsum,
1756 895 1807 946 in
1853 892 2070 945 modum

496 1015 781 1071 corporum
826 1006 1100 1053 senectute
1137 991 1502 1048 confectomm
1554 983 1898 1041 imbecilliora
1948 984 2072 1038 red-

496 1097 738 1149 duntur:
768 1092 894 1162 quin
934 1090 1096 1144 etiam
1139 1099 1379 1157 persmpe
1423 1080 1729 1135 morborum
1759 1076 2074 1132 difllcultate

495 1187 800 1246 vincuntur,
827 1180 1022 1251 quippe
1048 1192 1169 1246 quae
1192 1175 1417 1228 humana
1443 1169 1590 1224 sint:
1617 1177 1672 1221 at
1699 1167 1937 1221 divinum
1968 1180 2074 1219 me-

495 1277 854 1331 dieamentum
904 1271 1010 1323 tale
1038 1283 1141 1322 non
1173 1274 1274 1329 est,
1306 1262 1401 1318 sed
1430 1261 1599 1316 multo
1627 1269 1867 1328 tempore
1905 1258 2072 1311 inter-

496 1367 639 1435 jecto
664 1376 813 1416 suam
840 1373 1053 1413 onmem
1076 1357 1179 1409 vim
1200 1353 1415 1439 retinet.
1457 1350 1600 1405 Sane
1623 1364 1687 1402 ex
1715 1363 1781 1403 eo
1810 1356 2071 1417 tempore,

499 1471 607 1525 quo
637 1454 763 1506 vixit
811 1450 1019 1520 Moyses
1061 1447 1150 1517 (ab
1180 1436 1273 1499 illo
1314 1442 1456 1497 enim
1488 1440 1699 1494 initium
1730 1446 1812 1493 est
1836 1436 2073 1505 Scriptu-

498 1543 722 1613 rarum),
756 1551 862 1596 tam
893 1539 1087 1592 multos
1120 1535 1365 1589 homines
1387 1531 1614 1594 sanavit,
1646 1538 1701 1584 et
1725 1542 1873 1582 suam
1904 1528 2074 1579 virtu-

500 1645 606 1688 tem
637 1647 742 1686 non
790 1630 966 1683 amisit
1000 1644 1016 1681 :
1044 1625 1138 1681 sed
1168 1638 1342 1694 neque
1366 1621 1435 1676 ab
1460 1620 1563 1675 ulla
1590 1617 2078 1688 umquammgritu-

498 1726 625 1779 diue
650 1730 951 1791 superatum
993 1726 1096 1772 est.
1122 1715 1235 1770 Hoc
1268 1712 1713 1767 medicamentum
1756 1722 1861 1761 non
1892 1721 2076 1760 nume-

500 1828 615 1871 rata
660 1813 882 1885 pecunia
926 1812 1050 1864 licet
1077 1807 1341 1875 accipere,
1373 1804 1465 1859 sed
1487 1803 1576 1872 qui
1600 1801 1869 1867 sinceram
1890 1799 2076 1851 volun-

501 1916 662 1960 tatem
691 1912 746 1957 et
765 1901 1007 1955 allectum
1052 1896 1295 1960 exhibet,
1330 1902 1497 1948 totum
1524 1892 1651 1945 illud
1677 1904 1860 1944 secum
1884 1903 2074 1957 repere

499 2007 591 2051 tat.
610 1993 811 2049 Idcirco
837 1990 1027 2044 divites
1052 1984 1210 2040 simul
1238 1994 1293 2039 et
1315 1995 1583 2053 pauperes
1612 1979 1810 2049 pariter
1840 1978 1937 2032 hac
1964 1993 2077 2030 me-

498 2086 673 2139 dicina
702 2080 965 2137 fruuntur.
1010 2076 1141 2131 Nam
1188 2073 1275 2127 ubi
1305 2072 1516 2141 quidem
1547 2070 1799 2139 pecunias
1842 2066 2076 2136 impendi

506 2186 726 2229 necesse
758 2178 861 2233 est,
898 2169 987 2237 qui
1026 2163 1265 2233 locuples
1294 2171 1394 2225 est,
1419 2160 1662 2214 utilitatis
1688 2160 1745 2211 ﬁt
1774 2158 2035 2227 particeps
2060 2173 2076 2211 :

504 2278 703 2335 pauper
727 2269 902 2314 autem
945 2271 1088 2326 saepe
1113 2253 1246 2309 lucri
1275 2267 1467 2321 expers
1500 2250 1763 2305 discedit:
1795 2263 1916 2303 cum
1948 2249 2077 2301 tanti

502 2358 702 2413 reditus
727 2354 798 2407 illi
826 2368 929 2405 non
952 2354 1255 2419 suppetant,
1281 2354 1341 2399 ut
1364 2343 1429 2396 ad
1452 2341 1783 2395 medicamen
1795 2348 1907 2394 tum
1943 2354 2077 2393 cou-

506 2444 785 2501 ftciendum
810 2422 1095 2496 sufﬁciant.
1126 2436 1222 2491 llic
1238 2449 1365 2489 vero
1393 2431 1643 2501 quoniam
1674 2429 1952 2499 pecuniam
1976 2443 2075 2479 uu-

503 2552 713 2593 merare
739 2550 842 2589 non
868 2530 1211 2602 permittitur,
1242 2524 1336 2580 sed
1376 2523 1508 2576 ﬁdes
1529 2529 1584 2575 et
1611 2520 1854 2574 voluntas
1879 2527 1961 2573 est
1981 2532 2075 2571 ex-

504 2628 755 2693 hibenda,
785 2625 874 2695 qui
900 2634 1187 2677 numerare
1222 2624 1400 2687 potest
1439 2615 1536 2668 ista
1567 2620 1620 2666 et
1650 2625 1773 2665 cum
1804 2610 2081 2663 alacritate

502 2717 830 2789 persolvere,
854 2712 941 2766 hie
968 2710 1301 2781 potissimum
1332 2704 1556 2775 percipit
1580 2701 1859 2754 utilitatem
1885 2714 1899 2751 :
1922 2713 2082 2789 quan-

500 2787 784 2878 doquidem
810 2804 924 2858 hcce
970 2809 1236 2867 suntquae
1282 2811 1381 2865 pro
1418 2791 1665 2848 mercede
1708 2787 2083 2878 medicinteis-

502 2876 606 2953 tius
632 2897 937 2965 exiguntur.
969 2892 1033 2945 Et
1063 2889 1217 2942 dives
1241 2895 1292 2939 et
1322 2897 1520 2951 pauper
1543 2882 1739 2950 pariter
1777 2878 1914 2931 Itane
1936 2876 2081 2930 utili-

502 2998 666 3042 tatem
695 2982 1011 3053 participant
1059 2995 1074 3033 :
1123 2978 1228 3032 imo
1257 2991 1381 3028 vero
1424 2987 1529 3026 non
1558 2971 1753 3041 pariter
1791 2968 2076 3022 utilitatem

501 3079 838 3150 participant,
890 3073 985 3129 sed
1037 3069 1225 3139 majori
1261 3074 1510 3137 percepta
1570 3076 1771 3131 pauper
1820 3058 2079 3114 abscedit.

502 3170 635 3238 Quid
682 3168 750 3222 ita
772 3167 796 3220 ?
821 3162 972 3232 Quod
1022 3160 1272 3216 nimirum
1308 3156 1459 3211 dives
1487 3152 1647 3207 variis
1679 3157 2083 3220 prmoccupatus

506 3258 954 3317 sollicitudinibus
974 3294 990 3319 ,
1022 3251 1273 3323 superbia
1302 3258 1515 3302 tumens
1540 3286 1556 3309 ,
1582 3252 1638 3299 et
1657 3243 1847 3312 opibus
1871 3241 2083 3295 inﬂatus

504 3368 566 3407 ac
598 3351 759 3416 fastu,
780 3346 1002 3403 desidia:
1039 3338 1247 3398 deditus
1273 3354 1336 3393 ac
1363 3334 1719 3405 negligentiae,
1752 3346 1855 3386 non
1896 3330 2086 3383 admo-

500 3443 628 3497 dum
649 3448 869 3499 attente,
899 3449 1069 3504 neque
1092 3446 1281 3500 magno
1302 3444 1420 3483 cum
1449 3425 1629 3479 studio
1655 3421 1974 3477 medicinam
1990 3436 2086 3474 au-

500 3532 717 3588 ditionis
745 3528 1035 3598 Scriptura:
1073 3522 1295 3590 recipiat
1332 3536 1350 3575 :
1383 3532 1583 3589 pauper
1608 3524 1785 3570 autem
1821 3527 1851 3568 a
1876 3512 2083 3568 deliciis

501 3636 557 3679 ct
584 3622 836 3693 ingluvie,
862 3633 925 3673 ac
956 3613 1273 3687 negligentia
1301 3610 1573 3676 immunis,
1604 3608 1933 3676 multamque
1958 3605 2082 3661 inde

503 3714 696 3785 animae
725 3726 835 3765 sua:
861 3708 1152 3764 concilians
1179 3701 1591 3773 philosophiam.
1612 3698 1738 3752 dum
1762 3706 1931 3752 totum
1951 3706 2086 3751 tem-

504 3820 605 3877 pus
634 3805 687 3859 in
731 3816 897 3872 opere
926 3812 1177 3853 manuum
1217 3809 1282 3849 ac
1312 3791 1560 3862 legitimis
1590 3788 1865 3843 laboribus
1882 3802 2082 3843 consu-

501 3898 621 3960 mit,
650 3892 899 3948 attentior
925 3905 988 3943 ac
1012 3886 1282 3943 robustior
1300 3882 1510 3947 evadat,
1539 3895 1603 3935 ac
1629 3879 1818 3949 majori
1847 3894 1969 3933 cum
1994 3877 2079 3933 di-

501 3986 713 4057 ligentia
755 3998 873 4052 qua:
908 3981 1156 4034 dicuntur
1203 3974 1460 4044 percipiat
1488 3987 1505 4028 :
1533 3986 1639 4041 quo
1670 3970 1747 4037 ﬁt,
1791 3978 1849 4024 ιιι
1896 3968 2086 4039 majori

502 4077 675 4148 pretio
704 4072 993 4142 persoluto,
1012 4067 1200 4138 majori
1224 4066 1475 4135 decerpta
1502 4063 1729 4118 utilitate
1749 4060 2007 4116 discedat.

575 4168 631 4219 2.
677 4164 800 4221 llaec
829 4178 858 4216 a
890 4176 976 4215 me
1005 4175 1110 4214 non
1151 4173 1217 4212 eo
1254 4155 1509 4210 dicuntur
1532 4152 1788 4215 consilio,
1816 4161 1872 4204 ut
1896 4150 2093 4205 divites

505 4270 871 4327 quoscumque
892 4254 1211 4322 vituperem,
1237 4262 1337 4302 nec
1364 4255 1421 4301 ut
1449 4257 1708 4315 pauperes
1729 4256 2092 4312 quoscumque

504 4351 714 4406 laudem
748 4365 761 4401 :
796 4362 916 4400 nam
954 4359 1123 4414 neque
1148 4340 1346 4397 divitia:
1376 4338 1571 4392 malum
1602 4344 1747 4397 sunt,
1774 4335 1868 4389 sed
1896 4334 2092 4389 divitiis

511 4441 650 4495 male
681 4439 753 4492 uti
788 4456 801 4491 :
834 4450 1007 4505 neque
1035 4440 1317 4503 paupertas
1360 4429 1558 4481 bonum
1585 4468 1599 4492 ,
1642 4424 1735 4481 sed
1782 4433 2093 4495 paupertate

504 4535 640 4587 bene
696 4529 791 4582 uti.
842 4524 1213 4593 Torquebatur
1266 4520 1417 4573 dives
1456 4518 1544 4572 ille
1579 4516 1668 4585 qui
1711 4523 1869 4569 a-tate
1906 4513 2091 4570 Lazari

512 4624 755 4685 vixerat,
810 4616 1066 4686 nonquia
1120 4614 1269 4668 dives
1297 4611 1510 4676 fuerat,
1551 4608 1645 4662 sed
1693 4608 1813 4677 quia
1861 4607 2093 4661 crudelis

510 4714 680 4768 fuerat
714 4720 768 4767 et
807 4708 1146 4765 inhumanus.
1179 4703 1515 4758 Laudabatur
1546 4714 1745 4769 pauper
1775 4699 1862 4752 ille
1892 4698 1945 4751 in
1975 4699 2093 4753 sinu

510 4806 738 4863 Abrahae
758 4844 772 4869 ,
820 4818 924 4857 non
954 4802 1075 4870 quia
1106 4812 1309 4867 pauper
1351 4796 1517 4849 fuerat
1540 4833 1555 4859 ,
1581 4794 1672 4846 sed
1714 4791 1834 4860 quia
1865 4805 2093 4861 pauper-

512 4911 673 4954 latctn
720 4911 841 4951 cum
888 4894 1175 4965 gratiarum
1204 4889 1415 4943 actione
1449 4886 1789 4940 toleraverat.
1822 4884 1926 4938 lies
1953 4884 2093 4938 enim

508 4993 625 5046 alia:
655 4988 950 5059 (attendite
995 4986 1275 5054 diligenter
1298 4981 1363 5035 ad
1392 4995 1454 5035 ea
1481 4994 1599 5049 quae
1640 4978 1866 5031 dicimus
1895 4994 1908 5029 :
1940 4984 2094 5048 pote-

513 5092 636 5136 runt
676 5082 819 5137 enim
871 5080 1223 5133 sufﬁcientem
1252 5072 1643 5148 philosophiam
1676 5070 2096 5141 modestiamque

512 5168 930 5227 vuhisinserere
949 5214 963 5234 ,
994 5186 1056 5224 ac
1081 5170 1324 5223 vitiosam
1352 5178 1567 5219 omnem
1606 5162 1976 5232 cogitationem
2003 5178 2097 5217 ex-

513 5265 747 5329 pellere,
784 5271 939 5331 atque
979 5261 1189 5313 efﬁcere
1219 5268 1276 5311 ut
1306 5266 1509 5312 rectum
1551 5254 1620 5308 de
1657 5254 1817 5308 rebus
1841 5254 2095 5323 judicium

515 5356 733 5425 ti'ratis)
758 5374 772 5420 ;
801 5371 885 5411 res
907 5356 1064 5426 igitur
1088 5354 1205 5408 alim
1228 5362 1353 5407 sunt
1375 5362 1563 5406 natura
1592 5350 1768 5415 boum,
1799 5349 1914 5403 aliae
1941 5350 2097 5420 plane

510 5448 829 5513 centrarizn;
871 5448 988 5501 alia:
1017 5462 1136 5517 qua:
1163 5460 1260 5499 nec
1287 5445 1443 5499 bona:
1486 5451 1612 5496 sunt
1649 5456 1747 5496 nec
1789 5442 1971 5505 make,
2004 5441 2096 5495 sed

514 5540 744 5595 medium
776 5538 1055 5609 quemdam
1086 5538 1256 5592 locum
1277 5544 1477 5590 tenent.
1513 5535 1717 5587 Bonum
1740 5541 1822 5587 est
1848 5531 2096 5602 quiddam

519 5644 703 5688 natura
736 5648 831 5687 sua
858 5632 1027 5702 pietas
1054 5673 1069 5695 ,
1114 5631 1310 5683 malum
1358 5627 1602 5694 impietas
1633 5644 1643 5677 :
1676 5626 1871 5679 bonum
1898 5626 2095 5689 virtus,

514 5726 712 5783 mnium
742 5724 1052 5797 improbitas
1088 5742 1099 5776 :
1136 5734 1294 5793 porro
1340 5719 1537 5773 divitia:
1582 5734 1642 5770 ac
1677 5728 1953 5788 paupertas
2004 5734 2096 5786 per

1201 331 1259 389 S.
1297 326 1575 388 JOANNIS
1608 324 2080 385 CHRYSOSTOMI
2106 321 2421 380 ARCHIEP.
2452 319 2985 380 CONSTANTINOP.

3658 326 3765 385 356

2185 450 2247 491 se
2288 452 2461 506 neque
2510 436 2611 492 hoc
2656 444 2815 500 sunt,
2870 450 3044 507 neque
3071 435 3198 493 illud
3233 455 3249 493 :
3280 438 3376 494 sed
3420 455 3520 510 pro
3561 443 3769 500 ratione

2184 529 2443 597 propositi
2489 543 2553 583 ac
2598 527 2885 601 voluntatis
2912 542 3102 583 eorum
3128 530 3217 599 qui
3248 530 3467 586 utuntur
3505 532 3612 588 illis
3634 574 3651 595 ,
3676 544 3772 587 aut

2184 618 2286 674 hoc
2323 628 2415 673 aut
2460 618 2590 673 illud
2630 617 2779 673 ﬁunt.
2811 617 2942 673 Nam
2968 619 3014 673 si
3042 619 3106 673 ad
3133 618 3518 676 humanitatem
3550 623 3770 692 quidem

2182 710 2380 764 divitiis
2402 718 2573 773 utare,
2598 709 2690 763 tibi
2716 724 2805 764 res
2827 708 2894 765 ad
2914 711 3251 766 occasionem
3276 712 3397 766 boni
3428 713 3773 769 tradacetur:

2180 800 2263 854 sin
2293 810 2471 855 autem
2497 798 2564 852 ad
2590 799 2822 867 rapinas,
2853 800 3128 853 avaritiam
3159 809 3215 855 et
3244 798 3488 870 iujuriam
3509 843 3525 866 ,
3555 804 3609 857 in
3636 817 3773 857 cou-

2186 893 2405 946 trarium
2452 892 2616 961 ipsius
2665 906 2819 945 usum
2855 902 3139 946 convertes
3184 908 3200 947 :
3247 903 3615 948 verumtamen
3665 909 3775 947 non

2184 992 2310 1035 sunt
2336 982 2389 1035 in
2414 996 2575 1036 causa
2612 981 2814 1035 divitim
2832 1020 2850 1046 ,
2876 979 2971 1035 sed
2999 980 3044 1035 is
3069 982 3157 1051 qui
3188 982 3254 1036 ad
3282 983 3529 1051 injuriatn
3570 983 3776 1038 divitiis

2182 1085 2265 1129 cst
2305 1089 2453 1129 usus.
2507 1073 2579 1127 Ita
2621 1088 2833 1143 quoque
2870 1072 2937 1127 de
2982 1082 3293 1143 paupertate
3319 1074 3423 1128 dici
3454 1083 3631 1144 potest
3659 1090 3677 1126 :
3704 1073 3777 1126 εἰ.

2183 1163 2399 1233 quidem
2430 1162 2572 1217 illam
2601 1162 2863 1231 patienter
2894 1162 3081 1217 tuleris
3108 1163 3334 1218 Domino
3358 1165 3558 1235 gratias
3583 1180 3781 1235 agens,

2184 1271 2272 1311 res
2298 1255 2392 1310 tibi
2414 1255 2626 1309 occasio
2644 1253 2736 1309 ﬁet
2756 1268 2819 1307 ac
2845 1255 3065 1309 materia
3094 1269 3412 1309 coronarum
3445 1273 3457 1308 :
3482 1256 3564 1310 sin
3592 1266 3782 1311 autem

2186 1344 2384 1400 idcirco
2410 1342 2754 1412 blasphemus
2784 1342 2946 1398 fueris
2974 1344 3025 1398 iu
3047 1344 3379 1413 Creatorem,
3398 1348 3624 1417 ejusque
3651 1361 3785 1416 pro-

2186 1435 2479 1490 videntium
2526 1435 2861 1489 accusaveris
2884 1474 2900 1500 ,
2929 1449 3041 1488 rem
3080 1435 3145 1489 ad
3177 1437 3374 1489 malum
3404 1452 3558 1492 usum
3586 1452 3782 1492 rursus

2184 1526 2485 1580 traduxisti.
2513 1525 2618 1581 Sed
2645 1524 3093 1595 quemadmodum
3118 1526 3224 1580 illic
3244 1528 3479 1581 avaritiae
3507 1528 3784 1583 fmudisve

2183 1616 2381 1669 divitia:
2406 1630 2566 1670 causa
2598 1632 2701 1669 non
2730 1625 2854 1670 sunt
2878 1656 2891 1677 ,
2920 1616 3015 1670 sed
3048 1616 3091 1669 is
3115 1616 3205 1685 qui
3247 1617 3386 1671 male
3432 1617 3635 1673 divitiis
3678 1620 3785 1673 uti-

2185 1717 2272 1763 tur
2304 1726 2319 1763 :
2346 1708 2424 1763 sic
2453 1706 2612 1763 etiam
2643 1707 2985 1777 blasphemiae
3013 1708 3223 1778 culpant
3250 1724 3355 1763 non
3383 1708 3694 1778 rejieiemus
3727 1711 3785 1764 in

2186 1806 2588 1868 paupertatem,
2639 1796 2732 1851 sed
2782 1780 2997 1852 in’eum
3026 1799 3117 1867 qui
3148 1813 3263 1853 rem
3312 1798 3588 1855 moderate
3636 1799 3787 1854 ferre

2186 1892 2375 1945 noluit.
2404 1889 2615 1961 Ubique
2650 1904 2879 1958 namque
2907 1904 3028 1944 cum
3057 1888 3194 1954 laus,
3226 1899 3335 1944 tum
3357 1890 3688 1959 vituperium
3715 1906 3782 1944 es

2184 1981 2447 2035 sententia
2486 1989 2540 2034 et
2581 1978 2865 2033 voluntate
2887 1989 3067 2033 nostra
3102 1980 3315 2048 pendet.
3346 1979 3506 2035 Bome
3545 1990 3675 2035 sunt
3702 1981 3782 2033 dio

2186 2070 2361 2137 vitiat,
2393 2069 2486 2125 sed
2517 2084 2622 2124 non
2652 2068 2994 2139 simpliciter,
3028 2083 3214 2123 verum
3243 2069 3349 2133 illi,
3384 2070 3469 2123 cui
3497 2081 3784 2139 peccatum

2187 2174 2291 2213 non
2317 2167 2402 2214 est
2431 2176 2447 2214 :
2474 2168 2529 2213 et
2547 2174 2733 2213 rursus
2758 2158 2895 2212 mala
2930 2168 3011 2213 est
3037 2166 3358 2228 paupertas,
3392 2159 3486 2215 sed
3516 2174 3625 2214 non
3650 2161 3787 2214 sint.

2186 2250 2411 2319 pliciter,
2443 2265 2627 2305 verum
2654 2250 2704 2303 in
2730 2264 2826 2304 ore
2852 2250 3019 2319 impii,
3047 2250 3297 2321 quoniam
3319 2266 3459 2321 :egre
3486 2251 3615 2319 fert,
3642 2270 3789 2324 quo-

2186 2342 2328 2396 niam
2359 2340 2711 2410 blasphemat,
2744 2342 2991 2411 quoniam
3016 2340 3325 2398 Creatorem
3344 2353 3584 2399 accusat.

2254 2433 2309 2487 5.
2327 2430 2437 2485 Nec
2468 2432 2656 2486 divitia:
2674 2448 2761 2485 nec
2786 2442 3057 2502 paupertas
3077 2432 3597 2504 vituperanda—Ne
3622 2437 3789 2507 igitur

2183 2525 2397 2581 divitias
2441 2540 2756 2581 accusemus
2782 2563 2799 2589 ,
2842 2540 3017 2594 neque
3066 2537 3431 2595 paupertatem
3460 2528 3789 2599 simpliciter

2188 2616 2551 2686 vituperemus
2569 2657 2584 2684 ,
2610 2616 2702 2671 sed
2731 2630 2825 2671 eos
2851 2617 2940 2685 qui
2971 2616 3055 2671 bis
3082 2619 3245 2673 rebus
3273 2629 3418 2674 recte
3443 2620 3518 2674 uti
3548 2622 3739 2675 nulttnl
3770 2640 3785 2676 :

2191 2722 2279 2764 res
2307 2710 2451 2763 enim
2482 2708 2610 2777 ipsa:
2636 2715 2761 2761 sunt
2788 2706 2841 2761 in
2870 2706 3047 2761 medio
3075 2708 3284 2778 positae.
3317 2708 3423 2765 Sed
3451 2711 3597 2780 quod
3637 2711 3791 2765 dicc-

2186 2802 2307 2856 bam
2350 2802 2587 2871 (bonum
2611 2801 2754 2855 enim
2782 2810 2868 2856 est
2891 2810 2951 2856 ut
2975 2801 3040 2856 ad
3073 2803 3221 2871 prius
3250 2802 3377 2857 illud
3404 2814 3787 2873 argumentum

2185 2894 2592 2961 revertamur),
2623 2901 2678 2947 et
2707 2892 2863 2948 dives
2892 2902 2945 2947 et
2974 2908 3175 2963 pauper
3202 2894 3392 2949 eadem
3424 2909 3547 2949 eum
3592 2896 3789 2950 ﬁducia

2184 2992 2238 3037 ct
2268 2982 2511 3037 libertate
2539 2982 2619 3038 bis
2648 2984 2846 3037 nostris
2892 2982 3297 3039 medicamentis
3346 2983 3595 3039 fruuntur
3632 3004 3644 3039 :
3678 3000 3790 3040 sa:-

2189 3088 2484 3142 penumero
2510 3073 2671 3128 etiam
2700 3074 2891 3143 majori
2919 3088 3039 3129 cum
3067 3075 3245 3130 studio
3272 3091 3491 3146 pauper.
3521 3077 3643 3132 Non
3672 3080 3791 3132 haec

2186 3162 2699 3218 medicamentorum
2740 3165 2966 3220 istorum
3012 3166 3277 3236 prtecipua
3328 3166 3445 3221 laus
3476 3177 3594 3235 est,
3640 3169 3791 3237 quod

2188 3254 2399 3309 animas
2443 3262 2677 3319 sanent,
2734 3254 2878 3325 quod
2932 3257 3187 3324 temporis
3236 3256 3623 3328 longinquitate
3679 3274 3796 3313 non

2187 3353 2605 3413 corrumpantur
2624 3386 2639 3410 ,
2684 3344 2826 3417 quod
2856 3360 2885 3399 a
2912 3346 3113 3401 morbis
3141 3363 3247 3401 non
3276 3349 3559 3403 vincantur
3583 3391 3598 3413 ,
3643 3351 3791 3419 quod

2186 3452 2373 3494 eorum
2416 3438 2617 3493 utilitas
2640 3439 2811 3509 gratis
2837 3441 3108 3509 proposita
3138 3440 3230 3505 sit,
3260 3440 3401 3510 quod
3424 3457 3489 3497 es
3517 3458 3675 3511 :equo
3701 3442 3790 3496 di-

2190 3528 2387 3584 vitibus
2427 3538 2483 3584 et
2520 3529 2842 3599 pauperibus
2883 3537 3059 3599 pateat
3092 3528 3359 3586 medicina
3392 3529 3527 3586 :sed
3558 3540 3615 3585 et
3642 3532 3794 3586 aliud

2187 3621 2457 3691 quidpiam
2502 3621 2671 3677 nihilo
2698 3622 2875 3676 minus
2919 3622 3003 3678 his
3043 3622 3198 3678 bonis
3242 3622 3457 3678 habent.
3499 3623 3793 3692 Quodnam

2190 3710 2318 3765 illud
2348 3710 2561 3766 tandem
2600 3712 2718 3766 est?
2742 3710 2893 3778 Quod
2922 3726 3017 3767 eos
3043 3712 3136 3782 Qui
3162 3712 3227 3766 ad
3257 3713 3394 3768 hanc
3424 3714 3620 3769 medici
3661 3715 3795 3767 ofli-

2193 3802 2373 3856 cinam
2406 3804 2626 3855 veniunt
2664 3816 2771 3855 non
2796 3800 3152 3871 divulgamus.
3180 3801 3313 3856 Nam
3344 3803 3420 3857 illi
3448 3804 3669 3874 quidem
3698 3808 3794 3875 qui

2190 3892 2257 3946 ad
2289 3891 2538 3962 profanas
2564 3890 2894 3946 medicorum
2927 3890 3174 3946 ofﬁcinas
3198 3890 3436 3957 abeunt,
3465 3893 3666 3949 multos
3696 3895 3798 3949 ba-

2191 3983 2320 4039 beut
2368 3984 2645 4038 vulnerum
2690 3992 3023 4053 spectatores
3050 3998 3067 4037 :
3094 3997 3158 4037 ac
3202 3984 3303 4037 nisi
3351 3983 3501 4052 prius
3546 3985 3799 4043 medicus

2192 4078 2342 4132 ulcus
2366 4077 2614 4147 detegat,
2648 4075 3098 4130 medicamentum
3126 4091 3231 4130 non
3258 4073 3477 4130 adhibet
3502 4092 3519 4130 :
3546 4075 3638 4132 hic
3662 4094 3800 4134 vero

2195 4184 2301 4223 non
2330 4169 2399 4222 ita
2427 4170 2483 4222 ﬁt
2507 4208 2525 4235 ,
2571 4168 2665 4222 sed
2706 4181 2826 4221 cum
2869 4166 3180 4222 innumeros
3209 4167 3487 4223 videamus
3516 4180 3753 4239 mgrotos
3774 4210 3791 4233 ,

2195 4263 2410 4315 occuite
2440 4260 2557 4313 illos
2585 4275 2855 4313 curamus.
2892 4258 3077 4327 Neque
3102 4260 3243 4315 enim
3276 4260 3328 4313 in
3358 4260 3594 4315 medium
3624 4261 3808 4314 add"-

2196 4351 2297 4404 ctis
2325 4349 2715 4419 peccatoribus,
2744 4361 2929 4401 eorum
2952 4347 3144 4401 deinde
3174 4358 3391 4417 peccata
3416 4348 3756 4420 divulgainus
3782 4369 3794 4401 :

2197 4439 2291 4495 sed
2312 4438 2582 4497 communi
2603 4436 2849 4490 omnibus
2869 4436 3107 4492 doctrina
3132 4438 3421 4506 proposita,
3446 4441 3807 4495 conscientia:

2198 4529 2549 4599 relinquimus
2574 4528 2900 4593 auditorum,
2931 4536 2990 4580 ut
3017 4528 3428 4583 convenientem
3459 4544 3559 4583 suo
3586 4532 3806 4584 vulneri

2199 4638 2263 4677 ex
2294 4623 2357 4677 iis
2379 4637 2497 4692 qua:
2520 4620 2658 4674 dicta
2686 4629 2809 4674 sunt
2835 4620 3050 4675 eliciant
3076 4620 3418 4675 medicinam.
3440 4621 3627 4676 Prodit
3651 4624 3801 4678 enim

2202 4714 2272 4767 ab
2298 4713 2527 4767 oratoris
2554 4713 2729 4781 lingua
2758 4712 3015 4766 doctrinm
3036 4728 3216 4767 sermo
3238 4714 3326 4783 qui
3347 4714 3802 4784 vituperationem

2199 4803 2315 4857 vitii
2342 4805 2603 4867 continet,
2634 4801 2843 4857 laudem
2869 4803 3102 4868 virtutis,
3134 4804 3608 4875 reprehensionem
3638 4806 3809 4863 luxu-

2201 4893 2329 4958 rite,
2374 4892 2896 4947 commendationem
2935 4894 3229 4961 castitatis,
3261 4897 3661 4952 accusationem
3707 4915 3807 4954 su-

2202 4984 2421 5054 perbiae,
2451 4984 2773 5054 prmconium
2805 4984 3103 5051 modestia},
3136 4994 3405 5056 tamquam
3426 4990 3633 5043 varium
3665 4994 3809 5046 mul-

2202 5078 2470 5147 tiplexque
2520 5076 2866 5147 pharmacum
2893 5093 2958 5132 ex
2984 5078 3232 5133 omnibus
3270 5081 3551 5149 speciebus
3581 5098 3807 5153 compo-

2202 5169 2363 5225 situm
2393 5184 2407 5224 :
2439 5181 2601 5238 porro
2628 5168 2955 5221 conveniens
2992 5168 3093 5222 sibi
3121 5178 3175 5221 et
3197 5169 3325 5223 utile
3354 5180 3411 5223 ut
3439 5174 3689 5241 accipiat,
3726 5186 3812 5228 est

2207 5260 2626 5331 uniuscujusque
2691 5258 3018 5313 auditorum.
3088 5260 3333 5315 Procedit
3395 5263 3556 5333 igitur
3623 5278 3811 5335 aperte

2206 5366 2388 5406 sermo
2414 5389 2429 5413 ,
2471 5360 2523 5404 et
2568 5348 2826 5419 cujusque
2870 5350 3213 5405 conscientia:
3254 5352 3490 5408 insidens
3516 5395 3531 5419 ,
3578 5356 3812 5411 latenter

2205 5457 2354 5496 suam
2396 5441 2612 5495 exhibet
2656 5440 3013 5505 medicinam,
3064 5450 3117 5495 et
3152 5443 3303 5513 prius
3344 5460 3501 5512 quant
3545 5448 3812 5515 atgrituzlo

2206 5532 2527 5603 pulilieetur,
2557 5546 2701 5600 saepe
2728 5530 2961 5585 restituit
2986 5532 3290 5590 sanitatem.

2287 5624 2341 5677 4.
2386 5623 2510 5677 lleri
2534 5622 2748 5693 quidem
2790 5631 2937 5677 certe
2962 5622 3203 5676 audiistis
3230 5639 3337 5692 quo
3368 5635 3523 5691 pacto
3555 5626 3802 5678 virtutem

2213 5717 2473 5771 orationis
2523 5712 2821 5779 laudarim,
2861 5728 2966 5783 quo
3009 5724 3162 5783 pacto
3204 5728 3297 5768 eos
3343 5716 3429 5784 qui
3480 5719 3805 5790 lll‘g‘iotli'cr
