4074 6400
257 377 372 433 355

270 490 532 564 ῥημάτων
564 487 677 543 τῶν
731 485 790 552 ἐξ
824 482 1059 555 οὐρανοῦ
1098 483 1380 552 σύγκειται
1400 501 1414 516 ·
1442 483 1602 537 τοῦτο
1639 483 1740 536 οὐκ
1768 482 1852 534 ία-

263 575 410 644 τρῶν
439 575 645 642 χεῖρες,
668 568 804 622 ἀλλά
836 567 1131 638 προφητῶν
1163 566 1575 620 κατεσκεύασαν
1591 565 1852 634 γλῶτται.

263 655 363 707 Διά
387 652 546 706 τοῦτο
572 650 796 721 διαρκές
821 652 959 709 ἐστι,
985 646 1222 701 11010611
1244 647 1437 717 πλήθει
1456 646 1661 717 χρόνων
1677 647 1856 716 ἀμαυ-

266 733 480 806 906101,
511 731 638 788 0611
677 733 904 800 δυνάμει
931 731 1258 798 νοσημάτων
1303 728 1610 798 ἐλέγχεται.
1646 727 1728 780 T0
1757 728 1857 797 μὲν

263 817 374 888 709
406 815 516 870 τῶν
582 814 784 885 ἰατρῶν
836 813 1102 882 φάρμακα
1135 811 1420 880 ἀμφότερα
1450 809 1622 863 ταῦτα
1651 809 1764 879 ἔχει
1787 810 1859 863 10

263 897 622 968 ἐλαττώματα
642 913 656 927 ·
684 894 851 965 νεαρά
895 894 993 962 μὲν
1019 891 1128 962 γάρ
1148 892 1278 944 ὅντα
1315 891 1414 960 τὴν
1462 892 1616 962 ἰσχὺν
1657 891 1858 944 ἐπιδεί-

263 996 457 1034 κνυται
476 980 575 1049 τὴν
596 978 826 1032 ἑαυτῶνν
849 978 976 1028 ὅταν
996 975 1053 1028 δέ
1077 974 1264 1051 χρόνος
1287 973 1532 1045 παρέλθῃ
1552 974 1737 1036 πολὺς,
1756 989 1858 1026 110-

263 1063 444 1134 θάπερ
457 1062 524 1114 10
539 1060 886 1132 γεγηρακότα
901 1059 1009 1111 τῶν
1031 1059 1319 1127 σωμάτων,
1338 1057 1701 1129 ἀσθενέστερα
1714 1058 1860 1126 γίνε-

262 1161 378 1198 ται·
419 1144 677 1206 πολλάκις
717 1143 776 1196 δέ
806 1143 945 1194 αύτά
985 1142 1076 1194 1101
1115 1140 1372 1192 δυσκολία
1405 1139 1858 1212 ἀρρωστημάτων

261 1226 560 1295 διήλεγξεν·
585 1224 904 1295 ἀνθρώπινα
937 1218 1049 1293 γάρ¹
1077 1227 1213 1275 ἐστι·
1238 1223 1300 1275 τὸ
1326 1222 1380 1276 δὲ
1402 1223 1544 1276 θεῖον
1568 1225 1860 1295 φάρμακον

262 1309 325 1360 06
355 1307 617 1367 τοιοῦτον,
641 1306 776 1360 ἀλλά
796 1307 988 1376 χρόνου
1018 1306 1401 1374 διαγενομένου
1419 1304 1634 1367 πολλοῦ,
1662 1306 1860 1375 11,1101-

263 1391 419 1441 κείαν
447 1389 600 1458 ἰσχὺν
630 1387 744 1458 ἔχει
773 1390 972 1440 πᾶσαν.
1022 1387 1112 1449 Ἐξ
1139 1387 1262 1438 ὅτου
1294 1386 1423 1453 γοῦν
1449 1385 1668 1454 ἐγένετο
1688 1387 1855 1438 Μωῦ-

264 1469 368 1541 σῆς
396 1469 480 1541 (ἐξ
510 1469 719 1523 ἐκείνου
751 1471 860 1540 709
883 1472 917 1540 ή
947 1469 1090 1540 ἀρχή
1121 1467 1232 1519 τῶν
1264 1467 1302 1519 Γ
1306 1467 1537 1538 ραφῶν),
1568 1469 1859 1531 τοσούτους

263 1553 637 1623 ἐθεράπευσεν
666 1552 1006 1620 ἀνθρώπους,
1036 1551 1128 1603 καὶ
1150 1551 1250 1619 τὴν
1276 1549 1483 1602 οἰκείαν
1506 1549 1735 1619 δύναμιν
1756 1552 1858 1603 ούκ

261 1634 542 1688 ἀπέϐαλεν
564 1651 577 1665 ·
614 1634 728 1687 ἀλλ’
759 1633 881 1686 ούδέ
912 1634 1124 1702 νόσημα
1166 1631 1330 1685 00106
1361 1632 1707 1703 περιεγένετο
1739 1633 1856 1685 πῶ-

259 1729 417 1768 11011.
449 1715 619 1769 T0610
643 1715 704 1768 τὸ
732 1716 1022 1785 φάρμακον
1040 1717 1140 1767 οὐκ
1167 1713 1314 1767 ἐστιν
1333 1714 1597 1786 ἀργύριον
1615 1715 1856 1769 καταϐα-

260 1795 425 1853 λόντα
462 1799 668 1860 λαϐεῖν,
699 1797 814 1850 ἀλλ’
849 1799 878 1849 0
907 1796 1228 1866 προαίρεσιν
1278 1797 1370 1848 καὶ
1428 1796 1669 1850 διάθεσιν
1719 1814 1856 1867 γνη-

265 1881 392 1933 σίαν
418 1879 850 1949 ἐπιδειξάμενος,
887 1878 1032 1930 ἀπαν
1066 1879 1207 1947 έχων
1266 1877 1500 1947 ἀπῆλθε.
1554 1877 1654 1929 Διά
1701 1879 1858 1931 10610

264 1962 364 2014 καὶ
394 1959 641 2014 πλούσιοι
682 1962 774 2013 καὶ
821 1960 1054 2030 πένητες
1083 1959 1283 2029 ὁμοίιος
1310 1959 1410 2029 τῆς
1455 1959 1696 2030 ίατρείας
1730 1961 1858 2012 ἀπο-

263 2042 490 2096 λαύουσι
534 2043 755 2112 ταύτης.
804 2042 974 2095 Ἔνθα
1001 2043 1099 2112 μὲν
1146 2041 1256 2113 709
1287 2043 1500 2113 ἀνάγκη
1528 2043 1849 2096 καταθεῖναι

260 2125 544 2195 χρήματα,
572 2127 600 2178 0
633 2125 733 2195 μὶν
761 2123 993 2195 εὔπορος
1021 2126 1238 2194 μετέχει
1287 2125 1386 2194 τῆς
1418 2126 1683 2194 ὠφελείας
1704 2142 1716 2154 ·
1751 2129 1779 2180 0
1800 2126 1856 2178 δὲ

263 2208 440 2276 πένης
466 2205 729 2270 πολλάκις
761 2208 1206 2278 ἀπεστερημένος
1236 2207 1328 2260 106
1358 2209 1579 2280 κέρδους
1609 2209 1858 2279 ’ἀπέρχε-

259 2303 371 2353 ται,
399 2289 504 2342 οὐκ
535 2289 810 2360 ἀρκούσης
848 2288 999 2358 αὐτῷ
1035 2290 1141 2359 17;;
1171 2289 1434 2356 προσόδου
1469 2291 1601 2358 πρὸς
1634 2292 1732 2361 τὴν
1763 2291 1857 2344 106

262 2371 560 2441 φαρμάκου
590 2371 960 2440 κατασκευήν.
1007 2371 1272 2424 Ἐνταῦθα
1304 2370 1384 2433 δὲ,
1442 2373 1630 2441 ἐπειδὴ
1685 2373 1860 2442 ἀργύ-

262 2469 384 2524 ριον
415 2451 571 2524 [545]
605 2454 705 2504 οὐκ
731 2452 846 2504 ἐστι
872 2453 1222 2514 καταϐαλεῖν,
1265 2453 1403 2507 ἀλλά
1427 2454 1608 2508 πίστιν
1654 2457 1858 2510 ἐπιδεί-

263 2534 462 2598 ξασθαι
493 2535 574 2586 δεῖ
600 2537 691 2587 καὶ
733 2536 1073 2606 προαίρεσιν,
1106 2539 1134 2589 0
1155 2536 1330 2590 10610
1359 2537 1680 2590 καταϐαλὼν
1719 2539 1858 2608 μετά

259 2618 590 2688 προθυμίας,
617 2613 767 2680 0610;
798 2618 1104 2690 καρποῦται
1159 2618 1394 2686 μάλιστα
1431 2623 1531 2690 τήν
1560 2621 1856 2690 ὠφέλειαν·

260 2699 452 2769 ἐπειδὴ
483 2701 577 2753 1101
610 2698 789 2752 10610
835 2701 933 2770 17;;
971 2701 1216 2766 ἰατρείας
1265 2705 1413 2755 ἐστὶν
1443 2705 1471 2756 0
1508 2704 1718 2772 μισθός.
1749 2705 1860 2756 K01

258 2783 290 2834 0
316 2779 571 2842 πλούσιος
631 2783 724 2833 1101
766 2783 794 2834 0
832 2783 1000 2850 πένης
1050 2785 1146 2852 τῆς
1202 2782 1474 2851 ὠφελείας
1511 2784 1858 2837 κοινωνοῦσιν

258 2862 465 2933 ὁμοίως
484 2880 498 2893 ·
527 2863 728 2933 μᾶλλον
759 2864 815 2916 δὲ
833 2865 931 2933 οὐχ
973 2865 1175 2933 ὁμοίως
1207 2867 1522 2919 κοινωνοῦσι
1567 2868 1666 2937 17;;
1711 2867 1858 2934 ὠφε-

261 2946 432 3010 λείας,
461 2945 599 2999 ἀλλά
630 2947 892 3010 πολλάκις
930 2947 1218 3006 πλείονοςΙι
1263 2949 1580 3012 ἀπολαύσας
1625 2953 1654 3003 0
1690 2949 1858 3018 πένης

259 3028 583 3100 ἀπέρχεται.
619 3029 684 3081 Τί
707 3029 938 3099 δήποτες
977 3031 1100 3082 Ὅτι
1123 3032 1151 3083 0
1184 3029 1284 3100 μὲν
1332 3032 1585 3096 πλούσιος
1636 3033 1859 3095 πολλαῖς

267 3111 811 3182 προκατειλημμένος
841 3112 1142 3181 φροντίσιν,
1178 3113 1319 3183 έχων
1333 3114 1434 3185 τήν
1462 3116 1727 3169 ἀπόνοιαν
1762 3116 1858 3169 1101

260 3194 322 3245 τὸ
362 3192 596 3263 φύσημα
622 3193 684 3245 τὸ
737 3194 837 3262 τῆς
891 3192 1172 3263 εὐπορίας,
1213 3195 1477 3267 ὀλιγωρίᾳ
1528 3197 1706 3261 συζῶν
1765 3199 1860 3250 1101

262 3275 530 3348 ῥαθυμίᾳ,
555 3277 617 3329 οὐ
658 3276 797 3346 μετά
833 3276 1038 3346 πολλῆς
1085 3276 1186 3347 17;;
1216 3279 1525 3350 0119161lq,
1563 3281 1686 3334 οὐδὲ
1719 3283 1860 3351 μετά

261 3358 463 3430 πολλῆς
490 3358 591 3428 τῆς
614 3359 852 3430 σπουδῆς
881 3360 944 3412 τὸ
971 3361 1264 3432 φάρμακον
1286 3365 1384 3433 τῆς
1411 3364 1728 3432 ἀκροάσεως
1751 3363 1860 3417 τῶν

261 3440 495 3512 Γραφῶν
529 3443 779 3512 δέχεται·
807 3446 835 3496 0
874 3443 930 3496 δέ
967 3445 1136 3515 πένης
1182 3444 1394 3515 τρυφῆς
1433 3447 1526 3498 1101
1555 3446 1860 3515 ἀδηφαγίας

262 3523 358 3576 καὶ
375 3524 644 3594 ῥᾳθυμίας
668 3525 1106 3597 ἀπηλλαγμένος,
1136 3525 1352 3580 ἅπαντα
1379 3527 1471 3579 τὸν
1491 3528 1683 3597 χρόνον
1716 3531 1774 3581 ἐν
1791 3532 1857 3600 τῇ

258 3605 372 3656 τῶν
401 3606 600 3676 χειρῶν
645 3609 879 3679 ἐργασία
912 3610 1139 3671 καὶτοῖς
1166 3607 1395 3671 δικαίοις
1426 3609 1732 3663 ἀναλίσκων
1763 3611 1861 3663 πό-

261 3703 393 3751 νοις,
417 3690 511 3741 1101
541 3689 738 3760 πολλὴν
760 3691 1006 3744 ἐντεῦθεν
1037 3691 1183 3761 ψυχῇ
1219 3691 1491 3759 συλλέγων
1514 3690 1855 3760 φιλοσοφίαν,

263 3770 770 3841 προσεκτικύηερός
817 3790 877 3825 τε
926 3773 1021 3825 1101
1072 3773 1432 3843 εύτονὼτερος
1479 3774 1714 3841 γίνεται,
1761 3775 1858 3827 καὶ

265 3852 407 3920 μετά
447 3854 692 3917 πλείονος
757 3856 1026 3925 προσέσχε
1101 3854 1388 3924 ἀκριϐείας
1435 3859 1550 3917 τοῖς
1628 3855 1858 3924 λεγομέ-

263 3951 396 3998 νοις·
431 3936 553 3989 ὅθεν
573 3935 668 3989 1101
698 3937 917 3991 πλείονα
940 3937 1265 3999 καταϐαλῶν
1285 3937 1376 3990 τὸν
1400 3937 1615 4007 μισθὸν,
1637 3940 1858 3994 πλείονα

262 4018 362 4090 τὴν
393 4018 658 4086 ὠφέλειαν
689 4021 1120 4091 καρπωσάμενος
1145 4022 1383 4075 ἄπεισιν.

336 4112 402 4182 β’.
440 4113 515 4167 Ού
557 4112 665 4166 τῶν
697 4115 1069 4169 πλουτούντων
1099 4115 1286 4178 άπλῶς
1331 4116 1651 4188 κατηγορῶν
1684 4116 1857 4171 ταῦτα

264 4191 439 4260 εἷπον,
464 4196 586 4250 οὐδὲ
614 4199 738 4260 τοὺς
765 4199 1005 4269 πένητας
1040 4198 1228 4261 ἀπλῶς
1257 4200 1512 4251 ἐπαινῶν·
1542 4199 1664 4252 οὕτε
1689 4201 1796 4269 γάρ
1828 4202 1856 4252 0

264 4276 495 4341 πλοῦτος
519 4277 708 4342 κακὸν,
733 4279 868 4332 ἀλλά
890 4280 948 4332 τὸ
980 4281 1166 4340 κακῶς
1188 4280 1491 4351 κεχρῆσθαι
1521 4281 1595 4352 τῷ
1617 4281 1851 4351 πλούτῳ·

261 4358 389 4414 ούτε
424 4363 457 4429 ή
482 4361 643 4415 πενία
677 4363 861 4425 καλὸν,
885 4363 1022 4416 ά)λά
1042 4364 1102 4416 10
1121 4364 1301 4428 καλῶς
1324 4364 1624 4434 κεχρῆσθαι
1660 4366 1725 4434 τῇ
1759 4381 1856 4416 πε-

263 4443 372 4514 νίᾳ.
409 4443 730 4505 Ἐκολάζετο
764 4449 793 4498 0
830 4445 1084 4508 πλούσιος
1118 4449 1322 4510 ἐκεῖνος
1351 4449 1379 4499 0
1418 4449 1509 4498 ἐπὶ
1549 4445 1643 4498 106
1674 4447 1854 4511 Λαζά-

268 4541 385 4595 ρου,
419 4526 520 4578 οὐκ
555 4528 744 4598 ἐπειδὴ
787 4529 1045 4591 πλούσιος
1074 4525 1174 4600 ἦν,
1225 4530 1340 4582 ἀλλ’
1372 4529 1561 4599 ἐπειδὴ
1592 4529 1740 4598 ὠμὸς
1784 4524 1853 4600 ήν

265 4610 362 4661 καὶ
383 4609 771 4681 ἀπάνθρωπος.
808 4612 1090 4685 Ἐπηνεῖτο
1116 4615 1144 4665 0
1184 4613 1354 4682 πένης
1379 4615 1584 4674 ἐκεῖνος
1605 4613 1632 4663 0
1656 4615 1711 4664 ἐν
1741 4615 1852 4675 τοῖς

264 4691 489 4753 κόλποις
519 4693 614 4744 106
666 4693 952 4764 ’Δϐραάμ,
999 4695 1099 4747 οὐκ
1137 4695 1323 4765 ἐπειδὴ
1374 4695 1542 4764 πένης
1586 4692 1686 4762 ἦν,
1735 4695 1850 4746 ἀλλ’

263 4775 455 4844 ἐπειδὴ
486 4777 602 4845 μετ’
627 4777 978 4848 εὐχαριστίας
1010 4778 1107 4848 τήν
1137 4779 1326 4830 πενίαν
1347 4779 1566 4848 ήνεγκε.
1599 4777 1718 4828 Τῶν
1741 4779 1851 4849 γάρ

264 4858 610 4928 πραγμάτων
636 4861 955 4930 (προσέχετε
987 4862 1042 4913 δέ
1075 4862 1214 4930 μετά
1244 4861 1527 4932 ἀκριϐείας
1562 4861 1735 4928 τούτῳ
1760 4863 1851 4932 ’τῷ

262 4940 440 5010 λόγῳ·
474 4943 665 5010 ἱκανὴν
694 4943 802 5013 γὰρ
839 4945 968 5013 ὑμῖν
1009 4944 1240 4997 ἐνθεῖναι
1278 4945 1595 5014 φιλοσοφίαν
1624 4946 1852 5015 δυνήσε-

263 5041 375 5086 ται,
413 5024 507 5075 καὶ
533 5025 708 5076 πάντα
737 5025 1132 5096 διεφθαρμένον
1162 5026 1420 5097 λογισμὸν
1451 5028 1722 5092 ἐκϐαλεῖν,
1759 5026 1853 5079 καὶ

264 5106 491 5175 ποιῆσαι
519 5107 646 5174 περὶ
668 5108 776 5160 τῶν
800 5108 968 5160 ὄντων
993 5109 1156 5180 ὀρθὴν
1186 5112 1331 5180 ἔχειν
1361 5111 1458 5181 τὴν
1486 5112 1712 5180 κρίσιν),
1744 5112 1851 5163 τῶν

266 5187 447 5240 τοίνυν
488 5193 828 5258 πραγμάτων
860 5191 928 5244 τὰ
965 5193 1062 5262 μέν
1092 5195 1205 5244 ἐστι
1239 5194 1394 5258 φύσει
1420 5195 1578 5253 καλὰ,
1609 5195 1675 5245 τά
1708 5194 1765 5245 δὲ
1793 5194 1852 5244 τὸ

266 5270 540 5322 ἐναντίον·
576 5271 645 5322 10
697 5272 752 5324 δέ
798 5272 921 5325 οὔτε
972 5273 1109 5326 καλά
1137 5314 1151 5336 ,
1203 5273 1325 5326 οὔτε
1367 5277 1541 5338 κακὰ,
1578 5276 1714 5328 άλλά
1752 5278 1852 5344 τήν

271 5354 446 5422 μέσην
475 5353 626 5415 τάξιν
654 5355 854 5425 ἐπέχει.
893 5357 1071 5408 Καλὸν
1108 5360 1140 5426 ή
1176 5358 1426 5410 εὐσέϐεια
1457 5360 1638 5425 φύσει,
1682 5358 1850 5410 κακὸν

266 5437 300 5501 ή
338 5435 560 5487 ἀσέϐεια
584 5454 595 5465 ·
634 5437 792 5488 καλὸν
834 5440 865 5506 ὴ
901 5439 1066 5508 ἀρετὴ
1092 5479 1105 5498 ,
1149 5440 1316 5492 κακὸν
1367 5443 1398 5508 ἡ
1442 5441 1706 5511 πονηρία·
1739 5443 1767 5493 0
1795 5440 1852 5491 δέ

273 5517 502 5581 πλοῦτος
530 5521 624 5571 1101
643 5522 676 5589 ή
703 5522 860 5573 πενία
889 5522 1009 5574 καθ’
1037 5523 1202 5575 ἐαυτά
1236 5524 1333 5592 μὲν
1355 5522 1476 5576 οὔτε
1505 5523 1660 5577 τοῦτό
1681 5527 1849 5586 ἐστιν,

335 5681 360 5748 ξ
387 5680 603 5748 1751:0151
626 5684 1073 5748 leMiumargioalis
1096 5687 1439 5748 Savmi,1;uam
1461 5691 1712 5738 conﬁrmat
1731 5690 1850 5740 Cod.

268 5739 376 5791 Ἰαδδ-
406 5741 656 5813 Εάρὺιιψῐ·
675 5739 919 5802 πλειόνωςί
955 5747 1088 5798 lion.

1216 367 1534 425 PECCATA
1573 363 1912 422 FRATRI!!!
1952 361 2090 418 NON
2132 358 2570 417 EVULGA‘NIH.

3436 338 3546 395 558

1961 473 2085 527 οὔτε
2120 473 2322 526 ἐκεῖνο·
2362 467 2512 541 παρὰ
2539 467 2596 521 δέ
2620 466 2720 539 τὴν
2751 462 3082 536 προαίρεσιν.
3097 459 3213 515 τῶν
3242 460 3543 533 χρωμένων

1960 566 1994 637 ή
2032 564 2194 617 τοῦτο
2230 563 2264 633 ή
2297 563 2476 614 ἐκεῖνο
2502 559 2736 628 γίνεται.
2765 559 2863 610 “Av
2895 556 2996 627 μὲν
3025 553 3135 625 γάρ
3179 555 3316 624 πρὸς
3349 552 3544 621 φιλαν-

1961 656 2210 728 θρωπίαν
2260 655 2441 727 χρήσῃ
2485 650 2565 722 τῷ
2615 649 2869 721 πλούτῳ,
2914 647 3108 717 γέγονέ
3156 663 3239 700 σοι
3285 642 3450 699 καλοῦ
3481 644 3546 698 10

1959 749 2196 819 πρᾶγμα
2230 743 2517 806 ὑπόθεσις·
2543 743 2612 796 ἀν
2637 741 2695 795 δὲ
2723 743 2803 803 είς
2835 738 3089 810 ἁρπαγὰς
3116 735 3211 789 1101
3231 732 3547 798 πλεονεξίας

1961 841 2058 893 καὶ
2090 837 2272 909 ὕϐριν,
2301 834 2438 905 πρὸς
2462 835 2524 888 10
2556 831 2797 886 ἐναντίον
2827 829 3063 901 ἔτρεψας
3087 826 3254 881 00106
3284 827 3383 897 τήν
3409 824 3549 896 χρῆ-

1960 948 2063 988 σιν.
2092 928 2206 983 ἀλλ’
2237 926 2336 996 οὐχ
2365 927 2394 978 0
2430 921 2660 986 πλοῦτος
2685 923 2878 985 αἴτιος,
2907 920 3022 974 ἀλλ’
3061 921 3091 973 0
3120 919 3256 990 πρὸς
3283 917 3440 988 ὓϐριν
3467 916 3548 986 τῷ

1954 1018 2178 1088 ,πλούτῳ
2203 1015 2566 1088 χρησάμενος.
2584 1011 2741 1066 Οὕτω
2762 1009 2856 1064 καί
2892 1009 3021 1080 περί
3051 1009 3152 1079 17;;
3183 1007 3372 1065 πενίας
3396 1006 3548 1058 ἔστιν

1958 1112 2137 1163 εἰπεῖν
2159 1125 2170 1136 ·
2203 1107 2270 1161 ἂν
2297 1106 2397 1177 μὲν
2425 1103 2537 1176 709
2565 1102 2831 1172 γενναίως
2860 1100 3032 1171 αὐτὴν
3067 1098 3298 1170 ἐνέγκῃς
3326 1098 3549 1168 εὐχαρι-

1960 1199 2102 1254 στῶν
2135 1198 2216 1268 τῷ
2253 1195 2524 1268 Δεσπότῃ,
2559 1191 2752 1263 γέγονέ
2793 1209 2880 1245 σοι
2905 1190 3190 1259 στεφάνων
3219 1189 3280 1242 τὸ
3314 1190 3548 1258 πρᾶγμα

1960 1289 2184 1360 ἀφορμή
2230 1288 2324 1342 καὶ
2355 1286 2647 1349 ὑπόθεσις*
2690 1285 2758 1338 ἂν
2791 1284 2849 1338 δὲ
2883 1283 3213 1354 βλασφημῇς
3254 1278 3346 1333 διὰ.
3390 1279 3550 1332 τοῦτο

1957 1383 2050 1436 τὸν
2083 1379 2450 1451 πεποιηκότα,
2480 1379 2575 1432 1101
2613 1379 2929 1458 κατηγορῇς
2951 1373 3118 1428 06106
3143 1373 3242 1444 17;;
3271 1372 3547 1444 προνοίας,

1959 1473 2052 1526 ἐπὶ
2090 1471 2247 1542 κακῷ
2273 1471 2436 1523 πάλιν
2471 1470 2692 1542 ἐχρήσω
2712 1469 2792 1540 τῷ
2826 1468 3135 1538 πράγματι.
3191 1465 3330 1518 Ἀλλ’
3357 1464 3548 1534 ῶσπερ

1959 1565 2077 1617 ἐκεῖ
2102 1564 2202 1633 τῆς
2230 1561 2540 1628 πλεονεξίας
2578 1561 2680 1631 οὐχ
2705 1561 2733 1612 0
2760 1558 2990 1620 1110610;
3020 1557 3213 1618 αἴτιος,
3243 1555 3356 1608 ἀλλ’
3385 1556 3413 1606 0
3446 1571 3548 1607 κα-

1959 1655 2073 1718 κῶς
2102 1652 2178 1724 τῷ
2211 1652 2428 1722 πλούτῳ
2461 1651 2808 1723 χρησάμενος
2829 1667 2844 1681 ·
2877 1648 3022 1702 οὕτω
3049 1647 3146 1700 1101
3181 1646 3416 1699 ἐνταῦθα
3447 1645 3550 1714 17;;

1961 1745 2313 1818 βλασφημίας
2367 1744 2429 1797 06
2473 1745 2574 1813 τὴν
2616 1743 2810 1796 πενίαν
2853 1739 3246 1810 αἰτιασόμεθα,
3280 1737 3414 1790 ἀλλά
3457 1739 3551 1803 τὸν

1963 1837 2037 1906 μή
2071 1833 2400 1904 βουληθέντα
2429 1832 2727 1902 σωφρόνως
2760 1831 2820 1884 τδ
2853 1833 3086 1902 πρᾶγμα
3112 1831 3372 1898 ἐνεγκεῖν.
3402 1830 3550 1882 Hav-

1957 1924 2126 1994 ταχοῦ
2153 1923 2264 1994 709
2296 1923 2391 1976 1101
2419 1923 2448 1974 0
2474 1922 2694 1990 ἔπαινος
2717 1921 2810 1974 1101
2831 1924 2860 1974 0
2882 1919 3050 1989 ψόγος
3070 1920 3170 1988 τῆς
3203 1919 3427 1988 γνώμης
3448 1919 3551 1986 τῆς

1961 2016 2116 2087 [546]
2143 2014 2424 2085 ήμετέρας
2452 2013 2544 2067 1101
2577 2013 2676 2084 17;;
2711 2011 3083 2083 προαιρέσεώς
3110 2012 3278 2063 ἐστιν.
3321 2009 3549 2078 Ἀγαθὸς

1958 2106 1987 2157 0
2019 2102 2268 2169 πλοῦτος,
2302 2104 2417 2158 ἀλλ’
2455 2105 2557 2174 οὐχ
2600 2103 2807 2169 ἁπλῶς,
2839 2103 2954 2156 ἀλλ’
2985 2096 3030 2171 ᾧ
3076 2103 3152 2174 μή
3187 2102 3335 2154 ἐστιν
3369 2103 3552 2172 ἀμαρ-

1957 2198 2079 2251 τία·
2117 2199 2209 2251 1101
2241 2197 2440 2260 πάλιν,
2490 2196 2706 2267 πονηρά
2735 2197 2770 2267 ή
2820 2196 3001 2260 πενία,
3043 2195 3157 2248 ἀλλ’
3194 2193 3291 2262 οὐχ
3340 2192 3548 2254 άπλῶς,

1961 2285 2078 2340 ἀλλ’
2107 2288 2167 2340 ἐν
2201 2289 2430 2357 στόματι
2454 2285 2709 2349 ἀσεϐοῦς,
2742 2285 2929 2357 ἐπειδὴ
2963 2285 3326 2357 δυσχεραίνει,
3364 2283 3551 2355 ἐπειδὴ

1963 2378 2296 2449 βλασφημεῖ,
2331 2375 2521 2448 ἐπειδὴ
2554 2378 2877 2446 ἀγανακτεῖ,
2905 2377 3096 2447 ἐπειδὴ
3133 2378 3429 2448 κατηγορεῖ
3456 2373 3550 2429 106

1962 2469 2342 2538 πεποιηκότος.

2031 2564 2101 2626 γ’.
2131 2556 2222 2627 Μὴ
2240 2557 2422 2610 τοίνυν
2442 2554 2842 2627 κατηγορῶμεν
2861 2553 3114 2616 πλούτου,
3155 2554 3289 2625 μηδέ
3308 2554 3550 2618 κακίζω-

1963 2657 2064 2709 μεν
2096 2640 2286 2693 πενίαν
2310 2639 2520 2704 ἁπλῶς,
2549 2639 2688 2692 ἀλλά
2718 2640 2846 2702 106;
2880 2639 2979 2692 οὑκ
3019 2637 3302 2701 ἐθέλοντας
3342 2638 3552 2702 τούτοις

1961 2723 2195 2794 χρῆσθαι
2243 2722 2461 2785 καλῶς·
2509 2722 2650 2776 αὐτά
2683 2721 2793 2792 γὰρ
2833 2722 2902 2773 10
2946 2721 3252 2791 πράγματα
3300 2723 3358 2773 ἐν
3399 2722 3553 2793 μέσῳ

1960 2808 2155 2858 κεῖται.
2195 2804 2336 2856 Ἀλλ’
2365 2805 2502 2872 ὅπερ
2528 2804 2714 2872 ἔλεγον
2741 2815 2756 2871 (
2779 2803 2944 2855 καλὸν
2970 2804 3081 2873 γάρ
3113 2803 3431 2856 ἐπανελθεῖν
3460 2805 3554 2858 ἐπὶ

1959 2886 2060 2956 τὴν
2094 2887 2364 2957 προτέραν
2389 2885 2706 2955 ὑπόθεσιν),
2731 2887 2816 2938 ὄτι
2845 2888 2939 2939 καὶ
2967 2885 3222 2949 πλούσιος
3256 2886 3349 2938 1101
3383 2887 3554 2957 πένης

1964 2969 2104 3038 9.110
2131 2968 2231 3037 17;;
2257 2968 2427 3038 αὐτῆς
2469 2967 2655 3031 ἀδείας
2697 2969 2787 3020 1101
2831 2967 3140 3039 παρρησίας
3175 2967 3284 3020 τῶν
3314 2968 3553 3022 ἐνταῦθα

1962 3051 2272 3121 φαρμάκων
2319 3050 2685 3103 ἀπολαύουσι·
2723 3050 2984 3114 πολλάκις
3031 3051 3088 3103 δέ
3128 3051 3267 3121 μετά
3307 3053 3554 3116 πλείονος

1963 3133 2203 3202 σπουδῆς
2234 3135 2263 3185 0
2291 3131 2482 3202 πένης.
2505 3131 2642 3185 Οὐδὲ
2669 3132 2778 3202 γάρ
2810 3131 2971 3186 10610
2998 3134 3160 3203 μόνον
3187 3134 3304 3186 ἐστὶ
3326 3135 3385 3188 10
3407 3136 3555 3201 ἐξαί-

1963 3230 2119 3286 ρετον
2142 3213 2253 3267 τῶν
2271 3214 2606 3284 φαρμάκων,
2623 3215 2706 3267 ὅτι
2732 3214 2913 3285 ψυχας
2938 3215 3254 3286 θεραπεύει.
3278 3219 3360 3271 ὃτι
3385 3221 3552 3290 μήκει

1961 3296 2154 3367 χρόνου
2182 3296 2241 3349 οὐ
2263 3296 2658 3367 διαφθείρεται,
2683 3299 2764 3350 ὅτι
2791 3297 2896 3350 ὑπὸ
2928 3299 3231 3369 νοσήματος
3260 3301 3359 3372 οὐχ
3382 3302 3552 3372 ήττά-

1959 3395 2073 3442 ται,
2107 3379 2190 3432 ὅτι
2223 3379 2434 3450 δωρεὰν
2481 3380 2769 3451 πρόκειται
2817 3384 2852 3452 ή
2903 3382 3164 3452 ὠφέλεια,
3215 3385 3296 3438 ὅτι
3330 3385 3389 3450 ἐξ
3435 3388 3551 3440 ίσου

1962 3463 2058 3515 1101
2089 3463 2366 3527 πλουσίοις
2393 3464 2488 3516 1101
2511 3464 2705 3536 πένησι
2732 3465 2792 3518 10
2811 3467 2911 3535 τῆς
2937 3466 3268 3539 θεραπείας·
3295 3469 3410 3522 ἀλλ’
3436 3471 3553 3540 ἔχει

1959 3563 2013 3598 τι
2053 3548 2149 3599 1101
2175 3547 2363 3616 ἓτερον
2391 3548 2493 3601 οὐκ
2521 3547 2743 3601 ἔλαττον
2765 3549 2971 3602 τούτων
2991 3551 3101 3604 τῶν
3127 3552 3372 3620 ἀγαθῶν.
3393 3557 3556 3609 Ποῖον

1957 3627 2024 3699 δὴ
2057 3628 2251 3693 τοῦτο;
2284 3628 2423 3692 Τοὺς
2459 3630 2790 3700 ἐρχομένους
2816 3632 2896 3694 είς
2919 3632 2983 3685 10
3026 3635 3263 3704 ἰατρεῖον
3305 3636 3462 3689 τοῦτο
3487 3640 3551 3690 06

1959 3711 2358 3798 δημοσιεύομεν
2394 3715 2816 3798 ἡμεῖςκῼίὶμέν
2854 3715 2965 3786 γὰρ
3003 3718 3084 3798 είς
3127 3718 3211 3798 10_
3236 3719 3448 3798 ἰατρεῖα
3482 3722 3550 3774 10

1970 3780 2171 3846 ἔξωθεν
2202 3780 2479 3845 ἀπιόντες,
2513 3780 2745 3847 πολλοὺς
2785 3780 2967 3855 έχουσι
2993 3780 3120 3849 106;
3158 3789 3226 3842 10
3256 3780 3552 3859 τραύματα

1960 3863 2334 3933 θεωροῦν-ἔας·
2368 3865 2472 3918 κάν
2504 3864 2581 3935 μή
2625 3866 2953 3938 ἀποκαλύψῃ
2990 3869 3257 3940 πρότερον
3297 3873 3324 3924 0
3367 3873 3550 3945 ἰατρὸς

1959 3946 2019 3998 τὸ
2041 3945 2219 4009 ἕλκος,
2251 3947 2312 4000 10
2344 3948 2636 4017 φάρμακον
2675 3949 2776 4002 οὐκ
2825 3950 3168 4021 ἐπιτίθησιν·
3218 3954 3456 4010 ἐνταῦθα
3494 3957 3552 4012 δὲ

1959 4029 2060 4099 οὐχ
2088 4029 2282 4093 οὕτως,
2320 4029 2458 4082 ἀλλά
2489 4030 2717 4100 μυρίους
2751 4033 2988 4103 ὁρῶντες
3035 4035 3375 4105 κάμνοντας,
3418 4037 3549 4091 λαν-

1959 4111 2232 4175 θανόντως
2275 4113 2576 4184 ποιούμεθα
2606 4115 2704 4185 τὴν
2751 4116 3052 4186 θεραπείαν
3083 4119 3284 4173 αὐτῶν.
3320 4123 3394 4174 υύ
3435 4124 3548 4194 γὰρ

1959 4195 2040 4258 είς
2076 4195 2239 4264 μέσον
2281 4198 2506 4264 ἄγοντες
2539 4198 2666 4260 τοὺς
2719 4200 3146 4270 ἡμαρτηκότας,
3191 4203 3335 4256 οὕτω
3379 4210 3552 4275 δημο-

1961 4277 2217 4346 σιεύομεν
2248 4279 2428 4331 αὐτῶν
2456 4278 2524 4331 τά
2549 4280 2924 4352 ἁμαρτήματα
2951 4298 2963 4311 ·
2995 4283 3133 4336 ἀλλά
3159 4286 3343 4357 κοινήν
3373 4287 3552 4341 ἀπασι

1959 4364 2251 4434 προθέντες
2283 4365 2381 4436 τὴν
2408 4367 2779 4432 διδασκαλίαν,
2807 4370 2886 4439 τῷ
2906 4371 3014 4424 τῶν
3036 4373 3404 4445 ἀκροωμένων
3425 4394 3550 4428 συν-

1956 4446 2120 4499 ειδότι
2155 4449 2665 4518 καταλιμπάνομεν,
2699 4449 2838 4503 ὣστε
2865 4453 3097 4507 ἕκαστον
3119 4455 3180 4507 τὸ
3214 4457 3551 4527 κατάλληλον

1958 4529 2252 4598 φάρμακον
2309 4529 2387 4598 τῷ
2443 4531 2629 4600 οίκείῳ
2663 4535 2940 4603 τραύματι
2975 4536 3040 4588 ἐκ
3081 4537 3187 4589 τῶν
3237 4538 3547 4608 λεγομένων

1955 4612 2388 4665 ἐπισπάσασθαι.
2413 4614 2633 4683 Πρόεισι
2661 4617 2760 4687 μὲν
2792 4617 2900 4687 γάρ
2928 4620 2956 4670 0
2983 4619 3140 4687 λόγος
3167 4621 3264 4690 τῆς
3295 4622 3551 4677 διδασκα-

1954 4695 2076 4757 λίας
2098 4695 2206 4747 ἀπὸ
2236 4697 2335 4765 17;;
2366 4696 2611 4766 γλώττης
2635 4697 2730 4751 106
2753 4699 3021 4767 λέγοντος,
3044 4703 3179 4771 ἔχων
3211 4708 3550 4776 κατηγορίαν

1957 4779 2171 4842 κακίας,
2201 4779 2422 4832 ἔπαινον
2452 4780 2678 4851 ἀρετῆς,
2704 4782 2910 4852 μέμψιν
2928 4785 3238 4852 ἀσελγείας,
3269 4789 3554 4859 ἐγκώμιον

1957 4862 2347 4932 σωφροσύνης,
2400 4862 2568 4930 ψόγον
2600 4863 2859 4927 ἀπονοίας
2882 4906 2897 4929 ,
2942 4869 3245 4932 ἐπιεικείας
3293 4872 3551 4938 ἔπαινον,

1956 4945 2207 5015 καθάπερ
2278 4945 2523 4998 ποικίλον
2580 4946 2674 4998 1101
2729 4951 3074 5001 παντοδαπὸν
3121 4953 3418 5022 φάρμακον
3485 4957 3553 5021 ἐξ

1957 5027 2213 5081 ἁπάντων
2251 5027 2409 5079 εἰδῶν
2446 5027 2840 5097 συγκείμενον·
2873 5030 2933 5082 10
2973 5030 3031 5083 δὲ
3069 5034 3383 5105 πρόσφορον
3419 5039 3544 5089 106-

1954 5111 2032 5181 τῷ
2083 5112 2176 5165 καὶ
2225 5116 2497 5182 χρήσιμον
2545 5110 2754 5176 λαϐεῖν,
2814 5115 3045 5169 ἑκάστου
3086 5116 3197 5169 τῶν
3235 5120 3549 5173 ἀκουόντων

1952 5193 2088 5245 ἐστί.
2132 5194 2353 5264 Πρόεισι
2401 5193 2498 5264 μὲν
2543 5190 2636 5248 οὖν
2686 5196 2938 5269 φανερῶς
2981 5198 3010 5249 0
3041 5197 3230 5268 λόγος,
3267 5205 3348 5264 είς
3382 5204 3437 5255 δὲ
3483 5206 3549 5256 τὸ

1954 5277 2187 5328 ἑκάστου
2237 5278 2474 5341 συνειδὸς
2518 5278 2982 5349 ἐγκαθεζόμενος,
3039 5280 3414 5348 λανθανόντως
3448 5290 3544 5339 καὶ

1951 5360 2050 5430 τὴν
2099 5361 2227 5430 παρ’
2275 5360 2470 5412 ἐαυτοῦ
2520 5361 2818 5432 θεραπείαν
2865 5364 3131 5436 παρέχει,
3184 5369 3279 5422 1101
3329 5371 3457 5439 πρὶν
3505 5371 3539 5442 ἢ

1951 5443 2378 5514 δημοσιευθῆναι
2445 5444 2509 5497 τὸ
2561 5445 2812 5519 νόσημα,
2865 5448 2966 5520 τήν
3015 5449 3225 5517 ὑγίειαν
3276 5453 3541 5518 πολλάκις

1951 5526 2253 5597 ἐπήγαγεν.

2028 5609 2058 5663 δ
2073 5650 2088 5664 .
2129 5611 2188 5663 Ἦ
2197 5609 2293 5663 κού
2302 5629 2429 5664 σατε
2445 5609 2576 5679 706v
2594 5610 2741 5682 χθὲς,
2760 5612 2876 5677 πῶς
2893 5614 3134 5685 ἐπῄνεσα
3148 5617 3247 5688 τῆς
3261 5617 3426 5689 εὐχῆς
3439 5619 3540 5688 τήν

1951 5693 2201 5764 δύναμιν,
2241 5695 2357 5759 πῶς
2390 5695 2624 5749 ἐκάκισα
2659 5697 2788 5760 τοὺς
2830 5697 2972 5768 μετά
3001 5699 3278 5772 ῥᾳθυμίας
3307 5700 3539 5776 εὐχομέ-
