4074 6422
281 359 388 415 δ’ῘἸ

277 476 529 540 orabant,
562 469 928 544 vituperarlm,
961 482 1060 524 nec
1092 467 1254 522 ullum
1283 477 1461 523 tamen
1483 482 1667 524 eorum
1695 466 1869 538 palam

281 566 486 622 notavi.
515 565 793 634 Quotquot
825 563 983 632 igitur
1021 559 1218 614 conscii
1259 559 1474 614 fuerunt
1506 573 1616 612 stne
1647 559 1874 628 diligen-

274 662 406 724 tiae,
453 657 664 712 laudem
716 654 974 708 orationis
998 660 1344 722 exceperunt,
1390 661 1444 704 et
1479 649 1724 704 laudibus
1752 650 1871 702 dili-

275 750 553 820 gentiores
592 758 715 803 sunt
748 746 870 800 facti
901 746 1029 815 :qui
1061 758 1190 797 vero
1215 757 1328 797 sua:
1352 742 1554 797 conscii
1600 742 1873 812 negligen-

277 843 367 895 tize
395 842 607 894 fuerunt
633 878 650 905 ,
697 851 884 891 rursus
913 833 1386 904 reprehensionem
1431 842 1795 903 exceperunt,
1824 841 1878 886 ct

277 933 542 988 desidiam
569 939 943 986 exensserunt.
979 927 1357 982 Verumtamen
1385 942 1557 998 neque
1595 926 1646 980 hi
1675 926 1831 980 nobis
1855 965 1871 990 ,

278 1040 458 1094 neque
505 1023 578 1077 illi
617 1028 744 1076 sunt
787 1020 930 1083 noti,
975 1027 1135 1088 atque
1179 1017 1293 1072 lucc
1333 1018 1626 1088 ignorantia
1659 1016 1874 1088 prodest

275 1118 538 1185 utrisque.
591 1111 711 1179 Quo
767 1119 922 1180 pacto
973 1108 1023 1162 id
1073 1108 1184 1170 flat,
1230 1123 1516 1177 exponam.
1545 1107 1646 1174 Qui
1690 1105 1876 1161 laudes

272 1206 537 1260 orationis
583 1203 784 1258 audivit
808 1243 825 1268 ,
871 1209 925 1256 et
967 1215 1080 1255 sua:
1102 1200 1392 1270 diligentia:
1413 1203 1666 1256 conscius
1683 1210 1799 1264 est,
1827 1199 1873 1252 si

275 1296 481 1352 multos
505 1293 729 1350 haberet
751 1291 967 1348 landum
999 1300 1162 1346 testes
1185 1333 1201 1358 ,
1233 1291 1288 1346 in
1314 1293 1620 1362 superbiam
1667 1290 1876 1346 labere-

275 1400 366 1442 tur
393 1404 408 1442 :
431 1388 541 1456 jam
573 1399 704 1440 vero
726 1384 937 1438 laudem
962 1383 1101 1437 clam
1128 1383 1404 1452 excipiens
1429 1382 1498 1436 ab
1516 1382 1662 1436 omni
1688 1391 1875 1439 osten-

277 1484 479 1548 tatione
505 1488 588 1534 est
615 1476 888 1531 immunis.
920 1475 1126 1530 Rursus
1169 1473 1216 1529 is
1259 1474 1348 1544 qui
1375 1473 1476 1528 sibi
1504 1474 1754 1530 conscius
1791 1483 1876 1530 est

277 1571 640 1644 negligentia‘,
673 1570 799 1624 dum
830 1567 1279 1638 vituperationem
1321 1565 1498 1629 audit,
1534 1567 1634 1622 hac
1661 1569 1875 1637 vitupe-

278 1662 488 1716 mtione
518 1659 577 1714 fit
610 1660 822 1723 melior,
855 1674 977 1712 cum
1004 1657 1272 1712 neminem
1298 1671 1412 1712 suae
1439 1655 1876 1727 reprehensionis

279 1754 476 1810 habeat
514 1761 878 1823 spectatorem
914 1748 1061 1805 :boc
1101 1765 1230 1805 vero
1274 1764 1380 1804 non
1429 1749 1772 1806 mediocriter
1799 1750 1874 1806 illi

280 1846 518 1917 prodest.
552 1845 684 1900 Nam
716 1859 838 1899 cum
861 1842 1004 1913 vulgi
1032 1841 1419 1897 existimationi
1449 1843 1615 1896 simus
1637 1841 1872 1908 addicti,

275 1936 534 2008 quamdiu
582 1936 798 2006 quidem
846 1935 1015 1989 latere
1060 1948 1160 1988 nos
1187 1942 1439 2004 putamus
1462 1974 1477 1998 ,
1508 1933 1599 2004 qui
1630 1933 1756 1987 ntali
1784 1948 1877 1988 suo

275 2043 428 2094 mus,
462 2026 577 2082 ﬁeri
601 2027 852 2082 meliores
886 2024 1169 2080 studemus
1197 2040 1214 2078 :
1240 2033 1522 2094 postquam
1552 2033 1728 2079 autem
1755 2040 1874 2078 om-

274 2117 434 2173 nibus
459 2118 824 2180 innotuimus,
870 2125 925 2172 et
968 2114 1219 2171 solatium
1262 2115 1394 2169 illud
1423 2131 1490 2170 ex
1516 2116 1875 2171 occultatione

275 2207 627 2279 perdidimus,
653 2221 722 2263 eo
744 2206 914 2276 magis
936 2204 1274 2275 impudentes
1300 2221 1364 2260 ac
1389 2205 1720 2276 negligentes
1745 2221 1874 2260 eva-

272 2302 475 2356 dinms.
518 2299 582 2355 Et
626 2297 1076 2370 quemadmodum
1125 2311 1244 2367 qua:
1293 2297 1615 2366 deteguntur
1660 2299 1871 2364 ulcera,

272 2405 593 2460 semperque
611 2387 803 2460 frigido
815 2388 926 2442 aeri
947 2395 1310 2456 exponuntur,
1329 2387 1603 2442 acerbiora
1623 2387 1750 2442 fiunt
1770 2405 1783 2440 :
1803 2390 1874 2444 ita

271 2496 486 2550 quoque
533 2481 712 2535 anima
759 2479 961 2550 peccati
1009 2493 1099 2532 rea
1122 2519 1138 2544 ,
1167 2479 1210 2534 si
1238 2493 1420 2533 coram
1461 2480 1644 2534 multis
1666 2520 1683 2546 ,
1715 2481 1786 2533 ob
1812 2497 1874 2535 ea

271 2588 392 2642 qua:
417 2571 664 2641 deliquit,
696 2568 1152 2640 reprehendatur,
1186 2567 1548 2638 impudentior
1569 2568 1763 2625 evadit.
1796 2570 1876 2625 Ne

270 2662 430 2730 igitur
454 2660 556 2714 hoc
577 2659 847 2715 accideret
872 2701 888 2726 ,
919 2660 1058 2713 clam
1103 2673 1200 2712 vos
1234 2673 1414 2714 sermo
1443 2653 1668 2714 curarit.
1702 2662 1876 2728 Atque

268 2762 325 2805 ttt
373 2750 684 2821 intelligatis
713 2749 1021 2804 -admodum
1061 2747 1246 2803 utilem
1289 2748 1428 2802 hanc
1454 2735 1717 2804 oceultam
1754 2765 1877 2804 esse

269 2840 520 2897 medendi
568 2841 828 2896 rationem
854 2881 871 2906 ,
915 2838 1096 2894 audite
1139 2838 1266 2910 quid
1314 2839 1556 2895 Christus
1599 2839 1779 2894 dicat:
1813 2841 1874 2895 Si

269 2932 546 3001 peccaverit
573 2932 625 2985 in
651 2941 698 2984 te
720 2934 879 3002 frater
908 2939 1022 2984 tuus
1041 2970 1056 2995 ,
1087 2929 1287 2997 corripe
1314 2945 1426 2982 eum
1457 2944 1478 2983 ε
1502 2939 1554 2984 et
1583 2944 1689 2984 non
1716 2931 1873 2995 dixit,

268 3021 410 3076 inter
433 3030 488 3076 te
511 3029 566 3076 et
589 3020 860 3075 civitatem
885 3061 903 3086 ,
935 3035 1107 3089 neque
1129 3020 1270 3074 inter
1300 3027 1351 3074 te
1375 3028 1428 3074 et
1455 3020 1707 3088 pupulum
1734 3058 1750 3086 ,
1779 3021 1876 3075 sed

265 3111 410 3166 Inter
459 3121 508 3166 te
549 3122 596 3166 et
641 3112 811 3180 ipsum
865 3111 1030 3164 solum
1073 3109 1297 3180 (Matth.
1331 3110 1419 3165 18.
1461 3111 1523 3164 ιδ
1547 3112 1585 3180 ).
1623 3110 1705 3167 Sit
1755 3113 1875 3169 sine

272 3202 504 3256 testibus
541 3202 832 3267 accusatio,
876 3201 1079 3271 inquit,
1112 3211 1174 3255 ιιι
1199 3189 1410 3256 facilior
1452 3204 1522 3256 sit
1565 3205 1790 3258 tnntatio
1818 3205 1871 3260 in

266 3293 484 3346 melius.
519 3292 764 3362 Magnum
802 3306 933 3362 ergo
963 3293 1159 3347 bonum
1187 3302 1269 3346 est
1293 3333 1308 3356 ,
1339 3292 1384 3346 si
1409 3309 1515 3347 non
1545 3295 1754 3363 publice
1782 3296 1874 3350 fiat

265 3385 592 3440 cohortatio.
649 3385 858 3439 Sufficit
896 3384 1223 3439 conscientia
1252 3386 1485 3439 :sulllcit
1533 3387 1872 3456 incorruptus

266 3477 356 3533 ille
384 3477 565 3548 iudex.
617 3476 736 3534 Non
785 3477 856 3531 ita
906 3486 962 3531 tu
1008 3486 1343 3547 peccatorum
1376 3479 1767 3549 reprehendis,
1815 3491 1867 3535 ut

265 3569 438 3637 ipsius
477 3567 806 3623 conscientia
835 3566 1066 3640 (quippe
1101 3567 1244 3637 quod
1292 3569 1535 3638 asperior
1565 3569 1655 3624 ille
1680 3572 1748 3625 sit
1774 3585 1869 3624 ac-

260 3658 520 3731 cusator)
548 3701 564 3725 ,
596 3674 772 3729 neque
801 3659 995 3714 delicta
1038 3659 1155 3728 ejus
1203 3661 1512 3716 accuratius
1556 3661 1716 3716 nosti.
1748 3656 1869 3716 Noli

259 3769 391 3823 ergo
423 3753 617 3806 vulnus
659 3750 971 3806 vulneribus
1000 3751 1198 3805 addere
1219 3792 1234 3816 ,
1265 3750 1393 3806 dum
1437 3760 1711 3806 auctorem
1740 3767 1869 3821 pec-

259 3843 364 3897 ιιιιὶ
394 3842 660 3914 divulgas,
693 3842 788 3897 scd
816 3842 1042 3897 semotis
1070 3842 1288 3896 arbitris
1317 3843 1741 3898 admonitionem
1772 3845 1870 3900 ad-

263 3932 467 3986 hibeto.
503 3932 615 3986 lloc
660 3933 820 4001 igitur
863 3947 1007 3986 nunc
1050 3946 1265 4001 quoque
1301 3947 1404 3987 nos
1441 3932 1648 4001 agimus
1671 3974 1688 3999 ,
1724 3933 1866 4004 quod

259 4023 459 4079 Paulus
499 4024 646 4093 egit,
679 4024 807 4078 dum
840 4023 958 4078 sine
989 4023 1215 4079 testibus
1241 4024 1380 4092 apttd
1411 4024 1721 4079 Corinthios
1750 4027 1868 4095 ejus

259 4115 352 4184 qui
394 4125 644 4185 peccarat
677 4115 906 4168 instituit
948 4115 1368 4171 accusationem.
1404 4117 1540 4170 Audi
1584 4131 1717 4170 vero
1759 4131 1869 4188 quo

261 4216 436 4275 pacto.
471 4203 770 4274 I’r0ptcrea,
798 4209 1000 4274 fratres,
1024 4206 1388 4275 trans/igurari
1414 4205 1521 4260 lucc
1541 4206 1593 4259 in
1618 4207 1863 4276 nteipsnm

258 4307 306 4349 et
339 4295 523 4365 Apollo
549 4294 611 4366 (i
644 4294 762 4350 Cor.
793 4297 846 4349 4.
875 4296 968 4364 6).
1000 4296 1159 4364 Ακιιιί
1187 4311 1293 4350 non
1318 4297 1450 4365 ipse,
1483 4313 1654 4367 neque
1675 4299 1868 4368 Apollo

258 4395 449 4451 erant,
497 4385 587 4456 qui
638 4387 891 4455 populum
918 4386 1220 4452 sciderant,
1255 4397 1309 4442 et
1335 4388 1634 4445 Ecclesiam
1665 4391 1865 4445 divise-

258 4487 383 4534 rant
423 4479 864 4534 :accusationent
911 4487 1088 4534 tamen
1133 4481 1439 4546 occultavit,
1494 4489 1549 4535 et
1595 4491 1865 4552 tamquam

257 4569 420 4624 larvis
458 4568 776 4639 quihusdam
823 4584 924 4624 suo
978 4578 1034 4623 et
1071 4570 1266 4638 Apollo
1312 4572 1615 4628 nominibus
1650 4589 1864 4628 reorum

255 4661 435 4715 vultus
455 4661 736 4731 obtegens,
764 4658 1072 4716 facultatem
1099 4661 1204 4715 illis
1227 4663 1496 4717 tribuith
1518 4663 1605 4717 illa
1629 4665 1864 4733 nequitia

257 4749 592 4819 cmergendi.
624 4751 687 4804 Et
718 4766 902 4806 rursus
934 4769 948 4805 :
981 4750 1063 4805 Ne
1083 4755 1215 4822 forte
1241 4769 1358 4806 cum
1386 4769 1566 4808 venero
1586 4796 1600 4820 ,
1631 4755 1860 4811 humilia!

259 4860 341 4896 me
372 4841 534 4909 Deus,
569 4853 615 4896 et
635 4843 835 4912 lugeam
858 4844 1042 4897 multos
1068 4859 1131 4898 ea:
1167 4844 1230 4898 iis
1250 4885 1265 4910 ,
1292 4845 1380 4915 qui
1413 4856 1531 4901 ante
1568 4860 1860 4916 percarum,

251 4946 299 4988 et
337 4951 440 4988 non
469 4945 676 5005 egerunt
705 4936 1051 5004 paenitentiam
1094 4953 1247 5004 super
1274 4937 1596 4992 immnnditia
1617 4951 1663 4993 et
1689 4946 1862 5009 tmpu-

253 5025 450 5088 dicitia,
473 5041 625 5094 quam
645 5035 906 5096 gesserunt
927 5024 1015 5095 (3.
1043 5027 1162 5080 Cor.
1182 5025 1401 5099 11%|).
1431 5028 1561 5083 \iidc
1579 5044 1687 5098 quo
1708 5042 1864 5099 pacto

202 5109 233 5142 ⁸
253 5117 536 5172 indefinite
564 5117 707 5172 dicat
733 5132 831 5172 eos
858 5117 948 5187 qui
980 5127 1272 5187 peccaruut
1294 5161 1309 5184 ,
1340 5134 1410 5174 ne
1447 5120 1491 5173 si
1525 5120 1860 5174 manifestam

252 5207 651 5262 accusationem
674 5208 1000 5273 institueret,
1026 5208 1409 5278 impudentiam
1433 5219 1654 5279 augeret
1675 5225 1859 5264 eorum

251 5298 451 5353 animm
480 5299 570 5366 qui
599 5307 906 5368 peccarant.
941 5297 1124 5368 Itaque
1149 5300 1289 5355 sicut
1314 5316 1413 5353 nos
1440 5308 1584 5354 tanta
1614 5301 1861 5355 cautione

251 5388 708 5458 reprehensiones
738 5389 965 5445 facimus
984 5429 999 5456 ,
1029 5391 1110 5445 sic
1132 5431 1148 5455 ,
1176 5391 1442 5445 admoneo
1462 5433 1476 5456 ,
1505 5401 1560 5446 et
1589 5405 1688 5444 vos
1714 5394 1858 5447 omni

250 5495 373 5534 cum
407 5480 585 5534 studio
610 5481 1039 5535 emendationem
1058 5481 1373 5549 adnnttatis,
1395 5496 1464 5538 ac
1486 5483 1770 5554 diligenter
1797 5484 1858 5539 iis

250 5585 370 5640 qua:
399 5571 669 5634 dicuntur,
700 5571 1004 5626 attendatis.

329 5660 381 5714 5.
428 5659 561 5714 Tum
604 5661 861 5731 prmcipne
895 5677 986 5715 nos
1016 5671 1160 5716 vexat
1203 5663 1403 5717 damton
1430 5705 1443 5729 ,
1473 5681 1587 5718 cum
1610 5681 1857 5730 oramus;

254 5753 507 5824 quomodo
554 5754 768 5807 domum
819 5753 1262 5808 resistenduun—
1297 5755 1657 5813 Disseruituus
1710 5756 1850 5826 apud

1258 349 1570 408 PELCATA
1621 346 1956 405 FRATREM
1997 351 2130 408 NON
2173 354 2616 445 ιιιιίἰειδιιει.

3480 377 3588 435 358

1993 482 2090 523 vos
2131 471 2384 527 hesterno
2427 477 2514 532 die
2561 479 2628 534 de
2669 481 2930 538 orationis
2973 483 3188 542 virtute.
3237 488 3451 546 Ostendi
3478 512 3587 564 quo

1995 572 2152 631 pacto
2183 575 2294 619 tum
2325 578 2584 638 tetnports
2611 572 2857 629 diabolus
2883 617 2896 639 ,
2948 587 3006 630 ttt
3049 581 3324 635 tttttlellcus
3348 595 3430 638 est
3453 624 3468 650 ,
3501 589 3584 641 iu-

1990 654 2156 709 sidias
2201 665 2394 712 struat.
2422 659 2554 714 Cum
2593 665 2738 718 enim
2779 667 3069 722 maximum
3113 671 3266 726 nobis
3293 673 3494 728 lucrmn
3521 695 3586 733 ex

1990 749 2235 805 oratione
2287 763 2476 807 cernat
2524 755 2818 825 obvenire,
2870 769 2996 817 tunc
3043 763 3277 820 maxime
3332 766 3589 836 impetum

1991 839 2161 896 facit:
2192 851 2250 897 ut
2269 847 2616 903 excusatione
2652 865 2750 905 nos
2791 851 2995 921 privet,
3041 863 3100 909 ut
3135 857 3317 911 vacuis
3342 860 3590 913 manilius

1989 947 2090 986 nos
2132 933 2352 989 domum
2401 937 2658 993 remittat.
2689 941 2757 996 Et
2783 944 3235 1013 quemadmodum
3288 950 3426 1018 apud
3477 968 3592 1003 uta-

1989 1023 2247 1092 gistratus
2269 1066 2284 1089 ,
2315 1027 2361 1081 si
2393 1026 2534 1082 forte.
2559 1031 2821 1087 satellites
2840 1073 2856 1098 ,
2886 1043 2941 1090 et
2965 1036 3053 1104 qui
3082 1037 3422 1109 magistratus
3451 1041 3592 1097 latus

1988 1114 2229 1184 stipant,
2267 1132 2364 1172 eos
2383 1120 2472 1190 qui
2503 1119 2675 1191 ipsum
2702 1127 3066 1198 conveniunt,
3098 1130 3226 1186 odio
3254 1146 3592 1203 prosequan-

1989 1214 2095 1271 tur,
2124 1208 2288 1279 virgis
2316 1212 2500 1280 procul
2526 1223 2726 1270 arcent
2744 1216 2886 1284 illos,
2917 1228 3078 1291 atque
3101 1223 3362 1280 accedere
3387 1236 3589 1291 vetant,

1987 1308 2042 1354 et
2069 1301 2351 1368 conqueri,
2383 1302 2606 1375 ejusque
2631 1307 2980 1366 clementiam
3003 1314 3236 1383 experiri
3269 1332 3284 1370 :
3315 1318 3394 1373 sic
3428 1319 3590 1374 nimi-

1987 1408 2104 1448 rmn
2141 1402 2197 1448 et
2224 1393 2472 1450 diabolus
2497 1411 2618 1452 cum
2644 1401 2965 1459 accedentes
2989 1403 3056 1458 ad
3075 1403 3312 1475 judicem
3343 1408 3592 1467 homines

1989 1485 2205 1552 viderit,
2228 1487 2412 1555 procul
2440 1500 2588 1544 arcet
2615 1506 2723 1547 non
2751 1493 2918 1565 virga.
2950 1496 3045 1552 sed
3068 1499 3405 1571 negligentia.
3433 1503 3593 1560 Novit

1985 1578 2204 1647 quippe,
2230 1581 2396 1648 probe
2420 1583 2589 1649 novit,
2617 1585 2662 1640 si
2686 1587 2891 1655 providi
2919 1588 3214 1663 vigilesque
3236 1597 3587 1664 accesserint,

1985 1679 2034 1722 et
2067 1677 2281 1738 peccata
2312 1686 2406 1727 sua
2427 1674 2660 1730 confessi
2690 1677 2906 1746 fuerint,
2929 1681 3215 1755 animaque
3234 1685 3464 1742 ferventi
3492 1689 3591 1744 de-

1986 1758 2279 1828 lle-verita,
2329 1763 2553 1819 multant
2603 1767 2723 1823 illos
2778 1771 2987 1827 veniant
3043 1775 3590 1846 impetraturoszbe-

1987 1855 2182 1924 nignus
2207 1856 2350 1913 enim
2373 1869 2456 1914 est
2483 1860 2624 1915 Dens
2657 1881 2669 1917 :
2694 1873 2854 1934 atque
2880 1865 3082 1923 idcirco
3106 1885 3440 1944 prmoccupat
3471 1877 3591 1934 illos

1984 1956 2039 2001 ct
2068 1947 2137 2000 ab
2164 1947 2400 2018 alloquio
2429 1951 2662 2021 repellit,
2695 1965 2749 2009 ut
2779 1956 2909 2011 nihil
2936 1971 3124 2016 eorum
3147 1978 3266 2032 qua:
3294 1967 3586 2035 postulant,

1985 2051 2404 2120 consequantur.
2434 2042 2541 2098 Sed
2572 2045 2769 2102 milites
2797 2050 3014 2118 quidem
3045 2055 3453 2125 magistratumn
3476 2061 3590 2114 vio-

1989 2130 2163 2185 lenter
2194 2131 2314 2187 illos
2341 2148 2702 2206 summovent,
2730 2142 2820 2210 qui
2841 2157 2936 2196 eos
2953 2147 3280 2202 conveniunt
3309 2167 3321 2202 :
3348 2150 3436 2205 hic
3460 2167 3590 2208 vero

1989 2239 2092 2278 non
2124 2223 2228 2279 vim
2259 2224 2510 2310 atterens,
2543 2229 2637 2285 sed
2663 2247 2762 2287 nos
2787 2234 3095 2304 decipiens,
3129 2249 3184 2295 et
3220 2242 3286 2295 ad
3316 2244 3592 2316 negligen-

1989 2319 2116 2370 tiam
2159 2318 2465 2387 itnpcllens.
2496 2319 2838 2393 Quapropter
2868 2341 2968 2381 nec
2998 2329 3152 2383 venia
3180 2331 3323 2401 digni
3353 2350 3542 2392 sumus
3571 2376 3589 2404 ,

1987 2427 2108 2466 cum
2133 2427 2231 2466 nos
2259 2411 2406 2482 ipsos
2430 2412 2588 2470 bonis
2611 2427 2804 2486 sponte
2835 2420 3127 2488 privemus.
3157 2423 3268 2479 Lux
3291 2436 3374 2481 est
3395 2431 3592 2486 tuentis

1987 2513 2038 2559 et
2070 2504 2266 2559 animm
2307 2517 2430 2560 cum
2476 2507 2656 2561 studio
2683 2508 2798 2563 fusa
2829 2512 3000 2566 oratio
3021 2553 3037 2579 ,
3077 2516 3164 2572 lux
3194 2516 3512 2577 inexstincta
3537 2533 3592 2578 et

1990 2597 2261 2664 perennis.
2293 2596 2584 2667 Propterea
2630 2599 2943 2658 innumeras
2972 2608 3171 2662 nostris
3199 2611 3468 2668 tuentibus
3498 2629 3593 2669 co-

1986 2690 2304 2758 gitatlonum
2333 2691 2524 2747 sordes
2551 2691 2751 2764 injicit,
2797 2706 2852 2750 et
2890 2713 3011 2766 qua:
3062 2714 3352 2771 numquam
3383 2707 3592 2776 cogita-

1988 2783 2162 2835 vimus
2187 2824 2203 2846 ,
2261 2782 2377 2839 lucc
2414 2785 2639 2841 collecta
2690 2796 2931 2858 tempore
2967 2793 3228 2848 orationis
3272 2795 3324 2848 iu
3354 2797 3590 2853 animam

1986 2881 2227 2928 nostram
2277 2873 2527 2929 infundit.
2565 2876 2630 2931 Et
2657 2879 3114 2947 quemadmodum
3162 2885 3306 2939 venti
3347 2903 3594 2960 sa-pcnn-

1986 2979 2139 3020 mero
2164 2981 2230 3019 ex
2259 2965 2487 3021 adverso
2507 2968 2818 3037 ingrneules
2837 2986 3125 3028 accensum
3156 2975 3332 3045 ignem
3358 2978 3593 3035 lucerna:

1984 3053 2114 3109 ﬂatu
2139 3055 2512 3111 diventilatunt
2532 3058 2876 3129 cxstinguunt
2907 3079 2920 3116 :
2943 3064 3021 3117 sic
3044 3075 3096 3118 et
3119 3064 3362 3121 diabolus
3385 3083 3505 3122 cum
3535 3069 3592 3125 itt

1987 3145 2144 3201 nobis
2163 3161 2445 3202 accensam
2469 3149 2728 3204 orationis
2755 3150 3023 3207 flammant
3050 3155 3262 3223 viderit,
3296 3158 3590 3216 innumeris

1985 3252 2085 3292 nos
2111 3237 2562 3294 sollicitudinibus
2584 3239 2710 3296 hinc
2731 3242 2854 3297 inde
2878 3243 3126 3312 perﬂatus
3157 3263 3260 3301 non
3291 3250 3433 3317 prius
3460 3251 3593 3306 sinit

1983 3330 2297 3400 quiescere,
2333 3347 2493 3401 quam
2523 3331 2699 3390 lucem
2726 3337 3066 3391 exstinxerit.
3100 3336 3207 3394 Sed
3235 3340 3378 3409 quod
3411 3341 3484 3394 illi
3514 3343 3591 3402 fa-

1981 3423 2167 3488 ciunt,
2196 3423 2288 3493 qui
2317 3422 2572 3478 lucernas
2613 3425 2732 3480 illas
2764 3428 3100 3496 accendunt,
3145 3446 3242 3485 nos
3269 3447 3489 3502 quoque
3515 3435 3592 3489 la-

1979 3515 2210 3571 ciamns.
2261 3515 2402 3586 Quid
2446 3517 2521 3572 illi
2569 3534 2698 3574 vero
2745 3521 2984 3576 faciunt?
3031 3524 3166 3579 Cum
3211 3525 3587 3583 vehementem

1982 3606 2239 3677 ingruere
2271 3616 2491 3664 ventum
2521 3610 2705 3665 vident
2724 3649 2739 3676 ,
2774 3611 3024 3681 imposito
3049 3613 3217 3684 digito
3247 3615 3481 3670 lucerna:
3509 3617 3588 3672 fo-

1979 3698 2174 3752 ramini
2213 3698 2429 3769 spiritui
2458 3697 2664 3755 aditum
2691 3701 3076 3757 intercludunt.
3104 3703 3372 3771 Quamdiu
3417 3706 3588 3776 siqui-

1978 3788 2104 3844 dem
2143 3791 2386 3846 cxterius
2425 3789 2686 3860 impetum
2723 3791 2903 3860 faciet,
2943 3795 3199 3850 resistere
3239 3798 3536 3852 valebimus
3568 3818 3583 3856 :

1980 3878 2072 3934 ubi
2104 3895 2232 3936 vero
2260 3881 2456 3936 mentis
2483 3881 2558 3936 illi
2588 3882 2731 3938 fores
2751 3885 3127 3954 operuerimus
3147 3924 3163 3953 ,
3211 3897 3265 3942 et
3289 3888 3583 3945 inimicum

1980 3970 2124 4026 intus
2153 3971 2554 4040 admiscrimus,
2587 3981 2698 4028 tum
2744 3991 2851 4028 non
2887 3976 3116 4045 amplius
3139 4018 3155 4039 ,
3189 3993 3258 4033 ne
3303 3979 3582 4036 minimum

1978 4065 2196 4134 quidem
2228 4065 2482 4121 resistere
2511 4081 2832 4134 possumus:
2862 4069 2955 4124 sed
2981 4069 3242 4126 memoria
3267 4082 3448 4128 nostra
3479 4090 3582 4128 un-

1978 4155 2141 4225 dique
2186 4156 2456 4211 cxstincta
2501 4167 2560 4211 ut
2599 4157 2817 4213 lucerna
2849 4161 3118 4231 fumigaus
3145 4201 3158 4227 ,
3203 4162 3380 4218 inania
3420 4165 3583 4220 verba

1976 4247 2104 4302 sinit
2133 4262 2194 4300 os
2222 4257 2463 4302 nostrum
2485 4248 2785 4305 eﬂ'undere.
2818 4251 3011 4306 Verum
3045 4265 3102 4306 ιιι
3132 4254 3202 4307 illi
3233 4255 3465 4310 lucerna:
3494 4256 3580 4310 fo-

1978 4340 2169 4393 ramini
2217 4338 2441 4409 digitum
2487 4341 2808 4410 imponunt,
2848 4342 2920 4396 ita
2966 4359 3066 4398 nos
3109 4346 3369 4400 rationem
3411 4349 3578 4403 tncuti

1978 4434 2354 4501 prmticiamus,
2388 4434 2625 4505 maligno
2654 4436 2862 4504 spiritui
2893 4437 3094 4491 aditum
3123 4439 3543 4496 intcrcludatnns
3563 4485 3582 4512 ,

1978 4545 2046 4584 ne
2095 4530 2358 4582 orationis
2408 4540 2608 4582 nostra:
2660 4527 2842 4582 lumen
2889 4530 3212 4600 exstinguat.
3263 4532 3578 4587 Meministis

1977 4620 2136 4690 hujus
2178 4619 2411 4690 exempli
2454 4620 2754 4690 utriusque,
2786 4629 2841 4674 et
2869 4621 3095 4675 militum
3124 4638 3188 4678 ac
3212 4627 3574 4694 magistratus,

1973 4721 2029 4768 et
2058 4713 2339 4768 lucerna}?
2386 4711 2676 4782 PrOpterea
2723 4726 2955 4782 namque
3007 4712 3161 4767 vobis
3189 4714 3303 4770 hate
3329 4715 3578 4785 exempla

1974 4805 2301 4871 recitamus,
2332 4804 2384 4858 in
2415 4803 2610 4872 quibus
2641 4818 2946 4869 versamur,
3000 4803 3053 4858 in
3103 4805 3298 4876 quibus
3341 4822 3531 4861 sumus
3559 4847 3574 4871 ,

1978 4911 2036 4951 ιιι
2063 4898 2222 4952 etiam
2249 4911 2371 4951 cum
2405 4895 2529 4950 hinc
2559 4896 2961 4958 recesserimus,
2991 4911 3052 4949 ac
3083 4895 3229 4950 domi
3264 4897 3523 4953 fuerimus
3561 4935 3581 4963 ,

1974 5006 2070 5061 per
2095 5007 2188 5046 cas
2213 5005 2302 5045 res
2327 5005 2462 5059 quas
2493 4988 2752 5043 habemus
2783 5005 2891 5057 prie
2920 4989 3166 5043 manibus
3190 5031 3206 5056 ,
3235 5006 3422 5046 eorum
3452 5007 3573 5063 qua'

1972 5083 2112 5137 dicta
2140 5089 2268 5135 sunt
2289 5081 2443 5134 nobis
2466 5082 2722 5135 mentoria
2751 5080 3056 5135 refricctur.

2044 5173 2098 5228 6.
2142 5174 2392 5245 Magnum
2443 5176 2598 5227 telum
2644 5176 2885 5245 precatio.
2928 5171 3130 5226 Orbitas
3161 5171 3433 5227 liberarunt
3463 5189 3565 5226 non

1970 5277 2044 5320 est
2083 5284 2230 5337 pruna
2273 5266 2500 5334 peccati;
2529 5282 2683 5333 quam
2727 5282 2936 5318 causam
2983 5263 3195 5327 habent;
3239 5273 3412 5334 partus
3463 5274 3569 5319 ste-

1969 5359 2080 5411 rilis
2130 5369 2309 5427 partus
2365 5357 2574 5424 virginis
2626 5356 2779 5423 ﬁdem
2823 5356 2966 5422 facit.
2998 5384 3072 5399 -ι
3113 5355 3299 5423 Magna
3350 5363 3433 5408 est
3482 5370 3571 5408 ar-

1969 5459 2179 5502 matura
2228 5447 2432 5511 oratio,
2485 5461 2736 5515 magnum
2785 5446 3113 5514 pt-residiunt.
3167 5445 3406 5499 Audistis
3452 5442 3567 5498 lteri

1968 5556 2074 5610 quo
2118 5548 2274 5607 pacto
2320 5548 2427 5592 tres
2462 5538 2609 5606 pueri
2653 5537 2813 5589 vincti
2861 5538 3118 5607 impetutn
3164 5534 3300 5605 ignis
3348 5551 3563 5604 repres-

1969 5636 2139 5688 scrint
2162 5675 2189 5703 ,_
2215 5648 2320 5703 quo
2382 5642 2536 5699 pacto
2599 5629 2867 5684 ﬂammant
2927 5629 3366 5698 calcatint,quo
3413 5637 3569 5695 pacto

1969 5700 2241 5781 fornacgnt
2290 5722 2682 5794 superaverint,
2715 5737 2821 5794 quo
2854 5731 3010 5793 pacto
3038 5726 3290 5778 \‘irtutcnt
3329 5721 3565 5775 ειριιιαιιο
