4074 6394
507 357 615 415 359

509 469 547 520 ti
578 462 915 520 desiccrint?
945 461 1135 516 Audite
1181 473 1365 515 rursus
1395 456 1568 511 hodie.
1600 470 1706 523 quo
1737 459 1889 521 pacto
1914 460 2083 517 gene-

512 571 668 610 rosus
710 570 775 610 ac
804 568 1020 621 magnus
1058 550 1201 604 Isaac
1237 550 1403 618 ipsam
1423 544 1671 616 corporis
1695 552 1934 597 naturam
1961 552 2086 591 ora-

511 648 658 701 tione
682 646 963 715 superarit.
1014 642 1091 696 Illi
1128 642 1377 695 virtutem
1416 638 1553 708 ignis
1590 635 1972 695 dissolverent,
2001 629 2087 683 hic

510 737 767 790 hodierno
822 733 909 788 die
960 731 1168 786 vincula
1224 729 1381 784 solvit
1434 727 1690 782 mutilata:
1734 730 1957 777 naturzc.‘
2012 722 2088 773 Ac

506 828 655 880 disce
696 841 801 894 qua
835 825 1040 878 ratione
1083 822 1132 877 id
1159 823 1347 891 egerit.
1387 817 1658 890 Rogulmt,
1693 815 1892 884 inquit,
1937 811 2089 865 Isaac

505 934 598 985 pro
659 930 818 969 uere
875 930 968 966 sua
990 954 1005 975 ,
1065 913 1303 980 quoniam
1361 910 1547 965 sterilis
1598 916 1705 960 erat
1770 903 1944 973 (Gen.
1994 902 2086 957 9.5.

504 1007 621 1078 21).
669 1006 794 1061 llzec
824 1006 972 1060 vobis
1001 1004 1163 1061 ltudie
1206 1012 1331 1056 sunt
1368 1001 1501 1056 lecta
1532 1016 1546 1051 :
1578 998 1691 1051 lteri
1730 996 1800 1051 de
1847 996 2111 1049 oratione-

502 1110 686 1150 eermo
714 1105 803 1150 est
828 1094 1061 1159 ltabitus,
1100 1106 1149 1148 et
1179 1093 1335 1147 bodie
1364 1104 1549 1145 rursus
1572 1088 1955 1142 demonstratio
1979 1086 2083 1139 vir-

503 1185 637 1239 tutis
665 1186 853 1240 oratio.
881 1186 925 1239 is
955 1186 1206 1238 OCt‘tll'l'll.
1240 1181 1441 1235 Vidi-tis
1468 1188 1525 1232 ιιι
1565 1180 1633 1232 ita
1663 1177 1894 1245 Spiritus
1918 1177 2087 1244 gratia

501 1275 825 1344 disponente
853 1277 923 1328 sit
948 1267 1164 1335 factum,
1194 1284 1245 1325 ut
1277 1273 1340 1325 iis
1366 1284 1625 1329 consona,
1658 1283 1777 1336 qua:
1798 1267 1933 1320 dicta
1963 1273 2089 1318 sunt

503 1364 644 1431 Ῑι-τί,
694 1366 953 1419 hodierno
990 1365 1075 1417 die
1107 1362 1447 1433 legerentur?
1512 1358 1739 1433 Rogabat
1764 1355 1863 1427 (η),
1898 1355 2088 1424 inquit,

506 1473 600 1525 pro
627 1455 851 1510 Rebecca
879 1471 1035 1508 uxore
1079 1471 1190 1513 sua,
1234 1452 1474 1521 quoniam
1513 1450 1699 1503 sterilis
1740 1456 1867 1501 erat.
1899 1446 2010 1500 lluc
2038 1447 2088 1499 iu

507 1546 691 1615 primis
711 1563 887 1615 opera:
909 1545 1132 1614 pri-tium
1160 1554 1241 1598 est
1267 1557 1527 1611 quaerere,
1556 1556 1655 1609 qua
1694 1540 1763 1593 de
1792 1552 1950 1592 causa
1983 1546 2091 1592 ste-

507 1636 619 1690 rilis
655 1645 818 1689 esset.
846 1634 1187 1688 Admirabdis
1215 1632 1489 1698 cujusdam
1514 1632 1633 1683 \itze
1662 1644 1972 1699 magna-que
1996 1643 2059 1682 ea
2082 1662 2085 1663 ν

504 1728 699 1782 stitatis
726 1727 878 1796 plena
905 1741 1026 1779 eum
1057 1726 1164 1793 ipsa
1198 1732 1330 1788 erat,
1356 1732 1465 1775 tum
1486 1723 1564 1774 vir
1585 1722 1720 1790 ejus.
1756 1721 1868 1774 Non
1902 1735 2090 1790 possu-

507 1833 627 1870 mus
650 1831 871 1885 carpere
894 1827 1196 1869 sanctorum
1229 1815 1407 1877 vitam,
1447 1829 1509 1865 ac
1543 1813 1720 1866 dicere
1752 1820 2091 1879 peccatorum

503 1908 751 1963 etl‘ectum
777 1922 897 1960 csse
926 1906 1282 1960 sterilitatem.
1314 1904 1417 1957 Nec
1467 1904 1563 1956 ista
1595 1903 1790 1956 sterilis
1818 1901 1910 1954 fuit
1952 1900 2096 1965 sola,

503 1999 597 2053 sed
623 2008 675 2053 et
706 2008 874 2053 mater
903 1998 1066 2065 ipsius
1095 1998 1277 2051 Sarra.
1310 2012 1429 2065 qua:
1461 1995 1609 2049 illum
1653 1994 1891 2063 peperit;
1922 2009 2091 2060 neque

504 2104 634 2142 vero
664 2100 836 2142 mater
853 2090 971 2156 ejus
998 2099 1196 2141 tantum
1239 2088 1434 2139 sterilis
1467 2085 1583 2149 I'uit,
1610 2100 1781 2153 neque
1806 2100 1966 2148 ttxor,
1999 2082 2093 2136 sed

504 2168 579 2232 ct’
601 2194 786 2243 nurus,
828 2179 1005 2234 lactibi
1047 2194 1178 2231 uxor
1223 2176 1441 2229 Itacbel.
1485 2176 1620 2243 Quid
1668 2175 1768 2227 sibi
1820 2176 1925 2226 vult
1980 2173 2094 2228 ba'c

508 2273 661 2325 turba
693 2270 995 2323 sterilium?
1024 2270 1219 2322 Omnes
1244 2267 1396 2336 jila'i,
1425 2282 1613 2319 omnes
1640 2266 1833 2317 virtute
1862 2264 2088 2333 pra-diti,

504 2375 691 2414 nunties
721 2360 811 2412 Dei
844 2359 1147 2412 testimonio
1174 2358 1448 2424 approbati
1481 2365 1653 2409 erant.
1697 2355 1769 2408 De
1810 2354 1912 2407 illis
1951 2355 2089 2407 enim

504 2451 754 2504 dixerat:
786 2448 894 2519 Ego
936 2466 1044 2502 sum
1074 2446 1213 2500 Deus
1244 2448 1518 2508 Abraham,
1563 2456 1608 2497 et
1653 2444 1786 2497 Deus
1832 2442 2002 2504 Isaac,
2048 2454 2095 2496 et

510 2540 643 2594 Deus
668 2540 827 2593 Iacob
855 2540 1045 2608 (Exod.
1074 2538 1127 2592 5.
1156 2539 1233 2606 ti).
1262 2538 1335 2589 De
1362 2536 1547 2589 iisdem
1578 2538 1736 2589 etiam
1762 2534 1838 2587 sic
1864 2535 2093 2603 loquitor

507 2632 701 2687 Paulus
735 2649 748 2683 :
786 2632 947 2698 Quam
990 2632 1050 2683 ob
1080 2646 1285 2683 causam
1326 2646 1425 2681 non
1468 2628 1797 2693 confunditur
1831 2626 1961 2679 Deus
2012 2642 2097 2678 tto-

506 2725 612 2775 τητὶ
644 2720 779 2775 Deus
809 2740 979 2774 eorum
1009 2720 1173 2790 (Hebr
1229 2722 1313 2773 ll.
1350 2719 1439 2785 lli)
1495 2718 1653 2769 Multa
1684 2732 1866 2770 eorum
1897 2732 2097 2783 pra-co-

508 2816 594 2867 nia
633 2814 687 2866 in
715 2814 880 2875 Novo,
924 2813 1104 2865 ηιιιιιςυ
1144 2812 1351 2864 illorum
1384 2809 1567 2862 laudes
1612 2810 1662 2860 in
1710 2808 1881 2861 Veteri
1909 2807 2097 2861 Testa-

510 2904 905 2959 mento:omni
956 2919 1018 2955 cx
1066 2911 1216 2973 parte
1260 2900 1387 2953 clari
1437 2908 1490 2952 et
1534 2899 1787 2962 illustrs,
1832 2907 1879 2951 et
1910 2912 2097 2951 omnes

509 2996 722 3049 sn-riles
750 2994 1012 3046 habebant
1044 3009 1258 3057 uxores,
1290 3007 1353 3045 ac
1396 2992 1512 3045 sine
1544 2990 1723 3043 liberis
1756 2990 1921 3042 multo
1952 2998 2093 3043 tem-

510 3101 640 3155 pore
653 3086 917 3139 vixerunt.
948 3082 1079 3138 Cum
1112 3084 1267 3153 igitur
1292 3083 1459 3135 virum
1482 3090 1534 3135 et
1561 3095 1779 3134 uxorem
1804 3080 2000 3134 videris
2028 3096 2093 3134 ex

511 3177 719 3230 virtutis
770 3178 1078 3245 przrscripto
1121 3174 1280 3226 vitam
1312 3172 1587 3241 degentes,
1631 3185 1753 3225 cum
1799 3171 2096 3239 religiosos,

513 3266 722 3335 pii-tatis
748 3264 1013 3318 studiosos
1032 3260 1095 3315 'et
1124 3263 1300 3315 liberis
1330 3262 1630 3323 destitutos,
1662 3275 1729 3313 ne
1761 3267 2099 3327 peccaturum

510 3357 917 3412 retributionem
949 3355 1167 3408 omnino
1196 3369 1316 3408 esse
1339 3354 1625 3406 liberorum
1652 3352 1924 3405 existimes
1953 3352 2098 3405 orbi-

516 3458 701 3501 tatem.
734 3446 911 3500 Multa:
940 3446 1134 3515 quippe
1160 3454 1283 3498 sunt
1325 3443 1559 3495 rationes
1590 3424 1938 3511 providenter:
1967 3441 2101 3494 diw-

515 3553 599 3591 me
636 3551 700 3590 ac
740 3535 891 3589 nobis
919 3536 1162 3597 Mtfllltm,
1204 3543 1257 3587 et
1303 3547 1398 3599 pro
1442 3531 1689 3585 munibus
1718 3530 1938 3600 agenda:
1978 3539 2104 3584 sunt

516 3628 720 3697 gratim,
767 3626 973 3691 solique
1002 3626 1073 3679 illi
1114 3625 1291 3676 miseri
1324 3621 1575 3677 censendi
1618 3622 1707 3692 qui
1739 3622 1880 3674 vitiis
1920 3630 2103 3675 omita-

517 3720 703 3774 tninati
748 3721 949 3782 vivunt,
984 3733 1088 3770 nun
1119 3717 1204 3783 qui
1251 3716 1430 3769 liberis
1474 3724 1679 3768 curent.
1723 3713 2105 3783 Sa‘pcnumcre

521 3812 661 3863 lii-ns
708 3810 909 3862 utiliter
954 3809 1004 3861 id
1049 3807 1193 3874 agit:
1231 3821 1327 3859 nos
1364 3815 1541 3858 autent
1592 3820 1778 3871 eorum
1828 3820 1945 3874 qua:
1976 3805 2107 3859 fiunt

482 3914 731 3953 ,εεηιεςιιη
780 3898 1102 3967 ignoramus.
1152 3896 1351 3950 ideirco
1385 3896 1697 3963 sapientiam
1749 3894 1867 3962 ejus
1912 3894 2105 3962 ultique

522 3988 723 4042 laudari
758 4004 853 4057 par
876 3998 978 4053 est,
1010 3996 1063 4040 et
1099 3986 1403 4055 benignitati
1445 3986 1556 4055 eius
1589 3985 1841 4039 iucll'abili
1881 3985 2103 4055 gloriam

515 4081 734 4135 ili-ferri.

596 4172 648 4224 7.
690 4170 862 4237 Atque
883 4168 968 4221 llic
998 4166 1209 4235 quidem
1248 4182 1425 4220 sermo
1453 4163 1955 4219 nostrosinstrucre
1986 4181 2095 4219 tuo-

524 4280 611 4315 res
665 4272 838 4331 potest
872 4278 883 4312 :
916 4260 1010 4315 sed
1058 4270 1111 4314 et
1164 4259 1421 4325 tangenda
1479 4256 1632 4309 nobis
1674 4265 1757 4309 est
1796 4272 1984 4321 eausa,
2041 4258 2115 4311 ob

526 4369 687 4421 quam
723 4354 933 4405 steriles
973 4352 1079 4404 illic
1121 4350 1371 4403 mulieres
1400 4347 1635 4401 fuerunt.
1663 4349 1916 4413 Qtu-nam
1956 4347 2117 4417 igitur

526 4447 624 4497 l'nit
651 4444 847 4498 causa?
880 4442 964 4506 Ut,
996 4458 1116 4496 eum
1150 4442 1403 4509 virgini-nt
1452 4441 1741 4508 parientem
1773 4454 2110 4501 communem

528 4544 769 4588 nostrum
801 4533 1078 4586 Dominum
1108 4531 1320 4591 videris,
1350 4530 1504 4581 tidem
1528 4528 1724 4581 habere
1755 4544 1860 4581 nou
1894 4544 2108 4582 renuas.

532 4626 669 4689 l-lrgo
706 4632 937 4677 mentem
980 4635 1120 4675 tuam
1166 4621 1215 4674 in
1263 4620 1522 4674 sterilium
1562 4629 1716 4671 utero
1762 4634 1950 4671 exerce
1985 4639 1998 4673 :
2032 4630 2107 4683 ut,

529 4735 652 4771 cum
693 4716 1031 4769 infecundum
1085 4729 1144 4767 ac
1182 4716 1413 4765 vinctum
1464 4721 1670 4771 uterum
1712 4711 1905 4765 videris
1932 4711 2109 4765 divina

530 4806 698 4875 gratia
739 4804 805 4858 ad
843 4805 1034 4856 liberos
1062 4802 1350 4870 gignendos
1392 4803 1725 4867 adapertum,
1770 4817 1834 4854 ne
1881 4802 2110 4868 mireris,

531 4898 658 4949 dum
694 4896 869 4963 peperi
902 4909 959 4947 se
989 4894 1242 4964 virginem
1275 4895 1445 4947 audis.
1478 4892 1588 4945 lino
1618 4908 1741 4945 vero
1764 4900 1816 4943 et
1843 4893 2031 4946 mirare
2060 4903 2115 4948 ct

528 4991 869 5056 obslttpi-sce,
909 4998 1271 5039 \erttmtantcn
1302 4986 1521 5038 credere
1560 4984 1870 5036 miraculum
1915 5000 1980 5039 ne
2024 5002 2108 5039 re-

533 5090 680 5127 rum.
729 5073 858 5126 Cum
910 5073 1099 5124 dixerit
1142 5072 1231 5125 tibi
1280 5072 1513 5127 .ludu-us.
1548 5072 1662 5136 Quo
1714 5082 1865 5137 paulo
1911 5072 2115 5140 peperit

536 5166 728 5235 virgo?
758 5176 810 5217 tu
848 5165 928 5215 iiic
968 5164 1059 5226 illi,
1092 5163 1207 5227 Quo
1241 5173 1392 5229 parte
1424 5163 1621 5230 peperit
1653 5164 1844 5214 sterilis
1870 5173 1923 5214 et
1958 5179 2115 5217 sene-

532 5269 676 5309 ctute
720 5255 1001 5307 conferta?
1037 5256 1147 5307 Duo
1180 5254 1552 5320 impedimenta
1605 5263 1728 5305 tunc
1769 5265 1939 5315 erant,
1989 5266 2117 5310 mlas

536 5348 765 5403 exoleta,
789 5356 841 5398 et
870 5346 970 5411 lll0|
995 5354 1042 5396 ta
1071 5357 1253 5396 natura
1285 5364 1295 5395 :
1328 5346 1377 5395 in
1412 5345 1612 5412 virgine
1639 5353 1812 5397 autem
1840 5360 2000 5396 nomn
2025 5344 2120 5410 fuit

539 5436 1014 5503 impedimentum,
1082 5434 1219 5499 quod
1269 5435 1475 5499 nuptias
1521 5446 1738 5499 experta
1796 5449 1898 5486 non
1956 5445 2115 5487 esset.

540 5526 687 5577 Viam
717 5528 872 5594 igitur
898 5527 1083 5578 Sternit
1114 5526 1299 5593 vingiui
1326 5526 1541 5579 sterilis.
1578 5527 1749 5593 Atque
1776 5536 1833 5579 ut
1860 5527 2117 5596 intelligas

538 5617 734 5670 ideirco
764 5617 971 5671 steriles
999 5618 1351 5686 praecessisse,
1383 5628 1439 5670 ut
1482 5628 1664 5685 partus
1694 5618 1906 5683 virginis
1936 5621 2119 5675 crede-

594 5728 667 5789 (a)
693 5736 800 5777 tunc
832 5729 865 5791 ij
883 5742 934 5777 sa
954 5730 1193 5779 habentur
1218 5727 1415 5779 ltomilia
1450 5728 1503 5779 ω
1542 5729 1587 5778 iu
1614 5730 1855 5788 Genesint,
1880 5739 1911 5781 t.
1933 5733 1978 5781 4.

1222 344 1584 415 SJOANNIS
1621 331 2093 398 ειιιιγδοετολιι
2137 329 2459 395 Αιιαιιεῐι.
2501 333 3035 390 ΕΟΧΞΤΑΝΊΊΝΟΡ.

3681 333 3784 391 κω

2202 456 2373 512 retur,
2417 447 2544 503 audi
2574 448 2766 518 quibus
2821 462 2941 503 cam
2986 447 3164 501 verbis
3203 446 3422 504 Gabriel
3460 447 3531 502 sis
3576 446 3781 502 aﬂ'atus.

2197 538 2327 591 Cum
2352 537 2495 591 enim
2519 544 2775 597 venisset.
2797 541 2949 607 eique
2975 538 3224 603 dixisset,
3249 538 3513 607 (Σοηείρα
3542 540 3596 591 iu
3624 552 3784 601 Item,

2196 641 2246 684 et
2271 631 2439 699 paries
2466 630 2650 699 ﬁlium,
2691 642 2736 684 et
2764 631 2959 685 vocabis
2988 646 3172 683 nomen
3212 631 3325 700 ejus
3344 630 3521 684 leum
3548 630 3702 699 (Luc.
3734 630 3757 683 ι

2197 724 2310 795 51),
2352 724 2621 793 obstupuit
2649 723 2817 793 virgo.
2865 731 2921 779 et
2970 724 3156 777 mirata
3198 732 3303 788 est,
3345 722 3789 790 disiupiezouo-

2198 816 2348 869 modo
2364 816 2448 884 ﬁet
2470 814 2623 876 istud,
2643 815 2882 884 quoniam
2898 814 3056 867 virum
3075 831 3174 867 non
3194 830 3440 884 cognosco
3462 813 3515 881 (Ι
3519 813 3569 865 b.
3596 831 3645 867 υ.
3668 815 3755 879 54)
3770 813 3797 866 τ

2198 906 2334 970 Quid
2368 906 2525 975 igitur
2543 905 2804 975 angelus?
2832 906 3056 973 Spiritus
3092 915 3295 959 sanctus
3319 906 3640 973 superueniet
3669 908 3721 959 in
3746 917 3789 959 ιι

2199 996 2307 1067 (Ιὺ.
2342 1013 2388 1051 υ.
2421 997 2535 1068 5%).
2580 996 2696 1051 Noli
2745 996 2990 1051 ordinem
3037 1011 3278 1065 qttmrere
3316 1006 3545 1060 natm,
3586 996 3793 1066 inquit,

2197 1104 2319 1142 eum
2348 1103 2507 1157 supra
2548 1097 2788 1142 naturam
2817 1078 2903 1141 est
2946 1086 2997 1140 id
3025 1086 3165 1156 quod
3193 1087 3397 1156 geritur
3425 1102 3440 1140 :
3469 1102 3539 1142 ne
3580 1086 3795 1156 nuptias

2200 1190 2256 1235 et
2296 1180 2508 1234 dolores
2538 1189 2721 1249 partus
2762 1179 3132 1246 circumspice,
3168 1192 3288 1232 cum
3320 1179 3519 1246 nuptiis
3546 1179 3799 1247 superior

2198 1272 2555 1342 generationis
2581 1273 2769 1325 modus
2796 1272 2967 1324 fuerit.
3002 1270 3269 1337 Quomodo
3294 1272 3379 1339 ﬁet
3409 1270 3571 1337 istud,
3600 1272 3796 1339 inquit.

2197 1364 2434 1433 quoniam
2474 1362 2633 1415 virum
2678 1378 2779 1414 non
2824 1361 3114 1432 cognosco?
3158 1362 3315 1427 Atqui
3367 1369 3653 1430 propterea
3706 1362 3801 1415 lict

2199 1452 2362 1516 istud,
2392 1452 2512 1520 quia
2553 1451 2723 1505 virum
2759 1466 2862 1503 non
2895 1450 3195 1520 cognoscis.
3225 1450 3280 1506 Si
3313 1451 3455 1506 enim
3496 1452 3673 1505 virum
3699 1467 3800 1503 co-

2198 1542 2499 1611 gnovisses,
2529 1542 2706 1596 habita
2737 1542 2893 1611 digna
2917 1558 3021 1596 non
3052 1556 3221 1605 esses,
3249 1559 3369 1612 quae
3396 1542 3521 1598 huic
3550 1544 3801 1596 ministe-

2200 1634 2282 1688 rio
2311 1634 2618 1689 inservires.
2651 1633 2831 1703 itaque
2857 1634 2926 1687 ob
2958 1633 3056 1688 boc.
3096 1634 3269 1703 ipsum
3313 1634 3494 1700 crede,
3537 1634 3610 1687 ob
3652 1634 3802 1703 quod

2202 1724 2356 1779 tidem
2389 1727 2569 1780 renuis
2602 1724 2818 1779 habere.
2861 1725 3032 1778 Porro
3059 1725 3318 1790 ejusmodi
3353 1726 3613 1780 inservire
3640 1726 3797 1778 mini-

2198 1819 2359 1871 sterio
2385 1817 2541 1887 digna
2582 1831 2686 1871 non
2725 1831 2875 1871 esses
2921 1816 3119 1880 habita,
3153 1832 3259 1870 non
3299 1816 3443 1885 quod
3488 1817 3690 1870 malum
3731 1817 3806 1870 sit

2198 1908 2523 1976 coniugium,
2554 1908 2649 1962 sed
2681 1909 2802 1977 quia
2833 1908 3021 1963 melior
3054 1918 3137 1962 est
3163 1909 3445 1977 virginitas
3471 1926 3484 1959 :
3514 1909 3803 1977 augustio-

2201 2014 2311 2051 rem
2346 1999 2488 2052 enim
2520 2013 2640 2052 esse
2686 2008 2873 2051 nostro
2904 1999 3201 2081 ingressum
3237 1998 3448 2051 Domini
3473 1999 3802 2067 oportebat;

2204 2090 2382 2159 regius
2417 2090 2612 2157 quippe
2634 2098 2749 2143 erat
2777 2106 2791 2141 :
2818 2089 2963 2159 atqui
2995 2107 3089 2144 rex
3134 2105 3231 2157 per
3264 2091 3626 2160 augustiorem
3654 2092 3799 2143 viain

2203 2181 2516 2247 ingreditur.
2559 2180 2806 2249 Oportuit
2849 2182 2994 2235 illum
3040 2190 3091 2235 et
3122 2183 3452 2251 generalitati
3494 2184 3807 2237 communi-

2199 2287 2345 2331 care,
2376 2280 2428 2324 et
2451 2288 2479 2323 a
2514 2281 2693 2325 nostra
2716 2270 2950 2325 ὤσαντο.
2981 2270 3159 2341 Itaque
3187 2270 3300 2326 lucc
3326 2273 3486 2326 ambo
3503 2271 3804 2340 disponun-

2204 2370 2307 2415 tur.
2342 2362 2471 2415 Nam
2504 2379 2570 2415 ex
2598 2373 2756 2432 utero
2805 2363 2973 2427 nasci,
3018 2377 3303 2417 commune
3348 2364 3627 2417 nobiscum
3670 2374 3757 2417 est
3781 2382 3797 2414 τ

2200 2453 2299 2507 sed
2332 2454 2533 2522 absque
2572 2454 2821 2523 euttjugio
2851 2454 3021 2518 nasci,
3043 2454 3403 2508 conditionem
3437 2465 3679 2507 nostram
3704 2470 3804 2509 ex-

2200 2545 2359 2599 ct-dit.
2397 2548 2571 2614 Atque
2604 2545 2655 2598 in
2686 2555 2839 2599 utero
2867 2544 3083 2614 quidem
3112 2546 3307 2614 gestari
3354 2556 3408 2599 et
3439 2546 3669 2615 concipi,
3708 2563 3810 2598 ua-

2206 2640 2335 2684 tum!
2361 2644 2438 2687 ρει
2475 2634 2747 2693 humana):
2772 2633 2911 2704 quod
2938 2645 3117 2689 autem
3159 2635 3277 2687 sine
3304 2636 3448 2688 euittt
3479 2636 3569 2687 ﬁat
3599 2651 3801 2689 courco

2206 2726 2335 2791 ptio,
2388 2733 2571 2776 natura
2621 2724 2849 2777 lmmana
2895 2734 2977 2777 est
3028 2727 3325 2794 augustius.
3360 2726 3652 2793 Pmpterea
3688 2728 3808 2780 lia-c

2201 2812 2363 2865 anibo
2390 2814 2720 2879 acciderunt,
2764 2823 2819 2867 ut
2858 2823 2914 2868 et
2955 2825 3157 2884 quanto
3200 2826 3253 2869 te
3280 2818 3622 2884 prmstantior
3647 2818 3714 2870 sit
3758 2819 3810 2871 is

2202 2903 2289 2969 qui
2322 2904 2546 2974 paritur,
2576 2904 2770 2969 discas,
2803 2913 2857 2959 et
2882 2916 3139 2975 quantum
3186 2920 3391 2961 natura:
3423 2917 3527 2962 tua:
3558 2924 3808 2962 comnm-

2204 3004 2367 3046 meet.

2278 3083 2327 3137 8.
2363 3084 2440 3137 Ac
2469 3084 2598 3137 mihi
2640 3086 2955 3155 sapientiam
3003 3088 3283 3142 considera
3304 3131 3318 3146 .
3350 3106 3469 3157 qua:
3509 3091 3560 3143 in
3590 3091 3655 3142 iis
3680 3106 3812 3160 quas

2207 3186 2485 3244 geruntur.
2513 3178 2707 3230 elucet.
2738 3176 2923 3246 Neque
2949 3180 3258 3247 prmstantia
3284 3179 3368 3232 illa
3394 3180 3805 3235 similitmti..cm

2207 3275 2260 3317 et
2290 3266 2684 3331 eugnatiunem,
2703 3282 2805 3335 qua
2829 3268 3105 3320 nobiscum
3132 3268 3350 3337 junctus
3376 3278 3479 3329 est.
3506 3270 3676 3334 lmsit;
3712 3288 3808 3326 ne-

2206 3369 2309 3422 que
2337 3355 2584 3423 cngnatio
2607 3365 2785 3409 nostra
2813 3359 3173 3424 praestantiam
3210 3358 3327 3427 ejus
3352 3359 3685 3424 ob<cnia\'il,
3711 3361 3808 3414 sed

2209 3454 2434 3511 utraque
2472 3446 2630 3498 rebus
2656 3446 2907 3499 onmibns
2931 3445 3203 3500 declarata
3231 3457 3342 3511 est;
3370 3459 3426 3502 et
3452 3449 3556 3502 alia
3586 3451 3810 3519 quidem

2209 3545 2388 3588 nostra
2432 3534 2660 3588 habebat
2708 3537 2911 3603 integra
2935 3577 2951 3597 ,
2980 3537 3082 3589 alia
3111 3552 3241 3591 vero
3281 3553 3309 3590 a
3362 3538 3518 3592 nobis
3561 3540 3806 3594 diversa.

2208 3624 2312 3679 Sed
2348 3624 2488 3694 quod
2534 3624 2799 3685 dicebam,
2834 3636 3114 3693 propterea
3152 3626 3363 3681 steriles
3389 3642 3813 3697 pra-cesserunt,

2212 3724 2268 3768 nt
2307 3724 2489 3784 partus
2518 3715 2737 3784 virginis
2760 3714 3093 3779 crederetur,
3117 3727 3177 3768 ut
3209 3717 3307 3769 ista
3333 3718 3483 3785 quasi
3516 3735 3680 3772 manu
3707 3721 3813 3774 duo

2210 3815 2421 3859 ceretur
2443 3806 2509 3860 ad
2542 3806 2699 3860 [idem
2730 3806 2994 3875 promisso
3013 3822 3075 3861 ac
3106 3808 3471 3876 pollicitationi
3498 3811 3573 3863 illi
3603 3811 3812 3866 haben-

2211 3897 2356 3963 dam,
2385 3913 2542 3966 quam
2585 3913 2687 3965 aug
2725 3900 2776 3954 to
2818 3898 3021 3953 audivit
3063 3899 3307 3965 dicente,
3336 3900 3565 3969 Spiritus
3602 3915 3818 3957 sanctus

2214 3988 2523 4055 superveniet
2545 3987 2614 4040 ‘iu
2660 3996 2726 4052 te,
2756 3998 2799 4040 et
2840 3989 2997 4043 virtus
3035 3989 3284 4043 Altissimi
3328 3992 3646 4047 obutubrabit
3674 3996 3767 4048 tibi
3796 4012 3817 4049 :

2212 4078 2311 4139 sic,
2343 4077 2533 4146 inquit,
2566 4079 2909 4146 paritura'es.
2936 4078 3009 4134 Ne
3034 4081 3291 4147 respicias
3318 4090 3549 4145 terram;
3583 4084 3652 4138 de
3678 4088 3819 4139 cutio

2216 4165 2359 4219 venit
2381 4167 2690 4219 elllcacitas.
2720 4167 2950 4235 Spiritus
2977 4178 3057 4220 est
3093 4171 3259 4237 gratia
3302 4170 3441 4239 quod
3483 4174 3713 4241 geritur,
3749 4190 3820 4229 ne

2195 4257 2343 4309 .tuilii
2376 4272 2584 4326 qumras
2610 4267 2853 4311 naturam
2900 4268 2954 4313 et
2995 4259 3137 4328 leges
3170 4263 3493 4329 nuptiarum.
3527 4264 3639 4318 Sed
3678 4282 3819 4333 quo-

2218 4350 2357 4400 niam
2391 4348 2527 4401 illius
2552 4360 2762 4417 captum
2785 4350 3118 4405 excedebant
3147 4351 3262 4406 hu'c
3288 4354 3469 4413 verba.
3506 4356 3621 4409 Vttll.
3650 4359 3816 4410 etiam

2217 4442 2439 4493 alteram
2482 4440 2992 4495 demonstmtionem
3043 4444 3304 4512 pra-bere.
3335 4446 3410 4497 Tu
3452 4461 3584 4499 vero
3625 4454 3817 4501 consi-

2217 4534 2344 4587 dera
2364 4576 2379 4599 ,
2413 4550 2518 4601 quo
2546 4544 2700 4601 pacto
2728 4535 2925 4588 sterilis
2954 4539 3019 4591 ad
3060 4534 3216 4589 ﬁdem
3249 4534 3373 4589 huic
3401 4540 3475 4591 rei
3507 4538 3816 4592 habenulam

2218 4624 2464 4678 deducat.
2518 4623 2649 4677 Nam
2698 4625 2948 4693 quoniam
3009 4627 3091 4678 illa
3147 4626 3533 4681 demonstratio
3578 4642 3817 4682 mentem

2220 4718 2437 4785 virginis
2462 4715 2771 4779 excedebat,
2788 4716 2909 4769 audi
2928 4731 3032 4784 quo
3056 4727 3206 4783 pacto
3232 4718 3294 4770 ad
3316 4718 3596 4771 lnunitiora
3615 4736 3822 4773 sermo.

2222 4824 2341 4863 ncm
2364 4809 2648 4863 demittcns
2678 4826 2770 4877 per
2797 4824 2881 4862 res
2907 4808 3173 4877 subjectas
3198 4810 3443 4862 sensibus
3481 4809 3627 4862 illam
3660 4814 3819 4878 quasi

2223 4914 2381 4953 manu
2443 4898 2617 4952 ducat.
2666 4898 2801 4951 Ecce
2853 4899 3031 4960 enim,
3076 4899 3281 4965 inquit,
3324 4897 3552 4952 Eliznbct
3598 4912 3823 4971 cognata

2222 4999 2329 5052 tua,
2359 5000 2405 5042 et
2431 4991 2543 5058 ipsa
2564 4991 2794 5055 concepit
2817 4989 2980 5057 ﬁlium
3002 4989 3054 5041 iu
3076 4999 3327 5042 senectute
3347 5006 3439 5042 suo
3464 5006 3483 5043 :
3505 5000 3550 5042 et
3582 4992 3664 5043 hic
3689 5010 3825 5043 nmi-

2221 5084 2289 5135 sis
2335 5092 2503 5134 sextus
2542 5090 2614 5131 est
2663 5080 2773 5140 illi,
2812 5095 2925 5147 quia
2967 5090 3173 5132 roratur
3217 5082 3400 5131 sterilis
3430 5079 3578 5145 (Luc.
3619 5083 3668 5132 l.
3703 5082 3818 5141 δυ).

2228 5176 2385 5227 \ides
2431 5174 2666 5228 sterilem
2707 5191 2829 5227 esse
2876 5182 3091 5241 propter
3127 5172 3423 5241 virginem?
3455 5172 3586 5225 Nam
3618 5174 3824 5241 alioqui

2225 5280 2321 5318 cur
2352 5265 2423 5317 illi
2453 5266 2667 5333 protulit
2686 5265 2736 5316 in
2762 5264 2995 5315 mediqu
3020 5272 3259 5331 cognata!
3283 5263 3530 5331 partum?
3557 5278 3717 5330 quam
3749 5264 3824 5313 ob

2224 5364 2438 5410 causam
2469 5356 2603 5409 dixit
2632 5372 2645 5406 :
2678 5353 2739 5406 In
2759 5364 3014 5407 senectute
3041 5354 3172 5405 suo?
3192 5369 3290 5405 rur
3316 5353 3580 5417 adjnuxit.
3619 5354 3678 5403 lii
3708 5368 3825 5421 qua.

2227 5459 2433 5500 vocatur
2453 5447 2679 5499 sterilis?
2704 5446 2848 5498 lllatn
2882 5445 3130 5497 nimirqu
3182 5446 3263 5497 bis
3288 5446 3537 5495 omnibus
3564 5443 3628 5495 ad
3661 5445 3824 5494 tidem

2228 5537 2618 5591 annuntiationi
2660 5536 2954 5590 habendam
2992 5535 3264 5589 incitabat.
3294 5535 3579 5602 Propterea
3608 5545 3661 5586 et
3692 5543 3760 5584 ait
3780 5556 3824 5581 t-

2229 5642 2335 5685 tem
2383 5640 2434 5684 ct
2480 5642 2681 5684 natura:
2737 5629 3153 5682 imbecillitatem
3209 5628 3441 5681 narravit
3484 5642 3497 5677 :
3538 5637 3824 5694 pmpterea

2231 5739 2442 5793 quoque
2463 5738 2491 5775 a
2520 5722 2604 5777 die
2632 5720 2997 5791 conceptionis
3020 5719 3257 5789 elapsum
3297 5727 3505 5787 tempus
3534 5732 3815 5786 exspecta-
