4074 6418
253 399 350 457 θοι
1523 377 1610 432 DE
1651 374 1790 431 non
1829 376 2306 435 DESPERANDO.

257 513 350 567 vit.
375 508 490 564 Not:
519 505 660 562 enim
690 521 718 559 a
748 503 1015 578 principio
1049 501 1228 556 statim
1262 498 1334 554 illi
1365 492 1723 556 annnutiavit,
1751 485 1848 543 sed

255 616 309 656 ut
348 608 610 654 semestre
653 608 864 667 tempus
903 595 1070 648 sterili
1117 593 1440 654 elaberetur,
1472 588 1844 658 exspectavit:

255 704 313 744 ιιι
349 689 551 745 ventris
589 697 765 742 tumor
803 684 1208 753 conceptionem
1247 681 1526 744 indicaret,
1556 689 1610 733 et
1639 688 1848 731 uterum

257 782 402 838 illam
431 791 641 848 gestare
680 778 928 832 dubitare
973 776 1192 829 minime
1238 781 1433 842 posset.
1466 772 1540 825 At:
1569 769 1696 823 mihi
1728 784 1850 823 rur-

256 886 352 924 sus
389 871 723 933 prudentiam
753 868 1016 921 Gabrielis
1060 866 1364 919 considera.
1395 862 1579 931 Neque
1602 861 1743 914 enim
1776 859 1850 913 illi

257 963 532 1018 revocavit
563 963 613 1014 in
648 962 961 1016 memoriam
1005 960 1244 1022 Sarratn,
1274 971 1374 1010 nec
1401 955 1718 1016 Rebeccam,
1753 967 1852 1005 nec

257 1053 573 1115 Rachcletn,
592 1051 798 1104 tametsi
814 1051 1025 1104 steriles
1041 1050 1200 1102 etiam
1214 1057 1365 1101 erant
1381 1047 1516 1110 istae,
1534 1061 1596 1099 ac
1609 1053 1824 1098 senectti
1835 1075 1851 1086 -

258 1155 314 1200 te
335 1147 612 1210 confectio,
640 1161 812 1214 neque
840 1160 926 1198 res
955 1143 1172 1197 carebat
1195 1139 1454 1195 miraculo
1483 1157 1495 1192 :
1521 1137 1615 1192 sed
1644 1147 1853 1190 veteres

258 1247 417 1293 erant
448 1237 550 1290 illas
579 1236 834 1290 historia).
859 1236 1023 1289 Porro
1053 1250 1168 1304 qua:
1195 1249 1329 1286 nova
1361 1241 1486 1285 sunt
1511 1241 1565 1284 et
1592 1230 1848 1293 recentia,

258 1343 381 1397 qua:
409 1337 588 1381 nostra
617 1334 773 1379 aetate
797 1325 1126 1387 acciderunt,
1163 1323 1328 1376 multo
1373 1321 1542 1390 magis
1571 1335 1730 1390 quam
1758 1335 1848 1371 au-

263 1417 407 1484 tiqua
440 1432 539 1470 nos
583 1417 758 1469 solent
796 1416 862 1469 ad
906 1416 1061 1468 fidem
1096 1413 1390 1468 habendam
1420 1412 1688 1466 miraculis
1720 1412 1852 1464 inci-

264 1527 402 1569 tare.
433 1514 600 1579 Quam
623 1511 692 1565 ob
715 1523 952 1571 causam,
988 1506 1088 1559 illis
1121 1505 1511 1573 pratermissis,
1547 1503 1852 1572 exemplum

265 1606 369 1674 ipsi
399 1613 639 1672 cognatae
693 1615 802 1654 sua:
851 1597 1088 1652 Elis-abet
1136 1597 1487 1665 praponebat,
1521 1605 1578 1648 ut
1600 1611 1663 1648 ex
1687 1610 1750 1648 eo
1779 1593 1852 1660 id,

260 1697 406 1766 quod
438 1696 508 1750 illi
545 1706 862 1749 eventurum
905 1701 1042 1758 erat,
1078 1690 1419 1759 intelligeret,
1448 1698 1506 1742 ut
1531 1689 1673 1742 illius
1701 1699 1852 1756 partu

259 1789 328 1843 ad
356 1806 509 1844 suum
557 1789 704 1842 illum
751 1788 977 1842 maxime
1020 1786 1364 1840 tremendum
1407 1794 1564 1852 atque
1594 1797 1856 1835 veneran-

261 1884 393 1935 dunt
423 1892 571 1933 certo
594 1880 917 1934 credendum
942 1877 1305 1932 induceretur.
1337 1875 1756 1943 Mediusqnippe
1785 1874 1856 1925 in-

262 1984 347 2027 ter
371 1983 608 2027 nostrum
636 1981 689 2026 et
721 1973 929 2026 Domini
962 1983 1169 2040 partum
1201 1971 1296 2022 fuit
1319 1969 1406 2022 ille
1433 1968 1628 2021 sterilis
1659 1967 1852 2020 mulie-

261 2066 355 2127 ris,
424 2065 596 2116 minor
661 2063 875 2131 quidem
936 2062 1190 2131 virgineo,
1262 2059 1355 2114 sed
1416 2058 1588 2127 major
1646 2066 1851 2110 nostro.

265 2157 548 2223 Propterea
581 2165 846 2223 tamquam
880 2171 976 2224 per
997 2153 1278 2222 quemdam
1313 2161 1526 2220 pontem
1560 2163 1655 2218 per
1681 2147 1854 2202 Eliza-

262 2246 372 2301 bet.
399 2261 519 2314 qua:
547 2246 719 2299 Inedia
750 2242 898 2305 erat,
933 2260 960 2297 a
995 2244 1220 2296 naturali
1263 2254 1414 2311 partu
1459 2244 1523 2293 ad
1567 2239 1714 2294 illum
1766 2239 1855 2308 qui

262 2347 508 2389 naturam
541 2337 771 2399 excedit,
800 2337 1043 2389 subvehit
1069 2332 1300 2387 men'letn
1331 2334 1567 2399 virginis.

333 2429 386 2481 9.
421 2428 554 2493 Quot
575 2443 734 2479 annos
754 2437 981 2495 precatus
998 2426 1058 2478 sit
1095 2424 1261 2477 Isaac.
1283 2454 1353 2463 -——
1375 2422 1674 2476 \'tilui.~setn
1703 2422 1856 2489 equi-

258 2519 383 2573 dem
427 2520 576 2588 plura
615 2519 813 2580 dicere,
845 2533 1044 2582 vosipte
1090 2518 1221 2571 alias
1262 2515 1458 2569 dueere
1498 2517 1752 2579 rationes,
1787 2513 1857 2567 ob

259 2627 393 2680 quas
416 2612 615 2664 sterilis
642 2620 754 2663 erat
787 2609 1051 2672 Rebecca,
1088 2618 1135 2661 et
1172 2608 1371 2660 Rachel
1407 2608 1537 2659 :sed
1582 2621 1686 2660 non
1729 2606 1857 2659 sinit

261 2712 493 2770 tempus,
524 2701 663 2769 qucid
693 2701 988 2754 orationem
1020 2700 1158 2768 cogit
1191 2699 1256 2751 ad
1286 2697 1672 2750 ostendendam
1696 2697 1859 2749 virtu-

262 2802 369 2845 tem
396 2807 612 2862 precum
639 2792 908 2844 festinare.
933 2790 1134 2843 ldeirco
1158 2805 1384 2858 namque
1410 2788 1475 2840 de
1505 2787 1584 2840 his
1610 2787 1856 2841 euntibus

260 2899 565 2938 sermonem
618 2883 961 2946 instituimus,
1006 2892 1061 2932 ιιι
1087 2881 1483 2949 intelliget-etis,
1520 2895 1619 2946 qua
1652 2879 1856 2931 ratione

262 2988 449 3042 preces
480 2975 622 3026 Isaac
669 2974 1003 3027 sterilitatem
1051 2972 1232 3024 uxoris
1277 2969 1555 3031 solverint,
1584 2978 1638 3020 et
1670 2983 1856 3035 preces

263 3063 523 3130 temporis
571 3075 674 3116 tam
724 3065 978 3117 diuturni.
1032 3062 1429 3131 Deprecabamr,
1483 3059 1673 3128 inquit,
1708 3059 1857 3112 Isaac

264 3173 357 3223 pro
369 3156 591 3208 Rebecca
619 3173 774 3208 uxore
797 3172 910 3222 sua,
944 3164 990 3208 et
1016 3155 1268 3207 exaudivit
1291 3171 1400 3206 eum
1425 3153 1556 3206 Dem
1581 3151 1739 3222 (Gen.
1763 3151 1854 3206 25.

258 3248 377 3314 2|).
406 3249 522 3301 Noli
553 3249 693 3300 enim
728 3258 913 3315 putare
947 3249 1112 3301 Deum
1144 3249 1289 3302 illum
1323 3248 1621 3311 invocasse,
1649 3260 1711 3298 ac
1738 3256 1850 3298 sta-

263 3339 356 3393 tim
401 3338 708 3392 cxanditum
737 3338 901 3393 fuisse
929 3357 940 3367 ·
965 3340 1186 3391 multum
1219 3339 1362 3391 enim
1407 3337 1662 3404 temporis
1687 3337 1854 3390 Deum

261 3430 468 3483 orando
497 3431 846 3498 consumpsit.
876 3432 948 3482 Ac
977 3430 1240 3482 sidiscere
1263 3429 1435 3481 velitis
1460 3439 1736 3495 quantum,
1759 3443 1858 3497 ego

263 3521 414 3575 vobis
451 3519 575 3572 illud
621 3528 806 3577 exacte
851 3519 1102 3572 narrabo.
1130 3517 1327 3585 Viginti
1362 3531 1624 3570 annorum
1665 3532 1856 3570 unme-

263 3629 378 3666 rum
415 3613 580 3664 Deum
631 3611 834 3665 orando
863 3611 1211 3680 consumpsit.
1239 3609 1389 3664 Unde
1427 3609 1476 3662 id
1506 3609 1752 3662 constat?
1781 3609 1855 3661 lix

263 3706 376 3773 ipsa
399 3704 538 3756 serie
577 3703 915 3755 narrationis.
951 3702 1148 3755 \"olens
1187 3702 1328 3754 enim
1370 3701 1641 3770 Scriptura
1674 3698 1852 3763 tidem,

265 3785 574 3856 patientiam
602 3795 651 3839 ct
684 3785 1073 3854 philosophiam
1097 3785 1223 3854 justi
1259 3784 1517 3850 indicare,
1556 3800 1619 3836 ne
1646 3794 1855 3852 tempus

261 3881 476 3947 quidem
515 3879 678 3942 siluit,
703 3880 796 3934 sed
844 3891 896 3934 et
931 3880 1102 3949 ipsum
1152 3879 1469 3945 declaravit,
1509 3881 1629 3934 licet
1658 3880 1858 3933 subob-

261 3989 440 4038 seure,
489 3985 544 4026 ut
586 3975 959 4042 negligentiam
1005 3984 1242 4027 nostram
1287 3972 1580 4036 excitaret;
1618 3983 1854 4025 attamen

262 4066 498 4133 ignotum
528 4080 647 4119 esse
689 4083 792 4118 non
823 4066 965 4119 sivit.
1000 4064 1134 4118 Audi
1166 4080 1315 4133 ergo,
1348 4080 1454 4132 quo
1483 4071 1639 4132 pacto
1667 4061 1857 4118 subob-

262 4171 421 4209 settrc
450 4155 600 4207 nobis
631 4163 837 4222 tempus
882 4155 1144 4206 indicarit.
1176 4151 1328 4205 Isaac
1367 4164 1534 4204 autent
1589 4163 1695 4204 erat
1730 4170 1857 4221 quu—

261 4247 500 4315 draginta
556 4262 824 4305 annorum,
861 4246 1060 4312 inquit,
1092 4244 1295 4312 quando
1343 4244 1535 4310 arrepit
1580 4243 1856 4296 Rebeccam

263 4337 423 4404 ﬁliam
467 4334 685 4388 But/mel
734 4335 851 4404 Syri
893 4333 1038 4404 (Gen.
1072 4335 1160 4388 25.
1192 4331 1306 4402 ΞΟ).
1339 4335 1574 4387 Didicisti
1606 4343 1734 4403 quot
1763 4350 1858 4386 att-

265 4445 456 4482 narunt
494 4437 633 4481 esSct
663 4427 877 4496 quando
906 4427 1054 4478 duxit
1085 4425 1348 4479 uxorem?
1373 4424 1733 4492 Quadraginta
1763 4443 1856 4477 att-

264 4536 480 4583 norum,
504 4519 693 4587 inquit,
724 4531 860 4584 erat,
891 4517 1109 4586 quando
1149 4517 1448 4572 Rebeccam
1496 4519 1721 4585 accepit.
1751 4517 1854 4569 Sed

263 4609 514 4679 quoniam
547 4609 619 4680 (ri)
649 4617 779 4678 quot
811 4623 1076 4662 annorum
1104 4617 1249 4662 esset
1277 4607 1578 4672 didicimus,
1605 4621 1725 4660 cum
1755 4607 1856 4659 sibi

265 4698 608 4753 matrimonio
627 4697 808 4768 junxit
835 4713 1078 4762 uxorem,
1107 4697 1380 4752 discamus
1417 4707 1468 4751 et
1500 4695 1713 4765 quando
1741 4705 1855 4748 tan-

264 4789 389 4844 dem
420 4789 717 4856 suseeperit
753 4788 970 4850 liberos,
1001 4797 1057 4842 et
1084 4799 1212 4857 quot
1243 4803 1503 4841 annorum
1534 4795 1708 4850 esset,
1735 4801 1857 4839 cum

264 4878 433 4933 Iacob
456 4877 671 4948 genuit;
703 4887 813 4931 tum
857 4879 1036 4932 videre
1069 4878 1360 4946 poterimus
1391 4887 1587 4946 quanto
1615 4887 1859 4946 tempore

265 4969 464 5022 sterilis
505 4983 640 5022 uxor
690 4977 967 5030 manserit,
997 4984 1059 5021 ac
1083 4976 1196 5021 toto
1230 4969 1319 5021 illo
1349 4978 1586 5036 tempore
1620 4968 1858 5021 lsaacum

271 5060 437 5123 Deum
484 5073 604 5112 esse
645 5058 1009 5128 deprecatum.
1053 5059 1190 5124 Quot
1240 5058 1396 5127 igitur
1441 5073 1703 5112 annorum
1746 5067 1861 5111 erat

265 5153 482 5224 quando
517 5152 771 5207 Iacobum
808 5153 1027 5222 genuit“?
1058 5150 1220 5214 Exiit,
1255 5152 1440 5218 inquit,
1465 5150 1623 5203 Iacob
1651 5151 1858 5203 dextera

266 5256 436 5299 tenens
476 5246 769 5298 catcaneum
817 5246 989 5313 fratris
1032 5249 1113 5297 sui
1144 5261 1162 5298 :
1192 5258 1456 5314 propterea
1506 5248 1696 5300 vocavit
1747 5263 1857 5298 eum

265 5335 448 5395 Iacob,
481 5336 625 5387 illum
665 5345 829 5388 autem
870 5333 1032 5389 Esau.
1064 5334 1216 5389 Isaac
1256 5348 1420 5388 autem
1467 5351 1572 5390 erat
1607 5355 1858 5391 annorum

265 5429 552 5496 sexaginta,
581 5429 783 5493 quando
811 5429 981 5496 genuit
1011 5443 1094 5480 eos
1116 5426 1266 5495 (Gen.
1293 5428 1382 5482 25.
1402 5427 1492 5481 25.
1517 5430 1628 5495 26).
1653 5430 1708 5483 Si
1731 5445 1860 5497 ergo

267 5535 389 5572 cum
437 5521 589 5570 duxit
632 5517 953 5581 Rcbeccam,
1002 5518 1348 5586 quadraginta
1401 5528 1516 5572 erat
1571 5534 1856 5583 annorum,

269 5612 481 5680 quando
537 5625 699 5679 porro
750 5612 886 5665 filios
931 5612 1453 5681 genuit,scxagiuta,
1484 5613 1648 5682 liquet
1679 5613 1856 5682 viginti

330 5764 406 5826 (a)
430 5773 670 5816 ttat-tenus
694 5767 740 5816 iu
766 5767 963 5816 Mamilia
988 5769 1046 5817 49
1073 5782 1120 5817 m
1145 5775 1389 5818 Cencstm.

3448 380 3557 438 $62

1955 505 2130 546 annos
2162 489 2374 548 interim
2405 494 2643 549 sterilem
2668 511 2889 552 uxorem
2913 497 3196 558 mansisse.
3219 507 3432 571 totoque
3453 505 3556 557 hoc

1958 590 2200 653 tempore
2230 583 2469 641 lsaacum
2498 587 2669 642 Deum
2693 586 2899 643 or'asse.

2030 672 2119 727 10.
2157 673 2351 729 Annon
2407 676 2568 746 igitur
2619 677 2988 733 erubescimus
3041 689 3096 735 et
3149 680 3548 746 confundimur,

1956 779 2079 819 cum
2114 767 2318 835 justum
2357 769 2600 825 videmus
2643 786 2815 826 annos
2846 772 3029 841 viginti
3056 784 3421 845 exspectasse,
3454 793 3554 832 nec

1957 852 2231 912 abstitisse
2252 876 2264 911 :
2287 874 2385 912 nos
2403 875 2532 915 vero
2554 871 2674 929 post
2699 877 2857 915 unam
2882 862 2963 916 vel
2984 863 3206 917 alteram
3241 866 3554 933 petitionem

1957 962 2101 1016 satpe
2123 948 2424 1014 deficimus,
2452 962 2503 1004 et
2537 952 2913 1022 indignamur?
2951 954 3185 1010 Tametsi
3215 957 3299 1011 hic
3329 959 3555 1014 multant

1957 1036 2098 1105 apud
2153 1038 2322 1092 Deum
2368 1040 2616 1096 fiduciam
2653 1043 2905 1107 habebat,
2939 1055 2993 1098 et
3023 1054 3200 1102 tamen
3239 1048 3555 1104 dilationem

1959 1131 2083 1184 doni
2115 1148 2219 1186 non
2251 1150 2394 1203 mgre
2421 1135 2644 1203 ferebat,
2673 1137 2764 1192 sed
2793 1141 3060 1209 patienter
3080 1147 3427 1213 exspectabat
3458 1165 3473 1203 τ
3503 1160 3558 1201 at

1960 1237 2057 1277 nos
2102 1223 2396 1280 innumeris
2441 1229 2647 1282 onerati
2703 1232 2978 1298 peccatis,
3024 1247 3183 1302 prava
3227 1238 3553 1292 conscientia

1962 1313 2106 1378 torti,
2139 1329 2234 1370 nec
2253 1316 2411 1370 ullam
2445 1333 2570 1387 erga
2617 1319 2898 1375 Do'ntinuut
2945 1324 3372 1380 benevolentiam
3402 1331 3554 1384 exhi-

1961 1404 2168 1470 bentes,
2194 1407 2294 1462 nisi
2323 1411 2468 1476 prius
2494 1426 2652 1480 quam
2680 1413 2915 1483 eloqunti
2941 1414 3220 1482 fuerimus,
3251 1420 3551 1489 audiamur,

1959 1497 2139 1552 animo
2169 1503 2520 1565 concidimus,
2566 1520 2707 1574 :t-gre
2751 1507 2991 1572 ferimus,
3019 1525 3048 1562 a
3077 1513 3382 1578 precatione
3407 1514 3555 1569 absi-

1960 1591 2150 1644 stimus
2182 1607 2195 1643 :
2226 1607 2332 1661 quo
2364 1594 2421 1647 fit
2464 1605 2520 1648 ut
2561 1599 2744 1650 vacuis
2791 1613 3008 1668 semper
3050 1603 3298 1657 manibus
3329 1578 3552 1661 receda-

1961 1696 2099 1733 mus.
2129 1682 2257 1746 Quis
2277 1687 2450 1752 spatio
2476 1688 2656 1755 viginti
2679 1703 2944 1745 annorum
2992 1707 3088 1759 pro
3138 1710 3240 1749 una
3288 1712 3346 1752 re
3390 1698 3553 1754 Deum

1962 1782 2211 1838 precatus
2259 1785 2343 1828 est
2398 1778 2533 1831 sicut
2589 1779 2672 1834 hic
2714 1780 2936 1849 justus?
2969 1785 3052 1839 vel
3104 1787 3300 1855 potius,
3329 1790 3448 1859 quis
3473 1793 3555 1844 vi-

1959 1867 2088 1933 ginti
2126 1868 2272 1921 solos
2301 1871 2552 1924 menses?

2035 1957 2129 2010 Cui
2153 1960 2342 2014 similes
2369 1954 2492 2027 sint,
2522 1963 2610 2030 qui
2650 1973 2829 2018 contra
2871 1967 3102 2022 inimicos
3139 1980 3306 2026 orant.
3329 2002 3400 2014 —
3429 1972 3552 2027 lii-ri

1961 2051 2174 2117 quidem
2199 2053 2439 2108 dicebam
2465 2057 2660 2110 multos
2682 2073 2801 2112 esse
2829 2059 2920 2129 qui
2950 2061 3281 2130 negligenter
3307 2076 3482 2129 orant,
3501 2078 3555 2120 et

1959 2144 2270 2209 oscitantis,
2302 2162 2360 2199 se
2387 2147 2755 2214 extendentes,
2787 2165 2850 2204 ac
2894 2161 3153 2220 perpetuo
3195 2169 3254 2208 se
3285 2155 3388 2210 huc
3426 2157 3556 2211 illnc

1959 2247 2255 2302 vertentes,
2295 2253 2510 2292 omnem
2567 2241 2826 2295 incuriam
2876 2259 2986 2311 pra:
3033 2259 3092 2299 se
3147 2244 3557 2303 ferunt:hudie

1965 2327 2088 2382 vero
2146 2330 2328 2382 vitium
2375 2331 2518 2385 aliud
2559 2333 2700 2401 qttod
2757 2333 3007 2401 precibus
3049 2335 3338 2392 intervenit
3386 2340 3557 2393 multo

1962 2420 2316 2488 perniciosius
2371 2422 2461 2477 illo
2512 2425 2706 2493 reperi.
2750 2423 2896 2478 Multi
2947 2426 3091 2480 enim
3131 2443 3328 2496 pronos
3360 2430 3410 2483 in
3440 2441 3550 2484 ter-

1962 2528 2075 2564 ram
2112 2528 2170 2566 se
2214 2514 2575 2583 projieientes,
2605 2525 2802 2571 terram
2843 2517 3020 2574 fronte
3049 2517 3323 2588 ferientes,
3355 2523 3556 2578 calidas

1963 2601 2245 2658 fundentes
2291 2607 2580 2676 lacrymas,
2625 2609 2820 2664 acerbe
2862 2611 3087 2665 interius
3125 2612 3552 2682 ingemiscentes,

1961 2696 2196 2749 extensis
2221 2699 2487 2762 manibus,
2522 2700 2854 2768 multumque
2893 2701 3126 2756 studium
3153 2718 3263 2771 pra:
3288 2718 3347 2759 Se
3378 2705 3556 2760 feren—

1963 2797 2059 2849 tes,
2087 2789 2184 2843 hoc
2204 2789 2412 2844 fervore
2438 2807 2496 2844 ac
2522 2793 2939 2861 promptitudine
2960 2795 3123 2848 animi
3150 2795 3414 2852 adversus
3439 2814 3560 2868 prn-

1966 2878 2380 2946 priamsalutem
2413 2896 2650 2937 utuntur.
2680 2883 2812 2939 Nam
2841 2886 2948 2940 Deo
2982 2902 3172 2955 preces
3195 2887 3427 2945 offerunt
3450 2906 3554 2945 non

1966 2988 2058 3039 pro
2089 2974 2199 3026 suis
2230 2975 2460 3039 delictis,
2495 2994 2666 3046 neque
2708 2987 2763 3031 ut
2802 2980 3011 3032 veniam
3053 2990 3396 3048 peccatorum
3427 2997 3556 3038 suo-

1965 3077 2080 3114 rum
2110 3071 2312 3130 petant,
2340 3066 2434 3119 sed
2466 3065 2566 3120 hoc
2595 3067 2833 3120 studium
2863 3083 3023 3122 omne
3048 3069 3336 3126 coaferunt
3361 3072 3557 3127 adver-

1963 3166 2054 3205 sus
2097 3152 2386 3207 inimicos:
2415 3170 2476 3209 ac
2508 3156 2729 3225 perinde
2762 3157 2985 3223 faciunt,
3017 3173 3082 3214 ac
3124 3161 3168 3214 si
3209 3163 3328 3232 quis
3369 3179 3556 3219 ensem

1962 3256 2143 3309 acuat,
2169 3259 2268 3298 nec
2293 3245 2550 3300 adversus
2582 3246 2764 3303 hostes
2793 3248 2885 3303 illo
2908 3265 3107 3319 genere
3133 3267 3406 3308 armorum
3439 3264 3556 3311 uta-

1965 3345 2065 3398 tur,
2101 3337 2193 3389 sed
2225 3352 2292 3391 eo
2316 3338 2558 3408 jugulum
2589 3354 2742 3393 suum
2777 3340 3023 3408 trajiciat.
3049 3342 3137 3398 Sic
3164 3354 3220 3399 et
3247 3344 3332 3399 isti
3356 3362 3461 3401 non
3488 3347 3554 3401 ad

1962 3426 2304 3480 obtinendam
2333 3443 2550 3482 suorum
2585 3430 2793 3484 veniam
2825 3431 3167 3497 delictorum,
3192 3435 3286 3489 sed
3312 3435 3379 3489 ad
3405 3452 3561 3492 accc-

1965 3518 2238 3573 leramlum
2283 3520 2619 3575 inimicorum
2659 3524 2975 3593 supplicium
3008 3528 3256 3593 precibus
3284 3540 3504 3586 utuntttr
3539 3547 3552 3584 :

1963 3610 2102 3678 quod
2143 3620 2224 3664 est
2271 3613 2476 3681 seipSos
2528 3614 2706 3682 gladio
2745 3629 2844 3669 suo
2881 3619 3212 3686 transfigere.
3239 3621 3352 3676 lloc
3375 3633 3552 3678 autem

1965 3701 2227 3768 malignus
2289 3703 2373 3757 ille
2401 3690 2741 3774 exetigitavit,
2776 3715 2834 3760 nt
2857 3721 2953 3760 nos
2978 3709 3123 3763 omni
3154 3727 3218 3763 ex
3246 3721 3396 3780 parte
3424 3728 3549 3781 per.

1962 3791 2181 3858 damus,
2209 3803 2260 3847 et
2293 3793 2418 3847 dum
2461 3798 2793 3867 negligentes
2828 3813 3033 3865 sumus,
3063 3809 3115 3854 et
3154 3800 3280 3855 dum
3321 3803 3557 3858 studium

1963 3887 2172 3954 aliquod
2199 3885 2536 3943 adhibemus.
2573 3889 2634 3942 lli
2663 3891 2805 3944 enim
2840 3892 2938 3944 hac
2963 3907 3059 3946 sua
3115 3895 3166 3947 in
3216 3895 3463 3964 precibus
3487 3897 3559 3951 in-

1965 3978 2110 4030 curia
2140 3977 2303 4032 Deum
2335 3979 2564 4044 irritant,
2584 3981 2710 4035 dum
2740 3996 2835 4049 per
2862 3982 2999 4037 hanc
3025 3984 3402 4054 negligentiam
3425 4003 3556 4041 can-

1966 4076 2223 4136 tetnptum
2255 4083 2361 4136 prze
2384 4085 2442 4123 se
2482 4069 2661 4125 ferunt
2698 4089 2709 4124 :
2746 4073 2820 4125 illi
2851 4089 2978 4127 vero
3008 4076 3242 4130 studium
3275 4078 3559 4144 exhibent,

1964 4161 2058 4213 sed
2103 4161 2153 4214 in
2203 4163 2390 4215 salutis
2440 4178 2551 4216 sua:
2594 4164 2885 4232 perniciem
2915 4166 3189 4221 exhibent.
3219 4167 3334 4232 Ille,
3365 4169 3557 4240 inquit,

1965 4252 2238 4322 negligens
2266 4263 2380 4318 est;
2416 4255 2517 4307 hoc
2547 4255 2674 4308 mihi
2702 4256 2896 4309 snflicit
2930 4265 2985 4310 nt
3012 4257 3141 4310 nihil
3169 4259 3410 4312 obtineat
3436 4277 3448 4312 :
3473 4261 3558 4314 hie

1965 4343 2192 4412 diligens
2225 4353 2306 4399 cst
2347 4355 2402 4400 et
2429 4353 2701 4410 attentus;
2727 4348 2854 4415 quid
2883 4364 3012 4416 ergo
3038 4348 3268 4402 faciam?
3291 4349 3406 4403 Non
3440 4365 3563 4419 pos-

1965 4452 2080 4490 sum
2105 4437 2337 4490 stttdium
2367 4439 2481 4506 ejus
2509 4436 2817 4507 infringere,
2843 4455 3017 4507 neque
3043 4439 3095 4492 itt
3145 4457 3264 4493 eum
3292 4450 3561 4509 torporem

1967 4529 2288 4594 immittere;
2321 4531 2421 4582 alia
2470 4529 2677 4583 ratione
2721 4529 3010 4600 perniciem
3046 4532 3095 4583 in
3125 4546 3247 4585 eum
3276 4532 3553 4584 machina-

1968 4622 2084 4676 bor.
2114 4621 2230 4690 Quo
2253 4621 2466 4675 tandem
2488 4621 2686 4675 modo?
2717 4621 2956 4676 Efliciam
2979 4632 3036 4675 ut
3060 4623 3237 4677 studio
3257 4623 3566 4690 diligentia-

1967 4731 2070 4783 que
2099 4714 2164 4767 ad
2196 4715 2527 4784 iniquitatem
2559 4723 2737 4767 utatur
2770 4731 2782 4767 :
2816 4714 3052 4784 iniquum
3079 4716 3223 4769 enim
3266 4725 3343 4769 est
3368 4717 3564 4770 adver-

1971 4823 2062 4861 Sus
2111 4807 2355 4861 inimicos
2406 4821 2591 4874 prooes
2637 4805 2877 4860 fundere.
2909 4809 2985 4863 Ita
3023 4809 3132 4871 lict,
3170 4817 3226 4861 ut
3271 4824 3377 4862 non
3408 4810 3567 4861 modo

1972 4883 2117 4952 mullo
2142 4910 2411 4969 reportata
2441 4901 2588 4954 lucro
2611 4916 2676 4955 ex
2704 4901 2883 4954 studio
2908 4914 3007 4952 suo
3033 4899 3294 4965 discedat,
3325 4902 3417 4955 sed
3449 4902 3567 4970 plus

1970 4993 2273 5048 detrimenti
2334 4993 2593 5061 patiatur,
2648 5008 2806 5062 quam
2883 4992 3202 5062 negligentia
3253 4993 3562 5048 invexisset.

1973 5084 2244 5150 Ejusmodi
2291 5094 2411 5137 sunt
2459 5084 2658 5137 diaboli
2707 5083 3002 5137 machinae:
3031 5083 3166 5137 alios
3241 5092 3335 5152 per
3389 5084 3558 5152 negli-

1971 5179 2226 5246 gentiam,
2252 5178 2384 5230 alios
2409 5191 2500 5245 per
2529 5178 2698 5244 ipsum
2722 5175 2956 5229 studium
2985 5175 3179 5244 perdit,
3209 5188 3330 5229 cum
3365 5191 3470 5228 ttott
3498 5189 3565 5227 ex

1977 5269 2284 5337 prmscripto
2314 5268 2487 5338 legunt
2516 5268 2822 5321 adhibetur.

2048 5364 2066 5414 l
2089 5364 2131 5414 l.
2161 5361 2336 5415 Oratio
2351 5377 2516 5413 eorum
2536 5359 2851 5429 quiti-indicta
2876 5355 3207 5409 delectantur.
3223 5386 3287 5395 —
3307 5355 3413 5409 Sed
3437 5371 3570 5423 ape-

1978 5473 2049 5509 ra:
2078 5457 2302 5527 pretium
2326 5457 2480 5509 fuerit
2505 5455 2665 5507 verba
2687 5453 2945 5505 orationis
2963 5451 3166 5513 audire,
3203 5461 3252 5503 et
3282 5466 3389 5517 quo
3418 5460 3570 5519 parto

1974 5553 2193 5621 puerilis
2217 5553 2374 5603 verba
2415 5551 2523 5602 sint
2576 5548 2789 5609 mentis,
2821 5555 2875 5599 et
2925 5545 3088 5597 animi
3144 5541 3422 5596 infantilis.
3488 5541 3570 5593 Me

1974 5645 2191 5712 quidem
2223 5644 2383 5712 pudet
2416 5642 2503 5695 illa
2533 5641 2736 5704 dicere,
2771 5650 2994 5691 necesse.
3025 5644 3107 5689 est
3139 5644 3315 5686 tamen
3344 5632 3564 5684 omnino

1983 5757 2045 5795 ea
2074 5749 2129 5795 ut
2154 5739 2423 5804 dicamus,
2456 5746 2508 5791 et
2538 5733 2804 5788 indoctam
2839 5730 3073 5812 linguam
3101 5727 3243 5782 illam
3277 5726 3565 5779 imitemur.
