4074 6394
571 334 678 395 863

565 454 820 518 Quasnam
845 445 1002 514 igitur
1025 440 1110 496 illa
1140 447 1264 493 sunt
1292 435 1490 507 νιστιηῖ
1516 432 1739 488 Vindiea
1762 446 1849 486 me
1873 428 1940 484 de
1962 426 2138 518 inimi-

563 517 646 599 cis
671 542 839 596 meis:
870 533 1090 591 ostende
1116 531 1221 584 illis
1248 542 1333 583 me
1360 539 1572 597 quoque
1598 524 1763 578 Deum
1786 520 2003 575 habere.
2023 517 2138 572 Non

566 645 680 690 tum
728 632 892 686 Demn
934 636 1029 679 nos
1072 621 1267 675 habere
1304 617 1539 677 disi-unt,
1568 612 1639 667 mi
1687 612 1866 674 bomo,
1893 622 2013 663 cum
2042 621 2141 661 nos

568 724 925 791 indignamur.
956 722 1010 767 et
1035 708 1334 770 irascimur,
1363 715 1418 760 et
1447 719 1588 773 aegre
1612 701 1829 757 ferituus
1860 696 2138 791 :sedAc-um

568 787 709 868 modi
729 811 795 865 sti
833 821 1013 862 sumus
1034 845 1049 869 ,
1078 802 1239 856 mites
1264 808 1320 853 et
1364 795 1602 856 humani.
1622 804 1944 860 omnemque
1969 787 2143 858 philo-

565 902 806 971 IOpilialtl
830 909 1170 954 exercemus.
1201 890 1273 946 lla
1301 902 1518 960 quoque
1548 885 1681 939 dixit
1711 883 1850 938 Deus
1893 897 1907 933 :
1951 878 2143 933 Litt-eat

564 995 657 1048 In:
689 997 850 1044 rostra
886 1001 1058 1039 eorum
1102 980 1387 1035 hominibus
1406 1018 1423 1042 ,
1455 986 1508 1028 ut
1553 974 1752 1029 videant
1795 984 1950 1041 opera
1978 976 2141 1021 vestra

564 1088 718 1148 bono,
749 1092 795 1133 et
839 1076 1118 1148 gloriﬁcent
1143 1071 1351 1124 Putrem
1394 1079 1609 1122 vestrum
1658 1064 1747 1133 qui
1785 1063 1837 1116 in
1882 1060 2022 1149 {alia
2068 1066 2141 1111 est

563 1176 779 1250 (314mb.
811 1174 864 1235 5,
899 1162 1005 1239 l6).
1032 1166 1145 1227 Non
1175 1160 1552 1250 animadvertis
1589 1156 1845 1250 ittjttriant
1875 1164 1931 1250 te
1965 1151 2142 1207 facere

567 1243 700 1331 Deo,
730 1280 851 1318 cum
886 1262 1049 1314 Deum
1092 1254 1350 1309 adversus
1379 1248 1623 1303 inimicos
1648 1243 1846 1315 rogas?
1868 1243 1986 1310 Quo
2020 1250 2141 1331 tan-

565 1329 723 1425 ιιι-ιιιι
743 1366 885 1414 actu,
910 1348 1097 1417 inquit,
1117 1346 1223 1399 Deo
1243 1342 1300 1396 lit
1322 1339 1550 1409 injuria?
1574 1336 1832 1403 Quoniam
1851 1334 1964 1402 ipse
1983 1329 2141 1425 dixit:

569 1421 726 1505 Orate
750 1461 841 1516 pro
876 1440 1089 1495 inimicis
1119 1434 1289 1489 vestris
1310 1431 1418 1501 (Ib.
1453 1427 1635 1499 mli).
1666 1436 1721 1480 et
1746 1425 1978 1481 divinam
2006 1421 2145 1476 banc

566 1546 734 1613 Ιιιςειιιι
764 1537 979 1593 invexit;
1004 1531 1136 1587 Cum
1166 1529 1323 1597 igitur
1349 1524 1708 1593 legislalorem
1734 1532 1910 1588 rogas,
1943 1526 2145 1613 utsttas

556 1606 725 1690 "violet
750 1633 912 1699 leges.
941 1637 995 1679 et
1018 1619 1269 1684 hortaris,
1288 1622 1348 1670 ut
1370 1615 1483 1669 suis
1500 1610 1798 1667 contrarias
1818 1610 1848 1662 ιι
1867 1622 1960 1677 ges
1984 1606 2141 1671 ferat,

563 1738 619 1783 et
646 1740 766 1780 eum
794 1719 884 1789 qui
915 1715 1281 1786 prohibuerat,
1309 1722 1374 1761 ne
1390 1706 1646 1759 adversus
1674 1700 1917 1755 inimicos
1932 1712 2142 1789 orares,

568 1786 825 1888 precaris,
852 1821 907 1863 ut
947 1818 1000 1861 te
1043 1804 1301 1856 adversus
1339 1798 1585 1851 inimicos
1636 1800 1877 1845 orantem
1923 1786 2142 1888 audiat:

564 1875 672 1962 non
692 1916 837 1962 oras,
867 1900 995 1950 dum
1026 1893 1076 1949 id
1107 1890 1269 1953 facis,
1300 1902 1474 1955 neque
1513 1880 1763 1941 hortaris.
1793 1878 1887 1933 sed
1935 1875 2145 1946 legisla-

565 1962 1091 2052 turiicmttmncliam
1135 1979 1321 2043 infers,
1352 1985 1407 2030 et
1462 1975 1514 2030 in
1553 1987 1677 2025 eum
1722 1967 2024 2033 insolescis,
2054 1963 2144 2034 qui

565 2086 705 2140 btma
739 2080 837 2135 tibi
857 2075 1144 2146 largiturus
1171 2076 1317 2129 erat.
1349 2081 1469 2135 qua:
1497 2061 1781 2118 occasione
1806 2071 2023 2129 priscum
2050 2054 2146 2146 ob-

564 2173 803 2227 veniunt.
834 2167 899 2222 Et
930 2143 1038 2234 quo
1076 2169 1231 2230 pacto
1260 2157 1394 2219 lteri,
1423 2166 1628 2224 quaso,
1662 2156 1854 2220 potest,
1881 2156 1939 2201 nt
1961 2143 2145 2199 audia-

563 2265 639 2320 ris
666 2262 791 2317 dum
819 2270 965 2319 oras.
996 2253 1043 2308 si
1083 2265 1205 2304 cum
1245 2248 1335 2317 qui
1359 2254 1443 2301 est
1472 2242 1751 2296 auditurus
1774 2238 1989 2294 irritos?
2020 2236 2145 2290 lla:c

561 2354 706 2411 enim
734 2350 861 2405 dmn
884 2345 1038 2409 facis,
1068 2340 1452 2397 lnbaratbrum
1476 2332 1702 2389 salutem
1735 2338 1878 2384 tuam
1908 2325 2144 2395 compel-

566 2444 655 2507 lis,
681 2449 737 2496 et
763 2438 816 2492 lu
844 2431 1195 2506 praxipitin'm
1224 2427 1356 2491 ruis,
1374 2424 1501 2479 dum
1528 2421 1800 2477 inimicum
1840 2418 1893 2473 iu
1919 2430 2146 2485 conspe-

561 2547 652 2590 ctu
705 2530 862 2601 Regis
908 2522 1159 2596 percutis.
1189 2519 1441 2588 Quamvis
1463 2516 1604 2571 enim
1651 2512 1896 2568 manibus
1942 2510 1992 2564 id
2035 2523 2141 2563 non

564 2628 750 2689 iacias,
781 2622 958 2677 verbis
994 2628 1172 2671 tamen
1218 2628 1342 2667 eum
1376 2609 1611 2680 percutis
1635 2624 1651 2662 :
1679 2603 1823 2675 quod
1862 2616 1987 2671 erga
2023 2616 2146 2656 con-

563 2730 754 2773 scrrns
791 2718 1047 2782 pmtare
1090 2719 1196 2759 non
1237 2701 1421 2755 audes.
1451 2699 1613 2768 Igitur
1656 2696 1709 2751 id
1754 2708 1914 2765 agere
1949 2692 2146 2745 audeas

567 2807 878 2879 magistratu
922 2806 1240 2869 spectante:
1270 2794 1398 2848 licet
1442 2792 1732 2879 innumera
1747 2796 1831 2841 tua
1862 2786 2145 2879 sint—recte

564 2874 723 2961 tota.
744 2893 963 2951 omnino
980 2885 1261 2945 confestim
1292 2882 1356 2936 ad
1385 2892 1610 2935 mortem
1637 2876 1935 2931 abduecris.
1970 2874 2141 2944 Ergo-

567 3005 635 3045 ne
680 3000 861 3043 eorum
912 2979 1221 3047 magistratu
1265 2988 1371 3028 non
1410 2970 1575 3025 audes
1612 2967 1878 3038 aqualem
1928 2964 2144 3020 afﬁcere

561 3073 1129 3134 contutneliazcoram
1178 3065 1291 3119 Deo
1329 3070 1504 3116 autem
1554 3058 1645 3129 qni
1697 3057 1749 3111 id
1801 3056 1970 3121 facis,
2013 3070 2142 3119 non,

564 3180 769 3241 quteso,
794 3161 1000 3227 tremis,
1026 3175 1129 3213 non
1154 3157 1317 3211 times
1350 3152 1477 3206 dum
1512 3149 1771 3204 orationis
1812 3157 2053 3216 tempore
2080 3159 2145 3201 ac

566 3240 784 3330 precum
811 3255 890 3309 sic
916 3247 1261 3308 excandescis
1289 3253 1344 3300 et
1366 3241 1627 3306 ederaris,
1656 3253 1720 3293 ac
1748 3240 2002 3306 majorem
2036 3251 2145 3306 ιιι-ω

565 3329 620 3404 te
654 3347 760 3401 fers
792 3341 1121 3411 iniquitatem
1166 3336 1257 3389 illo
1292 3333 1380 3403 qui
1409 3340 1623 3386 centum
1651 3329 1899 3383 denarios
1930 3337 2146 3397 repeto-

572 3437 699 3494 butl
724 3432 877 3502 Quod
908 3430 1051 3484 enim
1096 3438 1148 3479 tu
1184 3424 1437 3492 majorem
1486 3419 1731 3487 injuriam
1774 3417 1992 3482 inferas,
2019 3418 2141 3471 audi

564 3544 673 3601 quo
688 3532 841 3597 pacto
869 3529 1094 3577 testetur
1123 3516 1362 3571 historia.
1395 3514 1581 3568 Decies
1607 3512 1749 3565 mille
1771 3511 1967 3565 talenta
1991 3510 2139 3580 quis-

566 3621 705 3690 piam
725 3617 941 3672 domino
960 3612 1186 3666 debebat
1218 3626 1231 3662 :
1263 3606 1460 3662 deinde
1478 3622 1597 3660 cum
1622 3621 1724 3660 non
1754 3604 1975 3658 haberet
2003 3601 2143 3655 unde

565 3710 848 3770 redderet,
878 3704 1063 3759 orabat
1092 3711 1149 3754 ut
1189 3698 1404 3769 patienti
1433 3695 1609 3751 alilnto
1632 3711 1756 3764 erga
1796 3710 1854 3748 se
1889 3704 2058 3754 esset,
2088 3700 2145 3745 ut

566 3799 775 3856 vendita
810 3809 992 3855 uxore.
1024 3792 1200 3854 domo,
1230 3803 1293 3843 ac
1337 3786 1456 3840 ﬁliis
1502 3785 1737 3841 debitum
1786 3783 2002 3837 dotninn
2044 3796 2143 3835 suo

567 3891 895 3963 persolveret
934 3884 1155 3956 (Manli.
1198 3880 1282 3935 l8.
1324 3881 1415 3935 ει.
1453 3879 1590 3949 sqq.)
1614 3876 1747 3933 Gum
1779 3884 1953 3928 autem
1990 3873 2140 3927 illum

564 3982 810 4039 dominus
840 3980 1214 4031 lamentantem
1241 3970 1444 4024 videret
1470 3967 1809 4022 miseratione
1837 3973 2140 4019 c0ntmotus

565 4084 671 4141 est,
704 4081 757 4126 et
789 4072 925 4125 dena
970 4066 1130 4121 millia
1162 4063 1477 4118 talentorum
1513 4058 1736 4114 remisit.
1766 4058 2022 4131 Egressus
2052 4056 2144 4113 ille

564 4180 685 4219 cum
713 4163 935 4215 alterum
965 4171 1178 4213 servum
1205 4154 1513 4212 invenisset.
1540 4167 1627 4222 qm
1658 4163 1870 4207 centum
1896 4150 2144 4206 denarius

564 4254 663 4325 ipsi
705 4250 954 4311 debebat,
981 4245 1246 4300 sulfocaus
1291 4258 1412 4297 eum
1466 4243 1626 4296 multa
1673 4257 1791 4296 cmn
1833 4241 2144 4295 crudelitate

564 4354 728 4411 atque
769 4337 1098 4394 immanitate
1154 4333 1445 4400 repetebat.
1480 4331 1571 4386 llis
1596 4332 1790 4385 auditis
1814 4332 2061 4385 dominus
2088 4332 2139 4383 iu

562 4446 833 4487 carcerem
870 4444 992 4483 eum
1018 4423 1266 4493 conjecit,
1297 4429 1352 4478 et
1374 4421 1515 4492 quod
1544 4422 1686 4491 prius
1714 4423 2016 4485 remiserat,
2044 4421 2142 4476 de-

561 4524 730 4576 bitum
769 4520 963 4574 denum
1011 4514 1234 4570 millium
1268 4514 1623 4575 talentorum,
1654 4512 1731 4567 illi
1759 4526 1944 4567 rursus
1967 4511 2142 4579 impo-

559 4620 686 4675 snt,
733 4620 787 4665 et
827 4609 916 4663 ille
956 4621 1068 4661 sua:
1122 4604 1175 4659 in
1227 4617 1544 4658 conservum
1589 4599 1918 4656 crudelitatis
1948 4614 2142 4671 pinnas

559 4698 728 4752 dedit.

634 4789 723 4843 η.
753 4789 819 4842 At
840 4796 893 4841 tu
915 4793 1112 4856 quanto
1140 4782 1474 4853 iniquiorillo
1499 4796 1562 4837 ac
1587 4781 1847 4854 stupidior
1871 4782 2108 4837 evaseris
2124 4823 2141 4849 ,

1267 323 1325 378 S.
1365 319 1641 378 JOANNIS
1676 308 2151 374 οιιιιγεοδτοιιι
2189 307 2507 369 ARCHIEP.
2547 310 3085 402 CONSTANTINOP.

3728 319 3829 377 εει

2248 432 2337 501 qui
2355 432 2614 487 adversus
2638 430 3152 501 lnimicosprecaris,
3166 430 3311 485 vide.
3332 430 3403 486 lll.
3434 430 3712 486 dommnm
3728 449 3831 489 nou

2248 523 2498 593 rogabat,
2528 534 2584 576 ut
2608 522 2858 577 denarios
2897 529 3112 577 Centum
3152 522 3558 592 repeteret,sed
3585 524 3699 592 ipse
3749 541 3833 580 re-

2248 612 2463 682 petebat
2480 621 2695 667 centum
2722 611 2969 666 denarios
2992 629 3007 665 :
3032 622 3086 665 tu
3103 626 3234 666 vero
3260 611 3540 666 Dominum
3565 612 3632 665 ad
3660 612 3836 680 imitu-

2245 706 2461 759 dentem
2483 718 2549 757 ac
2577 702 2894 772 prohibitam
2921 705 3289 773 repetitionem
3315 704 3636 759 cohortaris.
3666 707 3838 775 Atque

2247 794 2337 849 ille
2365 793 2578 863 quidem
2610 807 2715 846 non
2766 794 2817 846 in
2844 795 3015 848 oculis
3042 794 3243 849 domini
3266 836 3281 857 ,
3311 794 3405 849 sed
3460 794 3592 849 foris
3616 810 3839 850 conser-

2253 899 2376 936 vum
2408 882 2694 937 suﬂocabat
2718 898 2733 936 :
2758 892 2812 937 at
2842 896 2896 939 tu
2925 885 2976 937 in
3004 885 3121 953 ipso
3146 894 3384 954 tempore
3400 886 3667 939 orationis
3692 898 3842 939 stans

2247 989 2427 1029 coram
2474 974 2621 1045 Rege
2652 975 2701 1029 id
2734 974 2882 1030 lacis.
2927 975 3080 1044 Quod
3104 976 3151 1032 si
3180 977 3272 1033 ille
3308 992 3429 1033 cum
3455 993 3631 1046 neque
3660 964 3841 1031 dami-

2248 1080 2376 1119 num
2429 1064 2497 1119 ad
2540 1048 2891 1136 repetendum
2939 1077 3084 1121 esset
3132 1065 3411 1127 hortatus.
3452 1076 3509 1121 et
3557 1077 3839 1136 postquam

2247 1170 2494 1226 egressus
2521 1156 2731 1223 fuisset,
2758 1157 2860 1212 ltoc
2881 1157 3102 1223 faceret,
3134 1157 3334 1212 nullam
3356 1167 3440 1213 est
3466 1159 3682 1212 veniam
3704 1172 3841 1211 eon-

2246 1258 2504 1319 scquutus
2525 1290 2541 1313 ,
2575 1257 2629 1302 tu
2656 1249 2743 1317 qui
2773 1249 3057 1304 Dominum
3100 1248 3168 1304 ad
3194 1248 3331 1305 hanc
3360 1250 3579 1304 vetitam
3608 1250 3842 1304 solutio-

2248 1356 2370 1396 nem
2419 1340 2755 1409 im’pelli's.ot
2800 1341 2851 1394 in
2875 1339 2989 1409 eius
3037 1349 3329 1409 conspectu
3379 1339 3493 1394 bazc
3532 1340 3650 1410 agis
3674 1379 3693 1402 .
3730 1355 3842 1411 quo

2248 1447 2355 1486 non
2391 1430 2674 1500 supplicio.
2705 1445 2889 1499 qua-so
2908 1470 2923 1496 ,
2949 1429 3330 1485 muletaberis?
3356 1431 3425 1484 At
3468 1428 3837 1484 inﬂammatur

2246 1520 2458 1579 animus
2486 1530 2608 1575 tuus
2634 1519 2712 1574 ira
2742 1536 2809 1574 ex
2844 1518 3214 1575 recordatione
3243 1518 3532 1574 inimicitia:
3555 1562 3571 1585 ,
3598 1530 3654 1574 et
3695 1521 3842 1573 intu-

2248 1612 2457 1677 mescit,
2485 1618 2539 1665 et
2565 1625 2663 1665 cor
2679 1621 3165 1678 commoveturtac
3205 1609 3333 1664 dum
3362 1617 3595 1678 accepta:
3623 1606 3845 1677 injuriae

2248 1673 2557 1762 meministi,
2588 1696 2750 1751 animi
2781 1706 3044 1751 tumorem
3058 1673 3179 1750 ἳιοιι
3207 1703 3363 1767 potes
3390 1673 3696 1766 reprimere
3704 1698 3730 1750 Υ
3759 1696 3841 1751 Tu

2244 1805 2380 1844 vero
2408 1788 2493 1845 isti
2522 1801 2735 1857 oppone
2759 1786 3223 1842 excandescentia:
3254 1794 3593 1855 peccaturum
3622 1797 3838 1842 tuorum

2248 1879 2595 1943 memoriam,
2643 1892 2708 1932 ac
2752 1877 2914 1931 futuri
2963 1877 3151 1946 judicii
3205 1876 3475 1932 timorem.
3526 1875 3843 1933 Recordare

2246 1986 2406 2043 quam
2433 1970 2720 2025 multorum
2749 1968 2888 2038 apud
2919 1968 3201 2023 Dominum
3233 1982 3359 2023 reus
3378 1967 3476 2033 sis.
3510 1975 3671 2037 teque
3698 1968 3840 2023 isto-

2248 2079 2366 2118 rum
2394 2062 2630 2117 omnimn
2662 2061 2833 2131 pinnis
2857 2059 3146 2116 obnoxium
3172 2073 3317 2126 esse.
3340 2069 3451 2113 tum
3476 2060 3703 2114 omnino
3724 2074 3840 2115 meo

2249 2163 2336 2209 tus
2361 2155 2461 2208 iste
2491 2152 2819 2207 iracundiam
2848 2151 2991 2206 illam
3022 2150 3231 2217 vincet,
3260 2148 3693 2222 quandoquidem
3723 2150 3843 2206 lucc

2246 2259 2460 2315 quoque
2485 2243 2673 2313 passio
2701 2242 2857 2312 longe
2879 2237 2962 2297 est
2989 2242 3076 2296 illa
3100 2242 3386 2311 potentior.
3414 2240 3724 2297 Recordare
3751 2256 3847 2311 go-

2250 2337 2442 2391 bennte
2468 2350 2745 2405 ptenarum
2783 2333 3257 2404 acsuppliciorutn
3284 2343 3525 2402 tempore
3547 2333 3840 2401 orationis,

2247 2440 2309 2480 ac
2356 2441 2425 2480 ne
2453 2424 2506 2479 in
2537 2435 2770 2480 mentem
2808 2425 3023 2494 quidem
3063 2424 3242 2479 veniet
3288 2423 3555 2479 inimicus.
3606 2422 3845 2480 (‘mttere

2248 2516 2485 2570 animum
2519 2527 2687 2581 tuum,
2717 2526 2950 2570 merrtem
2981 2515 3195 2569 humilia
3226 2524 3436 2570 tuorum
3462 2516 3844 2573 recordatione

2248 2606 2565 2661 delictorum
2585 2646 2598 2666 ,
2627 2621 2692 2659 ac
2720 2621 2785 2660 ne
2808 2605 3104 2659 molestiam
3131 2604 3345 2676 quidem
3370 2606 3530 2659 ullam
3557 2606 3835 2661 iracundia

2249 2697 2546 2753 exhibebit.
2576 2696 2679 2752 Sed
2712 2697 2811 2751 hoc
2835 2696 2963 2751 illud
3010 2705 3127 2763 est,
3158 2698 3299 2752 unde
3344 2707 3534 2752 cuneta
3567 2700 3711 2753 mala
3741 2716 3842 2756 na-

2248 2796 2487 2853 scuntur,
2517 2786 2659 2857 quod
2688 2788 2739 2840 in
2779 2786 3005 2847 aliorum
3036 2787 3252 2857 quidem
3308 2795 3522 2855 peccata
3554 2788 3842 2858 diligenter

2251 2877 2615 2947 inquiramns,
2643 2888 2825 2930 nostra
2857 2892 2983 2932 vero
3031 2877 3361 2947 negligenter
3383 2876 3673 2931 admodum
3697 2894 3811 2948 pne
3829 2912 3843 2923 -

2252 2977 2541 3022 tercamus.
2586 2970 2653 3021 At
2694 2969 3021 3022 contrarium
3064 2967 3327 3037 agendum
3371 2977 3555 3022 esset:
3588 2970 3840 3037 proprio-

2249 3073 2365 3113 rqu
2395 3056 2607 3125 quidem
2660 3072 2951 3126 numquam
2998 3057 3421 3112 obliviscendum
3446 3066 3623 3119 esset,
3666 3059 3841 3113 aliena

2249 3164 2534 3219 numquam
2562 3158 2831 3217 oporteret
2853 3158 3031 3204 mente
3055 3164 3291 3204 versare.
3318 3148 3370 3203 ld
3398 3148 3443 3203 si
3472 3149 3756 3213 faciamus,
3787 3160 3842 3205 et

2252 3240 2395 3295 Deus
2421 3240 2680 3308 propitius
2710 3240 2862 3294 nobis
2903 3241 3039 3305 erit,
3068 3249 3125 3296 et
3150 3241 3435 3295 immortali
3475 3241 3601 3295 odio
3656 3244 3840 3310 prusi-

2252 3346 2397 3386 tnum
2437 3330 2685 3400 prosequi
2714 3331 3023 3385 desinemus
3046 3370 3060 3392 ,
3084 3339 3140 3384 et
3162 3331 3365 3384 nullum
3393 3346 3645 3399 umquam
3670 3332 3841 3386 babe-

2249 3425 2422 3477 bimus
2445 3422 2733 3475 inimicum.
2754 3422 2905 3487 Quod
2933 3433 2987 3475 et
3012 3422 3055 3475 si
3087 3422 3301 3489 quando
3323 3421 3637 3483 habeamus,
3656 3422 3840 3476 odium

2246 3516 2353 3567 cito
2379 3512 2729 3581 duponcmus.
2754 3522 2807 3565 et
2827 3513 3055 3566 celerem
3088 3525 3428 3581 “secuturum
3459 3513 3672 3566 veniam
3700 3513 3841 3567 obti-

2248 3604 2513 3659 nebimus.
2545 3604 2673 3657 Nam
2713 3602 3162 3673 quemadmodum
3192 3604 3237 3655 is
3256 3643 3272 3669 ,
3301 3603 3390 3672 qui
3418 3614 3761 3672 acceptarum
3807 3620 3837 3656 a

2248 3698 2491 3767 proximo
2546 3696 2857 3763 injttriarum
2892 3711 3100 3748 memor
3122 3704 3206 3749 est
3231 3736 3244 3757 ,
3281 3694 3473 3749 dimitti
3504 3709 3692 3769 pauos
3736 3696 3839 3754 tui-

2248 3786 2392 3840 nime
2421 3786 2568 3851 sinit,
2586 3800 2718 3854 quas
2739 3785 2850 3838 suis
2881 3785 3112 3853 peccatis
3141 3800 3377 3846 metetur
3409 3810 3423 3843 :
3454 3792 3523 3844 ita
3548 3792 3639 3861 qui
3671 3793 3739 3846 ab
3762 3793 3836 3845 ira

2248 3878 2501 3933 immunis
2526 3886 2644 3941 est.
2670 3880 2779 3937 cito
2824 3877 2982 3937 etiam
3014 3882 3267 3938 immunis
3294 3885 3396 3938 erit
3433 3898 3463 3937 a
3492 3884 3749 3952 peccatis.
3783 3885 3837 3939 Si

2247 3969 2388 4029 enim
2416 3984 2515 4027 nos
2544 3968 2806 4042 improbi,
2836 3984 2886 4029 et
2921 3989 3012 4029 me
3042 3975 3337 4029 servientes
3357 4014 3372 4039 ,
3402 3973 3474 4027 ob
3496 3973 3587 4029 Dei
3619 3976 3841 4027 manda-

2251 4073 2360 4118 tum
2394 4054 2581 4119 omnia
2614 4065 2666 4118 in
2718 4078 2817 4119 nos
2869 4066 3154 4119 commissa
3205 4075 3421 4133 peccata
3460 4063 3789 4132 despicimus
3823 4083 3837 4119 :

2251 4157 2420 4212 multo
2467 4158 2635 4227 magis
2684 4156 2947 4226 benignus
2987 4172 3047 4209 ac
3082 4157 3253 4211 bonus
3292 4155 3549 4210 Dominus
3575 4197 3588 4216 .
3615 4170 3740 4209 cum
3772 4156 3842 4210 ab

2249 4248 2393 4302 omni
2426 4248 2824 4318 perturbatione
2847 4248 2916 4301 sit
2947 4264 3131 4316 purus.
3161 4248 3352 4301 delicta
3382 4258 3565 4300 nostra
3586 4245 3842 4302 dissimu-

2249 4340 2412 4401 labit,
2444 4346 2498 4393 et
2526 4332 2829 4393 nostrorum
2855 4339 3171 4393 remissione
3214 4347 3576 4406 pix-calorum,
3621 4336 3843 4391 exhibi-

2251 4437 2359 4482 tam
2405 4427 2648 4497 proximo
2692 4430 2997 4483 comitatem
3036 4438 3091 4483 et
3116 4426 3497 4482 lunnanitatem
3526 4441 3845 4481 remunera-

2250 4518 2408 4573 bitur.
2462 4518 2632 4585 Quam
2701 4520 2901 4573 utinam
2956 4519 3110 4574 nobis
3153 4518 3401 4573 omnibus
3446 4519 3673 4586 assequi
3713 4532 3851 4573 eon-

2250 4609 2438 4678 tingat,
2465 4609 2633 4679 gratia
2662 4618 2717 4665 et
2741 4610 3065 4680 benignitate
3097 4610 3304 4664 Domini
3330 4609 3496 4663 nostri
3525 4607 3654 4663 Jesu
3683 4608 3849 4664 Chri-

2250 4698 2352 4761 sti,
2384 4698 2468 4752 cui
2503 4698 2673 4768 gloria
2715 4706 2771 4754 et
2812 4698 3093 4768 imperium
3148 4700 3199 4753 in
3249 4698 3443 4753 swcula
3488 4698 3843 4754 saeculorum.

2252 4789 2445 4842 Amen.

559 5058 685 5103 NON
728 5054 1059 5100 OPORTEIE
1102 5051 1458 5105 QUEMQULI
1513 5052 1596 5093 DE
1665 5050 1875 5094 SBIPSO
1944 5052 2138 5095 DESPE

2248 5055 2309 5095 ιε
2348 5040 2375 5109 ,⁷
2411 5054 2539 5098 w'r
2579 5054 2815 5098 rusces
2854 5054 3102 5097 count
3162 5052 3451 5097 tututcos
3509 5052 3826 5096 sumens

640 5158 766 5201 w'r
807 5153 1008 5198 ηιΜο
1051 5152 1389 5205 υειτιοειιις,
1435 5149 1710 5202 QUAMVIS
1752 5150 1983 5195 versus
2030 5151 2142 5195 nos

2248 5154 2535 5212 CCIPIAT;
2582 5155 2662 5197 ET
2706 5155 2787 5202 ΑΙ)
2830 5153 3104 5199 ιιιΑιιιτοε
3149 5154 3233 5197 D3
3277 5153 3435 5197 PACE
3478 5152 3643 5197 ERGA
3672 5150 3851 5195 ῦιο-

642 5258 677 5297 R
687 5255 753 5298 ES
794 5251 1071 5297 CONSE‘RV
1082 5250 1273 5294 ANDA.

1923 5397 2160 5408 ———__

636 5505 688 5557 ί.
746 5500 961 5555 Fructus
1002 5513 1287 5552 sermonum
1323 5505 1471 5549 antea
1497 5495 1801 5548 habitorum.
1836 5494 2145 5549 Publicanus

560 5594 706 5648 limes
731 5591 937 5643 ultimus
970 5588 1195 5641 malitia.
1226 5614 1295 5626 —-
1337 5584 1553 5654 Magnas
1578 5584 1726 5639 Vobis
1767 5599 1867 5655 ago
1902 5585 2100 5655 gratias
2126 5626 2142 5648 ,

556 5681 703 5748 quod
722 5694 842 5736 cum
869 5678 1031 5733 animi
1057 5677 1327 5733 alacritate
1351 5674 1563 5731 habitos
1580 5674 1647 5731 de
1663 5675 1905 5746 precibus
1930 5688 2136 5730 sermo-

2166 5385 2259 5426 βο

2267 5400 2516 5413 -—————_..

2252 5512 2347 5552 nes
2395 5498 2474 5567 (α)
2513 5500 2859 5569 exceperitis,
2890 5501 3033 5572 quod
3078 5501 3293 5558 beatum
3343 5516 3429 5555 me
3475 5499 3846 5557 reddideritis.

2312 5698 2386 5762 (α)
2410 5699 2773 5766 αιιτειοδιοιιιιιε
2794 5711 3051 5765 sertuones
3073 5698 3137 5749 de
3154 5698 3384 5762 precibus
3403 5696 3657 5747 lumen-nt.
