4074 6392
581 301 688 360 365

581 423 761 494 μόνον,
796 416 939 476 ’άλλά
962 419 1072 478 ’καὶ
1112 421 1204 491 6'9"
1243 412 1319 478 ὧν
1354 423 1644 488 ποιοῦντας
1674 419 1835 489 εἶδον,
1870 423 2149 494 ἐπείσθην.

577 512 729 587 [555]
759 515 888 568 Ὂτε
933 514 1042 587 γάρ
1072 501 1199 585 ὑμῖν
1233 517 1506 587 παρῄνουν
1536 517 1612 588 μὴ
1652 515 2012 585 κατεύχεσθαι
2045 515 2155 569 τῶν

577 606 809 678 ἐχθρῶν,
840 607 942 679 και
968 605 1152 674 ἔλεγον
1178 607 1260 660 ὅτι
1292 607 1383 659 τὸν
1413 607 1548 661 Θεὸν
1586 605 1961 678 παροξύνομεν
1997 604 2155 658 τοῦτο

576 699 885 759 ποιοῦντες,
917 697 1009 750 καὶ
1042 698 1562 769 άντινομοθετοῦμεν
1610 698 1758 768 αὐτῷ
1795 699 1812 767 (
1842 697 2005 760 αὐτὸς
2043 699 2153 768 γάρ

575 783 751 849 εἶπεν,
769 787 1047 856 Ἐὔχεσθε
1075 787 1228 854 ὑπὲρ
1263 786 1382 841 τῶν
1408 788 1657 857 ἐχθρῶν,
1689 792 1853 860 ἡμεῖς
1882 789 1938 842 δὲ
1965 806 2154 843 κατευο

579 879 801 951 χόμενοι
827 879 938 931 τῶν
961 880 1192 950 ἐχθρῶν,
1216 881 1476 952 ἀξιοῦμεν
1495 882 1656 935 αὐτὸν
1672 882 1760 934 τὸν
1778 881 1972 934 ἑαυτοῦ
1993 881 2151 936 λῦσαι

568 970 796 1039 νόμον),
833 969 921 1021 ὅτε
957 967 1052 1022 οὖν
1081 968 1253 1024 ταῦτα
1285 973 1379 1025 καὶ
1413 972 1480 1025 τὰ
1511 969 1735 1024 τοιαῦτα
1767 972 1985 1042 ἔλεγον,
2019 972 2150 1026 πολ-

572 1059 694 1121 λοὺς
727 1059 787 1112 ἐν
827 1061 956 1129 ὑμῖν
987 1055 1126 1113 εἶδον
1158 1061 1424 1131 πρόσωπα
1463 1062 1766 1126 τύπτοντας
1798 1063 1894 1116 καὶ
1938 1065 2110 1134 στήθη
2130 1103 2147 1126 ,

570 1151 929 1215 στενάζοντας
960 1151 1188 1220 πικρῶς,
1217 1152 1294 1213 εἰς
1319 1151 1408 1205 τὸν
1436 1152 1663 1222 οὐρανὸν
1679 1151 1776 1216 16;
1808 1154 1996 1223 χεῖρας
2016 1154 2149 1207 ἀνα-

567 1243 864 1306 τείνοντας,
905 1241 1235 1312 συγγνώμην
1266 1241 1558 1307 αἰτοῦντας
1589 1242 1716 1314 περὶ
1749 1241 1858 1295 τῶν
1891 1242 2148 1295 τοιούτων

563 1333 767 1402 εὐχῶν.
789 1334 923 1386 Τότε
943 1335 999 1387 δὲ
1022 1335 1114 1388 καὶ
1136 1333 1246 1402 ἐγὼ
1261 1333 1384 1396 τοὺς
1397 1333 1707 1403 ὀφθαλμοὺς
1723 1335 1802 1397 είς
1821 1333 1909 1387 τὸν
1921 1334 2149 1405 οὐρανὸν

569 1426 875 1488 ἀνατείνας,
914 1426 1294 1497 ηὐχαρίστησα
1320 1423 1396 1493 τῷ
1424 1424 1561 1494 Θεῷ,
1601 1425 1682 1478 ὅτι
1712 1424 1852 1479 οὕτω
1881 1425 2092 1495 ταχέως
2119 1427 2148 1478 6

571 1513 722 1581 λόγος
767 1516 864 1584 τῆς
921 1515 1273 1577 διδασκαλίας
1321 1514 1413 1567 τὸν
1468 1515 1680 1584 καρπὸν
1739 1516 1870 1585 ἡμῖν
1922 1515 2143 1585 ἧνεγκε.

568 1604 819 1658 Τοιοῦτον
859 1607 965 1676 γὰρ
1019 1607 1047 1658 6
1099 1607 1300 1676 σπόρος
1352 1607 1381 1657 6
1427 1607 1827 1676 πνευματικός
1865 1607 1924 1658 οὐ
1977 1606 2148 1660 δεῖται

567 1697 856 1761 ἐνιαυτῶν,
887 1699 1005 1751 οὐδὲ
1045 1697 1274 1770 χρόνων,
1313 1699 1435 1752 οὐδέ
1492 1697 1734 1768 ἡμερῶν,
1763 1697 1898 1751 άλλά
1927 1698 1991 1752 ἂν
2023 1700 2148 1751 ἐπι-

564 1785 797 1856 λάϐηται
834 1786 1014 1856 ψυχῆς
1045 1788 1335 1854 γενναίας,
1372 1787 1579 1850 εὐθέως
1613 1788 1703 1839 τὸν
1737 1787 1936 1858 στάχυν
1977 1787 2151 1857 ἀκμά·

565 1877 727 1939 ζοντα
773 1880 867 1931 καὶ
916 1879 1330 1948 άπηρτισμένον
1371 1879 1646 1931 δείκνυσιν
1675 1895 1689 1908 ·
1729 1879 1756 1931 ὂ
1796 1879 1852 1931 δέ
1895 1879 1987 1931 καὶ
2021 1880 2148 1948 χθὲς

562 1967 782 2035 γέγονεν
806 1968 895 2037 ὑφ’
925 1969 952 2020 ὐ
963 1969 1099 2038 μῶν.
1146 1967 1452 2022 Κατέϐαλον
1478 1969 1634 2035 λόγον
1661 1968 2023 2045 κατανύξεως,
2055 1971 2146 2022 καὶ

564 2059 861 2131 ἐϐλάστησε
895 2059 1195 2130 στεναγμὸς
1223 2059 1661 2130 ὲξομολογήσεως
1685 2104 1698 2126 ,
1728 2062 2026 2130 στεναγμὸς
2055 2080 2146 2115 πο-

567 2153 660 2205 λὺν
689 2151 829 2220 ἔχων
860 2151 949 2204 τὸν
977 2151 1206 2204 πλοῦτον
1228 2151 1334 2204 τῶν
1365 2150 1605 2218 ἀγαθῶν.
1637 2152 1698 2203 Εἰ
1729 2151 1878 2221 γάρὸ
1909 2151 2148 2222 τελώνης

567 2245 800 2307 ἐκεῖνος,
832 2243 920 2297 ἵνα
948 2244 1008 2296 τὸ
1038 2243 1231 2313 στῆθος
1264 2243 1484 2295 τύπτων
1522 2244 1674 2315 εἴπῃ,
1712 2243 2017 2310 ’ἱλάσθητί
2041 2260 2144 2312 μοι

564 2330 639 2396 τῷ
664 2332 990 2401 ἀμαρτωλῴ
1011 2373 1024 2396 ,
1062 2333 1272 2403 ἀπῆλθε
1298 2334 1718 2404 δεδικαιωμένος
1752 2335 1888 2406 ὑπὲρ
1917 2336 2009 2388 τὸν
2035 2336 2143 2386 Φα-

553 2428 791 2495 ρισαῖον,
826 2426 998 2495 πόσην
1027 2426 1172 2489 είκὸς
1199 2428 1347 2497 ἡμᾶς
1377 2427 1682 2496 κτήσασθαι
1716 2428 2051 2499 παρρησίαν,
2080 2429 2138 2479 ἐν

555 2517 751 2586 βραχεῖ
789 2515 966 2586 χρόνῳ
1020 2517 1288 2588 τοσαύτην
1323 2518 1612 2583 κατάνυξιν
1654 2518 2134 2588 ἐπιδειξαμένους;

552 2605 751 2657 Καίτοι
780 2602 1012 2656 τελώνου
1037 2607 1219 2676 χεῖρον
1238 2605 1391 2658 οὐδέν
1412 2621 1423 2632 ·
1457 2599 1610 2667 οὗτος
1635 2605 1743 2675 γὰρ
1765 2606 1990 2676 ἔσχατος
2021 2608 2146 2677 ὅρος

561 2694 758 2757 κακίας
806 2694 973 2747 ἐστίν’
1021 2694 1158 2764 ὅπερ
1197 2690 1290 2755 οὖν
1324 2694 1419 2747 καὶ
1451 2697 1480 2748 6
1514 2694 1746 2766 Χριστὸς
1793 2696 2142 2766 παραδηλῶν,

561 2785 642 2846 εἰς
667 2783 1018 2854 παράδειγμα
1045 2785 1151 2836 τῶν
1186 2785 1432 2853 ἐσχάτων
1460 2783 1645 2840 κακῶν
1677 2785 1776 2850 τὰς
1811 2786 2015 2855 πόρνας
2049 2789 2143 2840 καὶ

560 2875 686 2937 τοὺς
713 2874 949 2939 τελώνας
988 2877 1112 2944 άγει
1144 2877 1403 2947 συνεχῶς.
1451 2879 1986 2950 Πεπαρρησιασμένη
2034 2880 2142 2950 γάρ

561 2967 677 3018 ἐστι
717 2965 839 3036 βία,
876 2967 1268 3036 άνεπιτίμητος
1298 2967 1552 3038 ἁρπαγὴ,
1599 2969 1951 3039 ἀναίσχυντος
1983 2970 2144 3022 πλεο--

563 3054 741 3121 νεξίας
774 3055 995 3126 τρόπος,
1030 3056 1382 3127 πραγματεία
1424 3056 1584 3125 λόγον
1610 3059 1708 3110 οὐκ
1741 3059 1959 3129 ἔχουσα,
1983 3061 2140 3114 ἀναι-

560 3145 657 3217 δὴς
696 3147 970 3219 ἐμπορία⁹
1005 3147 1118 3200 ἀλλ’
1153 3149 1302 3217 ᾰμως
1334 3148 1362 3200 6
1389 3146 1664 3210 τοσούτοις
1694 3147 1870 3213 συζῶν
1918 3153 2105 3213 κακοῖς
2125 3190 2139 3213 ,

562 3237 779 3306 ῖσχυσεν
807 3236 915 3290 ἀπὸ
935 3236 1106 3307 ψιλῶν
1131 3237 1391 3308 ῥημάτων
1414 3237 1822 3307 ἀπορρίψασθαι
1851 3238 1920 3292 τά
1944 3239 2142 3311 ὀνείδη,

561 3331 656 3382 καὶ
697 3329 859 3382 πλέον
914 3321 990 3382 ῶν
1022 3329 1192 3400 ᾔτησε
1225 3328 1429 3382 λαϐεῖν.
1484 3328 1658 3389 Αὐτὸς
1690 3329 1789 3400 μὲν
1837 3331 1946 3402 γὰρ
1990 3331 2142 3400 ἠξίου

558 3423 752 3490 λέγων,
795 3420 1092 3488 Ἰλάσθητί
1105 3437 1208 3488 μοι
1241 3420 1320 3485 τῷ
1342 3419 1666 3488 ἁμαρτω.ζῷ
1690 3437 1703 3450 ·
1734 3421 1764 3473 6
1800 3420 1858 3474 δὲ
1884 3422 2015 3487 Θεὸς
2045 3425 2144 3494 οὐχ

559 3517 718 3579 ἵλεως
757 3516 937 3586 μόνον,
989 3513 1127 3568 ἀλλα
1179 3513 1274 3566 καὶ
1323 3513 1639 3565 ἐδικαίωσεν
1682 3514 1842 3568 αὐτὸν
1876 3516 2016 3587 ὑπὲρ
2048 3517 2143 3570 τὸν

548 3620 870 3688 ψαρισαῐον.
907 3614 1007 3668 Διὰ
1039 3613 1198 3668 τοῦτὸ
1225 3629 1390 3682 φησιν
1415 3613 1443 3664 6
1479 3613 1710 3678 Παῦλος⁸
1747 3614 1832 3681 Τῷ
1859 3615 1928 3670 δὲ
1956 3619 2141 3674 δυνα.

553 3719 716 3790 μένῳ
736 3717 932 3772 πάντα
953 3715 1202 3784 ποιῆσαι
1230 3713 1382 3784 ὑπὲρ
1405 3714 1471 3768 ἐκ
1498 3716 1792 3783 περισσοῦ
1828 3712 1916 3770 ὧν
1948 3723 2142 3777 αἰτού-

542 3825 707 3891 μεθα
736 3821 775 3887 ἣ
809 3820 1088 3887 νοοῦμεν.
1121 3817 1314 3871 Καίτοι
1341 3818 1370 3870 6
1393 3809 1923 3890 thapzaalx‘nbéam,
1955 3823 2051 3876 καὶ
2082 3823 2142 3876 ἐν

557 3916 635 3986 τῷ
673 3919 804 3992 ἱερῷ
855 3921 1019 3991 ἐστη,
1068 3922 1165 3974 καὶ
1216 3921 1308 3973 τὸν
1350 3918 1513 3974 αὐτὸν
1562 3919 1787 3974 ἐκάλεσε
1831 3920 1985 3986 Θεὸν,
2048 3923 2142 3976 καὶ

558 4020 778 4074 πλείονα
806 4017 925 4074 εἷπε
949 4022 1166 4093 ῥήματα
1195 4061 1208 4084 ,
1237 4023 1331 4076 καὶ
1353 4022 1461 4076 ἀπὸ
1493 4022 1840 4094 εὐχαριστίας
1873 4023 1932 4076 τὸ
1959 4025 2144 4094 προοί-

561 4138 684 4191 μιον
714 4121 1008 4189 ἐποιήσατο
1036 4121 1136 4190 τῆς
1159 4120 1343 4191 εὐχῆς.
1373 4120 1542 4174 Πόθεν
1570 4116 1662 4174 οῦν
1689 4122 1896 4186 ἐκεῖνος
1927 4123 2024 4193 μὲν
2049 4123 2142 4177 καὶ⁵

553 4229 590 4281 ἃ
623 4216 764 4292 εἶχεν
785 4221 1032 4276 ἀπώλεσε
1053 4220 1213 4286 καλά,
1241 4210 1397 4284 οὗτος
1419 4221 1474 4274 δὲ
1505 4222 1597 4276 καὶ
1630 4223 1696 4293 ἠν
1721 4221 1821 4276 οὐκ
1847 4220 1957 4294 εἶχε
1982 4243 2145 4298 προσ.

561 4322 721 4376 ἐλαϐε
745 4321 1087 4393 παρῤησίαν;
1125 4323 1247 4374 Ὀτι
1279 4321 1340 4374 οὐ
1366 4321 1464 4392 τῆς
1494 4321 1660 4392 εὐχῆς
1692 4324 1721 4376 6
1754 4322 1918 4387 αὐτὸς
1943 4325 2142 4397 τρόπος

559 4417 650 4490 ῆν.
692 4421 750 4474 ⁸0
777 4421 874 4490 μὲν
899 4420 1008 4492 γάρ
1035 4419 1350 4484 ἀλαζονείας
1378 4419 1541 4491 ἔγεμε
1569 4419 1662 4474 καὶ⁵
1693 4420 1863 4490 τύφου
1887 4425 1980 4477 καὶ
2007 4425 2142 4478 ἀπο-

556 4520 728 4584 νοίας,
757 4515 909 4583 οὗτος
938 4519 995 4572 δὲ
1026 4519 1447 4590 εὐγνωμοσύνης
1475 4517 1699 4591 πολλῆς
1737 4519 1826 4574 διὰ
1853 4520 2013 4577 τοῦτο
2045 4516 2142 4577 οὗ-

558 4637 650 4682 τος
702 4621 799 4690 μὲν
837 4621 1006 4690 μυρία
1053 4621 1468 4692 ἁμαρτημάτων
1519 4621 1715 4695 φορτία
1763 4621 1921 4692 ἔχων,
1962 4624 2141 4680 πάντα

545 4719 824 4782 -άπέθετο,
860 4720 955 4773 καὶ
987 4719 1331 4791 δικαιοσύνην
1364 4719 1588 4774 ἐλαϐενο
1623 4723 1831 4786 ἐκεῖνος
1858 4721 1915 4776 δέ
1959 4724 2137 4797 πλήρη

555 4818 658 4890 τὴν
679 4816 811 4872 ναῦν
832 4818 1271 4888 κατορθωμάτων
1292 4819 1604 4889 ἀναγαγὼν,
1628 4821 1724 4875 καὶ
1747 4822 1873 4894 ἐλεη
1881 4823 2137 4895 μοσύνης,

553 4920 656 4974 καὶ
682 4919 933 4991 νηστείας
955 4961 971 4986 ,
1005 4919 1255 4994 καθάπερ
1281 4923 1388 4974 τινὶ
1418 4922 1661 4992 σκοπέλῳ
1693 4925 2042 4996 προσαράξας
2063 4926 2141 4998 τῷ

559 5021 660 5091 τῆς
693 5020 997 5086 κενοδοξίας
1024 5021 1118 5074 καὶ
1143 5022 1397 5086 ἀπονοίας
1431 5025 1756 5094 φρονήματι,
1792 5025 1851 5077 ἐν
1889 5025 2036 5098 αὐτῷ
2062 5027 2140 5098 τῷ

559 5118 739 5187 λιμένι
773 5119 833 5172 τὸ
863 5119 1116 5188 ναυάγιον
1139 5122 1396 5193 ὑπέμεινε
1419 5138 1433 5154 ο
1459 5122 1517 5175 τὸ
1545 5125 1655 5193 γὰρ
1685 5125 1743 5175 ἐν
1764 5123 1895 5196 εὐχῇ
1931 5124 2142 5197 ζημιω-

561 5217 739 5286 θῆναι,
768 5219 825 5271 ἐν
852 5218 1030 5289 λιμένι
1055 5222 1310 5290 ναυάγιόν
1353 5223 1498 5275 ἐστιν
1539 5223 1853 5292 ὑπομεῖναι.
1903 5224 2041 5278 Ἀλλ’
2076 5228 2138 5281 οὐ

568 5315 712 5384 παρὰ
744 5319 841 5390 τὴν
874 5318 1035 5388 φύσιν
1055 5321 1153 5392 τῆς
1183 5323 1348 5392 εὐχῆς
1376 5323 1534 5376 τοῦτο
1561 5324 1802 5392 γέγονεν,
1828 5324 1963 5379 ἀλλά
1989 5328 2139 5399 παρὰ

561 5411 660 5481 τὴν
689 5416 1003 5485 προαίρεσιν
1029 5419 1126 5486 τὴν
1156 5419 1342 5474 αὐτοῦ.

633 5511 700 5583 β’.
734 5515 898 5585 Ὁρᾷς
916 5517 1031 5581 πῶς
1045 5519 1143 5571 οὐκ
1164 5521 1325 5590 ἀρκεῖ
1341 5520 1475 5591 πρὸς
1493 5522 1767 5593 σωτηρίαν
1787 5525 1964 5596 ἡμῖνή
1982 5525 2134 5596 εὐχὴ,

561 5607 656 5662 ἐάν
695 5609 768 5682 μὴ
796 5616 970 5685 προσῇ
993 5615 1053 5668 τὸ
1079 5617 1196 5669 κατ’
1217 5618 1456 5682 ἐκείνους
1484 5618 1744 5685 εὔξασθαι
1763 5621 1886 5683 τοὺς
1917 5622 2133 5692 νόμους,

570 5709 935 5791 οὓςητέθειικεν
978 5714 1007 5767 6
1036 5716 1302 5786 Χριστός;
1353 5717 1514 5782 Τίνας
1559 5720 1615 5772 δὲ
1649 5719 1860 5774 τέθεικε
1903 5721 2132 5792 νόμους;

1291 313 1345 369 S.
1389 312 1672 368 JOANNIS
1709 314 2192 372 CIIRYSUSTOMI
2233 315 2549 372 ARCHIEP.
2591 314 3128 372 CONSTANTINOP.

3731 306 3837 368 568

2259 419 2410 495 [556]
2453 422 2625 493 Ὑπὲρ
2667 423 2775 476 τῶν
2813 421 3021 494 ἐχθρῶν
3070 421 3344 494 εὔχεσθαι,
3393 426 3487 478 καὶ
3534 425 3642 478 τῶν
3674 423 3838 479 πολλὰ

2255 512 2584 568 λυπούντων.
2617 516 2736 568 Κᾶν
2760 515 2836 586 μὴ
2858 513 3017 568 τοῦτο
3039 517 3304 586 ποιῶμεν,
3329 515 3680 586 ἀπολλύμεθα
3708 517 3842 569 πάνυ

2253 622 2381 670 τως·
2415 605 2508 658 καὶ
2541 606 2699 673 δῆλον
2729 608 2793 660 ἐκ
2823 605 2914 660 τοῦ
2956 606 3399 677 παραδείγματος
3436 607 3531 660 τοῦ
3563 607 3708 661 κατὰ
3751 607 3844 659 τὸν

2253 697 2561 768 Φαρισαῖον.
2600 697 2663 749 Εἰ
2706 697 2816 766 γάρ
2840 692 3015 760 οὗτος,
3048 697 3170 768 οὐχὶ
3200 697 3310 750 τῶν
3333 697 3542 768 ἐχθρῶν
3573 698 3843 763 κατευξά-

2257 805 2436 859 μενος,
2469 788 2604 842 άλλά
2633 787 2987 858 κενοδοξήσας
3036 787 3216 860 μόνον,
3252 786 3518 857 τοσαύτην
3549 788 3721 840 ἔδωκε
3757 787 3835 839 δί-

2252 897 2375 951 κην,
2418 881 2501 942 τίς
2553 880 2701 950 μένει
2748 879 2988 951 τιμωρία
3027 881 3154 943 τοὺς
3203 881 3443 950 μακροὺς
3480 880 3575 933 καὶ
3611 878 3844 941 πολλοὺς

2253 973 2392 1029 κατὰ
2435 971 2543 1026 τῶν
2587 971 2796 1042 ἐχθρῶν
2854 969 3236 1034 ἀποτείνοντας
3277 971 3501 1038 λόγους;
3537 970 3602 1023 Τί
3645 973 3841 1034 ποιεῖς,

2251 1065 2545 1136 άνθρωπε;
2586 1065 2824 1133 ἕστηκας
2853 1060 3180 1133 συγγνώμην
3210 1063 3376 1116 αἰτῶν
3407 1063 3844 1133 ἁμαρτημάτων,

2251 1157 2344 1211 καὶ
2374 1154 2545 1226 θυμοῦ
2575 1156 2802 1226 πληροῖς
2833 1156 2930 1227 τὴν
2973 1157 3208 1210 διάνοιαν
3235 1173 3250 1220 ;
3282 1155 3410 1208 Ὅτε
3453 1157 3676 1209 πάντων
3704 1157 3845 1225 ἡμε-

2254 1247 2524 1315 ρωτέρους
2552 1239 2688 1296 εἶναι
2737 1245 2842 1316 χρὴ
2865 1287 2880 1309 ,
2928 1247 3170 1315 Δεσπὸτῃ
3201 1245 3618 1313 διαλεγομένους
3645 1285 3660 1306 ,
3702 1245 3846 1313 ὐπέρ

2248 1339 2463 1392 οίκείων
2501 1336 2993 1407 πλημμελημάτων
3028 1335 3516 1407 παρακαλοῦντας,
3566 1335 3718 1388 ἔλεον
3751 1335 3844 1386 καὶ

2249 1427 2660 1498 φιλανθρωπίαν
2734 1426 2827 1478 καὶ
2902 1424 3234 1494 συγγνώμην
3313 1421 3572 1476 αἰτοῦντα
3587 1439 3633 1485 ς,
3721 1421 3843 1476 τότε

2248 1516 2627 1590 άγριούμεθα,
2669 1517 2762 1569 καὶ
2811 1515 2948 1585 πρὸς
2996 1513 3291 1584 θηριωδίαν
3330 1511 3696 1582 ἐκπίπτομεν,
3747 1511 3845 1563 καὶ

2249 1607 2472 1677 πικρίας
2503 1607 2562 1658 16
2590 1605 2766 1675 στόμα
2797 1603 3146 1676 πληροῦμεν;
3178 1605 3288 1656 Καὶ
3318 1604 3436 1667 πῶς
3466 1602 3836 1672 δυνησόμεθα,

2249 1697 2370 1750 είπέ
2395 1714 2504 1768 μοι,
2529 1697 2628 1764 τῆς
2659 1697 2933 1766 σωτηρίας
2969 1696 3265 1764 ἐπιτυχεῖν,
3295 1695 3478 1763 σχῆμα
3511 1693 3612 1762 μὲν
3647 1693 3842 1744 ἱκετῶν

2251 1789 2714 1862 προϐαλλόμενοι,
2754 1789 2974 1856 ῥήματα
3019 1787 3076 1838 δὲ
3119 1787 3376 1847 ἀπονοίας
3411 1786 3700 1856 φέροντες,
3749 1786 3842 1837 καὶ

2249 1880 2371 1934 καθ’
2415 1877 2622 1932 ἑαυτῶν
2655 1877 3047 1947 παροξύνοντες
3082 1876 3172 1928 τὸν
3222 1875 3536 1944 Aean-61m;
3573 1873 3843 1941 Εἰσῆλθες

2247 1973 2315 2025 16
2356 1973 2533 2024 οἰκεῖα
2577 1967 2916 2040 θεραπεῦσαι
2967 1966 3257 2037 τραύματα
3280 2007 3293 2029 ,
3323 1966 3440 2035 οὐχὶ
3468 1965 3534 2018 16
3574 1964 3670 2018 τοῦ
3704 1966 3843 2036 πλη.

2251 2064 2364 2116 σίον
2393 2060 2751 2133 χαλεπώτερα
2790 2057 3163 2129 ἐργάσασθαι·
3191 2057 3417 2126 ἱλασμοῦ
3450 2057 3640 2126 καιρός
3668 2059 3836 2116 ἐστιν,

2250 2154 2414 2221 εὐχῆς
2483 2151 2674 2221 καιρὸς
2744 2150 2838 2202 καὶ
2907 2147 3253 2217 στεναγμοῦ,
3317 2149 3436 2216 οὐχὶ
3495 2149 3687 2217 ὀργῆς·
3748 2147 3839 2199 δας

2248 2244 2451 2313 κρύων,
2501 2241 2620 2309 οὐχ).
2667 2237 2874 2308 θυμοῦ,
2918 2237 3261 2300 κατανύξεως
3292 2275 3305 2299 ,
3358 2237 3478 2305 οὐχὶ
3522 2238 3837 2307 ἀγανακτῇ.

2251 2351 2404 2395 σεως.
2457 2333 2522 2384 Τί
2556 2332 2805 2401 συγχέεις
2853 2330 2950 2398 τὴν
2983 2329 3170 2393 τάξιν;
3205 2330 3254 2380 τί
3305 2329 3487 2397 σαυτῷ
3534 2330 3840 2397 πολεμεῖς;

2245 2423 2297 2475 τί
2357 2420 2642 2481 καταλύεις
2703 2437 2796 2472 σου
2858 2419 2954 2489 τὴν
3008 2419 3329 2488 οἱκοδομήν;
3382 2419 3485 2470 Τὸν
3540 2418 3838 2488 εὐχόμενον

2247 2516 2353 2584 πρὸ
2381 2513 2488 2566 τῶν
2534 2510 2708 2564 ἄλλων
2735 2510 2988 2563 ἁπάντων
3024 2511 3229 2581 ἥμερον
3257 2510 3401 2579 ἔχειν
3569 2512 3836 2576 διάνοιαν,

2247 2602 2680 2672 κατεσταλμένον
2741 2601 2887 2665 νοῦν,
2946 2604 3416 2672 συντετριμμένην
3483 2603 3712 2671 καρδίαν
3745 2619 3759 2635 ο
3808 2605 3836 2657 6

2252 2688 2309 2741 δὲ
2351 2690 2460 2742 τῶν
2525 2688 2734 2759 ἐχθρῶν
2777 2688 3056 2741 καταϐοῶν
3108 2691 3208 2741 οὐκ
3265 2689 3330 2742 ἂν
3382 2691 3634 2762 δυνηθείη
3678 2692 3837 2746 τοῦτο

2246 2780 2586 2852 κατορθῶσαί
2620 2797 2772 2833 ποτε·
2823 2779 2996 2850 θυμοῦ
3043 2779 3150 2850 γάρ
3209 2782 3323 2834 ἐστι
3373 2781 3834 2854 πεπληρωμένος,

2246 2879 2339 2928 καὶ
2363 2876 2460 2944 οὐχ
2482 2869 2592 2936 οἷός
2616 2873 2676 2925 τέ
2699 2875 2846 2926 ἐστιν
2877 2885 2902 2913 ι
2934 2872 3078 2941 ἔχειν
3104 2873 3546 2944 κατεσταλμένην
3570 2875 3828 2930 διάνοιαν.

2315 2968 2406 3037 Μὴ
2432 2967 2609 3019 τοίνυν
2643 2963 3037 3034 κατευχώμεθα
3070 2963 3179 3016 τῶν
3233 2963 3463 3036 ἐχθρῶν,
3517 2964 3656 3017 ἀλλὰ
3703 2965 3832 3035 μηδὶ

2243 3059 2352 3110 τῶν
2408 3053 2847 3124 κατορθωμάτων
2881 3054 2989 3105 τῶν
3041 3053 3323 3124 ἡμετέρων
3377 3054 3828 3126 μνημονεύωμεν,

2244 3146 2332 3201 ἵνα,
2386 3145 2460 3216 μὴ
2520 3142 2784 3213 πάθωμεν
2828 3143 2966 3212 ὅπερ
3015 3143 3044 3194 6
3085 3143 3400 3212 Φαρισαῖος.
3449 3142 3666 3214 Ὥσπερ
3727 3144 3836 3216 τὰρ

2249 3236 2662 3308 ἁμαρτημάτων
2697 3234 3003 3304 μεμνῆσθαι
3026 3273 3040 3297 ,
3084 3233 3268 3297 καλὸν,
3301 3233 3448 3287 οὕτω
3477 3235 3835 3306 κατορθωμά-

2243 3347 2352 3383 των
2398 3329 2782 3398 ἐπιλελῆσθαι,
2818 3327 3002 3380 καλόν.
3036 3326 3192 3389 Τίνος
3241 3310 3463 3390 ἐνεκεν;
3498 3326 3623 3380 Ὅτι
3669 3328 3704 3396 η
3737 3328 3836 3396 μὲν

2243 3420 2352 3474 τῶν
2403 3419 2846 3490 κατορθωμάτων
2893 3418 3080 3488 μνήμη
3136 3416 3274 3487 πρὸς
3315 3417 3634 3481 ἀλαζονείαν
3685 3419 3835 3489 ἡμᾶς

2239 3511 2460 3582 ἐπαίρει
2479 3550 2496 3578 ,
2523 3511 2556 3581 ἡ
2579 3510 2634 3562 δὲ
2665 3509 2772 3562 τῶν
2805 3508 3218 3580 ἁμαρτημάτων
3255 3510 3442 3578 μνήμη
3475 3510 3835 3565 καταστέλλει

2243 3605 2341 3676 τὴν
2369 3603 2607 3658 διάνοιαν
2631 3603 2725 3656 καὶ
2751 3603 3013 3655 ταπεινοῖ’
3050 3599 3145 3652 καὶ
3171 3599 3355 3668 ἐκείνη
3392 3600 3494 3670 μὲν
3527 3601 3836 3671 ῥᾳθυμοτέ-

2249 3712 2374 3769 ρους
2413 3695 2588 3758 ποιεῖ,
2617 3692 2757 3765 αὐτη
2793 3691 2850 3746 δέ
2886 3690 3336 3762 σπουδαιοτέρους
3367 3691 3687 3762 ἐργάζεται.
3725 3694 3835 3746 Καὶ

2243 3789 2351 3860 γὰρ
2383 3789 2496 3842 ὅσοι
2538 3786 2704 3857 μηδὲν
2728 3787 3042 3856 νομίζουσιν
3084 3785 3230 3854 ἔχειν
3274 3783 3462 3846 καλὸν,
3491 3784 3835 3855 προθυμότε-

2246 3897 2329 3952 ροι
2362 3879 2603 3947 γίνονται
2640 3877 2778 3947 πρὸς
2804 3878 2866 3929 τὸ
2898 3875 3204 3947 κτήσασθαι
3231 3875 3302 3928 τά
3335 3874 3506 3930 καλά’
3535 3879 3583 3930 οί
3621 3877 3680 3930 δὲ
3707 3877 3835 3930 πολ-

2244 3969 2340 4041 λὴν
2375 3971 2588 4032 ἐαυτοῖς
2635 3966 3019 4021 ἀποτεθεῖσθαι
3062 3966 3160 4038 τὴν
3199 3967 3468 4038 ἐμπορίαν
3498 3968 3828 4038 ἡγούμενοι,

2246 4059 2574 4132 θαρροῦντες
2603 4061 2670 4132 τῇ
2703 4058 2907 4131 ταύτης
2935 4059 3243 4131 περιουσίᾳ,
3271 4059 3370 4113 οὐκ
3396 4059 3462 4113 ἂν
3492 4059 3697 4131 πολλὴν
3720 4062 3836 4114 ἐπιο

2243 4152 2508 4218 δείξαιντο
2558 4151 2792 4224 σπουδὴν
2852 4150 2989 4224 πρὸς
3040 4151 3108 4204 τὸ
3164 4151 3384 4205 πλείονα
3440 4153 3832 4222 περιλαϐέσθαι

2245 4242 2428 4296 πάλιν.

2315 4385 2388 4448 γ’.
2403 4379 2494 4452 Μὴ
2509 4379 2689 4432 τοίνυν
2712 4380 2955 4452 μνησθῇς
2973 4380 3081 4433 τῶν
3105 4380 3565 4453 κατορθωμάτων,
3586 4384 3675 4440 ῖνα
3695 4405 3829 4457 μνη-

2245 4471 2344 4544 σθῇ
2373 4472 2551 4526 αὐτῶν
2589 4473 2618 4525 ό
2663 4471 2812 4535 Θεός.
2847 4472 2999 4542 Λέγε
3032 4473 3174 4544 τὰρ,
3216 4475 3368 4545 φησὶ,
3400 4479 3506 4542 τὰς
3539 4477 3831 4547 ἁμαρτίας

2240 4579 2360 4618 σου
2407 4563 2677 4632 πρῶτος,
2705 4563 2807 4617 ἵνα
2857 4563 3193 4632 δικαιωθῇς.
3237 4565 3348 4618 Καὶ
3377 4565 3570 4620 πάλιν·
3613 4570 3700 4622 οὐ
3742 4569 3829 4639 μὴ

2234 4653 2486 4726 μνησθῶ
2507 4653 2627 4707 τῶν
2647 4653 2907 4723 ἀνομιῶν
2934 4670 3073 4720 σου,
3101 4655 3266 4727 φησί·
3290 4656 3372 4710 σὺ
3389 4643 3468 4709 ’δὲ
3492 4657 3825 4726 μνήσθητι.

2254 4744 2412 4798 Ἀλλά
2437 4744 2578 4808 τίνος
2597 4743 2786 4798 ῑνεκεν
2814 4744 2907 4798 τοῦ
2935 4745 3168 4800 τελώνου
3193 4745 3336 4801 οὕτω
3357 4747 3568 4818 ταχέως
3598 4751 3831 4822 ἐπήκου-

2244 4851 2334 4889 σεν
2363 4836 2391 4888 6
2419 4834 2570 4900 Θεὸς,
2600 4835 2691 4888 τὸν
2715 4835 2772 4889 δέ
2810 4836 2996 4889 Ἰσαὰκ
3029 4837 3241 4907 ἀφῆκεν
3263 4837 3467 4892 εἴκοσιν
3491 4839 3586 4910 ἐτη
3610 4841 3826 4895 δέεσθαι

2241 4927 2334 4981 καὶ
2371 4926 2705 4997 παρακαλεῖν
2745 4927 2907 4980 αὐτὸν
2939 4928 3068 4998 περὶ
3093 4929 3192 4998 τῆς
3227 4933 3481 4998 γυναικὸς
3509 4932 3701 4998 αὐτοῦ,
3735 4935 3829 4988 καὶ

2238 5017 2359 5071 τότε
2385 5017 2640 5073 ἐπένευσε
2664 5021 2785 5083 ταῖς
2815 5019 3004 5089 εὐχαῖς
3027 5020 3121 5073 τοῦ
3155 5020 3364 5074 δικαίου
3389 5040 3400 5084 ;
3436 5024 3678 5097 Ἀνάγκη
3720 5029 3827 5098 γάρ

2237 5110 2335 5182 τῆς
2357 5109 2482 5182 χθὲς
2495 5110 2840 5175 διδασκαλίας
2853 5111 3146 5166 ἀποδοῦναι
3163 5114 3290 5185 ὑμῖν
3311 5113 3380 5167 16
3394 5113 3647 5184 λείψανα.
3670 5117 3828 5181 Τίνος

2237 5195 2330 5253 οὗν
2354 5201 2538 5254 ἕνεκεν
2562 5201 2718 5255 τοῦτο
2739 5203 2959 5271 γέγονεν
2979 5220 2994 5266 ς
3019 5203 3140 5257 Ἴνα
3164 5205 3269 5257 ἀπὸ
3298 5205 3396 5275 μὲν
3418 5205 3529 5259 τῶν
3563 5209 3709 5260 κατᾶ
3734 5209 3828 5261 τὸν

2237 5292 2473 5365 τελώνην
2509 5295 2687 5367 μάθῃς
2720 5295 2818 5366 τὴν
2854 5297 3265 5368 φιλανθρωπίαν
3292 5298 3384 5351 τοῦ
3421 5301 3697 5362 Δεσπότου
3726 5319 3824 5354 τα-

2237 5383 2815 5455 χέωςέπακούσαντος,
2836 5385 2943 5438 ἀπὸ
2964 5385 3021 5441 δὲ
3046 5386 3152 5439 τῶν
3167 5389 3306 5441 κατὰ
3322 5388 3412 5440 τὸν
3439 5390 3622 5444 Ἰσαάκ
3646 5390 3826 5462 μάθῃς

2237 5475 2333 5546 τὴν
2364 5476 2638 5549 ὑπομονὴν
2671 5477 2761 5530 τοῦ
2789 5477 2976 5532 δούλου
3011 5479 3255 5552 βραδέως
3281 5480 3559 5546 λαϐόντος,
3597 5486 3690 5537 καὶ
3724 5485 3825 5537 οὐκ

2239 5564 2570 5630 ἀποστάντος
2603 5566 2700 5637 τῆς
2735 5567 3044 5638 ἱκετηρίας’
3088 5569 3195 5639 ἵνα,
3238 5571 3339 5624 κᾶν
3369 5572 3698 5644 ἁμαρτωλὸς
3734 5569 3821 5647 ᾖξ’

2302 5735 2328 5766 ⁸
2353 5735 2508 5786 Sam.
2547 5737 2635 5800 οὐχ
2657 5739 2753 5787 οῐόν
2777 5741 2829 5790 τέ
2861 5741 3009 5792 ἐστιν.
3038 5739 3108 5792 Ila
3136 5747 3190 5792 ει
3207 5741 3324 5794 Cod.
3350 5741 3458 5792 768.
