4074 6414
318 500 503 557 Beatus
529 501 728 572 quippe
747 542 763 567 ,
797 495 886 573 qui
910 510 1085 557 narrat
1114 502 1167 557 is
1192 508 1341 557 aures
1376 501 1689 555 audientium
1714 500 1903 573 (Eccli.

314 594 407 647 25.
437 592 552 662 12).
578 592 633 647 ld
659 592 787 647 mihi
820 610 924 648 non
954 610 1018 649 es
1052 594 1322 664 plausibus
1337 594 1652 649 laudibusve
1680 603 1906 661 tantum,

314 681 411 736 sed
439 691 497 737 et
524 696 591 737 es
614 682 681 738 iis
709 698 828 754 qua:
854 682 967 738 fieri
997 699 1026 737 a
1050 684 1205 739 vobis
1236 685 1520 740 cernebam
1542 726 1558 751 ,
1592 699 1906 754 persuasum

316 778 417 829 est.
448 770 581 829 Cum
606 773 782 840 enim,
815 784 872 829 ut
895 774 1153 831 adversus
1194 775 1437 831 inimicos
1463 786 1650 846 preces
1690 775 1904 833 minime

316 859 646 930 fundcrotis,
667 879 765 919 vos
791 863 1138 933 cohortarer,
1166 879 1230 921 ac
1255 866 1489 921 dicerem
1534 878 1632 921 nos
1651 906 1667 933 ,
1696 864 1824 921 dum
1855 867 1908 922 id

315 956 543 1025 agimus,
573 956 737 1013 Deum
767 957 981 1012 irritare
1001 999 1016 1024 ,
1042 973 1106 1014 ac
1144 960 1351 1031 legibus
1385 961 1502 1031 ejus
1536 962 1669 1016 alias
1692 972 1910 1017 contra-

318 1045 426 1100 rias
447 1044 759 1116 ferre(dixit
779 1048 920 1103 enim
953 1050 1085 1120 ipse,
1108 1049 1266 1105 Orate
1306 1067 1400 1120 pro
1432 1052 1648 1108 trtiuticis
1689 1050 1904 1125 [Mattio

317 1136 371 1191 5.
400 1135 512 1209 tl],
539 1146 596 1192 at
628 1153 727 1193 nos
750 1140 875 1193 dum
906 1141 1165 1197 adversus
1212 1142 1456 1199 inimicos
1495 1159 1744 1213 oramus,
1768 1146 1909 1213 peti-

316 1244 438 1283 mus
462 1231 529 1285 ab
555 1246 621 1286 eo
650 1241 707 1287 ut
734 1245 884 1288 suam
917 1234 1089 1305 legem
1112 1236 1226 1305 ipse
1251 1235 1573 1309 dissolvat),
1604 1251 1725 1292 cum
1751 1238 1909 1309 igitur

319 1320 432 1375 inec
453 1331 505 1375 et
524 1320 644 1376 talia
662 1321 918 1391 dicerem,
938 1326 1134 1381 multos
1152 1326 1291 1382 inter
1306 1328 1701 1388 vosocertteham
1718 1328 1908 1383 faciem

319 1412 679 1478 percutientes
703 1422 757 1468 et
776 1423 982 1485 pectus,
1000 1418 1233 1488 graviter
1259 1419 1692 1489 ingemiscentes,
1719 1434 1909 1473 manus

312 1501 371 1555 in
402 1502 591 1557 caelum
624 1506 905 1561 tendentes
924 1547 939 1572 ,
968 1508 1180 1563 veniam
1205 1523 1233 1562 a
1268 1509 1377 1564 Deo
1398 1519 1616 1580 propter
1644 1510 1908 1579 ejusmodi

311 1606 506 1661 preces
546 1593 687 1649 fusas
729 1597 1080 1665 postulantes.
1124 1599 1258 1655 Tum
1290 1617 1418 1657 vero
1461 1617 1559 1672 ego
1590 1602 1813 1657 sublatis
1854 1603 1905 1657 in

313 1678 507 1738 caelum
533 1686 700 1741 oculis
728 1686 835 1743 Deo
876 1689 1075 1758 gratias
1118 1692 1241 1762 egi,
1271 1692 1410 1763 quod
1454 1703 1559 1747 tam
1602 1696 1709 1748 cito
1754 1694 1909 1748 nobis

316 1775 574 1833 doctrina.-
600 1788 779 1835 sermo
809 1780 1033 1836 fructum
1050 1785 1388 1852 protulisset.
1422 1784 1497 1839 Ea
1527 1785 1725 1855 quippe
1748 1786 1909 1855 spiri-

317 1868 478 1923 tualis
499 1870 718 1924 seminis
766 1879 850 1925 est
882 1860 1165 1928 conditio:
1193 1890 1299 1928 non
1345 1878 1499 1929 annis
1540 1876 1775 1947 indiget,
1810 1892 1910 1932 nec

317 1959 667 2027 temporibus,
693 1976 791 2015 nec
814 1958 1024 2029 diebus,
1045 1963 1139 2018 sed
1161 1965 1203 2018 si
1225 1965 1455 2019 animam
1483 1980 1798 2036 generosam
1827 1966 1908 2020 in-

317 2051 514 2103 vaserit
534 2091 549 2115 ,
578 2052 858 2106 confestim
889 2054 1091 2122 spicam
1120 2056 1380 2110 virentem
1420 2066 1473 2111 et
1498 2056 1787 2125 perfectam
1818 2074 1906 2111 os~

319 2139 490 2194 tendit
518 2158 530 2195 :
564 2141 705 2211 quod
744 2151 797 2198 et
826 2158 855 2196 a
888 2144 1040 2200 vobis
1088 2146 1341 2200 hesterno
1386 2146 1472 2200 die
1502 2155 1774 2216 peractum
1802 2156 1905 2201 est.

316 2229 754 2299 Compunctionis
784 2248 1086 2289 sermonem
1115 2249 1414 2304 sparseram
1437 2274 1453 2301 ,
1472 2245 1526 2290 et
1555 2234 1909 2291 confessionis

316 2324 545 2389 gemitus
565 2322 902 2392 germinavit,
929 2326 1159 2392 gemitus
1190 2325 1383 2379 multas
1410 2326 1672 2379 bonorum
1695 2324 1907 2379 divitias

316 2424 499 2465 secum
554 2414 749 2467 ferens.
778 2413 908 2468 Nam
956 2415 1000 2469 si
1046 2414 1358 2485 publicanus
1406 2416 1524 2478 ille,
1557 2431 1677 2469 cum
1723 2425 1909 2485 pectus

318 2503 666 2573 percutienda
707 2504 963 2572 dixisset,
1013 2506 1280 2577 Propitius
1322 2519 1427 2562 esto
1476 2509 1599 2561 mihi
1655 2509 1909 2578 peccaturi

316 2593 469 2663 (Luc.
504 2597 591 2669 i8.
626 2597 740 2667 15),
774 2598 894 2667 plus
918 2614 1077 2669 quam
1128 2599 1429 2655 Pbarismus
1466 2600 1789 2668 justificatus
1815 2615 1907 2656 re-

316 2685 513 2763 cessit,
558 2697 811 2757 quantam
861 2689 959 2743 nds
989 2690 1126 2759 apud
1169 2690 1336 2745 Deum
1381 2691 1536 2745 nobis
1589 2691 1909 2749 conciliasse

315 2775 538 2845 gratiam
582 2779 871 2834 verisimile
913 2789 1025 2846 est,
1056 2792 1177 2836 cum
1228 2784 1363 2838 intra
1399 2783 1656 2853 perbreve
1699 2793 1910 2851 tempus

318 2874 517 2922 tantam
549 2872 1012 2939 compunctionem
1058 2874 1489 2930 ostenderimus?
1526 2875 1760 2930 Tametsi
1809 2892 1910 2944 pu-

315 2956 529 3012 blicano
555 2959 683 3015 nihil
708 2972 784 3016 est
819 2965 969 3033 pejus
1000 2982 1012 3019 :
1045 2981 1166 3020 cum
1192 2967 1237 3021 is
1268 2955 1625 3035 improbitatis
1654 2968 1809 3022 limes
1838 2969 1908 3022 sit

316 3046 577 3103 ultimus:
607 3053 750 3121 quod
783 3056 963 3123 utique
1003 3054 1245 3111 Christus
1272 3058 1512 3113 indicans
1556 3059 1609 3113 in
1637 3068 1907 3113 extremo-

310 3139 727 3195 rum-malorum
776 3145 1079 3214 exemplum
1132 3150 1447 3203 meretrices
1488 3163 1552 3204 ac
1594 3150 1907 3219 publicanos

313 3239 529 3312 semper
554 3229 606 3285 in
650 3232 889 3289 medium
927 3235 1161 3292 adducit.
1195 3238 1293 3294 Est
1333 3242 1473 3295 enim
1504 3240 1757 3296 violentia
1785 3256 1908 3312 quae

316 3310 485 3373 libere
535 3320 973 3395 conﬁdenterque
999 3336 1290 3396 grassatur,
1322 3329 1508 3400 rapiua
1553 3331 1672 3387 sine
1720 3310 1907 3402 repre-

315 3403 578 3465 hensione
601 3450 616 3475 ,
645 3410 929 3483 impudens
962 3418 1198 3473 avaritia:
1225 3434 1415 3489 genus,
1447 3423 1737 3492 negotiatio
1760 3438 1792 3478 a
1820 3438 1908 3479 ra-

320 3496 469 3554 tione
495 3499 687 3568 aliena,
722 3503 957 3561 insolens
996 3517 1334 3565 mercatura:
1363 3520 1600 3568 attamen
1635 3512 1787 3583 isqui
1820 3513 1907 3568 in-

312 3592 399 3643 ter
427 3596 506 3644 tot
548 3591 685 3647 mala
713 3594 954 3663 vixerat,
988 3599 1146 3654 nudis
1166 3600 1345 3657 verbis
1391 3604 1560 3673 potuit
1589 3612 1668 3659 tot
1712 3605 1905 3674 probra

306 3677 526 3745 delere,
554 3695 619 3738 ac
643 3683 795 3754 plura
823 3701 981 3757 quam
1012 3691 1309 3760 postularat
1334 3690 1601 3763 accipere.
1622 3692 1760 3749 Nam
1807 3710 1905 3765 pe-

314 3769 473 3827 tia’at
491 3772 706 3842 quidem
733 3775 842 3842 ille,
879 3777 1143 3850 Propitius
1162 3791 1269 3836 esto
1293 3782 1419 3837 mihi
1440 3786 1688 3850 percntari
1714 3827 1731 3852 ,
1762 3785 1907 3842 Deus

311 3868 491 3918 autem
517 3877 624 3920 non
652 3868 912 3938 propitius
937 3879 1139 3926 tantum
1171 3871 1302 3939 fuit,
1331 3874 1425 3929 sed
1454 3876 1615 3931 etiam
1639 3877 1789 3933 illum
1817 3893 1907 3934 su-

314 3967 410 4022 pra
437 3952 763 4015 Pharisaeum
788 3959 1119 4031 instillavit.
1150 3964 1439 4037 Propterea
1469 3969 1640 4041 inquit
1667 3970 1864 4027 Paulus
1888 3989 1903 4028 :

310 4041 383 4099 li
407 4055 578 4102 autern
596 4089 614 4115 ,
639 4052 727 4122 qui
778 4061 938 4123 potest
978 4058 1150 4111 omnia
1186 4059 1353 4129 facere
1397 4063 1903 4131 superabundanter,

310 4149 466 4207 quam
490 4139 739 4209 petitum,
767 4154 857 4198 aut
898 4146 1229 4219 intelligimus
1255 4149 1472 4223 (Epiros.
1501 4154 1556 4209 5.
1592 4154 1707 4225 20).
1744 4147 1905 4228 Atqui

312 4239 562 4297 precatus
586 4242 669 4288 est
688 4234 849 4292 etiam
881 4236 1182 4297 Pharisteus
1201 4283 1217 4307 ,
1246 4250 1302 4298 et
1335 4243 1388 4299 in
1416 4246 1614 4315 templo
1640 4248 1787 4302 stetit
1809 4288 1823 4313 ,
1850 4258 1906 4304 et

310 4318 563 4376 eumdem
592 4322 759 4380 Deum
785 4325 1086 4397 invocavit,
1117 4340 1169 4388 et
1194 4333 1345 4404 plura
1372 4336 1531 4393 verba
1563 4338 1829 4409 profudit,
1853 4349 1908 4396 et

310 4423 378 4465 es
396 4412 686 4481 gratiarum
709 4417 919 4475 actione
945 4423 1203 4480 orationis
1231 4427 1511 4484 exordium
1531 4431 1719 4486 texuit.
1754 4431 1906 4489 Unde

311 4494 473 4591 igitur
490 4500 686 4560 factum
714 4518 815 4576 est,
844 4520 901 4565 ut
927 4512 1017 4569 ille
1042 4515 1256 4585 quidem
1280 4533 1343 4574 ea
1372 4532 1492 4591 quae
1513 4520 1743 4579 habebat
1767 4524 1905 4579 bona

310 4589 623 4687 perdiderit,
655 4595 745 4654 hic
768 4612 947 4657 autem
974 4618 1093 4660 eam
1114 4609 1338 4679 gratiam
1364 4589 1427 4667 ac
1452 4612 1721 4683 fiduciam,
1744 4631 1903 4687 quam

310 4694 419 4739 non
446 4685 677 4745 habebat
698 4690 802 4747 sibi
828 4695 1237 4755 conciliaverit?
1261 4701 1417 4770 Quod
1442 4705 1693 4761 nimirum
1715 4685 1905 4765 orandi

310 4775 507 4869 modus
528 4778 668 4837 idem
699 4798 806 4840 non
830 4795 993 4843 esset.
1027 4788 1159 4846 Nam
1194 4791 1285 4849 ille
1311 4794 1530 4865 quidem
1550 4801 1870 4869 arrogantiae
1887 4841 1903 4867 ,

311 4865 501 4936 fastus,
526 4872 903 4947 superbiaeque
916 4886 1060 4934 totus
1076 4881 1275 4952 plenus
1291 4894 1428 4952 erat,
1448 4884 1537 4942 hic
1562 4865 1703 4943 vero
1722 4865 1906 4945 multa:

311 4958 594 5027 probitatis
619 4972 676 5018 et
716 4967 981 5037 aequitatis
1014 4987 1027 5023 :
1062 4971 1264 5029 idcirco
1308 4973 1435 5031 licet
1477 4975 1565 5031 hic
1610 4976 1906 5037 innumeris

311 5060 650 5120 pacatorum
700 5058 931 5113 sarcinis
976 5072 1309 5131 gravaretur,
1346 5080 1539 5123 omnes
1589 5068 1827 5137 abiecit,
1854 5081 1909 5127 et

306 5140 569 5214 iustitiam
596 5150 906 5219 assumpsit;
936 5152 1024 5208 ille
1038 5163 1216 5211 autem
1234 5157 1328 5227 qui
1347 5158 1558 5228 plenam
1572 5168 1725 5217 recte
1743 5161 1907 5216 facto-

309 5243 453 5296 rum,
476 5230 939 5305 eleemosynarum
960 5278 973 5301 ,
998 5238 1345 5309 jejuniorum,
1371 5258 1564 5301 navem
1595 5246 1902 5316 reduxerat,

308 5325 579 5391 tamquam
609 5325 834 5395 scopulo
854 5327 1084 5399 cuipiam
1113 5331 1287 5388 inanis
1324 5334 1509 5405 gloria:
1534 5338 1906 5410 superbiaeque

308 5412 509 5501 tumori
530 5414 765 5471 rallidens
785 5418 837 5471 in
868 5418 985 5489 ipso
1009 5432 1165 5492 portu
1195 5424 1528 5497 naufragium
1552 5428 1709 5484 fecit:
1740 5429 1906 5501 siqui-

307 5500 435 5557 dem
463 5504 516 5558 in
564 5508 809 5563 oratione
835 5510 1092 5579 damnum
1124 5516 1267 5584 pati,
1297 5516 1349 5572 id
1376 5532 1505 5573 vero
1530 5527 1615 5575 est
1662 5520 1714 5575 in
1748 5500 1904 5591 portu

308 5592 645 5666 naufragium
671 5598 868 5657 facere.
893 5603 1011 5659 Non
1032 5614 1211 5663 tamen
1238 5609 1290 5664 id
1315 5626 1381 5666 ex
1404 5621 1591 5668 natura
1622 5612 1903 5684 orationis,

307 5684 403 5739 sed
427 5700 495 5741 ex
519 5687 673 5760 culpa
701 5692 988 5751 voluntatis
1013 5697 1131 5768 ejus
1154 5702 1351 5756 evenit.

378 5780 435 5836 ﬂ.
457 5779 777 5843 Prseatiom's
798 5790 978 5847 modus
999 5794 1130 5865 quis.
1161 5824 1225 5837 -
1260 5796 1421 5855 Vides
1459 5797 1526 5854 ad
1550 5798 1778 5859 salutem
1804 5816 1905 5860 ne-

1499 383 1635 443 NON
1679 384 1841 443 ESSE
1881 373 2418 440 DESPERANDUB.

2019 496 2103 553 bis
2125 497 2424 553 orationem
2473 506 2583 553 non
2608 494 2857 554 sufﬁcere
2877 540 2893 565 ,
2924 493 3033 554 nisi
3070 496 3231 555 simul
3274 513 3340 554 ex
3371 498 3577 569 legibus
3600 538 3617 564 ,

2017 600 2153 660 quas
2190 589 2311 644 tulit
2335 587 2615 654 Christus,
2643 590 2902 647 orenius?
2934 590 3079 659 Quas
3120 607 3282 661 porro
3334 592 3481 663 leges
3526 592 3617 651 ille

2018 679 2273 737 ιιιιὶιῖοι
2298 693 2398 752 pro
2426 679 2658 737 inimicis
2696 696 2943 750 oremus,
2980 684 3191 738 tametsi
3223 685 3406 739 multis
3446 685 3618 742 moch

2022 768 2137 825 stiis
2182 784 2284 824 nos
2329 768 2625 827 aﬂ'ecerint.
2660 773 2740 827 Ae
2780 772 2883 826 nisi
2930 771 3032 828 hoc
3058 781 3414 842 praestemus,
3456 774 3618 845 plane

2020 862 2297 932 perimus:
2330 862 2383 917 id
2430 863 2573 935 quod
2619 878 2686 919 ex
2716 863 2975 919 Pharisaei
3015 873 3228 920 constat
3251 868 3522 936 exemplo.
3561 866 3619 925 Si

2016 955 2161 1009 enim
2192 955 2292 1009 iste
2316 968 2440 1009 cum
2471 970 2576 1009 non
2606 946 2866 1011 adversus
2893 955 3136 1012 inimicos
3164 966 3395 1023 orasset,
3423 972 3611 1014 verum

2018 1046 2191 1102 inanis
2218 1045 2404 1116 gloriae
2432 1046 2706 1116 cupiditati
2737 1048 2908 1102 solum
2947 1047 3194 1102 addictus
3227 1047 3459 1114 fuisset,
3491 1059 3615 1105 tan-

2018 1147 2126 1191 tam
2155 1152 2367 1206 pmnam
2397 1138 2650 1193 susdnuit
2671 1179 2686 1203 ,
2725 1138 2869 1209 quod
2904 1138 3220 1208 supplicium
3251 1139 3373 1195 illos
3398 1149 3580 1197 manet
3601 1182 3615 1207 ,

2014 1227 2105 1297 qui
2137 1226 2326 1297 longos
2367 1228 2670 1299 multosque
2712 1242 2990 1283 sermones
3018 1229 3317 1298 producunt
3355 1232 3628 1304 adversus;

2017 1320 2288 1375 inimicos?
2306 1320 2444 1389 Quid
2463 1320 2615 1387 facis,
2634 1322 2707 1376 mi
2735 1320 2923 1377 homo?
2945 1321 3161 1387 Adstas,
3182 1331 3240 1377 ut
3260 1323 3469 1378 veniam
3496 1338 3621 1393 pec-

2014 1422 2259 1466 catorum
2276 1412 2536 1482 postules,
2558 1422 2613 1468 et
2630 1415 2861 1468 animam
2878 1414 3152 1468 iracundia
3172 1414 3375 1484 reples?
3390 1400 3618 1481 Quando

2016 1506 2254 1559 omnium
2286 1506 2597 1563 mitissimus
2618 1522 2740 1563 esse
2769 1522 2867 1561 nos
2889 1516 3119 1577 opertet,
3143 1506 3270 1562 dum
3297 1509 3620 1578 alloquimur

2016 1596 2325 1665 Dominum,
2342 1597 2465 1651 dum
2483 1611 2579 1666 pro
2594 1597 2804 1653 delictis
2819 1598 3509 1664 oramus.misericordiam,
3520 1599 3621 1655 cle-

2014 1690 2291 1754 mentiam,
2312 1706 2373 1745 ac
2388 1695 2597 1745 veniam
2620 1692 2988 1762 implorantes,
3016 1701 3126 1745 tum
3154 1693 3614 1755 excandescimus.

2018 1780 2069 1833 in
2099 1780 2361 1836 feritatem
2401 1781 2760 1846 devolvimur,
2788 1790 2844 1837 et
2868 1797 2929 1836 os
2956 1790 3196 1835 nostrum
3224 1780 3349 1837 felle
3370 1782 3615 1852 comple-

2016 1869 2160 1923 mus?
2189 1868 2306 1936 Quo
2334 1880 2509 1940 pacto,
2536 1885 2736 1941 quarm,
2769 1870 3062 1939 poterimus
3091 1871 3319 1926 salutem
3349 1871 3571 1941 adipisci
3595 1908 3611 1939 ,

2014 1974 2136 2015 eum
2160 1961 2475 2031 supplicium
2499 1962 2733 2031 speciem
2759 1976 2865 2029 prce
2892 1960 3049 2016 nobis
3067 1960 3321 2024 feramus,
3342 1962 3500 2016 verba
3524 1977 3618 2016 su-

2017 2053 2299 2121 perborum
2323 2052 2624 2117 eil'eramus,
2649 2062 2699 2107 et
2719 2054 2766 2108 in
2786 2066 2883 2107 nos
2904 2052 3187 2107 Dominum
3216 2053 3613 2108 irritemnsiin-

2013 2144 2231 2213 gressus
2254 2159 2333 2207 es,
2359 2154 2415 2197 nt
2445 2147 2657 2212 propria
2674 2145 2892 2199 vulnera
2908 2159 3152 2207 curares.
3172 2160 3279 2199 non
3304 2154 3364 2199 ut
3393 2147 3612 2215 propin—

2012 2235 2105 2305 qui
2132 2236 2349 2290 vuinera
2382 2236 2633 2291 redderes
2664 2236 2959 2291 acerbiora.
2985 2236 3388 2306 PrOpitiationis
3408 2248 3617 2307 tempus

2006 2333 2116 2388 cst.
2139 2326 2398 2380 orationis
2421 2337 2651 2395 tempus,
2679 2342 2739 2380 ac
2766 2326 2994 2395 gemitus
3013 2366 3027 2389 ,
3054 2342 3161 2379 non
3190 2327 3475 2381 iracnudin
3502 2343 3515 2380 :
3548 2328 3617 2381 la-

2010 2428 2342 2484 crymarum,
2371 2433 2476 2471 non
2502 2416 2995 2472 cxcandemcntim:
3024 2416 3473 2487 compunclionis,
3503 2431 3613 2471 non

2015 2504 2411 2575 indignationis.
2432 2509 2539 2562 Cur
2564 2507 2848 2562 confundls
2876 2506 3147 2562 ordinem?
3162 2524 3258 2562 cur
3281 2508 3372 2563 tibi
3402 2509 3496 2577 ipsi
3525 2523 3612 2563 re-

2016 2597 2244 2665 pugnas?
2267 2612 2362 2652 cur
2381 2598 2663 2652 :cdilicinm
2683 2606 2831 2652 tuum
2849 2598 3043 2653 diruis?
3066 2598 3346 2653 Hominem
3366 2599 3455 2667 qui
3473 2609 3611 2661 orat,

2016 2696 2139 2741 ante
2182 2689 2284 2742 alia
2325 2690 2504 2743 omnia
2553 2689 2667 2743 miti
2705 2691 2885 2744 animo
2933 2703 3053 2743 esse
3090 2695 3343 2758 Oportet,
3374 2688 3614 2744 modesta

2016 2786 2217 2841 mente,
2246 2779 2410 2835 corde
2439 2780 2671 2835 contrito
2700 2797 2712 2833 :
2736 2780 2827 2849 qui
2850 2794 2979 2835 vero
2999 2778 3196 2835 clamat
3222 2780 3479 2834 adversus
3510 2781 3617 2835 inic-

2014 2870 2205 2935 micos,
2235 2888 2526 2942 numquam
2572 2872 2701 2927 illud
2734 2873 2933 2942 poterit
2969 2871 3253 2927 obtinere:
3282 2874 3481 2943 quippe
3523 2875 3614 2943 qui

2013 2963 2087 3015 sit
2114 2962 2207 3017 ira:
2239 2964 2427 3032 plenus
2450 3004 2467 3029 ,
2498 2979 2675 3035 neque
2697 2962 2962 3020 modestia
2985 2963 3155 3034 possit
3188 2972 3426 3018 mentem
3453 2963 3614 3023 inof-

2018 3054 2139 3108 ficio
2162 3056 2460 3111 continere.

2086 3139 2424 3197 Peccatornm
2446 3145 2746 3208 meminisse,
2777 3153 2912 3198 recte
2933 3147 3186 3213 factorum
3208 3144 3433 3198 oblivisci
3461 3162 3615 3214 opor-

2014 3244 2110 3313 tet.
2138 3235 2243 3291 Cur
2286 3238 2620 3292 essetsterilis
2665 3253 2796 3292 uxor
2840 3236 3031 3301 Isaac;
3080 3252 3173 3291 cur
3204 3236 3404 3292 sterilis
3438 3250 3617 3308 partus
3688 3237 3694 3241 ’

2015 3328 2347 3396 praeessem.
2376 3357 2449 3370 -—
2472 3327 2551 3384 Ne
2599 3328 2760 3398 igitur
2816 3325 3075 3383 adversus
3123 3326 3370 3384 inimicos
3422 3344 3614 3399 preces

2015 3415 2335 3484 fundamus,
2362 3416 2456 3474 sed
2501 3432 2676 3489 neque
2719 3426 2868 3474 recte
2895 3414 3159 3472 factorum
3198 3432 3469 3474 memores
3510 3434 3613 3475 no-

2011 3517 2246 3566 strorum
2276 3511 2445 3566 simus
2466 3546 2484 3579 ,
2515 3524 2585 3565 ne
2623 3510 2778 3565 nobis
2800 3508 2853 3563 id
2878 3508 3117 3575 accidat,
3140 3509 3283 3580 quod
3311 3509 3606 3567 Pbariszo.

2010 3600 2144 3657 Nam
2188 3602 2640 3672 quemadmodum
2688 3608 3030 3671 peccatorum
3082 3602 3354 3658 recordari
3406 3603 3606 3660 bonum

2010 3702 2126 3756 est,
2151 3692 2225 3748 ita
2266 3701 2419 3749 recte
2447 3691 2711 3747 factorum
2753 3692 2951 3747 bonum
3000 3697 3087 3746 est
3123 3690 3387 3747 oblivisci.
3436 3693 3607 3760 Quam

2013 3782 2229 3839 tandem
2253 3782 2325 3839 ob
2349 3783 2593 3839 causam?
2619 3782 2886 3852 Quoniam
2922 3776 3070 3838 recte
3100 3780 3364 3838 factorum
3388 3783 3607 3854 quidem

2011 3874 2271 3930 memoria
2298 3889 2399 3930 nos
2422 3874 2476 3929 in
2499 3874 2803 3945 superbiam
2833 3873 3009 3945 erigit,
3041 3882 3385 3944 peccatorum
3424 3886 3607 3930 autem

2007 3966 2272 4021 memoria
2315 3974 2550 4023 mentem
2596 3964 2850 4036 deprimit
2895 3974 3058 4036 atque
3102 3965 3359 4021 humilem
3385 3968 3606 4022 redd;t:

2010 4064 2173 4127 atque
2199 4056 2287 4111 illa
2313 4056 2528 4127 quidem
2555 4056 2972 4129 negligentiores
2996 4056 3195 4124 efficit,
3226 4057 3326 4113 ista
3354 4072 3484 4113 vero
3519 4060 3606 4115 di-

2011 4147 2323 4218 ligentiores
2351 4162 2452 4205 nos
2490 4148 2685 4206 reddit.
2729 4147 2863 4204 Nam
2891 4147 2985 4219 qui
3020 4148 3154 4203 nihil
3192 4149 3293 4203 sibi
3320 4164 3443 4206 esse
3482 4150 3607 4207 boni

2011 4237 2366 4304 arbitrantur,
2389 4238 2685 4309 alacriores
2704 4238 2771 4295 ad
2793 4237 3122 4309 acquirendo
3150 4237 3288 4293 bona
3318 4238 3449 4295 fiunt
3480 4242 3609 4312 :qni

2011 4340 2140 4385 vero
2185 4330 2414 4391 multum
2464 4330 2571 4387 sibi
2599 4332 2896 4402 repositum
2951 4341 3216 4400 quantum
3262 4332 3606 4400 existimant,

2012 4420 2096 4474 his
2123 4422 2318 4490 opibus
2358 4421 2691 4478 confidentes
2717 4437 2824 4476 non
2856 4435 3106 4493 magnum
3131 4422 3367 4477 studimn
3390 4440 3508 4493 pra
3547 4408 3611 4481 se

2011 4510 2190 4568 ferunt
2214 4513 2281 4567 ad
2312 4514 2461 4584 plura
2487 4514 2587 4570 sibi
2617 4513 2873 4584 deinceps
2898 4514 3279 4583 comparanda.

2080 4599 2137 4659 3.
2167 4603 2285 4659 Noli
2312 4620 2442 4676 ergo
2466 4615 2617 4662 recte
2651 4604 2915 4665 factorum
2955 4606 3268 4661 meminisse
3288 4649 3302 4673 ,
3333 4616 3394 4662 ut
3421 4609 3610 4663 memi-

2010 4696 2153 4751 nerit
2188 4696 2402 4757 illorum
2445 4697 2610 4753 Deus.
2640 4696 2737 4751 Dic
2775 4699 2913 4752 enim
2960 4708 3167 4767 peccata
3193 4700 3516 4770 tuaprimus,
3550 4713 3611 4757 nt

1998 4787 2301 4859 justi/iuris
2326 4787 2533 4860 (εγω.
2559 4790 2650 4845 45.
2675 4789 2791 4860 26),
2815 4798 2870 4846 et
2890 4801 3112 4846 rimus:
3135 4788 3472 4862 Iniquitate»:
3496 4800 3609 4846 tuae

2008 4894 2123 4934 rum
2164 4895 2269 4933 non
2313 4879 2639 4946 recordabar,
2664 4879 2869 4948 inquit:
2908 4888 2961 4934 at
2997 4888 3052 4935 tu
3101 4880 3374 4935 recordare
3399 4878 3507 4951 (Ib.
3553 4895 3605 4934 υ.

2008 4968 2123 5045 εδ).
2168 4972 2277 5029 Sed
2326 4987 2489 5043 quam
2514 4972 2737 5030 «tandem
2784 4970 3097 5028 obcansam
3124 4970 3465 5040 publicanum
3499 4980 3607 5028 tam

2008 5068 2117 5123 cito
2147 5066 2421 5125 exaudivit
2443 5065 2585 5121 Deus
2605 5106 2621 5129 ,
2650 5062 2800 5120 Isaac
2829 5072 3009 5121 autem
3038 5062 3227 5135 viginti
3250 5078 3423 5119 annos
3448 5078 3606 5119 orare

2012 5159 2275 5228 permisit,
2304 5159 2461 5229 eique
2488 5173 2583 5227 pro
2605 5162 2775 5213 uxore
2792 5172 2889 5213 sua
2917 5156 3220 5227 supplicare
3239 5196 3255 5219 ,
3283 5171 3345 5211 ac
3374 5165 3485 5211 tum
3512 5156 3605 5211 deo

2011 5266 2157 5307 mum
2177 5250 2302 5320 justi
2327 5250 2576 5319 precibus
2590 5250 2821 5307 annuit?
2845 5246 3141 5307 Suute‘nim
3159 5249 3314 5303 vobis
3340 5247 3601 5305 hesterna

2009 5343 2267 5400 doctrinae
2292 5344 2531 5413 reliquiae
2553 5340 2945 5413 persolvendae.
2976 5340 3148 5409 Quam
3177 5341 3342 5411 igitur
3368 5340 3441 5395 ob
3474 5355 3602 5395 can.

2009 5451 2125 5492 sam
2160 5436 2210 5490 id
2236 5435 2469 5491 accidit?
2498 5434 2572 5491 Ut
2616 5449 2683 5491 ex
2714 5436 2779 5490 iis
2804 5448 2924 5506 quae
2953 5430 3560 5503 publicano‘evcncrunt
3582 5470 3599 5492 ,

2010 5526 2219 5583 Domini
2265 5524 2649 5596 benignitatem
2692 5538 2992 5595 cognoscas
3021 5540 3033 5575 :
3059 5537 3124 5577 es
3156 5520 3221 5577 iis
3247 5530 3456 5586 autem,
3486 5533 3606 5589 quae

2010 5616 2158 5673 lsaac
2208 5625 2541 5684 evenerunt,
2588 5616 2902 5687 patientiam
2948 5614 3088 5670 servi
3134 5626 3468 5684 cognoscas,
3514 5610 3603 5680 qui

2012 5709 2162 5765 tarde
2186 5709 2433 5779 accepit,
2459 5718 2514 5765 et
2533 5708 2754 5781 precari
2778 5722 2887 5762 non
2906 5705 3146 5770 destitit;
3176 5714 3233 5759 ut
3261 5702 3386 5757 licet
3413 5715 3606 5773 peccas

2016 5811 2099 5860 tor
2125 5802 2202 5858 sis
2220 5842 2238 5872 ,
2269 5815 2377 5857 non
2403 5800 2663 5874 desperes
2688 5818 2701 5856 :
2728 5800 2853 5857 licet
2869 5797 3050 5869 justus
3068 5795 3144 5851 sis
3164 5836 3179 5863 ,
3210 5808 3319 5850 non
3346 5789 3606 5848 odoraris»
