4074 6398
519 313 633 373 εστ

528 429 647 485 Non
672 438 747 486 est
774 446 902 496 opus
948 430 1223 489 valentibus
1264 430 1457 487 medica
1476 471 1493 497 ,
1524 430 1615 487 sed
1638 429 1773 485 male
1808 426 2103 484 habentibus

524 516 743 592 (Matth.
766 518 821 575 9.
855 520 968 591 1‘2).
1006 519 1144 577 Male
1181 518 1413 577 habebat
1452 521 1798 590 publicanus;
1830 528 2110 589 propterea

523 610 636 667 cito
663 626 881 666 manum
908 610 980 668 illi
1004 610 1277 681 porrexit:
1307 611 1454 666 Isaac
1474 620 1653 667 autem
1677 609 1948 666 robustior
1970 618 2107 676 erat;

528 710 810 772 propterea
835 702 1051 773 reliquit
1073 702 1269 773 ipsum,
1294 711 1360 758 ut
1380 703 1689 773 patientiam
1725 700 1842 770 ejus
1863 708 2109 771 augeret.

525 793 634 849 Sed
662 792 780 849 hac
807 793 1023 865 quidem
1047 809 1115 851 ex
1129 794 1421 853 abundanti
1441 810 1472 850 a
1499 795 1655 851 nobis
1678 794 1788 849 sint
1814 792 1981 849 dicta.
2004 792 2110 847 Cur

523 895 705 941 autem
732 900 868 941 uxor
894 884 1098 945 sterilis
1124 895 1287 952 esset,
1308 901 1486 957 opera:
1512 886 1739 957 pretium
1766 884 1927 941 fuerit
1955 898 2113 941 enar-

523 987 648 1031 rare
676 992 691 1030 :
724 984 802 1043 ut,
826 990 953 1031 cum
980 976 1241 1048 virginem
1269 976 1468 1033 videris
1489 975 1680 1031 factam
1710 990 1833 1032 esse
1856 985 2107 1044 matrem,

522 1064 748 1122 credere
776 1081 883 1123 non
926 1080 1183 1123 recuses:
1214 1074 1294 1133 ut,
1326 1082 1448 1123 cum
1472 1066 1668 1122 dixerit
1710 1067 1805 1123 tibi
1843 1066 2062 1122 Judasus
2091 1107 2108 1135 ,

524 1152 643 1220 Quo
671 1163 827 1224 pacto
854 1147 1061 1228 peperit
1086 1157 1249 1213 Maria
1268 1157 1293 1211 ἲ
1314 1157 1464 1212 dicas
1493 1156 1590 1222 illi,
1615 1157 1731 1226 Quo
1762 1167 1917 1229 pacto
1944 1173 2111 1229 pepe-

531 1244 603 1298 rit
628 1245 811 1314 Sarra,
835 1256 891 1303 et
917 1246 1181 1313 Rebecca,
1204 1256 1260 1304 et
1280 1240 1518 1305 Rachel?
1539 1246 1672 1304 Cum
1698 1250 1840 1305 enim
1867 1248 2112 1310 mirabile

520 1336 805 1407 quidpiam
833 1353 1192 1409 magnumque
1212 1339 1376 1397 fuerit
1398 1350 1735 1405 eventurum,
1766 1342 1948 1396 multa:
1974 1356 2112 1412 prae-

526 1437 752 1483 currunt
794 1427 1000 1499 ﬁgurae.
1016 1430 1084 1486 Et
1102 1420 1687 1502 quemadmodum-cum
1710 1433 2003 1504 Imperator
2023 1432 2110 1488 in-

519 1517 789 1587 greditur,
815 1528 1153 1590 praeurrunt
1175 1524 1373 1579 milites
1392 1565 1408 1589 ,
1447 1539 1517 1579 ne
1546 1524 1723 1579 subito
1746 1524 1816 1581 ab
1841 1525 2112 1595 imparatis

527 1607 825 1679 excipiatur
840 1609 938 1666 :ita
950 1625 1069 1667 cum
1080 1612 1353 1668 insolitum
1368 1612 1600 1670 futurum
1613 1622 1757 1671 esset
1772 1615 2106 1681 miraculum,

518 1697 839 1762 pmoedunt
865 1696 1069 1768 ligare,
1092 1707 1148 1755 ut
1176 1714 1273 1754 nos
1298 1700 1447 1771 prius
1472 1700 1747 1756 exercitati
1776 1715 1841 1757 ac
1866 1701 2109 1772 dispositi

530 1796 637 1841 non
660 1786 838 1843 subito
864 1789 1077 1845 attoniti
1104 1790 1419 1857 hareamus,
1445 1807 1543 1847 nec
1568 1793 1646 1848 rei
1670 1801 1862 1863 praeter
1886 1806 2109 1863 exspec-

529 1877 787 1960 tationem
821 1881 950 1935 visa
972 1881 1142 1938 territi
1168 1884 1401 1939 novitate
1435 1885 1895 1956 obstupescamus.
1918 1877 2030 1941 Hoc
2059 1894 2113 1941 et

527 1966 582 2023 in
608 1980 802 2025 morte.
824 1970 1114 2029 Praecessit
1137 1973 1318 2039 Jonas,
1346 1984 1402 2035 et
1431 1985 1664 2031 mentem
1692 1987 1931 2033 nostram
1958 1992 2114 2034 exer-

520 2058 662 2115 cuit.
692 2059 759 2117 Ut
775 2061 916 2117 enim
930 2063 1087 2120 illum
1116 2075 1237 2136 post
1258 2075 1368 2122 tres
1392 2066 1507 2123 dies
1526 2077 1678 2125 cetus
1697 2071 1962 2138 evomuit,
1988 2085 2111 2126 cum

522 2149 584 2204 in
613 2165 680 2205 eo
706 2153 978 2223 proprium
999 2163 1053 2211 et
1077 2156 1402 2213 conveniens
1431 2174 1538 2214 non
1565 2161 1855 2230 reperisset
1890 2161 2116 2218 alimen-

528 2248 640 2294 tum
667 2256 685 2294 ε
716 2244 988 2312 proprium
1011 2244 1208 2317 quippe
1224 2248 1658 2319 conveniensque
1672 2250 1864 2306 mortis
1882 2252 2110 2308 alimen-

522 2340 640 2385 tum
680 2340 768 2388 est
794 2337 997 2404 peculi
1040 2346 1229 2393 natura
1260 2356 1275 2394 :
1316 2339 1440 2396 inde
1467 2350 1590 2398 nata
1627 2352 1744 2410 est,
1775 2343 1898 2400 inde
1926 2358 2113 2400 corro-

528 2421 714 2479 bdrata
744 2436 855 2488 est.
885 2425 1008 2483 inde
1032 2430 1198 2484 etiam
1236 2430 1425 2486 alitur:
1446 2431 1518 2489 Ut
1557 2433 1718 2503 igitur
1755 2436 1810 2491 in
1851 2436 2004 2492 nobis
2025 2477 2041 2501 ,
2068 2437 2114 2492 si

527 2513 739 2584 quando
765 2513 992 2586 lapidem
1020 2516 1391 2590 deglutivimus
1425 2524 1789 2594 imprudentes
1811 2567 1827 2594 ,
1852 2535 1962 2581 tum
1992 2528 2114 2598 qui-

528 2603 651 2658 dem
679 2604 909 2674 primum
936 2608 1083 2663 illum
1107 2609 1185 2665 vis
1214 2614 1477 2669 stomachi
1506 2629 1843 2687 concoquere
1865 2618 2115 2687 aggredi-

530 2701 617 2748 tur
647 2711 661 2748 :
692 2710 811 2751 cum
841 2712 969 2752 vero
1003 2698 1183 2755 cibum
1227 2702 1449 2759 minime
1472 2705 1573 2759 sibi
1598 2706 1872 2775 proprium
1893 2721 2115 2778 compe-

529 2785 681 2852 rerit,
710 2785 796 2842 ubi
828 2787 1025 2844 diutius
1041 2792 1147 2845 vim
1169 2807 1319 2847 suam
1336 2795 1701 2865 concoquendi
1730 2797 1806 2851 illi
1834 2797 2113 2868 applicuit,

531 2888 637 2930 non
663 2876 811 2931 illum
830 2880 1145 2951 corrumpit,
1170 2882 1267 2937 scd
1296 2884 1542 2940 virtutem
1568 2900 1718 2940 suam
1750 2888 1955 2958 perdit:
1974 2887 2117 2945 unde

530 2981 630 3023 nec
671 2969 900 3038 priorem
931 2970 1106 3025 cibum
1129 2982 1302 3042 potest
1319 2976 1615 3043 continere,
1638 2976 1733 3033 sed
1761 2977 1975 3036 defessa
1994 2995 2114 3036 cum

531 3060 649 3133 ipso
692 3061 839 3117 illum
867 3077 1078 3135 quoque
1104 3080 1210 3121 non
1236 3067 1351 3122 sine
1379 3069 1525 3139 gravi
1554 3068 1740 3125 dolore
1779 3072 1978 3128 evomit
2004 3091 2019 3128 :
2043 3074 2115 3129 ita

528 3169 743 3227 quoque
770 3156 823 3212 in
847 3166 1019 3214 morte
1038 3160 1245 3215 accidit.
1273 3161 1528 3232 Lapidem
1559 3163 1865 3233 angularem
1890 3164 2119 3235 degluti-

524 3248 628 3312 vit,
660 3262 832 3317 neque
859 3263 1193 3319 concoquere
1219 3251 1389 3321 ipsum
1412 3254 1600 3323 potuit;
1624 3255 1799 3310 omnis
1819 3261 1939 3324 ejus
1952 3256 2120 3312 virtus

530 3337 766 3409 elanguit
793 3358 807 3394 :
836 3350 1115 3411 propterea
1148 3357 1268 3409 cum
1297 3344 1412 3414 ipso
1452 3325 1713 3415 reliquum
1758 3361 1917 3416 quem
1947 3348 2117 3404 habe-

534 3428 624 3482 bat
647 3429 823 3485 cibum
844 3432 1002 3501 ejecit
1024 3472 1040 3499 ,
1072 3433 1199 3488 dum
1224 3434 1495 3489 hominum
1516 3420 1769 3491 naturam
1794 3437 1955 3492 simul
1984 3453 2115 3493 evo-

529 3520 684 3575 nuit.
726 3520 907 3593 Neque
953 3525 1092 3579 enim
1140 3524 1394 3596 deinceps
1440 3528 1582 3582 illam
1636 3526 1690 3584 in
1716 3528 1878 3585 ﬁnem
1918 3532 2117 3600 poterit

527 3614 824 3669 continere.
849 3616 1134 3686 Propterea
1156 3618 1364 3673 steriles
1380 3634 1592 3689 quoque
1621 3631 2028 3691 praecesserunt,
2060 3631 2116 3678 ut

535 3703 697 3781 etiam
722 3714 902 3774 partus
930 3708 1060 3763 lides
1086 3709 1255 3775 ﬁeret;
1273 3709 1355 3764 vel
1384 3712 1559 3779 potius
1587 3726 1693 3766 non
1720 3711 1879 3766 modo
1903 3722 1958 3766 ut
1984 3712 2117 3768 ﬁdes

536 3796 896 3863 partus-ﬁeret
919 3813 933 3863 ;
956 3799 1047 3853 scd
1069 3800 1114 3854 si
1142 3809 1327 3855 exacte
1350 3801 1656 3854 examinare
1677 3801 1922 3873 velimus,
1953 3803 2117 3873 ipsius

534 3886 695 3941 ctiam
740 3890 923 3944 mortis
949 3888 1171 3960 ﬁguram
1210 3891 1541 3947 sterilitatem
1574 3882 1735 3948 fuisse
1766 3896 2115 3965 reperiemus.

604 3977 659 4031 4.
701 3977 809 4033 Sed
856 3980 1114 4036 attendite
1146 3998 1166 4035 τ
1207 3982 1400 4037 subtile
1429 3998 1659 4054 namque
1687 3992 1771 4039 est
1795 3984 1937 4056 quod
1964 3986 2115 4041 dice-

534 4083 655 4123 mus
684 4071 922 4141 :quippe
948 4072 1137 4129 dicturi
1169 4090 1355 4131 sumus
1394 4090 1501 4147 quo
1527 4087 1682 4146 pacto
1717 4076 1784 4132 ad
1834 4077 1993 4134 ﬁdem
2030 4095 2117 4135 re-

535 4162 885 4217 surrectionis
925 4178 1023 4219 nos
1067 4166 1205 4219 uteri
1237 4164 1715 4221 Sarrasterilitas
1757 4169 1906 4237 quasi
1956 4185 2116 4225 manu

535 4252 717 4308 ducat.
742 4253 983 4321 Quonam
1011 4255 1170 4324 igitur
1195 4264 1351 4326 pacto
1368 4271 1529 4311 manu
1551 4256 1734 4311 ducit?
1761 4257 2118 4326 Quemadmo-

535 4344 662 4396 dum
688 4343 775 4397 illa
801 4359 920 4399 cum
946 4354 1090 4401 esset
1115 4355 1323 4401 mortua
1341 4347 1601 4402 beneﬁcio
1622 4347 1715 4404 Dei
1739 4351 1987 4404 suscitata
2012 4360 2113 4419 est,

535 4442 591 4487 et
627 4433 790 4489 lsaaci
836 4450 1033 4507 corpus
1074 4438 1255 4491 vivum
1278 4438 1601 4508 germinavit
1639 4458 1653 4495 :
1695 4441 1773 4495 sic
1810 4456 1930 4495 cum
1975 4452 2118 4497 esset

538 4534 781 4581 mortuus
823 4527 1088 4595 Christus,
1116 4530 1331 4600 propria
1367 4531 1560 4587 virtute
1590 4535 1903 4589 resurrexit.
1932 4534 2119 4605 Neque

539 4616 823 4670 violentam
850 4632 968 4674 esse
998 4629 1234 4675 nostram
1291 4622 1699 4692 expositionem,
1742 4625 1865 4680 audi
1894 4642 1995 4696 qua
2026 4642 2115 4682 ra-

543 4706 690 4762 tione
718 4706 911 4762 Paulus
936 4717 1178 4764 testetur.
1207 4709 1339 4766 Cum
1369 4713 1510 4767 enim
1536 4713 1604 4769 de
1624 4714 1930 4772 Abrahamo
1956 4717 2119 4771 dixis-

538 4808 623 4852 set
652 4815 667 4853 :
701 4796 823 4854 Non
860 4802 1191 4856 consideravit
1236 4813 1513 4858 emortuam
1555 4806 1751 4862 vulvam
1795 4808 1991 4877 Same,
2031 4812 2119 4865 sed

542 4892 857 4961 confortatus
877 4905 947 4945 est
969 4892 1069 4960 ﬁde
1085 4894 1211 4947 dans
1232 4893 1447 4964 gloriam
1468 4895 1593 4962 Deo,
1618 4898 1916 4967 plenissime
1932 4902 2117 4970 sciens,

542 4982 663 5050 quia
682 4996 1009 5052 quaecumque
1029 4985 1275 5051 promisit,
1304 4996 1477 5055 potens
1508 4996 1579 5040 est
1607 4997 1654 5041 et
1675 4991 1840 5058 facere
1864 4989 2038 5062 (Rom.
2063 4994 2116 5047 4.

546 5071 739 5142 i9-2i)
770 5071 915 5127 :‘hoc
950 5081 1053 5140 est,
1081 5073 1297 5129 efﬁcere
1339 5084 1398 5129 ut
1452 5091 1516 5130 ex
1559 5078 1870 5147 corporibus
1896 5083 2120 5136 mortuis

546 5162 690 5217 lilius
716 5164 867 5216 vivus
892 5173 1174 5218 enascatur
1195 5182 1209 5219 ;
1231 5164 1428 5219 deinde
1454 5165 1522 5219 ab
1541 5165 1629 5221 illa
1658 5166 1781 5233 ﬁde,
1803 5177 1867 5222 ut
1885 5168 1952 5223 ad
1982 5169 2120 5226 hanc

546 5269 644 5309 nos
673 5254 1194 5324 deduceret,'adjecit
1226 5273 1238 5309 :
1274 5255 1395 5309 Non
1424 5265 1495 5309 est
1520 5258 1762 5326 scriptum
1786 5269 1981 5313 tantum
2002 5278 2121 5331 pro-

550 5356 661 5415 pter
684 5345 871 5415 ipsum,
892 5348 1011 5415 quia
1034 5357 1319 5416 reputatum
1356 5357 1431 5401 est
1470 5347 1547 5400 illi
1571 5361 1590 5400 :
1618 5350 1706 5401 sed
1734 5359 1781 5401 et
1802 5362 2008 5419 prapler
2030 5369 2121 5405 nos

555 5436 727 5499 (Rom.
780 5438 835 5491 4.
862 5437 951 5492 23.
983 5437 1099 5508 24).
1140 5438 1222 5492 Ad
1258 5438 1420 5508 quid?
1453 5438 1644 5504 Quibus
1678 5442 2007 5511 reputabitur,
2038 5443 2121 5497 itt-

553 5530 681 5597 quit,
716 5528 1025 5583 credentibus
1051 5529 1103 5581 in
1134 5546 1265 5595 eum,
1308 5531 1392 5598 qui
1428 5531 1685 5584 suscitavit
1723 5529 1898 5585 Iesum
1940 5533 2118 5588 Domi—

554 5637 672 5672 nunt
714 5629 939 5673 nostrum
970 5638 1000 5673 α
1025 5621 1252 5674 mortuis.
1298 5621 1450 5689 Quod
1486 5633 1661 5676 autem
1692 5621 1842 5685 dicit,
1869 5632 1950 5677 est
1976 5623 2119 5694 ejus-

559 5711 723 5768 ~:':di.
757 5711 991 5769 [saccum
1020 5727 1085 5767 ex
1114 5714 1334 5768 mortuis
1382 5713 1695 5783 corporibus
1721 5715 1970 5770 excitavit
2004 5735 2014 5770 :
2045 5718 2122 5773 sic

1269 310 1327 368 S.
1365 308 1643 370 JOA'NNIS
1680 303 2155 367 CHRYSOSTOMI
2192 303 2515 363 ARCHIEP.
2544 308 3084 371 CONSTANTINOP.

2222 425 2384 480 etiam
2416 425 2605 482 Filium
2633 443 2789 485 suum
2809 427 2899 497 qui
2925 438 3167 483 mortuus
3190 436 3306 484 erat
3320 428 3625 484 suscitavit.
3640 427 3803 485 Visne

2214 514 2433 572 alterius
2459 517 2620 571 etiam
2653 519 2729 573 rei
2774 518 3075 590 symbolum
3120 516 3297 575 fuisse
3330 518 3672 575 sterilitatem
3715 532 3805 574 co-

2219 607 2520 677 gnoscere?
2546 608 2938 664 Multitudinem
2966 608 3201 663 ﬁdelium
3234 610 3471 679 paritura
3486 620 3604 665 erat
3631 609 3810 665 Eccle-

2214 697 2290 751 sia
2328 711 2346 753 :
2376 706 2433 752 ut
2477 696 2637 767 igitur
2675 700 2899 755 credere
2936 698 3159 755 minime
3206 712 3485 754 recusares
3512 712 3625 770 quo
3652 708 3809 769 pacto

2217 784 2520 851 infecunda,
2564 786 2898 858 inirugifcra,
2945 790 3143 846 sterilis
3186 788 3503 861 peperisset,
3532 792 3811 860 praecessit

2214 892 2300 943 ea,
2343 894 2463 948 quae
2503 888 2688 934 natura
2731 880 2932 935 sterilis
2977 891 3093 936 erat
3122 900 3137 935 :
3167 895 3287 952 qua:
3335 879 3507 941 sterili
3545 880 3808 936 voluntati

2217 969 2355 1025 viam
2379 972 2746 1041 praemuniret,
2774 982 2827 1027 et
2850 971 3010 1028 Sarra
3054 971 3196 1027 facta
3221 983 3306 1029 est
3331 972 3585 1032 Ecclesiae
3615 970 3804 1041 ﬁgun-

2216 1059 2349 1116 Nam
2374 1072 2431 1116 ut
2452 1062 2544 1117 illa
2574 1079 2696 1117 cum
2727 1063 2933 1118 sterilis
2960 1070 3126 1131 esset,
3146 1063 3354 1134 peperit
3383 1064 3436 1117 in
3456 1072 3713 1117 senecta:
3733 1075 3811 1116 ste

2215 1161 2271 1209 et
2295 1153 2394 1208 ista
2426 1168 2548 1208 cum
2579 1155 2780 1209 sterilis
2805 1163 2970 1221 esset,
3017 1153 3321 1209 novissimis
3357 1153 3691 1222 temporibus
3717 1166 3810 1222 pe-

2214 1244 2372 1315 perit.
2403 1245 2578 1315 Atque
2601 1244 2701 1300 hoc
2726 1259 2911 1302 verum
2939 1258 3082 1309 esse.
3110 1258 3217 1314 quo
3243 1252 3398 1313 pacto
3423 1242 3621 1298 Paulus
3637 1250 3805 1297 teste.

2217 1344 2303 1393 tur
2329 1336 2453 1403 audi
2482 1353 2497 1391 :
2534 1335 2645 1391 Nos
2687 1346 2857 1391 autem
2883 1351 3062 1389 sumus
3088 1334 3259 1389 libera
3284 1333 3382 1409 lilii
3421 1331 3563 1403 (Gal.
3596 1333 3649 1388 4.
3684 1328 3795 1403 3|).

2215 1427 2348 1483 Cum
2379 1427 2524 1484 enim
2558 1427 2725 1498 ﬁgura
2756 1430 2826 1482 sit
2855 1426 3110 1482 Ecclesia:
3137 1424 3321 1492 Sarra,
3351 1438 3471 1495 quae
3508 1424 3675 1478 libera
3701 1431 3805 1488 est,

2215 1520 2414 1576 idcirco
2454 1519 2676 1585 addidit,
2726 1534 2824 1575 nos
2860 1519 3045 1574 liberae
3095 1517 3236 1572 ﬁlios
3277 1531 3419 1573 esse.
3462 1515 3531 1570 Et
3573 1528 3805 1570 rursus:

2215 1609 2419 1681 Itaque,
2442 1613 2645 1683 fratres,
2669 1608 2947 1664 secundum
2967 1606 3119 1661 Isaae
3146 1605 3493 1679 promissionis
3512 1604 3611 1674 lilii
3631 1620 3811 1658 sumus

2220 1700 2361 1775 (Gal.
2393 1704 2447 1757 4.
2488 1701 2602 1772 28).
2641 1701 2781 1771 Quid
2818 1709 2902 1756 est
2944 1700 3065 1766 hoc,
3113 1697 3476 1753 Promissionis
3534 1698 3560 1751 7
3607 1696 3810 1763 Quem—

2214 1792 2509 1848 admodum
2554 1792 2702 1847 illum
2749 1799 2939 1845 natura
2991 1804 3097 1845 non
3148 1789 3374 1859 peperit,
3404 1788 3487 1851 sic
3510 1801 3684 1856 neque
3710 1800 3810 1841 nos

2217 1892 2404 1938 natura
2430 1883 2658 1953 peperit,
2689 1881 2783 1937 sed
2800 1880 2965 1953 gratia
2992 1880 3108 1936 Dei.
3140 1879 3206 1934 Et
3232 1892 3423 1933 rursus
3447 1896 3462 1932 :
3488 1876 3619 1950 Qua
3636 1885 3811 1929 autem

2216 1990 2418 2027 sursum
2449 1981 2523 2026 est
2550 1970 2840 2026 Jerusalem
2890 1969 3047 2025 libera
3082 1978 3175 2035 est,
3206 1984 3320 2040 quc
3346 1976 3418 2021 est
3451 1976 3611 2020 mater
3634 1974 3813 2020 nostra

2218 2062 2363 2134 (Gal.
2394 2066 2448 2118 Δ.
2512 2060 2651 2134 96),
2708 2054 2822 2115 lucc
2865 2070 2948 2115 est
2987 2069 3166 2115 autem
3214 2058 3476 2114 Ecclesia.
3520 2055 3813 2111 Accessistis

2218 2172 2355 2210 enim
2378 2154 2448 2207 ad
2472 2155 2603 2209 Sion
2624 2164 2863 2218 montem,
2893 2153 3087 2223 inquit,
3114 2162 3161 2206 et
3184 2152 3437 2205 civitatem
3460 2149 3559 2203 Dei
3577 2148 3809 2213 uirentis,

2218 2244 2507 2299 Jerusalem
2536 2244 2802 2310 salutent,
2828 2251 2877 2297 et
2908 2239 3191 2297 Ecclesium
3222 2240 3592 2311 primitieorum
3617 2236 3809 2309 (Hebr.

2219 2336 2308 2393 12.
2341 2334 2459 2405 22).
2489 2335 2545 2391 Si
2572 2350 2701 2406 ergo
2727 2347 2959 2404 superna
2982 2331 3278 2388 Jerusalem
3294 2342 3380 2387 est
3405 2329 3670 2395 Ecclesia,
3696 2344 3812 2399 por»

2220 2443 2283 2483 ro
2311 2425 2611 2483 Jerusalem
2638 2440 2888 2496 supernae
2935 2423 3101 2494 ﬁgura
3141 2430 3228 2479 est
3255 2423 3438 2488 Sarra,
3464 2432 3625 2493 prout
3652 2420 3811 2485 dixit,

2224 2515 2352 2571 ουω
2372 2526 2513 2579 sunt,
2542 2532 2649 2570 una
2676 2516 2879 2586 quidem
2910 2515 2964 2568 in
3010 2514 3297 2568 servitutem
3316 2528 3581 2583 generatis,
3601 2527 3717 2583 qua
3740 2520 3813 2565 est

2220 2608 2360 2679 Agar
2379 2624 2399 2662 :
2422 2624 2536 2679 qua:
2564 2617 2735 2662 autem
2759 2623 2960 2662 sursum
2982 2615 3057 2661 at
3080 2605 3373 2661 Jerusalem
3400 2604 3559 2658 libera
3580 2614 3672 2669 est,
3699 2616 3813 2671 qua

2220 2707 2293 2753 est
2320 2708 2481 2752 mater
2502 2708 2679 2753 nostra
2707 2697 2851 2762 (Gal.
2885 2699 2939 2753 ι.
2969 2695 3160 2768 24-26)
3188 2714 3202 2752 :
3255 2695 3597 2751 manifestum
3624 2704 3705 2749 est
3726 2693 3813 2749 Je-

2220 2788 2473 2854 rusalem,
2507 2804 2627 2860 qua:
2656 2803 2868 2845 sursum
2911 2797 3015 2856 eat,
3043 2788 3268 2859 ﬁguram
3302 2801 3424 2843 esse
3454 2785 3670 2843 Sarram
3713 2783 3812 2841 ba-

2220 2881 2330 2937 bita
2360 2881 2567 2937 ratione
2594 2890 2779 2951 partus
2807 2896 2871 2935 ac
2890 2880 3208 2936 sterilitatis.

2300 2973 2355 3027 5.
2398 2971 2525 3027 Scio
2550 2971 2827 3025 subtiliora
2859 2984 2978 3025 esse
3004 2985 3122 3039 quae
3142 2968 3412 3023 diximus:
3435 2966 3530 3021 sed
3558 2966 3606 3022 si
3633 2974 3805 3020 attcn~

2220 3062 2429 3131 damus,
2460 3062 2593 3117 nihil
2626 3076 2813 3116 corum
2851 3074 2950 3116 nos
2978 3059 3212 3130 ell‘ugiet,
3263 3074 3382 3131 qua:
3417 3057 3693 3113 dicuntur.
3728 3056 3793 3111 lli

2221 3169 2350 3225 ergo
2376 3154 2641 3224 pleniores
2662 3153 3035 3225 mysteriorum
3065 3160 3188 3206 sunt
3233 3150 3649 3221 dogmatumque
3674 3164 3803 3204 sere

2224 3261 2413 3301 moues
2435 3263 2447 3297 :
2473 3245 2565 3300 sed
2597 3246 2641 3298 si
2664 3245 2809 3299 lubet
2835 3244 3374 3303 accommodatiorem
3395 3242 3462 3298 ad
3489 3256 3670 3298 mores
3688 3257 3813 3297 cum

2224 3338 2329 3391 illis
2352 3335 2705 3407 proferemus.
2733 3334 2945 3391 Stcrilis
2972 3343 3089 3389 erat
3109 3349 3264 3400 uxor,
3296 3343 3351 3387 ut
3377 3334 3675 3387 castitatem
3698 3346 3812 3385 ma-

2223 3429 2310 3483 riti
2336 3441 2667 3498 cognoscas:
2692 3426 2833 3497 quod
2856 3441 2954 3481 nec
2980 3426 3122 3479 illam
3151 3424 3436 3494 expulerit,
3466 3422 3675 3478 tametsi
3700 3433 3811 3477 tum

2222 3524 2275 3579 id
2305 3523 2387 3578 lex
2418 3523 2561 3577 nulla
2594 3521 2925 3592 prohiberet,
2961 3534 3133 3587 neque
3160 3518 3379 3573 alteram
3408 3515 3625 3571 ductam
3669 3531 3811 3585 pra-

2223 3622 2305 3668 ter
2348 3611 2569 3667 liberam
2613 3608 2903 3665 introduxit
2940 3606 3127 3679 :quod
3192 3598 3370 3661 tamen
3414 3604 3619 3660 faciunt
3658 3605 3810 3660 multi

2221 3702 2632 3774 quaerendorum
2672 3697 3211 3779 specie‘liberorum,
3258 3704 3315 3749 ut
3352 3695 3616 3749 luxuriam
3658 3711 3810 3750 suam

2229 3796 2498 3866 expleant,
2532 3792 2711 3857 egbas
2740 3791 2975 3861 ejiciunt,
3012 3789 3129 3843 illas
3156 3786 3537 3843 introducunt:
3564 3786 3656 3841 alii
3681 3801 3812 3857 quo-

2222 3901 2325 3957 que
2354 3886 2571 3956 pelliccs
2595 3884 2649 3939 in
2668 3898 2768 3940 eas
2797 3886 3026 3947 armant,
3048 3888 3105 3935 et
3133 3879 3356 3943 inﬁnitis
3376 3878 3567 3950 pugIﬁs
3588 3893 3655 3933 ac
3681 3878 3811 3934 rixis

2223 3977 2413 4034 domos
2440 3975 2729 4045 complent.
2756 3976 2824 4029 At
2850 3988 2954 4028 non
2986 3973 3056 4027 ita
3090 3970 3266 4043 justus
3292 3971 3380 4027 ille
3412 3988 3428 4024 :
3455 3970 3551 4026 sed
3580 3972 3796 4041 quietus

2223 4076 2340 4124 erat
2363 4067 2487 4121 data
2517 4065 2616 4120 sibi
2648 4079 2678 4118 a
2711 4063 2820 4119 Deo
2844 4078 3008 4117 uxore
3034 4070 3338 4127 contentus,
3375 4075 3439 4115 ac
3467 4061 3811 4116 βείω-ευοο

2222 4159 2423 4213 minum
2446 4156 2785 4227 precabatur,
2810 4162 2865 4207 ut
2895 4160 3097 4208 natura
3118 4150 3327 4206 vincula
3356 4150 3610 4216 solveret,
3636 4166 3813 4221 neque

2224 4247 2375 4303 uxori
2397 4244 2655 4315 éxprobra
2668 4248 2757 4299 vit.
2784 4241 2938 4299 Unde
2962 4256 3092 4297 vero
3117 4251 3326 4297 mnstat
3348 4255 3469 4295 eum
3487 4256 3594 4297 non
3610 4256 3812 4312 expro-

2226 4339 2450 4393 brasse'l
2490 4337 2569 4392 Ex
2593 4336 2707 4407 ipsa
2735 4334 3032 4405 Scriptura.
3057 4333 3113 4389 Si
3134 4332 3531 4403 exprobrasset,
3554 4331 3659 4388 hoc
3677 4348 3812 4404 quo.

2224 4444 2328 4498 que
2363 4428 2635 4498 Scriptura
2656 4426 2899 4491 dixisset,
2926 4441 3100 4497 neque
3139 4425 3389 4481 tacuisset
3415 4441 3428 4479 :
3458 4424 3728 4495 siquidem
3759 4434 3814 4479 et

2225 4523 2479 4594 prmclura
2512 4521 2767 4589 facinora,
2794 4529 2851 4575 et
2879 4520 3003 4573 vitia
3024 4519 3295 4590 justorum
3322 4528 3730 4583 commemorat,
3756 4527 3819 4573 ut

2226 4616 2340 4671 lucc
2370 4614 2655 4685 fugiamus,
2681 4613 2767 4668 illa
2799 4613 3134 4667 aemulemur.
3155 4611 3289 4665 Cum
3308 4610 3465 4680 igitur
3482 4609 3623 4678 apud
3644 4610 3817 4665 ﬁlium

2225 4709 2341 4778 ejus
2368 4722 2531 4761 nurus
2561 4705 2731 4775 ipsius
2760 4703 2959 4758 Rachel
2990 4702 3391 4765 lamentaretur,
3431 4710 3485 4755 et
3510 4700 3599 4755 ille
3623 4700 3817 4771 objur-

2224 4808 2395 4869 garet,
2414 4795 2687 4867 expressit
2703 4805 3007 4864 utrumque,
3036 4791 3344 4847 neccelavit
3362 4789 3655 4861 Scriptura.
3677 4793 3814 4845 Cum

2227 4891 2366 4946 enim
2393 4889 2617 4944 dixisset
2644 4906 2658 4941 :
2682 4887 2762 4942 Da
2790 4885 2916 4939 mihi
2936 4885 3117 4940 liberos
3139 4884 3218 4938 :si
3242 4893 3408 4937 autem
3428 4899 3552 4949 non,
3580 4884 3774 4935 moriar
3796 4900 3818 4936 :

2224 4984 2350 5052 quid
2374 4984 2462 5039 ille
2486 4983 2596 5037 ait?
2620 4980 2883 5050 Numquid
2911 4976 3052 5031 Deus
3081 4993 3192 5047 ego,
3220 4976 3306 5044 qui
3334 4976 3544 5044 privavit
3569 4985 3617 5028 te
3642 4980 3818 5045 fructu

2225 5075 2446 5131 ventris!
2496 5073 2574 5126 Da
2616 5072 2739 5125 mihi
2786 5069 2967 5141 liberos
3021 5066 3170 5138 (Gen.
3202 5065 3290 5120 30.
3326 5065 3377 5119 1.
3418 5063 3497 5135 2).
3526 5063 3806 5119 Muliebris

2228 5166 2528 5236 postulatio,
2555 5172 2610 5218 et
2638 5178 2667 5217 a
2698 5162 2904 5217 ratione
2932 5159 3125 5214 aliena.
3166 5156 3357 5211 Merito
3383 5154 3541 5222 dicis,
3574 5154 3659 5210 De
3683 5158 3813 5210 mihi

2227 5257 2428 5322 liberos,
2452 5264 2505 5309 et
2533 5264 2737 5308 natura:
2764 5250 3048 5306 Dominum
3095 5244 3496 5317 praetermittis?
3525 5245 3731 5299 idcirco
3761 5258 3817 5300 et

2228 5350 2317 5404 ille
2339 5364 2459 5403 cum
2484 5347 2625 5401 illam
2650 5340 2976 5413 increpando
2998 5338 3379 5410 reSpondissct,
3396 5335 3683 5391 absurdam
3698 5338 3817 5405 ejus

2229 5442 2536 5510 petitionem
2560 5436 2838 5505 repressit,
2862 5442 2916 5488 et
2934 5448 2961 5485 a
2985 5448 3088 5503 quo
3107 5430 3389 5501 petendum
3406 5438 3551 5484 esset
3571 5429 3811 5482 edocuit.

2229 5535 2297 5587 At
2333 5546 2436 5585 non
2482 5530 2551 5583 ita
2584 5528 2707 5590 iste,
2737 5539 2907 5594 neque
2940 5524 3041 5577 tale
3077 5522 3363 5592 quidquam
3400 5521 3514 5587 ipse
3541 5518 3696 5584 dixit,
3730 5534 3817 5574 ne-

2229 5640 2330 5694 que
2356 5621 2495 5691 apud
2522 5623 2679 5674 istum
2708 5617 2791 5671 illa
2820 5621 3109 5683 conquesta
3131 5623 3212 5667 est
3240 5622 3327 5665 aut
3353 5612 3665 5665 lamentata.

2310 5714 2445 5783 Quid
2478 5712 2716 5783 prwdicta
2733 5726 2821 5763 nos
2846 5709 3075 5762 doceant.
3100 5706 3142 5760 Δ
3169 5704 3415 5773 vrueﬁciis
3431 5714 3586 5768 atque
3604 5701 3819 5768 prtuli-
