4074 6428
264 432 364 501 giis
410 428 787 483 distinendam
821 425 1072 499 Coniuges
1096 426 1382 481 “invicem
1422 426 1640 495 diligant
1665 440 1861 479 necesse

268 521 578 578 est.—llinc
612 520 916 577 castitatem
943 521 1199 577 docemur
1239 518 1401 575 simul
1435 530 1488 576 et
1520 519 1701 575 fidem.
1726 518 1861 575 Nam

270 631 392 671 cum
443 615 612 670 Deum
654 624 923 685 precetur,
966 615 1122 673 fidem
1164 615 1281 684 ejus
1325 614 1427 669 hoc
1463 614 1661 669 indicat
1694 630 1707 666 :
1739 625 1863 666 cum

278 720 405 763 vero
435 720 776 777 nequaquam
806 723 1025 763 uxorem
1056 707 1254 775 ejiciat,
1306 706 1357 760 id
1382 706 1501 776 ejus
1528 703 1863 759 manifestam

274 797 448 859 reddit
476 800 779 856 cutitatem
814 817 834 854 :
860 815 983 855 cum
1019 808 1197 855 autem
1226 816 1332 854 nou
1358 798 1666 869 exprobret,
1691 811 1865 867 neque

273 887 547 957 desperet,
581 889 636 944 id
663 890 975 959 patientiam
1005 891 1123 959 ejus
1149 899 1205 945 et
1232 889 1396 943 animi
1422 888 1863 951 moderationem,

273 979 603 1049 multamque
629 980 945 1035 modestiam
970 990 1025 1037 et
1044 995 1283 1035 amorem
1304 995 1428 1050 erga
1450 993 1672 1033 uxorem
1695 986 1869 1031 osten-

263 1067 373 1125 dit.
400 1068 587 1138 Neque
607 1071 775 1137 enim,
793 1071 1243 1141 quemadmodum
1264 1086 1405 1125 nuuc
1427 1069 1581 1125 multi
1604 1068 1866 1134 factitant,

272 1160 363 1227 qui
394 1160 446 1214 in
473 1160 741 1229 ejusmodi
781 1163 1037 1217 aerumnis
1065 1162 1136 1218 ad
1166 1160 1422 1217 veneficia
1469 1160 1871 1231 ps-testigiasque

275 1250 618 1321 confugiunt,
654 1253 740 1307 illa
762 1254 1056 1324 superflua,
1086 1253 1317 1318 inutilia,
1351 1254 1530 1318 noxia,
1572 1253 1872 1322 animaeque

277 1340 486 1400 letifera
514 1342 605 1398 ille
625 1342 774 1409 fecit,
793 1345 889 1400 sed
916 1346 1131 1402 omissis
1156 1344 1407 1403 omnibus
1424 1342 1529 1409 bis,
1556 1343 1871 1412 cunctisque

278 1435 603 1503 contemptis
627 1435 788 1490 rebus
813 1435 1081 1501 humanis,
1108 1434 1176 1490 ad
1218 1444 1421 1491 natura:
1452 1433 1757 1499 Dominum,
1778 1433 1871 1503 qui

278 1536 491 1596 poterat
518 1526 603 1582 bis
630 1527 779 1582 solus
807 1528 1031 1595 mederi,
1054 1529 1302 1584 recurrit.

354 1615 408 1671 6.
449 1617 648 1674 Audite
687 1620 824 1683 haec,
866 1620 1063 1687 mariti,
1102 1620 1314 1687 discite,
1352 1634 1578 1686 uxores,
1603 1618 1877 1674 imitemur

276 1711 482 1780 justum
515 1724 725 1765 omnes.
755 1710 905 1767 Nihil
928 1711 1094 1782 pluris
1121 1712 1281 1766 faciat
1304 1728 1459 1776 uxor,
1478 1726 1635 1780 quam
1659 1713 1829 1765 virum
1856 1726 1870 1764 :

284 1800 417 1857 nihil
447 1802 616 1869 magis
644 1802 724 1855 vir
759 1802 963 1873 diligat,
996 1818 1156 1872 quam
1198 1819 1440 1858 uxorem.
1472 1803 1587 1859 Hoc
1632 1803 1873 1857 omnium

286 1901 533 1952 metrum
564 1892 725 1948 vitam
756 1901 952 1957 tuetur,
974 1909 1194 1948 uxorem
1222 1911 1343 1949 cum
1366 1894 1482 1949 viro
1506 1894 1871 1949 concordare:

284 1983 389 2038 hoc
417 1982 671 2037 mundum
716 1985 954 2039 continet
1003 1986 1330 2039 universum.
1362 1984 1495 2039 Nam
1521 1985 1879 2054 quemadmo-

282 2075 411 2128 dum
443 2090 706 2130 concusso
735 2076 1082 2131 fundamento
1114 2087 1278 2133 totum
1309 2078 1512 2133 corruit
1541 2077 1821 2133 mdificium
1857 2095 1871 2131 :

282 2166 361 2219 sic
388 2165 548 2219 etiam
575 2182 697 2221 cum
726 2167 946 2223 dissidia
986 2169 1127 2223 inter
1165 2169 1421 2239 conjugcs
1464 2170 1728 2232 oriuntur,
1764 2178 1873 2224 tota

282 2255 390 2309 vita
439 2266 619 2310 nostra
663 2257 1009 2318 subvertitue.
1051 2258 1186 2314 Vide
1222 2275 1452 2330 namque
1498 2278 1511 2314 :
1545 2260 1775 2316 mundus
1805 2272 1874 2315 ex

281 2349 508 2404 urbibus
537 2361 767 2417 constat,
812 2352 974 2408 urbes
1004 2369 1071 2408 ex
1103 2354 1375 2421 domibus,
1405 2371 1468 2411 ex
1502 2358 1629 2413 viris
1653 2372 1716 2413 ac
1745 2373 1878 2414 uxo-

284 2442 435 2497 ribus
464 2442 679 2498 domus.
709 2444 764 2499 Si
797 2446 957 2515 igitur
999 2447 1140 2503 inter
1178 2448 1325 2503 viros
1363 2459 1419 2505 et
1462 2466 1656 2505 uxores
1701 2468 1871 2523 pugna

280 2542 593 2603 consurgat,
625 2534 753 2590 dum
784 2536 883 2589 ista
912 2538 1211 2603 turbantur,
1244 2540 1407 2595 etiam
1435 2542 1599 2598 urbes
1626 2551 1873 2598 evertun-

283 2632 371 2684 tur
398 2641 412 2677 :
441 2623 585 2693 quod
608 2626 652 2679 si
671 2626 830 2682 urbes
849 2627 1146 2691 turbentur,
1175 2632 1480 2687 universum
1502 2634 1663 2689 etiam
1688 2634 1875 2691 orbem

283 2712 505 2773 omnino
552 2728 773 2771 nc-cesse
821 2725 905 2771 est
954 2718 1303 2786 tumultibus,
1350 2722 1527 2789 bellis,
1578 2728 1876 2796 pugnisque

281 2802 564 2871 compleri.
612 2803 904 2876 Pmpterea
934 2807 1075 2863 Deus
1107 2810 1259 2864 istius
1299 2813 1378 2867 rei
1417 2814 1650 2870 maxime
1689 2830 1874 2871 curam

279 2895 458 2963 gerit;
492 2906 776 2967 propterea
802 2914 1023 2955 uxorem
1045 2901 1168 2969 ejici
1192 2918 1298 2957 non
1322 2904 1470 2971 sinit,
1518 2916 1874 2980 prasterquam

280 2984 352 3039 ob
380 2985 551 3040 solam
598 2988 1024 3046 fornicationem.
1055 2993 1194 3059 Quid
1228 2995 1387 3065 igitur
1410 2997 1455 3052 si
1481 3002 1869 3058 contumeliosa

281 3077 371 3142 sit,
401 3078 543 3134 dicet
564 3080 777 3151 aliquis,
801 3083 845 3137 si
868 3084 1084 3154 profusa
1114 3086 1183 3141 sit
1203 3097 1255 3143 et
1286 3098 1620 3159 sumptuosa,
1639 3104 1694 3149 et
1715 3094 1875 3151 innu-

283 3169 448 3223 meris
477 3170 596 3225 afiis
626 3173 771 3227 vitiis
798 3177 1036 3232 scateat?
1062 3177 1336 3235 Patienter
1367 3180 1445 3237 fer
1472 3185 1674 3253 omnia,
1703 3202 1879 3260 neque

284 3270 507 3331 propter
528 3261 655 3317 vitia
681 3265 839 3335 ejice,
865 3278 1232 3349 verumtamen
1255 3272 1381 3327 vitia
1402 3277 1630 3347 corrige.
1653 3278 1880 3349 Propte-

285 3367 375 3406 rea
406 3362 460 3407 tu
489 3356 679 3423 capitis
719 3356 897 3413 locum
925 3368 1094 3428 tenes,
1128 3373 1184 3417 ut
1224 3368 1435 3436 corpori
1482 3369 1622 3425 scias
1650 3373 1875 3429 mederi.

284 3442 417 3497 Nam
449 3462 622 3516 neque
650 3449 694 3502 si
724 3464 918 3519 corpus
948 3465 1189 3509 nostrum
1238 3458 1530 3516 innumeris
1569 3462 1639 3517 sit
1664 3463 1877 3521 confos-

284 3550 405 3589 sum
436 3538 770 3607 vulneribus,
814 3541 941 3598 illud
984 3559 1013 3597 a
1054 3547 1227 3615 capite
1253 3563 1584 3618 separamus.
1615 3554 1693 3611 Ne
1719 3557 1879 3627 igitur

286 3642 507 3683 uxorem
538 3646 752 3700 quoque
777 3647 995 3703 separes
1023 3651 1053 3690 a
1084 3638 1257 3707 teipse
1284 3658 1297 3697 :
1328 3642 1482 3697 nobis
1508 3646 1650 3702 enim
1679 3663 1879 3718 corpo-

288 3719 362 3773 ris
386 3720 505 3774 loco
528 3733 609 3776 est
632 3738 783 3777 uxor.
817 3724 987 3792 Quam
1014 3726 1085 3781 ob
1108 3744 1323 3786 causam
1346 3732 1532 3788 beatus
1562 3737 1720 3791 etiam
1743 3739 1879 3794 Pau-

288 3812 371 3868 lus
400 3814 577 3869 aiebat
612 3834 623 3869 :
667 3815 777 3869 Viri
798 3819 1015 3888 diligere
1038 3836 1220 3876 tutores
1245 3824 1317 3878 sic
1357 3825 1556 3891 debent,
1582 3838 1637 3881 ut
1664 3846 1879 3899 corpora

287 3920 380 3961 sua
414 3902 630 3975 (Ephes.
670 3907 722 3961 5.
750 3907 868 3980 28).
918 3910 982 3965 Et
1022 3926 1119 3980 pro
1152 3915 1408 3969 uxoribus
1450 3918 1640 3975 eadem
1667 3921 1752 3976 lex
1788 3922 1882 3976 da-

288 4004 375 4049 tur
405 4015 417 4049 :
448 3997 585 4051 sicut
615 4008 757 4059 tuum
787 4011 945 4070 caput
970 4017 1118 4058 atnas
1147 4015 1201 4059 et
1229 4006 1381 4073 colis,
1416 4024 1571 4078 uxor,
1612 4013 1685 4067 ita
1708 4013 1879 4069 virum

290 4098 438 4143 tuum
468 4090 582 4144 cole
604 4094 619 4122 ³
655 4109 670 4146 :
705 4109 879 4163 neque
900 4095 1042 4149 enim
1069 4097 1184 4153 sine
1207 4114 1367 4155 causa
1399 4110 1597 4156 tantam
1633 4104 1786 4161 istius
1803 4108 1879 4162 rei

292 4179 551 4233 rationem
586 4180 861 4237 habemus.
892 4183 1015 4240 Scio
1045 4198 1177 4256 quot
1211 4189 1347 4243 bona
1381 4195 1631 4249 conciliet
1652 4198 1813 4266 istud,
1838 4199 1883 4253 si

292 4270 494 4321 nullum
529 4271 669 4324 inter
690 4272 858 4327 virum
884 4285 936 4327 et
966 4292 1184 4331 uxorem
1207 4280 1487 4336 dissidium
1520 4288 1883 4343 oriatur:scio

290 4370 422 4427 quot
448 4362 710 4418 malorum
749 4368 1061 4423 occasiones
1092 4373 1285 4439 pariat,
1335 4377 1377 4429 si
1414 4378 1550 4432 inter
1575 4395 1632 4435 se
1662 4392 1886 4437 conten-

290 4450 445 4506 dant.
467 4453 617 4508 Tunc
643 4456 785 4510 enim
814 4473 919 4511 non
941 4458 1161 4528 diviti-.e,
1190 4480 1298 4519 non
1323 4466 1545 4523 felicitas
1572 4487 1728 4542 quam
1758 4474 1885 4530 boni

293 4542 523 4597 all'erunt
569 4544 743 4613 liberi,
789 4564 898 4603 non
941 4551 1228 4607 multitudo
1268 4557 1577 4626 liberorum,
1620 4578 1727 4617 non
1769 4581 1885 4620 ma-

294 4632 554 4701 gistratus
586 4650 649 4691 ae
680 4638 1029 4708 principatus,
1064 4659 1170 4697 non
1200 4645 1391 4714 gloria,
1424 4664 1527 4704 non
1557 4651 1748 4721 honor,
1781 4672 1885 4711 non

295 4724 524 4792 deliciae,
560 4743 665 4783 non
696 4743 961 4800 sumptus,
992 4750 1099 4789 non
1147 4737 1250 4789 alia
1280 4742 1481 4807 qumvis
1508 4743 1731 4800 felicitas
1759 4763 1891 4801 uxo-

296 4832 410 4873 rem
439 4818 760 4888 exhilarare,
780 4825 862 4878 vel
886 4824 1056 4879 virum
1077 4829 1295 4896 poterit,
1318 4831 1361 4884 si
1386 4831 1522 4887 inter
1545 4850 1603 4889 se
1631 4836 1887 4893 rixentur.

366 4909 422 4963 7.
468 4908 612 4965 Uxor
633 4912 811 4967 vitiosa
832 4913 1099 4973 toleranda
1118 4929 1225 4984 est;
1248 4937 1349 4974 non
1373 4920 1485 4975 licet
1506 4940 1713 4979 uxorem
1735 4945 1884 4997 repu-

296 5001 441 5055 diare
463 5010 508 5054 et
527 5002 683 5055 aliam
700 5004 909 5063 ducere.
922 5005 1183 5065 Orationis
1203 5011 1294 5065 eis.
1317 5042 1384 5051 —
1403 5013 1536 5071 Huic
1557 5018 1889 5087 potissimum

299 5093 374 5146 rei
406 5107 518 5163 prze
537 5095 748 5149 caneris
770 5098 1018 5152 omnibus
1039 5100 1371 5157 studeamus.
1405 5104 1605 5161 Vitiosa
1632 5118 1717 5163 est
1737 5126 1890 5179 uxor,

299 5182 384 5239 fac
410 5185 553 5255 quod
581 5186 731 5243 Isaac
758 5186 907 5255 fecit,
936 5190 1103 5245 Deum
1131 5210 1376 5263 precare.
1402 5199 1457 5252 Si
1482 5201 1626 5255 enim
1655 5202 1745 5258 ille
1776 5219 1891 5274 pre-

300 5290 423 5335 cum
456 5276 771 5339 assiduitate
796 5279 1129 5339 debilitatem
1159 5285 1315 5340 solvit
1338 5302 1563 5357 uatum,
1594 5294 1765 5349 multo
1785 5292 1898 5351 ma-

302 5368 382 5435 gis
414 5382 532 5433 nos,
563 5368 608 5423 si
630 5369 843 5425 assidue
876 5372 1040 5427 Deum
1063 5390 1300 5442 oremus,
1330 5381 1623 5447 poterimus
1650 5385 1774 5439 vitia
1809 5402 1899 5442 vo.

303 5464 527 5521 ltutatis
552 5463 843 5533 corrigere.
876 5464 931 5519 Si
960 5474 1009 5519 te
1038 5465 1175 5521 Deus
1199 5469 1392 5525 viderit
1417 5472 1593 5528 studio
1627 5489 1738 5531 sua:
1768 5479 1899 5549 legis

372 5624 397 5696 ε.
415 5630 549 5697 Hune
571 5620 857 5697 loeum‘sier
874 5622 1047 5697 aptati
1086 5636 1228 5685 posse
1252 5637 1427 5697 censet
1449 5631 1670 5697 savittus.
1684 5646 1897 5697 nempe,

306 5686 867 5761 FC’R‘Q
884 5682 1045 5735 ι’έτωκ
1061 5682 1233 5745 abnuo
1256 5687 1447 5751 "mlier,
1474 5697 1519 5743 ct
1552 5692 1594 5743 si
1617 5682 1734 5746 colis
1756 5682 1901 5761 capiti

310 5752 467 5807 tuum,
490 5748 562 5801 sic
592 5744 731 5796 illum
751 5746 870 5794 cole.

1448 332 1583 389 NON
1623 328 1791 390 ESSE
1831 324 2363 387 DESPERANDUM.

1974 422 2329 479 observanda:
2345 422 2578 480 tolerare
2601 422 2966 493 patienterquc
2986 420 3125 476 ferre
3144 419 3339 474 delicta
3362 417 3566 481 uxoris,

1974 516 2041 572 ad
2069 516 2213 570 illam
2243 515 2537 572 docendam
2580 526 2631 572 te
2652 514 2880 585 juvabit,
2918 529 2982 569 ac
3008 511 3277 583 patientia:
3305 508 3398 565 tibi
3421 524 3569 564 mer.—

1975 606 2163 661 cedem
2195 608 2470 677 rependet.
2507 605 2656 662 Unde
2679 608 2812 662 enim
2843 606 2962 667 scis,
2998 604 3095 669 uir,
3134 601 3324 671 inquit,
3354 599 3398 653 si
3436 614 3567 654 utro-

1972 715 2080 752 rem
2100 698 2293 752 salvam
2316 697 2510 767 facies?
2533 707 2621 751 aut
2638 697 2775 750 unde
2794 697 2913 761 scis,
2938 712 3087 759 uxor,
3111 693 3153 747 si
3184 693 3355 745 cirum
3372 689 3570 744 saluum

1973 793 2128 862 facies
2158 793 2176 859 (
2193 790 2208 843 f
2239 790 2357 844 Cor.
2381 791 2434 845 7.
2465 792 2533 845 16
2564 788 2624 860 )?
2652 789 2771 844 Noli
2801 800 2980 843 autem
3004 779 3574 852 animumdespoude-

1974 898 2054 945 re,
2086 884 2191 936 noli
2214 882 2522 953 desperare.
2555 882 2698 937 Fieri
2727 881 2871 936 enim
2915 886 3088 949 potest
3131 884 3190 930 ut
3218 875 3331 944 ipsa
3360 887 3575 943 quorum

1975 976 2119 1029 salva
2152 977 2277 1028 fiat:
2306 974 2447 1042 quod
2476 973 2520 1028 si
2552 988 2612 1028 se
2634 989 2742 1026 nun
2782 972 3034 1039 corrigat,
3070 977 3128 1023 tu
3162 964 3577 1033 tamen-patien-

1969 1068 2065 1122 tia:
2097 1067 2401 1123 mercedem
2431 1082 2536 1121 non
2561 1066 2777 1120 amittes
2804 1082 2817 1117 :
2847 1064 2929 1119 siu
2958 1072 3137 1115 autem
3168 1054 3575 1126 ejeccris,-illud

1976 1172 2143 1212 unum
2168 1157 2397 1227 primum
2427 1156 2659 1227 peccasti
2690 1155 2834 1225 quod
2866 1154 3036 1223 legetu
3064 1160 3430 1221 transgressus
3456 1146 3575 1201 fuc-

1976 1248 2072 1311 ris,
2096 1257 2150 1303 et
2169 1248 2378 1303 adulter
2419 1248 2557 1318 apud
2588 1247 2755 1302 Deum
2772 1246 3029 1317 judiceris
3054 1262 3067 1300 :
3100 1243 3417 1314 Quicumque
3442 1240 3576 1295 enim

1976 1340 2175 1412 ejeterit
2199 1357 2407 1395 uxorem
2438 1358 2603 1407 suum,
2636 1341 2825 1409 inquit,
2848 1349 3057 1408 excepta
3079 1334 3431 1408 fornicationis
3457 1350 3580 1389 cau-

1976 1449 2055 1497 sa,
2095 1432 2219 1499 facit
2244 1448 2355 1486 eam
2384 1433 2624 1487 meliori
2661 1431 2878 1500 (Matth.
2911 1432 2966 1489 5.
3008 1429 3079 1485 32
3094 1428 3137 1502 ).
3190 1429 3579 1497 Saepenumero

1978 1534 2154 1581 autem
2200 1536 2420 1597 accepta
2467 1526 2782 1594 dil‘ficiliori,
2829 1536 3109 1596 peccatum
3147 1524 3437 1591 admisisti,
3477 1536 3579 1585 nec

1981 1623 2161 1672 tamen
2192 1616 2354 1673 ullam
2387 1618 2774 1674 reb-sationem
2799 1628 2891 1673 aut
2914 1618 3148 1687 quietem
3173 1628 3361 1671 nactus
3380 1631 3461 1671 es.
3481 1613 3576 1669 Sin

1982 1708 2259 1763 meliorem
2280 1726 2456 1763 assum
2469 1711 2658 1780 pseris,
2682 1726 2789 1766 non
2809 1710 3131 1781 permittitur
3149 1708 3264 1771 tibi,
3291 1718 3348 1761 ut
3368 1706 3575 1761 sincera

1979 1801 2252 1869 voluptate
2312 1802 2603 1873 perfruaris
2653 1819 2718 1859 ex
2766 1803 3032 1866 secunda,
3084 1802 3154 1858 ob
3201 1800 3574 1855 dimissionem

1980 1892 2195 1962 prioris,
2223 1908 2345 1948 cum
2377 1895 2501 1951 inde
2526 1896 2617 1949 tibi
2634 1895 2953 1950 adulterium
2982 1895 3307 1964 imputetur:
3331 1899 3411 1948 est
3430 1888 3578 1948 enim

1979 1982 2299 2038 adulterium
2352 1986 2588 2055 priorem
2627 1986 2919 2042 dimittere.
2966 1984 3099 2041 Cum
3144 1986 3304 2055 igitur
3344 1984 3577 2053 aliquam

1980 2075 2181 2131 videris
2220 2076 2350 2133 oriri
2396 2077 2763 2133 difficultatem
2804 2078 2888 2134 vel
2916 2080 2969 2133 in
3012 2078 3375 2141 matrimonio,
3409 2074 3493 2133 vel
3521 2075 3578 2131 in

1978 2168 2157 2237 aliquo
2177 2168 2284 2223 alio
2307 2184 2487 2223 rerum
2505 2177 2666 2235 statu,
2695 2171 2859 2225 Deum
2886 2185 3139 2240 precare:
3162 2169 3249 2223 hic
3274 2168 3421 2223 solus
3440 2167 3581 2238 opti-

1982 2273 2101 2313 tuus
2122 2273 2152 2312 e
2174 2260 2328 2313 malis
2356 2260 2667 2331 emergendi
2690 2260 2901 2316 modus.
2935 2260 3123 2331 Magna
3145 2260 3342 2330 quippe
3362 2270 3445 2314 est
3463 2272 3581 2313 ora-

1982 2348 2141 2402 tionis
2170 2360 2463 2404 armatura.
2510 2351 2623 2407 Hoc
2661 2361 2718 2406 ct
2768 2366 3141 2422 sa-penumero
3177 2351 3312 2417 dixi,
3346 2360 3400 2404 ct
3430 2363 3573 2404 nunc

1980 2440 2123 2509 dico,
2158 2458 2331 2512 neque
2357 2442 2539 2499 dicere
2563 2443 2791 2499 cessabo
2821 2462 2834 2497 :
2869 2444 2995 2499 licet
3039 2452 3291 2515 peceator
3318 2442 3413 2507 sis,
3449 2453 3581 2496 con-

1982 2544 2132 2587 verte
2156 2536 2341 2589 ocufos
2364 2544 2483 2591 tuos
2503 2536 2556 2591 in
2589 2536 2930 2606 publicanum
2953 2535 3045 2606 qui
3069 2534 3335 2604 repulsam
3362 2548 3468 2588 non
3493 2540 3581 2586 tuo

1982 2624 2065 2691 lit,
2096 2627 2185 2696 qui
2212 2638 2318 2682 tam
2348 2627 2530 2683 multis
2556 2642 2615 2684 se
2644 2628 2874 2699 permotis
2903 2625 3160 2697 expiavit.
3188 2624 3354 2680 Visne
3379 2622 3579 2679 intelli-

1980 2731 2107 2787 gere
2151 2730 2346 2789 quanta
2386 2736 2472 2776 res
2515 2721 2584 2776 sit
2610 2721 2824 2776 oratio?
2860 2719 2979 2775 Non
3027 2728 3134 2773 tam
3176 2718 3321 2773 valet
3347 2716 3580 2773 amicitia

1982 2810 2120 2879 apud
2153 2812 2317 2865 Deum
2343 2828 2502 2883 quam
2533 2814 2725 2868 oratio.
2749 2812 2931 2883 Neque
2961 2826 3114 2866 meus
3139 2820 3223 2866 est
3248 2810 3331 2863 hic
3354 2823 3538 2865 sermo
3562 2826 3578 2864 :

1981 2918 2157 2972 neque
2186 2905 2329 2959 enim
2357 2906 2609 2962 auderem
2635 2907 2763 2960 tanti
2795 2905 3052 2960 momenti
3077 2921 3190 2960 rem
3219 2920 3282 2959 ex
3312 2918 3429 2958 mea
3450 2916 3579 2957 sen-

1983 2995 2146 3048 tentia
2176 2994 2429 3063 defiuire,
2462 2998 2588 3053 audi
2618 3014 2680 3053 ex
2712 2997 3009 3066 Scriptura,
3039 2995 3182 3067 quod
3210 2996 3441 3050 amicitia
3474 3010 3581 3049 non

1982 3086 2227 3156 perfecit,
2257 3089 2308 3144 id
2336 3091 2405 3145 ab
2431 3092 2677 3157 oratione
2710 3106 2832 3146 esse
2857 3090 3174 3159 perfectum.
3206 3088 3335 3153 Quis
3353 3105 3417 3144 ea:
3444 3081 3583 3143 vobis

1982 3187 2076 3241 est,
2098 3180 2183 3248 qui
2202 3180 2401 3235 habebit
2421 3181 2662 3247 amicum,
2686 3191 2736 3236 et
2761 3181 2963 3234 veniens
2982 3180 3111 3233 dicet
3131 3180 3198 3243 ei,
3218 3179 3413 3245 Amice,
3444 3195 3585 3233 com—

1984 3269 2137 3322 moda
2177 3270 2305 3323 mihi
2354 3281 2455 3325 tres
2490 3289 2647 3342 panes
2680 3287 2700 3326 :
2729 3282 2774 3325 et
2810 3270 2899 3325 ille
2940 3270 3251 3341 respondens
3296 3270 3426 3323 dicet
3469 3270 3581 3335 illi,

1987 3358 2189 3415 Ostium
2217 3362 2448 3417 clausum
2479 3373 2570 3427 est,
2596 3365 2740 3434 pueri
2758 3373 2876 3419 sunt
2897 3364 2948 3417 in
2972 3363 3129 3417 cubili
3149 3378 3170 3418 :
3191 3363 3299 3416 noli
3319 3362 3443 3415 milii
3469 3378 3581 3415 mo-

1986 3454 2141 3508 lestus
2167 3471 2291 3509 esse.
2334 3454 2459 3509 Dico
2488 3457 2622 3510 enim
2669 3457 2826 3519 vobis,
2854 3456 2946 3509 etsi
2972 3456 3109 3526 quod
3142 3457 3336 3508 amicus
3356 3455 3467 3524 ejus
3495 3454 3581 3515 sit,

1983 3562 2084 3599 non
2108 3544 2247 3599 dabit
2271 3548 2333 3613 ei,
2362 3550 2567 3617 pfopter
2595 3548 3222 3618 importunitatem-tamen
3242 3546 3352 3617 ejus
3372 3545 3512 3599 dabit
3536 3544 3583 3600 ei

1983 3648 2225 3709 quotquot
2266 3638 2413 3693 habet
2438 3640 2744 3694 necessarios
2774 3638 2924 3709 (Luc.
2954 3630 3042 3694 ll.
3074 3640 3109 3695 5
3135 3638 3253 3709 -8).
3282 3636 3444 3694 Vides
3472 3652 3581 3706 qua

1977 3740 2145 3800 pacto
2172 3731 2314 3799 quod
2343 3747 2449 3785 non
2480 3733 2649 3801 potuit
2674 3731 2927 3798 amicitia,
2953 3732 3055 3785 hoc
3079 3730 3364 3786 assiduitas
3391 3738 3582 3798 potuc-

1987 3824 2094 3877 rit'?
2120 3822 2252 3875 Nam
2286 3824 2539 3893 quoniam
2566 3822 2665 3877 fuit
2706 3823 2931 3887 amicus,
2960 3823 3049 3891 qui
3093 3822 3325 3891 petebat,
3363 3837 3431 3875 ne
3462 3834 3586 3888 pro-

1988 3924 2167 3985 pterea
2196 3932 2309 3969 rem
2336 3916 2483 3969 illum
2510 3915 2799 3986 perfecisse
2823 3930 3093 3977 censeres,
3123 3915 3275 3981 dixit,
3306 3913 3418 3969 Etsi
3445 3914 3585 3991 quod

1988 4009 2179 4059 amicus
2217 4008 2330 4071 eius
2367 4008 2431 4061 sit
2482 4023 2582 4061 non
2621 4006 2760 4061 dabit
2798 4008 2865 4073 ei,
2913 4019 3122 4078 propter
3151 4008 3585 4078 importunitatem

1988 4098 2095 4166 ejus
2132 4097 2270 4149 dabit
2311 4098 2375 4150 ei.
2417 4096 2566 4151 Licet
2600 4097 2653 4152 id
2695 4098 2925 4153 amicitia
2967 4113 3071 4152 non
3109 4106 3347 4167 praestet,
3393 4098 3582 4169 inquit,

1990 4190 2274 4245 assiduitas
2302 4199 2478 4243 tamen
2508 4191 2780 4259 prmSIabit
2817 4190 2868 4244 id
2898 4190 3037 4260 quod
3084 4189 3319 4244 amicitia
3363 4190 3583 4243 minime

1991 4282 2180 4348 potuit.
2216 4280 2279 4334 Et
2310 4281 2396 4334 ubi
2442 4281 2654 4335 tandem
2684 4282 2736 4335 id
2780 4282 3015 4335 accidit?
3056 4280 3114 4335 ln
3152 4280 3454 4350 publicano.
3484 4278 3588 4334 Ne-

1990 4387 2090 4441 que
2124 4374 2265 4425 enim
2293 4380 2409 4426 erat
2432 4373 2637 4427 amicus
2665 4374 2775 4427 Deo
2800 4374 3132 4441 publicanus,
3158 4371 3253 4427 sed
3280 4372 3592 4426 amicusest

1992 4462 2165 4517 factus
2190 4482 2202 4517 :
2231 4466 2409 4533 itaque
2432 4462 2557 4518 licet
2600 4464 2843 4518 inimicus
2869 4464 2964 4527 sis,
2988 4463 3302 4518 assiduitate
3333 4463 3428 4518 fies
3452 4462 3590 4517 ami-

1992 4570 2108 4609 cus.
2144 4554 2276 4609 Vide
2300 4555 2460 4609 etiam
2494 4554 3067 4626 Symphtenissam,-ct
3092 4554 3215 4608 audi
3244 4553 3371 4623 quid
3408 4553 3590 4609 illidi-

1993 4653 2121 4699 cat:
2158 4642 2281 4698 Non
2320 4653 2397 4700 est
2435 4644 2621 4697 bonum
2660 4661 2857 4698 sumere
2899 4661 3081 4714 panem
3126 4646 3371 4712 ﬁliorum,
3396 4654 3443 4699 et
3470 4644 3593 4698 dare

1994 4737 2203 4791 canibus
2232 4736 2443 4808 (Matth.
2473 4736 2561 4791 15.
2584 4735 2698 4806 26).
2747 4735 2854 4791 Cur
2882 4735 3041 4806 igitur
3070 4736 3121 4791 id
3152 4736 3296 4799 fecit,
3320 4737 3363 4789 si
3387 4736 3585 4791 bonum

1996 4845 2103 4886 non
2132 4829 2252 4884 est?
2281 4828 2611 4883 Assiduitate
2643 4828 2837 4883 mulier
2862 4829 2913 4884 id
2943 4829 3142 4883 bonum
3174 4828 3390 4887 effecit:
3420 4838 3483 4884 ut
3513 4830 3592 4882 di-

1996 4935 2117 4975 scas
2138 4936 2236 4976 nos
2264 4920 2457 4990 quibus
2485 4920 2638 4991 digni
2659 4919 2878 4975 minime
2906 4935 3115 4988 sumus,
3145 4919 3211 4975 iis
3234 4933 3331 4989 per
3359 4918 3558 4975 assidui
3576 4950 3590 4959 -

1999 5020 2160 5067 tatem
2192 5010 2383 5081 dignos
2413 5010 2663 5066 evadere.

2071 5104 2124 5159 8.
2159 5104 2287 5158 Haec
2316 5117 2421 5173 ego
2442 5101 2576 5168 dixi,
2602 5116 2669 5156 ne
2698 5099 2864 5163 dicas,
2883 5102 3148 5156 l’eccator
3170 5116 3311 5168 sum,
3345 5100 3590 5155 fiduciam

1999 5210 2107 5250 non
2135 5194 2346 5259 habeo,
2388 5208 2577 5264 preces
2605 5209 2710 5248 non
2760 5192 2951 5246 habeo.
2995 5192 3089 5249 life
3132 5193 3381 5249 fiduciam
3412 5193 3592 5258 habet,

2001 5286 2090 5358 qui
2117 5302 2177 5343 se
2202 5302 2308 5341 non
2338 5285 2535 5345 habere
2585 5285 2729 5339 illam
2774 5292 2922 5353 putat
2951 5301 2963 5336 :
2992 5285 3131 5339 sicut
3172 5286 3214 5338 is
3243 5284 3333 5354 qui
3374 5299 3432 5339 se
3464 5284 3599 5337 fidu-

2002 5379 2138 5431 ciam
2169 5377 2365 5431 habere
2398 5384 2581 5446 putat,
2626 5374 2871 5429 fiduciam
2898 5375 3109 5439 amisit,
3143 5374 3594 5445 quemadmodum

2006 5469 2307 5524 Pbarismus
2340 5466 2472 5539 :uqui
2503 5482 2629 5521 vero
2654 5467 2889 5536 seipsum
2925 5467 3189 5536 abjectum
3214 5474 3361 5537 putat
3387 5476 3439 5520 et
3467 5464 3601 5519 fulu-

2005 5564 2085 5618 cia
2113 5563 2448 5625 destitutum,
2483 5560 2527 5614 is
2551 5560 2783 5615 maxime
2799 5558 3134 5625 exaudietur,
3153 5556 3601 5630 quemadmodum

2010 5656 2340 5726 publicanus.
2373 5650 2511 5707 Vide
2535 5666 2692 5722 quam
2712 5651 2874 5705 multa
2905 5650 2996 5705 tibi
3017 5652 3261 5722 exempla
3290 5660 3599 5721 suppetant,

2009 5745 2445 5819 Syrotahmnissa,
2481 5743 2827 5814 publicanus,
2863 5742 2998 5799 latro
3028 5744 3083 5799 in
3109 5758 3286 5812 cruce,
3320 5743 3525 5798 amicus
3550 5742 3604 5797 iu
