4074 6394
525 379 774 462 parabole
796 417 814 446 ,
864 380 952 450 qui
995 388 1104 433 tres
1132 392 1296 457 penits
1333 380 1581 449 petebat,
1625 382 1825 452 quique
1853 398 1959 439 non
1988 391 2098 438 tam

525 481 743 544 propter
788 470 1071 528 amicitiam
1094 507 1111 536 ,
1150 482 1310 540 quam
1356 467 1577 542 propter
1613 473 1976 529 assiduitatem
2004 473 2099 529 ob-

524 564 699 618 tinuit.
727 563 925 618 ﬂorum
952 563 1313 633 unusquisque
1338 564 1383 618 si
1409 563 1652 630 dixisset,
1675 564 1936 620 Peccator
1954 580 2097 632 sum,

521 661 579 709 et
616 653 815 721 pudore
859 651 1112 719 suﬂusus,
1156 662 1211 709 et
1252 652 1451 708 idcirco
1488 652 1743 709 accedere
1769 668 1876 710 non
1902 653 2094 721 debeo,

524 745 653 800 nihil
692 744 1066 813 promovisset.
1112 743 1185 797 At
1207 743 1459 813 quoniam
1496 743 1703 798 illorum
1729 743 1952 814 quisque
1988 758 2097 799 non

521 837 589 894 ad
627 844 963 903 peccatorum
992 848 1210 889 suorum
1246 836 1478 904 respexit
1502 832 1919 902 magnitudinem
1940 872 1958 901 ,
2001 832 2097 889 sed

518 927 586 982 ad
616 928 831 983 divitias
856 927 1191 998 benignitatis
1221 927 1313 983 Dei
1340 926 1553 999 (εριιρι.
1583 926 1637 981 δ.
1668 923 1793 995 l6),
1818 925 2097 982 conﬁdens

520 1026 575 1072 ct
609 1020 781 1073 audax
804 1018 929 1081 fuit.
953 1026 1008 1073 et
1035 1018 1275 1087 quamvis
1296 1024 1542 1086 peccator
1564 1025 1760 1086 prmter
1784 1017 2095 1090 dignitatem

520 1124 670 1162 suam
701 1108 1007 1178 postulavit,
1037 1116 1092 1162 et
1116 1121 1237 1177 quae
1263 1106 1428 1175 voluit
1453 1106 1675 1176 quisque
1698 1106 1941 1177 perfecit.
1971 1106 2097 1161 Haec

520 1198 682 1268 igitur
703 1198 878 1254 omaia
902 1208 1081 1253 mente
1105 1208 1384 1251 versemus
1402 1236 1417 1262 ,
1447 1204 1501 1249 et
1518 1195 1731 1251 assidue
1760 1210 1944 1265 preces
1973 1195 2094 1249 fun-

519 1292 709 1345 damus
731 1329 746 1353 ,
770 1288 953 1358 vigiles
974 1326 989 1352 ,
1016 1285 1348 1342 conﬁdentes
1369 1326 1384 1349 ,
1410 1286 1565 1341 bonte
1585 1288 1703 1357 spei
1734 1287 1897 1356 pleni,
1928 1287 2097 1343 multo

518 1394 642 1434 cum
671 1377 864 1434 studio.
898 1376 1107 1443 Quanto
1139 1390 1262 1431 cum
1301 1375 1477 1431 studio
1494 1377 1676 1432 caeteri
1706 1376 1963 1431 adversus
1988 1375 2094 1431 ini-

518 1470 688 1524 micos
710 1482 900 1539 preces
922 1466 1149 1521 fundimt
1166 1508 1183 1534 ,
1212 1475 1359 1521 tanto
1381 1481 1501 1523 cum
1528 1466 1708 1521 studio
1746 1480 1847 1523 nos
1866 1480 1964 1536 pro
1994 1467 2097 1520 ini-

520 1559 680 1623 micis
701 1566 755 1613 et
784 1573 879 1628 pro
919 1557 1166 1616 fratribus
1205 1571 1391 1629 preces
1430 1556 1745 1623 fundamus,
1788 1567 1843 1613 et
1869 1557 2092 1619 omnino

1258 271 1319 327 8.
1354 269 2120 331 JOANNIS‘CIIRYSOB'POII
2157 269 2476 327 ABCBIEP.
2514 270 3026 331 CONSTANTINOP

2203 391 2393 437 cuneta
2422 398 2543 454 qua:
2576 383 2631 438 in
2658 396 2770 461 rem
2799 391 3038 438 nostram
3060 380 3259 439 fuerint
3278 380 3661 439 obtinebimus.
3688 381 3784 438 Bs.

2205 472 2397 542 nignus
2422 473 2566 529 enim
2593 482 2678 529 est
2701 474 2791 544 qui
2816 472 3042 544 largitur
3063 512 3081 539 ,
3106 486 3210 529 nec
3230 472 3366 528 adeo
3388 486 3490 528 nos
3514 469 3786 528 desidera-

2202 578 2324 620 mus
2342 564 2623 634 accipere,
2664 573 2725 620 ut
2758 564 3030 621 desident
3069 564 3160 619 ille
3210 564 3409 635 largiri.
3454 563 3587 619 Haec
3629 562 3787 634 igit.

2202 656 2381 711 omnia
2406 655 2806 719 cum‘sciamus,
2837 656 2962 711 licet
3001 655 3054 710 in
3090 654 3329 710 intimum
3368 653 3628 724 nequitiae
3660 666 3791 725 pro-

2201 746 2422 802 fundum
2437 748 2605 802 simus
2626 745 2882 811 devoluti,
2904 747 3061 801 nesic
3079 744 3291 817 quidem
3316 744 3387 801 de
3404 745 3582 800 salute
3608 751 3793 801 nostra

2200 836 2573 905 desperemus;
2630 835 2727 891 sed
2776 836 2915 891 bona
2964 835 3128 891 etiam
3163 851 3284 890 eum
3316 849 3413 906 spe
3445 834 3792 898 accedamus,

2200 927 2461 997 nobisque
2486 927 2900 997 persuadeamus
2924 926 3144 982 omnino
3182 926 3329 991 fore.
3372 936 3433 982 ut
3475 925 3621 997 quod
3656 924 3794 995 peti-

2200 1031 2321 1072 mus
2356 1032 2707 1088 assequamur
2730 1057 2747 1085 ,
2778 1017 2825 1073 si
2864 1032 2933 1074 ex
2977 1018 3290 1088 praescripto
3320 1017 3551 1072 latarum
3576 1016 3648 1071 ab
3675 1017 3792 1085 ipsa

2200 1106 2377 1176 legum
2426 1115 2690 1178 petamus.
2740 1107 2874 1161 Eunt
2901 1108 2989 1179 qui
3030 1118 3191 1177 potest
3217 1107 3386 1162 omnia
3413 1109 3584 1179 ﬁcere
3611 1122 3793 1183 super-

2198 1196 2549 1264 ebsndenter,
2590 1213 2747 1267 quas»
2784 1198 3034 1267 petimus,
3076 1207 3166 1251 ω
3208 1197 3537 1268 intelligimus
3559 1194 3787 1267 (ἔρια.

2197 1287 2252 1342 5.
2278 1286 2407 1359 ΞΟ).
2456 1285 2750 1353 Christum,
2789 1288 3029 1342 omnium
3070 1286 3303 1357 Regem,
3344 1285 3513 1341 Deum
3545 1295 3796 1341 nostru-

2195 1379 2351 1434 decct
2373 1380 2549 1435 omnis
2576 1379 2766 1451 gloria,
2794 1380 2965 1435 honor
2988 1390 3041 1435 et
3064 1378 3325 1445 adoratio,
3350 1393 3455 1433 una
3481 1391 3610 1433 cum
3634 1378 3795 1433 Patre

2197 1469 2331 1525 initii
2360 1479 2598 1539 experte,
2615 1485 2680 1525 ac
2698 1470 3034 1525 sanctissimo
3057 1469 3369 1540 viviﬁcoque
3387 1468 3614 1539 Spiritu,
3641 1480 3787 1523 nunc

2197 1568 2252 1615 et
2281 1574 2518 1629 semper,
2546 1567 2602 1616 et
2642 1560 2695 1616 in
2720 1560 2914 1617 smcula
2942 1559 3283 1617 mulorum.
3311 1560 3501 1615 Amen.

530 1855 3757 1901 ψ

1469 2196 1819 2256 MONITUM
1863 2198 1961 2257 AD
2002 2195 2380 2257 HOMILIAM
2417 2196 2495 2255 IN
2544 2192 2771 2254 lLLUB

588 2454 741 2510 Hanc
767 2454 1084 2510 concionem
1116 2462 1237 2523 post
1258 2462 1534 2524 peractam
1568 2452 1855 2511 lectionem
1881 2454 2139 2524 Epistolte
2186 2453 2251 2509 ad
2287 2452 2505 2508 Galatas
2540 2450 2843 2507 Antiochia:
2890 2446 3082 2503 habuit
3116 2444 3564 2517 Chrysostomus.
3602 2437 3767 2502 Veri:

518 2581 607 2625 tus
632 2571 774 2624 enim
800 2586 867 2624 ne
897 2570 1128 2636 tantilla,
1160 2586 1283 2642 quae
1306 2572 1395 2629 hic
1423 2580 1650 2642 apparet
1695 2572 1836 2627 inter
1866 2573 2087 2628 Petrum
2130 2582 2185 2627 et
2228 2570 2458 2625 Paulum
2500 2570 2793 2632 Ecclesia,
2846 2569 2924 2622 ait
2968 2569 3079 2632 ille,
3111 2568 3416 2629 columnas,
3460 2559 3765 2627 dissensio,

520 2685 740 2761 piorum
780 2681 994 2738 animos
1017 2683 1427 2748 interturbaret,
1450 2685 1607 2767 longa
1637 2686 1815 2743 locum
1842 2686 1993 2742 illum
2020 2686 2269 2741 oratione
2292 2684 2585 2753 explanare
2608 2682 2823 2737 nititur.
2856 2679 3039 2737 Multis
3069 2680 3252 2742 statim
3276 2677 3535 2749 explicat,
3559 2684 3769 2747 quanta

522 2801 655 2863 hinc
688 2802 1032 2869 incommoda
1070 2812 1392 2873 sequantur,
1415 2804 1460 2859 si
1485 2816 1611 2858 vere
1633 2777 1687 2865 et
1714 2800 2035 2872 obiurgandi
2064 2800 2268 2863 animo,
2306 2796 2554 2867 plurimis
2581 2794 2969 2864 prmsentibus,
2997 2791 3373 2863 apostolorum
3403 2785 3765 2858 coryphaeum

520 2916 722 2974 Paulus
743 2918 815 2977 sit
844 2919 1086 2975 adortus.
1118 2916 1258 2974 Hinc
1282 2918 1418 2973 duas
1438 2917 1581 2975 circa
1606 2917 1753 2979 hunc
1779 2916 1958 2972 locum
1986 2913 2284 2974 sententias
2317 2911 2515 2981 aperit,
2545 2911 2840 2983 Statimque
2883 2906 3085 2964 refutat
3110 2923 3127 2961 :
3173 2918 3407 2977 quarum
3456 2902 3611 2973 prior
3656 2909 3766 2967 est,

523 3033 745 3088 Petrum
768 3032 833 3088 de
857 3045 966 3111 quo
989 3032 1075 3087 hic
1112 3032 1309 3103 agitur,
1331 3046 1438 3087 non
1467 3030 1839 3102 apostolon
1869 3028 2195 3100 principem,
2223 3024 2321 3082 sed
2346 3020 2513 3079 alium
2542 3038 2664 3084 esse
2687 3021 3068 3091 cognominem
3105 3038 3120 3075 :
3154 3019 3324 3078 altera
3352 3031 3539 3073 veram
3575 3012 3770 3070 statuit

527 3161 650 3209 esse
674 3144 1177 3216 reprehensionem,
1203 3146 1298 3205 sed
1328 3144 1583 3203 simulate
1617 3142 1837 3201 factam.
1867 3138 2072 3197 Deinde
2116 3153 2245 3193 vero
2280 3150 2434 3193 suam
2479 3132 2689 3205 profert
2723 3133 2814 3188 ille
2845 3132 3161 3196 opinionem
3196 3146 3213 3183 :
3250 3140 3447 3193 nempe
3488 3121 3772 3195 apostolos

430 3300 433 3301 ν
532 3260 754 3324 Petrum
782 3270 838 3319 et
862 3260 1090 3317 Paulum
1126 3261 1194 3317 ad
1223 3261 1363 3321 hanc
1400 3262 1541 3331 piam
1579 3259 1983 3317 simulationem
2018 3263 2242 3331 paratos
2273 3253 2671 3322 meditatusque
2710 3249 2963 3318 venisse;
3014 3260 3191 3319 exque
3227 3252 3387 3317 Ρδοιο
3416 3250 3473 3299 ει
3500 3245 3774 3298 comm”

538 3517 3751 3565 ___________________________________________________.

489 3866 619 3910 CUM
650 3865 713 3907 IN
758 3865 1165 3907 PRECEDENTI
1189 3865 1503 3907 COLLECTA
1535 3863 1598 3906 IN
1635 3862 1798 3905 ROVA
1846 3860 2082 3904 ECCLESI

2185 3860 2309 3901 CUM
2353 3856 2647 3900 EPISCOPO
2690 3855 3076 3899 CONVENTUI
3104 3854 3558 3914 οειηιιλεοετ,
3588 3856 3764 3919 εισις

567 3962 910 4006 SEBHONEM
980 3963 1219 4006 HABUIT
1262 3963 1323 4005 IN
1368 3962 1597 4005 νετειιι
1643 3960 1932 4004 ECCLESIA
1979 3958 2043 4001 IN

2185 3958 2255 3999 NG
2314 3956 2524 3999 ιοοωι
2578 3954 2877 3999 Αροςτοιι
2918 3957 2932 3995 ζ
2978 3955 3110 3997 ουκ

3169 3957 3201 3999 γ
3212 3956 3467 3999 ENISSET
3521 3958 3765 4005 PETRI].

566 4061 983 4116 ANTIOCBIAM,
1029 4062 1093 4104 ut
1136 4062 1375 4104 mereas
1418 4060 1481 4104 at
1526 4060 1773 4103 nasrm
1819 4040 2011 4121 (Gal.
2039 4039 2079 4098 2

2185 4041 2198 4097 ι
2234 4039 2252 4117 )
2287 4058 2301 4097 :
2335 4056 2415 4097 ET
2449 4054 2759 4097 osmnnrr
2802 4054 2882 4095 ea
2926 4053 3067 4105 quas
3108 4054 3242 4097 τωί
3286 4054 3586 4111 ιτιιωητ,
3635 4057 3761 4101 non

571 4162 606 4202 Δ
675 4160 1050 4203 CONTRABIIS

569 4260 810 4303 TIONEM
856 4242 965 4311 (α).

1864 4399 2096 4414 ..ι-

557 4529 611 4590 1ο
646 4528 815 4593 Unum
860 4544 889 4584 τι
930 4529 1084 4582 vobis
1122 4526 1269 4586 alifui
1312 4526 1490 4590 diem,
1541 4535 1596 4582 et
1644 4524 1867 4599 perinde
1915 4524 2070 4593 quasi

487 4632 629 4677 anno
676 4618 879 4688 integro
920 4627 1195 4687 separatus
1224 4632 1251 4670 a
1295 4618 1448 4672 vobis
1493 4617 1747 4682 fuissem,
1785 4616 1857 4670 ita
1902 4614 2068 4670 tristis

490 4718 821 4778 nimstusque
863 4708 1147 4778 permansi.
1193 4708 1367 4777 Atque
1397 4707 1511 4761 haec
1548 4721 1670 4761 vera
1694 4720 1814 4760 esse
1837 4746 1852 4771 ,
1901 4720 1971 4759 ex
2002 4704 2066 4760 iis

486 4815 605 4870 quae
639 4799 789 4853 vobis
818 4800 1157 4863 acciderunt,
1191 4796 1291 4869 ipsi
1322 4797 1661 4867 cognoscitis.
1721 4795 1789 4852 Ut
1814 4797 1954 4850 enim
1983 4796 2063 4849 la-

484 4900 636 4944 ctens
668 4888 919 4957 puerulus
945 4903 976 4942 a
1004 4890 1257 4942 maternis
1305 4889 1525 4943 avulsus
1569 4887 1819 4941 uberibus
1851 4889 1866 4918 ¹
1888 4928 1903 4951 ,
1933 4901 2067 4957 quo-

486 4994 716 5049 cumque
750 4978 961 5034 tandem
988 4978 1249 5035 abductus
1278 4978 1452 5043 fuerit,
1480 4979 1672 5034 crebro
1702 4993 1759 5031 se
1786 4977 1886 5037 huc
1913 4979 2065 5033 illuc-

486 5085 591 5138 que
618 5070 905 5134 convertit,
938 5079 991 5122 et
1012 5080 1235 5123 matrem
1258 5085 1409 5124 suam
1437 5068 1793 5137 circumspicit
1825 5069 1937 5124 :sic
1966 5083 2065 5137 ego

485 5174 696 5227 quoque
742 5159 925 5227 procui
970 5174 999 5213 a
1046 5170 1289 5214 materno
1334 5160 1452 5215 sinu
1502 5158 1821 5226 translatus,
1875 5160 2063 5215 crebro

486 5249 1014 5317 circumspiciebam.
1070 5260 1123 5304 et
1174 5249 1526 5320 undequaque
1570 5265 1779 5309 sacrum
1830 5261 2063 5313 vestrum

489 5340 628 5409 hunc
656 5349 851 5393 emtum
877 5340 1231 5409 requirebam.
1286 5340 1393 5395 Sed
1420 5356 1482 5395 ea
1508 5356 1595 5395 me
1619 5356 1705 5395 res
1732 5350 1905 5395 tamen
1936 5342 2064 5397 satis

484 5427 877 5495 consolabatur,
910 5430 1051 5499 quod
1082 5431 1209 5484 dum
1238 5432 1605 5488 amantissimo
1632 5434 1766 5505 patri
1797 5444 2059 5503 parerent,

514 5588 621 5699 ags)
665 5588 840 5639 Collata
876 5601 985 5639 cum
1018 5595 1123 5638 uss.
1156 5591 1303 5652 Regio
1322 5590 1463 5649 2345,
1499 5599 1553 5643 et
1575 5590 1864 5643 Colbertinis
1890 5592 1983 5644 970
2016 5605 2062 5643 ct

489 5648 730 5763 Niobam
757 5721 881 5775 Mss,
914 5727 942 5764 ιι
962 5720 1163 5776 patch
1184 5710 1291 5764 sinu
1315 5712 1521 5766 arulam.

1118 4160 1363 4204 STUDIIS
1425 4159 1740 4203 PBWBCTL
1785 4158 1933 4203 ESSE
1964 4184 1979 4215 ,
2055 4156 2270 4201 VERUM
2338 4155 2423 4200 EX
2464 4152 2663 4198 PACTO
2729 4151 3060 4199 CONVERTO
3128 4154 3207 4199 ετ
3250 4155 3368 4199 PER
3425 4156 3766 4203 DISPBNSA-

2098 4378 2391 4428 θη...-

2177 4517 2230 4573 id
2262 4516 2390 4571 mihi
2420 4517 2706 4585 accideret,
2737 4526 2792 4573 et
2820 4524 3137 4587 conceptum
3166 4533 3229 4573 ex
3264 4518 3602 4586 separatione
3628 4533 3765 4577 mm-

2172 4624 2347 4664 rorem
2370 4610 2682 4665 obedientize
2709 4611 2981 4679 praemium
3005 4609 3358 4679 abstergcbat.
3380 4610 3474 4664 Est
3490 4611 3635 4666 enim
3659 4612 3767 4672 hoc

2173 4704 2302 4759 mihi
2324 4704 2408 4760 vel
2443 4705 2636 4775 quovis
2678 4705 2977 4759 diademate
3007 4702 3267 4759 illustrius
3288 4744 3305 4769 ,
3336 4713 3390 4758 et
3415 4719 3613 4760 corona
3643 4706 3762 4776 glo-

2171 4794 2364 4850 riosius
2391 4835 2407 4863 ,
2439 4794 2634 4864 ubique
2672 4808 2791 4849 cum
2829 4794 3067 4863 genitore
3094 4794 3418 4864 peregrinari
3446 4812 3461 4849 :
3500 4794 3604 4849 hoc
3631 4796 3761 4852 mihi

2170 4896 2388 4941 ornatus
2417 4895 2517 4949 est,
2546 4895 2600 4941 et
2644 4887 2900 4941 securitas
2934 4903 2946 4939 :
2975 4895 3194 4940 ornatus
3217 4885 3433 4954 quidem
3453 4926 3469 4951 ,
3501 4888 3648 4955 quod
3681 4888 3759 4943 sic

2171 4990 2292 5029 eum
2320 4976 2702 5046 manciparim,
2738 4986 2790 5030 et
2816 4974 2883 5029 ad
2910 4989 3145 5030 amorem
3190 4991 3369 5029 meum
3422 4976 3758 5045 pellexerim,

2173 5075 2231 5118 ut
2256 5081 2513 5136 nusquam
2531 5067 2647 5119 sine
2670 5067 2778 5120 ﬁlio
2797 5064 2921 5119 velit
2938 5080 3197 5138 apparere
3227 5084 3239 5119 :
3270 5066 3531 5123 securitas
3552 5077 3759 5137 autem,

2171 5158 2311 5227 quod
2324 5158 2447 5212 dum
2468 5166 2780 5228 prtesentcm
2801 5159 3524 5226 intuetnratqnecertantem,
3542 5160 3763 5214 omnino

2172 5261 2385 5303 suarum
2409 5248 2567 5302 etiam
2598 5262 2813 5317 precum
2844 5246 3095 5307 auxilium
3127 5248 3282 5303 nobis
3311 5247 3638 5317 suppeditet.
3694 5249 3762 5304 Et

2172 5338 2619 5409 quemadmodum
2646 5354 2837 5393 navem
2868 5339 3239 5409 gubernatoris
3280 5353 3469 5393 manus
3490 5380 3505 5406 ,
3551 5339 3756 5405 clavus,

2176 5438 2231 5484 et
2264 5429 2480 5501 zephyri
2510 5430 2664 5484 ﬂatus
2688 5429 2755 5483 ad
2784 5438 2992 5500 portum
3029 5444 3220 5501 secure
3247 5427 3519 5483 deducunt
3551 5447 3565 5482 :
3600 5431 3679 5485 sic
3708 5443 3756 5484 et

2175 5522 2331 5591 hujus
2373 5500 2781 5588 benevolentia,
2841 5537 2961 5576 cum
3014 5500 3213 5577 auxilio
3258 5536 3514 5591 precum,
3568 5522 3759 5578 melius

2172 5630 2329 5683 quam
2358 5616 2623 5686 zephyrus
2649 5625 2702 5670 et
2740 5616 3068 5686 gubernator
3108 5616 3247 5670 ullus
3293 5622 3385 5669 aut
3424 5614 3760 5687 gubernacu-

2175 5706 2323 5776 lum,
2364 5708 2655 5764 orationem
2700 5716 2937 5765 nostram
2979 5707 3177 5781 dirigit.
3233 5708 3316 5765 Hc
3347 5721 3473 5769 vero
3496 5717 3754 5779 praeteret
