4074 6422
243 307 357 375 373

249 430 625 488 consolabatur
650 429 809 485 etiam
830 429 983 495 illud,
1002 427 1147 499 quod
1161 440 1258 481 vos
1276 429 1499 498 opipara
1522 438 1634 483 tum
1654 442 1839 485 mensa

254 521 601 587 frueremini,
653 536 717 576 ac
746 520 1021 576 liberalem
1050 527 1107 576 et
1126 529 1496 589 sumptuosum
1526 518 1843 572 convivato.

250 627 367 667 rem
394 610 538 666 nacti
564 611 778 667 essetis.
804 610 972 665 Porro
996 609 1046 664 id
1072 625 1180 664 non
1218 608 1376 663 tando
1406 617 1610 662 tantum
1643 607 1845 662 audivi-

252 716 407 768 mus,
456 700 550 756 sed
592 702 711 772 ipso
747 700 901 756 nobis
944 700 1315 769 experimento
1353 710 1691 770 compertum
1737 708 1841 754 est.

253 794 429 848 Fuere
453 794 671 864 quippe,
700 793 794 863 qui
821 808 883 847 ea
909 807 1028 862 quis
1054 791 1387 856 dicebantur,
1419 802 1607 846 cuncta
1642 792 1842 847 refere~

253 886 411 951 bant,
470 896 524 941 et
550 902 616 940 ex
651 884 897 956 reliquiis
934 885 1002 940 de
1048 894 1159 938 toto
1182 884 1431 939 convivio
1473 884 1839 953 conjecturam

253 974 496 1030 fecimus.
531 974 712 1045 ltaque
739 976 1134 1031 convivatorem
1175 974 1388 1044 quidem
1420 974 1669 1045 laudavi»,
1697 973 1841 1043 ejus-

252 1080 360 1134 que
395 1065 844 1136 magniﬁcentiam
885 1080 949 1120 ac
990 1065 1205 1119 divitias
1226 1064 1593 1120 commendavi
1629 1082 1644 1117 :
1672 1064 1765 1119 sed
1789 1072 1845 1119 et

248 1171 353 1212 vos
376 1167 595 1238 propter
619 1158 757 1213 hanc
779 1157 1203 1214 benevolentiam
1236 1158 1422 1213 beatos
1451 1157 1757 1229 praedicavi,
1790 1164 1845 1212 et

254 1256 474 1316 propter
509 1246 840 1317 diligentiam
864 1288 881 1313 ,
925 1248 1067 1318 quod
1117 1259 1224 1303 tam
1271 1259 1517 1304 accurate
1554 1264 1674 1318 quae
1700 1247 1841 1302 dicta

252 1347 382 1391 sunt
422 1337 680 1392 memoria
718 1338 980 1402 teneatis,
1012 1339 1257 1393 utetiam
1282 1338 1348 1392 ad
1378 1338 1513 1393 alios
1552 1337 1842 1393 transferre

253 1426 494 1495 possitis.
550 1426 841 1496 Propterea
877 1442 980 1482 nos
1005 1443 1221 1499 quoque
1249 1428 1391 1497 apud
1437 1430 1713 1483 caritatem
1751 1444 1841 1483 ve-

252 1526 423 1571 stram
452 1517 797 1587 perluhenter
820 1518 1150 1574 disserimus.
1200 1518 1332 1574 Nam
1358 1521 1446 1589 qui
1474 1536 1567 1574 sua
1594 1522 1842 1576 commit-

253 1606 321 1661 tit
342 1605 467 1661 huic
496 1606 615 1661 loco
644 1608 870 1674 semina,
895 1622 1003 1664 non
1032 1625 1095 1664 ea
1125 1625 1281 1664 secus
1308 1611 1448 1665 viam
1478 1611 1708 1679 projicit,
1742 1627 1843 1669 nec

253 1698 311 1751 in
338 1698 519 1767 spinas
548 1698 809 1767 eﬂ'undit,
836 1716 1012 1772 neque
1045 1717 1208 1771 supra
1237 1714 1446 1773 petram
1468 1706 1699 1758 seminat
1726 1721 1739 1757 :
1769 1705 1841 1758 ita

252 1790 466 1858 pinguis
491 1801 547 1845 et
577 1788 769 1845 fertilis
792 1801 877 1846 est
899 1808 1025 1862 ager
1053 1803 1261 1860 vester,
1299 1803 1353 1848 et
1377 1795 1555 1848 omnia
1586 1810 1709 1865 quae
1743 1809 1843 1849 suo

250 1880 375 1935 sinu
399 1882 671 1950 exceperit
703 1883 1127 1951 multiplicantur
1150 1884 1216 1937 ab
1240 1899 1306 1938 eo
1331 1886 1557 1939 semina.

326 1972 613 2026 Attentione
640 1973 928 2027 auditorum
960 1974 1209 2038 excitata,
1254 1975 1521 2044 perpendit
1546 1975 1729 2043 agendi
1756 1992 1845 2029 ra-

250 2062 443 2116 tionem
467 2061 624 2116 Pauli
660 2061 872 2116 Petrum
898 2065 1249 2133 vituperantis.
1276 2094 1350 2105 —-
1382 2061 1762 2120 Verumtamen
1796 2066 1842 2120 si

250 2166 505 2221 umquam
533 2166 797 2206 summam
840 2154 1171 2208 alacritatem
1215 2156 1416 2220 animi,
1468 2170 1843 2226 summumque

250 2243 487 2297 studium
512 2243 779 2297 audiendo
805 2246 1117 2299 concionem
1142 2247 1459 2301 exhibuistis
1482 2291 1497 2312 ,
1529 2248 1666 2303 sicut
1693 2263 1840 2304 sem-

250 2348 355 2401 per
378 2348 439 2388 ex
450 2333 694 2389 hibuistis
712 2375 729 2399 ,
756 2334 893 2391 hanc
917 2345 971 2391 et
998 2337 1264 2393 hodierno
1286 2340 1374 2393 die
1400 2340 1530 2394 milii
1571 2350 1693 2409 peto
1716 2355 1843 2411 gra-

252 2425 381 2479 tiam
410 2426 651 2481 concedi.
692 2427 876 2496 Neque
899 2430 1043 2483 enim
1073 2430 1142 2485 de
1168 2431 1331 2487 rebus
1356 2432 1661 2503 vulgaribus
1686 2434 1844 2489 nobis

249 2524 336 2568 est
372 2514 633 2583 agendum
661 2558 673 2579 ,
704 2517 798 2572 sed
826 2518 894 2572 de
924 2518 988 2573 iis
1016 2534 1136 2589 quae
1177 2521 1353 2591 magni
1400 2531 1526 2576 sunt
1562 2524 1841 2579 momenti.

248 2604 515 2676 Quocirca
536 2606 665 2660 mihi
694 2609 1091 2677 perspicaeibus
1115 2624 1250 2679 opus
1274 2621 1357 2665 est
1388 2613 1581 2677 oculis,
1608 2614 1839 2667 excitata

251 2707 452 2764 mente,
478 2712 541 2751 ac
562 2699 807 2753 sensibus
837 2702 1055 2765 erectis,
1072 2710 1271 2757 attenta
1288 2704 1631 2773 cogitatione,
1662 2705 1843 2759 animo

252 2788 484 2843 insomni
512 2803 575 2843 ac
600 2791 857 2861 vigilanti.
907 2791 1203 2848 Audivistis
1230 2794 1373 2848 enim
1409 2809 1599 2849 omnes
1623 2805 1841 2865 aposto-

252 2880 413 2936 licam
453 2883 737 2939 lectionem
770 2904 782 2939 :
811 2895 868 2957 et
895 2887 941 2940 si
971 2885 1093 2954 quis
1118 2884 1403 2959 diligenter
1430 2887 1657 2947 attendit
1690 2888 1755 2945 ad
1780 2904 1843 2947 ea

249 2988 372 3041 qua:
398 2974 530 3027 lecta
558 2985 720 3039 sunt,
773 2992 962 3047 magna
1008 2978 1162 3034 nobis
1208 2982 1499 3035 certamina
1531 2982 1845 3053 laboresque

250 3066 407 3119 nobis
433 3065 693 3122 hodierno
712 3067 799 3123 die
821 3072 1121 3139 propositos
1136 3086 1256 3126 esse
1275 3076 1542 3143 cognovit.
1564 3074 1690 3128 Cum
1712 3077 1841 3129 enim

249 3158 495 3225 venisset,
545 3160 714 3229 inquit
733 3202 749 3223 ,
805 3160 988 3216 Petrus
1017 3163 1340 3218 Antiochiam
1359 3206 1376 3231 ,
1405 3166 1457 3219 in
1490 3166 1672 3235 {aciem
1692 3168 1737 3220 ei
1758 3184 1843 3221 re-

246 3249 356 3306 um
384 3248 526 3320 (Gal.
548 3250 602 3305 ι.
637 3250 748 3319 ii).

320 3340 375 3395 2.
405 3340 671 3412 Numquid
699 3360 1127 3415 unumquemque
1152 3356 1387 3403 vestrum
1412 3350 1513 3404 hoc
1539 3350 1841 3417 conturbat,

249 3431 377 3487 dum
404 3434 551 3489 audit
572 3435 731 3490 Petro
755 3437 1016 3493 restitisse
1046 3439 1269 3494 Paulum
1302 3459 1315 3495 :
1342 3442 1617 3497 columnas
1642 3443 1844 3497 scilicet

252 3523 509 3578 Ecclesiae
538 3525 678 3580 inter
705 3542 765 3581 se
792 3528 969 3581 collidi
991 3568 1006 3590 ,
1046 3539 1207 3598 atque
1242 3531 1297 3583 in
1325 3544 1385 3586 se
1412 3530 1638 3586 invicem
1666 3533 1843 3586 incur-

248 3615 410 3670 rere?
453 3616 727 3686 Siquidem
768 3633 895 3673 vere
937 3620 1200 3675 columna:
1235 3629 1360 3676 sunt
1406 3622 1535 3687 isti,
1580 3622 1672 3692 qui
1720 3623 1843 3677 lidci

250 3715 447 3763 teetum
468 3708 730 3762 sustinent
756 3718 811 3763 et
837 3720 1068 3780 gestant,
1096 3720 1151 3765 et
1173 3712 1437 3766 columnae
1467 3723 1521 3766 et
1547 3728 1841 3781 propugna-

245 3797 387 3863 eula,
416 3807 471 3852 et
496 3798 751 3855 Ecclesiae
776 3803 1017 3870 corporis
1054 3804 1228 3866 oculi,
1275 3814 1330 3858 et
1370 3805 1631 3858 bonorum
1668 3806 1841 3862 fontes

247 3902 312 3941 ac
342 3889 603 3953 thesauri,
637 3899 693 3945 et
717 3903 937 3961 portus,
974 3903 1027 3948 et
1054 3895 1425 3965 quodcumque
1454 3897 1649 3950 dixerit
1690 3898 1840 3966 quis-

250 3978 412 4045 piam,
438 3980 663 4033 necdum
692 3989 867 4036 tamen
886 3999 1072 4037 eorum
1104 3984 1413 4054 dignitatem
1445 3987 1677 4055 aequabit
1702 4006 1716 4042 :
1746 3987 1840 4042 sed

246 4078 447 4137 quanto
475 4072 707 4139 majores
728 4082 883 4127 erunt
909 4074 1112 4141 laudes,
1144 4085 1292 4129 tanto
1320 4077 1520 4145 majora
1554 4078 1708 4131 nobis
1738 4078 1840 4131 ob-

243 4161 384 4227 jecta
408 4172 563 4215 erunt
590 4165 907 4218 certamina.
954 4167 1229 4221 Attendite
1257 4168 1415 4235 igitur
1442 4187 1455 4221 :
1481 4184 1577 4237 pro
1599 4171 1839 4240 patribus

248 4251 394 4305 enim
424 4254 579 4308 nobis
608 4256 893 4310 dicendum
922 4266 1031 4321 est,
1086 4268 1142 4312 ut
1169 4260 1407 4329 conjecta
1444 4260 1493 4314 in
1520 4278 1614 4317 eos
1653 4278 1682 4316 a
1714 4278 1839 4331 pro-

249 4346 387 4401 fanis
434 4356 488 4402 et
526 4362 557 4401 a
602 4348 723 4403 ﬁdei
770 4349 1013 4405 hostibus
1055 4354 1277 4406 crimina
1323 4353 1648 4409 refellamus.
1710 4356 1840 4410 Cum

247 4448 415 4491 autem
449 4442 661 4494 venisset
692 4440 879 4496 Petrus
916 4444 1268 4510 Antiochiam,
1301 4448 1354 4499 in
1381 4449 1558 4516 [aciem
1585 4451 1629 4501 ei
1652 4450 1835 4515 restiti,

244 4530 364 4594 quia
384 4531 785 4599 reprehensibilts
809 4544 914 4587 erat
942 4534 1083 4600 (Cal.
1114 4535 1168 4589 2.
1200 4538 1409 4606 H-H).
1460 4539 1661 4593 Deinde
1690 4540 1841 4593 addi-

250 4635 334 4677 tur
352 4635 511 4674 causa
543 4624 974 4691 reprehensionis
1010 4644 1020 4678 :
1050 4625 1205 4680 Prius
1236 4629 1367 4681 enim
1389 4670 1403 4692 ,
1437 4646 1587 4697 quam
1618 4632 1839 4685 venirent

246 4710 453 4777 quidam
492 4710 772 4775 aJacobo,
818 4732 933 4768 cum
978 4716 1207 4787 gentibus
1249 4719 1425 4773 edebat
1467 4736 1485 4772 :
1516 4738 1629 4773 cum
1670 4734 1839 4775 autem

247 4802 524 4866 venissent,
553 4805 873 4859 subtrahebat
898 4816 945 4859 et
976 4810 1268 4877 segregabat
1292 4826 1346 4864 se
1368 4850 1383 4875 ,
1414 4812 1593 4865 timens
1618 4828 1723 4878 eos,
1750 4815 1839 4879 qui

245 4908 310 4946 ea:
324 4893 709 4948 circumcisione
732 4904 897 4949 erant.
920 4896 985 4949 Et
1011 4898 1327 4953 simulationi
1350 4902 1458 4969 ejus
1480 4914 1838 4957 consenserunt

244 4983 413 5036 caeteri
460 4982 633 5038 Judtei
658 5027 673 5050 ,
722 4988 793 5039 ita
834 4997 887 5040 ut
934 4998 979 5041 et
1023 4987 1285 5045 Barnabas
1311 4993 1575 5047 duceretur
1597 4994 1658 5047 ab
1688 4997 1759 5049 eis
1786 4994 1839 5049 in

245 5076 390 5129 illam
427 5076 816 5135 simulationem.
849 5079 955 5133 Sed
975 5097 1091 5134 cum
1120 5083 1352 5137 vidissem
1376 5125 1391 5149 ,
1420 5085 1556 5153 quod
1581 5103 1683 5139 non
1708 5098 1841 5141 recte

246 5167 561 5221 ambularent
607 5170 675 5221 ad
709 5172 972 5225 veritatem
1010 5176 1290 5245 evangelii,
1342 5176 1452 5229 dixi
1487 5176 1637 5230 Petro
1665 5195 1838 5231 coram

246 5258 496 5312 omnibus.
546 5259 610 5313 Et
634 5277 792 5331 supra
818 5263 947 5317 dicit
972 5304 985 5327 ,
1034 5263 1097 5317 In
1118 5267 1299 5334 faciem
1323 5308 1337 5331 ,
1368 5278 1422 5320 et
1452 5267 1551 5321 hoc
1579 5269 1717 5333 loco,
1741 5270 1840 5324 Co-

246 5367 354 5402 ram
398 5352 649 5406 omnibus.
702 5353 890 5409 Notate
922 5354 1059 5409 istud
1091 5357 1231 5425 quod
1256 5357 1389 5410 dixit
1420 5376 1432 5411 :
1463 5357 1647 5412 Coram
1668 5362 1837 5414 omni-

246 5441 356 5492 bus.
399 5442 461 5495 Si
502 5454 551 5493 tu
576 5462 688 5496 cum
713 5444 927 5498 Judwus
956 5448 1043 5508 sis,
1087 5448 1339 5512 gentiliter
1364 5450 1504 5513 vivis,
1533 5461 1577 5503 et
1606 5469 1705 5504 non
1734 5452 1835 5505 Ju-

246 5532 426 5598 dnice,
484 5536 734 5601 quomodo
787 5548 954 5607 gentes
1008 5540 1145 5608 cogis
1198 5538 1521 5594 Judaisnre?
1588 5544 1838 5599 Fortasse

247 5621 466 5675 Paulum
502 5625 569 5677 ob
598 5628 842 5695 loquendi
874 5630 1172 5683 libertatem
1220 5632 1504 5699 laudastis,
1536 5637 1676 5703 quod
1711 5655 1833 5704 pcr-

248 5726 391 5768 souae
445 5716 752 5783 dignitatem
804 5735 909 5775 non
965 5724 1262 5791 reveritus,
1312 5734 1527 5793 propter
1569 5729 1830 5796 ciangelii

1291 334 1352 395 ἢ
1392 332 1621 398 ιιιυι).
1660 328 1730 385 lN
1770 317 2023 383 FAClEI
2065 316 2133 378 ΕΙ
2170 317 2462 378 nesrrrt.

3435 320 3542 382 δτι

1950 428 2237 484 Vahalem
2253 437 2544 498 mites
2565 443 2675 484 non
2696 428 2991 485 «libuerit.
3020 429 3089 485 Αι
3114 429 3239 485 licet
3256 444 3319 485 ea
3334 430 3403 487 sit
3430 432 3542 489 laus

1950 516 2122 585 Pauli,
2142 530 2395 575 nostrum
2424 518 2479 574 in
2506 518 2740 575 dedecus
2768 519 2894 575 illud
2919 519 3083 574 cedit.
3112 519 3252 587 Quid
3276 521 3419 574 enim
3448 537 3542 579 re-

1950 608 2053 663 fert
2076 608 2218 679 quod
2246 617 2390 664 recte
2428 609 2625 664 Paulus
2669 609 2935 678 gesserit?
2976 610 3047 664 At
3082 609 3222 665 male
3244 608 3414 680 gessit
3440 609 3547 665 Pe-

1951 710 2084 767 trus,
2117 699 2379 771 siquidem
2417 715 2525 755 non
2553 708 2703 755 recte
2730 700 3060 757 ambulabat.
3094 700 3234 769 Quid
3257 716 3388 770 ergo
3412 699 3542 757 mihi

1948 793 2189 863 prodest,
2214 792 2433 860 quando
2447 793 2584 847 alter
2602 808 2666 848 ex
2690 793 2806 864 biga
2834 807 3006 864 equus
3031 790 3333 863 claudicat?
3360 791 3545 862 Neque

1949 883 2092 937 enim
2124 882 2253 937 mihi
2280 899 2403 937 cum
2432 884 2599 939 Paulo
2629 899 2717 939 res
2741 892 2851 949 est,
2877 883 2972 940 sed
3000 898 3126 939 cum
3151 883 3407 954 profanis.
3454 882 3543 937 Id-

1946 976 2091 1030 circo
2117 974 2278 1030 etiam
2297 977 2543 1039 obsecro,
2575 987 2633 1031 ut
2660 978 2971 1032 attendatis.
2999 975 3214 1032 Etenim
3244 975 3543 1032 accusatio.

1947 1079 2069 1118 nem
2097 1080 2287 1135 augeo,
2312 1067 2718 1136 gravioremque
2743 1066 2931 1130 reddo,
2963 1076 3021 1121 ut
3040 1066 3274 1121 studium
3303 1073 3539 1121 vestrum

1945 1155 2196 1209 excitem.
2245 1157 2345 1234 Qui
2371 1158 2514 1212 enim
2544 1159 2595 1212 in
2626 1159 2919 1213 certamine
2944 1168 3192 1213 versatur
3213 1198 3229 1222 ,
3256 1157 3463 1227 vigilat,
3492 1166 3545 1212 et

1944 1248 2033 1316 qui
2062 1263 2158 1317 pro
2183 1257 2341 1317 patre
2360 1250 2569 1314 metuit,
2601 1258 2684 1302 est
2722 1258 2959 1303 attentus
2984 1266 2997 1303 :
3024 1248 3113 1319 qui
3144 1247 3543 1303 accusationem

1946 1340 2127 1403 audit,
2161 1349 2311 1408 optat
2336 1340 2585 1409 excipere
2610 1340 3003 1396 defensionem.
3047 1340 3106 1395 Si
3132 1354 3263 1409 ergo
3289 1338 3543 1407 incipiam

1943 1430 2336 1482 accusationem
2361 1443 2579 1498 augere,
2597 1444 2664 1483 ne
2688 1444 2755 1482 ex
2770 1428 2934 1482 animi
2964 1429 3067 1483 mei
3096 1429 3357 1483 sententia
3378 1421 3545 1482 verb'a

1946 1517 2034 1571 illa
2072 1517 2296 1589 proferri
2339 1518 2625 1577 censeatis.
2673 1518 2945 1574 Profunde
2968 1518 3163 1588 quippe
3189 1529 3422 1573 mentem
3448 1530 3546 1572 ex-

1945 1623 2112 1673 cavo,
2164 1617 2221 1663 et
2245 1610 2403 1663 altius
2443 1610 2497 1663 in
2542 1610 2723 1664 animo
2750 1610 2931 1665 sulcos
2959 1625 3092 1680 ago,
3140 1619 3198 1664 ut
3227 1608 3540 1678 profundius

1942 1699 2100 1768 jacta:
2124 1699 2403 1754 sententia:
2428 1701 2669 1755 tenacius
2710 1701 2983 1765 bmreant,
3009 1708 3065 1755 et
3107 1700 3250 1755 lideli
3279 1698 3541 1757 memoria

1948 1801 2248 1846 teneantur.
2296 1791 2401 1846 Sed
2429 1801 2484 1847 et
2522 1792 2576 1846 in
2608 1792 2817 1848 laudem
2841 1792 2989 1847 urbis
3010 1803 3203 1847 vestra:
3233 1791 3311 1864 (a)
3342 1790 3543 1846 cedunt

1945 1896 2066 1950 quae
2092 1880 2357 1935 dicentur.
2390 1882 2481 1937 Illa
2508 1866 2703 1953 quippe
2727 1893 3001 1938 certamen
3035 1882 3285 1951 excepit,
3325 1881 3414 1936 illa
3445 1895 3544 1951 pu-

1946 1987 2106 2041 gnam
2138 1990 2152 2027 :
2181 1972 2289 2025 imo
2318 1987 2451 2027 vero
2479 1988 2586 2027 non
2638 1988 2868 2043 pugnam
2896 2012 2914 2039 ,
2960 1971 3059 2028 sed
3099 1987 3221 2041 qua:
3260 1970 3545 2025 videbatur

1951 2078 2072 2118 esse
2101 2078 2302 2133 pugna,
2328 2064 2585 2119 cteterurii
2616 2079 2746 2132 pace
2768 2063 2959 2134 quavis
2986 2063 3166 2119 utilior
3184 2060 3406 2117 exstitit.
3425 2058 3542 2115 Non

1947 2155 2089 2210 enim
2118 2156 2186 2208 ita
2217 2155 2457 2209 membra
2489 2164 2672 2209 nostra
2713 2170 3003 2210 nervorum
3042 2153 3374 2223 amplexibus
3404 2152 3544 2207 inter

1947 2260 2007 2299 se
2024 2247 2322 2315 junguntur
2344 2285 2359 2309 ,
2390 2255 2447 2300 ut
2473 2246 2699 2314 apostoli
2725 2245 2964 2300 caritatis
2990 2253 3146 2300 erant
3168 2244 3308 2297 inter
3334 2256 3397 2298 se
3424 2240 3545 2295 vin-

1946 2338 2081 2392 culis
2109 2336 2365 2406 copulati.

2018 2428 2071 2482 3.
2104 2426 2387 2481 Laudastis
2432 2426 2687 2480 Paulum?
2725 2426 2920 2481 Audite
2959 2440 3093 2496 ergo
3137 2438 3245 2495 quo
3290 2431 3445 2493 pacto
3471 2421 3542 2476 ad

1946 2518 2342 2573 accusationem
2394 2517 2611 2573 tendant
2657 2516 2838 2584 Pauli,
2884 2531 3008 2586 qua:
3054 2514 3194 2570 dicta
3236 2524 3393 2582 sunt,
3438 2511 3545 2569 nisi

1948 2625 2111 2664 unum
2138 2610 2369 2679 aliquem
2411 2610 2464 2663 in
2505 2608 2684 2663 verbis
2713 2607 3083 2663 absconditum
3108 2620 3328 2661 sensum
3355 2602 3545 2659 obser—

1951 2716 2158 2756 vemus.
2192 2700 2329 2768 Quid
2360 2701 2474 2768 ais,
2516 2716 2551 2754 o
2589 2700 2793 2756 Paule?
2824 2698 3113 2772 lncrepasti
3145 2697 3389 2766 Petrum,
3420 2710 3545 2753 cum

1948 2790 2099 2845 illum
2128 2791 2341 2850 videres
2366 2793 2433 2850 ad
2464 2792 2741 2849 veritatem
2774 2793 3037 2863 evangelii
3080 2807 3187 2847 non
3225 2798 3371 2845 recte
3398 2789 3547 2844 ince-

1949 2886 2112 2941 dere?
2143 2887 2288 2941 Bene
2331 2887 2515 2941 habet.
2543 2886 2654 2941 Cur
2699 2886 2860 2955 igitur
2884 2884 2949 2939 In
2977 2883 3196 2955 feriati?
3228 2897 3325 2936 cur
3360 2878 3547 2934 Coram

1948 2979 2215 3033 carnibus?
2233 2978 2420 3033 Nonne
2442 2980 2663 3032 remotis
2689 2976 2904 3031 arbitris
2932 2976 3046 3029 fieri
3071 2970 3545 3044 reprehensionem

1947 3069 2221 3139 oportuit?
2250 3072 2319 3123 At
2349 3078 2402 3122 tu
2433 3068 2701 3138 quomodo
2730 3067 2940 3137 publice
2968 3065 3227 3135 judicium
3275 3062 3507 3118 instituis
3526 3102 3543 3125 ,

1946 3167 2001 3213 et
2029 3158 2226 3214 multos
2254 3160 2611 3214 accusationis
2650 3167 2813 3212 testes
2847 3156 3061 3212 reddis?
3090 3156 3222 3224 Quis
3258 3170 3366 3209 non
3403 3152 3547 3209 dicet

1947 3249 2074 3303 odio
2104 3250 2415 3319 impellente
2441 3248 2543 3302 hoc
2572 3264 2599 3300 a
2633 3256 2684 3302 te
2710 3248 2846 3310 ﬁeri,
2880 3247 2962 3301 vel
2991 3261 3055 3299 ex
3087 3244 3283 3299 invidia
3313 3244 3396 3298 vel
3426 3252 3546 3297 stu-

1946 3338 2038 3392 dio
2064 3339 2460 3393 contentionis?
2489 3337 2676 3392 Nonne
2707 3346 2760 3390 ιιι
2788 3352 2845 3390 es
2876 3336 2997 3401 ille,
3030 3334 3118 3405 qui
3143 3333 3388 3397 dicebas,
3431 3330 3539 3385 Fa-

1954 3438 2063 3481 ctus
2093 3445 2204 3482 sum
2234 3429 2450 3497 inﬁrmis
2493 3438 2549 3480 ut
2592 3428 2826 3496 inﬁrmus
2873 3427 2949 3496 (Ι.
2990 3424 3108 3479 Cor.
3141 3424 3195 3480 9.
3240 3423 3370 3494 22)?
3408 3421 3543 3490 Quid

1949 3536 2110 3589 porro
2138 3532 2248 3587 est,
2288 3521 2518 3588 Inﬁrmis
2565 3532 2617 3573 ut
2663 3519 2942 3589 inﬁrmus?
2978 3518 3458 3582 Condescendens,
3489 3526 3545 3572 et

1946 3612 2221 3665 occultans
2252 3612 2467 3665 illorum
2492 3611 2735 3671 vulnera.
2766 3610 2958 3680 inquit,
2989 3624 3163 3678 neque
3191 3608 3503 3677 pemiitteus
3522 3647 3539 3672 ,

1947 3704 2085 3756 utin
2130 3703 2514 3771 impudentiam
2561 3702 2991 3771 prolaberentur.
3043 3699 3254 3768 Ergone
3296 3697 3384 3767 qui
3416 3711 3542 3767 erga

1945 3792 2233 3862 discipulos
2280 3793 2415 3847 adeo
2456 3794 2721 3847 sollicitus
2776 3792 2920 3846 fuisti
2968 3800 3022 3845 et
3072 3789 3361 3858 benignus,
3414 3800 3541 3855 erga

1944 3886 2310 3952 coapostoluin
2340 3883 2573 3938 crudelis
2600 3883 2861 3938 evasisti?
2886 3882 3001 3935 Non
3026 3880 3239 3935 audiisti
3271 3880 3540 3935 Christum

1944 3974 2211 4029 dicentem
2234 4018 2249 4039 ,
2280 3976 2404 4029 Cum
2452 3976 2730 4044 peccaverit
2767 3980 2931 4045 frater
2958 3984 3106 4038 tuus,
3147 3972 3304 4037 vade,
3343 3972 3543 4041 corripe

1945 4084 2060 4120 cum
2092 4069 2219 4120 inter
2249 4077 2297 4122 te
2320 4078 2367 4121 et
2391 4069 2559 4134 ipsum
2586 4068 2753 4121 solum
2780 4065 2995 4135 (Matth.
3030 4065 3118 4119 l8.
3151 4065 3278 4133 15)?
3309 4066 3377 4116 At
3406 4071 3458 4117 tu
3488 4072 3542 4116 et

1950 4160 2155 4226 publice
2181 4160 2423 4228 corripis,
2459 4169 2513 4213 et
2540 4175 2598 4213 re
2629 4167 2928 4228 perpetrata
2958 4156 3224 4226 gloriaris.
3252 4154 3381 4209 Cum
3407 4156 3539 4207 enim

1945 4254 2155 4305 venisset
2182 4251 2386 4317 Petrus,
2420 4252 2608 4320 inquit,
2638 4250 2979 4309 Antiochiam.
3005 4249 3056 4301 in
3083 4248 3265 4316 [aciem
3288 4246 3330 4300 ei
3357 4245 3537 4301 restiti.

1945 4342 2129 4411 Neque
2170 4344 2379 4412 publice
2423 4352 2624 4395 tantum
2668 4342 2930 4409 corripis,
2975 4340 3070 4395 scd
3109 4340 3271 4394 etiam
3313 4338 3457 4394 velut
3486 4339 3538 4393 in

1944 4434 2192 4487 columna
2235 4434 2465 4503 quadam
2514 4432 2682 4487 literis
2728 4433 2960 4487 exaratis
2993 4447 3220 4502 pugnam
3268 4431 3411 4484 illam
3454 4430 3537 4483 in-

1945 4528 2144 4596 sculpis
2168 4569 2183 4592 ,
2220 4528 2285 4581 ad
2315 4524 2629 4581 memoriam
2657 4527 2776 4579 facti
2802 4526 3181 4594 sempiternam
3206 4542 3221 4575 :
3245 4534 3301 4577 ut
3330 4538 3436 4577 non
3463 4522 3538 4577 illi

1946 4628 2150 4672 tantum
2174 4619 2263 4686 qui
2285 4618 2527 4681 aderant,
2551 4616 2645 4671 sed
2669 4628 2722 4670 et
2746 4630 2934 4671 omnes
2953 4616 3043 4685 qui
3065 4615 3250 4670 orbem
3274 4624 3537 4667 terrarum

1944 4709 2184 4762 incolunt
2212 4707 2488 4771 homines,
2519 4722 2585 4762 ex
2615 4708 2838 4777 epistola
2869 4723 2981 4761 rem
3014 4706 3158 4761 illam
3190 4713 3536 4774 cognoscant.

1943 4799 2153 4855 Siccine
2178 4810 2352 4853 tecum
2373 4808 2593 4868 egerunt
2617 4798 2846 4866 apostoli
2875 4796 3249 4866 Jerosolymis,
3276 4810 3396 4849 cum
3421 4802 3541 4863 post

1944 4906 2113 4944 annos
2144 4888 2548 4960 quatuordecim
2588 4887 2896 4953 ascendisti,
2946 4898 3002 4940 ut
3039 4883 3373 4954 evangelium
3415 4897 3539 4937 cum

1946 4983 2052 5037 illis
2078 4981 2385 5038 conferres?
2410 4980 2600 5035 Nonne
2627 4987 2683 5033 tu
2709 4978 2863 5041 dicis,
2896 4977 3023 5031 Post
3048 4992 3210 5030 annos
3234 4974 3541 5044 quattuorde-

1946 5076 2047 5127 cim
2089 5072 2331 5137 ascendi,
2367 5081 2415 5126 et
2443 5070 2634 5125 contuli
2676 5085 2791 5123 cum
2834 5069 2905 5121 eis
2944 5067 3285 5137 evangelium,
3315 5079 3541 5117 seorsum

1942 5184 2057 5222 vero
2079 5183 2195 5219 cum
2224 5167 2287 5219 iis
2315 5165 2401 5235 qui
2430 5162 2726 5218 videbantur
2750 5161 2945 5228 aliquid
2970 5176 3077 5214 esse
3105 5158 3243 5227 (Gal.
3273 5157 3327 5211 2.
3360 5157 3415 5212 l.
3444 5156 3544 5223 2)?

1942 5261 2079 5326 Quid
2106 5259 2297 5329 igitur?
2326 5258 2461 5312 Num
2492 5272 2734 5311 seorsum
2760 5255 3009 5309 conferre
3034 5264 3087 5308 te
3113 5253 3380 5308 volentem
3415 5267 3544 5320 pro-

1944 5352 2254 5416 hibuerunt,
2287 5361 2341 5404 et
2371 5351 2421 5404 in
2454 5349 2687 5405 medium
2715 5347 3074 5412 adduxerunt,
3104 5357 3265 5415 atque
3292 5344 3548 5399 omnibus

1944 5443 2331 5514 prodiderunt?
2364 5442 2473 5495 Dici
2506 5456 2610 5495 non
2640 5449 2833 5509 potest.
2876 5439 2992 5493 lam
3024 5446 3077 5492 tu
3118 5438 3276 5507 igitur
3299 5450 3545 5491 seorsum

1945 5534 2193 5597 confers,
2244 5548 2344 5587 nec
2390 5532 2532 5586 ullus
2572 5529 2933 5585 contradicit:
2966 5538 3021 5582 tu
3069 5543 3197 5583 vero
3239 5525 3540 5596 apostolum

1947 5629 2117 5698 palam
2153 5628 2423 5682 traducis?
2459 5628 2540 5679 Au
2569 5640 2696 5680 vero
2724 5632 2927 5678 tantum
2965 5622 3072 5679 illic
3113 5617 3542 5678 benevolentiam

2014 5744 2087 5805 (ri)
2125 5741 2385 5791 .tntiochize
2420 5740 2584 5791 habita
2605 5748 2683 5790 est
2700 5738 2805 5791 hmo
2836 5747 3007 5788 oratus.
