4074 6396
542 296 647 354 578

532 413 742 467 illioram
785 415 1041 478 expertus
1077 405 1177 462 as?
1216 406 1294 461 Ac
1332 419 1441 460 non
1483 412 1597 459 tum
1644 404 2009 469 ωτι-,νωι-
2035 405 2117 455 tot

529 499 781 554 adessent
808 496 968 551 millia
997 494 1303 550 Maiorum
1328 532 1346 560 ,
1375 508 1555 549 nonne
1580 493 1768 549 eadem
1801 505 1929 560 erga
1958 498 2012 544 te
2032 487 2115 544 usi

531 598 656 645 sum
667 587 923 659 sapientia
933 586 1211 641 luonnete
1223 585 1446 641 seorsim
1459 579 1730 656 assutnpto
1739 581 1831 639 tibi
1843 580 2112 647 dixerunt,

541 680 691 735 Vides
713 683 870 749 frater
892 718 910 745 ,
936 676 1235 748 quattuin
1257 686 1374 732 sunt
1396 676 1730 742 ludentum,
1757 675 1843 744 qui
1867 687 2113 730 coname-

534 778 673 835 runt,
689 778 737 822 et
765 768 821 823 hi
838 784 1013 823 omnes
1036 768 1356 823 mutator“
1380 776 1497 822 sunt
1521 768 1662 837 tegis,
1690 774 1739 818 et
1764 764 2032 818 audierunt
2050 762 2116 817 de

532 872 609 925 ts,
658 860 775 930 quia
814 858 1168 915 discessionem
1209 858 1391 912 dcem
1424 872 1458 909 a
1500 858 1623 927 iege.
1674 854 1810 922 Quid
1845 869 1965 925 ergo
2002 852 2115 907 est?

529 951 640 1005 Fac
658 950 797 1020 quod
816 949 905 1004 tibi
925 950 1158 1005 dicimus.
1175 949 1310 1004 Sunt
1327 950 1461 1003 inter
1479 963 1569 1001 nos
1587 946 1680 999 uiri
1694 953 1861 999 cntutu
1876 945 2113 998 habentes

526 1061 680 1113 super
702 1059 757 1098 se
780 1058 798 1097 :
818 1044 898 1098 his
924 1040 1397 1113 assumptiaraders
1421 1054 1535 1093 cant
1563 1038 1685 1102 illis,
1709 1046 1759 1091 et
1779 1036 2041 1105 sanctiﬁca
2066 1041 2115 1087 te

526 1150 641 1187 cunt
666 1135 801 1199 illis,
823 1143 877 1187 ut
902 1133 1102 1187 discant
1122 1174 1136 1197 ,
1159 1132 1281 1201 quia
1318 1146 1433 1200 qua
1455 1129 1519 1185 de
1547 1138 1594 1183 te
1634 1128 1939 1192 audierunt,

524 1233 643 1280 sunt
691 1226 823 1296 (Act.
867 1225 957 1280 Si.
993 1220 1230 1294 ἰλ-ιι).
1271 1221 1432 1276 Vides
1476 1229 1534 1278 nt
1581 1219 1963 1275 existimationi
2002 1225 2110 1272 tua

526 1314 781 1388 pag-cam?
827 1323 885 1369 ut
929 1322 985 1368 ta
1022 1310 1444 1381 dispensationis
1488 1310 1631 1364 illius
1675 1309 1777 1365 sub
1827 1307 1973 1362 larva
2017 1319 2110 1361 oe-

527 1404 755 1466 eultent,
782 1414 836 1459 et
854 1402 1117 1459 sacriﬁcio
1142 1416 1207 1457 ac
1231 1399 1735 1456 sanctificationibus
1757 1406 1809 1453 te
1824 1394 2109 1465 obtegam?

525 1490 635 1547 Cur
673 1506 779 1547 non
818 1492 1065 1549 eamdem
1092 1501 1148 1546 tu
1175 1506 1387 1561 quoque
1411 1488 1821 1544 sollicitudinem
1850 1484 2108 1541 exbdies?

598 1584 653 1637 ι.
686 1582 972 1637 Enimvero
999 1582 1043 1637 si
1072 1598 1198 1637 rere
1227 1597 1398 1652 pugna
1436 1589 1581 1635 esset
1618 1594 1706 1634 res
1748 1579 1845 1633 ista
1884 1586 1939 1632 et
1973 1592 2106 1631 con-

528 1670 733 1737 tentio,
789 1672 871 1726 bis
918 1671 1347 1727 amationibus
1399 1670 1549 1725 locus
1598 1666 1925 1737 essetzjam
1976 1680 2107 1720 vero

524 1770 730 1815 certum
757 1770 839 1815 est
864 1776 970 1816 non
997 1775 1118 1815 esse
1142 1776 1393 1830 pugnam,
1420 1758 1517 1815 sed
1542 1758 1709 1814 videri
1730 1756 1965 1827 quidem,
1993 1770 2109 1809 ma-

522 1864 681 1920 gnam
707 1864 835 1904 vero
868 1849 1015 1906 l’auii
1052 1857 1107 1903 et
1129 1849 1271 1905 Petri
1302 1850 1651 1918 sapientiam,
1695 1857 1751 1902 et
1797 1848 1936 1902 inter
1961 1847 2107 1915 ipsos

521 1950 759 1998 mutuam
802 1942 1223 1997 benevolentiam
1250 1958 1361 2013 pne
1402 1956 1462 1998 se
1490 1940 1653 1998 ferre.
1682 1940 1895 1995 Interim
1926 1948 2105 1995 tamen

521 2028 694 2096 hanc,
740 2046 861 2100 qua:
892 2031 1014 2086 talis
1042 2032 1252 2087 videtur
1279 2046 1434 2097 esse,
1475 2027 1871 2087 decusationem
1918 2029 2107 2085 audia-

522 2135 659 2175 ntus.
690 2120 815 2177 Cum
841 2132 1010 2178 autent
1028 2125 1237 2177 cauisset
1266 2122 1452 2177 Petrus
1479 2123 1818 2187 Antiochiam,
1842 2123 1896 2175 in
1921 2122 2107 2191 [aciem

520 2212 568 2265 ei
593 2212 771 2266 restiti.
798 2212 967 2278 Quam
996 2212 1067 2268 ob
1106 2212 1353 2267 causam?
1386 2212 1517 2277 Quia
1546 2211 1949 2281 reprehensihilis
1976 2217 2103 2263 erat.

520 2300 801 2373 Quodnam
851 2313 1028 2361 autem
1082 2319 1249 2373 genus
1290 2313 1371 2358 est
1423 2302 1893 2374 reprehensionis?
1949 2300 2105 2355 Prius

515 2398 683 2465 enim,
719 2414 869 2468 quam
912 2397 1130 2452 venirent
1176 2395 1380 2463 quidam
1408 2413 1440 2448 a
1465 2394 1658 2449 Jacobo
1679 2434 1697 2461 ,
1739 2411 1852 2448 cum
1878 2392 2105 2465 gentibus

517 2488 692 2544 edebat
716 2506 735 2543 :
755 2506 865 2543 cum
891 2502 1057 2544 autem
1086 2488 1359 2555 uenissent,
1391 2487 1709 2541 subtrahebat
1735 2496 1781 2540 et
1807 2485 2103 2556 segregabat

519 2597 605 2649 se,
654 2582 833 2635 timens
876 2600 961 2637 eos
1008 2585 1093 2653 qui
1122 2600 1185 2637 ea:
1210 2580 1589 2637 circumcisione
1630 2586 1793 2633 erant.
1821 2577 1957 2644 Quid
1986 2576 2105 2629 ais?

518 2669 759 2725 Timidus
786 2672 974 2726 Petrus
998 2714 1012 2735 ,
1056 2683 1112 2727 et
1154 2689 1340 2743 parum
1370 2672 1654 2728 strenuus?
1684 2672 1873 2727 Annon
1905 2666 2104 2722 idcirco

520 2762 707 2817 Petrus
723 2772 804 2817 est
824 2764 1141 2833 appellatus,
1164 2763 1304 2833 quod
1328 2764 1649 2818 immobilem
1666 2762 1882 2816 haberet
1902 2756 2103 2815 fidem?

519 2850 657 2918 Quid
677 2853 813 2925 agis,
834 2854 905 2906 mi
924 2853 1123 2907 homo?
1149 2853 1411 2907 Reverere
1437 2867 1650 2917 nomen,
1674 2850 1813 2921 quod
1839 2850 2099 2921 discipulo

519 2943 771 3012 imposuit
810 2945 1083 2999 Dominus.
1120 2944 1362 3000 Timidus
1406 2945 1595 3000 Petrus
1636 2954 1691 2999 et
1742 2958 1925 3013 parum
1963 2951 2099 2999 stre-

519 3033 696 3088 nuus?
740 3034 807 3088 Et
833 3036 952 3105 quis
977 3033 1079 3090 hoc
1106 3034 1175 3089 ab
1202 3035 1309 3089 ullo
1337 3035 1792 3090 sinat'alilrmari?
1829 3034 1944 3089 Non
1984 3033 2101 3088 haec

515 3123 583 3179 de
623 3124 717 3179 illo
743 3126 927 3180 testari
971 3136 1145 3197 potest
1186 3127 1552 3198 Jerosolyma.
1598 3127 1935 3196 primumque
1972 3124 2100 3180 illud

519 3215 786 3271 theatrum
807 3259 823 3282 ,
871 3228 925 3271 et
957 3218 1192 3273 Ecclesia
1211 3257 1228 3284 ,
1258 3218 1311 3272 in
1341 3234 1498 3287 quam
1529 3217 1732 3288 primus
1760 3216 2019 3287 prosiliit,
2046 3224 2102 3272 et

516 3308 727 3367 beatam
777 3310 917 3364 illam
964 3325 1151 3365 vocem
1194 3310 1394 3377 primus
1438 3308 1615 3364 emisit
1658 3324 1723 3364 ac
1748 3309 1880 3364 dixit
1907 3328 1921 3364 :
1948 3308 2102 3363 Hunc

516 3398 552 3452 Ι
558 3416 696 3454 esum
726 3398 859 3454 Deus
886 3399 1164 3467 suscitavit,
1190 3400 1371 3454 solutis
1408 3399 1669 3455 doloribus
1692 3399 1879 3470 inferni
1900 3400 2095 3469 (Actor.

508 3491 567 3545 2.
601 3490 715 3560 Si).
753 3491 819 3544 Et
853 3504 1069 3556 rursus,
1104 3488 1227 3543 Non
1272 3489 1413 3543 enim
1444 3488 1616 3543 David
1645 3492 1883 3544 ascendit
1912 3493 1973 3555 in,
1996 3487 2108 3549 σω.

514 3582 645 3637 tum.
693 3580 836 3635 Dicit
882 3591 1059 3636 autem
1109 3580 1240 3648 ipse,
1271 3580 1472 3649 inquit,
1505 3579 1653 3633 Dixit
1708 3580 1964 3637 Dominus
1998 3582 2109 3637 Do-

516 3669 659 3722 mino
691 3685 824 3731 tneo,
860 3668 993 3723 Sede
1021 3687 1054 3722 a
1093 3669 1293 3722 dextris
1324 3672 1475 3732 meis,
1506 3670 1672 3723 donec
1698 3686 1889 3739 ponam
1928 3673 2110 3727 inimi-

516 3774 606 3812 cos
636 3769 753 3811 tuos
784 3759 1068 3813 scabellum
1098 3759 1288 3826 pedum
1319 3758 1662 3827 tuorumllb.
1697 3777 1744 3814 υ.
1778 3761 1865 3827 54,
1892 3762 2011 3830 35.)

584 3847 727 3902 Petri
749 3850 1029 3903 constantia
1048 3851 1100 3902 in
1127 3849 1325 3904 Christo
1364 3849 1729 3922 prtedicandos
1759 3850 1947 3905 Petrus
1974 3852 2094 3907 aliis

514 3938 758 4007 apostolis
779 3938 968 4007 ﬁducia
990 3938 1259 3994 antecellit.
1289 3970 1358 3981 —-
1378 3942 1463 3995 An
1493 3956 1622 4012 ergo
1651 3941 1865 3996 timidus
1886 3949 1969 3997 est
1996 3943 2098 3998 iste

512 4043 575 4082 ac
606 4038 791 4097 parum
818 4040 1089 4095 strenuus,
1128 4030 1217 4100 qui
1250 4040 1396 4085 tanto
1427 4041 1603 4097 metu,
1641 4032 1907 4102 tantisque
1950 4034 2094 4103 peri-

513 4117 648 4173 culis
678 4118 1105 4188 impcndentibus
1130 4162 1143 4183 ,
1183 4130 1327 4175 tanta
1356 4136 1476 4175 cum
1508 4122 1700 4177 fiducia
1728 4124 1792 4176 ad
1826 4124 1943 4178 illos
1968 4139 2095 4177 san-

514 4213 673 4277 guine
702 4222 882 4279 pastos
911 4227 1073 4266 canes
1098 4252 1114 4277 ,
1144 4212 1395 4267 ardentes
1428 4213 1525 4277 ira,
1556 4212 1755 4267 caedem
1784 4212 1957 4267 adhuc
1982 4214 2095 4283 spi-

512 4309 693 4353 rantes
712 4308 791 4354 est
814 4301 1110 4372 ingressus,
1128 4318 1191 4357 ac
1216 4303 1355 4357 dixit
1375 4318 1531 4367 eum,
1551 4303 1640 4372 qui
1670 4304 1738 4357 ab
1771 4304 1901 4373 ipsis
1923 4303 2099 4359 fuerat

509 4390 813 4453 crucifixus,
838 4402 891 4445 et
934 4392 1295 4448 resurrexisse
1334 4408 1362 4445 a
1388 4393 1633 4459 mortuis,
1656 4403 1710 4448 et
1740 4394 1790 4447 in
1819 4394 1950 4448 ca-lo
1971 4409 2097 4448 ver-

508 4481 635 4544 sari,
666 4482 731 4535 ad
760 4482 931 4536 Patris
960 4482 1235 4538 dexteram
1268 4483 1457 4539 sedere
1483 4526 1496 4549 ,
1530 4500 1592 4539 ac
1618 4484 1772 4538 malis
1802 4485 2096 4540 innumeris

514 4571 759 4626 inimicos
802 4588 927 4627 suos
954 4574 1226 4629 obruere?
1270 4575 1383 4629 Non
1414 4586 1468 4629 tu
1493 4576 1637 4629 illum
1660 4577 1857 4645 potius,
1888 4592 2092 4646 qumso,

512 4663 740 4729 miraris,
764 4674 819 4717 et
861 4665 913 4718 in
960 4666 1148 4719 caelum
1174 4666 1353 4728 efi'ers.
1381 4667 1521 4737 quod
1552 4682 1614 4721 os
1638 4667 1908 4731 diducere,
1951 4667 2093 4737 quod

511 4752 656 4807 labra
679 4754 911 4821 aperire,
941 4756 1081 4821 quod
1108 4767 1273 4820 stare,
1290 4757 1429 4825 quod
1450 4772 1769 4827 comparere
1793 4759 1940 4813 solus
1968 4775 2089 4814 cum

511 4841 613 4896 illis
651 4845 905 4913 potuerit,
934 4847 1023 4913 qui
1064 4861 1184 4899 eum
1212 4848 1624 4903 crucitlxerant?
1649 4848 1780 4916 Quis
1809 4852 1949 4905 enim
1976 4867 2095 4907 ser-

511 4947 619 4995 mo,
650 4948 769 5002 qua:
814 4948 965 4987 mens
1007 4935 1275 5000 fiduciam,
1302 4953 1460 5006 quam
1489 4940 1579 4991 illo
1606 4938 1694 4993 die
1729 4955 1837 5009 pne
1864 4956 1925 4997 se
1950 4942 2089 5010 tulit,

513 5038 577 5076 ac
605 5024 852 5093 loquendi
889 5025 1186 5082 libertatem
1216 5029 1519 5097 exprimere
1549 5031 1779 5098 poterit?
1804 5030 1954 5085 Nulla
1977 5049 2091 5088 om—

518 5115 665 5167 nino.
696 5115 751 5169 Si
778 5116 920 5169 enim
950 5126 1073 5171 ante
1099 5118 1399 5186 passionem
1437 5120 1871 5187 conspiravcrant
1895 5124 2085 5189 iudmi,

520 5212 578 5258 ut
606 5206 649 5258 si
677 5206 796 5273 quis
818 5222 938 5259 eum
967 5208 1309 5263 conﬁteretur
1328 5225 1447 5265 esse
1462 5209 1753 5278 Christum,
1775 5222 1926 5268 extra
1956 5233 2091 5283 syn-

517 5310 737 5363 agogam
792 5298 943 5351 lieret
999 5296 1201 5369 (Joan.
1234 5300 1290 5354 9.
1336 5299 1490 5373 22):
1536 5311 1657 5370 post
1702 5304 1997 5371 passionem
2033 5315 2089 5364 et

508 5387 834 5453 sepulturam
864 5388 1143 5445 audientes
1167 5406 1312 5457 eum,
1352 5407 1456 5446 non
1485 5393 1573 5462 qui
1605 5392 1875 5447 Christum
1915 5397 2087 5451 confi-

511 5486 714 5531 teretur
740 5479 934 5546 solum,
980 5481 1076 5537 sed
1113 5491 1168 5537 et
1214 5492 1382 5538 totam
1427 5484 1583 5539 simul
1634 5485 2086 5554 dispensationem

507 5582 716 5625 summa
761 5574 1058 5627 constantia
1105 5576 1457 5644 praedicaret,
1504 5594 1613 5647 quo
1650 5588 1808 5647 pacto
1850 5595 1954 5634 non
2000 5581 2086 5637 di-

503 5658 828 5734 iacerarunt,
856 5674 912 5721 ct
952 5667 1289 5725 membratim
1317 5671 1589 5728 concisum
1622 5670 1919 5729 diviseth
1959 5689 2083 5733 eum

1258 289 1316 345 s.
1358 274 1643 347 JOANNIS
1669 283 2155 345 cnnxsosruut
2181 282 2506 341 secutae.
2543 282 3085 347 consumma.

3701 308 3812 365 ’576

2225 413 2438 467 omnes,
2477 415 2571 471 qm
2613 400 2819 484 primas
2852 414 3091 475 Ipsorum
3129 402 3807 472 furorlaususfueratre-

2226 491 2422 546 sistere
2447 491 2475 544 ι

2300 581 2354 638 6.
2387 581 2502 639 Hoc
2528 583 2673 640 enim
2694 584 2909 641 demam
2936 595 3021 643 est
3037 589 3311 659 eximium,
3344 607 3452 649 non
3479 596 3625 666 quod
3653 598 3831 653 luerit

2225 670 2495 727 Christum
2524 673 2822 740 conieasus,
2858 677 2953 733 sed
2978 679 3120 749 quod
3166 691 3291 737 ante
3330 691 3566 740 ceteros
3596 701 3822 749 omnes.

2222 777 2344 818 cum
2370 762 2445 817 illi
2476 761 2720 819 furerent
2744 764 2922 821 adhuc
2956 768 3106 823 cede
3146 772 3448 836 tumefaeti,
3472 774 3819 833 eortldenter

2220 851 2502 908 confessus
2530 851 2709 908 fuerit.
2728 853 2800 911 Ut
2820 854 3055 926 igituriu
3084 857 3228 913 bello
3246 868 3405 931 atque
3424 862 3562 929 acie,
3584 862 3817 924 cohorte

2221 945 2548 1005 commoda
2566 986 2584 1013 ,
2631 945 2780 1001 illum
2808 948 3073 1018 praecipue
3099 950 3396 1019 laudamus,
3423 954 3512 1024 qui
3542 962 3673 1011 aute
3704 967 3812 1008 em-

2220 1042 2369 1089 teros
2396 1034 2703 1104 prosiluerit
2724 1075 2740 1102 ,
2775 1036 2999 1115 ejusque
3039 1037 3271 1094 irontem
3324 1024 3625 1111 perruperit
3654 1041 3675 1115 (
3700 1056 3811 1097 ,οι

2216 1123 2359 1178 enim
2395 1122 2554 1194 hujus
2582 1133 2795 1179 tantum
2826 1126 2925 1193 rei,
2954 1127 3049 1181 sed
3090 1139 3151 1183 et
3172 1130 3409 1185 omnium
3434 1171 3447 1193 ,
3475 1147 3597 1202 qua
3624 1133 3822 1200 celat

2218 1214 2515 1282 patrariut,
2549 1214 2927 1283 praeclacornm
2951 1215 3244 1275 facinorum
3275 1234 3489 1276 causam
3509 1222 3813 1291 praebuisse

2214 1303 2424 1359 dicetur
2453 1343 2475 1371 ,
2517 1305 2609 1375 qui
2642 1305 2777 1359 initii
2806 1314 2863 1361 et
2910 1306 3181 1376 ingressus
3222 1318 3413 1365 auctor.
3450 1309 3616 1383 fuerit
3643 1312 3665 1383 )

2216 1396 2472 1451 nimirum
2492 1406 2553 1451 et
2577 1395 2645 1451 de
2692 1395 2852 1453 Petro
2891 1407 3139 1467 reputare
3176 1409 3420 1470 oportet,
3450 1381 3572 1456 cum
3600 1381 3817 1471 primus

2215 1487 2486 1558 ingressus
2513 1487 2603 1552 sit,
2624 1496 2680 1544 et
2704 1486 2932 1543 frontem
2953 1487 3187 1544 Judaica:
3211 1489 3455 1545 cohortis
3476 1491 3810 1561 perruperit,

2212 1577 2556 1645 acprolixam
2584 1577 2732 1632 iibam
2765 1578 3077 1633 concionem
3120 1577 3399 1645 habuerit,
3438 1580 3557 1650 pari
3596 1581 3829 1637 ratione

2213 1668 2351 1723 viam
2372 1669 2580 1724 caeteris
2601 1670 2858 1740 apostolis
2874 1672 3147 1740 aperuisse
3159 1671 3533 1727 dieenduseat.
3547 1672 3812 1741 Quamvis

2211 1758 2467 1823 Joannes,
2504 1759 2751 1830 quamvis
2774 1760 3028 1827 Iacobus,
3056 1763 3303 1831 quamuis
3328 1761 3543 1825 Paulus,
3558 1765 3811 1833 quamvis

2211 1849 2349 1903 alius
2372 1848 2546 1919 quivis
2574 1848 2772 1904 deinde
2798 1848 3004 1905 facinus
3020 1850 3237 1921 aliquod
3257 1850 3807 1921 egregiumediderit,

2212 1938 2301 1994 hic
2327 1940 2577 1995 omnibus
2603 1939 2903 2008 antecellit,
2924 1940 3012 2011 qui
3060 1940 3201 1995 viam
3230 1941 3440 1996 caeteris
3466 1956 3589 1999 sua
3611 1941 3810 1998 iiducia

2212 2030 2420 2094 stravit,
2449 2038 2505 2085 et
2529 2028 2829 2101 ingressum
2870 2029 3084 2099 aperuit
3108 2069 3125 2098 ,
3168 2030 3383 2102 illisque
3426 2032 3721 2097 concessit,
3750 2041 3811 2087 ut

2214 2126 2485 2186 tamquam
2514 2117 2735 2183 ﬂumen,
2764 2119 2907 2189 quod
2929 2134 3131 2188 magno
3150 2134 3273 2175 cum
3306 2120 3571 2175 undarum
3600 2121 3809 2189 impetu

2211 2206 2465 2275 ferretur,
2486 2208 2821 2265 conﬁdenter
2855 2209 3160 2276 intrarent,
3193 2220 3249 2267 et
3273 2226 3369 2267 eos
3403 2211 3496 2282 qui
3540 2211 3805 2269 adversa-

2208 2310 2398 2356 rentur
2443 2315 2626 2357 secum
2659 2302 2977 2369 traherent,
3027 2319 3213 2360 corum
3253 2321 3382 2361 vero
3420 2306 3509 2375 qui
3540 2307 3809 2364 benevola

2207 2390 2488 2461 audirent,
2540 2394 2745 2448 animas
2796 2405 3053 2463 perpetuo
3105 2396 3363 2466 rigarent.
3396 2398 3476 2451 An
3508 2397 3677 2467 igitur
3715 2398 3809 2454 illa

2212 2492 2337 2552 post
2360 2499 2577 2538 crucem
2616 2486 2739 2540 talis
2766 2485 2902 2541 fuit?
2942 2501 3121 2543 nonne
3163 2498 3287 2543 ante
3328 2502 3545 2543 crucem
3596 2490 3813 2545 cunctis

2210 2571 2307 2627 fuit
2334 2574 2646 2629 ardentior?
2667 2590 2845 2631 nonne
2869 2592 2933 2632 os
2959 2577 3052 2633 fuit
3092 2578 3496 2647 apostolorum?
3520 2593 3705 2634 nonne
3728 2580 3805 2639 si.

2209 2662 2439 2718 lentibus
2466 2667 2676 2719 cunctis
2706 2666 2821 2736 ipse
2846 2666 3200 2737 loquebatur?
3228 2667 3389 2735 Quem
3408 2660 3488 2721 nté
3509 2668 3691 2722 dicunt
3712 2672 3805 2723 ho-

2207 2750 2368 2808 mines
2395 2770 2503 2808 esse
2522 2753 2717 2810 Filium
2737 2756 2993 2826 hominis(
3025 2757 3210 2812 Matth.
3244 2758 3329 2814 16.
3365 2757 3472 2832 15)
3496 2760 3519 2813 ?
3539 2760 3617 2814 ait
3640 2760 3803 2815 Citri-

2205 2858 2323 2904 stus
2348 2865 2363 2915 ;
2393 2858 2449 2905 et
2470 2847 2560 2904 alii
2577 2848 2791 2919 quidem
2822 2848 3026 2905 Heliam
3060 2850 3333 2918 dicebant,
3358 2852 3447 2906 alii
3477 2868 3608 2907 vero
3643 2852 3803 2907 lere.-

2206 2934 2393 3006 miam,
2422 2941 2516 2995 alii
2546 2956 2675 2995 vero
2702 2956 2865 2996 unum
2911 2956 2978 2995 ex
3015 2942 3313 3012 prophetis.
3354 2942 3453 2997 Vos
3491 2959 3631 3009 vero,
3653 2960 3805 3013 quem

2207 3046 2288 3085 me
2315 3046 2424 3087 esse
2443 3032 2612 3085 dicitis
2635 3030 2799 3104 (Ibid.
2828 3048 2877 3087 υ.
2906 3031 3001 3103 16)
3026 3032 3049 3085 ?
3077 3031 3265 3100 inquit.
3299 3030 3437 3087 Tum
3467 3031 3803 3100 respondens

2206 3125 2397 3179 Petrus
2421 3165 2438 3192 ,
2470 3124 2644 3179 dixit:
2680 3124 2757 3179 Tu
2806 3142 2857 3179 es
2904 3126 3137 3181 Christus
3181 3121 3353 3181 Filius
3399 3122 3494 3177 Dei
3522 3123 3643 3177 vici.
3679 3122 3799 3190 Vos,

2204 3213 2357 3279 dixit,
2379 3222 2434 3269 et
2477 3229 2575 3286 pro
2615 3214 2864 3271 omnibus
2891 3215 3005 3286 ipse
3040 3216 3289 3286 loquutus
3312 3224 3414 3271 est.
3436 3212 3570 3271 Nam
3605 3229 3801 3284 quein-

2204 3305 2491 3361 admodum
2534 3322 2633 3376 pro
2687 3314 2801 3361 toto
2850 3321 3077 3377 corpore
3105 3322 3167 3362 os
3196 3308 3447 3379 loquitur,
3476 3308 3555 3363 sic
3581 3313 3804 3377 aposto-

2206 3395 2378 3451 lorum
2404 3396 2578 3467 lingua
2598 3406 2715 3452 erat
2736 3396 2948 3466 Petrus,
2962 3406 3015 3453 et
3038 3413 3135 3468 pro
3160 3398 3407 3453 omnibus
3433 3400 3547 3468 ipse
3574 3414 3802 3470 respon-

2210 3486 2309 3542 dit.
2331 3488 2415 3543 An
2436 3488 2598 3559 igitur
2630 3488 2719 3545 hic
2745 3497 2948 3545 tantum
2974 3490 3073 3545 fuit
3102 3490 3244 3559 talis,
3280 3491 3409 3547 alibi
3451 3506 3579 3546 vero
3605 3491 3676 3548 de
3698 3492 3801 3548 boo

2202 3577 2377 3633 studio
2402 3578 2667 3633 remittit?
2716 3578 3060 3651 Nequaquam
3092 3598 3109 3635 :
3144 3580 3243 3636 sed
3271 3596 3367 3651 per
3391 3582 3569 3637 omnia
3594 3623 3611 3651 ,
3656 3592 3713 3638 et
3741 3584 3798 3638 in

2202 3670 2449 3725 omnibus
2472 3670 2718 3727 eumdem
2748 3672 2997 3727 ardorem
3023 3673 3277 3728 ostendit.
3306 3674 3442 3748 Cum
3471 3674 3616 3729 enim
3642 3675 3800 3730 Chri-

2204 3765 2319 3812 stus
2337 3760 2584 3825 dirisset,
2612 3760 2836 3815 Tradeut
2861 3760 3055 3816 Filium
3081 3763 3321 3831 hominis,
3362 3775 3412 3818 et
3438 3766 3795 3834 ﬂagellabant,

2201 3858 2249 3903 et
2274 3850 2567 3920 cruciﬁgent
2591 3850 2613 3922 (
2639 3851 2803 3905 Marc.
2833 3851 2917 3907 l0.
2937 3853 3027 3911 ‘53.
3052 3853 3166 3921 δι),
3225 3856 3304 3913 ait
3348 3854 3483 3923 ipse,
3519 3857 3797 3926 Propitius

2202 3938 2325 4005 tibi,
2347 3951 2472 4007 esto,
2498 3938 2718 3999 Domine
2744 3958 2764 3999 :
2793 3960 2893 3997 non
2917 3944 3009 3997 erit
3048 3944 3136 3996 tibi
3163 3945 3257 4000 hoc
3287 3943 3508 4015 (Matth.
3537 3944 3626 3998 16.
3658 3945 3723 3998 21
3755 3947 3795 4012 ).

2200 4028 2315 4086 Non
2343 4033 2486 4088 enim
2523 4033 2627 4089 hoc
2662 4036 2815 4091 nobis
2842 4036 3255 4106 expcndendum
3283 4046 3385 4102 eat,
3414 4037 3792 4094 inconsidera-

2202 4130 2309 4177 tam
2360 4123 2496 4180 banc
2548 4125 2716 4183 fuisse
2758 4128 3161 4197 responsionem
3189 4170 3205 4193 ,
3258 4128 3354 4183 sed
3402 4130 3469 4183 ab
3510 4130 3715 4187 eriinio
3742 4141 3798 4189 et

2202 4214 2429 4271 ferventi
2472 4232 2656 4272 amore
2700 4219 3013 4288 profectam.
3049 4220 3256 4274 Rursus
3298 4222 3538 4276 ascendit
3566 4222 3618 4277 in
3648 4240 3799 4279 niua-

2204 4314 2309 4359 tem
2337 4348 2353 4371 ,
2394 4318 2450 4362 et
2495 4309 2903 4380 transfiguratus
2952 4319 3035 4365 est
3075 4328 3090 4363 :
3131 4312 3378 4379 apparuit
3425 4311 3640 4368 interim
3686 4315 3799 4371 illic

2204 4396 2381 4451 iielias
2425 4407 2480 4452 et
2522 4397 2731 4470 Moyses
2776 4400 3107 4469 colloquens.
3161 4402 3367 4456 Rursus
3416 4402 3525 4457 illic
3572 4420 3796 4475 quoque

2203 4487 2393 4543 Petrus
2424 4506 2437 4541 :
2471 4489 2533 4544 Si
2560 4490 2653 4557 vis,
2678 4490 2925 4559 faciamus
2966 4490 3050 4545 hic
3078 4492 3178 4545 tria
3199 4490 3524 4547 tabernacula
3553 4495 3573 4565 (
3596 4493 3794 4551 Matth.

2203 4578 2291 4633 t7.
2317 4579 2350 4633 ι
2377 4580 2417 4647 ).

2276 4673 2333 4727 6.
2363 4669 2495 4725 Vide
2531 4670 2799 4740 quomodo
2837 4670 3149 4740 magistrum
3186 4673 3419 4739 amabat,
3464 4690 3528 4730 ac
3564 4676 3797 4749 diligen-

2200 4762 2326 4815 tiam
2352 4770 2412 4817 ct
2440 4762 2771 4830 prudentiam
2801 4762 3050 4821 observa.
3067 4761 3199 4817 Nam
3223 4765 3351 4835 quia
3371 4776 3481 4821 tum
3504 4772 3790 4841 temporis,

2204 4869 2327 4908 cum
2358 4861 2561 4908 temere
2597 4854 2980 4923 respondisset,
3018 4868 3079 4909 os
3124 4856 3196 4910 illi
3238 4857 3509 4913 occlusum
3540 4871 3665 4925 est,
3705 4862 3795 4919 hic

2199 4944 2438 5013 magistri
2470 4946 2717 5014 potestati
2754 4961 2869 4999 rem
2895 4946 3173 5015 pemnittit,
3206 4947 3411 5013 dicens,
3435 4948 3499 5003 Si
3522 4952 3614 5004 vis.
3645 4951 3791 5009 Fieri

2206 5042 2406 5103 posset,
2434 5035 2624 5104 inquit,
2642 5044 2697 5090 et
2725 5050 2865 5089 nunc
2887 5050 3098 5104 quoque
3120 5037 3515 5094 inconsiderate
3536 5039 3792 5111 loquerer

2196 5141 2381 5179 amore
2408 5125 2689 5194 impulsus.
2737 5125 2815 5180 Ne
2854 5125 3015 5194 igitur
3037 5126 3226 5182 eadem
3258 5129 3683 5197 reprehensione
3704 5133 3787 5190 fe-

2197 5216 2366 5271 riatur
2390 5256 2407 5281 ,
2438 5217 2500 5271 Si
2543 5216 2637 5281 eis,
2680 5217 2873 5286 inquit.
2919 5217 3231 5273 Convivium
3287 5218 3415 5274 illud
3454 5236 3643 5277 rursus
3672 5236 3789 5279 erat

2195 5320 2438 5363 sanctum
2464 5325 2527 5364 ac
2554 5311 2890 5366 tremendum
2920 5330 2934 5365 :
2981 5319 3199 5381 tumque
3225 5313 3435 5369 dicente
3460 5314 3610 5380 Iesu,
3639 5316 3791 5373 Unus

2194 5413 2415 5457 oestrum
2458 5419 2539 5459 me
2580 5405 2861 5459 traditurus
2908 5406 3018 5474 est(
3067 5406 3253 5460 Matth.
3284 5407 3373 5461 26.
3400 5408 3466 5463 Ἦ
3496 5408 3515 5478 )
3547 5424 3561 5462 :
3596 5426 3800 5472 rursus.

2194 5496 2385 5551 Petrus
2408 5495 2478 5551 ob
2520 5495 2661 5550 illam
2688 5497 2901 5565 quidem
2922 5512 3041 5567 qua!
3068 5509 3435 5568 praecesserat,
3464 5500 3785 5570 increpatio-

2193 5604 2337 5652 nctn,
2366 5586 2697 5658 interrogare
2721 5590 3033 5659 magistrum
3081 5607 3185 5645 non
3215 5606 3376 5645 ausus
3403 5603 3489 5647 est
3528 5611 3542 5649 :
3591 5597 3684 5650 sed
3715 5601 3793 5653 ob,

2195 5694 2460 5749 altiorem,
2489 5694 2603 5752 quo
2638 5679 2916 5755 ﬂagrabat,
2954 5690 3131 5741 tacere
3172 5700 3277 5740 non
3320 5695 3532 5759 poterat
3562 5704 3577 5745 :
3604 5690 3785 5745 sedet
