4074 6428
305 394 407 448 577

299 513 517 574 discere
560 509 831 570 nitebatur
853 550 870 578 .
914 521 972 568 et
1023 508 1350 566 temerarius
1384 515 1440 564 et
1466 505 1898 562 inconsideratus

307 620 416 659 non
446 604 639 660 videri.
675 603 796 672 Quo
827 614 983 673 pacto
1005 602 1165 674 igitur
1189 610 1244 657 et
1271 600 1616 670 cupiditatem
1643 597 1898 668 explevit,

305 704 360 750 et
387 703 544 750 caute
597 709 710 749 suae
756 695 1032 751 securitati
1089 693 1321 764 providit
1343 691 1386 745 l~
1413 689 1484 748 Ut
1522 704 1590 746 eo
1617 691 1735 761 ipso
1758 686 1900 757 quod

302 785 515 842 discere
543 787 747 855 vellet,
774 786 1028 842 invictum
1057 800 1322 840 amorem
1368 783 1680 839 ostenderet
1715 781 1899 852 :quod

304 887 484 934 autem
515 879 616 934 hoc
663 879 778 950 ipse
805 894 900 950 per
922 894 984 934 se
1009 893 1115 932 non
1141 875 1369 942 faceret,
1395 873 1488 930 sed
1509 874 1737 928 alterum
1767 871 1903 942 obji-

306 980 455 1024 cerct
482 1011 499 1034 ,
521 971 776 1040 pietatem
824 979 876 1025 et
908 969 1225 1024 modestiam
1251 982 1466 1021 omnem
1490 981 1602 1035 pra:
1625 979 1685 1019 se
1711 964 1895 1018 ferret.

307 1058 556 1130 Undique
591 1062 731 1115 enim
761 1060 888 1114 mihi
935 1060 1216 1129 angustiae,
1254 1058 1423 1127 inquit
1449 1072 1464 1110 :
1494 1057 1563 1111 de
1598 1054 1900 1126 proditione

311 1149 514 1205 Domini
545 1152 754 1220 agitur,
803 1152 988 1221 ingens
1034 1158 1118 1204 est
1161 1149 1453 1220 periculum
1482 1189 1499 1214 ,
1547 1147 1896 1217 prmcipitium

309 1243 576 1310 utrinque.
606 1241 664 1295 Si
698 1251 939 1303 tacuero,
966 1239 1148 1295 exedit
1175 1239 1408 1292 animam
1444 1237 1753 1292 sollicitudo
1793 1254 1808 1291 :
1853 1236 1896 1289 si

303 1333 512 1399 dixero,
542 1347 732 1387 vereor
787 1347 855 1386 ne
887 1332 1027 1386 forte
1076 1345 1262 1385 rursus
1293 1329 1707 1399 iucrepatiouetn
1755 1327 1899 1382 esci-

305 1423 465 1491 piam.
499 1421 724 1475 Mcdiam
757 1423 935 1490 itaque
964 1421 1102 1474 viam
1132 1421 1323 1486 tenuit,
1354 1428 1409 1474 et
1431 1419 1522 1488 qui
1551 1420 1745 1488 ubique
1776 1432 1901 1488 pro-

306 1512 520 1565 siliebat
545 1522 671 1566 ante
691 1523 942 1576 caeteros,
974 1522 1084 1565 tum
1125 1511 1315 1565 fiducia
1345 1509 1565 1565 Joannis
1587 1508 1895 1577 indigebat,

305 1611 362 1654 ut
387 1602 460 1667 id,
490 1605 556 1655 de
575 1617 683 1671 quo
714 1603 992 1672 agebatur,
1025 1612 1395 1672 cognosceret.
1427 1601 1565 1655 Nihil
1587 1601 1729 1655 cnim
1750 1601 1896 1655 aliud

301 1693 562 1760 spirabat,
590 1705 642 1747 et
692 1694 741 1746 in
779 1695 959 1747 animo
999 1703 1256 1762 perpetuo
1300 1693 1564 1758 habebat,
1598 1706 1754 1762 quam
1787 1706 1897 1745 tua-

302 1784 530 1851 gistrum
581 1794 812 1837 tantum.
880 1785 1170 1853 Pr0pterca
1225 1799 1469 1838 carceres
1514 1793 1567 1838 et
1620 1784 1897 1835 innumera

303 1871 496 1926 deinde
528 1873 714 1927 mortis
761 1889 957 1943 genera
1007 1875 1220 1929 subibat
1273 1875 1568 1938 audacter,
1621 1884 1898 1943 totamque

302 1963 465 2016 vitam
496 1973 816 2034 pmsentem
856 1965 1163 2035 spernebat.
1214 1965 1441 2032 Propter
1497 1964 1646 2018 illum
1694 1975 1894 2018 etcum

304 2052 622 2108 verberibus
652 2070 824 2109 cursus
858 2065 1021 2121 esset,
1051 2065 1106 2110 et
1140 2065 1345 2126 tergum
1375 2056 1600 2110 haberet
1637 2055 1898 2110 vibicibus

300 2156 608 2210 exaratum,
637 2147 714 2200 sic
742 2162 837 2200 eos
866 2163 896 2201 a
923 2148 1114 2216 quibus
1139 2161 1310 2200 caesus
1347 2147 1662 2201 verberibus
1691 2147 1894 2213 fuerat,

303 2233 673 2302 alloquebatur
699 2255 712 2289 :
741 2236 860 2290 Non
888 2254 1154 2305 possumus
1187 2255 1278 2291 nos
1297 2253 1410 2307 qua:
1432 2239 1647 2292 vidimus
1671 2249 1716 2292 et
1743 2239 1897 2291 audi-

301 2325 463 2377 uimus
490 2341 589 2378 non
612 2326 750 2395 loqui
777 2327 795 2395 (
823 2327 936 2380 Act.
965 2329 1019 2381 4.
1049 2327 1174 2395 20).
1210 2327 1373 2380 Vides
1421 2327 1738 2381 indomitum
1778 2329 1895 2381 ani-

299 2429 445 2468 mum
471 2414 494 2467 2
517 2414 670 2469 vides
707 2416 953 2471 fiduciam
995 2418 1292 2471 invictam?
1335 2417 1481 2472 vides
1521 2421 1753 2471 animam
1783 2433 1896 2472 οτη-

300 2505 418 2558 lesti
471 2505 738 2562 desiderio
785 2518 841 2562 et
891 2524 1073 2563 amore
1124 2510 1558 2564 redundantem?
1615 2511 1915 2598 Quomodoo

298 2610 430 2664 ergo
471 2595 650 2651 dicere
703 2597 870 2653 audes
917 2599 1063 2654 illum
1096 2641 1109 2664 ,
1151 2600 1291 2669 quod
1330 2609 1592 2655 metueret
1637 2616 1729 2655 eos
1756 2642 1771 2666 ,
1803 2595 1892 2667 qui

295 2699 365 2738 es
393 2685 802 2740 circumcisione
820 2697 994 2751 erant,
1014 2704 1073 2743 se
1105 2691 1452 2755 subtraxisse,
1470 2705 1532 2743 ac
1561 2690 1895 2759 segregasse?

299 2773 460 2828 Multa
491 2789 701 2844 quoque
727 2778 829 2830 alia
861 2778 929 2832 de
968 2779 1128 2833 Petro
1158 2780 1260 2833 dici
1297 2788 1562 2848 poterant,
1585 2776 1893 2850 quaeipsits

298 2865 590 2932 ardorem,
622 2865 1012 2934 fortitudinem,
1049 2885 1289 2923 amorem
1317 2911 1330 2933 ,
1365 2885 1523 2939 quem
1566 2870 1796 2924 habebat
1841 2871 1893 2926 in

297 2952 569 3010 Christum
594 2998 608 3021 ,
641 2959 988 3014 ostenderent
1031 2960 1168 3014 :sed
1213 2976 1279 3014 ue
1325 2959 1536 3028 longius
1587 2975 1891 3015 sermonem

297 3057 356 3103 et
406 3048 711 3117 importune
754 3051 1114 3120 producamus
1140 3095 1156 3120 ,
1202 3053 1466 3107 suﬂicieut
1517 3069 1578 3107 ea
1609 3070 1728 3122 qum
1753 3055 1891 3108 dicta

297 3149 448 3194 sunt.
473 3139 658 3211 Neque
687 3144 831 3197 enim
860 3143 928 3198 de
951 3145 1197 3198 laudibus
1216 3146 1334 3213 ejus
1364 3146 1662 3199 orationem
1691 3145 1892 3201 habere

298 3230 456 3285 nobis
518 3234 854 3302 propositum
905 3244 1028 3300 est,
1087 3235 1180 3290 sed
1235 3236 1585 3305 qutestionem
1640 3237 1886 3303 solvere,

295 3335 420 3392 qua!
458 3338 518 3378 se
547 3323 828 3380 videbatur
856 3325 1074 3389 offerre,
1104 3336 1265 3396 atque
1291 3326 1357 3381 ad
1387 3327 1548 3382 linem
1576 3328 1887 3398 perducere.

371 3415 425 3468 7.
465 3413 546 3470 Tu
580 3431 714 3471 vero
751 3417 969 3472 aliunde
998 3433 1211 3488 quoque
1250 3419 1550 3487 perpende,
1605 3435 1764 3490 quam
1799 3436 1894 3489 pa-

295 3520 418 3561 rum
471 3507 763 3577 probabilis
787 3510 856 3563 sit
899 3511 1188 3565 accusatio.
1226 3509 1357 3564 Nam
1395 3520 1506 3564 tum
1557 3511 1770 3580 quidem
1793 3512 1892 3566 sub

297 3595 472 3666 ipsum
503 3598 842 3667 principium,
861 3600 1075 3669 quando
1090 3599 1319 3667 dicebat,
1345 3599 1496 3654 Hunc
1517 3599 1716 3666 Jesum,
1745 3618 1892 3672 quem

295 3700 384 3740 vos
410 3689 756 3757 cruoiﬁristis,
793 3691 1050 3746 suscitauit
1075 3691 1228 3757 Deus,
1262 3693 1441 3746 solutis
1465 3691 1724 3747 doloribus
1747 3709 1891 3747 mor-

295 3777 361 3830 tis
403 3778 539 3848 (Act.
569 3779 760 3847 λιι),
805 3790 916 3835 tum
971 3783 1111 3837 inter
1141 3783 1384 3838 inimicos
1408 3791 1545 3848 erat,
1591 3784 1893 3839 adhuccae-

294 3866 417 3922 dem
447 3870 777 3933 anhelantes,
827 3872 1000 3926 adhuc
1051 3873 1127 3927 ira
1158 3872 1448 3938 ferventes,
1489 3873 1665 3930 adhuc
1717 3875 1890 3932 disci-

296 3959 452 4028 pulos
485 3961 727 4016 rolentes
776 3961 1104 4032 discerpere.
1135 3963 1359 4033 Vigebat
1402 3964 1543 4019 enim
1575 3965 1750 4020 adhuc
1779 3967 1889 4022 illo-

292 4062 415 4104 rum
444 4051 793 4120 perturbatio,
824 4062 880 4108 et
899 4069 1051 4110 mens
1089 4054 1166 4108 ira
1206 4055 1461 4110 tumebat.
1492 4055 1653 4110 'Nunc
1686 4067 1887 4125 autem,

294 4154 416 4195 cum
474 4141 674 4198 Paulus
705 4143 808 4198 ista
861 4146 1139 4208 scriberet,
1181 4145 1422 4200 decimus
1466 4149 1726 4218 septimus
1763 4165 1890 4219 age-

194 4222 208 4228 ”
294 4229 452 4285 batur
504 4246 699 4298 annus,
729 4248 801 4288 ex
833 4249 940 4299 quo
974 4245 1211 4302 ceperat
1232 4236 1566 4306 evangelium
1589 4238 1887 4306 pra-dicari.

289 4319 428 4375 Cum
477 4321 619 4377 enim
674 4323 920 4391 dixisset,
973 4324 1099 4379 Post
1134 4342 1296 4380 asinos
1326 4336 1424 4380 tres
1451 4328 1654 4381 escendi
1679 4327 1891 4385 Jeroso-

292 4411 484 4482 lymnt
512 4411 652 4483 (Gal.
681 4415 733 4470 l.
761 4416 870 4486 l8),
898 4417 972 4470 ait
996 4432 1202 4482 rursus,
1222 4417 1355 4472 Post
1387 4435 1547 4473 annos
1573 4422 1889 4490 quatuorde-z

289 4506 388 4559 ciui
412 4507 618 4561 escendi
643 4508 1015 4578 Jerosolymam
1045 4508 1258 4581 (σαμε.
1293 4512 1370 4580 l).
1401 4511 1501 4578 Qui
1529 4527 1655 4583 ergo
1680 4516 1730 4566 in
1750 4528 1888 4584 pra:-

289 4595 575 4652 dicatiouis
635 4599 872 4654 exordiis
922 4616 1029 4654 non
1085 4601 1279 4668 timuit,
1329 4617 1468 4657 nunc
1513 4611 1632 4672 post
1679 4611 1884 4659 tantum

288 4687 531 4760 elapsum
575 4698 784 4760 tempus
817 4691 1005 4746 timet?
1054 4693 1144 4761 qui
1171 4707 1278 4747 nou
1321 4692 1885 4765 metueratlerosoly-

288 4781 413 4845 mis,
456 4781 753 4837 Antiochia:
791 4784 1100 4838 metuebat?
1140 4783 1377 4854 quicum
1407 4782 1476 4838 ab
1513 4782 1757 4840 hostibus
1775 4785 1888 4840 cir-

287 4885 596 4928 cumsessus
644 4883 810 4938 esset,
843 4881 954 4928 tum
995 4890 1101 4928 non
1155 4884 1236 4930 est
1289 4875 1544 4940 territus;
1580 4889 1721 4929 nunc
1761 4889 1883 4930 cum

289 4979 392 5021 nec
435 4965 528 5020 ulli
598 4964 782 5021 hostes
841 4965 1076 5031 adsunt,
1131 4964 1230 5020 sed
1265 4965 1448 5021 fideles
1507 4981 1570 5020 ac
1613 4965 1882 5037 discipuli,

289 5065 439 5111 metu
498 5057 712 5127 angitur
751 5066 808 5112 et
853 5057 1201 5124 reformidat,
1271 5071 1374 5113 nec
1419 5067 1563 5113 recte
1615 5059 1886 5115 ambulat?

288 5145 423 5214 Quis
461 5145 566 5202 hoc
609 5147 804 5204 rationi
823 5158 1242 5204 consentaneum
1265 5150 1570 5218 arbitretur,
1605 5150 1734 5204 dum
1758 5166 1882 5207 suc-

291 5235 544 5291 cenditur
588 5252 775 5308 rogus,
825 5247 880 5292 et
910 5241 960 5292 in
1009 5239 1173 5293 altum
1223 5242 1480 5309 exsurgit,
1537 5241 1790 5298 audacter
1831 5244 1882 5298 iu

287 5341 411 5383 eum
430 5343 672 5398 pergere,
690 5331 1009 5385 exstinctum
1027 5340 1204 5386 autem
1221 5341 1275 5386 et
1293 5331 1564 5386 redactum
1582 5333 1632 5386 in
1646 5335 1882 5389 cinerem

287 5416 641 5475 reformidare
679 5428 734 5475 et
796 5422 1246 5477 contremiscere?
1301 5422 1357 5478 Si
1408 5423 1627 5480 timidus
1696 5425 1884 5482 fuisset

287 5515 344 5563 et
372 5509 594 5566 minime
644 5522 894 5567 strenuus
942 5513 1153 5581 Petrus,
1183 5514 1333 5568 initio
1383 5516 1800 5585 praedicationis,
1827 5520 1880 5575 in

288 5604 574 5672 metrolioli
607 5593 933 5672 Iudaeorum,
985 5608 1073 5663 ubi
1119 5611 1302 5665 hostes
1332 5621 1485 5666 erant
1511 5628 1719 5679 omnes,
1755 5623 1882 5670 tunc

287 5691 712 5762 reformidasset,
740 5712 846 5753 non
886 5709 1007 5769 post
1039 5707 1240 5755 tantum
1270 5710 1478 5773 tempus
1500 5704 1551 5757 iu
1578 5706 1710 5762 urbe
1729 5706 1883 5761 Chri-

288 5787 638 5858 stiauissima,
662 5805 836 5864 neque
859 5793 1209 5864 presentihus
1225 5795 1413 5853 amicis
1437 5808 1490 5856 et
1507 5799 1871 5860 familiaribus.

1382 385 1454 445 ῐΝ
1486 384 1721 451 ιιιυι),
1762 389 1833 445 ΙΝ
1869 381 2130 448 ΓΔΟῚΕΜ
2169 381 2238 439 Εἰ
2274 377 2576 436 RESTITI.

3492 391 3593 445 3'38

2008 503 2193 573 itaque
2245 519 2344 560 nec
2374 513 2604 576 tempus,
2645 518 2746 561 nec
2777 501 2950 571 locus,
2993 517 3170 574 neque
3216 501 3453 558 conditio
3480 518 3607 572 per-

2006 609 2258 651 sonarum
2334 612 2433 651 nos
2492 599 2564 652 ita
2625 596 2804 652 verbis
2851 596 2956 651 illis
3003 595 3166 650 linem
3216 596 3341 651 sivit
3379 595 3605 663 habere,

2007 695 2065 740 ut
2107 685 2306 741 dictum
2336 697 2442 754 est,
2470 697 2524 742 et
2545 687 2761 742 Petrum
2791 687 3002 741 timoris
3026 700 3300 741 accusare.
3324 683 3609 740 {.audastis

2004 791 2125 849 quae
2164 779 2306 832 dicta
2348 778 2510 833 sunt?
2553 779 2711 848 Atqui
2761 777 2984 832 Paulum
3027 776 3177 831 initio
3217 774 3557 830 mirabamini
3584 815 3604 842 ,

2005 867 2232 938 ejusque
2283 868 2529 923 fiduciam
2581 867 3044 937 obstupescebatis
3078 874 3173 919 :at
3221 880 3348 921 ecce
3386 880 3611 920 accusi-

2007 961 2205 1015 tionem
2255 960 2475 1016 invertit
2519 961 2710 1015 oratio.
2763 960 2867 1016 Sed
2913 968 2969 1013 u-t
3014 958 3166 1012 initio
3197 958 3439 1013 dicebam
3476 957 3608 1014 nihil

2007 1050 2138 1104 mihi
2191 1050 2467 1120 prodesse,
2498 1052 2541 1106 si
2573 1051 2744 1105 Paulo
2786 1059 2929 1104 recte
2955 1049 3205 1112 faciente,
3233 1049 3450 1104 Petrum
3478 1064 3610 1104 con-

2003 1152 2106 1198 stet
2139 1159 2246 1197 uon
2303 1153 2448 1197 recte
2474 1142 2667 1198 fecisse
2693 1142 2910 1213 (manet
2932 1143 3077 1195 enim
3099 1141 3329 1206 crimen,
3355 1149 3411 1194 et
3435 1140 3611 1210 pudor

2005 1237 2056 1290 in
2095 1251 2194 1291 nos
2241 1234 2524 1300 redundat,
2555 1237 2668 1289 sive
2695 1233 2781 1288 hic
2826 1235 2941 1287 sive
2987 1232 3079 1286 ille
3124 1232 3461 1302 peccaverit)
3487 1246 3503 1284 :
3533 1231 3608 1286 ita

2005 1343 2144 1381 nunc
2171 1327 2330 1382 etiam
2376 1327 2514 1381 idem
2557 1341 2743 1381 rursus
2787 1326 2930 1390 dico,
2962 1324 3093 1378 nihil
3140 1323 3268 1377 milii
3316 1321 3604 1392 prodesse,

2003 1420 2048 1474 si
2086 1421 2483 1475 accusationem
2525 1434 2554 1474 a
2585 1434 2644 1472 se
2665 1419 2954 1472 amoliente
2984 1417 3166 1482 Petro,
3192 1415 3417 1470 Paulum
3446 1430 3610 1484 appa-

2004 1521 2120 1566 reat
2173 1514 2426 1567 audacter
2481 1521 2535 1566 et
2587 1510 2984 1566 inconsiderate
3020 1508 3390 1579 coapostolum
3446 1522 3609 1561 accu-

2005 1619 2174 1658 susse.
2209 1605 2319 1674 Age
2342 1605 2503 1674 igitur
2526 1604 2669 1659 hunc
2702 1604 2861 1658 etiam
2887 1603 3112 1657 crimine
3132 1603 3447 1656 liberemus.
3467 1601 3607 1669 Quid

2003 1694 2179 1761 ergo?
2213 1692 2357 1746 Talis
2405 1694 2619 1762 quidem
2672 1703 2791 1747 erat
2823 1693 3035 1759 Petrus,
3084 1691 3284 1746 Paulus
3327 1706 3457 1746 vero
3478 1691 3608 1745 talis

2004 1797 2110 1836 non
2156 1784 2305 1838 erat?
2333 1785 2396 1837 Et
2424 1784 2547 1853 quid
2571 1784 2738 1838 Paulo
2765 1784 3061 1846 ardentius,
3091 1784 3180 1852 qui
3215 1791 3432 1850 propter
3446 1781 3608 1835 Chri-

2002 1883 2144 1930 stum
2190 1876 2426 1941 quotidie
2475 1875 2839 1930 moriebatur?
2870 1875 3250 1929 Verumtamen
3297 1889 3402 1927 non
3432 1874 3608 1944 agitur

2003 1981 2146 2022 nunc
2196 1969 2335 2038 apud
2381 1983 2477 2020 nos
2509 1966 2576 2022 de
2606 1966 2936 2029 fortitudine,
2973 1964 3139 2038 (quid
3167 1965 3310 2018 enim
3349 1965 3451 2018 hoc
3481 1963 3607 2018 facit

2001 2056 2067 2110 ad
2093 2056 2494 2128 propositum?)
2525 2057 2618 2112 sed
2650 2072 2776 2111 num
2806 2055 2930 2110 odio
2954 2055 3206 2125 quopiam
3243 2067 3606 2124 .prosemiere-

2004 2154 2090 2199 tur
2117 2148 2440 2215 apostolum,
2474 2148 2555 2200 vel
2582 2163 2714 2200 nam
2759 2161 2912 2199 vana:
2946 2145 3134 2215 gloriae
3159 2159 3320 2198 causa
3364 2145 3446 2196 vel
3473 2157 3608 2196 cou-

2003 2238 2258 2291 tentioais
2292 2248 2436 2290 esset
2461 2238 2546 2290 illa
2590 2253 2760 2305 pugna
2794 2243 3002 2290 exorta.
3031 2233 3137 2289 Sed
3165 2249 3234 2288 ne
3260 2235 3363 2288 hoc
3383 2232 3602 2302 quidem

1999 2328 2103 2382 dici
2122 2328 2508 2398 potest;absit.
2539 2327 2653 2382 Non
2682 2327 2827 2381 enim
2858 2327 3003 2381 Petri
3051 2337 3357 2380 sanctorum
3391 2325 3603 2379 illorum

2004 2420 2258 2487 principis
2285 2420 2481 2484 solum,
2511 2417 2609 2473 sed
2647 2427 2711 2472 et
2747 2419 2989 2472 omnium
3044 2418 3097 2471 in
3128 2417 3435 2472 universum
3470 2430 3608 2484 apo-

2000 2509 2260 2563 SIolorum
2288 2525 2474 2563 servus
2505 2517 2620 2564 erat
2653 2508 2876 2574 Paulus,
2911 2508 3081 2577 idque
3129 2523 3252 2562 cum
3294 2521 3483 2562 omnes
3505 2522 3602 2562 εκφ

1999 2598 2267 2652 autlandis
2320 2599 2593 2654 laboribus
2644 2606 2943 2668 superaret,
2999 2605 3237 2651 attamen
3275 2597 3604 2650 omniumse

2001 2691 2247 2744 ultimum
2295 2691 2595 2760 reputabat.
2629 2689 2742 2758 Ego
2782 2692 2939 2752 enim,
2968 2689 3170 2758 inquit,
3202 2704 3317 2741 sum
3361 2687 3604 2740 minimus

2000 2782 2370 2849 apostolorum,
2387 2783 2470 2850 qui
2492 2797 2594 2834 non
2610 2798 2720 2834 sum
2736 2783 2918 2850 dignus
2939 2781 3109 2833 vocari
3130 2776 3392 2848 apostolus
3408 2778 3456 2846 (.l
3479 2775 3599 2831 Cor.

2002 2873 2088 2925 15.
2118 2872 2176 2943 9)
2203 2888 2218 2926 :
2253 2889 2358 2927 non
2406 2873 2578 2928 solum
2633 2881 2812 2927 autem
2835 2871 3224 2940 apostolorum,
3262 2870 3357 2925 sed
3382 2879 3439 2923 et
3471 2882 3604 2922 sun-

1995 2977 2206 3018 cmrum
2232 2966 2391 3033 plane
2439 2966 2702 3019 omnium.
2751 2965 2881 3018 Mihi
2911 2965 3052 3019 enim
3077 2962 3326 3034 ,inquit,
3369 2960 3597 3014 onmiunr

1998 3067 2290 3111 sanctorum
2316 3057 2526 3110 minimo
2565 3056 2687 3110 data
2726 3066 2799 3110 est
2841 3057 2949 3110 Ιιωε
2988 3057 3156 3126 gratia
3190 3054 3408 3124 (Ep/tes.
3435 3053 3490 3108 '5.
3512 3051 3600 3121 8).

2069 3147 2124 3202 8.
2166 3146 2328 3201 Vides
2367 3149 2600 3200 animam
2639 3145 2930 3201 humilem?
2965 3144 3114 3198 vides
3160 3151 3221 3198 ut
3261 3158 3319 3196 se
3358 3142 3599 3196 omnium

1997 3248 2303 3293 sanctorum
2333 3238 2571 3292 inﬁmum
2598 3247 2817 3300 statuat,
2838 3253 2945 3292 non
2974 3236 3336 3307 apostolorum
3363 3233 3599 3289 tantum?

1995 3328 2168 3384 Porro
2215 3330 2306 3397 qui
2345 3327 2426 3382 sic
2475 3342 2603 3398 erga
2627 3341 2816 3383 omnes
2857 3326 3080 3381 affectus
3108 3334 3258 3388 erat,
3294 3324 3505 3379 sciebat
3543 3331 3602 3379 es

1995 3426 2191 3488 quanta
2213 3416 2437 3472 honoris
2461 3418 2807 3488 prterogativa
2831 3417 2995 3471 Petro
3019 3416 3328 3479 deberetur,
3364 3428 3599 3485 eumque

1995 3525 2108 3582 prre
2131 3509 2345 3565 caeteris
2369 3508 2620 3564 omnibus
2646 3508 2858 3562 colebat
2875 3505 3210 3571 hominibus,
3234 3513 3290 3560 et
3314 3513 3376 3560 ut
3402 3505 3597 3575 dignus

1995 3611 2148 3665 erat,
2196 3599 2268 3654 ita
2315 3615 2441 3669 erga
2486 3599 2635 3654 illum
2673 3597 2898 3676 aﬂ‘ectus
2921 3605 3057 3653 erat.
3105 3597 3280 3666 Atque
3324 3594 3426 3649 hoc
3472 3595 3599 3650 inde

1994 3699 2227 3746 constat.
2274 3690 2337 3744 ‘lu
2383 3689 2530 3744 illum
2591 3689 2752 3742 totius
2778 3687 2924 3742 orbis
2964 3694 3232 3740 terrarum
3263 3685 3402 3739 oculi
3442 3692 3598 3739 eram

1994 3782 2238 3838 conversi
2251 3823 2274 3846 .,
2309 3781 2674 3837 Ecclesiarum
2720 3779 2984 3833 universae
3015 3787 3171 3832 terra:
3199 3791 3326 3830 cura
3357 3775 3427 3830 ab
3452 3776 3597 3831 illius

1994 3877 2170 3931 anima
2212 3873 2498 3945 pendebat,
2540 3871 2608 3927 de
2661 3871 2821 3927 rebus
2855 3869 3150 3924 innumeris
3177 3867 3416 3939 quotidie
3444 3866 3599 3921 solli-

1993 3977 2134 4022 citus
2162 3974 2298 4031 erat,
2323 3965 2560 4035 undique
2587 3963 2734 4017 illum
2763 3959 3219 4017 circumsidebaut
3258 3957 3596 4029 procuratio:-

1995 4074 2113 4126 nes,
2126 4059 2480 4129 praeteritum,
2497 4055 2879 4118 correctiones.
2897 4053 3140 4118 consilia,
3161 4051 3594 4117 cohortationes,

1991 4151 2274 4217 doctrina),
2305 4151 2449 4206 mille
2469 4149 2806 4220 negotiorum
2831 4146 3205 4218 expeditiones
3235 4164 3249 4200 :
3271 4155 3326 4200 et
3345 4144 3595 4199 omnibus

1994 4245 2097 4300 illis
2123 4243 2337 4299 omissis
2357 4243 2747 4314 Jerusolymam
2783 4256 2855 4296 .se
2880 4238 3108 4295 contulit
3125 4278 3143 4307 ,
3170 4252 3272 4293 nec
3306 4238 3445 4292 illius
3468 4251 3595 4292 sus-

1992 4335 2131 4404 cepti
2177 4333 2384 4390 itineris
2411 4333 2526 4387 alia
2563 4332 2661 4388 fuit
2698 4332 2911 4386 occasio
2954 4329 3058 4384 ulla
3083 4370 3100 4396 ,
3135 4329 3320 4383 nisiut
3370 4327 3592 4382 Petrum

1991 4429 2221 4493 videret,
2270 4427 2409 4481 sicut
2457 4427 2531 4480 ait
2579 4426 2691 4495 ipse
2720 4443 2734 4479 :
2761 4423 2975 4479 Ascendi
3015 4421 3394 4492 Jerosolymam
3418 4419 3596 4484 ridere

1993 4517 2208 4573 Petrum
2233 4516 2378 4587 (Gal.
2401 4519 2451 4572 l.
2483 4513 2596 4589 18),
2624 4515 2702 4572 sic
2724 4516 2897 4585 ipsum
2925 4512 3243 4578 honorabat,
3266 4521 3319 4566 et
3338 4509 3595 4565 omnibus

1991 4609 2327 4678 praeferebat.
2376 4608 2512 4675 Quid
2543 4624 2671 4677 ergo
2721 4608 2744 4661 ἲ
2769 4621 2890 4663 cum
2919 4606 3096 4675 ipsum
3121 4603 3366 4669 vidisset,
3395 4601 3586 4657 confe-

1990 4701 2117 4755 stim
2149 4700 2374 4755 recessit
2408 4699 2433 4753 l
2464 4697 2806 4768 Nequaquam
2837 4715 2854 4753 :
2887 4697 2981 4754 sed
3004 4695 3143 4767 apud
3186 4695 3360 4766 ipsum
3399 4693 3593 4752 diebus

1989 4789 2294 4860 quindecim
2319 4790 2536 4844 mansit.
2556 4788 2614 4845 Si
2641 4804 2800 4859 quem
2823 4789 2984 4860 igitur
3004 4788 3325 4858 magistrum
3356 4786 3591 4842 militum

1989 4883 2194 4947 videas,
2224 4881 2332 4946 dic,
2374 4881 2556 4946 sodes,
2604 4896 2926 4951 generosum
2959 4887 3014 4936 et
3052 4880 3332 4946 eximium,
3384 4878 3589 4934 indicto

1985 4976 2096 5046 jam
2139 4975 2304 5042 bello,
2361 4975 2590 5029 militum
2631 4975 2746 5029 acie
2781 4974 2891 5042 jam
2944 4973 3225 5044 disposita,
3261 4973 3368 5042 iam
3412 4987 3586 5052 pugna

1989 5069 2300 5131 commissa,
2354 5082 2476 5124 cum
2515 5068 2793 5127 innumera
2851 5066 2996 5120 illum
3044 5074 3301 5120 vocarent
3351 5067 3587 5134 negotia,

1990 5160 2175 5216 relicta
2203 5159 2318 5214 acie
2343 5159 2410 5213 ad
2437 5158 2765 5213 visitandum
2798 5156 3102 5227 quempiam
3131 5157 3366 5211 amicum
3398 5171 3457 5210 se
3485 5156 3591 5210 alio

1989 5249 2260 5316 conferre,
2292 5264 2418 5304 num
2445 5264 2607 5320 quam
2630 5248 2791 5303 aliam
2829 5247 3115 5318 majorem,
3143 5262 3345 5317 quiusa,
3365 5247 3593 5302 demon~

1990 5344 2306 5398 strationem
2340 5358 2611 5411 quaereres
2657 5346 2828 5413 ipsius
2853 5357 2978 5414 erga
3013 5343 3283 5397 hominem
3316 5343 3459 5397 illum
3489 5342 3588 5396 be-

1989 5435 2342 5490 nevolentiae?
2363 5435 2479 5490 Non
2507 5437 2754 5506 equidem
2812 5436 3061 5490 arbitror.
3088 5434 3199 5489 Hoc
3240 5436 3398 5504 igitur
3422 5443 3475 5489 et
3519 5433 3588 5489 de

1990 5526 2154 5583 Paulo
2201 5528 2463 5603 Petroquc
2485 5530 2750 5583 existima.
2793 5527 3073 5597 Siquidem
3108 5526 3195 5582 hic
3239 5526 3583 5596 quothbel-

1989 5621 2098 5675 lum
2129 5635 2291 5690 grave
2317 5620 2602 5674 conflatum
2635 5632 2770 5685 erat,
2797 5630 2849 5676 et
2878 5623 3021 5676 acies
3055 5631 3108 5675 et
3135 5636 3310 5691 pugna
3342 5630 3454 5674 erat
3479 5633 3584 5672 non

1989 5711 2246 5765 adversus
2269 5711 2514 5766 homines
2536 5721 2764 5779 tantum,
2795 5712 2889 5767 sed
2920 5721 2978 5768 et
3006 5711 3262 5768 adversus
3291 5711 3582 5780 principes,

1993 5809 2254 5866 adversus
2284 5817 2603 5882 potestates,
2645 5809 2904 5867 adversus
2947 5811 3129 5868 mundi
3172 5816 3582 5868 rectcresteue-
