4074 6394
587 317 693 375 579

586 437 810 491 brarum
839 433 1022 491 saeculi
1050 428 1213 502 huius
1236 432 1397 505 (Epit.
1419 436 1475 492 6.
1500 434 1611 504 η),
1632 435 1768 492 etde
1789 435 1966 490 salute
1981 432 2160 487 homi-

586 539 720 581 num
744 524 1054 597 pugnazsic
1075 532 1256 579 tamen
1288 523 1510 581 Petrum
1540 528 1913 590 reverebatur,
1939 532 1999 579 ut
2028 537 2156 579 cum

573 628 718 673 tanta
754 619 1072 685 immineret,
1113 627 1430 690 urgentque
1451 616 1767 682 necessitas,
1794 613 1862 670 ad
1892 614 2045 668 illum
2068 628 2159 669 ex-

570 716 812 764 curreret
834 708 1243 780 Jerosolymam,
1282 718 1338 765 et
1368 723 1490 763 cum
1536 707 1676 778 apud
1700 721 1821 762 eum
1852 702 2174 775 quindecim‘

567 795 683 853 dies
706 798 1009 865 mansisset,
1042 808 1155 854 tum
1179 798 1397 853 demum
1427 797 1644 853 rediret.
1668 793 2000 867 Cognovistis
2046 794 2159 849 for-

576 887 861 943 titudinem
892 878 1056 955 Petri,
1085 888 1351 945 didicistis
1373 890 1678 944 comitatem
1707 885 1850 940 Pauli
1878 898 2002 965 erga
2033 897 2158 938 om-

566 992 663 1034 nes
691 979 986 1050 apostolos,
1016 995 1140 1051 erga
1167 981 1340 1051 ipsum
1385 979 1598 1035 Petrum
1630 994 1647 1031 ε
1686 978 1798 1048 jam
1826 990 2046 1033 necesse
2074 982 2157 1029 est

562 1066 629 1121 ad
665 1067 836 1139 ipsam
878 1071 1188 1139 quaestionis
1220 1070 1539 1124 solutionem
1588 1068 1883 1123 veniamus.
1908 1065 1963 1122 Si
2012 1066 2154 1122 enim

562 1166 617 1212 et
643 1157 731 1213 hic
752 1158 966 1213 Petrum
994 1153 1228 1225 amabat,
1258 1168 1311 1213 et
1335 1158 1425 1213 ille
1446 1158 1660 1214 timidus
1684 1168 1773 1213 aut
1801 1173 1987 1229 parum
2012 1167 2154 1211 stre-

571 1264 710 1305 nuus
749 1266 857 1306 non
892 1261 1026 1316 erat,
1066 1260 1123 1307 et
1164 1252 1435 1307 contentio
1463 1266 1527 1307 ac
1568 1250 1916 1306 contradictio
1951 1250 2036 1304 illa
2088 1263 2153 1303 ex

569 1341 750 1397 animo
776 1352 1019 1414 suscepta
1042 1357 1147 1397 non
1175 1353 1311 1410 erat,
1328 1343 1464 1413 quid
1489 1344 1588 1399 sibi
1620 1343 1729 1397 vult
1749 1344 1848 1397 ista
1878 1339 2154 1396 narratio?

569 1442 661 1486 aut
697 1449 799 1504 qua
839 1434 906 1489 de
932 1449 1093 1490 causa
1118 1432 1232 1490 hare
1254 1434 1579 1505 dispensatio
1608 1433 1801 1489 fiebat?

640 1523 695 1577 9.
737 1524 848 1579 Hoc
878 1525 995 1580 loco
1023 1525 1305 1591 advertite,
1350 1526 1662 1593 animosque
1706 1531 1913 1579 vestros
1943 1520 2151 1591 erigite,

569 1629 635 1671 ac
681 1616 963 1688 diligenter
1009 1618 1303 1685 attendite,
1339 1627 1395 1673 ut
1424 1616 1759 1673 manifestam
1788 1615 2150 1671 defensionem

537 1707 897 1779 _intelligatis.
947 1710 1154 1780 Quippe
1195 1710 1484 1766 absurdum
1513 1718 1658 1765 esset
1695 1724 1782 1764 me
1820 1707 1910 1779 qui
1956 1716 2150 1762 terram

570 1797 783 1864 cﬂodio,
834 1810 1036 1855 tantum
1076 1801 1315 1857 laborem
1365 1801 1671 1866 eaantlare,
1710 1813 1806 1855 vos
1836 1807 2037 1864 autem,
2060 1795 2151 1866 qui

569 1887 718 1943 nullo
764 1890 974 1961 negotio
1002 1890 1162 1947 visuri
1205 1892 1335 1947 estis
1385 1908 1595 1957 aurum,
1638 1907 1748 1961 pra
1789 1890 1948 1945 nimia
1979 1903 2152 1944 socor-

569 1978 658 2034 dia
678 1987 880 2035 tantum
908 1982 1116 2038 lucrum
1137 1983 1562 2052 praetermittere.
1591 1982 1823 2038 Necesse
1839 1989 1923 2035 est
1948 1988 2149 2047 autem,

572 2075 632 2123 ut
666 2071 923 2126 orationis
950 2071 1157 2126 initium
1185 2072 1349 2127 altius
1376 2081 1714 2142 repetamus,
1763 2079 1823 2125 ut
1868 2069 2150 2126 clariorem

568 2158 722 2214 vobis
745 2158 1039 2215 doctrinam
1065 2162 1371 2217 reddamus.
1421 2162 1710 2231 Postquam
1737 2161 1877 2217 enim
1905 2161 1959 2215 in
1991 2160 2152 2215 ctelos

567 2246 726 2305 Jesus
773 2264 1021 2306 reversus
1066 2260 1185 2316 est,
1215 2252 1425 2323 espleta
1467 2261 1626 2322 quam
1650 2259 1833 2307 nostra
1876 2265 2034 2306 causa
2060 2265 2151 2305 suo

569 2350 815 2409 sceperat
862 2338 1276 2410 dispensatione,
1326 2340 1550 2396 verbum
1592 2339 1849 2396 doctrinas
1874 2341 1985 2395 suis
2020 2340 2150 2396 reli-

568 2428 683 2497 quit
705 2429 983 2497 apostolis,
1015 2438 1073 2484 ut
1107 2430 1183 2485 ait
1230 2429 1443 2497 Paulus,
1478 2430 1546 2485 Et
1574 2431 1741 2502 positi:
1776 2431 1830 2484 in
1862 2431 2006 2485 uobis
2041 2447 2150 2485 eer-

567 2516 683 2571 btun
710 2519 1130 2575 reconciliationis
1146 2536 1167 2585 ;
1194 2530 1245 2577 et
1278 2536 1486 2591 rursus,
1519 2522 1625 2578 Pro
1669 2522 1869 2579 Christo
1900 2523 2150 2595 legatione

566 2609 849 2678 fungimur,
889 2620 1128 2682 tanquam
1153 2612 1263 2668 Deo
1291 2615 1586 2670 exhortante
1611 2631 1700 2681 per
1731 2630 1825 2669 nos
1844 2614 1921 2684 (2.-
1947 2613 2065 2668 σον.
2089 2615 2143 2670 5.

567 2697 655 2753 19.
683 2698 810 2767 20):
852 2700 956 2756 hoc
990 2710 1094 2769 est,
1124 2704 1242 2758 vice
1282 2703 1503 2759 Christi.
1544 2704 1693 2760 Tunc
1720 2705 1879 2775 igitur
1906 2720 2027 2760 cum
2052 2720 2149 2774 per

566 2788 871 2846 universum
911 2794 1096 2850 orbem
1138 2804 1397 2853 terrarum
1451 2798 1537 2853 isti
1582 2797 1957 2867 praedicabant,
2004 2797 2145 2851 nulla

564 2886 681 2933 erat
708 2878 957 2949 haeresis;
1000 2885 1097 2940 sed
1140 2896 1329 2941 natura
1385 2887 1558 2941 omnis
1622 2886 1851 2942 humana
1897 2886 2005 2941 duo
2050 2885 2147 2941 ha-

563 2968 722 3025 bebat
758 2972 873 3029 lucc
913 2974 1180 3046 dogmata,
1220 2993 1383 3033 unum
1409 2988 1613 3033 rectum
1662 2987 1716 3033 et
1753 2991 1965 3046 sanum,
2010 2978 2146 3033 alte-

562 3073 679 3113 rum
698 3074 1005 3133 corruptum
1048 3076 1101 3121 et
1128 3082 1370 3142 pravum.
1402 3067 1509 3122 Aut
1539 3067 1681 3124 enim
1706 3068 1933 3138 gentihs
1957 3082 2143 3123 omnes

561 3161 717 3206 erant
773 3156 919 3210 orbis
948 3157 1157 3223 inculte,
1201 3170 1291 3214 aut
1322 3159 1491 3216 Judaei
1524 3176 1540 3213 :
1574 3175 1750 3230 neque
1797 3160 2140 3225 Manichaeus,

563 3255 736 3311 neque
780 3245 1011 3302 Marcion
1039 3289 1053 3312 ,
1094 3250 1268 3321 neque
1314 3250 1624 3307 Valentinus
1649 3285 1665 3316 ,
1699 3266 1798 3307 nec
1844 3252 1979 3305 alius
2007 3252 2143 3307 ullus

561 3334 779 3387 omnino
802 3346 916 3391 erat
945 3354 958 3389 :
987 3340 1113 3408 quid
1140 3341 1280 3395 enim
1301 3343 1489 3397 attinet
1527 3356 1713 3397 omnes
1751 3341 1983 3398 haereses
2006 3358 2141 3398 enu-

560 3423 811 3479 merare?
852 3426 1112 3496 siquidem
1153 3440 1273 3500 post
1321 3431 1551 3486 triticum
1605 3442 1729 3487 tunc
1778 3432 2139 3501 proseminata

559 3520 683 3566 sunt
716 3516 934 3583 aiaauia,
966 3521 1109 3573 varia
1135 3520 1382 3575 nimirum
1409 3521 1673 3578 hmresum
1700 3523 2019 3593 corruptela.
2062 3525 2140 3579 Ac

558 3605 772 3661 Judmos
824 3607 1035 3676 quidem
1086 3610 1246 3665 Petro
1266 3598 1568 3679 commisit,
1610 3614 1900 3683 gentilibus
1959 3625 2138 3669 autem

559 3697 777 3752 Paulum
808 3700 1315 3767 prtefecitChristus.
1344 3706 1406 3758 Et
1425 3704 1525 3759 hoc
1552 3720 1581 3759 a
1617 3720 1704 3760 me
1731 3705 1847 3775 ipso
1870 3720 1975 3761 non
1994 3706 2134 3772 dico.

559 3788 653 3842 sed
685 3790 849 3859 ipsius
872 3792 1017 3847 Pauli
1060 3795 1218 3849 verba
1250 3796 1374 3850 licet
1401 3797 1585 3851 audire
1617 3815 1628 3849 :
1663 3796 1764 3861 Qui
1788 3774 1920 3851 enim
1950 3814 2135 3866 opera-

558 3888 641 3933 tus
659 3890 729 3934 est
749 3881 901 3936 Petro
922 3885 972 3937 in
990 3888 1327 3955 apostolatum
1368 3882 1779 3957 circumcisionis,
1810 3900 2044 3960 operatus
2062 3901 2137 3945 est

558 3979 605 4021 et
634 3970 777 4035 mihi,
801 3972 990 4043 inquit,
1033 3976 1163 4029 inter
1205 3987 1375 4048 gentes
1399 3978 1541 4048 (Gal.
1558 3979 1613 4034 2.
1640 3980 1699 4049 8)
1728 3998 1741 4035 :
1769 3980 2133 4036 circumcisio-

556 4073 679 4115 uem
710 4061 811 4117 hoc
849 4064 965 4119 loco
990 4066 1158 4136 ipsam
1206 4070 1471 4125 nationem
1500 4073 1796 4143 appellans.
1836 4073 1986 4129 Unde
2006 4086 2135 4129 vero

554 4148 605 4205 Id
633 4154 875 4207 constat?
922 4156 998 4211 Ex
1037 4172 1103 4212 eo
1130 4160 1271 4228 quod
1308 4161 1537 4216 additur.
1579 4162 1710 4217 Cum
1747 4164 1888 4217 enim
1919 4165 2131 4229 dixerit,

558 4240 659 4308 Qui
704 4254 938 4312 operatus
963 4258 1034 4300 est
1069 4247 1222 4302 Petro
1258 4248 1311 4303 in
1340 4252 1676 4319 apostolatum
1712 4254 2129 4318 circumcisionis,

552 4342 785 4402 operatus
805 4346 877 4389 est
905 4339 1046 4403 mihi,
1070 4339 1258 4410 inquit,
1285 4342 1415 4397 inter
1429 4353 1616 4414 gentes,
1649 4343 1749 4399 hoc
1778 4346 2027 4401 nimirum
2051 4347 2131 4401 in-

551 4421 765 4492 dicavit,
789 4427 853 4481 ad
875 4428 1267 4488 distinctionem
1295 4436 1531 4505 gentium
1552 4436 2011 4493 circumcisionem
2042 4454 2135 4508 po-a

548 4514 703 4569 sitam
734 4532 871 4573 esse.
916 4520 995 4573 Ad
1042 4521 1431 4579 distinctionem
1474 4542 1600 4581 vero
1622 4531 1857 4597 gentium
1887 4545 1989 4585 non
2020 4532 2127 4585 cir-

548 4610 823 4674 cumcisio,
855 4611 947 4667 sed
974 4612 1143 4669 Judaei
1177 4626 1322 4683 sunt,
1374 4634 1509 4688 quos
1554 4635 1647 4689 per
1670 4621 2125 4678 circumcisionem

549 4699 902 4757 subindicavit
934 4722 949 4759 :
980 4707 1127 4775 quasi
1158 4708 1379 4776 diceret,
1434 4712 1535 4779 Qui
1562 4724 1813 4781 operatus
1847 4723 1928 4768 est
1967 4716 2128 4770 Petro

548 4788 600 4843 in
626 4794 975 4860 apostolatum
1005 4796 1333 4867 Judzcorum,
1361 4813 1609 4871 operatus
1628 4812 1711 4858 est
1739 4814 1793 4858 et
1830 4805 1957 4859 mihi
1990 4806 2128 4860 inter

539 4892 747 4959 gentes.
800 4885 869 4940 Ut
894 4889 1037 4943 enim
1078 4906 1170 4945 rex
1209 4894 1453 4961 sapiens,
1486 4896 1573 4965 qui
1622 4896 1841 4952 idoneos
1882 4914 2126 4969 quosque

550 4974 711 5061 probe
736 4978 971 5043 noverit,
1008 4980 1160 5035 alteri
1192 4984 1401 5052 quidem
1437 4987 1487 5040 in
1519 4987 1758 5056 equites,
1801 4990 1951 5061 alteri
1996 5006 2125 5045 vero

547 5060 597 5114 in
626 5066 826 5133 pedites
851 5072 1129 5125 committit
1166 5073 1442 5143 imperium
1468 5093 1484 5129 :
1510 5078 1588 5132 sic
1614 5079 1858 5134 nimirum
1887 5060 1939 5134 et
1963 5081 2121 5136 Chri-

544 5162 656 5208 stus
672 5172 791 5212 cum
811 5160 861 5213 in
874 5158 970 5214 has
982 5162 1110 5217 duas
1130 5176 1304 5234 partes
1326 5181 1478 5221 suum
1495 5170 1784 5224 exercitum
1823 5171 2115 5240 divisisset,

542 5244 756 5302 Judanos
801 5251 1011 5319 quidem
1041 5254 1214 5320 Petro,
1241 5260 1465 5327 gentiles
1490 5271 1666 5315 autem
1698 5262 1857 5316 Paulo
1893 5267 2120 5319 commi-

542 5340 628 5391 sit.
656 5344 729 5394 Ac
748 5344 868 5397 licet
889 5345 1080 5401 diversi
1098 5352 1203 5404 sint
1222 5356 1506 5415 exercitus,
1526 5354 1639 5408 Rex
1663 5363 1840 5411 tamen
1860 5366 1941 5412 est
1958 5375 2115 5414 unus.

544 5429 609 5484 Ut
659 5433 798 5487 cnim
841 5436 942 5490 illic
987 5439 1269 5496 discrimen
1296 5445 1621 5500 exercituum
1649 5447 1699 5499 in
1730 5462 1993 5503 armorum
2017 5466 2113 5519 ap-

538 5531 744 5588 paratu,
778 5540 881 5579 non
912 5529 961 5581 in
1003 5528 1273 5586 hominum
1320 5545 1505 5591 natura
1531 5539 1808 5593 consistit:
1839 5540 1914 5594 sic
1952 5542 2113 5596 nimi-

538 5627 655 5666 rnm
674 5624 727 5668 et
749 5613 833 5671 hic
854 5617 1148 5676 differentia
1193 5624 1244 5678 in
1276 5626 1460 5695 exigua
1482 5629 1707 5698 quadam
1730 5632 1903 5687 carnis
1926 5634 2111 5705 figura,

537 5716 641 5757 non
670 5720 720 5759 in
752 5707 1058 5767 substantiae
1080 5713 1383 5773 diversitate
1412 5722 1664 5776 cernitur.

1287 319 1348 375 8.
1384 317 1669 375 JOANNIS
1702 316 2140 376 CHRYSOSTO)

2245 314 2556 374 ARCBIEP.
2594 314 3131 376 CONSTANTINOP.

2335 432 2421 489 ιο.
2440 433 2545 490 Cur
2564 439 2830 507 prtcfectus
2856 436 3006 506 fuerit
3026 433 3225 490 Paulus
3238 433 3525 507 gentilibus,
3547 433 3736 489 Petrus
3750 432 3848 487 lu-

2258 523 2405 579 datis.
2419 525 2954 593 -—Quemadmodum
2971 540 3103 599 ergo
3119 526 3383 591 dicebam.
3405 526 3564 581 ambo
3584 535 3741 583 erant
3766 525 3850 582 his

2260 615 2584 672 exercitibus
2618 618 2875 687 praefecti.
2915 621 2993 673 Ac
3019 618 3121 674 nisi
3160 618 3298 674 forte
3335 619 3595 689 prolixior
3636 618 3851 675 videtur

2259 705 2452 772 oratio,
2480 706 2525 761 si
2554 705 2749 764 defessi
2777 723 2883 763 non
2909 710 3059 773 estis,
3099 709 3325 765 alteram
3363 711 3522 765 etiam
3542 710 3699 767 vobis
3719 725 3853 766 cau-

2258 810 2373 850 sam
2397 795 2661 866 proferam
2682 835 2699 863 ,
2729 798 2800 853 ob
2818 814 2975 869 quam
3006 799 3091 856 isti
3128 799 3320 867 Judai,
3354 788 3431 856 illi
3460 815 3592 857 vero
3622 802 3854 872 gentiles

2254 893 2383 940 sunt
2409 886 2618 942 crediti.
2642 887 2914 958 Siquidem
2936 891 3233 958 quaestione
3252 907 3361 946 non
3380 890 3594 961 indigna
3624 906 3716 947 res
3737 904 3842 957 est,

2259 991 2417 1046 quam
2462 976 2673 1033 tandem
2695 978 2764 1034 ob
2790 994 3028 1047 causam,
3060 981 3147 1051 qui
3179 990 3285 1036 tam
3309 990 3493 1037 exacte
3518 982 3752 1053 patriam
3777 984 3855 1037 le-

2258 1081 2376 1137 gem
2417 1067 2696 1133 didicerat,
2728 1070 2818 1141 qui
2846 1070 2913 1126 ad
2943 1070 3105 1141 pedes
3131 1069 3439 1128 Gamalielis
3486 1074 3578 1127 diu
3616 1073 3853 1139 vixerat,

2256 1157 2347 1226 qui
2392 1157 2685 1212 secundum
2705 1159 2987 1229 justitiam,
3017 1176 3138 1231 quae
3179 1161 3232 1215 in
3263 1160 3378 1230 lege
3420 1170 3535 1228 est,
3577 1162 3697 1217 sine
3720 1175 3855 1231 que-

2257 1248 2367 1303 rela
2411 1258 2758 1305 conversatus
2800 1261 2949 1317 erat,
2991 1267 3097 1305 non
3130 1252 3203 1305 illi
3238 1252 3544 1307 ludzeorum
3588 1267 3721 1308 cura
3750 1252 3851 1308 de-

2256 1343 2556 1411 mandatur,
2587 1345 2681 1400 sed
2698 1347 3005 1417 gentilium;
3035 1346 3284 1415 piscatori
3315 1355 3491 1401 autem
3518 1355 3575 1402 et
3596 1346 3851 1402 illiterate

2256 1434 2452 1502 Petro,
2494 1438 2580 1505 qui
2609 1438 2741 1492 nihil
2772 1438 2877 1493 tale
2906 1446 3146 1505 noverat,
3178 1436 3481 1492 Judasorum
3512 1447 3599 1493 est
3644 1438 3851 1493 credita
3892 1472 3895 1475 -

2256 1523 2595 1595 przefectura.
2628 1527 2845 1581 Confert
2887 1528 3029 1582 enim
3062 1526 3332 1598 quidpiam
3352 1526 3507 1581 nobis
3538 1526 3607 1580 ad
3624 1527 3846 1583 solutio.

2255 1630 2379 1669 nem
2404 1615 2543 1685 quod
2572 1616 2787 1681 dicitur,
2810 1616 2854 1671 si
2896 1628 3041 1672 recte
3075 1616 3209 1672 illud
3240 1616 3506 1686 possimus
3532 1615 3709 1671 eﬂ‘ari.
3737 1615 3847 1672 Ne-

2254 1720 2360 1774 que
2402 1706 2541 1760 enim
2578 1704 2681 1761 hoc
2704 1706 2911 1761 causari
2937 1706 3082 1772 licet,
3109 1720 3233 1761 eum
3256 1721 3378 1761 cum
3406 1714 3749 1762 cunctantem
3785 1720 3851 1762 ac

2254 1794 2643 1857 detrectantem
2690 1796 2911 1851 vidisset
2952 1795 3181 1851 Paulum
3229 1804 3581 1867 cognatorum
3617 1810 3841 1850 suorum

2254 1885 2622 1955 prafecturam
2644 1886 2916 1957 defugere,
2943 1888 3178 1942 noluisse
3193 1886 3270 1941 illi
3294 1888 3400 1941 vim
3417 1886 3620 1950 facere,
3644 1896 3702 1942 et
3720 1901 3846 1941 eum

2253 1992 2466 2048 cogere.
2484 1977 2597 2033 lmo
2611 1993 2738 2034 vero
2753 1979 3079 2034 contrarium
3108 1994 3219 2049 pm
3242 1992 3302 2034 se
3327 1978 3540 2034 tulerat.
3560 1977 3681 2033 Non
3699 1978 3846 2033 enim

2256 2077 2461 2123 tantum
2486 2067 2791 2123 Judteorum
2810 2070 3181 2139 praefecturam
3203 2084 3311 2125 non
3340 2068 3561 2139 defugit,
3594 2067 3694 2123 sed
3714 2076 3771 2123 et
3789 2082 3849 2123 se

2254 2152 2459 2221 primus
2486 2150 2717 2215 obtulit,
2747 2158 2805 2206 et
2850 2166 2971 2205 cum
3004 2150 3253 2206 Christus
3303 2152 3623 2221 praeciperet
3668 2158 3729 2205 ut
3777 2150 3846 2204 ad

2250 2252 2438 2312 gentes
2458 2243 2648 2309 abiret,
2677 2242 2792 2311 ipse
2833 2244 2964 2312 petit
2989 2251 3049 2297 ut
3074 2243 3175 2298 sibi
3198 2241 3507 2298 Judaeorum
3536 2256 3669 2298 cura
3690 2256 3847 2297 cem-

2252 2334 2493 2388 mitlatur
2519 2347 2534 2385 :
2561 2342 2617 2388 et
2642 2332 2920 2389 innumera
2944 2347 3068 2389 cum
3114 2330 3183 2388 ab
3214 2332 3294 2387 eis
3322 2326 3463 2387 illata
3488 2332 3628 2387 mala
3655 2342 3846 2402 pertu-

2252 2422 2439 2490 lisset,
2465 2424 2621 2494 eique
2648 2432 2833 2496 gentes
2859 2422 3085 2479 docendi
3117 2422 3389 2494 provincia
3437 2431 3585 2478 esset
3616 2421 3843 2490 credita,

2251 2530 2351 2585 pro
2371 2516 2477 2572 illis
2523 2516 2795 2588 deprecari
2827 2531 2933 2571 non
2963 2525 3175 2582 cessat,
3197 2515 3381 2570 dicens
3421 2529 3563 2569 nunc
3600 2514 3841 2584 quidem,

2256 2602 2507 2675 Optabam
2541 2622 2647 2659 esse
2685 2605 2957 2659 anathema
2997 2620 3091 2676 pro
3145 2602 3388 2672 fratribus
3428 2604 3575 2669 meis,
3616 2604 3846 2675 cognatis

2251 2698 2376 2753 meis
2394 2698 2665 2751 secundum
2685 2712 2886 2750 carnem
2909 2695 3085 2767 (Rom.
3101 2695 3162 2769 .9.
3184 2695 3242 2765 3)
3264 2713 3277 2749 :
3305 2709 3448 2750 nunc
3465 2705 3647 2751 autem
3667 2735 3689 2761 ,
3708 2694 3845 2751 Fra-

2250 2798 2370 2853 tres,
2397 2789 2627 2843 uoluntas
2656 2804 2788 2855 mea,
2817 2799 2865 2842 et
2883 2789 3158 2843 obsecratio
3186 2788 3255 2841 ad
3272 2786 3473 2853 Deum,
3511 2804 3606 2857 pro
3635 2788 3742 2842 illis
3768 2796 3845 2843 est

2246 2880 2301 2935 in
2325 2878 2732 2951 salutem(Rom.
2762 2879 2850 2935 lo.
2886 2881 2962 2948 l).
2990 2878 3098 2934 Cur
3119 2879 3277 2949 igitur
3319 2893 3440 2933 cum
3495 2878 3660 2933 vellet
3701 2878 3837 2947 ipse,

2246 2987 2311 3027 ac
2344 2980 2659 3042 percuperet
2680 2970 2800 3026 illos
2819 2970 3035 3036 docere.
3065 2985 3171 3024 non
3200 2969 3440 3040 permisit
3459 2980 3519 3024 ut
3544 2970 3677 3039 ipsis
3702 2984 3841 3039 prte-

2247 3062 2471 3129 dicaret,
2504 3061 2606 3135 sed
2643 3061 2761 3115 loco
2806 3059 3020 3114 illorum
3060 3058 3340 3115 doctorem
3380 3059 3552 3128 ipsum
3591 3059 3841 3128 gentibus

2246 3152 2425 3207 misit?
2458 3151 2757 3208 Audiamus
2780 3148 3050 3204 Christum
3079 3148 3251 3219 ipsum
3272 3148 3561 3213 dicentem,
3599 3160 3655 3204 et
3705 3150 3839 3205 Pau-

2247 3243 2359 3296 lum
2384 3256 2500 3297 rem
2520 3256 2734 3297 omnem
2755 3250 3059 3296 narrantem
3089 3257 3104 3292 :
3138 3239 3354 3294 Factum
3379 3250 3451 3295 est
3474 3242 3625 3305 mihi,
3647 3242 3837 3312 inquit,

2246 3336 2412 3390 oranti
2440 3334 2553 3405 ﬁeri
2571 3350 2651 3388 me
2674 3334 2729 3387 in
2752 3343 2956 3404 stupore
2984 3333 3189 3401 mentis,
3211 3343 3257 3387 et
3284 3334 3449 3388 uidere
3473 3332 3735 3389 Christum
3760 3335 3839 3387 di-

2243 3434 2435 3480 centem
2472 3426 2598 3479 mihi
2626 3440 2645 3478 t
2669 3422 2901 3491 Festina,
2942 3433 2989 3479 et
3029 3425 3111 3478 exi
3138 3425 3405 3491 uelociter,
3448 3427 3694 3495 questions
3735 3443 3837 3480 nou

2243 3517 2485 3585 recipient
2506 3516 2848 3570 testimonium
2870 3524 3011 3569 tuum
3037 3515 3100 3569 de
3128 3532 3207 3570 me
3226 3515 3360 3587 (Act.
3386 3516 3478 3570 22.
3503 3517 3591 3571 l7.
3628 3517 3743 3587 18).
3767 3517 3838 3571 Et

2244 3621 2457 3661 causam
2484 3606 2619 3661 dixit
2649 3604 3026 3676 profectionis;
3066 3604 3190 3661 odio
3236 3605 3509 3661 habebunt
3534 3616 3609 3674 te,
3641 3606 3834 3678 inquit,

2242 3712 2298 3755 et
2341 3680 2727 3753 aversabuntur
2758 3714 2773 3751 :
2802 3707 3080 3769 propterea
3115 3706 3167 3752 te
3194 3698 3472 3753 docentem
3502 3714 3611 3753 non
3638 3699 3831 3755 ferent.

2243 3790 2403 3861 Atqui
2426 3790 2526 3845 hoc
2552 3790 2723 3860 ipsum
2751 3790 2999 3845 idoneum
3045 3798 3162 3844 erat
3188 3789 3255 3844 ad
3281 3789 3437 3845 iidem
3468 3790 3544 3844 illi
3572 3790 3713 3859 apud
3740 3805 3835 3845 eos

2240 3879 2454 3936 docenti
2478 3881 2886 3945 conciliandam,
2918 3888 2972 3936 et
2998 3879 3064 3935 ad
3087 3880 3514 3951 persuadendum
3542 3882 3649 3937 illis
3685 3882 3832 3937 illam

2242 3976 2589 4029 mutationem
2620 3973 2906 4029 humanam
2952 3986 3059 4028 non
3104 3972 3286 4029 fuisse.
3315 3972 3498 4043 Neque
3522 3975 3667 4029 enim
3695 3973 3831 4029 adeo

2240 4065 2503 4120 furentem
2528 4074 2581 4120 et
2610 4064 2687 4119 ira
2714 4078 3051 4129 succensum,
3071 4078 3134 4118 ac
3158 4064 3361 4119 caedem
3379 4065 3697 4134 spirantem,
3729 4081 3831 4122 ως

2239 4176 2341 4231 que
2364 4160 2617 4216 miracula
2642 4158 2854 4215 facienti
2875 4158 3089 4214 Christo
3111 4158 3437 4224 credentem,
3469 4174 3649 4229 neque
3698 4174 3829 4229 apo-

2238 4253 2394 4307 stolis
2408 4252 2544 4319 ejus,
2566 4262 2807 4306 mortuos
2822 4249 3218 4315 suscitantibus,
3240 4250 3496 4321 potuisset
3520 4249 3686 4305 homo
3714 4264 3834 4305 um-

2238 4358 2397 4414 quam
2424 4344 2477 4397 in
2518 4344 2697 4398 medio
2739 4344 2857 4413 ipso
2886 4343 3063 4397 furore
3088 4352 3316 4407 mutare;
3354 4350 3515 4413 atque
3553 4343 3707 4398 illum
3758 4343 3830 4398 ita

2236 4435 2475 4500 ﬂectere,
2523 4443 2582 4489 ut
2604 4434 2971 4489 vehementem
2996 4433 3143 4487 illum
3196 4432 3478 4499 affectum,
3522 4447 3684 4503 quam
3731 4432 3830 4487 ad-

2236 4541 2425 4582 versus
2473 4527 2905 4596 prtedicationem
2954 4525 3105 4581 verbi
3154 4540 3265 4596 prae
3312 4540 3371 4581 se
3401 4525 3627 4591 ferebat,
3656 4534 3828 4582 totum

2233 4631 2395 4691 atque
2438 4619 2574 4674 adeo
2630 4619 2888 4688 majorem
2920 4632 3016 4688 pro
3039 4616 3378 4673 confessione
3398 4615 3595 4673 Christi
3620 4634 3734 4689 pne
3772 4634 3828 4674 se

2234 4712 2433 4768 ferret:
2465 4712 2558 4767 sed
2582 4724 2707 4766 vere
2733 4712 2927 4766 divina
2946 4710 3155 4765 virtutis
3182 4724 3318 4780 opus
3342 4710 3549 4765 exstitit
3578 4711 3669 4765 illa
3699 4727 3828 4767 con-

2235 4806 2411 4859 versio
2461 4819 2525 4859 ac
2577 4804 2823 4858 mutatio.

2305 4899 2393 4952 ll.
2435 4897 2607 4967 Atque
2644 4896 2746 4953 hoc
2788 4898 2961 4967 ipsum
3000 4896 3158 4950 etiam
3188 4894 3387 4950 Paulus
3410 4936 3424 4959 ,
3452 4909 3573 4965 cum
3604 4908 3825 4967 cuperet

2232 4989 2441 5044 illorum
2479 4989 2847 5058 praefecturam
2876 4988 2975 5043 sibi
3002 4987 3218 5054 deferri,
3240 4986 3513 5042 Christum
3544 4988 3826 5059 alloquens

2232 5081 2517 5151 objiciebat
2548 5098 2561 5135 :
2591 5079 2824 5145 Domine,
2853 5081 2951 5150 ipsi
2979 5080 3165 5144 sciunt,
3188 5079 3307 5148 quia
3332 5094 3422 5149 ego
3447 5093 3586 5131 eram
3616 5080 3826 5133 conclu-

2231 5175 2353 5229 dens
2373 5175 2425 5227 in
2452 5188 2721 5239 carcerem,
2751 5182 2797 5227 et
2827 5173 3025 5227 caedetis
3054 5188 3137 5225 eos
3158 5171 3243 5242 qui
3262 5169 3527 5224 credebant
3556 5171 3610 5224 in
3641 5189 3824 5225 nomen

2230 5277 2410 5331 tuum;
2452 5275 2499 5320 et
2540 5282 2655 5319 cum
2686 5266 2981 5335 funderetur
3008 5264 3213 5333 sanguis
3254 5263 3539 5331 Stephani,
3584 5266 3825 5334 martyris

2229 5359 2321 5423 tui,
2346 5374 2435 5427 ego
2462 5357 2828 5410 consentiebam
2847 5355 2973 5407 aedi
2988 5356 3095 5424 ejus
3118 5339 3253 5428 (Ᾰοε.
3285 5355 3377 5409 22.
3402 5354 3485 5410 19.
3506 5354 3623 5425 90).
3651 5356 3716 5409 Et
3744 5357 3822 5409 in-

2226 5464 2357 5520 gens
2401 5449 2487 5503 illa
2527 5449 2728 5503 insania
2762 5458 2867 5501 tam
2893 5446 3067 5501 subito
3106 5447 3295 5502 factam
3328 5448 3679 5501 mutationem
3714 5464 3817 5501 non

2226 5557 2346 5598 esse
2376 5542 2608 5596 ostendit
2635 5542 2942 5605 humanam,
2975 5539 3067 5593 sed
3096 5540 3326 5593 divinam
3346 5579 3363 5605 ,
3404 5547 3505 5594 eta
3538 5541 3686 5595 caelis
3715 5543 3823 5595 ori-.

2225 5637 2400 5705 ginem
2432 5633 2645 5689 ducere.
2679 5633 2813 5702 Quid
2846 5648 2974 5702 ergo
2995 5630 3267 5687 Christus?
3293 5629 3453 5696 Vade,
3484 5633 3729 5700 quoniam
3752 5634 3817 5683 ad

2228 5735 2396 5797 gentes
2438 5728 2583 5797 longe
2622 5737 2668 5781 te
2700 5727 2894 5780 mittam
2936 5725 3085 5799 (Act.
3116 5725 3205 5779 εἳ.
3237 5724 3369 5795 21).
3404 5723 3591 5780 Nonne
3636 5725 3813 5795 igitur,
