4074 6404
255 426 361 483 379

255 548 406 619 ϐμως
437 543 615 608 οὕτως
656 541 834 615 ᾐδεῖτο
875 542 968 613 τὸν
996 542 1225 619 Πέτρον,
1262 539 1405 595 ὥστε
1449 539 1543 593 καὶ
1574 539 1843 609 τοσαύτης

256 633 507 701 ἀνάγκης
537 628 896 700 ἐπικειμένης
922 630 1017 684 καὶ
1061 626 1513 697 κατεπειγούσης,
1549 626 1846 697 ἐκδραμεῖν

257 720 326 774 δι’
350 722 556 781 ἐκεῖνον
606 719 685 783 εἰς
718 716 1088 788 Ἰεροσόλυμα,
1121 715 1217 768 καὶ
1264 716 1444 784 μεῖναι
1490 713 1629 784 πρδς
1679 711 1847 766 αὐτὸν

257 804 472 877 ἡμέρας
500 803 818 866 δεκαπέντε,
850 804 944 858 καὶ
972 803 1094 856 τότε
1126 799 1716 867 ἐπανελθεῖν.Ἔγνωτε
1750 798 1848 869 τὴν

257 892 512 963 ἀνδρείαν
576 891 670 946 τοῦ
717 892 925 963 Πέτρου
951 930 967 955 ,
1012 888 1247 960 ἐμάθετε
1295 890 1395 959 τὴν
1450 885 1847 959 φιλοφροσύνην

260 980 498 1043 Παύλου,
526 979 625 1049 τὴν
652 977 783 1050 περὶ
807 976 935 1039 τοὺς
960 976 1290 1040 ἀποστόλους
1321 972 1553 1039 πάντας,
1578 973 1677 1043 τὴν
1716 973 1848 1042 περὶ

260 1067 427 1121 αύτδν
453 1067 544 1121 τὸν
574 1067 781 1135 Πέτρον
800 1080 814 1094 ·
847 1063 1063 1133 ἀνάγκη
1096 1062 1283 1118 λοιπὸν
1309 1062 1402 1115 ἐπὶ
1444 1060 1542 1133 τὴν
1572 1060 1725 1113 λύσιν
1760 1059 1847 1113 ἐλ-

260 1154 375 1205 θεῖν
418 1151 513 1205 τοῦ
557 1150 894 1222 ζητήματος.
928 1152 992 1203 Εἰ
1040 1150 1150 1220 γὰρ
1196 1149 1290 1203 καὶ
1332 1143 1487 1211 οὗτος
1534 1145 1707 1215 ἐφίλει
1753 1146 1846 1199 τὸν

259 1240 489 1311 Πέτρον,
512 1237 762 1300 κάκεῖνος
794 1235 965 1299 δειλὸς
1010 1235 1109 1289 οὐκ
1142 1229 1209 1305 ῆν
1254 1232 1348 1287 καὶ
1373 1233 1655 1303 ἄνανδρος,
1686 1232 1779 1285 καὶ
1809 1233 1841 1301 ή

258 1322 560 1392 φιλονεικία
588 1324 681 1375 καὶ⁵
726 1325 759 1392 ὴ
800 1321 1111 1384 ἀντίστασις
1142 1321 1241 1374 οὐκ
1272 1319 1380 1374 ἀπὸ
1403 1318 1583 1390 ψυχῆς
1608 1318 1842 1386 ἐγένετο,

255 1411 315 1463 τί
346 1410 474 1463 mi
503 1412 620 1463 ἐστι
659 1409 721 1462 τὺ
751 1409 1076 1478 λεγόμενον;
1113 1409 1209 1460 καὶ⁸
1249 1406 1392 1468 τίνος
1440 1405 1625 1458 ἐνεκεν
1671 1402 1843 1457 ταῦτα

261 1496 594 1567 ᾠκονομεῖτο
612 1514 627 1564 ;

331 1581 395 1633 θ’.
413 1582 678 1636 Ἐνταῦθα
692 1582 1007 1652 προσέχετε,
1025 1581 1119 1635 καὶ
1133 1577 1454 1650 διανάστητέ
1477 1594 1588 1649 μοι,
1608 1578 1700 1631 καὶ
1718 1594 1841 1630 συν-

254 1668 467 1721 τείνατε
498 1670 741 1734 ἐαυτοὺς,
774 1668 915 1721 ὥστε
935 1666 1188 1733 δέξασθαι
1214 1665 1361 1735 σαφῆ
1389 1666 1486 1736 τὴν
1518 1666 1836 1733 ἀπολογίαν.

256 1754 370 1807 Καὶ
400 1754 509 1823 γὰρ
539 1754 740 1808 ἀτοπον
774 1756 872 1825 ἐμὲ
901 1756 999 1824 μέν
1028 1754 1120 1807 τὸν
1148 1752 1552 1807 διασκάπτοντα
1587 1752 1840 1807 τοσοῦτον

257 1843 420 1896 πόνον
446 1844 756 1913 ὑπομένειν,
781 1843 999 1912 agam
1026 1842 1153 1905 τοὺς
1179 1842 1239 1906 ἐξ
1269 1841 1517 1905 εὐκολίας
1546 1841 1842 1913 μέλλοντας

252 1928 319 1983 τθ
341 1930 562 2000 χρυσίον
594 1931 747 2001 όρᾷν,
781 1932 848 2000 τῇ
882 1930 1127 2001 ῥᾳθυμία
1150 1927 1211 1982 τὸ
1238 1930 1429 2001 κέρδος
1461 1928 1619 1982 τοῦτο
1659 1946 1840 2001 παρα-

252 2015 501 2087 δραμεῖν.
520 2016 756 2087 ’Δνάγκη
787 2017 843 2071 δέ
875 2017 1069 2089 μικρὸν
1104 2017 1363 2088 ἀνωτέρω
1386 2016 1477 2073 τὸν
1516 2016 1673 2085 λόγον
1703 2018 1841 2084 ἀγα-

251 2105 390 2171 γεῖν,
414 2102 554 2157 ὥστε
577 2104 916 2175 σαφεστέραν
944 2106 1073 2173 ὑμῖν
1107 2106 1328 2173 ποιῆσαι
1348 2104 1446 2175 τὴν
1466 2103 1836 2159 διδασκαλίαν.

264 2189 485 2259 Ἐπειδὴ
518 2192 627 2261 γάρ
672 2178 919 2261 ἀνῆλθεᾶ
944 2192 1026 2254 εἰς
1067 2191 1195 2251 τοὺς
1236 2190 1503 2259 οὐρανοὺς
1541 2192 1570 2242 6
1611 2190 1837 2260 Ἰησοῦς,

247 2274 351 2347 τὴν
387 2277 523 2345 ὑπὲρ
549 2275 705 2347 ημῶν
746 2278 1061 2347 οἰκονομίαν
1095 2276 1409 2347 πληρώσας,
1436 2276 1527 2331 τὸν
1554 2276 1710 2344 λόγον
1738 2278 1837 2347 τῆς

247 2363 597 2427 διδασκαλίας
625 2364 884 2418 κατέλιπε
915 2367 1027 2427 τοῖς
1056 2363 1249 2416 ἐαυτοῦ
1281 2364 1619 2429 ἀποστόλοις,
1656 2364 1839 2428 καθὼς

248 2449 463 2513 Παῦλος
493 2464 653 2522 φησυ
688 2446 943 2520 Θέίιενος
968 2451 1038 2504 έν
1060 2451 1203 2520 ἡμῖν
1222 2452 1330 2504 τὸν
1356 2453 1543 2521 λόγον
1560 2452 1671 2520 τῆς
1698 2469 1839 2506 κατ-

245 2535 560 2606 αλλαγῆς·
614 2538 707 2591 καὶ
742 2538 904 2591 πάλιν
925 2552 939 2567 ·
995 2538 1163 2606 Ὑπὲρ
1208 2537 1470 2607 Χριστοῦ
1515 2542 1837 2608 πρεσϐεύο-

241 2638 379 2692 μεν,
409 2623 489 2690 ὡς
517 2622 624 2677 τοῦ
654 2623 802 2678 Θεοῦ
832 2624 1333 2692 παρακαλοῦντος
1358 2626 1435 2679 δι’
1459 2626 1648 2695 ἡμῶν,
1678 2645 1836 2681 τουτ-

245 2707 419 2774 έστιν,
454 2709 865 2780 ἀντὶ“Χριστοῦ.
910 2710 1045 2763 Τότε
1089 2712 1287 2777 τοίνυν,
1330 2712 1495 2782 ἡνίκα
1536 2716 1837 2783 ἐκήρυττον

244 2790 391 2850 οὗτοι
422 2797 561 2851 κατά
592 2798 691 2870 τὴν
722 2799 1048 2870 οἰκουμένην
1080 2797 1319 2867 ἃπασαν,
1353 2802 1573 2872 αἵρεσις
1610 2804 1836 2874 οὐδεμία

244 2879 350 2955 ῆν·
384 2887 531 2939 πᾶσα
558 2886 616 2940 δέ
654 2888 689 2957 η
728 2886 889 2957 φύσις
930 2887 1040 2941 τῶν
1076 2887 1380 2959 ἀνθρώπων
1411 2889 1503 2943 δύο
1545 2890 1718 2945 ταῦτα
1750 2891 1833 2945 δό-

245 2987 435 3041 γματα
484 2968 619 3043 εἶχε,
654 2972 713 3026 τὸ
764 2975 864 3043 μὲν
918 2976 1087 3042 ὑγιὲς,
1120 2976 1183 3029 τὸ
1227 2976 1284 3029 δέ
1331 2975 1835 3048 διεφθαρμένον.“Π

206 3108 211 3111 .
244 3060 355 3131 γὰρ
382 3059 662 3131 Ἕλληνες,
694 3062 726 3133 ἢ
770 3063 1088 3122 Ἰουδαῖοι.οί
1114 3063 1212 3135 τὴν
1243 3063 1346 3134 γῆν
1370 3066 1643 3129 οἰκοῦντες
1664 3066 1834 3121 ᾶπαν-

241 3166 337 3212 τες
361 3144 499 3220 ἦσαν
523 3166 536 3180 ·
564 3147 690 3205 οὔτε
715 3151 773 3203 δέ
796 3152 1113 3221 Μανιχαῖος,
1151 3152 1275 3206 οὔτε
1306 3155 1592 3226 Μαρκίων,
1628 3156 1751 3211 οὔτε
1776 3158 1832 3210 δὲ

243 3238 622 3302 Οὐαλεντῖνος,
646 3240 746 3293 ούκ
772 3239 930 3303 ἀλλος
960 3242 1138 3306 οὐδεὶς
1168 3244 1384 3307 ἁπλῶς⁹
1414 3244 1469 3297 τί
1493 3246 1600 3315 γὰρ
1623 3246 1704 3299 δεῖ
1730 3247 1834 3299 πά-

244 3344 347 3391 σας
380 3328 699 3398 καταλέγειν
723 3329 822 3393 τάς
846 3330 1116 3401 αἰρέσεις;
1150 3334 1243 3386 καὶ
1267 3334 1375 3405 γὰρ
1406 3337 1545 3404 μετά
1569 3336 1659 3388 τὸν
1687 3338 1833 3390 σῖτον

240 3414 365 3468 τότε
398 3413 468 3469 τά
500 3414 715 3481 ζιζάνια
761 3418 998 3489 ἐσπάρη,
1024 3420 1058 3489 ἡ
1090 3420 1405 3492 παντοδαπὴ
1434 3422 1543 3475 τῶν
1568 3423 1833 3495 αἰρέσεων

241 3502 528 3573 διαφθορά.
563 3504 701 3566 Τοὺς
731 3503 830 3573 μέν
865 3500 959 3557 οῦν
1001 3505 1286 3570 Ἰουδαίους
1316 3508 1582 3579 ἐπέτρεψε
1616 3510 1695 3581 τῷ
1730 3511 1833 3564 Πέ-

239 3604 377 3657 τρῳ,
414 3590 526 3651 τοῖς
568 3588 623 3642 δέ
647 3588 871 3660 Ἕλλησι
910 3591 1001 3643 τδν
1041 3592 1255 3646 Παῦλον
1301 3594 1601 3664 ἐπέστησεν
1634 3598 1662 3649 6
1700 3598 1833 3667 Χριο

242 3674 385 3736 στός.
417 3676 526 3728 Καὶ
570 3673 728 3728 τοῦτο
771 3676 873 3729 οὐκ
924 3678 1015 3745 ἀφ’
1035 3677 1274 3732 ἐαυτοῦι
1310 3679 1481 3748 λέγω,
1521 3680 1637 3735 ἀλλ’
1667 3682 1830 3735 αὑτοῦ

238 3758 336 3813 τοῦ
379 3760 594 3814 Παύλου
639 3751 889 3830 λέγοντος
938 3762 1079 3816 ἐστιν
1113 3764 1379 3820 ἀκοῦσαν
1420 3767 1473 3819 '0
1511 3767 1622 3837 τὰρ
1664 3769 1830 3837 ένερ-

236 3847 439 3917 τήσιις
468 3847 666 3916 Πέτρῳ
696 3851 784 3914 εἰς
816 3849 1176 3919 ἀποστολὴν
1207 3851 1319 3919 τῆς
1358 3853 1702 3925 περιτομῆς,
1730 3856 1831 3910 ὲν-

237 3933 469 4021 mo:
508 3935 708 4004 κάμοί,
735 3936 920 4006 φησὶν,
954 3940 1043 4004 εις
1077 3940 1152 3993 τὰ
1181 3939 1326 4021 έθηη
1346 3959 1360 3973 ο
1410 3943 1713 4015 περιτομὴν
1746 3945 1831 3996 εν-

236 4019 415 4074 ταῦθα
465 4021 597 4075 αύτδ
641 4022 703 4075 τὸ
740 4021 893 4087 ἐθνος
925 4024 1126 4082 καλῶν.
1157 4019 1462 4081 Καὶπόθεν
1487 4028 1679 4099 δῆλονς
1736 4031 1831 4085 Ἐκ

222 4106 341 4177 στῆς
384 4108 699 4179 ἐπαγωγῆς.
745 4109 933 4165 Εἰπὼν
988 4110 1119 4182 γάρ,
1153 4112 1207 4165 '0
1251 4114 1587 4185 ἐνεργήσας
1630 4117 1830 4185 Πέτρῳ

233 4195 324 4261 εἰς
355 4194 714 4263 ἀποστολὴν
753 4195 866 4266 τῆς
907 4199 1251 4269 περιτομῆς,
1288 4201 1591 4272 ἐνήργησε
1624 4205 1823 4273 κάμοὶ,

235 4283 401 4352 φησὶν
418 4282 468 4348 δ,
494 4285 582 4350 εἰς
615 4283 689 4338 τὰ
720 4283 888 4353 ἔθνη,
918 4285 1227 4351 δεικνύντος
1264 4291 1429 4355 ἐστὶν,
1460 4292 1541 4344 ὅτι
1571 4292 1705 4361 πρὸς
1728 4293 1827 4345 ἀν-

232 4368 574 4441 τιδιαστολὴν
595 4371 702 4425 τῶν
730 4372 902 4426 ἐθνῶν
927 4374 1229 4447 περιτομὴν
1252 4373 1393 4431 εἰπε.
1426 4379 1569 4449 Πρὸς
1592 4380 1649 4433 δὲ
1681 4381 1828 4434 ἀντι-

231 4455 519 4528 διαστολὴν
552 4458 659 4511 τῶν
701 4458 893 4525 ἐθνῶν,
938 4462 1062 4532 οὐχὶ
1095 4464 1385 4535 περιτομὴ,
1427 4465 1543 4518 ἀλλ’
1582 4467 1825 4522 Ἰουδαῖοί

232 4544 393 4608 είσιν,
423 4542 516 4609 οὓς
540 4546 628 4599 διὰ
658 4547 759 4617 τῆς
787 4551 1090 4621 περιτομῆς
1116 4552 1335 4621 ᾐνίξατο
1356 4570 1369 4581 ·
1396 4553 1593 4607 ὡσανεὶ
1615 4554 1819 4623 ἔλεγεν,

246 4632 305 4687 ’0
340 4633 638 4708 ἐνεργήσας
665 4635 857 4707 Πέτρῳ
904 4638 983 4700 εἰς
1036 4638 1340 4710 ἀποστολὴν
1385 4640 1494 4693 τῶν
1530 4643 1818 4710 Ἰουδαίων,

231 4718 508 4792 ἐνήργησε
537 4722 706 4791 κάμοὶ
730 4723 810 4787 εἰς
842 4722 911 4777 τά
945 4723 1093 4795 έθνη.
1128 4726 1396 4797 Καθάπερ
1420 4729 1526 4799 γάρ
1557 4746 1641 4793 τις
1674 4730 1822 4800 βασι-

232 4806 359 4869 λεὺς
407 4808 593 4877 σοφὸς,
630 4809 722 4863 τὸν
771 4810 1078 4883 ἐπιτήδειον
1126 4813 1263 4883 μετά
1306 4815 1591 4885 ἀκριϐείας
1642 4817 1817 4881 εἰδὼς,

229 4894 404 4977 ἑτέρῳ
438 4894 537 4965 μιν
564 4894 693 4957 τοὺς
723 4897 929 4961 ἰππεῖς,
954 4900 1127 4971 ἐτέρφ
1151 4900 1208 4953 δέ
1236 4901 1346 4954 τῶν
1380 4902 1559 4968 πεζῶν
1582 4906 1820 4977 ἐγχειρί-

228 4977 313 5063 ζει
332 4976 432 5063 τῂν
451 4980 789 5063 προστασίαν
810 4998 824 5012 ·
850 4980 995 5035 οὔτω
1018 4982 1084 5055 δὴ
1106 4985 1201 5037 καὶ
1225 4986 1254 5037 6
1279 4987 1535 5057 Χριστὸς,
1567 4989 1630 5043 τὸ
1656 4976 1821 5063 στρα-

225 5059 451 5147 τόπεδον
481 5062 559 5147 τὸν
578 5064 773 5120 ἐαυτοῦ
810 5066 998 5121 διελὼν
1046 5071 1126 5134 εἰς
1155 5070 1247 5125 δύο
1276 5072 1456 5127 ταῦτα
1499 5075 1665 5147 μέρη,
1692 5059 1819 5142 τοὺς

229 5143 658 5234 μὶν-Ἰουδαίους
698 5150 924 5223 Πέτρῳ,
973 5155 1101 5219 τοὺς
1143 5156 1201 5209 δέ
1226 5143 1510 5229 Ἕλληνας
1549 5143 1817 5234 ἐπέτρεψε

226 5230 533 5319 35619.3:
564 5236 621 5319 ει
652 5236 883 5309 διάφορα
911 5238 981 5292 τά
1011 5242 1367 5311 στρατόπεδα,
1414 5244 1563 5319 [370]
1600 5230 1714 5314 an“
1737 5230 1817 5316 εἷς

227 5318 257 5403 6
286 5313 907 5403 βασιλεύςέασπεργὰρ
930 5324 1042 5377 ἐκεῖ
1066 5323 1099 5395 ή
1122 5323 1355 5399 διαφορά
1373 5313 1478 5384 τῶν
1511 5313 1814 5403 στρατοπέζ

221 5396 329 5487 δῶν
363 5398 442 5487 ’ἐν
568 5408 881 5476 κατασκευῇ
916 5406 1023 5460 τῶν
1052 5396 1254 5477 ὅπλων,
1280 5396 1380 5467 οὐκ
1426 5415 1485 5468 ἐν
1657 5418 1814 5487 φύσει

220 5478 331 5575 τῶν
352 5482 655 5575 ἀνθρώπων
681 5488 829 5575 ἐστίν
852 5508 866 5520 ·
892 5490 1035 5545 οὕτω
1057 5492 1119 5564 δὴ
1141 5498 1234 5549 καὶ
1256 5497 1491 5553 ἐνταῦθα
1520 5502 1553 5571 ή
1577 5478 1816 5575 διαφορά

220 5564 282 5659 ἐν
816 5590 921 5659 τινι
953 5575 1052 5646 τῆς
1098 5580 1321 5650 σαρκὸς,
1352 5584 1452 5638 οὐκ
1500 5564 1558 5639 ξύ

221 5648 410 5713 οὐσίας
442 5652 709 5726 ἐναλλαγῇ
744 5657 1017 5724 φαίνεται.

281 5768 307 5832 ‘_
475 5768 567 5817 768
584 5770 667 5818 ἀπ’
688 5771 915 5832 ἐμαυτοῦ.

290 5825 315 5866 δ
348 5825 456 5880 Hoc
480 5832 618 5894 φησίν
640 5825 827 5885 ouium
849 5836 966 5889 Cod.
989 5838 1099 5899 ΗΒ,
1125 5838 1209 5905 (ιυὶ
1236 5854 1346 5892 mox
1370 5844 1603 5894 δείκνυσιν
1623 5847 1710 5897 ὅτι.

567 5928 850 5997 Ρετιιοι.
900 5934 1018 5996 (ξι,
1074 5936 1143 5996 LI
1154 5979 1169 5995 .

1327 427 1395 486 IN
1434 428 1660 495 ILLUD,
1702 426 1770 481 IN
1810 425 2069 483 FACIBM
2102 420 2169 478 EI
2218 420 2514 482 RESTITI.

3416 416 3521 468 380

2028 535 2080 592 ι’.
2091 537 2299 607 Ὠσπερ
2313 530 2405 589 οῦν
2421 528 2775 603 ἐλεγον,ἧσαν
2790 529 3086 603 ἀμφότεροι
3103 529 3171 604 ea
3188 525 3528 605 στρατόπεδα

1948 623 2121 678 ταῦτα
2144 621 2630 695 ἐγκεχειρισμένοι.
2659 619 2769 674 Καὶ
2794 621 2843 673 εἰ
2868 619 2943 691 μὴ
2978 615 3207 689 μηκύνω
3230 617 3323 670 τδν
3344 615 3522 685 λόγον,

1950 711 1998 762 εί
2047 709 2124 781 μὴ
2166 709 2504 779 ἀπεκάμετε,
2538 696 2650 776 ἐρῶ
2695 706 2789 758 καὶ
2830 698 2931 775 τὴν
2978 702 3159 758 αἰτίαν
3187 701 3336 774 ὑμῖν,
3366 701 3526 771 δι’ἠν

1943 789 2102 859 οὗτος
2138 796 2236 865 μιν
2272 795 2400 859 τοὺς
2437 791 2744 855 Ἰουδαίους,
2773 793 2978 856 ἐκεῖνος
3006 791 3063 845 δὲ
3090 790 3218 854 τοὺς
3256 788 3316 855 ἐξ
3356 787 3526 843 ἐθνῶν

1947 881 2363 951 ἐπιστεύθησαν.
2398 878 2509 934 Καὶ
2556 876 2665 950 γὰρ
2713 876 2862 942 ἀξιον
2897 878 3197 947 ζητήσεως,
3226 875 3279 929 τί
3326 873 3526 945 δήποτε

1949 967 2159 1031 Παῦλος
2205 968 2379 1037 μέν,δ
2411 965 2550 1038 μετά
2593 964 2877 1038 ἀκριϐείας
2922 964 3017 1017 τὸν
3062 961 3315 1035 πατρῷον
3362 961 3524 1032 νόμον

1947 1054 2277 1117 παιδευθεὶς,
2315 1056 2345 1107 6
2370 1052 2524 1123 παρὰ
2555 1052 2684 1115 τοὺς
2711 1052 2879 1113 πόδας
2902 1048 3183 1121 Γαμαλιήλ
3210 1047 3520 1119 διατρίϐων,

1945 1144 1973 1195 6
2000 1142 2138 1196 κατά
2177 1140 2524 1212 δικαιοσύνην
2566 1137 2665 1211 τὴν
2715 1140 2773 1192 ἐν
2823 1138 2971 1207 νόμῳ
3015 1138 3305 1207 γενόμενος
3339 1135 3531 1205 {pap-

1946 1244 2098 1293 πτος,
2124 1228 2227 1282 οὐκ
2278 1225 2642 1301 ἐγχειρίζεται
2697 1226 2823 1289 τοὺς
2858 1224 3168 1289 Ἰουδαίους,
3215 1222 3353 1276 ἀλλά
3396 1222 3524 1285 τοὺς

1946 1317 2241 1389 Ἐλληναςο
2270 1318 2299 1369 6
2330 1317 2388 1369 δέ
2420 1316 2625 1380 ἀλιεὺς,
2666 1318 2760 1370 καὶ
2809 1316 3191 1385 ἀγράμματος,
3221 1313 3315 1366 καὶ
3355 1312 3525 1383 μηδὲν

1942 1404 2192 1462 τοσοῦτον
2213 1403 2366 1468 εἰδὼς
2386 1406 2608 1476 Πέτρος,
2622 1407 2721 1477 τὴν
2742 1404 2850 1457 τῶν
2880 1402 3145 1457 Ἰουδαίων
3168 1401 3522 1470 ἐνεπίστεύθη

1945 1493 2304 1563 προστασίαν.
2326 1493 2578 1547 Συντελεϊ
2600 1492 2708 1563 γάρ
2739 1509 2791 1545 τι
2821 1492 2915 1545 καὶ
2942 1492 3078 1562 πρὸς
3100 1491 3199 1561 τὴν
3218 1490 3369 1544 λύσιν
3391 1491 3523 1561 ἡμῖν

1944 1578 2004 1630 τὸ
2035 1579 2349 1649 λεγόμενον,
2387 1580 2453 1633 ἀν
2486 1579 2618 1633 αὐτὸ
2642 1578 2961 1649 δυνηθῶμεν
2994 1577 3197 1649 φράσαι
3224 1576 3424 1641 καλῶς.
3445 1578 3520 1630 Ού

1944 1664 2053 1736 γὰρ
2082 1666 2145 1737 δὴ
2168 1664 2325 1729 τοῦτο
2356 1665 2499 1720 ἐστιν
2534 1669 2705 1720 εἰπεῖν
2733 1668 2816 1720 ὅτι
2848 1664 3109 1719 ὀκνοῦντα
3154 1666 3249 1719 καὶ
3293 1665 3521 1719 ἀναδυό-

1946 1773 2107 1827 μενον
2144 1754 2268 1809 ἰδὼν
2296 1754 2389 1808 τὸν
2412 1754 2622 1810 Παῦλον
2645 1756 2739 1809 καὶ
2767 1756 3035 1824 φεύγοντα
3054 1755 3163 1808 τῶν
3187 1756 3403 1809 οἰκείων
3422 1755 3526 1824 τὴν

1944 1841 2297 1913 προστασίαν,
2328 1842 2429 1895 οὐκ
2465 1842 2697 1913 ⁴ἡθέλησε
2726 1840 3015 1913 βιάσασθαι
3054 1841 3150 1894 καί
3191 1843 3522 1906 ἀναγκάσαι.

1944 1927 2264 1983 Τούναντίον
2306 1929 2405 2000 μὲν
2438 1926 2529 1983 οῦν
2561 1930 2707 1983 ἀπαν
2741 1928 3070 1993 ἐπεδείξατο.
3102 1928 3178 1981 Οὐ
3203 1929 3310 1999 γάρ
3334 1928 3398 1999 δὴ
3428 1929 3525 1999 μό-

1943 2032 2031 2068 νον
2077 2016 2179 2070 ούκ
2212 2014 2381 2085 ἔφυγε
2408 2015 2518 2069 τῶν
2548 2017 2812 2071 Ἰουδαίων
2849 2017 2947 2087 τὴν
2994 2016 3339 2081 ἐπιστασίαν,
3386 2016 3523 2069 ἀλλά

1942 2103 2037 2154 καὶ
2060 2102 2274 2172 πρῶτος
2305 2104 2635 2174 ἐπεπήδησε,
2676 2105 2769 2156 καὶ
2807 2103 2901 2156 τοῦ
2944 2102 3179 2174 Χριστοῦ
3211 2102 3523 2164 κελεύοντος

1942 2188 2196 2242 ἀπελθεῖν
2228 2191 2309 2253 εἰς
2328 2190 2401 2242 τὰ
2424 2189 2572 2261 έθνη.
2606 2190 2768 2253 αὐτὸς
2800 2189 2942 2253 ἀξιοῖ
2976 2190 3074 2258 τὴν
3112 2188 3220 2242 τῶν
3254 2189 3521 2242 Ἰουδαίων

1941 2276 2251 2345 οἰκονομίαν
2303 2276 2741 2345 ἐγχειρισθῆναι·
2782 2277 2875 2329 καὶ
2906 2275 3073 2345 μυρία
3105 2274 3371 2345 πολλαχοῦ
3418 2278 3521 2329 πά·-

1943 2378 2087 2430 σχων
2113 2363 2243 2431 παρ’
2266 2363 2441 2415 αὐτῶν
2468 2362 2638 2425 δεινὰ,
2670 2363 2763 2416 καὶ
2794 2362 2903 2415 τῶν
2942 2362 3111 2416 ἐθνῶν
3138 2363 3234 2433 τὴν
3262 2364 3516 2417 διδασκαο

1940 2449 2060 2503 λίαν
2114 2452 2563 2521 πεπιστευμένος,
2612 2452 2671 2505 ού
2717 2451 2945 2505 παύεται
3000 2452 3331 2522 παρακαλῶν
3378 2452 3518 2521 ὑπὲρ

1940 2538 2182 2601 ἐκείνων,
2218 2540 2311 2593 καὶ
2357 2540 2549 2608 λέγων,
2597 2540 2692 2593 νῦν
2744 2541 2873 2611 μέν·
2918 2540 3210 2610 Ηὺχόμην
3254 2539 3520 2608 ἀνάθεμα

1940 2624 2090 2682 εἶναι
2118 2628 2272 2696 ὑπὲρ
2306 2628 2425 2682 τῶν
2449 2627 2729 2697 ἀδελφῶν
2751 2646 2893 2699 μου,
2924 2628 3045 2683 τῶν
3065 2627 3378 2698 συγγενῶν
3398 2647 3519 2697 μου

1940 2714 2091 2768 κατὰ
2139 2714 2335 2783 σάρκα
2354 2733 2366 2746 ·
2404 2716 2497 2769 νῦν
2547 2716 2604 2769 δέ
2624 2733 2637 2747 ’
2680 2715 2949 2786 Ἀδελφοί
2971 2734 3112 2787 μου,
3140 2716 3179 2784 ἠ
3204 2716 3321 2785 μὲν
3348 2716 3521 2770 εὐδο-

1939 2804 2042 2857 κία
2083 2822 2225 2874 μου,
2269 2802 2366 2858 καὶ
2403 2805 2441 2871 ἡ
2484 2804 2693 2871 δέησις
2738 2805 2777 2872 ἠ
2821 2804 2970 2872 πρὸς
3008 2805 3117 2857 τὸν
3160 2804 3330 2873 Θεὸν,
3366 2804 3519 2873 ὑπὲρ

1937 2890 2138 2944 αὐτῶν
2174 2892 2345 2945 ἐστιν
2377 2894 2462 2958 εἰς
2500 2892 2818 2959 σωτηρίαν.
2859 2892 3016 2955 Τίνος
3047 2887 3141 2945 οὖν
3169 2892 3355 2946 ἕνεκεν
3398 2891 3521 2962 βου-

1938 2977 2161 3048 λόμενεν
2190 2980 2352 3032 αὑτὸν
2395 2981 2489 3033 καὶ
2528 2977 2899 3049 ἐπιθυμοῦντα
2941 2979 3213 3033 διδάσκειν
3256 2978 3518 3044 ἐκείνους,

1936 3066 2036 3119 οὐκ
2064 3066 2242 3119 εῖασεν
2267 3067 2451 3129 αὐτοῖς
2480 3065 2797 3137 κηρύσσειν,
2825 3066 2939 3119 ἀλλ’
2966 3066 3081 3119 ἀντ’
3108 3066 3335 3119 ἐκείνων
3372 3065 3519 3120 διδά-

1940 3151 2137 3204 σκαλον
2184 3151 2346 3205 αὐτὸν
2394 3154 2506 3214 τοῖς
2559 3152 2767 3205 ἔθνεσιν
2816 3151 3106 3223 ἐπεμπεν;
3171 3152 3522 3223 ’ἀκούσωμεν

1937 3238 2101 3293 αὑτοῦ
2134 3240 2229 3293 τοῦ
2254 3240 2491 3312 Χριστοῦ
2524 3240 2795 3307 λέγοντος,
2837 3240 2931 3293 καὶ
2960 3239 3171 3294 Παύλου
3206 3240 3267 3295 τὸ
3294 3242 3402 3294 πᾶν
3442 3240 3521 3293 δι-

1936 3325 2238 3396 ηγουμένου
2261 3344 2276 3358 ·
2327 3325 2588 3395 Ἐγένετο
2616 3325 2684 3379 δέ
2718 3343 2819 3395 μοι
2848 3324 3334 3395 προσευχομένῳ,
3362 3324 3518 3396 φησὶ.

1935 3411 2213 3481 γενέσθαι
2237 3429 2314 3483 με
2340 3410 2730 3477 ένέκστάσει,
2764 3412 2864 3465 καί
2892 3412 3113 3466 ειδέναι
3130 3412 3236 3465 τὸν
3259 3413 3521 3481 Χριστὸν

1934 3498 2189 3569 λέγοντά
2230 3518 2332 3569 μοι
2352 3517 2365 3531 ο
2398 3501 2681 3555 Σπεῦσον
2716 3501 2813 3555 καὶ
2847 3500 3057 3564 ἔξελθε
3088 3500 3159 3553 έν
3193 3500 3381 3569 τάχει,
3427 3500 3520 3554 δτι

1934 3588 2005 3639 οὺ
2030 3588 2474 3655 παραδέξονταί
2502 3604 2618 3641 σου
2646 3586 2762 3655 τὴν
2792 3588 3129 3657 μαρτυρίαν
3170 3588 3301 3656 περί
3346 3587 3515 3653 ἐμοῦ.

1935 3676 2045 3728 Καὶ
2072 3676 2170 3747 τὴν
2200 3675 2378 3730 αἰτίαν
2412 3673 2533 3729 εῐπε
2574 3676 2675 3747 τῆς
2720 3675 3058 3746 ἀποδημίας’
3094 3676 3404 3747 Μισήσουσί
3434 3692 3515 3741 σε,

1936 3763 2092 3833 φησὶ,
2112 3764 2205 3817 καὶ
2236 3764 2749 3835 ἀποστραφήσονται
2769 3780 2783 3795 ο
2815 3762 2903 3816 διὰ
2931 3762 3086 3817 τοῦτό
3113 3779 3205 3816 σου
3236 3763 3519 3817 διδάσκον-

1934 3866 2025 3912 τος
2066 3850 2166 3903 οὐκ
2215 3849 2515 3916 ἀνέξονται.
2552 3851 2661 3907 Καὶ
2698 3852 2805 3923 μὴν
2832 3850 2965 3905 αὐτὸ
2995 3850 3152 3903 τοῦτο
3190 3846 3260 3921 ῆν
3310 3851 3515 3917 ἰκανὸν,

1935 3935 2247 4001 ἀξιόπιστον
2297 3937 2461 3991 αὑτὸν
2515 3937 2741 4009 ποιῆσαι
2794 3938 3129 4001 διδάσκαλον,
3180 3938 3275 3991 καὶ
3330 3941 3517 3991 πεῖσαι

1932 4026 2198 4091 ἐκείνους,
2218 4026 2299 4080 ὅτι
2334 4026 2435 4080 οὐκ
2457 4024 2770 4097 ἀνθρωπίνη
2798 4028 2831 4096 ἠ
2862 4026 3150 4096 μετάθεσις
3178 4025 3417 4094 ἐγένετο.
3440 4028 3516 4080 Ού

1932 4112 2042 4186 γὰρ
2077 4113 2143 4167 ἂν
2181 4112 2272 4168 τὸν
2313 4112 2458 4167 οὕτω
2479 4114 2834 4185 φαινόμενον,
2858 4116 2953 4169 καὶ
2982 4113 3141 4185 θυμῷ
3174 4114 3387 4180 ζέοντα,
3426 4115 3516 4167 καὶ

1932 4201 2093 4271 φόνου
2141 4200 2389 4269 πνέοντα,
2424 4202 2516 4255 καὶ
2556 4200 3058 4272 θαυματουργοῦντι
3103 4201 3179 4273 μὴ
3227 4202 3516 4256 πεισθέντα

1928 4287 2008 4359 τῷ
2046 4287 2287 4360 Χριστῷ,
2326 4289 2464 4359 μηδὲ
2502 4292 2617 4353 τοῖς
2644 4289 2963 4353 ἀποστόλοις
2997 4291 3109 4353 τοῖς
3148 4288 3379 4354 ἐκείνου,
3424 4306 3515 4342 νε-

1928 4377 2096 4445 κροὺς
2138 4377 2437 4448 ἐγείρασιν,
2469 4377 2686 4449 ἴσχυσεν
2716 4377 2783 4431 ἀν
2811 4394 2937 4431 ποτε
2968 4376 3252 4447 ἄνθρωπος
3285 4377 3344 4429 ἐν
3374 4376 3513 4447 αὐτῇ

1932 4465 2077 4537 μέσῃ
2123 4468 2191 4535 τῇ
2226 4466 2398 4538 μανίᾳ
2434 4466 2766 4537 μεταθεῖναι,
2817 4467 2911 4521 καί⁵
2938 4466 3036 4537 τὴν
3072 4464 3400 4538 ὑπερϐολὴν,
3447 4466 3515 4537 ἢν

1929 4551 2071 4605 κατά
2110 4551 2206 4605 τοῦ
2238 4553 2595 4624 κηρύγματος
2626 4554 2995 4618 ἐπεδείκνυτο,
3030 4554 3234 4620 ταύτην
3284 4551 3511 4621 ὁλόκλη-

1929 4656 2022 4711 ρον
2059 4642 2153 4694 καὶ
2194 4640 2376 4711 πολλῷ
2412 4642 2634 4696 πλείονα
2682 4646 2867 4696 πεῖσαι
2920 4641 3078 4696 πάλιν
3117 4643 3255 4709 ὑπὲρ
3294 4641 3394 4711 τῆς
3430 4642 3513 4705 εἰς

1926 4728 2163 4799 Χριστὸν
2199 4728 2491 4799 ὁμολογίας
2529 4730 2939 4794 ἐπιδείξασθαι·
2982 4728 3121 4782 ἀλλά
3154 4728 3304 4790 θείας
3340 4728 3511 4791 δντως

1925 4816 2211 4888 δυνάμεως
2248 4816 2408 4888 ἔργον
2442 4814 2510 4890 ἦν
2550 4820 2584 4890 ἡ
2626 4820 2951 4891 μετάστασις
2988 4817 3125 4888 αῦτη
3165 4816 3316 4887 καὶὴ
3346 4830 3511 4885 μετα-

1925 4903 2072 4975 ϐολή.

1996 4990 2087 5045 ια’.
2124 4992 2303 5064 Ὅπερ
2336 4988 2558 5068 οὖνκαὶ
2583 4994 2613 5046 6
2636 4991 2865 5058 Παῦλος,
2893 4990 3175 5062 ἐπιθυμῶν
3203 4990 3382 5043 αὐτῶν
3409 4990 3508 5061 τὴν

1925 5075 2264 5149 προστασίαν
2307 5075 2514 5143 λαϐεῖν,
2566 5078 2701 5149 πρὸς
2744 5077 2835 5131 τὸν
2893 5076 3098 5148 Ἰησοῦν
3143 5074 3508 5147 προεϐάλλετο

1920 5149 2093 5232 λέγων
2115 5181 2128 5194 ’
2155 5162 2352 5231 Κύριε,
2375 5162 2545 5216 αὐτοὶ
2565 5161 2936 5227 ἐπίστανται,
2963 5160 3051 5213 ὅτι
3077 5161 3190 5230 ἐγὼ
3217 5160 3380 5229 ἤμην
3400 5178 3507 5230 φυ-

1918 5248 2207 5314 Julii-1r,
2247 5247 2348 5302 καὶ
2411 5246 2600 5317 δέρων
2655 5247 2795 5313 τοὺς
2852 5245 3251 5309 πιστεύοντας
3299 5246 3387 5309 εἰς
3436 5245 3506 5299 τό

1920 5330 2109 5401 ὄνομά
2132 5346 2248 5385 σου
2267 5346 2281 5361 ’
2314 5330 2410 5384 καὶ
2439 5330 2538 5383 ὅτε
2563 5329 2884 5400 ἐξεχύνετο
2912 5328 2979 5383 τὸ
3000 5322 3143 5397 αἷμα
3170 5327 3503 5395 Στεφάνου,

1918 5417 2025 5471 τοῦ
2063 5414 2360 5487 μάρτυρός
2398 5414 2549 5487 [571]
2582 5430 2721 5479 σου,
2776 5413 2890 5483 ἐγὼ
2919 5412 3084 5483 ἤμην
3112 5408 3505 5466 συνευδοκῶν

1918 5500 1993 5570 τῇ
2020 5499 2327 5569 ἀναιρέσει
2351 5497 2560 5553 αὑτοῦ.
2594 5498 2703 5551 Καὶ
2734 5499 2766 5561 ὴ
2786 5496 2958 5567 πολλὴ
2992 5494 3157 5563 μανία
3186 5495 3285 5566 τὴν
3307 5494 3503 5566 ἀθρόον

1916 5584 2296 5656 γεγενημένην
2326 5583 2591 5652 ἐγγυᾶται
2629 5580 2952 5652 μεταϐολὴν,
2984 5580 3061 5645 ὡς
3090 5581 3191 5634 οὐκ
3223 5580 3373 5633 ἐστιν
3404 5581 3501 5633 ἀν-

1917 5669 2164 5743 θρωπίνη
2193 5685 2299 5733 τις.
2331 5667 2445 5722 ἀλλ’
2474 5667 2703 5733 ἄνωθεν,
2726 5667 2821 5720 καὶ
2845 5667 2910 5720 ἐκ
2937 5665 3045 5720 τῶν
3069 5663 3314 5737 οὐρανῶν
3339 5662 3501 5717 ἐλαϐε

1915 5756 2014 5828 τὴν
2035 5756 2231 5827 ἀρχήν.
2255 5754 2320 5807 Τί
2345 5749 2439 5809 οὖν
2466 5754 2495 5807 6
2520 5753 2786 5826 Χριστός;
2816 5753 3101 5821 Πορεύου,
3128 5751 3215 5805 ὅτι
3238 5752 3326 5815 είς
3355 5750 3501 5818 ἔθνη

1910 5841 2149 5914 μακρὰν
2168 5836 2560 5909 ἐξαποστελῶ
2579 5853 2673 5897 σε.
2702 5837 2867 5893 Ταῦτ’
2888 5832 2981 5891 οῦν
3010 5837 3108 5907 οὐχ
3135 5834 3319 5901 ἰκανά,
3344 5832 3501 5904 φησὶ,

3120 5942 3199 6003 21ι
