4074 6404
291 400 392 455 381

292 514 483 584 inquit,
514 511 631 568 brae
651 510 922 568 sufﬁciunt
943 509 1009 565 ad
1030 508 1245 578 quosvis
1272 508 1431 563 etiam
1461 508 1617 575 plane
1635 504 1878 573 stupidas

289 602 730 670 commovendos,
755 611 813 657 ut
830 600 1114 656 humanam
1136 612 1256 654 esse
1272 596 1703 667 praedicationem
1727 596 1882 650 istam

291 709 397 749 non
425 693 774 760 arbitrentur,
817 691 916 748 sed
945 692 1190 745 humana:
1215 697 1417 743 natura:
1448 688 1591 741 vires
1616 686 1732 741 lucc
1759 700 1880 739 om-

290 787 377 842 nia
401 785 684 851 excedere,
710 785 982 854 Deumque
1001 796 1130 837 vere
1155 779 1460 834 mutationis
1491 775 1652 831 fuisse
1679 784 1734 830 et
1752 790 1884 831 con-

289 877 551 932 versionis
597 875 906 931 auctorem?
950 873 1232 929 Sufﬁciunt
1276 871 1364 924 illa
1392 870 1630 939 quidem,
1663 883 1696 921 ο
1725 867 1879 922 beato

287 968 475 1035 Paule,
503 969 548 1023 si
579 969 749 1038 ipsam
770 982 949 1031 rerum
978 975 1221 1021 naturam
1246 963 1554 1026 examines;
1586 961 1681 1016 sed
1707 959 1878 1015 iudici

284 1060 526 1113 omnium
553 1068 678 1113 sunt
705 1057 1020 1127 iniquissimi
1042 1075 1057 1110 :
1076 1070 1248 1125 neque
1272 1069 1449 1108 rerum
1477 1060 1719 1106 naturam
1747 1064 1879 1106 exao

282 1152 526 1215 mittant,
557 1165 661 1204 non
701 1148 844 1220 quod
878 1163 1087 1217 aequum
1128 1156 1181 1202 ct
1225 1146 1419 1200 rationi
1458 1153 1874 1199 consentaneum

282 1240 694 1298 commodumve
735 1238 1098 1303 considerant,
1127 1236 1219 1291 sed
1253 1236 1304 1290 id
1333 1251 1493 1289 unum
1521 1244 1784 1304 spectant,
1815 1239 1875 1286 ut

278 1332 643 1388 contentionis
666 1330 988 1387 desiderium
1014 1345 1166 1384 suum
1189 1328 1456 1396 expleant.
1483 1329 1634 1382 Actu
1656 1324 1872 1395 quidem

279 1428 351 1483 ad
388 1443 571 1484 rerum
612 1426 857 1483 ordinem
888 1425 1141 1495 respicis;
1177 1424 1317 1478 Deus
1344 1433 1521 1477 autem
1551 1420 1745 1477 mentis
1773 1433 1869 1474 eo-

280 1534 400 1574 rum
439 1520 587 1575 novit
632 1532 847 1573 arcana.
882 1494 1083 1571 Idcirco
1108 1514 1237 1569 dicit
1278 1530 1299 1566 εν
1334 1511 1503 1576 Vade,
1533 1511 1773 1585 quoniam
1801 1494 1879 1563 σει

275 1620 452 1682 gentes
477 1610 629 1681 longe
652 1618 699 1664 te
719 1609 934 1675 mittam,
958 1618 1015 1661 ut
1038 1606 1199 1662 etiam
1236 1604 1416 1661 odium
1451 1604 1700 1659 distantia
1728 1603 1870 1657 miti-

312 1711 453 1756 Cllll'.

274 1716 453 1846 negt:
466 1807 567 1846 non
594 1790 823 1861 pra/igat
844 1805 1023 1843 nomen
1043 1804 1193 1843 suum
1216 1784 1411 1841 Paulus
1430 1785 1655 1856 epistola
1668 1785 1736 1838 ad
1756 1782 1864 1838 Ile-

270 1882 453 1937 braros.
474 1911 549 1923 —
570 1881 863 1952 Propterea
888 1896 1009 1935 cum
1036 1878 1103 1934 ad
1128 1879 1263 1933 alios
1280 1877 1495 1948 quidem
1520 1892 1709 1932 omnes
1733 1876 1866 1932 scri-

270 1973 370 2042 bit,
398 1988 593 2029 nomen
633 1987 788 2027 suum
834 1970 1178 2041 epistolarum
1219 1968 1440 2025 exordio
1470 1967 1696 2037 prieﬁgit
1736 1984 1751 2021 :
1795 1966 1865 2022 ad

269 2062 528 2120 Hebraea
569 2070 749 2118 autem
793 2062 1010 2116 mittens
1052 2059 1253 2126 literas,
1294 2058 1563 2115 nihil'lale
1590 2057 1739 2124 fecit,
1767 2057 1863 2114 sed

267 2156 603 2227 simpliciter,
650 2169 760 2211 non
784 2156 1090 2225 exprimens
1136 2153 1257 2225 quis
1302 2161 1468 2219 esset,
1497 2152 1583 2208 vel
1612 2150 1680 2206 ad
1726 2165 1864 2222 quos

264 2249 559 2313 scriberet,
611 2256 670 2302 ut
697 2261 815 2302 mos
866 2244 1006 2301 illius
1050 2253 1199 2312 erat,
1250 2244 1322 2298 ita
1368 2243 1582 2299 demum
1613 2242 1859 2314 incepit:

266 2338 611 2412 Hultifariam
632 2340 901 2409 multisque
927 2337 1092 2393 modis
1117 2338 1238 2392 olim
1266 2335 1407 2391 Deus
1447 2339 1655 2408 loquens
1698 2336 1861 2406 patri-

260 2430 355 2485 bus
382 2431 570 2485 nostris
600 2429 620 2503 (
650 2429 805 2485 Hebr.
836 2429 887 2484 1.
919 2428 1008 2501 1).
1040 2426 1107 2483 Ει
1130 2443 1257 2482 vero
1282 2427 1429 2482 Pauli
1455 2426 1731 2496 sapientiae
1757 2426 1860 2482 hoc

259 2518 381 2576 fuit.
413 2520 493 2577 Ne
518 2521 660 2576 enim
687 2521 741 2575 in
760 2520 1090 2575 consortium
1108 2518 1215 2573 odii
1239 2518 1408 2573 litera:
1435 2518 1696 2581 venirent,
1723 2526 1859 2571 tam-

258 2626 423 2683 quam
453 2612 599 2668 larva
631 2609 861 2680 quadam
882 2653 897 2678 ,
926 2610 1159 2665 nominis
1200 2609 1580 2680 suppressione
1618 2609 1853 2676 seipsum

255 2703 536 2759 occultans
554 2743 571 2769 ,
600 2702 673 2757 ita
701 2703 840 2758 clam
864 2701 1250 2758 cohortationis
1278 2701 1408 2769 ipsis
1432 2698 1650 2754 adhibet
1680 2697 1852 2754 medi-

252 2794 456 2852 cinam.
474 2794 606 2849 Cum
625 2793 770 2849 enim
789 2792 914 2849 odio
933 2794 1306 2863 prosequimur
1319 2785 1643 2862 quempiam,
1666 2778 1855 2860 (luam-

256 2886 343 2943 vis
366 2885 566 2957 aliquid
591 2894 798 2941 rectum
825 2884 1003 2950 dicat,
1042 2899 1148 2939 non
1180 2898 1444 2953 propenso
1473 2883 1652 2937 animo
1678 2897 1851 2953 neque

249 2991 377 3032 cum
402 2976 673 3045 voluptate
702 2991 821 3045 qua:
847 2974 917 3029 ab
955 2988 1022 3030 eo
1055 2974 1305 3029 dicuntur
1337 2972 1633 3042 excipimus
1660 2988 1675 3024 :
1706 2972 1850 3042 quod

252 3066 428 3136 ipsum
457 3081 527 3121 ne
556 3076 665 3119 tum
690 3078 902 3134 quoque
930 3063 1219 3129 accideret,
1251 3077 1407 3118 suum
1430 3064 1621 3118 nomen
1643 3078 1710 3118 ex
1736 3063 1852 3131 epi-

248 3158 391 3214 stola
415 3159 646 3223 sustulit,
680 3166 737 3213 ut
763 3157 969 3212 nullum
994 3157 1237 3227 epistola:
1261 3156 1587 3225 objiceretur
1614 3155 1845 3227 impedi-

250 3260 517 3317 mentum,
540 3267 646 3322 quo
672 3250 849 3306 minus
875 3259 1055 3320 posset
1076 3247 1267 3303 audiri.
1295 3246 1478 3318 Neque
1501 3248 1643 3303 enim
1673 3247 1844 3303 iudici

249 3352 455 3399 tantum
483 3343 573 3413 qui
595 3352 749 3398 erant
769 3340 1049 3406 increduli,
1072 3340 1167 3395 sed
1191 3348 1248 3395 et
1274 3339 1349 3394 illi
1365 3340 1454 3410 qui
1480 3338 1841 3408 crediderant,

244 3434 474 3489 oderant
495 3448 619 3487 eum
639 3474 656 3497 ,
686 3441 741 3488 et
766 3431 1171 3487 aversabantur.
1202 3429 1336 3485 Cum
1379 3430 1541 3500 igitur
1564 3430 1841 3485 ascendis-

243 3534 331 3581 set
358 3524 766 3595 Jerosolymam,
793 3523 914 3577 audi
943 3522 1067 3592 quid
1096 3521 1170 3576 illi
1209 3520 1440 3577 Jacobus
1469 3522 1642 3587 dicat,
1669 3531 1724 3576 et
1752 3522 1840 3576 alii

242 3628 455 3669 omnes.
488 3612 659 3681 Vides,
703 3616 880 3685 frater,
907 3624 1026 3684 quot
1064 3612 1227 3665 millia
1262 3620 1379 3667 sunt
1404 3610 1723 3680 Judtzorum,
1756 3614 1841 3683 qui

240 3715 602 3771 convenerunt,
644 3714 692 3759 et
720 3705 773 3759 lii
800 3721 969 3759 omnes
1006 3706 1326 3758 writulatores
1350 3714 1467 3758 sunt
1493 3705 1635 3777 legis,
1668 3716 1715 3759 et
1747 3723 1838 3759 au-

242 3794 448 3848 dierunt
468 3796 532 3849 de
555 3804 625 3861 te,
654 3796 776 3864 quia
796 3795 1151 3848 discessionem
1178 3793 1360 3847 doceas
1380 3811 1411 3846 a
1445 3796 1552 3865 lege
1577 3794 1711 3867 (Aet.
1742 3796 1834 3852 2i.

239 3883 333 3940 20.
361 3885 476 3955 il).
506 3884 710 3940 Idcirco
739 3886 883 3940 illum
906 3883 1131 3940 oderant
1154 3894 1207 3939 et
1232 3884 1635 3940 aversabantur.

314 3977 406 4033 12.
448 3978 572 4033 Haec
598 3978 757 4049 igitur
794 3992 951 4033 causa
981 3986 1063 4033 est
1098 3987 1315 4048 propter
1340 3993 1497 4048 quam
1528 3995 1635 4033 non
1665 3978 1835 4035 Judaei

241 4069 366 4125 ﬁdei
395 4071 512 4139 ejus
549 4070 739 4125 crediti
764 4079 909 4135 sunt,
940 4070 1034 4125 sed
1060 4072 1303 4141 gentiles.
1333 4071 1466 4124 Cum
1495 4087 1622 4127 vero
1646 4072 1835 4126 crediti

239 4159 469 4217 fuissent
495 4160 633 4231 ipsi,
665 4177 770 4215 non
796 4162 906 4231 jam
937 4162 1051 4232 pari
1078 4162 1284 4216 ratione
1308 4176 1371 4216 ac
1402 4162 1592 4217 Petrus
1617 4203 1631 4227 ,
1666 4179 1836 4234 neque

236 4250 429 4306 eadem
458 4252 540 4305 via
560 4250 858 4307 deducebat
881 4251 1002 4306 illos
1025 4253 1092 4307 ad
1118 4252 1295 4319 ﬁdem,
1315 4253 1409 4307 sed
1430 4254 1554 4309 alia.
1575 4254 1711 4310 Cum
1738 4272 1839 4311 au-

237 4349 351 4397 tem
376 4341 536 4396 aliam
578 4341 731 4397 audis
751 4384 765 4406 ,
796 4357 865 4397 ne
890 4342 1176 4397 discrimen
1207 4342 1259 4396 in
1291 4343 1671 4412 prtedicatione
1713 4361 1835 4400 esse

234 4430 537 4487 arbitreris.
562 4430 762 4487 Eadem
782 4432 979 4502 quippe
1000 4442 1220 4504 uterque
1243 4433 1444 4489 Judazis
1473 4444 1527 4490 et
1545 4436 1837 4506 gentilibus

238 4520 565 4592 [indicabat
611 4540 625 4577 :
667 4523 903 4592 exempli
932 4538 1093 4578 causa
1114 4563 1130 4589 ,
1167 4524 1332 4579 Deum
1372 4539 1493 4581 esse
1520 4525 1793 4583 Christum
1814 4570 1830 4595 ,

236 4613 548 4668 cruciﬁxum
577 4613 739 4669 fuisse
759 4629 823 4670 ac
848 4616 1137 4685 sepultum,
1184 4628 1238 4670 et
1267 4618 1646 4682 resurrexisse,
1672 4628 1834 4691 atque

237 4705 292 4759 in
323 4705 542 4760 dextera
571 4705 747 4762 Patris
774 4706 1000 4773 sedere,
1033 4716 1145 4763 tum
1178 4708 1540 4779 judicaturum
1580 4711 1731 4766 vivos
1777 4720 1834 4768 et

236 4807 480 4853 mortuos
499 4838 515 4864 ,
555 4805 610 4853 et
635 4814 988 4871 quacumque
1034 4801 1159 4856 talia
1190 4803 1390 4871 pariter
1417 4803 1614 4858 Paulus
1644 4814 1698 4858 et
1728 4804 1830 4861 Pe-

236 4896 353 4944 trus
379 4889 759 4959 praedicabant.
784 4890 841 4946 In
866 4908 973 4962 quo
998 4893 1155 4963 igitur
1182 4894 1467 4952 discrimen
1494 4896 1633 4952 fuit?
1654 4897 1709 4953 In
1735 4898 1835 4954 ob-

235 4982 541 5037 servatione
563 4982 803 5039 ciborum
822 5025 838 5051 ,
866 4985 920 5039 in
962 4986 1389 5054 circumcisione,
1420 4990 1474 5043 in
1503 4990 1623 5045 aliis
1648 4989 1833 5046 ludai—

235 5071 316 5127 eis
337 5072 546 5130 ritibus.
574 5074 706 5130 Nam
747 5075 935 5141 Petrus
972 5078 1187 5148 quidem
1216 5079 1491 5152 discipulis
1516 5083 1629 5137 suis
1657 5082 1831 5153 palam

237 5172 294 5218 et
312 5177 497 5236 aperte
521 5164 701 5223 dicere
726 5182 831 5223 non
855 5168 1083 5224 audebat
1111 5171 1180 5224 ab
1206 5170 1290 5226 his
1319 5174 1530 5240 penitus
1560 5173 1834 5230 abstinen-

236 5256 536 5313 dumesse.
569 5257 840 5317 Metuebat
862 5261 1005 5316 enim
1038 5278 1104 5317 ne
1130 5262 1289 5331 forte,
1318 5264 1361 5319 si
1390 5266 1830 5322 consuetudinem

238 5350 398 5405 istam
435 5360 562 5407 ante
594 5361 805 5422 tempus
844 5354 1000 5408 vellet
1031 5354 1300 5421 evellere,
1333 5355 1489 5411 simul
1520 5358 1679 5413 etiam
1710 5373 1832 5414 cum

240 5438 344 5495 illis
358 5440 553 5496 Christi
578 5441 736 5497 ﬁdem
762 5443 1031 5510 evelleret,
1051 5459 1170 5499 cum
1194 5446 1429 5501 nondum
1452 5462 1607 5502 mens
1623 5446 1835 5504 Iudaeo-

240 5544 358 5585 rum
380 5532 450 5587 ob
464 5531 769 5589 diuturnam
790 5536 1130 5606 anticipatam
1153 5538 1459 5607 opinionem
1487 5538 1630 5594 circa
1657 5539 1831 5610 legem

236 5622 534 5681 hiecverba
566 5636 750 5699 posset
777 5630 981 5686 audire.
1012 5629 1299 5701 Propterea
1332 5631 1543 5687 sinebat
1578 5646 1672 5688 eos
1712 5632 1839 5688 bea—

236 5724 323 5770 tus
351 5715 541 5773 Petrus
558 5716 853 5789 judaizare.
883 5722 945 5777 Et
962 5721 1413 5793 quemadmodum
1441 5723 1676 5793 optimus
1695 5725 1837 5796 agri-

233 5805 353 5861 cola
380 5822 501 5863 cum
546 5810 694 5877 juxta
742 5822 975 5869 veterem
1022 5814 1268 5869 arborem
1302 5823 1537 5869 teneram
1592 5817 1826 5886 plantam

1385 383 1455 441 IN
1493 387 1723 452 ILLUD,
1766 390 1833 444 IN
1876 390 2127 445 FACIEM
2171 392 2235 447 ΕΙ
2286 392 2583 453 RESTITI.

3489 403 3595 459 382

1993 504 2326 587 risonseverit,
2354 520 2461 560 non
2486 506 2647 563 audet
2669 517 2903 565 veterem
2924 512 3156 569 evenere
3178 515 3446 585 arborem,
3473 535 3592 573 me-

1995 603 2150 648 tuens
2193 608 2296 660 ne,
2336 595 2606 651 radicibus
2636 598 2738 655 illis
2770 600 2970 655 avulsis
2993 642 3008 667 ,
3036 618 3174 658 nova
3204 603 3387 674 planta
3428 608 3589 665 simul

1988 686 2274 751 avellatur,
2300 686 2398 743 sed
2420 698 2697 759 exspectat
2721 693 2865 761 prius
2894 693 3038 749 illam
3063 706 3210 751 recte
3238 697 3417 769 deligi,
3452 709 3507 755 et
3537 704 3588 755 in

1994 785 2153 831 terra:
2201 776 2495 834 visceribus
2533 778 2742 836 radices
2766 796 2961 852 agere,
2994 792 3105 838 tum
3130 784 3326 841 deinde
3352 797 3589 845 veterem

1988 868 2325 923 conﬁdenter
2342 870 2542 936 evellit,
2572 888 2745 941 neque
2760 874 2873 943 jam
2898 875 2967 931 de
2990 877 3166 947 planta
3193 882 3406 937 novella
3432 886 3589 955 quid-

1987 977 2147 1029 quam
2178 960 2330 1014 timet
2367 977 2380 1014 :
2414 962 2495 1017 sic
2524 963 2774 1035 nimirum
2807 976 2863 1022 et
2899 968 3088 1025 beattts
3122 971 3310 1028 Petrus
3345 977 3532 1046 agebat
3567 995 3582 1030 :

1984 1059 2175 1102 recens
2200 1050 2486 1119 plantatam
2506 1053 2663 1109 ﬁdem
2687 1065 2833 1113 recte
2850 1057 3007 1129 deﬁgi
3033 1062 3086 1116 in
3104 1063 3404 1121 auditorum
3429 1084 3589 1123 meu~

1984 1136 2128 1191 tibus
2154 1140 2395 1209 sinebat,
2429 1152 2486 1198 ut
2508 1160 2631 1199 cum
2660 1148 2794 1203 altas
2829 1150 3035 1205 radices
3064 1155 3283 1224 egisset,
3310 1160 3583 1215 conliden-

1985 1234 2068 1281 ter
2105 1228 2301 1288 deinde
2328 1232 2603 1290 Judaicam
2639 1252 2855 1294 omnem
2884 1243 3227 1314 anticipatam
3271 1249 3578 1318 opinionem

1981 1319 2323 1388 exstirparet.
2371 1323 2474 1379 Sed
2501 1341 2606 1380 non
2640 1328 2708 1381 ita
2740 1328 2958 1399 Paulus,
3010 1334 3101 1403 qui
3142 1338 3288 1391 omni
3317 1339 3578 1408 ejusmodi

1980 1411 2299 1467 necessitate
2324 1414 2582 1473 liberatus
2605 1428 2742 1485 erat,
2773 1420 2900 1474 dum
2930 1426 3214 1492 gentilibus
3243 1431 3578 1500 praedicaret,

1979 1499 2067 1568 qui
2099 1498 2230 1570 legis
2255 1505 2485 1558 necdum
2513 1508 2805 1578 participes
2839 1510 2960 1568 facti
2999 1502 3172 1581 erant,
3208 1534 3378 1589 neque
3398 1498 3579 1577 Judai;

1978 1604 2071 1645 cas
2116 1592 2521 1651 observationes
2562 1599 2896 1657 audiverant.
2939 1604 3065 1660 Non
3106 1609 3248 1663 enim
3294 1612 3417 1667 illos
3461 1614 3578 1673 hinc

1976 1682 2171 1751 egisse,
2199 1688 2340 1756 quod
2370 1689 2471 1743 sibi
2514 1691 2736 1746 invicem
2777 1705 2962 1751 essent
2990 1702 3280 1769 contrarii,
3309 1705 3405 1761 sed
3433 1710 3575 1777 quod

1975 1774 2360 1846 discipulorum
2405 1782 2756 1839 imbecillitati
2800 1802 2860 1843 se
2911 1799 3352 1863 attemperarcut,
3398 1774 3464 1853 ex
3510 1816 3576 1855 eo

1975 1866 2229 1938 colligere
2258 1870 2404 1939 licet,
2429 1874 2571 1944 quod
2593 1875 2814 1932 Paulum
2839 1880 2945 1935 ista
2959 1898 3064 1937 non
3092 1886 3247 1941 aliter
3264 1903 3327 1943 ac
3354 1889 3572 1947 Petrum

1972 1959 2283 2026 permittere
2310 1964 2613 2033 videamus,
2650 1985 2825 2039 neque
2856 1974 3165 2041 permittere
3193 1987 3395 2036 tantum
3416 2021 3432 2045 ,
3473 1985 3571 2038 sed

1971 2047 2133 2105 etiam
2160 2052 2330 2123 ipsum
2352 2059 2648 2126 cooperari,
2675 2074 2739 2114 ac
2764 2060 2981 2120 Petrum
3010 2082 3194 2124 ruistis
3219 2072 3463 2127 eamdem
3497 2076 3567 2129 li-

1970 2140 2233 2237 bertatem
2277 2150 2524 2237 sancire,
2572 2168 2732 2221 quam
2785 2155 2981 2212 Paulus
3029 2162 3277 2219 omnibus
3323 2169 3571 2237 gentibus

1968 2232 2316 2328 pradicabat.
2343 2236 2449 2293 Sed
2487 2240 2577 2296 ubi
2607 2242 2852 2309 tandem,
2883 2247 3086 2319 inquit,
3117 2251 3254 2308 istud
3282 2232 3569 2328 uirumque

1966 2321 2094 2419 licet
2120 2325 2345 2382 videre?
2372 2329 2431 2384 In
2463 2331 2593 2401 ipsis
2618 2332 2993 2409 lerosolymis.
3025 2341 3123 2397 llic
3155 2344 3300 2401 enim
3330 2356 3385 2403 et
3407 2321 3568 2419 caput

1970 2416 2124 2482 rasit,
2156 2427 2211 2473 et
2238 2420 2575 2488 sacriﬁcavit,
2604 2435 2659 2480 et
2682 2429 3160 2513 sanctiﬁcationem
3186 2439 3407 2507 perfecit
3432 2416 3567 2513 gem

1966 2504 2114 2605 tium
2137 2508 2343 2605 doctor.
2378 2512 2489 2569 Hoc
2513 2516 2765 2573 nimirum
2799 2529 3009 2593 tempus
3026 2504 3306 2598 exigebat,
3339 2540 3394 2587 et
3420 2504 3563 2605 quod

2142 2601 2399 2697 adessent
2422 2605 2613 2665 Judaei.
2652 2608 2805 2667 Vides
2817 2615 2992 2682 enim,
3013 2616 3205 2689 inquit,
3229 2624 3409 2692 frater,
3436 2600 3564 2697 quot

1963 2689 2126 2744 millia
2144 2700 2265 2746 sunt
2289 2692 2591 2751 Judteorunt
2619 2700 2709 2769 qui
2734 2715 3102 2775 convenerunt,
3122 2718 3170 2762 et
3197 2689 3471 2768 audierunt
3500 2716 3566 2771 de

1962 2782 2773 2876 te,_quia__discessionemdoceas
2790 2811 2827 2850 a
2844 2796 2954 2868 lege
2966 2795 3104 2866 (Act.
3126 2798 3217 2855 21.
3248 2800 3340 2858 20.
3367 2804 3485 2876 εί).

2034 2872 2122 2927 13.
2164 2872 2260 2930 llle
2300 2876 2483 2948 itaque
2507 2893 2629 2935 cum
2667 2883 3103 2943 condescendere
3139 2872 3447 2961 cogeretur,
3468 2896 3567 2965 ju~

1959 2959 2203 3019 daizabat
2240 2982 2254 3017 :
2299 2967 2394 3021 sed
2440 2984 2545 3024 non
2571 2969 2682 3039 jam
2721 2988 2787 3027 ex
2817 2976 2980 3030 animi
3010 2980 3091 3032 sui
3121 2959 3384 3039 sententia
3404 2959 3434 3053 ,ν
3464 2959 3559 3045 sed

1957 3054 2251 3110 secundum
2290 3056 2744 3127 dispensationem
2794 3064 2846 3119 id
2890 3068 3099 3137 agebat.
3131 3070 3323 3129 Petrus
3370 3093 3560 3135 rursus

1954 3142 2263 3204 Judteorum
2294 3152 2503 3219 doctor,
2548 3164 2603 3211 et
2640 3158 2731 3229 qui
2761 3160 3227 3224 circumcisiouetu
3269 3172 3465 3243 ubique
3494 3191 3559 3232 ac

1954 3238 2203 3337 ludaicas
2227 3243 2630 3304 observationes
2670 3253 3044 3323 permittebat,
3073 3271 3292 3331 propter
3318 3238 3526 3337 discipu
3543 3299 3558 3311 ο

1953 3330 2127 3388 lorum
2153 3333 2515 3393 inﬁrmitatem
2540 3381 2556 3407 ,
2587 3344 2841 3412 quoniam
2891 3357 3100 3419 tempus
3142 3330 3356 3411 videbat
3381 3330 3556 3415 se'ah

1954 3423 2055 3480 hac
2077 3428 2398 3486 necessitate
2426 3430 2703 3500 liberasse,
2754 3452 2930 3507 neque
2972 3448 3143 3496 tutum
3189 3450 3550 3506 erat‘tamdiu

1952 3517 2026 3572 illi
2058 3518 2499 3579 condescensioni
2528 3525 2806 3597 indulgere
2825 3571 2839 3595 ,
2869 3531 2969 3587 sed
2999 3532 3310 3603 dogmatum
3343 3549 3553 3612 tempus

1950 3617 2066 3663 erat
2086 3610 2328 3682 etlegum
2362 3632 2375 3667 :
2398 3614 2519 3668 audi
2546 3617 2672 3686 quid
2691 3619 2905 3679 dixerit.
2932 3621 3063 3677 Nam
3090 3629 3341 3695 quoniam
3364 3610 3554 3688 ascen-

1949 3699 2141 3758 derant
2168 3719 2233 3758 ex
2266 3705 2549 3762 Antiochia
2582 3708 2776 3765 Paulus
2795 3722 2849 3765 ct
2878 3714 3166 3783 Barnabas,
3204 3730 3260 3773 ut
3285 3722 3410 3791 quid
3432 3740 3552 3781 ecr-

1951 3800 2061 3847 tum
2092 3805 2235 3850 esset
2263 3797 2566 3855 ediscerent
2593 3818 2607 3854 :
2641 3818 2762 3857 cum
2793 3807 2954 3874 multa
2982 3820 3129 3864 esset
3154 3822 3272 3867 orta
3299 3820 3549 3885 quarstin,

1947 3900 2171 3957 surgens
2216 3890 2406 3945 Petrus
2429 3890 2564 3948 dixit
2592 3910 2605 3945 ε
2651 3893 2758 3950 Vini
2786 3901 2991 3967 fratres,
3025 3916 3110 3956 eos
3129 3905 3289 3972 scitis,
3310 3910 3551 3975 quoniam

1947 3978 2014 4029 ab
2056 3980 2277 4050 antiquis
2311 3981 2489 4036 diebus
2523 3983 2660 4039 Deus
2688 3987 2742 4041 in
2788 3990 2933 4043 nobis
2961 3992 3131 4063 elegit,
3164 4013 3252 4063 per
3283 4016 3339 4053 os
3381 4016 3551 4056 meum

1945 4068 2127 4123 audire
2150 4080 2325 4141 gentes
2352 4073 2557 4128 verbum
2581 4080 2852 4148 evangelii,
2880 4090 2927 4134 et
2947 4084 3152 4140 credere
3181 4087 3321 4157 (Act.
3352 4089 3441 4145 15.
3471 4092 3548 4161 7).

1949 4156 2149 4215 Deinde
2171 4174 2294 4215 cum
2328 4163 2431 4217 alia
2474 4165 2752 4237 interjccta
2791 4170 3036 4242 dixisset,
3084 4156 3329 4246 adjunxit
3361 4197 3378 4235 :
3412 4156 3550 4248 Quid

1948 4266 2066 4321 ergo
2088 4254 2290 4307 tentatis
2312 4254 2477 4309 Deum
2496 4258 2758 4329 imponere
2773 4263 2963 4333 jugum
2985 4283 3139 4337 super
3178 4272 3393 4327 cervices
3424 4291 3548 4345 gen-

1945 4343 2092 4410 tium,
2115 4348 2253 4416 quod
2278 4364 2438 4417 neque
2458 4361 2626 4419 patres
2652 4356 2832 4421 nostri,
2861 4374 3019 4427 neque
3041 4377 3133 4415 nos
3161 4374 3365 4432 portare
3378 4343 3549 4436 potui-

1948 4437 2107 4490 ntusl
2152 4438 2244 4492 sed
2299 4454 2390 4508 per
2430 4441 2584 4509 ﬁdem
2627 4443 2755 4499 Jesu
2802 4445 2989 4503 Christi
3036 4454 3288 4511 credimus
3336 4457 3545 4526 saluari,

1945 4528 2372 4596 quemadmodum
2406 4542 2454 4585 et
2483 4534 2560 4586 illi
2590 4532 2698 4603 (Ib.
2735 4552 2782 4589 υ.
2819 4538 2907 4594 10.
2954 4540 3067 4611 11).
3098 4543 3256 4599 Vides
3287 4554 3398 4603 tum
3424 4550 3544 4620 qui-

1946 4619 2070 4675 dem
2093 4635 2216 4676 cum
2246 4632 2456 4694 tempus
2483 4635 2627 4681 esset
2653 4628 3020 4700 indulgentia,
3051 4642 3105 4689 et
3131 4636 3355 4693 Paulum
3370 4619 3543 4710 judai-

1946 4726 2096 4767 zasse
2115 4754 2129 4778 ,
2162 4728 2288 4769 cum
2316 4731 2444 4771 vero
2473 4726 2682 4789 tempus
2724 4722 3198 4783 condescensionis
3228 4744 3334 4785 non
3366 4746 3539 4798 esset,

1945 4818 2130 4859 verum
2161 4804 2407 4877 dogmata
2438 4809 2734 4879 spargenda
2766 4824 2968 4881 essent,
2996 4826 3053 4872 et
3074 4820 3363 4875 sancienda
3386 4838 3540 4881 man;

1954 4892 2100 4960 data,
2129 4893 2352 4950 Petrum
2380 4896 2450 4952 ab
2485 4897 2577 4952 illa
2608 4898 3080 4958 condescensione
3110 4905 3404 4963 liberatum
3430 4909 3545 4965 sin-

1950 4995 2078 5036 cera
2114 4997 2363 5055 puraque
2409 4986 2664 5059 dogmata
2696 4987 3008 5048 tradidisse.
3044 4994 3223 5066 Atque
3265 4997 3379 5053 haec
3414 5014 3541 5054 cum

1950 5071 2289 5142 dicerentur,
2323 5076 2524 5134 Paulus
2560 5080 2855 5147 intererat,
2901 5093 2956 5140 et
2986 5086 3263 5151 audiebat,
3300 5098 3355 5145 et
3382 5106 3543 5149 acce-

1949 5168 2098 5253 ptam
2148 5164 2438 5233 epistolam
2489 5170 2687 5239 quovis
2730 5174 2973 5243 gentium
3022 5176 3323 5243 deferebat,
3358 5197 3539 5253 neque

1942 5250 2050 5307 dici
2084 5263 2263 5324 potest
2292 5272 2416 5313 eum
2441 5264 2675 5331 apostoli
2700 5277 2932 5321 mentem
2964 5268 3269 5338 ignorasse.
3298 5273 3413 5329 Cur
3444 5250 3547 5346 igi-

1946 5346 2038 5392 tur
2086 5357 2234 5397 nunc
2275 5360 2401 5401 eum
2446 5351 3074 5420 reprehendit,'dicens
3115 5374 3239 5415 eum
3290 5363 3542 5422 timuisse

1944 5429 2069 5523 illos
2102 5433 2196 5502 qui
2225 5450 2291 5489 ex
2328 5438 2753 5499 circumcisione
2776 5454 2934 5500 erant
2962 5444 3110 5518 (Gal.
3140 5449 3195 5505 2.
3232 5450 3361 5523 12)?

2010 5520 2099 5576 14.
2132 5523 2431 5581 Historiam
2452 5532 2613 5599 paulo
2636 5534 2805 5591 altius
2833 5542 3039 5607 repetit.
3070 5520 3351 5600 Centiliter
3370 5548 3539 5602 vivere

1944 5628 2070 5699 quid
2094 5628 2183 5683 sit.
2207 5656 2283 5671 -—
2310 5627 2380 5685 Ut
2404 5638 2583 5685 autem
2627 5647 2817 5689 eorum
2845 5650 2967 5707 quae
2990 5635 3242 5695 dicuntur
3269 5638 3545 5698 historiam

1947 5718 2306 5792 cognostis,
2329 5721 2490 5793 paulo
2517 5721 2679 5779 altius
2717 5723 2861 5780 illam
2890 5742 3117 5785 exorsus
3142 5732 3407 5800 narrabo;
3450 5735 3545 5789 sed

1950 5813 2243 5881 attendite,
2279 5828 2465 5883 quaso
2497 5830 2510 5866 :
2555 5814 2665 5884 jam
2694 5816 2835 5872 enim
2882 5820 2947 5873 ad
2978 5822 3340 5891 penitissimas
3370 5841 3545 5899 partes
