4074 6408
543 408 649 461 535

539 518 879 589 pervenimus
923 510 1249 587 quaestionis.
1296 509 1526 567 Jacobus
1567 509 1731 565 frater
1761 504 1967 563 Domini
2004 513 2122 557 tum

538 612 691 667 initio
713 608 973 667 Ecclesia:
1000 604 1461 676 ierosolymitana:
1484 610 1601 657 erat
1623 601 1925 671 episcopus,
1951 604 2005 653 et
2026 594 2125 652 Ju-

536 701 671 757 dteis
691 708 915 772 prmerat
935 697 1183 754 omnibus
1204 695 1294 767 qui
1314 691 1675 750 crediderant.
1698 689 1899 748 Accidit
1923 697 2123 757 autem,

536 802 595 847 ut
621 798 799 845 essent
828 789 1125 847 Antiochiae
1150 801 1364 858 quoque
1390 784 1560 842 Judzei
1580 827 1598 852 ,
1643 784 1733 855 qui
1760 798 1884 837 cum
1911 780 2123 836 Christo

534 882 909 950 credidissent,
934 896 1000 935 eo
1027 878 1169 949 quod
1193 877 1377 949 procul
1404 877 1652 932 abessent
1675 873 1745 928 ab
1764 871 2121 944 Jerusolyma,

535 973 882 1044 viderentque
908 972 1104 1027 ntultos
1129 969 1220 1040 qui
1245 967 1585 1025 crediderant
1620 979 1692 1020 es
1718 963 1966 1035 gentibus
1991 976 2123 1017 con-

534 1064 765 1119 lidenter
810 1074 865 1119 et
901 1062 1101 1133 absque
1142 1059 1388 1116 Judaicis
1425 1055 1890 1114 observationibus
1915 1055 2119 1118 vivere,

529 1153 733 1210 sensim
761 1168 825 1209 ac
855 1151 1109 1223 paulatim
1150 1150 1547 1214 inducerentur,
1587 1155 1700 1201 uta
1729 1143 1947 1200 Judaica
1987 1158 2121 1197 con-

526 1243 814 1300 suetudine
837 1244 1186 1309 abstiuercnt,
1216 1251 1271 1298 et
1295 1256 1479 1320 puram
1506 1239 1831 1310 minimeque
1853 1236 2124 1291 adultera-

527 1347 634 1391 tam
669 1335 789 1391 fidei
816 1335 1115 1390 doctrinam
1143 1335 1456 1390 retinerent.
1496 1331 1631 1386 Cum
1661 1344 1790 1400 ergo
1815 1326 2125 1384 descendis-

525 1436 609 1483 set
642 1427 853 1493 Petrus,
882 1440 934 1482 et
966 1425 1163 1481 nullam
1196 1438 1317 1479 esse
1336 1420 1804 1478 eondescensionis
1831 1419 2123 1474 necessita-

526 1528 635 1572 tem
678 1517 919 1583 videret,
959 1516 1229 1586 gentiliter
1256 1513 1509 1579 deinceps
1530 1512 1766 1567 vivebat.
1804 1509 1916 1565 lloc
1940 1518 2119 1564 autem

528 1608 766 1677 appellat
787 1606 1060 1678 gentiliter
1085 1607 1272 1663 vivere
1300 1606 1526 1669 Paulus,
1569 1602 1769 1673 absque
1796 1600 2013 1657 Judaica
2042 1600 2121 1654 vi-

528 1716 656 1756 vere
676 1701 1081 1769 observatione,
1106 1700 1234 1755 nihil
1256 1716 1321 1754 ex
1342 1699 1446 1753 illis
1463 1697 1598 1769 legis
1615 1696 1805 1753 ritibus
1824 1693 2115 1761 custodire,

528 1794 757 1863 exempli
780 1808 942 1849 causa
962 1835 978 1859 ,
1000 1793 1458 1849 circumcisionem
1478 1832 1495 1857 ,
1521 1790 1797 1846 sabbatum
1817 1830 1834 1857 ,
1858 1788 1938 1844 vel
1960 1787 2118 1858 quid-

531 1886 673 1957 piam
712 1885 994 1955 ejusmodi.
1038 1883 1172 1939 Cum
1217 1884 1375 1953 igitur
1420 1884 1608 1939 Petrus
1656 1882 1725 1936 ita
1773 1880 1995 1947 viveret,
2025 1878 2121 1935 de-

526 1975 848 2031 scenderunt
872 1975 1086 2044 quidam
1111 1989 1140 2027 a
1166 1974 1366 2029 iacebo
1395 1973 1587 2039 Juda-i,
1620 1971 1720 2027 hoc
1748 1981 1829 2028 Osi.
1855 1987 1924 2026 ex
1956 1969 2116 2026 loro-

525 2063 755 2137 solyma,
781 2064 893 2135 qui,
925 2063 1065 2136 quod
1086 2064 1137 2118 in
1161 2062 1441 2133 metropoli
1461 2076 1673 2133 semper
1693 2062 1887 2117 versati
1911 2069 2114 2128 essent,

532 2170 704 2223 neque
730 2169 1049 2224 quemquam
1073 2152 1332 2208 vidissent
1360 2152 1431 2206 ita
1460 2153 1748 2215 viventem,
1771 2151 1946 2206 adhuc
1973 2152 2116 2205 anti-

527 2243 922 2312 cipatanrillam
938 2241 1213 2297 .ludaicam
1235 2241 1539 2310 opinionem
1559 2240 1874 2304 retinebant,
1898 2240 2119 2294 multas-

528 2352 634 2405 que
649 2350 716 2389 es
738 2333 1201 2388 observationibus
1221 2332 1326 2386 illis
1344 2347 1525 2387 secum
1546 2330 1843 2386 trahebant.
1866 2329 1977 2385 llos
1992 2345 2112 2384 cum

529 2426 750 2483 vidisset
773 2425 993 2490 Petrus,
1022 2424 1109 2495 qui
1157 2440 1188 2479 a
1230 2422 1432 2480 Jacobo
1457 2431 1510 2478 et
1537 2421 2116 2494 Jerosolyma-desceno

521 2520 733 2587 derant,
762 2520 851 2588 qui
881 2518 1056 2574 adhuc
1089 2514 1287 2574 infirmi
1314 2525 1486 2585 erant,
1518 2512 1930 2585 timeretque‘ne
1956 2530 2115 2571 scan-

525 2610 704 2666 dalum
739 2612 881 2681 passi
908 2626 937 2664 a
969 2609 1073 2664 (ide
1112 2609 1414 2674 resilirent,
1453 2617 1685 2664 mutatus
1710 2616 1790 2662 est
1816 2620 2020 2671 rursus,
2061 2616 2113 2662 et

524 2703 725 2757 omissa
764 2701 950 2772 gentili
978 2702 1098 2756 vita:
1127 2702 1352 2765 ratione,
1393 2700 1461 2756 ad
1491 2701 1722 2771 priorem
1754 2699 1914 2754 rediit
1942 2697 2115 2752 indul-

521 2797 753 2865 gentiam
780 2836 797 2861 ,
828 2804 882 2849 et
918 2794 1159 2849 ciborum
1190 2794 1591 2849 observationes
1617 2791 1926 2847 custodivit.
1956 2789 2109 2844 Illum

521 2904 653 2960 ergo
672 2888 840 2944 Judzni
866 2904 988 2944 cum
1012 2889 1282 2953 vidissent,
1311 2888 1402 2959 qui
1425 2887 1719 2943 Antiochia:
1740 2885 2110 2950 versabantur,

523 2979 575 3032 id
602 2989 865 3050 agentem,
889 2993 1061 3049 neque
1081 2988 1311 3034 mentem
1333 2980 1453 3048 ejus
1473 2985 1804 3048 perspectam
1827 2975 2109 3041 haberent,

523 3084 625 3140 qua
658 3069 707 3125 id
736 3071 945 3140 agebat,
976 3069 1187 3126 abducti
1217 3078 1340 3126 sunt
1366 3077 1420 3125 et
1449 3069 1570 3139 ipsi,
1598 3084 1662 3124 ac
1691 3077 1909 3139 propter
1937 3068 2109 3138 magi-

520 3170 691 3214 strum
717 3160 989 3230 judaiaere
1004 3161 1348 3230 cogebantur.
1372 3162 1547 3230 Atque
1587 3159 1689 3215 hoc
1718 3170 1820 3225 est,
1849 3160 1991 3230 quod
2017 3174 2107 3214 re-

521 3250 803 3321 prehendit
828 3250 1058 3306 Paulus:
1082 3264 1139 3306 ut
1158 3262 1337 3306 autem
1365 3252 1559 3306 clarius
1588 3250 1677 3306 ﬁat
1698 3251 1838 3320 quod
1860 3252 2108 3318 dicimus,

522 3344 637 3413 ipsa
667 3341 817 3397 vobis
846 3344 1136 3411 apostolica
1163 3342 1323 3397 verba
1351 3342 1587 3396 recitabo
1618 3359 1633 3394 :
1663 3339 1789 3394 Cum
1825 3352 1994 3395 autem
2028 3358 2113 3395 ue-

519 3434 670 3486 nisset
726 3431 906 3486 Petrus
955 3432 1309 3495 Antiochiam,
1364 3434 1417 3486 in
1467 3433 1650 3501 facient
1679 3434 1724 3486 ei
1761 3434 1939 3498 restiti,
1990 3435 2110 3503 quia

518 3524 917 3594 rcpreltensibilis
969 3528 1096 3580 erat.
1150 3524 1301 3579 Prius
1344 3526 1477 3579 enim
1528 3542 1681 3593 quam
1723 3536 1943 3580 venirent
1997 3526 2109 3595 qui-

516 3619 634 3670 dum
683 3634 715 3669 a
762 3616 991 3684 Jacobs,
1040 3616 1141 3671 hoc
1177 3625 1261 3671 est
1300 3616 1684 3688 Jemsolymis,
1712 3632 1828 3669 cum
1877 3616 2108 3687 gentibus

517 3709 710 3774 edebat,
749 3708 849 3763 hoc
872 3717 954 3764 est
977 3724 1097 3763 cum
1127 3709 1190 3773 iis
1218 3710 1305 3778 qui
1330 3719 1483 3763 erant
1510 3708 1824 3764 Autiochim.
1854 3709 1980 3762 Cum
2012 3726 2109 3761 au-

517 3811 614 3855 tem
643 3801 891 3855 vertissent
917 3801 1126 3879 quidam
1151 3799 1686 3872 Jerosolymis,.periti
1713 3800 1842 3870 legis
1868 3841 1882 3867 ,
1909 3800 2109 3854 subtra-

516 3893 664 3945 ltcbat
688 3901 735 3945 el
760 3880 1054 3963 scgrcgabat
1074 3910 1127 3946 se
1152 3891 1361 3951 Petrus.
1402 3894 1582 3945 timens
1602 3908 1686 3945 eos
1701 3894 1790 3962 qui
1812 3908 1874 3945 ex
1891 3891 2109 3945 circum-

516 3984 706 4037 cisione
743 3991 908 4035 erant.
940 3982 1247 4049 Quasnam?
1288 3983 1391 4038 Eos
1420 3982 1508 4052 qui
1537 3998 1564 4034 a
1587 3980 1790 4036 Jacobo
1814 3982 2108 4038 descende—

515 4082 672 4138 rant;
719 4071 788 4127 Et
825 4074 1200 4127 abducebantur
1241 4090 1355 4127 cunt
1382 4089 1441 4126 eo
1468 4074 1633 4126 cancri
1659 4072 1853 4126 Iudici.
1881 4073 2104 4141 Quinam

514 4164 685 4219 λιιιιωί
709 4163 732 4216 it
752 4164 873 4230 Qui,
893 4165 1198 4233 priusquam
1220 4162 1657 4234 Jerosolymitani
1679 4162 2103 4228 descciidissent,

514 4256 811 4313 Antiochia:
838 4256 1118 4326 degebant,
1148 4271 1247 4309 nec
1274 4256 1435 4310 ullam
1463 4257 1890 4311 observationem
1919 4256 2106 4310 iudai-

516 4364 633 4403 eam
665 4349 1036 4405 custodiebant
1064 4364 1079 4400 :
1114 4347 1197 4400 Ita
1216 4356 1267 4400 ut
1289 4356 1334 4400 et
1374 4346 1636 4401 Barnabas
1666 4347 1932 4402 duceretur
1953 4348 2015 4401 ab
2037 4349 2108 4403 eis

514 4446 567 4497 in
595 4445 738 4497 illam
759 4444 1151 4497 simulationem.
1176 4444 1349 4514 Atque
1375 4441 1489 4497 bare
1507 4442 1721 4512 quidem
1747 4452 1847 4509 est,
1871 4458 1989 4513 qua:
2010 4458 2106 4512 ap-

517 4547 673 4607 paret
700 4537 1070 4606 reprehensio.

589 4632 674 4683 lii.
718 4629 941 4683 Aliorum
996 4630 1331 4700 quorumdam
1365 4629 1662 4685 solutionem
1716 4628 1991 4699 prtemittit.
2034 4656 2107 4668 —

517 4721 683 4774 Porro
710 4721 753 4774 si
780 4721 925 4775 lubet
950 4762 965 4787 ,
997 4723 1322 4792 excogitatas
1348 4721 1507 4777 etiam
1528 4721 1597 4774 ab
1621 4720 1742 4775 aliis
1768 4719 2107 4775 defensiones

519 4812 605 4864 ubi
638 4812 808 4880 primo
834 4812 951 4867 loco
980 4828 1209 4883 posuero
1233 4853 1247 4876 ,
1279 4822 1388 4867 tum
1422 4828 1594 4866 meam
1636 4827 1849 4882 quoque
1886 4822 2106 4867 senten-

518 4904 645 4955 tiam
675 4904 908 4958 cenabor
928 4919 1245 4974 expromere
1271 4944 1289 4970 ,
1313 4904 1571 4975 vobisque
1582 4902 1772 4957 faciam
1798 4904 2068 4974 optionem
2088 4944 2103 4967 .

519 5006 575 5047 ut
604 5010 666 5049 ex
696 4994 781 5060 iis,
812 5010 929 5064 qua:
959 4995 1099 5050 dicta
1130 4995 1347 5062 fuerint,
1365 4995 1507 5067 quod
1531 4995 1861 5066 potissimum
1882 4997 2103 5065 placeat,

520 5084 743 5154 eligatis.
785 5086 900 5150 Quo
926 5085 1083 5155 igitur
1120 5095 1273 5154 pacto
1310 5085 1550 5140 nonnulli
1594 5084 1733 5140 hanc
1759 5087 2105 5155 quazstionem

526 5176 837 5230 solverunt?
865 5175 981 5230 Non
1008 5188 1125 5231 erat
1153 5177 1236 5232 bic
1263 5178 1473 5245 Petrus,
1501 5176 1765 5247 inquiunt,
1789 5177 1880 5232 ille
1902 5178 2108 5248 primus

518 5268 905 5339 apostolorum,
931 5270 1014 5322 cui
1048 5268 1259 5324 fuerunt
1295 5283 1425 5324 oves
1446 5283 1477 5323 a
1497 5268 1708 5323 Christo
1733 5268 1948 5325 credita)
1967 5308 1982 5333 ,
2011 5269 2107 5323 sed

525 5360 660 5412 alius
702 5360 964 5429 quispiam
1020 5360 1139 5414 vilis
1179 5369 1233 5415 et
1260 5358 1523 5430 abjeetus,
1564 5370 1620 5415 et
1664 5375 1801 5415 unus
1848 5375 1880 5415 e
1924 5360 2102 5431 vulgo.

527 5450 678 5504 Unde
708 5450 759 5505 id
780 5452 1027 5506 constat?
1056 5452 1421 5507 Cumcmteros
1437 5450 1650 5507 Judaaos
1669 5449 1925 5505 abductos
1946 5450 2109 5507 fuisse

520 5556 641 5596 cum
674 5541 768 5596 illo
806 5541 1045 5607 dixisset,
1073 5541 1304 5612 adjecit,
1348 5543 1613 5612 inquiunt,
1639 5541 1725 5595 lta
1754 5551 1805 5596 ut
1836 5540 2110 5596 etBarna-

522 5639 608 5687 tas
652 5637 915 5688 duceretur
957 5651 1070 5687 cum
1115 5636 1185 5689 eis
1226 5636 1279 5688 in
1329 5637 1472 5689 illaut
1523 5635 1915 5689 simulationem.
1954 5633 2108 5701 Quod

527 5739 698 5779 autem
728 5726 881 5791 dixit,
914 5724 996 5778 Ita
1033 5736 1083 5778 ut
1111 5737 1155 5779 et
1181 5725 1472 5791 Barnabas,
1506 5726 1703 5782 iudieat
1732 5727 1898 5782 multo
1937 5724 2107 5781 luisse

524 5816 811 5873 mirabilius
858 5816 1007 5887 illud,
1060 5832 1215 5887 quam
1257 5818 1470 5873 Petrum
1520 5819 1799 5875 abductum
1842 5833 1976 5874 esse.
2019 5816 2108 5873 Sic

1305 393 1361 449 S.
1403 392 1681 451 JOANNIS
1718 384 2187 449 CHRYSOSTOMI
2226 388 2543 446 ARCIIIEP.
2585 388 3120 446 COSSTANTINOP.
3729 389 3823 445 531

2214 505 2375 579 enim
2404 505 2654 577 loquutus
2678 516 2783 573 est,
2816 516 2873 561 ut
2896 506 3150 577 majorem
3166 504 3313 560 illum
3328 517 3551 562 censere
3566 505 3827 568 videatur,

2228 594 2344 651 Non
2376 597 2534 652 modo
2561 597 2780 665 Petrus,
2805 599 3049 669 inquiens
3072 639 3087 664 ,
3116 597 3211 653 sed
3252 608 3307 654 ct
3337 597 3609 654 Barnabas
3643 617 3657 652 :
3683 600 3828 669 atqui

2230 689 2503 747 Barnabas
2547 690 2714 749 Petro
2760 691 2851 746 illo
2903 692 3073 761 major
3123 706 3230 746 non
3258 700 3393 747 erat.
3437 690 3820 747 Verumtamen

2230 798 2336 838 non
2365 782 2434 837 ita
2462 798 2521 838 se
2548 798 2636 838 res
2668 781 2828 840 habet
2849 824 2863 846 .
2896 783 3051 854 plane
3080 782 3149 838 ita
3195 800 3255 839 se
3283 799 3389 840 non
3419 783 3603 841 habet.
3641 782 3828 852 Neque

2227 875 2371 929 enim
2415 890 2481 928 eo
2508 874 2648 945 quod
2682 874 2953 929 Barnaluts
2993 874 3163 944 major
3188 886 3372 939 esset,
3428 875 3550 930 ideo
3597 874 3824 929 miratur

2229 964 2397 1035 magis
2426 980 2441 1018 :
2470 964 2563 1019 sed
2617 980 2777 1036 quam
2821 965 2892 1019 ob
2936 967 3200 1021 causam?
3226 963 3379 1035 Quod
3432 966 3685 1021 nimirum
3739 968 3828 1022 ille

2226 1056 2443 1127 quidem
2473 1058 2523 1111 in
2548 1057 3009 1114 circumcisionem
3040 1058 3236 1113 missus
3265 1068 3427 1125 esset,
3459 1067 3513 1112 at
3555 1057 3829 1113 Barnabas

2227 1164 2351 1205 cum
2384 1133 2547 1205 Ptiulo
2572 1150 2819 1220 gentibus
2843 1150 3180 1221 praedicaret,
3208 1158 3262 1205 et
3286 1152 3481 1220 ubique
3507 1165 3629 1207 cum
3662 1151 3829 1204 Paulo

2227 1240 2568 1312 copularetur
2597 1257 2610 1292 :
2638 1240 3087 1311 quemadmodum
3134 1242 3296 1313 igitur
3338 1242 3463 1297 alibi
3520 1241 3673 1309 dicit,
3724 1244 3827 1296 Aut

2224 1348 2315 1403 ego
2342 1332 2480 1386 solus
2506 1341 2554 1385 et
2577 1329 2842 1387 Barnabas
2870 1349 2970 1387 non
2997 1333 3237 1388 habemus
3269 1342 3563 1403 potestatem
3592 1351 3693 1387 non
3716 1350 3831 1403 ope-

2224 1424 2375 1490 randi
2412 1424 2487 1494 (Ι.
2518 1421 2639 1478 Cor.
2669 1423 2727 1480 9.
2751 1423 2843 1492 6)?
2875 1434 2939 1479 et
2967 1440 3173 1487 rursus,
3200 1424 3415 1478 Ascendi
3440 1423 3821 1496 Jcrosolgmam

2223 1527 2337 1569 sum
2360 1512 2603 1568 Barnaba
2636 1515 2777 1586 (Gul.
2807 1515 2873 1571 2.
2901 1517 2957 1584 l)
2988 1532 3004 1569 :
3036 1524 3091 1571 et
3120 1516 3316 1586 ubique
3341 1515 3488 1570 vides
3528 1516 3679 1571 illum
3705 1532 3828 1571 cum

2223 1603 2389 1661 Paulo
2416 1606 2632 1662 docere.
2673 1604 2789 1661 Non
2818 1621 2948 1677 ergo
2973 1607 3115 1677 quod
3145 1607 3302 1663 Petro
3337 1608 3511 1678 major
3534 1618 3713 1673 esset,
3743 1608 3827 1662 id-

2222 1698 2366 1753 circo
2392 1713 2513 1752 euttt
2544 1712 2756 1767 quoque
2787 1697 3075 1752 abductum
3097 1712 3215 1753 esse
3257 1698 3480 1753 miratur
3515 1715 3527 1751 :
3568 1697 3663 1751 sed
3683 1699 3828 1767 quod

2222 1790 2270 1846 is
2291 1789 2381 1860 qui
2425 1803 2607 1844 secum
2637 1805 2852 1859 semper
2876 1788 3203 1859 przedicabat
3223 1831 3239 1854 ,
3271 1792 3464 1860 cuique
3524 1790 3658 1843 nihil
3707 1798 3827 1843 erat

2222 1894 2507 1935 commune
2530 1895 2651 1936 cum
2677 1877 2875 1935 ludatis
2895 1921 2911 1945 ,
2948 1895 3134 1935 verum
3172 1881 3310 1935 inter
3348 1889 3535 1950 gentes
3561 1878 3826 1945 docebat,

2224 1976 2337 2047 ipse
2364 1992 2579 2048 quoque
2604 1986 2750 2059 esset
2787 1977 3064 2032 abductus.
3109 1976 3373 2033 Cceterum
3417 1975 3636 2030 Petrum
3676 1974 3826 2028 illum

2222 2083 2343 2123 esse
2367 2068 2434 2124 de
2466 2086 2571 2139 quo
2603 2068 2720 2125 ha-c
2747 2069 2926 2124 omnia
2970 2071 3117 2132 dicit,
3144 2085 3266 2123 cum
3301 2083 3368 2123 ex
3398 2068 3464 2123 iis
3513 2083 3635 2138 qua:
3681 2083 3823 2137 pra:-

2222 2170 2519 2224 cesserunt,
2553 2169 2663 2214 tum
2690 2176 2755 2214 ex
2779 2161 2841 2215 iis
2868 2176 2986 2231 quae
3016 2169 3333 2231 sequuntur,
3354 2159 3698 2214 manifestum
3718 2167 3822 2212 est.

2222 2250 2373 2317 Quod
2402 2250 2543 2304 enim
2582 2264 2641 2303 se
2685 2250 2737 2303 in
2781 2250 2971 2304 faciem
3014 2252 3271 2305 restitisse
3317 2251 3389 2304 illi
3415 2250 3576 2314 dicit,
3608 2264 3673 2303 ac
3728 2263 3825 2318 pro

2223 2355 2417 2409 magno
2446 2339 2575 2394 illud
2609 2339 2803 2405 habet,
2835 2340 2967 2395 nihil
2996 2339 3138 2394 aliud
3166 2340 3363 2394 indicat
3382 2381 3398 2406 ,
3422 2340 3523 2393 nisi
3551 2355 3611 2394 se
3652 2339 3825 2409 digni-

2222 2438 2382 2485 tatem
2404 2430 2625 2486 minime
2652 2431 2939 2486 reveritum
2966 2446 3087 2486 esse
3127 2445 3372 2500 persona:
3402 2444 3416 2484 :
3449 2444 3611 2499 porro
3658 2430 3724 2483 de
3748 2430 3823 2481 al-

2222 2529 2336 2576 tero
2362 2523 2613 2592 qu0piam
2653 2523 2696 2578 si
2722 2522 2979 2589 dixisset,
3009 2537 3069 2577 se
3098 2522 3151 2577 in
3182 2522 3372 2577 facient
3401 2522 3478 2577 illi
3520 2510 3819 2582 restitisse.

2223 2630 2557 2685 nequaquam
2604 2615 2707 2669 hoc
2735 2629 2834 2685 pro
2882 2631 3076 2685 magno
3106 2614 3401 2669 habuisset.
3457 2614 3723 2669 Prteterea
3776 2613 3821 2666 si

2220 2704 2481 2775 quispiam
2511 2706 2647 2759 alius
2692 2704 2881 2759 Petrus
2908 2704 3127 2769 fuisset,
3159 2720 3266 2757 non
3304 2712 3508 2757 tantum
3558 2703 3816 2757 valuisset

2221 2794 2338 2862 ejus
2376 2796 2624 2859 mutatio,
2672 2804 2730 2849 ut
2756 2804 2981 2849 eazteros
3027 2794 3187 2849 etiam
3234 2792 3452 2849 lodices
3503 2794 3817 2847 attraheret.

2219 2882 2400 2955 Neque
2453 2885 2597 2939 enim
2639 2886 2949 2940 adhortatus
2992 2895 3093 2949 est,
3144 2900 3316 2956 neque
3370 2883 3686 2939 consuluit:
3726 2883 3817 2939 sed

2229 2986 2433 3031 tantum
2462 2976 2809 3033 subtrahebat
2831 2985 2888 3030 et
2911 2977 3221 3047 segregahat
3250 2991 3309 3031 se
3341 2994 3354 3029 :
3382 2985 3542 3046 atque
3577 2977 3665 3031 illa
3696 2976 3822 3029 sub-

2223 3070 2411 3124 tractio
2493 3080 2548 3123 et
2611 3056 2908 3138 segregatio
2971 3077 3196 3124 exnteros
3255 3082 3444 3122 omnes
3521 3067 3815 3138 disclpulos

2217 3162 2486 3217 attrahere
2514 3162 2682 3231 potuit
2711 3171 2925 3231 propter
2944 3177 3185 3231 pet-sonte
3228 3162 3565 3229 dignitatem.

2289 3254 2376 3309 16.
2419 3253 2593 3307 Altera
2638 3253 2821 3307 solutio
2869 3253 3183 3323 quastionis,
3232 3268 3322 3305 cur
3371 3252 3713 3321 reprehensus
3755 3254 3817 3305 sit

2218 3345 2423 3409 Petrus,
2447 3362 2545 3413 quo
2566 3346 2779 3399 consilio
2808 3342 3006 3397 Paulus
3034 3341 3239 3396 Petrum
3258 3353 3512 3414 argueret.
3542 3372 3612 3383 -
3633 3341 3815 3412 itaque

2218 3438 2434 3492 Petrum
2464 3436 2628 3492 fuisse
2658 3438 2789 3491 satis
2818 3451 2881 3491 ex
2937 3435 3021 3489 his
3065 3444 3275 3490 constat
3302 3452 3316 3490 :
3343 3444 3600 3490 eazterum
3655 3436 3813 3489 aliam

2216 3529 2553 3593 solutionem,
2598 3528 2643 3582 si
2675 3528 2881 3590 velitis,
2915 3527 3180 3582 dicemus.
3221 3529 3475 3595 Quantam
3519 3530 3682 3598 igitur
3734 3540 3817 3583 est

2216 3619 2415 3673 altera?
2470 3618 2634 3673 flecte
2683 3619 2899 3673 Petrum
2947 3619 3377 3688 reprehendebat
3421 3619 3636 3683 Paulus,
3671 3621 3813 3689 quod

2217 3711 2352 3766 ultra
2379 3711 2593 3765 modum
2635 3709 2963 3779 indulgentia
3009 3720 3270 3764 uteretur.
3312 3708 3443 3765 Nam
3473 3726 3577 3778 qua
3606 3712 3815 3765 ratione

2214 3801 2327 3871 ipse
2350 3840 2363 3863 ,
2396 3815 2515 3854 cum
2546 3799 3073 3870 essetlcrosolymis,
3107 3798 3571 3854 condescendebat
3590 3798 3811 3865 ludatis,

2214 3893 2401 3948 eadem
2431 3908 2640 3963 quoque
2690 3893 2839 3947 illum
2880 3893 3147 3962 oportuit,
3180 3907 3303 3946 eum
3347 3890 3692 3945 Antiochiam
3726 3907 3815 3945 ve-

2216 3987 2401 4049 uisset,
2437 4000 2542 4039 non
2576 3985 2642 4039 ad
2666 3984 2880 4039 Judmos
2898 3984 3164 4053 respicere
3190 4024 3204 4048 ,
3234 3983 3325 4037 sed
3366 3982 3431 4036 ad
3452 3997 3549 4037 eos
3571 3984 3663 4053 qui
3693 3998 3812 4037 cre-

2213 4078 2457 4132 diderant
2484 4094 2550 4131 ex
2594 4077 2859 4147 gentibus.
2903 4075 2971 4132 Ut
3019 4076 3184 4143 enim,
3239 4090 3360 4130 cum
3414 4089 3605 4128 omnes
3660 4084 3814 4129 erant

2214 4169 2405 4233 Judaei,
2438 4170 2597 4223 etiam
2629 4168 2824 4221 Paulus
2870 4167 3140 4236 jndaizare
3180 4176 3395 4220 coactus
3421 4174 3505 4219 est
3534 4180 3547 4216 :
3580 4164 3652 4218 ita
3678 4179 3801 4218 cum

2216 4262 2395 4331 plures
2417 4270 2655 4316 erantex
2682 4260 2952 4331 gentibus,
2981 4274 3079 4314 nec
3104 4258 3265 4312 ullam
3296 4257 3482 4311 civitas
3512 4258 3812 4312 necessita-

2220 4361 2325 4405 tem
2374 4351 2715 4422 indulgentia:
2769 4350 3047 4415 aﬂ‘erebat,
3103 4366 3207 4404 non
3263 4348 3545 4418 oportebat
3593 4360 3816 4419 propter

2217 4458 2415 4513 paucos
2441 4443 2654 4499 Judaeos
2678 4443 2933 4499 seandalo
2960 4457 3080 4496 esse
3119 4451 3193 4496 tot
3223 4440 3530 4511 gentilibus.
3573 4440 3643 4493 At
3670 4442 3814 4494 enim

2217 4534 2321 4591 hoc
2351 4549 2456 4590 non
2489 4533 2599 4604 jam
2627 4534 2821 4590 solutio
2848 4540 2951 4598 est,
2982 4531 3077 4587 scd
3104 4532 3446 4601 amplificatio
3473 4530 3813 4601 quatstionis.

2214 4624 2368 4693 Quod
2421 4625 2562 4679 enim
2613 4624 2663 4679 in
2685 4623 2907 4681 exordio
2932 4622 3041 4677 dixi
3066 4622 3323 4677 orationis
3348 4662 3362 4687 ,
3392 4634 3497 4676 non
3543 4620 3597 4675 id
3647 4620 3808 4675 nobis

2220 4718 2549 4789 propositum
2577 4726 2659 4775 est
2682 4760 2696 4783 ,
2726 4727 2786 4773 ut
2822 4716 3168 4773 ostendamus
3210 4725 3357 4771 recte
3400 4714 3819 4787 reprehendisse

2218 4812 2474 4876 Paulum;
2526 4812 2607 4866 sic
2657 4812 2800 4866 enim
2847 4810 3022 4865 adlmc
3072 4809 3293 4865 restabit
3334 4810 3580 4880 quastio.
3623 4808 3817 4865 Petrus

2215 4902 2359 4958 enim
2388 4902 2649 4956 obnoxius
2686 4901 3042 4956 criminationi
3087 4901 3389 4967 videbitur;
3416 4900 3514 4956 sed
3550 4900 3605 4955 id
3636 4904 3811 4969 potis-

2217 4994 2410 5048 sinmm
2438 4994 2747 5063 qmerimus,
2773 5010 2879 5064 quo
2910 5002 3065 5064 pacto
3092 5002 3147 5049 et
3173 4994 3337 5059 hunc,
3360 5003 3414 5049 et
3439 4992 3591 5049 illum
3626 5010 3814 5064 τορνε-

2218 5083 2476 5138 bensione
2515 5082 2818 5142 liberemus.
2862 5084 3105 5152 Quonam
3142 5084 3303 5155 igitur
3322 5093 3479 5154 pacto
3514 5083 3565 5138 id
3596 5083 3733 5139 fiet?
3759 5083 3815 5140 Si

2215 5189 2318 5245 qua
2346 5184 2524 5229 mente
2551 5190 2686 5230 unus
2711 5175 3023 5245 inereparit,
3053 5184 3109 5229 et
3138 5176 3273 5230 alter
3303 5174 3461 5230 fuerit
3484 5174 3819 5244 increpatus,

2215 5264 2515 5329 discamus,
2546 5274 2602 5321 et
2625 5267 2944 5321 sententiain
2966 5265 3108 5320 illam
3132 5266 3484 5336 esplicetnus.
3524 5264 3656 5332 Qua:
3692 5274 3817 5319 tan-

2217 5356 2338 5413 dem
2390 5357 2547 5429 igitur
2574 5367 2658 5415 est
2697 5358 2785 5412 illa
2832 5358 3136 5413 sententia?
3187 5355 3547 5413 Vehementer
3596 5356 3817 5425 optabat

2220 5450 2439 5515 Petrus,
2484 5465 2577 5507 eos
2601 5451 2691 5521 qui
2722 5449 3108 5506 descenderant
3147 5448 3482 5523 Jerosolyma
3532 5464 3563 5502 a
3612 5446 3818 5503 Iacobo

2228 5539 2473 5610 profecti,
2496 5539 2714 5596 Judaiea
2742 5540 3120 5596 observatione
3146 5539 3398 5594 liberare.
3436 5537 3589 5605 Quod
3611 5537 3655 5591 si
3680 5535 3821 5591 hanc

2220 5635 2334 5704 ipse
2359 5634 2677 5688 sententiam
2703 5631 3104 5696 introduxisset,
3131 5640 3186 5687 et
3210 5632 3262 5686 in
3292 5629 3527 5686 medium
3569 5643 3820 5700 progres-

2218 5738 2312 5778 sus
2330 5722 2582 5789 dixisset,
2614 5723 2849 5779 .ludaicis
2878 5720 3069 5776 ritibus
3097 5722 3169 5775 uti
3215 5720 3446 5776 desinite
3466 5760 3485 5787 ,
3512 5721 3666 5792 quasi
3690 5734 3820 5775 eon-

2222 5814 2384 5869 traria
2424 5813 2525 5869 sibi
2576 5813 2715 5883 ipsi,
2746 5823 2800 5869 et
2830 5813 2895 5869 iis
2918 5811 3187 5881 omnibus,
3220 5828 3339 5884 qua:
3368 5811 3437 5867 ab
3466 5812 3584 5883 ipso
3607 5812 3821 5865 fuerant
