4074 6392
539 545 648 597 νον,
686 526 1069 582 ἐσκανδάλισεν
1096 524 1164 579 ἀν
1190 524 1319 588 τοὺς
1360 521 1631 595 μαθητάς.
1667 521 1859 586 Πάλιν,
1888 525 1938 577 εἰ
1965 521 2115 576 Παῦ-

537 623 631 693 λος
671 620 806 690 πρὸς
835 616 1031 679 αὐτοὺς
1061 604 1253 669 τοῦτον
1288 612 1541 668 ἀπέτεινε
1569 611 1675 665 τὸν
1689 611 1866 681 λόγον,
1899 611 2012 666 οὐδ’
2049 610 2116 665 ἂν

537 713 859 786 προσέσχον,
884 707 995 763 οὐδ’
1022 705 1090 761 ἀν
1111 705 1407 777 ἠνέσχοντο
1426 703 1532 774 τῆς
1555 703 1892 776 ἀκροάσεως.
1919 703 1984 757 Οἰ
2005 704 2116 774 γὰρ

539 802 636 856 καὶ
665 801 830 872 χωρὶς
856 797 1046 851 τούτου
1080 793 1367 867 μισοῦντες
1399 793 1564 848 αὐτὸν
1588 795 1682 848 καὶ
1705 791 2116 863 ἀποστρεφόμε-

539 909 619 950 νοι
645 889 731 942 διὰ
764 888 861 959 τὴν
890 887 1147 957 τοιαύτην
1197 887 1408 958 φήμην,
1451 884 1630 954 πολλῷ
1677 881 1910 953 μᾶλλον,
1939 883 1989 935 εἰ
2021 883 2117 936 καὶ

541 979 996 1054 συμϐουλεύοντος
1023 977 1196 1032 ταῦτα
1222 977 1485 1049 ἥκουσαν,
1518 974 1877 1046 ἀπεπήδησαν
1914 973 2001 1028 ἄν.
2041 972 2108 1026 Τί

535 1065 631 1126 οὖν
675 1068 920 1138 γίνεται;
977 1064 1254 1129 Ἰουδαίοις
1297 1066 1397 1136 μὲν
1434 1064 1611 1126 οὐδεὶς
1650 1062 1833 1116 αὐτῶν
1875 1062 2114 1132 ἐπετίμα

534 1159 650 1221 τοῖς
681 1155 741 1223 ἐξ
793 1154 1071 1218 Ἰακώϐου,
1108 1151 1324 1224 δέχεται
1366 1152 1426 1206 δέ
1465 1152 1566 1224 τὴν
1598 1151 1922 1223 ἐπιτίμησιν
1951 1151 1982 1204 ό
2012 1151 2117 1204 Πέ-
2186 1166 2191 1170 ”

537 1264 664 1319 τρος
702 1244 855 1318 παρά
897 1243 995 1298 τοῦ
1029 1243 1279 1311 Παύλου,
1318 1243 1406 1297 ῖνα
1449 1242 1854 1316 ἐγκαλούμενος
1883 1242 1989 1298 ὑπὸ
2018 1241 2115 1297 τοῦ

537 1336 937 1391 συναποστόλου
957 1376 974 1402 ,
1005 1334 1219 1389 δικαίαν
1264 1333 1381 1405 Ιχοι
1426 1334 1615 1389 λοιπὸν
1662 1335 1764 1407 τήν
1798 1334 2116 1408 παρρησίαν

533 1427 632 1482 τοῦ
675 1430 770 1483 καὶ
808 1430 922 1492 τοῖς
965 1425 1236 1499 μαθηταῖς
1279 1426 1615 1498 ἐπιπλῆξαι·
1649 1426 1746 1481 καὶ
1792 1427 2114 1497 ἐπιτιμᾶται

538 1520 638 1590 μέν
671 1521 700 1574 ό
729 1519 954 1590 Πέτρος,
987 1515 1327 1589 διορθοῦνται
1364 1517 1422 1573 δέ
1453 1519 1505 1572 οἰ
1545 1509 1806 1590 μαθηταί.
1840 1516 2014 1571 Τοῦτο
2057 1516 2116 1570 δέ

534 1612 631 1664 καὶ
657 1611 752 1664 ἐπὶ
769 1609 1233 1680 συναλλαγμάτων
1256 1609 1477 1679 γίνεται¹
1495 1608 1784 1682 βιωτικῶν.
1810 1609 1981 1663 Ὅταν
2005 1608 2117 1681 γάρ

533 1718 678 1765 τινες
710 1701 965 1772 δφείλωσί
995 1718 1117 1755 τινα
1141 1700 1477 1771 ἐλλείμματα
1506 1700 1798 1754 πολιτικῶν
1823 1699 2113 1772 εἰσφορῶν,

534 1790 652 1848 εἶτα
678 1795 727 1847 οἰ
763 1792 1050 1865 μέλλοντες
1084 1793 1283 1857 αὐτοὺς
1315 1794 1588 1856 ἀπαιτεῖν,
1624 1793 1985 1864 αἰσχύνωνται
2021 1793 2116 1847 καὶ

534 1885 828 1957 ἐρυθριῶσι
877 1885 1308 1958 προσενεχθῆναι
1355 1886 1734 1958 σφοδρότερον,
1800 1885 2114 1956 βουλόμενοι

533 1977 753 2029 πλείονα
779 1975 962 2030 λαϐεῖν
985 1977 1240 2050 ἀφορμὴν
1267 1977 1362 2030 καὶ
1385 1977 1633 2041 ἐξουσίαν
1660 1978 1760 2047 τῆς
1788 1980 1908 2032 κατ’
1936 1977 2115 2032 αὐτῶν

532 2065 910 2136 σφοδρότητος,
944 2063 1457 2138 παρασκευάζουσιν
1485 2066 1706 2136 ἐτέρους
1739 2067 1847 2119 τῶν
1876 2083 2115 2137 συστρα-

530 2153 743 2208 τιωτῶν
771 2146 1057 2220 ἀποδῦσαι,
1076 2153 1516 2226 λοιδορήσασθαι,
1543 2154 1712 2226 μυρία
1734 2154 1900 2226 ἐτερα
1928 2156 2115 2219 αὐτοῖς

532 2247 794 2300 διαθεῖναι
825 2246 975 2299 δεινά
1009 2231 1262 2316 ὁρώντων
1301 2245 1557 2307 ἐκείνων,
1595 2244 1682 2298 ἵνα
1725 2245 1929 2298 τούτων
1961 2262 2114 2314 γενο-

531 2337 736 2409 μένων,
786 2336 985 2407 μηκέτι
1011 2338 1142 2407 παρ’
1181 2338 1428 2403 ἑαυτῶν,
1466 2337 1602 2408 μηδὲ
1639 2336 1874 2399 οἴκοθεν,
1907 2335 2021 2388 ἀλλ’
2051 2337 2116 2388 ἐκ

530 2429 633 2500 τῆς
671 2429 874 2500 ἐτέρων
921 2429 1172 2499 ἀνάγκης
1213 2429 1446 2484 δοκῶσιν
1491 2429 1722 2492 ἐκείνοις
1759 2428 2115 2499 σφοδρότερον

532 2521 874 2576 ἐπιτίθεσθαι
893 2538 909 2552 ο
941 2523 1038 2577 καὶ
1064 2521 1272 2592 γίνεται
1301 2525 1334 2594 ή
1366 2522 1568 2593 ἐτέρων
1597 2520 1752 2593 ὕϐρις
1779 2521 1962 2585 aia-col:
1983 2521 2117 2575 ἀπο-

532 2615 689 2683 λογία
721 2614 858 2685 πρὸς
881 2617 1008 2678 τοὺς
1029 2615 1364 2678 ὑπευθύνους
1383 2616 1509 2679 τοὺς
1533 2614 1759 2669 ἑαυτῶν.

608 2703 692 2769 ιζ’.
715 2704 888 2758 Τοῦτο
909 2705 1003 2758 καὶ
1032 2707 1123 2759 ἐπὶ
1150 2705 1364 2759 Παύλου
1396 2705 1490 2759 καὶ
1520 2706 1611 2758 ἐπὶ
1639 2704 1845 2774 Πέτρου
1870 2701 2114 2772 γέγονεν.

539 2796 931 2868 Ὠφειλον-γάρ
963 2815 1083 2851 τινα
1127 2797 1464 2869 ἐλλείμματα
1503 2798 1552 2850 οἱ
1599 2782 1860 2849 Ἰουδαῖοι.
1893 2795 2027 2848 Ποῖα
2054 2794 2118 2865 δὴ

533 2890 740 2956 ταῦτα;
785 2891 859 2944 Τὸ
893 2890 1171 2954 παντελῶς
1229 2889 1534 2960 ἀποστῆναι
1591 2888 1686 2942 τοῦ
1756 2884 2113 2955 Ἰουδαϊσμοῦ.

549 2983 875 3053 Ἀπαιτῆσαι
900 2984 1071 3038 ταῦτα
1103 2983 1171 3036 τὰ
1201 2983 1540 3053 ἐλλείμματα
1573 2981 1930 3052 σφοδρότερον
1956 2978 1986 3029 ό
2015 2976 2119 3029 Πέ-

534 3088 663 3141 τρος
694 3071 966 3137 ἐϐούλετο,
1017 3073 1111 3125 καὶ
1150 3071 1395 3143 καθαρὰν
1430 3068 1829 3143 εἰσπράξασθαι
1867 3069 1999 3139 παρ’
2021 3067 2118 3120 αύ-

533 3159 644 3212 τῶν
677 3159 776 3229 τὴν
819 3160 1025 3213 πίστιν.
1077 3160 1409 3231 Βουλόμενος
1456 3161 1633 3213 τοίνυν
1669 3160 1889 3213 πλείονα
1933 3157 2118 3211 λαϐεῖν

535 3249 786 3316 ἐξουσίαν
819 3250 910 3304 καὶ
943 3251 1195 3323 ἀφορμὴν
1224 3252 1322 3322 τῆς
1345 3250 1600 3321 τοιαύτης
1632 3251 1991 3322 εἰσπράξεως,
2009 3266 2118 3304 πα-

540 3340 870 3412 ρασκευάξει
903 3342 994 3395 τὸν
1020 3341 1232 3394 Παῦλον
1263 3344 1590 3412 ἐπιτιμῆσαι
1631 3340 1748 3412 μεθ’
1791 3340 2120 3412 ὑπερϐολῆς,

539 3431 637 3484 καὶ
675 3426 990 3498 ἐπιπλῆξαι,
1023 3429 1109 3482 ἴνα
1163 3431 1196 3500 ή
1238 3428 1568 3491 ἐπίπλαστος
1618 3429 1935 3500 ἐπιτίμησις
1979 3428 2119 3504 αὕτη

539 3519 753 3572 δικαίαν
792 3518 941 3588 αύτῷ
970 3518 1283 3590 παρρησίας
1311 3520 1430 3572 κατ’
1457 3519 1681 3573 ἐκείνων
1707 3519 1959 3591 ἀφορμὴν
1985 3538 2124 3594 παρ-

540 3609 641 3679 έχῃ
679 3608 772 3662 καὶ
808 3608 1104 3680 πρόφασιν.
1147 3609 1247 3664 Διά
1275 3610 1432 3664 τοῦτο
1480 3613 1575 3663 καὶ
1606 3610 1908 3682 ἀρχόμενός
1962 3629 2118 3682 φησι,

541 3701 700 3756 Κατὰ
732 3703 1059 3770 πρόσωπον
1091 3703 1251 3770 αὐτῷ
1278 3705 1599 3771 ἀντέστην·
1625 3707 1719 3760 καὶ
1745 3707 1977 3761 ἐνταῦθα
2014 3709 2121 3764 πά-

543 3797 647 3858 λιν,
690 3791 879 3848 Εἶπον
908 3793 990 3859 τῷ
1023 3794 1220 3862 Πέτρῳ
1255 3796 1597 3864 ἔμπροσθεν
1627 3796 1885 3852 πάντων.
1928 3800 1989 3852 Εἰ
2023 3801 2122 3872 μέν

541 3885 652 3956 γὰρ
678 3884 769 3938 τὸν
803 3885 1100 3939 ἀπόστολον
1128 3886 1520 3957 διορθώσασθαι
1543 3887 1812 3953 ἐϐούλετο,
1832 3891 1951 3943 κατ’
1987 3893 2123 3946 ἰδίαν

542 3975 608 4031 ἂν
639 3974 797 4028 τοῦτο
818 3976 1094 4045 ἐποίησεν
1125 3974 1310 4046 ἐπειδὴ
1346 3975 1402 4029 δὲ
1433 3977 1494 4028 ού
1526 3976 1683 4030 τοῦτο
1709 3972 1778 4047 ἦν
1801 3977 1863 4029 τὸ
1893 3979 2126 4032 σπουδα-

543 4066 770 4138 ξόμενον
791 4067 929 4139 (ᾔδει
953 4067 1062 4138 γὰρ
1087 4067 1183 4137 τὴν
1203 4066 1447 4137 γνώμην,
1468 4067 1587 4138 μεθ’
1613 4064 1683 4142 ἦς
1710 4068 1925 4122 ἅπαντα
1951 4070 2124 4127 ταῦτα

543 4155 764 4228 ἐποίει),
805 4157 922 4213 ἀλλ’
953 4159 1196 4222 ἐκείνους
1223 4157 1386 4230 μέχρι
1405 4158 1600 4213 πολλοῦ
1625 4159 1962 4229 χωλεύοντας
1992 4179 2124 4234 στη-

547 4247 692 4320 ρίξαι
725 4246 1044 4312 ἐσπούδαζε,
1068 4245 1158 4300 διὰ
1183 4245 1343 4300 τοῦτο
1383 4247 1693 4318 ἔμπροσθεν
1722 4249 1941 4304 πάντων
1975 4250 2122 4325 [576]

544 4341 778 4393 ποιεῖται
799 4338 897 4408 τήν
929 4337 1269 4407 ἐπιτίμησιν.
1312 4338 1370 4390 ὐ
1402 4336 1458 4390 δέ
1486 4338 1690 4410 Πέτρος
1728 4339 1998 4412 ἀνέχεται,
2027 4344 2123 4398 καὶ

545 4429 695 4500 σιγᾷ,
724 4430 819 4483 καὶ
840 4429 941 4482 ούκ
968 4427 1257 4496 ἀντιλέγει.
1281 4427 1433 4500 ᾝδει
1463 4429 1573 4500 γὰρ
1598 4429 1694 4501 τὴν
1723 4430 1965 4502 γνώμην,
2003 4433 2122 4503 μεθ’

543 4513 612 4592 ἧς
642 4523 671 4575 δ
715 4520 927 4584 Παῦλος
970 4519 1227 4590 ἐπετίμαο
1269 4520 1362 4573 καὶ
1387 4519 1448 4573 τὸ
1479 4521 1587 4574 πᾶν
1613 4523 1643 4574 ό
1671 4522 1876 4594 Πέτρος
1909 4523 2121 4598 κατώρο

543 4609 685 4663 θωσε
712 4610 964 4680 σιγήσας.
1014 4609 1077 4662 Ἦ
1123 4609 1234 4680 γὰρ
1286 4609 1474 4664 τούτου
1508 4611 1633 4684 σιγὴ
1668 4611 1983 4668 διδασκαλία
2010 4617 2125 4681 τοῖς

555 4701 830 4765 Ἰουδαίοις
859 4701 1078 4770 ἐγένετο
1099 4700 1191 4755 τοῦ
1212 4702 1410 4772 μηκέτι
1427 4705 1542 4766 τοῖς
1557 4702 1806 4775 νομίμοις
1820 4706 2122 4776 ἐνέχεσθαιι

544 4781 621 4848 ὀύ
645 4794 756 4865 γὰρ
783 4793 850 4847 ἂν
879 4795 908 4845 ὁ
931 4792 1250 4858 διδάσκαλος
1276 4793 1525 4866 ἐσίγησε,
1563 4797 1750 4867 φησιν,
1775 4799 1825 4850 εί
1856 4798 1932 4871 μή
1963 4801 2128 4874 συνῄ-

542 4885 623 4938 δει
649 4882 874 4946 δικαίως
917 4881 1242 4953 ἐπιτιμῶντι
1273 4882 1352 4953 τῷ
1384 4883 1605 4955 Παύλῳ.
1672 4886 1810 4940 ’Δλλ⁹
1862 4890 1912 4944 εἰ
1957 4890 2127 4957 δοκεῖ,

545 4976 643 5030 καὶ
665 4975 838 5044 αὐτῆς
883 4974 981 5045 τῆς
1027 4974 1396 5046 ἐπιτιμήσεως
1440 4975 1785 5048 ἀκούσωμεν.
1809 4975 2001 5034 Εἶπον
2047 4982 2128 5049 τῷ

544 5065 746 5132 Πέτρῳ
773 5062 1014 5117 πάντων
1039 5064 1398 5133 ἔμπροσθεν,
1432 5069 1615 5139 φησιν,
1643 5069 1712 5121 El
1735 5068 1819 5123 σὺ
1853 5069 2128 5140 Ἰουδαῖος

545 5153 854 5223 ὑπάρχων,
887 5152 1131 5221 ἐθνικῶς
1166 5151 1289 5222 ζῇς.
1322 5155 1522 5210 Σκόπει
1567 5156 1803 5213 σύνεσιν·
1844 5161 1944 5217 οὐκ
1971 5158 2127 5218 εἶπεν

545 5245 714 5314 αύτῷ,
749 5245 830 5298 δτι
860 5241 1059 5308 Κακῶς
1090 5247 1262 5309 ποιεῖς
1295 5245 1600 5311 Ἶουδαῖκῶς
1621 5247 1751 5313 ζῶν
1777 5250 1892 5306 ἀλλ’
1913 5253 2127 5329 ἐλέγχει

546 5336 711 5388 αὑτοῦ
767 5335 868 5406 τὴν
933 5333 1203 5406 προτέραν
1241 5336 1608 5410 ἀναστροφὴν,
1650 5339 1737 5394 ἵνα
1792 5337 1867 5415 μὴ
1906 5346 1973 5398 ἐκ
2022 5346 2126 5418 τῆς

545 5426 760 5481 Παύλου
800 5423 1026 5496 γνώμης
1054 5427 1088 5496 ἡ
1117 5426 1444 5498 παραίνεσις
1491 5431 1586 5484 καὶ
1615 5431 1649 5504 ἡ
1679 5433 1976 5509 συμϐουλὴ,
2006 5437 2126 5494 ἀλλ’

545 5523 610 5573 ὲκ
638 5519 738 5588 τῆς
773 5517 980 5605 Πέτρου
1011 5517 1246 5590 κρίσεως
1268 5520 1367 5591 τῆς
1393 5519 1494 5594 ήδη
1525 5525 1896 5598 γεγενημένης
1924 5531 2127 5604 εἰσενη-

543 5609 730 5684 νέχοαι
776 5610 928 5680 δοκῇ.
969 5610 1034 5664 Εἰ
1095 5609 1194 5682 μὲν
1224 5613 1333 5684 γὰρ
1379 5609 1523 5680 εἰπε,
1555 5618 1756 5685 Κακῶς
1785 5623 1957 5685 ποιεῖς
1980 5635 2009 5663 ι
2033 5623 2128 5678 τὸν

543 5701 707 5772 νόμον
732 5698 936 5770 τηρῶν,
969 5700 1315 5774 ἐπετίμησαν
1363 5702 1428 5757 ἂν
1455 5706 1504 5759 οἰ
1542 5708 1780 5780 μαθηταί
1801 5712 1853 5766 οἰ
1892 5713 2122 5786 Πέτρου·

614 5835 637 5861 ³
659 5830 758 5881 Alii
779 5836 831 5881 cl
847 5831 939 5882 7-18
954 5835 1112 5890 καλῶς
1132 5835 1294 5892 ποιεῖς.

1177 418 1238 474 S.
1280 414 1572 473 JOANNIS
1605 414 2096 477 CHRYSOSTOMI

2222 412 2457 468 ιαιιιιςι).
2499 407 3055 467 CONSTANTINOP.

3701 409 3808 463 386

2221 525 2340 579 νυνὶ
2371 525 2428 579 δέ
2463 523 2815 588 ἀκούσαντες,
2834 523 2918 578 ὅτι
2948 523 3010 577 οὐ
3037 523 3136 594 τῆς
3156 521 3372 578 Παύλου
3396 519 3623 594 γνώμης
3645 523 3680 596 ή
3711 538 3820 579 ικα-

2221 606 2464 679 ραίνεσις
2495 602 2567 677 ἦν
2593 607 2688 661 καὶ
2707 608 2742 678 ή
2773 605 3065 677 διόρθωσις
3099 603 3265 676 αῦτη,
3299 604 3414 659 ἀλλ’
3445 605 3608 666 αύτδς
3634 607 3665 659 δ
3704 605 3814 659 Πέ-

2216 707 2346 763 τρος
2369 690 2545 768 οὗτος
2567 689 2688 761 ἔζη,
2714 690 2811 744 καὶ
2839 688 3015 743 ταῦτα
3058 685 3206 760 εἶχεν
3248 690 3308 742 ἐν
3339 690 3408 760 τῇ
3453 687 3602 758 ψυχῇ
3631 687 3701 742 τὰ
3728 688 3816 743 δό-

2217 791 2426 846 γματα,
2454 773 2550 827 καὶ
2569 772 2790 848 ἐκόιςτες
2813 772 2910 827 καὶ
2945 772 3173 835 ἄκοντες
3200 770 3497 843 ἡσύχαζον.
3521 768 3624 824 Διά
3651 769 3817 824 τοῦτο

2217 854 2344 910 οὕτε
2391 854 2602 926 Πέτρος
2651 849 2953 925 εωηγεῖται
2977 853 3075 926 τὴν
3121 853 3370 926 γνώμην,
3393 852 3512 906 ἀλλ’
3555 851 3815 924 ἀνέχεται

2219 940 2352 1015 παρ’
2391 938 2603 1011 ἐτέρου,
2642 937 2737 992 τοῦ
2783 937 3001 993 Παύλου
3064 938 3231 1008 λέγω,
3283 934 3678 1007 διελέγχεσθαι,
3719 938 3818 991 καὶ

2220 1023 2370 1095 σιγᾷ,
2396 1021 2538 1076 ὥστε
2569 1021 2974 1094 εύπαράδεκτον
3007 1020 3264 1091 γενέσθαι
3303 1020 3404 1091 τὴν
3435 1017 3814 1074 διδασκαλίαν.

2295 1106 2385 1177 ιη’.
2407 1100 2538 1159 Ὀὐκ
2573 1103 2821 1158 ἐντεῦθεν
2853 1105 2912 1177 δέ
2947 1103 3106 1176 μόνον
3135 1103 3237 1173 τὴν
3269 1103 3488 1157 σύνεσιν
3514 1101 3659 1157 ἐστιν
3684 1100 3818 1154 ίδεῖν

2217 1185 2313 1242 τοῦ
2334 1187 2572 1251 Παύλου,
2601 1186 2737 1241 ἀλλά
2764 1187 2858 1240 καὶ
2877 1189 2943 1241 ἐκ
2966 1185 3074 1240 τῶν
3099 1183 3227 1257 ἐξῆς
3252 1186 3579 1258 εἰρημένων.
3607 1185 3684 1238 οο
3704 1183 3817 1254 γάρ

2218 1266 2393 1336 εἶπεν,
2422 1268 2486 1323 Εἰ
2511 1270 2576 1323 σὺ
2617 1271 2870 1334 Ἰουδαῖος
2917 1269 3204 1340 ὑπάρχων,
3249 1266 3481 1330 ἐθνικῶς
3504 1266 3658 1338 ἐζης,
3719 1265 3821 1321 καὶ

2217 1354 2320 1408 οὐκ
2361 1350 2693 1417 Ἰουδαϊκῶς,
2728 1351 2843 1406 ἀλλ’
2879 1352 2962 1405 δτι
2986 1351 3129 1419 Ζῇςθ
3160 1350 3302 1404 ὥστε
3330 1351 3428 1403 καὶ
3451 1348 3549 1403 νῦν
3580 1349 3683 1420 τὴν
3713 1347 3821 1402 αύο

2217 1436 2317 1510 τήν
2339 1435 2567 1507 γνώμην
2595 1434 2762 1506 ἔχειςο
2789 1435 2887 1489 καὶ
2917 1433 2979 1488 τὸ
3010 1432 3212 1505 πολλῆς
3233 1432 3404 1504 γέμον
3442 1429 3820 1495 συνέσεως.τδ

2203 1512 2561 1590 ᾕαγόμενόν
2593 1520 2762 1573 ἐστιν.
2788 1515 2978 1572 Εἰπὼν
3008 1516 3139 1587 γάρ,
3178 1513 3460 1581 Ἑθνικῶς
3489 1512 3620 1583 τῆς,
3662 1514 3820 1569 ἰου-

2216 1600 2385 1668 δαῖος
2405 1600 2510 1667 ὢν,
2547 1603 2648 1655 οὐκ
2671 1602 2940 1672 ἐπήγαγε·
2974 1599 3039 1653 Τί
3076 1599 3205 1662 τοὺς
3244 1597 3536 1660 Ἰουδαίους
3563 1595 3819 1664 ἀναγκά-

2217 1684 2334 1748 ζεις
2369 1683 2675 1748 ἰουδαΐζειν,
2699 1682 2836 1737 ἀλλὰ
2853 1681 3003 1748 πῶς;
3033 1682 3096 1736 Τί
3122 1681 3198 1736 τὰ
3223 1681 3393 1748 εθνη,
3417 1678 3610 1749 φησὶν,
3637 1679 3821 1748 dra:-

2218 1766 2414 1833 καζεις
2435 1764 2768 1832 ἰουδαΐζειν,
2802 1766 2890 1820 ῖνα
2910 1763 2987 1836 τῷ
3015 1765 3195 1819 δοκεῖν
3209 1762 3320 1818 τῶν
3345 1761 3491 1816 ίδίων
3519 1763 3820 1817 ἀντιποιεῖ-

2221 1849 2344 1903 σθαι
2385 1848 2664 1920 μαθητῶν,
2693 1849 2788 1902 καὶ
2815 1849 3166 1920 προσχήματι
3199 1849 3302 1918 τῆς
3331 1845 3474 1916 ὑπὲρ
3497 1843 3610 1898 τῶν
3643 1842 3819 1898 ἐθνῶν

2219 1931 2568 2003 κηδεμονίας,
2621 1932 2788 2005 πείσῃ
2831 1933 2960 1994 τοὺς
3018 1929 3309 1993 Ἰουδαίους
3349 1926 3665 1996 ἀποστῆναι
3693 1925 3819 1996 ’τῆς

2220 2015 2457 2078 παλαιᾶς
2511 2014 2819 2086 συνηθείας.
2857 2015 2981 2067 Ὀτι
3010 2013 3119 2085 γὰρ
3172 2011 3484 2066 πέπλασται
3513 2009 3585 2063 τὰ
3613 2007 3820 2081 ἐγκλή-

2222 2116 2388 2168 ματα,
2423 2098 2482 2166 ἐξ
2503 2098 2679 2152 αὐτῶν
2714 2097 2824 2152 τῶν
2850 2097 3159 2168 εἰρημένων
3184 2094 3364 2166 δῆλον.
3401 2091 3690 2165 Ἀνωτέρω
3707 2091 3820 2162 γὰρ

2218 2181 2409 2248 εἰπὼν,
2461 2182 2955 2250 Συναπήχθησαν
3001 2177 3162 2245 αὑτῷ
3191 2178 3290 2232 καί
3332 2180 3387 2233 οἰ
3433 2175 3639 2231 λοιποὶ
3677 2175 3820 2228 ἰου-

2219 2263 2394 2328 δαῖοι,
2435 2265 2670 2317 ἐνταῦθα
2698 2264 2869 2333 λέγει·
2913 2263 2989 2321 ,Τί
3015 2263 3088 2317 τὰ
3119 2260 3266 2329 ἔθνη
3310 2257 3667 2329 ἀναγκάζεις
3697 2256 3821 2310 ιον-

2218 2347 2435 2409 δατζειν
2455 2366 2476 2413 ;
2510 2349 2620 2402 Καὶ
2652 2346 2758 2417 μὴν
2798 2345 2968 2417 ἐχρῆν
3013 2345 3212 2409 εἰπεῖν,
3247 2343 3313 2396 Τί
3353 2342 3480 2405 τοὺς
3523 2338 3821 2402 Ἰουδαίους

2219 2430 2549 2499 ἀναγκάζεις
2591 2430 2915 2495 ἰουδαΐζειν;
2972 2430 3038 2483 οι
3062 2427 3173 2500 γὰρ
3215 2425 3682 2496 συναπαχθέντες,
3719 2422 3821 2494 οὐχ

2219 2515 2267 2566 οἰ
2299 2514 2357 2580 ἐξ
2393 2513 2563 2568 ἐθνῶν
2595 2509 2757 2585 ἦσαν,
2791 2512 2907 2566 ἀλλ⁹
2949 2509 3396 2566 Ἰουδαῖοι.-Ἆλλ’
3436 2510 3487 2561 εἰ
3530 2508 3631 2577 μέν
3661 2505 3822 2559 τοῦτο

2219 2591 2392 2658 εἶπεν,
2421 2595 2597 2663 ἔδοξεν
2624 2596 2690 2649 ἂν
2706 2595 2736 2647 ὁ
2758 2595 2918 2664 λόγος
2959 2595 3162 2665 τραχὺς
3188 2587 3350 2656 εῐναι,
3375 2591 3471 2644 καὶ
3488 2589 3643 2644 ούδέν
3665 2586 3822 2660 αὐτῷ

2221 2681 2531 2750 προσήκων·
2568 2677 2676 2731 τῶν
2706 2677 2815 2750 γὰρ
2856 2677 3027 2731 ἐθνῶν
3060 2674 3380 2738 διδάσκαλος
3407 2669 3502 2743 ἦν·
3536 2673 3634 2726 νῦν
3673 2671 3731 2726 δέ
3762 2671 3822 2726 ἐν

2221 2764 2566 2834 προσχήματι
2597 2760 2926 2831 κηδεμονίας
2962 2759 3071 2813 τῶν
3109 2758 3254 2812 ἰδίων
3286 2755 3547 2829 μαθητῶν
3587 2753 3822 2809 ἀνεύθυ-

2220 2863 2309 2899 νον
2339 2846 2434 2898 καὶ
2458 2843 2750 2914 ἐλευθέραν
2793 2844 3028 2896 ποιεῖται
3055 2842 3156 2913 τὴν
3192 2840 3537 2910 ἐπιτίμησιν·
3588 2838 3688 2892 καὶ
3733 2837 3821 2891 [va

2223 2927 2455 2998 μάθητε,
2489 2927 2570 2980 ὅτι
2597 2927 2699 2979 ούκ
2726 2926 3042 2996 ἐπιτίμησις
3062 2919 3132 2995 ἣν
3156 2923 3302 2978 κατά
3334 2921 3544 2992 Πέτρου
3566 2921 3638 2976 τά
3665 2917 3820 2989 λεγό-

2224 3027 2380 3080 μενα,
2417 3010 2553 3064 ἀλλά
2576 3009 2902 3082 παραίνεσις
2919 3010 3014 3062 καὶ
3039 3006 3360 3062 διδασκαλία
3383 3007 3497 3068 τοῖς
3544 3001 3821 3066 Ἰουδαίοις

2221 3096 2280 3146 ἐν
2309 3091 2460 3159 τάξει
2485 3094 2586 3165 τῆς
2619 3094 2995 3164 ἐπιτιμήσεως
3021 3093 3121 3162 τῆς
3153 3089 3297 3145 κατά
3338 3087 3822 3160 Πέτρου,ἀκουσσν

2221 3178 2329 3231 τῶν
2350 3178 2493 3248 ἑξῆς·
2527 3178 2722 3245 Ἡμεῖς
2742 3177 2925 3246 φύσει
2947 3173 3242 3239 Ἰουδαῖοι,
3259 3173 3358 3226 καί
3385 3174 3498 3226 οὐκ
3529 3171 3601 3236 ἐξ
3627 3168 3823 3227 ἐθνῶν

2222 3262 2558 3330 ἁμαρτωλοί
2565 3300 2578 3313 .
2611 3259 2798 3314 Ταῦτα
2818 3261 2925 3330 γάρ
2956 3257 3140 3311 λοιπὸν
3170 3254 3517 3318 διδάσκοντός
3549 3255 3692 3318 ἐστι,
3728 3251 3822 3305 καὶ

2224 3344 2325 3397 οὐκ
2358 3343 2436 3396 ἐτι
2474 3345 2554 3406 εἰς
2589 3343 2797 3411 Πέτρον
2833 3342 2893 3395 τὸ
2923 3341 3030 3393 πᾶν
3068 3339 3439 3411 περιίστησιν,
3482 3336 3622 3391 ἀλλά
3653 3336 3827 3390 κοινοῖ

2224 3428 2316 3481 τὸν
2344 3427 2522 3496 λόγον.
2554 3426 2620 3480 Εἰ
2653 3425 2750 3495 μὲν
2776 3425 2885 3496 γὰρ
2912 3423 2987 3486 ὼς
3019 3422 3287 3476 διδάσκων
3307 3421 3367 3487 ἐξ
3387 3421 3565 3493 ἀρχῆς
3597 3417 3816 3473 εἰσέϐα-

2225 3511 2348 3574 λεντ
2371 3513 2468 3563 ούκ
2497 3509 2563 3563 ἂν
2587 3509 2875 3578 ἠνέσχοντο
2912 3505 3171 3560 Ἰουδαῖοι·
3201 3505 3297 3560 νῦν
3328 3505 3384 3559 δέ
3413 3505 3517 3575 τὴν
3556 3504 3736 3576 ἀρχὴν
3762 3502 3822 3569 ἐξ

2226 3594 2594 3664 ἐπιτιμήσεως
2620 3589 2820 3654 λαϐὼν,
2838 3589 2935 3643 καὶ
2957 3589 3116 3654 δόξας
3145 3588 3362 3643 δικαίαν
3387 3588 3664 3642 ποιεῖσθαι
3679 3587 3822 3642 κατά

2224 3674 2318 3730 τοῦ
2354 3676 2562 3738 Πέτρου
2580 3672 2678 3744 τὴν
2707 3673 3046 3744 ἐπιτίμησιν,
3070 3671 3147 3734 ὡς
3182 3671 3310 3734 τοὺς
3339 3671 3396 3737 ἐξ
3431 3669 3605 3724 ἐθνῶν
3636 3669 3822 3723 ἕλκον-

2225 3775 2314 3821 τος
2345 3757 2480 3829 πρὸς
2516 3758 2615 3826 τὴν
2659 3755 2766 3808 τῶν
2817 3755 3064 3826 νομίμων
3115 3754 3524 3825 παρατήρησιν,
3576 3751 3822 3806 ἐκϐαίνει

2225 3841 2408 3895 λοιπὸν
2439 3840 2611 3904 ἀδεῶς
2638 3839 2791 3911 [577]
2819 3841 2899 3902 εἰς
2916 3838 3237 3907 παραίνεσιν
3265 3839 3360 3891 καὶ
3386 3836 3723 3908 συμϐουλὴν,
3745 3835 3820 3900 ὡς

2224 3925 2325 3994 τῆς
2367 3924 2685 3988 ἀκολουθίας
2717 3923 2809 3975 ἐπὶ
2853 3921 3013 3975 τοῦτο
3045 3920 3285 3991 ἀγούσης
3336 3920 3519 3974 αὐτόν.
3562 3921 3685 3973 Ἵνα
3713 3919 3822 3991 γάρ

2231 4011 2303 4080 μή
2331 4025 2414 4071 τις
2446 4007 2705 4069 ἀκούσας,
2723 4007 2804 4058 ὅτι
2836 4004 2916 4058 Τὰ
2942 4006 3088 4071 ἔθνη
3110 4001 3464 4073 ἀναγκάζεις
3480 4001 3820 4065 ἰουδαΐζειν,

2227 4090 2424 4160 νομίσῃ
2447 4091 2527 4142 ὅτι
2579 4089 2758 4159 μόνοις
2812 4087 3044 4149 ἐκείνοις
3091 4086 3193 4140 ούκ
3241 4085 3452 4150 ἔξεστιν
3506 4085 3819 4151 ἰουδαΐζειν,

2225 4177 2340 4238 τοῖς
2370 4173 2426 4227 δὲ
2455 4172 2732 4235 Ἰουδαίοις
2745 4174 2975 4241 ἐφεῖται,
3001 4172 3081 4233 εἰς
3103 4170 3302 4232 αὐτοὺς
3317 4169 3446 4232 τοὺς
3459 4168 3820 4231 διδασκάλους

2227 4257 2316 4311 τὸν
2345 4257 2502 4325 λόγον
2533 4256 2867 4326 περιίστησι.
2902 4252 2968 4306 Τί
2992 4251 3156 4320 λέγω,
3190 4254 3357 4321 φησί,
3388 4252 3518 4323 περί
3553 4251 3752 4313 ἐθνῶν,
3785 4251 3819 4322 ἢ

2225 4341 2335 4395 τῶν
2358 4339 2558 4394 λοιπῶν
2592 4337 2894 4402 Ἰουδαίων;
2929 4334 3088 4389 Ἀλλὰ
3109 4336 3205 4389 καὶ
3223 4337 3385 4407 ἡμεῖς
3413 4337 3462 4387 οἰ
3482 4335 3818 4401 διδάσκαλοι,

2229 4425 2387 4495 ήμεῖς
2418 4424 2469 4477 οἰ
2507 4419 2818 4476 ἀπόστολοι.
2844 4418 2957 4474 Καὶ
2986 4419 3047 4472 ού
3079 4417 3240 4472 τοῦτο
3270 4417 3419 4487 λέγει
3457 4418 3621 4489 μόνον
3645 4418 3710 4471 τὸ
3745 4418 3822 4470 δι-

2228 4509 2470 4579 καίωμα,
2495 4506 2577 4559 ὅτι
2604 4507 2666 4561 οε
2687 4502 2995 4558 διδάσκαλοι
3017 4503 3112 4556 καὶ
3139 4504 3192 4555 οἰ
3229 4499 3540 4565 ἀπόστολοι,
3569 4500 3688 4555 ἀλλ’
3733 4501 3819 4553 δτι

2225 4588 2331 4642 Καὶ
2354 4591 2401 4645 οἰ
2424 4589 2488 4642 ἐκ
2517 4586 2796 4658 προγόνων
2834 4586 3073 4640 Ἰουδαῖοι
3096 4585 3352 4650 καθάπαξ
3381 4584 3701 4655 ἀπέστημεν
3725 4581 3819 4636 τοῦ

2228 4670 2412 4742 νόμου.
2437 4670 2603 4724 Ποίαν
2632 4664 2727 4723 οῦν
2748 4669 2946 4742 ἐχομεν
2967 4668 3286 4734 ἀπολογίαν,
3308 4667 3529 4739 ἐτέρους
3551 4669 3634 4730 εἰς
3660 4665 3821 4720 τοῦτο

2227 4755 2514 4819 ῑλκοντεςς
2569 4752 2734 4824 Ὁρᾷ-ς
2786 4753 2905 4815 πῶς
2957 4752 3329 4813 λανθανόντως
3382 4751 3492 4804 τῶν
3547 4748 3821 4804 Ἰουδαίων

2229 4835 2587 4900 καθάπτεται,
2637 4833 2734 4887 καὶ
2784 4833 2886 4907 τὴν
2913 4832 3257 4889 διδασκαλίαν
3301 4831 3612 4904 συντίθησιν
3638 4834 3820 4906 ἀπηρ-

2229 4917 2524 4992 τισμένηνς
2558 4913 2745 4970 Εἰπὼν
2779 4916 2910 4988 γὰρ,
2945 4916 3136 4988 Ἡμεῖς
3173 4916 3358 4986 φύσει
3384 4915 3684 4978 Ἰουδαῖοι,
3720 4915 3821 4969 τιαέ

2229 5003 2340 5057 οὐκ
2371 5001 2441 5066 ἐξ
2468 4998 2660 5055 ἐθνῶν
2690 5000 3046 5070 ἁμαρτωλοί·
3093 5001 3186 5053 καὶ
3219 5000 3400 5054 αἰτίαν
3430 4999 3644 5072 τίθησιν
3665 4998 3820 5052 εῦλο-

2228 5100 2344 5155 γον,
2373 5082 2442 5140 δι’
2467 5085 2534 5154 ἢν
2571 5082 2891 5152 ἀπέστησαν
2915 5081 3009 5136 τοῦ
3049 5081 3406 5152 Ἰουδαῖσμοῦ·
3434 5081 3680 5148 Ειδότες
3727 5081 3818 5136 ὅτι

2228 5170 2302 5224 οὐ
2340 5167 2677 5223 δικαιοῦται
2726 5165 3040 5235 ἄνθρωπος
3065 5165 3134 5229 ἐξ
3162 5165 3356 5234 ἔργων
3386 5166 3600 5234 νόμου,
3650 5168 3706 5220 εἰ
3729 5164 3818 5236 μὴ

2228 5249 2328 5305 διὰ
2354 5250 2615 5313 πίστεως
2666 5246 2871 5316 Ἰησοῦ
2895 5247 3184 5315 Χριστοῦο⁴
3207 5247 3305 5300 καί
3339 5246 3514 5316 ἡμεῖς
3550 5250 3639 5315 εἰς
3683 5250 3821 5317 Χρι-

2227 5333 2382 5388 στὸν
2420 5331 2666 5400 Ἰησοῦν
2694 5330 3162 5398 ἐπιστεύσαμεν,
3185 5330 3286 5384 ἵνα
3326 5329 3733 5400 δικαιωθῶμεν
3748 5333 3818 5387 ἐκ

2228 5419 2486 5480 πίστεως
2528 5413 2811 5484 Χριστοῦ,
2843 5414 2941 5468 καί
2969 5416 3082 5467 οὐκ
3112 5413 3181 5478 ἐξ
3199 5413 3390 5483 ἔργων
3419 5417 3628 5484 νόμουο
3662 5415 3818 5470 διότι

2226 5501 2299 5556 οὐ
2325 5498 2654 5554 δικαιοῦται
2675 5495 2984 5564 ἄνθρωπος
3000 5494 3068 5560 ἐξ
3099 5495 3288 5567 ἔργων
3312 5497 3523 5566 νόμου,
3545 5500 3596 5550 εἰ
3617 5498 3699 5566 μὴ
3718 5497 3818 5553 διά

2226 5582 2488 5647 πίστεως
2524 5579 2723 5649 Ἰησοῦ
2753 5579 3031 5646 Χριστοῦ.

2302 5663 2391 5721 ιϐ’.
2424 5665 2587 5738 Ὁρᾷς
2607 5662 2724 5728 πῶς
2749 5661 2987 5734 συνεχῶς
3009 5665 3219 5737 καὶτῆς
3237 5663 3518 5729 ἀσθενείας
3536 5664 3632 5718 τοῦ
3649 5665 3814 5735 νόμον

2232 5750 2582 5827 μνημονεύει,
2633 5750 2724 5803 καὶ
2759 5748 2859 5819 τῆς
2890 5749 3030 5803 κατὰ
3061 5752 3160 5822 τῂν
3199 5752 3381 5805 πίστιν
3433 5750 3805 5822 δικαιοσύνηςς

2234 5842 2345 5902 Καὶ
2382 5838 2598 5904 πυκνῶς
2633 5838 2850 5910 στρέφει
2869 5835 2936 5891 τὰ
2956 5837 3213 5909 ὀνόματα,
3243 5841 3379 5909 ὅπερ
3401 5840 3499 5894 οὐκ
3531 5839 3678 5896 ἔστιν
3704 5843 3815 5897 ἐπι-
