4074 6414
307 448 415 505 385

301 571 432 617 ante
479 564 705 630 patrata,
733 550 1055 625 pradicant
1077 587 1093 615 ,
1121 542 1396 613 discipulis
1424 538 1539 595 suis
1590 534 1901 630 scandalum

308 626 591 708 attulisset.
633 647 840 702 Rursus
869 642 918 699 si
963 641 1102 696 hanc
1128 636 1196 693 ad
1224 635 1344 691 illos
1376 630 1579 689 Paulus
1600 626 1904 686 orationem

305 744 621 806 direxisset,
654 750 989 809 nequaquam
1032 728 1457 802 acquievissent,
1504 737 1681 795 neque
1719 719 1907 777 audire

305 835 626 907 potuissent.
668 829 802 886 Nam
828 827 919 899 qui
946 824 1183 895 alioquin
1207 820 1436 876 oderant
1460 816 1643 907 illum,
1673 822 1729 869 et
1750 827 1912 907 aver-

304 905 563 981 sabantur
586 921 657 977 ob
686 919 912 976 similem
941 927 1188 986 sparsum
1216 923 1507 974 rumorem,
1531 905 1905 975 multomagis,

308 1016 352 1072 si
382 1016 547 1070 etiam
595 1014 695 1069 ista
744 1010 1115 1067 consulentem
1154 1002 1449 1067 audissent,
1504 1000 1662 1071 plane
1711 996 1910 1052 abhor-

303 1106 560 1164 ruissent.
600 1102 738 1172 Quid
767 1114 897 1171 ergo
924 1096 1121 1152 factum
1146 1092 1267 1150 est?
1293 1090 1511 1147 Judazos
1537 1088 1779 1160 quidem,
1812 1086 1905 1158 qui

304 1204 461 1251 erant
487 1210 517 1249 a
538 1193 758 1255 Jacobo,
783 1190 959 1245 nullus
987 1188 1199 1242 illorum
1230 1178 1565 1252 increpabat,
1598 1176 1694 1234 sed
1724 1178 1904 1232 incre-

305 1287 576 1357 pationetn
604 1282 805 1353 excipit
833 1280 1021 1336 Petrus
1040 1291 1073 1332 a
1097 1274 1264 1332 Paulo
1288 1270 1671 1342 reprehensus,
1697 1276 1757 1324 ut
1781 1282 1903 1322 cum

300 1395 332 1434 a
354 1374 663 1447 coapostolo
690 1366 1155 1432 correctnsfuerit,
1177 1366 1319 1436 justa
1341 1377 1463 1419 cum
1492 1360 1685 1417 ﬁducia
1712 1358 1907 1415 deinde

304 1468 475 1538 possit
500 1462 796 1535 discipulos
822 1460 1109 1531 objurgare
1133 1474 1149 1513 :
1175 1465 1233 1512 et
1273 1453 1517 1527 arguitur
1557 1451 1775 1525 quidem
1801 1449 1907 1507 Po-

302 1545 436 1623 t'rus,
467 1556 806 1625 corriguntur
825 1558 1005 1605 autem
1027 1544 1294 1617 discipuli.
1334 1542 1450 1600 iioc
1481 1543 1645 1599 etiam
1672 1541 1727 1597 in
1769 1554 1907 1597 eoae

302 1648 565 1705 tractihus
614 1645 675 1701 iit
715 1639 1084 1699 sacularibus.
1125 1636 1261 1693 Nam
1309 1636 1356 1692 si
1398 1633 1619 1706 quando
1660 1630 1906 1687 nonnulli

298 1740 538 1796 civilium
568 1738 887 1793 tributorum
910 1730 1115 1801 reliqua
1142 1729 1393 1793 debeant,
1418 1720 1482 1783 ac
1502 1723 1701 1783 deinde
1723 1722 1797 1779 illi
1812 1722 1906 1793 qui

298 1830 539 1888 exacturi
570 1834 697 1884 sunt
736 1826 853 1892 illa,
882 1838 994 1881 non
1026 1821 1293 1888 audeant,
1325 1819 1422 1879 sed
1451 1818 1773 1876 erubescant
1814 1830 1908 1872 ve-

302 1923 604 1980 hementius
617 1921 736 1976 illos
756 1932 966 1990 urgere,
984 1925 1045 1972 ut
1056 1915 1315 1987 majorem
1330 1919 1547 1985 captent
1564 1909 1905 1967 occasionem

298 2031 364 2071 ac
384 2014 690 2070 facultatem
721 2011 826 2067 illis
853 2009 1224 2066 vehementius
1265 2002 1529 2070 instandi,
1573 2018 1605 2059 a
1634 2004 1906 2061 commili-

298 2105 517 2162 tonibus
544 2102 762 2174 spoliari
787 2117 847 2157 se
870 2110 1085 2167 curant,
1125 2106 1181 2155 et
1224 2095 1487 2153 conviciis
1527 2094 1693 2162 affici,
1740 2104 1903 2166 atque

298 2199 421 2254 aliis
448 2194 745 2252 innumeris
768 2193 949 2248 vexari
990 2190 1148 2246 malis
1175 2191 1228 2245 in
1251 2197 1545 2259 conspectu
1573 2187 1815 2255 illorum,
1845 2197 1907 2244 ut

299 2287 428 2342 dum
455 2287 554 2341 ista
586 2285 741 2352 fiunt,
764 2296 1102 2353 nequaquam
1128 2297 1196 2337 ex
1223 2295 1303 2347 se,
1322 2288 1416 2335 aut
1443 2293 1540 2335 sua
1566 2288 1780 2351 sponte,
1808 2281 1902 2337 sed

297 2378 544 2447 imposita
566 2390 597 2430 a
624 2375 836 2430 caeteris
862 2371 1183 2429 necessitate
1204 2370 1489 2425 videantur
1516 2368 1639 2425 illos
1667 2384 1860 2441 urgere
1884 2387 1901 2426 :

295 2478 351 2523 et
378 2468 519 2521 illata
546 2483 575 2520 a
601 2466 813 2520 exteris
840 2464 1165 2519 contumelia
1194 2461 1334 2533 apud
1377 2461 1516 2517 alios
1564 2461 1696 2533 ipsis
1736 2462 1905 2518 obno-

294 2561 418 2617 xios
445 2558 811 2616 excusationis
834 2572 1020 2613 ansam
1043 2555 1367 2626 suppeditat.

370 2654 457 2709 Π.
498 2651 603 2708 Cur
625 2669 679 2706 se
716 2651 867 2721 argui
900 2650 1114 2703 uoluerit
1157 2648 1383 2712 Petrus;
1412 2647 1707 2703 simulatam
1735 2649 1902 2719 fuisse

296 2744 734 2813 reprehensionum
748 2741 995 2814 ostendit.
1034 2770 1108 2781 —
1148 2739 1259 2795 Hoc
1292 2747 1347 2794 et
1378 2739 1430 2794 in
1459 2738 1627 2794 Paulo
1655 2754 1717 2793 ac
1742 2738 1903 2795 Petro

294 2836 511 2893 accidit.
572 2834 849 2889 Debebant
914 2834 1059 2888 enim
1134 2832 1339 2902 reliqua
1391 2831 1647 2886 nonnulla
1707 2830 1898 2887 Judaei.

296 2930 554 2997 Quantam
584 2927 671 2982 illa
703 2924 904 2997 porro?
929 2924 1191 2979 Nimirum
1233 2933 1285 2977 ut
1316 2937 1346 2976 a
1380 2920 1659 2977 Judaismo
1690 2922 1903 2992 penitus

295 3021 646 3076 abstinerent.
686 3017 815 3073 llzec
841 3016 1043 3086 reliqua
1070 3014 1259 3070 Petrus
1282 3013 1633 3069 vehementer
1659 3022 1903 3083 repetere

296 3110 567 3181 cupiebat,
596 3118 651 3163 et
680 3122 868 3177 puram
896 3106 964 3162 ab
991 3106 1097 3161 illis
1125 3105 1283 3159 fidem
1306 3104 1545 3175 exigere.
1584 3103 1719 3159 Cum
1742 3104 1905 3176 igitur

299 3202 557 3273 majorem
582 3200 891 3255 facultatem
918 3206 973 3252 et
1001 3196 1339 3252 occasionem
1360 3194 1652 3249 exactionis
1669 3194 1904 3265 ejusmo-

297 3292 352 3346 di
379 3291 611 3346 nancisci
635 3290 815 3355 vellet,
840 3303 870 3341 a
898 3286 1064 3342 Paulo
1092 3300 1153 3341 se
1178 3285 1531 3340 vehementer
1558 3284 1819 3354 increpari
1849 3292 1905 3340 et

297 3383 569 3453 ohjurgari
596 3381 823 3447 curavit,
857 3378 1051 3434 uthac
1084 3377 1332 3432 simulata
1378 3376 1673 3446 increpatio
1701 3375 1903 3445 justam

300 3474 399 3543 ipsi
430 3473 687 3527 adversus
731 3471 850 3526 illos
876 3484 1066 3525 ansam
1108 3477 1165 3525 et
1216 3468 1557 3524 occasionem
1613 3467 1903 3539 prabet-et.

301 3565 506 3621 Idcirco
526 3564 685 3619 etiam
714 3562 767 3617 in
798 3562 915 3632 ipso
932 3561 1106 3627 initio,
1130 3558 1199 3614 In
1223 3559 1425 3629 radens,
1455 3559 1661 3629 inquit,
1693 3560 1794 3630 ipsi
1817 3576 1907 3616 rs-

310 3657 436 3721 stili,
466 3666 519 3713 et
547 3656 635 3711 hic
660 3670 868 3721 rursus,
900 3653 1023 3708 Dici
1046 3650 1203 3707 Petro
1229 3668 1400 3706 coram
1424 3652 1674 3707 omnibus.
1694 3650 1829 3707 Nam
1858 3654 1905 3709 si

301 3749 518 3822 quidem
539 3748 756 3804 Petrum
784 3746 1058 3817 corrigere
1082 3744 1340 3800 voluisset
1366 3785 1380 3805 .
1414 3742 1660 3814 privatim
1688 3743 1742 3798 id
1764 3744 1907 3815 egis-

301 3848 406 3904 set,
438 3838 534 3894 sed
558 3837 809 3910 quoniam
838 3850 944 3890 non
992 3833 1045 3889 id
1071 3841 1207 3899 erat,
1234 3832 1375 3904 quod
1404 3832 1645 3889 studiose
1687 3842 1910 3903 expete-

304 3929 397 3984 bat
424 3929 669 3999 (noverat
692 3927 837 3983 enim
858 3941 961 3995 qua
983 3932 1164 3979 mente
1186 3932 1378 3979 cuncta
1409 3922 1498 3977 illa
1519 3922 1771 3993 faceret),
1805 3924 1903 3979 sed

304 4036 421 4088 eos,
452 4021 544 4093 qui
570 4021 661 4076 diu
686 4018 1141 4083 elaudicaverant,
1173 4016 1416 4073 stabilire
1441 4017 1713 4089 cupiebat,
1737 4016 1906 4073 idcir-

305 4130 373 4171 co
400 4114 453 4169 in
482 4122 771 4185 conspectu
812 4110 1053 4167 omnium
1088 4108 1309 4165 adhibet
1354 4110 1793 4179 increpationem.
1837 4111 1909 4165 At

306 4206 499 4263 Petrus
528 4204 776 4269 sustinet,
810 4212 865 4258 et
918 4210 1079 4265 tacet,
1102 4216 1280 4272 neque
1325 4201 1661 4257 contradicit.
1690 4200 1909 4257 Sciebat

304 4296 503 4368 quippe
531 4311 638 4367 quo
666 4296 849 4350 animo
878 4292 1075 4349 Paulus
1104 4292 1429 4361 increparet,
1447 4302 1500 4346 et
1527 4300 1696 4351 totum
1716 4291 1907 4347 Petrus

306 4387 534 4444 tacendo
576 4386 905 4459 perﬁciebat.
946 4384 1076 4454 Ejus
1121 4383 1324 4455 quippe
1368 4384 1638 4438 silentium
1692 4383 1907 4440 Judteos

304 4479 535 4534 docebat
563 4492 670 4532 non
709 4476 941 4547 amplius
977 4476 1109 4546 legis
1136 4475 1329 4529 ritibus
1358 4474 1741 4530 adhurendum
1763 4480 1906 4531 esse.

305 4568 494 4641 Neque
519 4568 661 4623 enim
688 4568 942 4637 magister
970 4567 1081 4636 ipse
1105 4565 1393 4631 tacuisset,
1420 4565 1730 4636 inquiebant
1751 4607 1767 4635 ,
1804 4566 1908 4621 nisi

307 4660 406 4715 sibi
419 4660 667 4715 conscius
693 4666 855 4723 esset,
881 4659 1076 4713 merito
1100 4671 1159 4711 se
1180 4672 1209 4710 a
1237 4656 1404 4711 Paulo
1427 4657 1589 4713 fuisse
1611 4660 1907 4728 reprehen-

307 4768 450 4820 sum.
480 4751 609 4818 Sed,
629 4752 672 4806 si
692 4752 885 4821 placet,
912 4752 1082 4821 ipsam
1100 4750 1576 4820 reprehensionem
1597 4751 1902 4807 audiamus.

308 4844 434 4900 Dixi
465 4842 621 4898 Petro
641 4858 810 4898 coram
841 4844 1072 4895 omnibus
1091 4882 1105 4902 .
1139 4840 1329 4911 inquit,
1360 4839 1422 4895 Si
1452 4850 1535 4905 tu,
1559 4858 1673 4895 cum
1691 4840 1909 4899 Judteus

306 4940 399 5006 sis,
443 4935 693 5009 gentiliter
734 4934 875 4987 rivis.
927 4931 1304 4987 Animadverte
1350 4931 1685 5003 prudentiam
1736 4950 1751 4987 :
1801 4950 1907 4989 non

312 5029 446 5083 tlixit
470 5028 540 5082 illi
567 5045 581 5083 :
608 5024 743 5081 Male
770 5024 905 5094 agis,
930 5022 1056 5077 dum
1098 5021 1312 5093 judaice
1336 5022 1471 5077 vivis
1504 5041 1518 5077 :
1542 5023 1635 5079 sed
1675 5025 1907 5094 priorem

308 5122 428 5190 ejus
465 5119 638 5189 arguit
663 5116 1144 5180 conversationem,
1181 5124 1239 5170 ut
1282 5132 1389 5169 non
1416 5116 1527 5185 jam
1551 5132 1615 5172 ex
1644 5120 1907 5173 sententia

310 5207 463 5270 Pauli
504 5206 797 5263 admonitio
847 5218 902 5261 et
948 5205 1257 5270 consilium,
1292 5206 1386 5260 sed
1416 5222 1483 5261 ex
1513 5207 1654 5261 Petri
1703 5208 1909 5278 judicio

307 5304 419 5373 jam
447 5313 700 5367 expresso
739 5297 985 5353 videatur
1025 5296 1230 5352 inferri.
1275 5296 1407 5353 Nam
1432 5300 1476 5353 si
1506 5299 1721 5368 quidem
1743 5302 1909 5355 dixis-

311 5401 417 5454 set,
447 5388 581 5443 Male
599 5387 713 5457 agis
739 5388 778 5455 ί,
798 5386 924 5443 dum
944 5387 1116 5458 legem
1134 5387 1412 5455 observas,
1434 5388 1908 5459 reprehendissent

314 5482 457 5539 Petrt
478 5478 724 5549 discipuli
752 5494 768 5533 :
792 5478 903 5548 jam
935 5493 1062 5533 vero
1106 5493 1228 5532 eum
1272 5478 1515 5546 audiunt,
1546 5495 1652 5534 non
1692 5496 1814 5537 esse
1844 5500 1907 5539 ex

314 5582 493 5629 mente
522 5570 677 5627 Pauli
722 5569 1140 5625 admonitionem
1194 5570 1357 5637 illam,
1386 5571 1469 5625 vel
1496 5574 1907 5644 correctionem,

312 5665 408 5724 sed
436 5666 607 5735 ipsum
636 5663 853 5719 Petrum
878 5662 947 5718 ita
974 5664 1153 5717 vivere
1181 5663 1415 5726 solitum,
1442 5674 1496 5719 et
1522 5662 1639 5719 htec
1660 5665 1909 5737 dogmata

308 5757 367 5811 in
392 5757 574 5810 auinw
604 5755 875 5824 habuisse,
909 5754 1105 5810 vellent
1136 5754 1332 5808 nollent
1359 5795 1375 5821 ,
1400 5754 1681 5827 quiescere
1703 5757 1911 5813 debue-

384 5870 399 5900 ι
436 5868 539 5928 alii.
566 5871 681 5920 bene
703 5870 822 5933 agis.

1323 446 1393 504 lN
1434 448 1662 510 iLLUD,
1706 445 1773 501 ΙΝ
1816 442 2072 501 ΡΑΕΙΕΜ
2113 446 2181 504 El
2227 446 2529 505 RESTITI.

2017 542 2163 592 runt.
2205 534 2496 607 Propterea
2540 548 2714 605 neque
2764 532 2961 590 Petrus
3002 530 3149 593 illam
3174 535 3496 593 sententiam
3524 536 3608 594 in-

2012 625 2265 693 troducit,
2288 642 2473 683 verum
2493 624 2565 681 ah
2578 623 2751 680 altero
2779 638 2840 680 se
2863 623 3101 694 coargui,
3129 621 3233 681 hoc
3252 633 3337 680 cst
3359 639 3391 679 a
3416 624 3608 694 Paule.

2013 720 2293 793 permittit,
2319 729 2376 777 et
2403 720 2547 785 silet,
2577 727 2635 774 ut
2661 717 2904 774 doctrina
2937 716 3145 774 facilius
3171 716 3343 788 possit
3378 718 3609 778 admitti.

2087 813 2176 869 18.
2215 812 2404 883 Neque
2460 826 2591 867 vero
2634 820 2843 867 tantum
2897 807 3025 866 inde
3072 808 3222 864 Pauli
3273 809 3612 881 prudentiam

2011 915 2259 977 spectare
2287 906 2433 973 licet,
2462 903 2559 960 sed
2577 920 2643 959 ex
2681 904 2748 958 iis
2769 903 2956 967 etiam,
2984 916 3107 972 quae
3141 901 3338 958 deinde
3365 914 3490 958 sunt
3532 902 3617 958 di-

2010 1007 2117 1053 cta.
2158 996 2273 1053 Non
2298 996 2442 1052 enim
2472 996 2627 1059 dixit,
2654 994 2711 1051 Si
2733 1004 2813 1059 tu,
2839 1009 2960 1049 cum
2986 992 3205 1049 Judaeus
3223 993 3321 1060 sis,
3345 994 3617 1065 gentiliter

2010 1090 2247 1154 vivebas,
2277 1100 2334 1146 et
2355 1104 2460 1145 non
2487 1088 2730 1154 iudaice,
2759 1086 2855 1143 sed
2881 1084 3061 1142 Visis:
3087 1084 3267 1158 itaque
3286 1101 3429 1142 nunc
3449 1087 3616 1143 etiam

2009 1182 2254 1239 eamdem
2281 1181 2603 1237 sententiam
2632 1179 2876 1249 sequeris
2904 1177 3191 1249 :quodqne
3216 1178 3438 1233 multam
3474 1178 3617 1249 sapit

2011 1275 2352 1345 prudentiam
2380 1312 2399 1340 ,
2454 1288 2579 1329 mox
2632 1271 2900 1342 adjicitur.
2962 1270 3097 1326 Cum
3146 1270 3291 1326 enim
3339 1270 3613 1338 dixisset,

2012 1367 2279 1423 Gentiliter
2312 1367 2456 1430 uiuis,
2486 1382 2605 1421 cunt
2652 1363 2869 1419 Juda'us
2910 1364 3005 1430 sis,
3028 1378 3135 1418 non
3183 1362 3453 1434 adjunxit,
3506 1364 3618 1421 Cur

2010 1457 2229 1515 Judatos
2248 1456 2398 1527 cogis
2422 1454 2731 1526 judaizarei
2760 1452 2853 1509 sed
2878 1454 3005 1523 qttid
3022 1454 3047 1493 ν
3066 1452 3173 1508 Cur
3193 1462 3385 1525 gentes,
3418 1452 3614 1525 inquit,

2020 1552 2161 1621 cogis
2191 1548 2508 1623 judaisare!
2536 1556 2593 1602 ut
2630 1545 2757 1601 dum
2784 1543 2884 1600 sibi
2910 1542 3205 1613 discipulos
3243 1560 3371 1601 suos
3405 1544 3619 1601 videtur

2009 1642 2304 1708 vindicare,
2331 1650 2386 1697 et
2410 1639 2479 1695 de
2513 1637 2763 1711 gentibus
2790 1651 2911 1692 esse
2945 1634 3449 1702 sollicitus,lud:eis
3492 1650 3619 1691 sua-

2009 1736 2154 1798 deat.
2181 1744 2241 1790 ut
2272 1733 2340 1789 ab
2359 1732 2579 1803 antiqua
2628 1728 3017 1786 consuetudine
3043 1728 3319 1785 recedant.
3355 1727 3488 1784 Nam
3542 1728 3617 1785 si-

2010 1829 2268 1886 mulatam
2308 1840 2433 1882 esse
2451 1822 2959 1895 reprehensionem,
2988 1836 3055 1877 ex
3078 1821 3142 1876 iis
3164 1821 3296 1891 ipsis
3323 1836 3446 1893 qua
3471 1821 3615 1877 dicta

2009 1930 2157 1987 sunt,
2184 1919 2375 1991 liquet.
2415 1916 2550 1974 Cum
2596 1914 2740 1971 enim
2781 1912 2943 1984 paulo
2993 1921 3120 1969 ante
3160 1912 3405 1980 dixisset,
3433 1912 3614 1968 Abdu-

2008 2014 2251 2069 eebsntur
2274 2026 2389 2065 eum
2410 2026 2469 2065 eo
2487 2008 2657 2064 ceteri
2681 2006 2886 2071 Judci,
2913 2003 3015 2061 hoc
3045 2004 3164 2060 loco
3188 2004 3288 2071 ait,
3312 2005 3418 2060 Cur
3440 2014 3614 2076 gentes

2009 2100 2481 2176 cogisjudaisare!
2532 2100 2694 2170 Atqui
2742 2096 3028 2153 dicendum
3070 2105 3210 2165 erat,
3248 2094 3362 2151 Cur
3395 2094 3615 2153 Iudaeos

2006 2196 2157 2267 cogis
2176 2192 2485 2265 judaisare?
2512 2192 2615 2260 Qui
2646 2192 2791 2246 enim
2819 2188 2979 2245 simul
3007 2188 3226 2244 abducti
3242 2187 3475 2256 fuerant,
3503 2204 3614 2247 non

2007 2304 2074 2345 ex
2101 2285 2350 2360 gentibus
2378 2292 2533 2341 erant
2559 2324 2576 2350 ,
2601 2273 2699 2339 sed
2738 2280 2933 2338 Judaei.
2981 2280 3362 2337 Verumtamen
3404 2281 3453 2338 si
3509 2280 3615 2339 hoc

2007 2378 2258 2442 dixisset,
2304 2375 2466 2447 paulo
2520 2373 2765 2443 asperior
2793 2371 2905 2441 τίω
2948 2379 3097 2427 esset
3130 2371 3326 2437 oratio,
3370 2386 3473 2429 nec
3504 2374 3618 2430 ullo

2008 2469 2172 2525 modo
2190 2468 2239 2524 ei
2260 2464 2613 2531 conveniens,
2637 2463 2834 2534 quippe
2850 2462 2943 2534 qui
2963 2462 3203 2533 gentium
3221 2462 3414 2518 doctor
3432 2472 3579 2520 esset
3598 2480 3613 2519 :

2002 2562 2114 2632 jam
2135 2574 2264 2615 vero
2296 2575 2392 2629 per
2419 2556 2657 2629 speciem
2680 2554 3012 2611 defensionis
3040 2564 3094 2611 et
3113 2570 3257 2611 cura:
3281 2569 3500 2609 suorum
3532 2554 3615 2611 di-

2006 2652 2335 2722 scipulorum
2351 2691 2367 2714 ,
2385 2649 2676 2703 immunem
2699 2662 2762 2703 ac
2782 2645 3006 2702 liberam
3018 2646 3443 2716 objurgationem
3463 2661 3617 2703 suam

2007 2742 2205 2799 reddit.
2226 2743 2402 2813 Atque
2440 2739 2827 2811 utintelligatis
2864 2738 3163 2794 orationem
3195 2738 3340 2793 illam
3372 2753 3478 2794 non
3503 2738 3617 2810 jam

2007 2834 2481 2904 reprehensionem
2532 2831 2673 2888 Petri
2714 2829 2913 2898 fuisse,
2936 2829 3032 2887 sed
3063 2830 3484 2887 admonitionem
3504 2871 3521 2897 ,
3554 2846 3621 2887 ac

2006 2926 2306 2981 doctrinam
2337 2923 2537 2981 ludatis
2563 2939 2661 2993 per
2712 2922 2949 2992 speciem
2991 2922 3429 2993 reprehensionis
3475 2922 3620 2979 Petri

2008 3018 2301 3074 adhibitam
2323 3060 2339 3085 ,
2376 3017 2498 3072 audi
2526 3032 2646 3087 qua:
2689 3025 2985 3086 sequuntur
3014 3032 3029 3071 :
3076 3014 3191 3070 Nos
3211 3026 3393 3070 natura
3421 3015 3619 3086 Iudici,

2007 3118 2057 3164 et
2094 3125 2196 3163 non
2219 3107 2527 3178 agentibus
2566 3116 2850 3176 peceatores
2878 3104 3024 3174 (Gal.
3064 3104 3119 3161 2.
3159 3106 3273 3179 15).
3320 3107 3448 3163 Hec
3472 3109 3620 3165 enim

2002 3199 2116 3271 jam
2161 3209 2287 3254 sttnt
2327 3199 2491 3255 verba
2535 3197 2801 3265 docentis,
2852 3212 3029 3267 neque
3054 3196 3120 3254 ad
3166 3198 3383 3254 Petrum
3426 3208 3619 3256 cuncta

2006 3290 2337 3357 referuntur,
2361 3289 2456 3345 sed
2474 3290 2778 3344 orationem
2805 3287 2981 3344 reddit
3000 3303 3365 3345 communem.
3384 3290 3441 3347 Si
3466 3292 3614 3349 enim

2010 3390 2280 3453 tamquam
2318 3380 2522 3436 docens
2571 3381 2639 3435 ab
2682 3380 2835 3435 initio
2888 3379 3006 3436 haec
3046 3379 3457 3451 introduxisset,
3510 3398 3621 3440 non

2010 3474 2260 3530 tulissent
2286 3471 2458 3529 Judai
2486 3488 2501 3539 ;
2526 3470 2635 3542 jam
2660 3486 2789 3527 vero
2813 3485 2937 3526 cum
2970 3470 3122 3525 initio
3140 3488 3171 3525 a
3192 3472 3620 3542 reprehensione

2009 3565 2196 3632 ducto,
2213 3576 2268 3621 et
2295 3563 2439 3635 quod
2465 3563 2707 3618 videatur
2727 3562 2923 3618 merito
2948 3562 3168 3619 Petrum
3192 3563 3617 3634 reprehendere,

2010 3668 2071 3713 ut
2098 3656 2187 3729 qui
2205 3670 2501 3712 conversos
2519 3670 2584 3710 ex
2610 3654 2863 3724 gentibus
2882 3653 2949 3708 ad
2974 3653 3109 3724 legis
3133 3657 3331 3709 rituum
3354 3655 3619 3712 observa-

2011 3752 2211 3807 tionem
2240 3750 2460 3806 allicere
2480 3748 2752 3803 videretur
2771 3788 2786 3812 ,
2814 3748 3009 3802 transit
3040 3746 3237 3804 deinde
3281 3747 3620 3806 confidenter

2011 3844 2078 3900 ad
2106 3843 2530 3900 admonitionem
2562 3850 2619 3896 et
2642 3840 2962 3913 consilium,
2998 3838 3155 3910 quasi
3196 3838 3267 3896 ah
3308 3843 3426 3911 ipsa
3472 3842 3618 3899 serie

2013 3945 2297 4005 tractuque
2320 3932 2590 3989 sermonis
2608 3947 2675 3987 eo
2699 3931 2915 3988 delatus
2943 3928 3156 3986 fuisset.
3184 3928 3263 3987 Ne
3284 3932 3429 3987 enim
3460 3930 3617 4002 quis-

2012 4029 2154 4100 piam
2182 4026 2319 4083 forte
2338 4040 2460 4082 cum
2490 4023 2770 4092 audiisset,
2803 4022 2989 4079 Gentes
3013 4023 3153 4093 cogis
3166 4020 3461 4095 Μήποτε,
3486 4023 3620 4081 solis

2013 4119 2122 4174 illis
2152 4126 2365 4189 putaret
2386 4116 2666 4188 judaisare
2694 4114 2805 4172 non
2843 4130 2968 4174 esse
3011 4116 3338 4186 permissum
3356 4157 3372 4182 ,
3400 4116 3496 4174 sed
3520 4116 3621 4174 ιιι-

2011 4210 2147 4267 daeis
2174 4210 2359 4275 licere,
2382 4208 2680 4267 orationem
2713 4206 2911 4290 redigit
2924 4206 2993 4263 ad
3021 4206 3170 4279 ipsos
3182 4207 3455 4265 doctores.
3477 4208 3619 4280 Quid

2013 4318 2115 4376 ego
2137 4302 2204 4359 de
2226 4301 2496 4373 gentibus,
2530 4300 2721 4373 inquit,
2743 4308 2839 4355 aut
2874 4297 3098 4369 reliquis
3141 4296 3345 4355 ludatis
3386 4298 3619 4373 loquor?

2015 4394 2130 4449 lmo
2157 4394 2320 4451 etiam
2340 4392 2591 4448 doctores
2620 4405 2719 4446 nos
2747 4400 2803 4447 et
2826 4389 3082 4461 apostoli.
3124 4389 3421 4462 Neqoehoc
3442 4390 3618 4448 solum

2014 4499 2193 4540 causae
2242 4484 2639 4538 firmamentum
2669 4481 2860 4549 affert,
2887 4481 2983 4537 sed
3011 4482 3174 4537 etiam
3222 4482 3365 4552 quod
3413 4497 3513 4538 nos
3551 4498 3619 4542 ex

2016 4575 2250 4645 posteris
2300 4572 2471 4629 Judazi
2518 4572 2732 4644 penitus
2764 4588 2796 4628 a
2846 4572 2966 4643 lege
3010 4572 3444 4629 discesserimus.
3486 4573 3619 4643 Qum

2016 4668 2176 4723 nobis
2203 4666 2363 4736 igitur
2387 4665 2500 4720 dari
2527 4664 2681 4719 venia
2705 4664 2922 4735 poterit,
2954 4662 3001 4720 si
3030 4671 3263 4720 casteros
3284 4662 3352 4720 ad
3375 4664 3477 4720 hoc
3497 4681 3621 4735 per-

2015 4758 2329 4814 trahamus?
2348 4756 2511 4813 Vides
2536 4767 2595 4812 ut
2620 4756 2837 4814 Judzeos
2856 4756 3065 4813 occulte
3098 4766 3305 4829 carpat,
3332 4770 3389 4815 et
3412 4759 3618 4814 doctri-

2016 4864 2140 4903 nam
2172 4847 2466 4919 perfectam
2492 4847 2822 4903 constituat?
2858 4848 2994 4903 Cum
3026 4848 3169 4905 enim
3212 4848 3437 4906 dixisset
3460 4891 3477 4915 ,
3506 4848 3619 4907 Nos

2018 4951 2204 4994 natura
2228 4937 2401 4994 Iudici
2428 4978 2445 5005 ,
2467 4947 2517 4993 et
2543 4955 2646 4994 non
2680 4955 2745 4994 ea:
2770 4938 3022 5011 gentibus,
3046 4951 3335 5011 peccatores
3360 4957 3381 4996 :
3405 4951 3460 4997 et
3485 4957 3620 4998 cau-

2016 5048 2131 5088 sam
2159 5032 2315 5089 allert
2342 5032 2534 5088 rationi
2564 5041 2986 5087 consentaneam
3005 5032 3076 5088 ob
3100 5048 3261 5102 quam
3286 5048 3320 5087 a
3340 5031 3619 5091 Judaismo

2017 5124 2363 5179 desciverant
2398 5138 2413 5177 :
2445 5122 2676 5179 Scientes
2695 5164 2711 5190 ,
2739 5123 2877 5194 quod
2914 5139 3016 5177 non
3037 5123 3358 5194 justiﬁcatur
3386 5122 3539 5178 homo
3559 5140 3623 5183 as

2018 5218 2253 5287 operibus
2283 5218 2406 5289 legis
2426 5257 2441 5281 ,
2475 5217 2573 5271 nisi
2604 5231 2695 5287 per
2726 5216 2879 5286 ﬁdem
2904 5215 3033 5271 Jesu
3060 5212 3250 5272 Christi
3272 5231 3294 5274 :
3317 5232 3409 5270 nos
3426 5232 3627 5286 quoque

2017 5310 2071 5363 in
2098 5309 2357 5363 Christum
2391 5307 2571 5364 Iesum
2612 5310 2958 5375 credidimus,
2987 5318 3040 5363 ut
3065 5308 3411 5381 justiﬁcemur
3433 5324 3498 5366 η
3519 5308 3625 5378 ﬁds

2016 5400 2229 5468 Christi,
2263 5411 2434 5455 etnon
2463 5416 2527 5454 ea:
2553 5401 2789 5469 aperibus
2813 5402 2958 5473 legis,
2998 5416 3058 5455 eo
3103 5399 3243 5470 quod
3288 5414 3391 5457 non
3420 5399 3622 5469 justiﬁ-

2018 5507 2159 5551 cetur
2180 5496 2330 5549 homo
2356 5511 2419 5548 ea:
2445 5494 2683 5563 operibus
2722 5495 2870 5566 legis,
2904 5494 3002 5548 nisi
3026 5509 3115 5564 per
3140 5492 3293 5563 ﬁdem
3319 5490 3447 5546 δεδι
3471 5490 3614 5550 01ιή

2018 5588 2084 5641 m'
2114 5584 2258 5655 (Gal.
2285 5585 2341 5639 2.
2377 5586 2487 5653 ιϐ).

2091 5668 2180 5722 l9.
2215 5666 2596 5736 Inﬁrmitatem
2624 5668 2754 5740 legis
2785 5670 3016 5725 insultat
3043 5668 3606 5741 apostolum—Vides

2018 5766 2079 5811 ut
2107 5759 2427 5829 lrequenter
2445 5758 2784 5815 inﬁrmitatis
2805 5762 2940 5832 legis
2969 5760 3135 5819 faciat
3170 5764 3527 5828 mentionem,
3550 5770 3609 5825 ei

2016 5850 2245 5919 justiti:
2262 5868 2383 5922 qua
2398 5860 2557 5908 estex
2576 5852 2714 5909 frte?
2730 5850 2794 5909 Et
2810 5854 3011 5912 crebro
3025 5856 3342 5915 inculcatca
3355 5855 3602 5921 nomina,
