4074 6400
509 392 616 448 387

506 499 647 568 quod
670 513 777 554 non
805 507 888 555 est
914 497 1352 568 reprehendean
1369 538 1387 562 ,
1414 496 1510 554 sed
1534 496 1779 554 docentis
1806 504 1860 552 et
1885 509 2083 552 consu-

507 593 687 649 lentis.
716 593 936 658 Verum,
962 602 1020 649 ut
1044 592 1286 649 dicebam
1310 632 1325 658 ,
1353 591 1400 649 si
1422 592 1640 662 quidem
1662 636 1679 662 ,
1706 603 1763 650 ut
1791 593 1844 649 in
1872 590 2088 649 Judaos

506 682 850 740 inveheretur
867 721 886 749 ,
917 681 1033 741 bzrc
1056 682 1299 749 diceret,
1324 692 1503 739 aetum
1532 694 1676 740 esset
1692 721 1709 750 ,
1739 698 1803 739 ac
1830 697 1918 738 res
1942 688 2087 738 esset

499 774 660 843 plane
699 772 1011 844 deplorata,
1038 772 1182 844 quod
1213 772 1288 829 illi
1318 771 1476 844 hujus
1515 772 1817 829 doctrinam
1864 773 2085 829 minime

500 862 704 918 ferrent
729 879 746 917 :
772 862 1025 932 quoniam
1070 873 1247 918 autem
1285 863 1352 918 ad
1380 861 1599 919 Petrum
1624 861 1924 918 orationem
1950 876 2088 917 cou-

497 953 686 1018 vertit,
717 951 792 1007 illi
814 951 953 1008 clam
997 952 1273 1009 utilitatem
1320 952 1713 1025 percipiebant,
1742 950 1870 1008 dum
1896 967 2082 1023 repre-

497 1043 821 1100 henderetur
840 1059 905 1100 ac
923 1054 1131 1100 taceret
1147 1043 1358 1111 Petrus,
1375 1044 1595 1115 ejusque
1616 1044 1879 1099 sententia
1908 1043 2084 1099 omnis

496 1134 835 1206 detegeretur
868 1150 973 1190 non
1000 1135 1072 1190 ab
1114 1124 1265 1206 ipso,
1292 1136 1387 1192 sed
1415 1152 1444 1191 a
1473 1134 1783 1207 eoapostolo
1803 1175 1817 1199 ,
1846 1142 1902 1190 et
1937 1135 2085 1204 prior

492 1222 613 1294 ejus
640 1226 975 1281 conversatio
1002 1227 1054 1280 in
1085 1225 1317 1282 medium
1347 1226 1694 1296 proferretur.
1727 1225 1929 1282 Deinde
1953 1239 2081 1281 vero

491 1333 563 1373 ne
606 1316 747 1388 apud
792 1332 852 1373 se
878 1316 1361 1387 dicerentﬂtaque
1404 1318 1531 1373 licet
1574 1318 1762 1373 Petrus
1796 1324 1852 1371 et
1885 1315 2081 1372 Paulus

487 1422 769 1479 perperam
798 1409 1004 1479 egerint
1024 1408 1229 1479 :justas
1253 1418 1309 1464 et
1334 1407 1656 1477 indubitatas
1676 1407 1833 1463 aﬂert
1859 1422 2073 1474 causas,

486 1498 560 1554 ob
610 1513 747 1569 quas
793 1497 1041 1555 Judaicis'
1066 1498 1257 1553 ritibus
1302 1498 1685 1554 adhaerendum
1717 1513 1824 1552 non
1858 1506 1959 1552 est.
1989 1497 2079 1551 Eat

488 1603 623 1644 vero
664 1596 825 1654 sunt,
862 1588 1003 1658 quod
1028 1586 1319 1658 iustiﬁcare
1354 1587 1440 1643 lex
1492 1588 1711 1643 minime
1754 1586 2078 1657 possit,sed

493 1681 628 1736 tides
676 1689 900 1737 tantum.
947 1681 1121 1749 Atque
1162 1678 1252 1735 hic
1297 1679 1511 1750 quidem
1550 1678 1658 1735 leui
1698 1693 1763 1735 ac
1807 1677 2078 1735 moderata

491 1770 988 1826 ntitur‘oratione:
1018 1784 1333 1842 progressus
1375 1780 1553 1826 autem
1596 1770 1869 1839 paululum
1910 1772 2076 1826 velte-

477 1862 810 1917 .mentiorem
856 1860 1076 1917 adhibet
1113 1869 1170 1917 et
1210 1863 1491 1917 acriorem.
1534 1862 1683 1929 Quod
1723 1863 1768 1918 si
1804 1872 2078 1937 qmentes

488 1953 758 2017 iustiﬁcari
795 1953 848 2005 in
892 1951 1093 2007 Christo
1139 1952 1329 2006 inventi
1354 1968 1527 2007 sumus
1553 1962 1603 2008 et
1640 1954 1741 2023 ipsi
1769 1962 2075 2022 peccatores,

489 2061 607 2100 ἰιυκ
644 2044 870 2108 Christus
904 2043 1093 2114 peccati
1134 2044 1446 2099 ministerest
1478 2043 1671 2116 (σαῖσι.
1691 2044 1748 2101 9.
1778 2043 1901 2113 ιητ

486 2143 667 2192 autem
693 2136 823 2191 dicit
848 2136 1004 2192 talem
1033 2136 1352 2192 sententiam
1381 2136 1541 2192 habet
1572 2154 1585 2191 :
1618 2137 1778 2194 Fides
1798 2137 2071 2206 iustiﬁcat,

484 2236 541 2281 et
562 2241 592 2281 a
619 2225 808 2283 ritibus
833 2225 1067 2282 iudaicis
1081 2226 1233 2296 jubet
1256 2226 1554 2293 discedere,
1576 2237 1635 2283 ut
1662 2228 1750 2298 qui
1766 2227 1876 2297 jam
1901 2242 2077 2282 cessa-

485 2320 594 2373 rint
617 2335 631 2371 :
651 2318 795 2388 quod
819 2318 866 2373 si
906 2318 1081 2374 adhuc
1109 2319 1193 2372 lex
1220 2319 1447 2388 imperat
1472 2328 1631 2388 atque
1654 2317 1958 2373 dominatur
1980 2358 1993 2383 ,
2022 2328 2077 2374 et

481 2410 570 2478 qui
595 2424 713 2466 eam
737 2406 1052 2476 deseruerit,
1069 2408 1515 2478 prmvaricationis
1534 2417 1618 2465 est
1645 2423 1787 2473 reus,
1808 2406 2073 2479 Christus,

484 2502 805 2572 qni-nobis,
837 2512 894 2557 ut
939 2501 1084 2557 illam
1126 2502 1534 2570 desereremus,
1571 2504 1888 2573 imperavit,
1918 2503 2073 2559 nobis

486 2591 935 2662 prmvarieationis
962 2599 1151 2647 auctor
1176 2590 1339 2648 fuisse
1358 2593 1671 2663 reperietur,
1700 2607 1874 2663 neque
1900 2592 2073 2648 solum

486 2696 589 2744 nos
618 2691 837 2752 peccato
866 2696 975 2737 non
1001 2681 1274 2749 liberasse,
1306 2683 1400 2737 sed
1432 2692 1485 2738 et
1511 2684 1564 2737 in
1593 2692 1868 2753 peccatum
1897 2684 2074 2754 impu-

485 2772 634 2828 lisse.
667 2771 723 2827 Si
764 2773 907 2827 cuim
950 2773 1020 2829 ob
1065 2772 1221 2829 ﬁdem
1250 2774 1421 2843 legem
1460 2773 1793 2830 deseruimus
1815 2816 1831 2840 ,
1856 2790 2018 2847 porro
2043 2790 2074 2830 a

492 2863 608 2933 lege
653 2862 968 2918 discessisse
1011 2872 1289 2933 peccatum
1317 2871 1399 2919 est
1418 2903 1433 2928 ,
1463 2864 1594 2919 tides
1618 2864 1687 2920 ob
1713 2880 1870 2935 quam
1901 2864 2073 2935 legem

485 2954 840 3020 deseruimus,
874 2954 986 3024 ipsa
1008 2953 1160 3009 nobis
1187 2953 1321 3008 facta
1350 2962 1432 3009 est
1455 2968 1615 3009 causa
1645 2956 1866 3024 peccati.
1894 2954 2075 3021 Quan-

486 3048 558 3101 do
581 3056 757 3102 autem
785 3046 850 3100 ad
871 3046 1159 3102 absurdum
1180 3046 1291 3115 jam
1317 3061 1619 3101 sermonem
1644 3048 1866 3119 redegit,
1896 3064 2073 3119 neque

486 3138 589 3192 ulla
641 3136 1095 3193 demonstratione
1156 3135 1381 3206 indiguit
1425 3135 1493 3191 ad
1556 3136 1926 3203 refutandum,
1974 3138 2070 3195 sed

482 3238 767 3283 contentus
794 3227 890 3282 fuit
916 3227 1097 3284 dicere
1120 3268 1137 3295 ,
1167 3227 1336 3293 Absit,
1364 3227 1506 3299 quod
1534 3228 1835 3290 absurditas
1864 3230 1918 3285 in
1940 3245 2073 3286 con.

484 3318 625 3375 fesso
668 3327 855 3374 esset:
886 3316 947 3373 Si
987 3319 1155 3387 enim,
1198 3319 1399 3388 inquit,
1445 3334 1558 3389 qua
1604 3318 1865 3385 destrui,
1891 3320 2074 3373 iterum

487 3414 595 3467 Ita-6
618 3413 837 3480 (ediﬁce,
862 3413 1294 3478 pravaricatorem
1320 3427 1397 3464 me
1422 3411 1669 3466 constituo
1689 3410 1831 3480 (Gal.
1854 3410 1908 3465 2.
1940 3411 2026 3481 18)
2055 3430 2069 3467 :

487 3503 540 3555 in
566 3502 888 3555 contrarium
917 3501 1182 3556 Convertit
1209 3501 1505 3555 orationem
1530 3540 1546 3564 ,
1577 3509 1632 3556 et
1661 3501 1924 3566 ostendit,
1961 3519 2065 3557 non

486 3591 782 3663 transgredi
813 3592 982 3660 legem
1006 3632 1023 3656 ,
1052 3589 1145 3645 sed
1174 3591 1343 3660 legem
1373 3606 1477 3644 non
1507 3590 1779 3656 deserere,
1805 3591 1904 3646 hoc
1930 3607 2068 3662 pra:-

482 3684 830 3737 varicatorem
859 3681 1122 3747 redderet;
1153 3692 1207 3736 et
1238 3696 1332 3751 per
1360 3683 1592 3751 speciem
1623 3684 1850 3752 prepriae
1881 3697 2067 3753 perso-

486 3791 569 3829 na:
595 3789 779 3829 rursus
806 3772 1017 3828 Petrum
1041 3773 1301 3843 designat.
1332 3772 1389 3828 in
1419 3789 1523 3841 quo
1548 3774 1690 3828 enim
1718 3774 1905 3829 Petrus
1926 3775 2072 3830 cibo-

488 3881 607 3921 rum
640 3855 1080 3929 observatio'nem,
1103 3864 1357 3928 violavit,
1382 3865 1472 3933 qui
1506 3865 1775 3942 gentiliter
1816 3874 2072 3921 statuerat

487 3955 709 4009 vivere?
738 3954 868 4008 Cum
912 3954 1071 4024 igitur
1112 3954 1179 4008 ad
1224 3952 1438 4008 indutos
1492 3955 1683 4010 iterum
1733 3955 1986 4020 redierit,
2019 3967 2075 4013 et

483 4060 605 4099 cum
632 4044 733 4099 illis
755 4045 929 4111 vivat,
945 4044 1244 4115 reperietur.
1270 4044 1533 4101 aediﬁcare
1559 4063 1680 4117 qua:
1716 4048 2069 4103 destruxerat.

560 4135 650 4190 20.
693 4133 853 4189 Vides
880 4148 987 4204 quo
1011 4145 1166 4203 pacto
1196 4135 1389 4205 ubique
1412 4136 1464 4191 in
1497 4136 1944 4194 condemnatione
1974 4140 2075 4196 Pe-

488 4230 552 4284 tri
585 4227 805 4291 hrcreat,
836 4237 907 4283 et
918 4229 1146 4297 priorem
1172 4227 1341 4299 ipsius
1364 4230 1823 4285 conversationem
1850 4232 2074 4287 manife-

486 4329 590 4376 stet
611 4336 625 4374 :
650 4328 705 4373 ut
730 4334 834 4373 non
862 4334 893 4373 a
918 4318 1095 4389 lingua
1126 4317 1307 4386 Pauli,
1336 4318 1432 4376 sed
1456 4335 1486 4375 a
1516 4329 1695 4377 mente
1723 4320 1889 4390 Petri,
1912 4338 2070 4394 quam

1208 385 1264 443 S.
1301 382 1581 442 JOANNIS
1616 380 2091 440 CHRYSOSTOHI
2123 381 2445 444 AICHlEP.
2484 384 3030 444 CONSTANTINOP.

3677 394 3782 451 31³8

2191 497 2355 553 rebus
2380 498 2510 570 ipsis
2532 497 2872 566 ostenderat,
2902 496 3073 555 Judaei
3098 495 3513 556 admonitionem
3538 502 3784 571 accipere

2190 587 2510 645 videantur?
2534 590 2822 660 Propterea
2846 589 2978 647 dicit
3002 607 3017 645 :
3047 588 3250 645 Tim
3272 606 3358 646 sos
3379 591 3466 661 qui
3484 607 3551 647 α
3574 592 3785 647 εἱκιιιιιο

2188 679 2379 735 eisione
2406 690 2549 734 erant
2566 722 2584 748 ,
2612 689 2668 737 et
2694 680 2827 752 Quia
2859 682 3195 756 reprehensus
3226 692 3369 747 erat;
3396 694 3452 739 et
3480 684 3633 751 Quod
3680 701 3781 739 non

2187 782 2323 829 recte
2345 772 2625 827 ambulent
2647 773 2718 827 ad
2742 773 2999 831 anitatem
3021 776 3289 847 euangelii.
3309 775 3425 832 Non
3454 776 3599 848 quod
3629 778 3699 834 ita
3721 794 3780 834 se

2189 863 2411 919 haberet
2436 880 2451 920 :
2476 863 2647 930 absit;
2678 863 2781 920 hoc
2800 866 2945 922 enim
2974 866 3221 937 pluribus
3245 866 3734 925 demonstravimus
3762 887 3778 925 :

2186 955 2282 1012 sed
2299 955 2747 1027 quemadmodum
2777 964 2897 1014 tum
2911 958 3166 1028 temporis
3189 960 3623 1031 reprehendebat
3642 961 3778 1015 Pau-

2185 1046 2290 1112 lus,
2312 1058 2369 1104 et
2396 1046 2512 1104 haec
2539 1046 2766 1104 udiens
2794 1047 2985 1104 Petrus
3013 1049 3225 1104 tacebat
3244 1089 3261 1115 ,
3289 1065 3358 1108 ne
3381 1051 3529 1107 Pauli
3558 1051 3781 1121 dispen-

2184 1138 2447 1195 sationem
2476 1144 2763 1206 everteret,
2787 1145 2844 1194 et
2868 1145 3155 1194 coutentus
3177 1145 3293 1193 erat
3319 1140 3468 1209 quasi
3498 1156 3606 1196 non
3630 1148 3778 1195 recte

2169 1227 2841 1299 .ageret,objurgationcm
2878 1228 3199 1294 admittere,
3226 1237 3286 1283 ut
3324 1228 3456 1284 illud
3483 1228 3586 1286 sibi
3639 1230 3780 1299 aliud

2184 1317 2476 1388 discipulos
2510 1318 2843 1375 excttsationi
2883 1328 3067 1375 esset:
3097 1319 3170 1374 ita
3214 1319 3469 1375 nimirum
3510 1335 3653 1376 nunc
3679 1320 3782 1375 iste

2183 1408 2371 1464 eodem
2413 1408 2639 1464 consilio
2675 1423 2783 1479 quo
2823 1406 3041 1464 Petrum
3072 1406 3365 1477 arguebat,
3396 1408 3512 1464 haec
3550 1407 3779 1477 scribit,

2181 1514 2303 1568 qua:
2328 1507 2439 1553 tum
2463 1498 2735 1555 scribebat
2758 1494 2827 1553 ad
2865 1497 3102 1555 Galatas.
3124 1496 3256 1553 Nam
3290 1498 3334 1552 si
3363 1508 3474 1553 tum
3502 1499 3774 1570 obiurgari

2184 1590 2399 1645 Petrum
2422 1629 2439 1657 ,
2466 1599 2520 1645 et
2564 1600 2744 1646 tacere
2768 1629 2785 1657 ,
2816 1589 2947 1645 utile
2970 1588 3173 1645 Judmis
3209 1600 3324 1645 erat
3343 1630 3360 1656 ,
3390 1590 3562 1646 multo
3606 1592 3779 1663 magis

2182 1697 2326 1738 nunc
2360 1681 2521 1736 etiam
2563 1681 2660 1736 ista
2685 1679 2753 1736 de
2794 1680 2912 1751 ipso
2952 1679 3263 1751 pradicari,
3292 1682 3423 1737 utile
3450 1681 3516 1736 iis
3552 1690 3672 1736 erat
3697 1697 3767 1737 es

2181 1770 2384 1827 Calatis
2407 1811 2424 1837 ,
2449 1771 2541 1841 qui
2569 1770 2784 1827 fuerant
2803 1768 3098 1841 depravati.
3127 1770 3197 1827 Ut
3217 1770 3361 1826 enim
3394 1775 3487 1841 qui
3516 1781 3628 1826 tum
3658 1773 3772 1826 An-

2182 1860 2393 1915 tiochia
2414 1860 2700 1931 degebant,
2722 1875 2843 1916 cum
2868 1859 3064 1915 acriter
3082 1860 3469 1930 reprehensum
3483 1866 3776 1915 cernerent

2168 1950 2394 2006 Petrum
2421 1991 2437 2019 ,
2467 1963 2522 2005 et
2550 1960 2817 2007 tacentem
2842 1990 2860 2018 ,
2886 1949 3127 2021 magistri
3154 1949 3496 2005 accusatione
3536 1950 3775 2020 corrige-

2180 2042 2462 2109 bantur,ac
2476 2042 2720 2098 silentio:
2737 2043 2814 2097 sic
2832 2050 2886 2097 et
2895 2052 3045 2096 ‘nunc
3062 2039 3287 2107 Galatas.
3305 2039 3394 2111 qui
3407 2040 3600 2096 eodem
3626 2056 3771 2096 mor-

2174 2132 2251 2187 bo
2292 2131 2527 2197 iudaice
2566 2125 2958 2191 observationis
3003 2132 3250 2187 laborant
3273 2140 3365 2197 ,et
3393 2130 3520 2186 dum
3553 2131 3772 2186 Paulum

2176 2223 2403 2278 audiunt
2430 2222 2547 2279 bmc
2573 2223 2641 2279 de
2661 2224 2777 2292 ipso
2799 2223 3086 2288 dicentem,
3115 2230 3298 2291 utpote
3324 2222 3449 2291 quia
3477 2221 3774 2292 reprelien-

2178 2330 2274 2371 sus
2299 2322 2415 2370 erat
2435 2355 2451 2379 ,
2484 2324 2539 2369 et
2567 2330 2674 2369 non
2700 2322 2845 2369 recte
2868 2312 3171 2368 ambulabat
3196 2312 3262 2367 ad
3292 2314 3570 2368 veritatem
3598 2327 3773 2395 evan-

2177 2410 2325 2479 gelii,
2351 2424 2579 2479 cumque
2600 2416 2815 2478 propter
2836 2405 2953 2461 haec
2972 2405 3284 2476 obiurgatus
3310 2404 3542 2459 siluisset
3564 2420 3582 2459 :
3603 2404 3777 2460 maxi-

2178 2502 2319 2554 mam
2363 2499 2486 2554 iude
2527 2497 2887 2568 percipiebant
2932 2495 3230 2551 doctrinam
3255 2504 3350 2561 ,ut
3386 2509 3495 2549 non
3538 2495 3774 2565 amplius

2176 2592 2415 2649 iudaicis
2462 2590 2654 2646 ritibus
2684 2589 3051 2643 'adluererent.
3084 2586 3290 2642 idcirco
3313 2586 3475 2641 etiam
3500 2584 3697 2641 Paulus
3716 2596 3772 2640 et

2180 2694 2305 2739 tunc
2327 2681 2618 2753 increpavit
2641 2722 2657 2747 ,
2684 2688 2738 2736 et
2768 2694 2907 2733 nunc
2937 2678 3081 2732 illius
3108 2676 3359 2747 temporis
3384 2675 3773 2746 objurgationis

2177 2776 2501 2830 mentionem
2527 2772 2651 2827 facit
2674 2789 2689 2826 :
2712 2784 2884 2840 neque
2902 2769 3081 2824 minus
3100 2767 3298 2822 idcirco
3321 2766 3541 2821 Petrum
3569 2765 3772 2822 laudari

2175 2862 2449 2927 convenit,
2465 2860 2609 2933 quod
2632 2859 2881 2915 omnibus
2903 2858 2984 2922 iis,
3014 2873 3134 2928 qua:
3153 2857 3291 2911 dicta
3314 2863 3441 2911 sunt
3459 2869 3771 2921 ,assensum

2178 2954 2486 3025 przebuerit.
2516 2950 2608 3005 Ille
2634 2949 2778 3004 enim
2799 2947 2917 3014 fuit,
2945 2947 3033 3019 qui
3059 2946 3243 3002 omnia
3265 2944 3535 3017 prtestitit,
3566 2945 3658 3016 qui
3683 2961 3773 2999 ae-

2175 3046 2349 3103 cusari
2389 3062 2450 3101 se
2477 3058 2664 3113 passus
2688 3050 2771 3098 est
2794 3083 2811 3110 ,
2837 3051 2892 3097 et
2919 3040 3196 3096 conticuit.
3230 3039 3326 3095 llic
3348 3038 3770 3111 dispensationis

2174 3148 2259 3193 est
2298 3136 2521 3191 fructus.
2558 3133 2635 3189 Ita
2680 3148 2779 3189 nos
2816 3141 3099 3202 utrumque
3142 3131 3502 3202 apostolorum
3545 3130 3772 3187 crimine

2176 3227 2539 3292 liberavimus,
2566 3224 2777 3293 utrique
2801 3237 2931 3277 vero
2955 3221 3140 3277 laudes
3158 3220 3423 3276 debentur
3450 3220 3768 3276 innumerae.

2176 3319 2317 3391 quod
2345 3317 2412 3373 ad
2438 3317 2664 3371 aliorum
2692 3315 2918 3370 salutem
2945 3314 3124 3369 omnia
3154 3313 3338 3368 audire
3363 3313 3667 3368 studuerint
3693 3313 3769 3368 si-

2178 3409 2319 3473 mul,
2348 3423 2412 3463 ac
2438 3406 2638 3462 dicere.
2675 3403 2784 3460 Nos
2827 3411 3007 3458 autem
3045 3401 3301 3473 deinceps
3342 3402 3484 3458 Petri
3520 3409 3578 3458 et
3619 3401 3769 3458 Pauli

2175 3502 2341 3556 Deum
2362 3513 2631 3569 rogemus,
2659 3506 2715 3554 ut
2733 3496 2823 3568 qui
2853 3495 3048 3551 mutuis
3078 3495 3197 3550 illos
3215 3493 3517 3550 concordia:
3535 3492 3770 3549 vinculis

2175 3594 2315 3647 inter
2340 3606 2400 3646 se
2438 3574 2720 3654 devinxit,
2754 3603 2852 3642 nos
2886 3601 3101 3659 quoque
3138 3594 3328 3641 mutuo
3372 3583 3767 3640 vehementiori

2173 3683 2397 3737 caritate
2421 3681 2794 3750 constringat:
2820 3692 2929 3749 quo
2965 3676 3180 3732 tandem
3214 3683 3451 3731 mutuam
3482 3675 3624 3730 inter
3670 3688 3772 3730 nos

2174 3773 2468 3829 secundum
2519 3773 2689 3829 Deum
2746 3770 3088 3827 concordiam
3141 3769 3383 3825 foventes
3411 3810 3429 3835 ,
3459 3777 3769 3823 sanctorum

2175 3867 2386 3921 illorum
2431 3875 2720 3935 conspectu
2769 3862 3089 3932 dignemur,
3119 3870 3176 3917 et
3218 3861 3272 3916 in
3322 3862 3540 3916 atternis
3580 3876 3769 3915 eorum

2178 3957 2445 4027 possimus
2471 3954 2827 4010 tabernaculis
2863 3952 3085 4007 inveniri
3110 3993 3126 4018 ,
3154 3952 3322 4022 gratia
3352 3961 3409 4006 et
3438 3951 3769 4021 benignitate

2176 4050 2386 4107 Domini
2425 4048 2593 4104 nostri
2633 4047 2762 4103 Jesu
2806 4045 3005 4101 Christi
3028 4085 3043 4111 ,
3073 4059 3168 4115 per
3194 4060 3353 4114 quem
3384 4084 3401 4110 ,
3430 4051 3480 4099 et
3511 4058 3634 4099 cum
3662 4057 3771 4113 quo

2176 4139 2322 4196 Patri
2350 4151 2404 4195 et
2433 4138 2651 4209 Spiritui
2680 4146 2865 4192 sancto
2888 4176 2904 4199 ,
2930 4134 3099 4205 gloria
3126 4175 3142 4199 ,
3170 4133 3451 4203 imperium
3470 4172 3486 4198 ,
3517 4132 3691 4187 honor
3720 4140 3771 4187 et

2178 4231 2417 4287 adoratio
2441 4271 2458 4299 ,
2485 4244 2625 4287 nunc
2651 4236 2707 4285 et
2732 4240 2946 4298 semper
2969 4265 2986 4293 ,
3013 4232 3067 4281 et
3096 4223 3151 4281 in
3188 4223 3379 4279 saecula
3427 4222 3768 4278 seculorum.

2177 4324 2373 4379 Amen.

1490 4884 1675 4943 FINIS
1712 4884 1879 4942 T0)"
1916 4882 2469 4953 QUINQUAGESIMI
2506 4882 2726 4938 ινιιιιιι.
