4106 6428
394 406 3508 464 W

1037 452 1186 461 ψ
1359 453 2392 735 ναπαίαιῶ

835 887 980 972 ΙΝ
1035 887 1688 970 TERTIUM
1743 886 2263 969 TOMUM
2317 883 2903 966 OPERUM

1291 1067 1354 1128 S.
1399 1066 1730 1130 JOANNIS
1771 1065 2366 1127 CHRYSOSTOMI.

1681 1237 2050 1292 θρέψω

277 1414 374 1476 Ea
405 1411 530 1473 fuit
561 1410 836 1472 instituti
867 1408 1072 1490 nostri
1101 1410 1270 1490 ratio
1307 1410 1374 1470 in
1400 1409 1528 1490 hac
1556 1410 1850 1486 paranda
1880 1409 1941 1469 S.
1974 1407 2743 1490 Joaiinistrzsostomi
2763 1407 3050 1486 Operum
3078 1411 3405 1490 Editione,
3437 1421 3511 1478 ut

200 1493 539 1573 Opuscula
573 1490 854 1568 primum
871 1489 1122 1573 gmnia,
1157 1488 1735 1573 cujusrisgeneris
1763 1493 1979 1573 es_s_ent
2003 1533 2018 1561 ,
2057 1489 2124 1573 i_n
2159 1489 2367 1548 tribus
2405 1488 2975 1573 Tomis‘priorihus
3007 1488 3403 1567 locaremus;
3441 1495 3509 1556 in

208 1567 642 1650 sequentibus
671 1567 1338 1650 veroCommentaria
1368 1568 1434 1628 in
1456 1569 1708 1650 Novum
1744 1569 2026 1650 etVetus
2059 1569 2566 1650 Testamentum.
2609 1567 2937 1650 Opuscula
2966 1587 3162 1647 porro
3197 1573 3415 1635 omnia
3443 1575 3510 1634 in

203 1646 498 1731 quinque
530 1650 774 1710 classes
806 1647 1523 1731 distribuimus._Prima
1547 1649 1773 1731 classis
1797 1648 2360 1731 complectiturea
2407 1646 2645 1724 Opera,
2679 1665 2826 1731 qua:
2855 1649 2938 1731 ob
2969 1646 3360 1711 varietatem
3391 1669 3512 1714 ar—

204 1727 496 1810 gumenti
532 1746 671 1810 non
697 1732 970 1805 possunt
997 1744 1132 1810 uno
1164 1727 1368 1810 til_ulo_
1383 1727 1879 1810 comprehendi,
1899 1727 2007 1787 sed
2040 1727 2736 1810 secundumgtemporis
2766 1727 3099 1810 ordinem,
3121 1731 3334 1810 quoad
3367 1732 3506 1810 ejus

205 1805 343 1870 fieri
375 1813 621 1886 potest,
656 1805 1284 1886 locantur.Secunda
1316 1807 1542 1868 classis
1572 1811 1669 1867 est
1690 1806 2087 1867 Concionum
2115 1807 2651 1886 panegyricarum
2678 1806 2755 1866 de
2779 1807 3055 1867 Domino
3083 1805 3156 1868 ΝΖ
3176 1811 3233 1868 J.
3254 1805 3510 1872 Christo

205 1826 343 1870 ueri
375 1826 621 1886 poresr,
656 1826 1284 1868 mcanturmecunua
1316 1826 1542 1868 ClaSSlS
1572 1826 1669 1867 ρει
1690 1826 2087 1867 honoronum
2115 1826 2651 1943 panegyricarum
2678 1826 2755 1866 ue
2779 1826 3055 1867 uomino
3086 1826 3156 1868 Ν.
3176 1826 3233 1868 δ.
3254 1826 3510 1872 unristo

205 1893 268 1950 et
296 1888 374 1948 de
416 1888 704 1948 Sanctis.
735 1887 943 1946 Hasce
962 1885 1124 1946 duas
1157 1885 1404 1962 priores
1442 1886 1681 1946 classes
1713 1886 1956 1962 primus
1988 1891 2052 1946 et
2081 1903 2280 1945 secun
2301 1904 2304 1906 τ
2328 1903 2403 1945 us
2436 1887 2674 1946 Tomus
2715 1887 3254 1963 complectuntur.
3294 1891 3513 1953 Tertia

207 1968 428 2028 classis
455 1971 559 2027 est
587 1966 1038 2036 Homiliarum,
1065 1982 1218 2045 qua:
1242 1983 1325 2024 ex
1355 1965 1627 2026 diversis
1671 1965 2014 2041 Scriptura:
2059 1965 2216 2045 locis
2249 1969 2715 2045 argumentum,
2755 1971 3160 2040 mutuantur,
3191 1986 3335 2045 qua:
3366 1970 3516 2030 Ho—

207 2047 398 2107 milize
434 2046 721 2123 primam
754 2045 1022 2122 hujusce
1054 2044 1223 2104 tertii
1251 2045 1433 2104 Tomi
1462 2049 1711 2121 partem
1740 2048 2084 2121 occupant.
2115 2044 2360 2116 Quarta
2390 2044 2642 2116 classis,
2681 2044 3157 2122 Opusculorum
3188 2044 3266 2107 ad
3298 2054 3512 2110 motus

206 2124 965 2202 ConstantinOpolitanos
986 2127 1048 2183 et
1075 2124 1154 2184 ad
1185 2129 1537 2200 utrumque
1567 2124 1629 2184 S.
1657 2123 1926 2184 Joannis
1955 2123 2396 2202 Chrysostomi
2429 2123 2732 2184 exsilium
2763 2123 3245 2201 pertinentium.
3274 2127 3515 2200 Quinta

207 2206 433 2266 classis
467 2209 568 2265 est
598 2204 1034 2280 Epistolarum
1067 2203 1384 2263 omnium.
1423 2205 1581 2264 Tres
1615 2203 1814 2282 igitur
1851 2203 2256 2282 posteriores
2290 2203 2532 2263 classes
2568 2202 2648 2270 _in
2685 2202 2809 2263 hoc
2839 2204 3030 2264 tertio
3061 2206 3263 2265 Tomo
3294 2208 3515 2268 conti—

186 2291 480 2351 nentur,
512 2284 755 2361 quibus
789 2282 1225 2361 subjiciuntur
1256 2299 1467 2360 pauca
1486 2281 1782 2361 quaedam
1811 2325 1829 2357 ,
1871 2287 1934 2343 et
1971 2282 2196 2361 spuria
2227 2281 2508 2360 denique
2542 2282 2768 2343 multa.
2801 2283 2892 2344 De
2921 2283 3049 2343 illis
3078 2285 3380 2347 omnibus
3410 2286 3516 2348 hic

207 2363 502 2441 quaedam
544 2362 988 2440 prmmittenda
1023 2365 1196 2422 sunt.

517 2491 550 2562 ς
610 2485 660 2545 Ι.
693 2520 768 2528 --
804 2485 890 2543 De
917 2483 1225 2544 Homiliis
1243 2501 1377 2563 qua:
1419 2502 1496 2543 ea:
1522 2483 1784 2544 diversis
1812 2483 2161 2562 Scriptum
2181 2483 2338 2544 locis
2363 2491 2795 2561 argumentum
2835 2491 3229 2546 mutuantur.

285 2608 598 2668 Ordimur
624 2625 778 2686 ergo
811 2608 893 2668 ab
912 2605 1210 2688 Homiliis
1240 2607 1307 2666 in
1334 2607 1480 2688 loca
1513 2605 1809 2688 quaedam
1844 2605 1996 2668 novi
2031 2605 2451 2677 Tcstamenti,
2477 2622 2758 2683 quarum
2789 2611 3077 2688 quatuor
3106 2611 3351 2688 priores
3380 2615 3518 2674 toti-

212 2685 351 2749 dem
387 2685 805 2766 evangelieas
848 2687 1202 2766 sententias
1236 2687 1590 2766 explicant.
1629 2685 1788 2747 Octo
1824 2691 2042 2748 autem
2081 2690 2424 2766 sequentes
2464 2703 2610 2766 quae
2641 2703 2773 2766 una
2802 2687 2976 2747 serie
3017 2691 3077 2747 et
3108 2685 3519 2755 continenter

214 2766 444 2829 habitas
479 2764 638 2827 sunt
663 2811 678 2837 ,
714 2767 947 2827 misere
982 2765 1302 2826 distractae
1332 2770 1394 2826 et
1419 2765 1728 2843 dispersas
1758 2771 1946 2826 erant
1989 2767 2055 2824 in
2086 2764 2493 2824 Editionibus
2547 2765 2875 2826 Saviliana
2926 2772 2988 2826 et
3016 2767 3462 2834 Frontoniana
3495 2794 3514 2835 :

212 2847 382 2923 quod
409 2864 572 2907 cave
602 2864 718 2906 seu
776 2846 1043 2906 incuria:
1090 2863 1206 2906 seu
1236 2846 1645 2924 negligentiae
1661 2845 1882 2906 Savilii
1904 2851 2016 2907 aut
2041 2844 2389 2924 Frontonis
2416 2845 2630 2905 Ducaai
2660 2844 3012 2924 adrscribas.
3040 2847 3136 2907 Illi
3162 2850 3334 2909 enim
3364 2853 3520 2912 nul-

212 2925 341 2985 lam
372 2944 505 2986 non
541 2925 937 3004 diligentiam
975 2924 1368 2986 adhibebant
1395 2923 1576 2997 ,non
1635 2926 1824 2985 modo
1867 2929 1942 2985 ut
1973 2925 2194 2985 omnia
2226 2923 2669 3004 Chrysostomi
2711 2923 3040 3002 Opuscula
3085 2946 3168 2988 ex
3214 2931 3518 2992 omnibus

215 3005 388 3088 orbis
419 3003 774 3088 Christiani
808 3005 1101 3088 partibus
1130 3005 1534 3088 colligerent,
1563 3005 1672 3065 sed
1700 3007 1895 3088 etiam
1924 3009 1997 3064 ut
2029 3021 2305 3088 quaeque
2325 3021 2446 3088 suo
2473 3003 2696 3088 ordine
2726 3011 3062 3088 ponerent.
3093 3007 3334 3068 Verum
3360 3011 3520 3088 quia

211 3083 341 3162 jam
364 3085 570 3161 prmlo
601 3084 763 3145 datis
796 3085 1015 3144 multis
1047 3085 1378 3162 Operibus,
1407 3084 1536 3145 alia
1569 3084 1905 3145 confertim
1935 3084 2224 3160 undique
2250 3083 2686 3163 accedebant,
2722 3085 2858 3144 haec
2896 3091 3218 3163 postremo
3247 3083 3520 3153 advecta

216 3163 607 3242 plerumque
628 3168 700 3224 ut
736 3163 863 3224 fors
898 3163 1145 3224 ferebat
1197 3164 1524 3224 locabant.
1572 3164 1832 3237 Quanto
1887 3169 2102 3225 autem
2139 3162 2396 3224 lectoris
2433 3162 2768 3240 dispendio
2796 3162 2932 3224 haec
2974 3165 3066 3226 sic
3104 3166 3412 3231 distracta
3441 3186 3521 3231 ac

215 3243 691 3320 propemodum
727 3244 1036 3321 dissipata
1068 3243 1436 3314 ederentur,
1466 3247 1682 3305 statim
1728 3243 2199 3305 animadvertet
2227 3242 2523 3320 quisquis
2548 3259 2772 3302 carum
2809 3243 3146 3306 lectionem
3184 3248 3522 3309 continen-

219 3328 315 3383 ter
336 3327 624 3401 peraget.
649 3324 808 3385 Nam
841 3324 1225 3403 plerumque
1261 3323 1490 3383 accidit
1527 3328 1597 3382 ut
1626 3324 1687 3382 in
1719 3323 2015 3400 sequenti
2047 3326 2302 3383 tantum
2330 3322 2562 3403 prioris
2583 3327 3040 3403 argumentum
3073 3326 3514 3403 compleatur:

218 3403 924 3483 tantamquegalioquin
951 3419 1172 3462 omnes
1204 3402 1444 3464 habent
1474 3403 1642 3464 inter
1675 3420 1744 3464 se
1775 3403 2157 3465 afﬁnitatem
2179 3447 2194 3475 ,
2229 3407 2302 3462 ut
2332 3402 2593 3462 nonnisi
2627 3401 3011 3480 praecedenti
3042 3401 3521 3483 lecta—sequen-

223 3484 347 3561 tem
380 3482 574 3558 plane
601 3481 959 3561 intelligere
987 3483 1221 3558 possis.

298 3559 396 3619 Ex
439 3561 619 3620 hisce
658 3559 876 3622 autem
929 3566 1072 3621 octo
1102 3561 1400 3621 Homiliis
1433 3567 1719 3638 quatuor
1746 3562 1995 3639 priores
2053 3565 2207 3623 sunt
2250 3561 2315 3620 in
2350 3560 2736 3639 principium
2759 3605 2774 3633 ,
2817 3559 2952 3622 sive
2981 3561 3047 3621 in
3078 3561 3339 3625 titulum
3367 3565 3519 3627 libri

227 3637 555 3700 Actorum.
580 3640 651 3700 In
691 3641 812 3699 hoc
832 3646 1044 3704 tamen
1070 3637 1526 3718 argumentum
1555 3637 1851 3718 quinque
1878 3659 2010 3704 una
2041 3642 2208 3702 serie
2235 3637 2580 3701 conciones
2621 3640 2975 3714 habuerat,
3029 3646 3100 3700 ut
3143 3660 3273 3704 non
3319 3646 3518 3708 semel

227 3718 609 3780 testiﬁcatur
636 3721 921 3780 Joannes
965 3724 1185 3779 noster
1222 3740 1236 3777 :
1271 3720 1379 3779 sed
1408 3720 1717 3791 secunda,
1756 3722 1820 3779 in
1844 3737 1974 3797 qua
1999 3720 2414 3797 qumrebatur
2440 3719 2586 3795 quis
2616 3723 2786 3779 esset
2806 3725 3036 3781 auctor
3065 3721 3212 3783 libri
3239 3724 3518 3786 Actuum

229 3797 684 3876 Apostolorum
715 3844 730 3871 ,
765 3798 1114 3857 intercidit.
1163 3799 1347 3858 lllam
1378 3816 1574 3875 porro
1606 3799 1924 3876 integram
1972 3816 2075 3858 me
2105 3798 2426 3874 reperisse
2456 3797 2765 3875 putabam
2785 3841 2801 3868 ,
2833 3803 2906 3858 ut
2937 3799 2999 3859 in
3030 3802 3412 3864 Przel‘atione
3439 3807 3518 3866 ad

227 3875 501 3952 primum
532 3880 806 3938 Tomum
838 3876 994 3936 dixi.
1026 3878 1268 3937 Verum
1301 3883 1526 3954 postea
1574 3875 1945 3956 diligentius
1979 3893 2271 3956 expensa
2309 3876 2579 3939 homilia
2615 3876 2725 3938 illa
2772 3877 3154 3956 longissima
3187 3925 3202 3952 ,
3254 3899 3336 3941 ex
3359 3883 3513 3944 Mss.

229 3960 443 4038 eruta,
476 3975 624 4038 quas
657 3957 734 4016 de
783 3957 1178 4038 Ascensione
1227 3957 1648 4038 inscribitur,
1683 3957 1966 4038 comperi
2023 3965 2270 4036 partem
2313 3957 2574 4034 quidem
2624 3956 2950 4038 illam__ubi
2981 4002 2995 4031 ,
3025 3959 3418 4035 quibusdam
3440 3962 3517 4022 de

229 4033 542 4114 principio
578 4037 887 4116 Actorum
931 4035 1314 4116 praamiSSjS:
1367 4033 1849 4100 evidentissimé
1892 4033 2207 4116 probatur
2249 4033 2492 4098 Lucam
2538 4035 3002 4114 evangelistam
3044 4033 3186 4099 esse
3241 4042 3518 4101 Actuum

228 4118 582 4200 auctorem,
609 4133 753 4200 esse
784 4115 960 4200 haud
987 4115 1178 4180 dubie
1202 4113 1643 4198 Chrysnstomi
1687 4138 1700 4177 :
1733 4113 1959 4200 verum
1988 4118 2115 4178 alia
2159 4135 2305 4200 quae
2332 4113 2779 4200 hanc__part_ein
2811 4116 3204 4200 praecedunt,
3228 4124 3300 4200 et
3328 4120 3521 4200 longe

234 4189 416 4277 ptum
444 4210 594 4277 quae
623 4193 803 4260 illam
834 4189 1358 4276 subsequuntur,
1392 4215 1525 4258 non
1567 4215 1756 4274 posse
1790 4189 2234 4277 Chrysostomi
2266 4214 2431 4257 esse.
2483 4189 2841 4277 Il'aarebaiu
2872 4200 3042 4277 certe
3099 4198 3283 4258 initio
3314 4243 3330 4271 ,
3363 4189 3518 4277 quia

230 4273 339 4337 illa
368 4273 618 4355 partem
649 4295 778 4338 non
808 4273 1344 4338 contem—nendam
1374 4277 1548 4337 illius
1570 4273 1858 4338 homilia:
1884 4273 2457 4352 complectebatur,
2490 4291 2575 4355 an
2606 4274 2670 4334 in
2694 4273 2886 4355 serie
2938 4276 3215 4336 aliarum
3249 4273 3521 4340 loca-uda

231 4353 439 4429 esset;
490 4357 600 4418 sed
630 4358 954 4434 ingratum
981 4357 1201 4417 lectori
1238 4355 1372 4416 fore
1405 4357 1650 4434 putavi,
1681 4357 1731 4415 si
1766 4358 1990 4433 spuria
2018 4357 2130 4417 illa
2165 4355 2294 4416 alia
2325 4371 2470 4432 quae
2499 4354 2562 4412 in
2594 4353 2818 4413 eadem
2851 4353 3118 4415 homilia
3140 4366 3516 4426 occurrunt.

231 4451 510 4511 quorum
540 4435 834 4513 quaedam
873 4454 1187 4514 nugacem
1215 4435 1578 4496 Grmculum
1611 4437 1896 4513 sapiunt,
1929 4436 2099 4496 veris
2133 4435 2441 4508 operibus
2468 4435 2887 4494 admiscerem
2923 4453 2938 4490 :
2973 4437 3398 4511 quamobrem
3428 4442 3524 4499 to-

236 4517 360 4573 tam
393 4515 727 4576 homiliam
759 4516 838 4576 ad
870 4516 1109 4576 calcem
1143 4514 1335 4593 hujus
1369 4517 1549 4576 Tomi
1583 4515 1931 4576 amandare
1964 4515 2177 4574 visum
2207 4521 2325 4574 est.

307 4593 604 4666 Quatuor
629 4595 781 4655 item
809 4595 1103 4655 Homiliaa
1133 4611 1278 4671 quae
1307 4595 1383 4654 de
1419 4595 1774 4655 Mutatione
1803 4595 2140 4654 nominum
2187 4593 2511 4670 inscriptte
2556 4595 2744 4673 sunt,
2782 4595 3066 4668 quatuor
3097 4593 3222 4654 illis
3254 4593 3318 4654 in
3347 4598 3526 4673 prin-

233 4671 470 4749 cipium
499 4676 800 4735 Actorum
834 4673 1052 4734 nativo
1080 4674 1307 4733 ordine
1335 4680 1809 4734 connectuntur
1835 4675 1934 4734 :in
1971 4675 2070 4733 his
2099 4673 2339 4750 quippe
2376 4671 2718 4751 postremis
2747 4677 3202 4749 argumentum
3230 4671 3522 4751 priorum

235 4755 654 4830 prosequitur
676 4753 1203 4832 Chrysostomus,
1235 4758 1308 4812 ut
1334 4754 1399 4813 in
1444 4753 1692 4814 Monilo
1733 4754 2036 4813 diximus.
2070 4751 2328 4814 Caetera:
2365 4750 2662 4810 Homilize
2698 4750 2762 4809 in
2808 4751 2949 4832 loca
2986 4753 3168 4813 Pauli
3215 4750 3369 4814 sunt
3399 4801 3415 4830 ,
3447 4773 3525 4818 ac

234 4847 378 4911 cum
408 4829 943 4909 praecedentibus,
973 4833 1238 4911 triginta
1270 4841 1554 4911 quatuor
1599 4833 1795 4893 simul
1838 4832 2254 4893 homiliarum
2309 4847 2656 4911 numerum
2711 4829 3058 4906 complent.
3105 4832 3263 4893 Tres
3323 4829 3522 4911 perro

233 4908 545 4991 Homilias
571 4911 649 4974 de
673 4913 951 4991 Legibus
968 4908 1310 4984 connubii,
1321 4929 1602 4990 quarum
1626 4913 1835 4989 prima
1864 4917 1960 4973 est
1989 4930 2167 4974 num.
2193 4911 2291 4982 18,
2309 4909 2581 4991 inillud:
2599 4908 2875 4991 Propter
2903 4908 3382 4991 fornicationes,
3400 4921 3518 4978 etc.

237 4989 438 5071 altera
470 5011 649 5052 num.
690 4988 793 5061 19;
813 4991 889 5052 de
922 4991 1167 5052 Libello
1194 4988 1486 5071 repudii;
1521 4988 1709 5054 tertia
1743 5011 1922 5051 num.
1953 4991 2056 5062 20,
2084 4991 2264 5052 Laus
2283 4988 2583 5056 Maximi,
2611 4995 2669 5047 et
2689 4989 2902 5071 quales
2929 4988 3223 5051 ducenda.-
3253 5011 3526 5062 uxores;

241 5068 704 5151 has,inquam,
738 5071 1052 5132 Homilias
1076 5116 1093 5141 ,
1127 5068 1288 5149 qua!
1305 5072 1500 5133 unius
1534 5077 1596 5134 et
1623 5071 1910 5150 ejusdem
1932 5071 2296 5151 argumenti
2317 5073 2496 5151 sunt
2521 5073 2584 5129 et
2612 5069 2834 5151 eodem
2867 5073 3154 5151 tempore
3194 5088 3329 5135 una
3360 5075 3526 5134 serie

244 5146 589 5230 habitant
615 5151 982 5230 legentibus
1012 5146 1326 5230 liquidum
1358 5157 1478 5226 est,
1503 5153 1593 5213 ita
1629 5146 1870 5212 Fronto
1898 5146 2172 5212 Duéazus
2193 5149 2501 5230 ediderat,
2531 5152 2602 5208 ut
2630 5147 2819 5210 tertia
2848 5165 2888 5209 a
2912 5148 3166 5230 duabus
3196 5151 3523 5228 prioribus

241 5226 430 5306 longo
481 5226 823 5291 intervallo
855 5226 1303 5308 separa'retur;
1337 5231 1446 5293 sed
1486 5248 1578 5292 ea
1628 5249 1747 5292 suo
1797 5231 2019 5291 ordine
2059 5231 2192 5308 jam
2217 5229 2440 5290 locata:
2470 5243 2623 5308 suas
2650 5231 2865 5308 partes
2905 5229 3174 5306 implere
3198 5226 3289 5292 ac
3331 5233 3529 5291 semel

241 5305 506 5384 emptam
530 5309 870 5372 materiam
911 5305 992 5370 ad
1024 5309 1418 5372 destinatum
1453 5309 1646 5372 tinem
1666 5310 2005 5372 deductam
2033 5305 2256 5370 lectori
2287 5307 2683 5387 conjunctim
2708 5305 2940 5369 oﬁ’erre
2961 5305 3287 5386 poterunt.

241 5436 267 5508 ς
311 5432 389 5492 ll.
425 5432 839 5513 —0puscula
875 5432 948 5495 de
987 5434 1258 5498 motibus
1292 5433 2046 5573 Constantinopolitanfs,
2083 5441 2138 5493 et
2177 5433 2251 5494 de
2285 5438 2553 5511 utroque
2584 5429 3018 5511 Chrysostomi
3053 5427 3313 5498 exsilio,
3347 5447 3527 5511 qua:—

1670 5531 1815 5573 nam
1861 5531 1961 5573 sm
1995 5557 2012 5571 .

1670 5531 1815 5574 nam
1861 5531 2012 5574 sem.

320 5630 469 5715 Ege
498 5631 741 5712 excipit
757 5641 996 5715 quarta
1025 5635 1252 5715 classis
1271 5635 2024 5715 0pusculorum,nempe
2056 5634 2132 5696 de
2165 5635 2448 5715 motibus
2472 5631 3232 5715 ConstantinOpolitanis,
3269 5651 3518 5699 necnon

246 5705 319 5768 de
349 5710 491 5796 aliis
518 5705 667 5796 quin
700 5705 1162 5796 aii-utrumque
1205 5705 1647 5796 Chr'ysostomi
1677 5705 1980 5776 exsilium
2016 5715 2362 5796 pertinent.
2403 5714 2555 5775 Hec
2588 5713 2810 5796 omnia
2835 5705 3189 5796 secundum
3216 5717 3525 5796 temporis

249 5788 476 5850 seriem
503 5788 691 5872 edere
717 5792 930 5853 visum
960 5788 1093 5866 est',
1130 5810 1276 5855 cum
1307 5788 1500 5857 a'ntea
1529 5799 1829 5872 separata
1857 5797 1921 5855 et
1953 5788 2378 5855 tumultuario
2409 5808 2614 5872 opere
2652 5790 2923 5872 diversis
2968 5791 3037 5851 in
3081 5792 3271 5872 tomis
3314 5788 3528 5860 locata

251 5873 457 5930 essent
483 5913 499 5943 ,
523 5869 717 5948 idque
744 5887 901 5934 casu
928 5873 1146 5950 potius
1179 5890 1376 5951 quam
1409 5869 1702 5934 consil—io.
1735 5873 1833 5933 Ex
1862 5873 1938 5935 iis
1964 5889 2092 5934 non
2121 5888 2331 5952 pauca
2361 5873 2428 5933 in
2455 5869 2748 5932 Editione
2784 5871 3128 5933 Frontonis
3175 5871 3388 5935 Ducmi
3420 5873 3525 5936 de-

579 5995 848 6062 Pn‘non.
900 6001 1013 6061 Gn.
1062 6002 1147 6056 ιι.

3221 5988 3243 6043 1
