4106 6486
427 310 528 375 Π·
1169 321 1223 377 5.
1252 321 1539 383 JOANNIS
1570 322 2056 382 CHRYSOSTOMI
2090 323 2409 382 ARCHIEP.
2451 321 3001 383 CONSTANTINOP.
3612 321 3725 375 18⁸

1324 905 1403 980 [ί]
1478 916 1649 1003 ΕΙΣ
1696 918 1927 1004 ΤΗΝ
1989 916 2666 1006 ΠΑΡΑΒΟΛΗΝ

1878 1080 1947 1129 ‘0.

427 1292 540 1353 Τοῦ
555 1296 627 1352 τὰ
644 1299 825 1369 μύρια
851 1298 1114 1353 τάλαντα
1139 1298 1509 1367 ὀφείλοντος,
1532 1297 1629 1351 καί
1654 1297 1726 1351 τὰ
1756 1298 1972 1353 ἑκατὸν
2006 1296 2259 1368 δηνάρια
2290 1299 2687 1370 ἀπαιτοῦντος
2719 1344 2733 1367 ,
2766 1302 2867 1357 καὶ
2906 1302 2993 1357 ὅτι
3021 1303 3249 1370 παντὸς
3271 1301 3698 1376 ἁμαρτήματος

1660 1392 1728 1446 τὸ
1769 1390 2175 1461 μνησικακεῖν
2201 1390 2425 1463 χεῖρον.

496 1850 573 1913 ατ
583 1859 672 1921 Ὠς
699 1860 763 1913 ἐκ
789 1860 1003 1932 μακρᾶς
1018 1859 1326 1931 ἀποδημίας
1348 1859 1657 1914 ἐπανελθὼν
1686 1859 1824 1932 πρὸς
1839 1858 2005 1929 ὑμᾶς,

424 1942 567 1997 οὕτω
596 1942 878 2013 διάκειμαι
919 1943 1159 2014 τήμερον
1181 1960 1195 1973 ·
1229 1947 1345 2008 τοῖς
1400 1945 1511 2014 γὰρ
1563 1942 1844 2013 φιλοῦσιν,
1881 1943 2008 1995 ὅταν

428 2027 505 2100 μὴ
522 2026 783 2082 δύνωνται
810 2028 1170 2097 συγγενέσθαι
1192 2033 1303 2094 τοῖς
1329 2030 1691 2100 φιλουμένοις,
1720 2029 1871 2084 οὐδὲν
1891 2028 2011 2097 δφε-

425 2113 517 2177 λός
541 2114 656 2166 ἐστι
689 2111 791 2183 τῆς
822 2113 1142 2184 παρουσίας.
1176 2114 1275 2167 Διά
1299 2131 1381 2166 τοι
1409 2113 1568 2167 τοῦτο
1592 2115 1688 2167 καὶ
1724 2115 1884 2184 ἡμεῖς
1920 2114 2010 2165 ἐν·

425 2195 751 2268 δημοῦντες,
808 2195 919 2249 τῶν
971 2196 1398 2268 ἀποδημούντων
1441 2197 1591 2251 οὐδὲν
1642 2198 1864 2267 ἄμεινον
1894 2196 2013 2249 δια-

426 2277 680 2352 κείμεθα,
716 2280 905 2353 ἐπειδὴ
943 2280 1034 2334 τὸν
1075 2280 1416 2352 παρελθόντα
1443 2280 1635 2352 χρόνον
1662 2278 2013 2351 διαλεχθῆναι

425 2364 564 2436 πρὸς
589 2364 733 2435 ὑμᾶς
758 2364 861 2419 οὐκ
891 2363 1220 2435 ἰσχύσαμεν·
1251 2363 1388 2418 ἀλλά
1421 2363 1722 2433 σύγγνωτεο
1757 2363 1877 2415 οὐδὲ
1905 2362 2014 2434 γὰρ

428 2446 740 2519 ῥᾳθυμίας,
794 2446 929 2501 ἀλλά
973 2446 1256 2512 ἀσθενείας
1306 2443 1375 2519 ἦν
1411 2449 1443 2518 ἡ
1493 2449 1641 2516 σιγή.
1686 2447 1873 2516 Ὑμεῖς
1915 2446 2015 2517 μὲν

425 2526 521 2585 οὖν
547 2531 765 2602 χαίρετε
822 2530 916 2586 νῦν
941 2570 957 2597 ,
1005 2531 1190 2602 ἐπειδὴ
1222 2532 1322 2601 τῆς
1358 2530 1672 2602 ἀρρωστίας
1705 2530 2017 2599 ἀπηλλάγη-

429 2633 530 2688 μεν
549 2632 564 2645 '
595 2614 707 2686 ἐγὼ
747 2615 805 2669 δὲ
833 2616 1009 2686 χαίρω
1028 2615 1261 2687 ,ἐπειδὴ
1293 2615 1391 2685 τὴν
1438 2614 1713 2687 ὑμετέραν
1745 2614 2018 2669 ἀπέλαϐον

425 2700 667 2771 ἀγάπην.
697 2699 850 2753 Ἐπεὶ
875 2700 967 2753 καὶ
995 2699 1157 2770 ἡνίκα
1177 2699 1457 2769 ἠσθένουν,
1487 2701 1586 2769 τῆς
1613 2699 1768 2753 νόσου
1803 2718 1892 2771 μοι
1926 2718 2019 2772 χα-

425 2782 735 2854 λεπώτερον
760 2778 830 2853 ῆν
870 2783 932 2835 τὸ
964 2782 1341 2854 μὴδύνασθαι
1368 2783 1462 2837 τοῦ
1509 2785 1797 2856 ἀγαπητοῦ
1827 2785 2016 2838 τούτου

432 2867 680 2940 μετέχειν
713 2866 974 2935 συλλόγου
1000 2883 1015 2898 ο
1051 2867 1147 2920 xal
1190 2867 1286 2920 νῦν
1325 2867 1509 2939 ἐπειδὴ
1556 2868 1658 2940 τὴν
1709 2870 2020 2939 ἀρρωστίαν

428 2951 745 3021 ἀπεθέμην,
780 2953 880 3021 τῆς
914 2949 1128 3018 ὑγιείας
1186 2968 1276 3021 μοι
1322 2950 1699 3023 ποθεινότερον
1729 2953 1923 3022 γέγονε
1959 2952 2021 3007 τὸ

433 3033 575 3105 μετά
616 3033 797 3097 ἀδείας
829 3033 974 3104 ἔχειν
1010 3036 1282 3105 ἐντρυφᾷν
1340 3035 1493 3105 ὑμῶν
1549 3039 1615 3105 τῇ
1649 3036 1860 3109 ἀγάπῃ.
1888 3038 2021 3091 Οὐδὲ

430 3118 542 3191 γάρ
571 3117 713 3172 οὕτω
747 3118 981 3189 πυρετὸς
1031 3118 1278 3189 σώματος
1311 3117 1472 3189 φύσει
1508 3122 1825 3175 κατακαίειν
1864 3123 2022 3176 εἴωθε

428 3202 559 3267 τοὺς
597 3197 966 3274 πυρέττοντας
999 3218 1018 3239 ·
1041 3242 1056 3266 ,
1088 3202 1164 3266 ὡς
1205 3202 1306 3266 τὰς
1340 3204 1615 3276 ἡμετέρας
1645 3204 1823 3276 ψυχὰς
1845 3207 1906 3260 τὸ
1933 3225 2022 3261 κε-

432 3284 700 3358 χωρίσθαι
718 3284 828 3338 τῶν
858 3285 1230 3357 φιλουμένων·
1262 3289 1357 3341 καὶ
1390 3288 1645 3361 καθάπερ
1676 3291 1874 3344 ἐκεῖνοι
1906 3291 2026 3360 φιά-

430 3369 531 3433 λας
582 3371 689 3447 καὶ,
707 3371 944 3442 ποτήρια
989 3370 1085 3424 καὶ
1136 3370 1322 3444 ψυχρά
1378 3372 1599 3445 νάματα
1651 3372 2022 3447 ἐπιζητοῦσιν,

430 3452 603 3517 οὕτως
630 3445 776 3508 οὗτοι
800 3454 910 3507 τῶν
943 3454 1109 3508 ποθου
1118 3455 1294 3526 μένων
1325 3455 1424 3521 τὰς
1451 3458 1621 3528 ὄψεις.
1649 3445 1824 3513 "Isaac
1850 3458 2026 3513 ταῦτα

432 3538 613 3602 καλῶς
640 3539 755 3591 ὅσοι
783 3537 957 3607 φιλεῖν
993 3538 1238 3593 εἰώθασι.
1261 3540 1397 3613 Φέρε
1427 3537 1521 3595 οὖν
1540 3583 1555 3603 ,
1585 3543 1773 3615 ἐπειδὴ
1809 3544 1909 3614 τὴν
1934 3545 2028 3615 ἀρ-

436 3622 672 3696 ρωστίαν
700 3620 1018 3691 ἀπεθέμεθα
1041 3662 1056 3687 ,
1102 3622 1264 3677 πάλιν
1294 3624 1539 3695 ἀλλήλων
1582 3625 1660 3698 [Ξ]
1698 3627 2025 3699 ἐμφορηθῶ-

438 3723 571 3778 μεν,
603 3705 718 3776 εἴγε
768 3706 994 3761 δυνατὸν
1047 3707 1428 3779 ἐμφορηθῆναι
1479 3712 1714 3782 ποτε’ἡ
1769 3710 1879 3783 γὰρ
1926 3711 2026 3782 τῆς

432 3789 658 3860 ἀγάπης
706 3789 867 3859 φύσις
900 3790 1062 3861 κόρον
1096 3792 1197 3845 οὐκ
1223 3788 1362 3845 οἶδεν
1389 3793 1438 3857 b,
1471 3793 1587 3847 ἀλλ’
1626 3793 1714 3847 ἀεὶ
1750 3793 1860 3847 τῶν
1891 3795 2027 3864 ἀγα-

435 3873 706 3944 πωμένων
733 3872 1084 3929 ἀπολαύουσα
1110 3917 1124 3941 ,
1156 3875 1295 3945 πρὸς
1323 3877 1546 3946 μείζονα
1576 3877 1792 3948 αἴρεται
1824 3878 2021 3947 φλόγα.

435 3958 550 4011 Καὶ
588 3955 747 4011 τοῦτο
797 3959 826 4011 6
860 3958 962 4028 τῆς
1017 3959 1239 4029 ἀγάπης
1289 3959 1557 4030 τρόφιμος
1606 3958 1819 4022 Παῦλος
1868 3959 2027 4023 είδὼς

435 4038 589 4110 ἔλεγε
610 4056 626 4072 ο
663 4039 891 4109 Μηδενὶ
906 4040 1103 4109 μηδὲν
1138 4041 1431 4109 ὀφείλετε,
1478 4044 1530 4095 εὶ
1552 4040 1641 4110 μὴ
1691 4042 1758 4095 τὸ
1785 4040 2029 4111 ἀγαπᾷν

434 4124 770 4190 ἀλλήλους.
800 4123 972 4176 Τοῦτο
1002 4123 1113 4193 γὰρ
1151 4123 1311 4194 μόνον
1337 4124 1398 4177 τὸ
1424 4124 1646 4195 ὄφλημα
1685 4126 1773 4179 ἀεὶ
1804 4126 1903 4197 μὲν
1929 4143 2030 4180 κα-

434 4205 765 4259 ταϐάλλεται
790 4247 806 4271 ,
858 4205 1115 4259 οὐδέποτε
1165 4206 1222 4259 δὲ
1268 4207 1594 4264 ἀποδίδοται.
1653 4209 1920 4264 Ἐνταῦθα
1968 4210 2030 4263 τὸ

437 4287 702 4358 διηνεκῶς
739 4289 978 4359 ὀφείλειν
1045 4288 1210 4343 καλὸν
1254 4291 1349 4344 καὶ
1400 4293 1638 4346 ἐπαίνων
1682 4292 1852 4358 ἄξιον.
1905 4293 2030 4346 Ἐπὶ

444 4372 543 4443 μὲν
606 4372 716 4445 γὰρ
771 4371 880 4427 τῶν
946 4373 1248 4445 χρημάτων
1312 4374 1439 4438 τοὺς
1500 4375 1664 4448 μηδὲν
1715 4376 2028 4446 ὀφείλοντας

440 4455 794 4527 ἐπαινοῦμεν,
823 4457 914 4510 ἐπὶ
954 4456 1011 4510 δὲ
1035 4457 1134 4528 τῆς
1173 4457 1395 4528 ἀγάπης
1418 4458 1545 4522 τοὺς
1578 4457 1842 4529 διηνεκῶς
1872 4461 2027 4530 ὀφεί-

441 4538 632 4603 λοντας
689 4539 1065 4611 ἀποδεχόμεθα
1121 4541 1215 4594 καὶ
1275 4540 1628 4612 θαυμάζομεν
1657 4560 1670 4573 ·
1734 4543 1832 4596 καὶ
1889 4544 2027 4616 ὅπερ

439 4622 835 4695 ἀγνωμοσύνης
895 4626 1058 4690 ἐκεῖ,
1096 4626 1255 4680 τοῦτο
1317 4625 1553 4681 ἐνταῦθα
1602 4628 2027 4699 εὐγνωμοσύνης

442 4708 669 4780 σημεῖόν
714 4708 872 4772 ἐστι,
922 4709 985 4762 τὸ
1024 4711 1296 4780 μηδέποτε
1337 4711 1646 4767 διαλύεσθαι
1677 4713 1738 4766 τὸ
1767 4714 1869 4785 τῆς
1899 4714 2031 4783 ἀγά-

441 4807 552 4862 πης
580 4790 820 4863 ὄφλημα.
850 4791 942 4864 Μὴ
966 4793 1333 4866 δυσχεράνητε
1364 4796 1422 4849 δὲ
1463 4797 1602 4867 πρὸς
1622 4798 1684 4851 τὸ
1720 4798 1896 4869 μῆκος
1918 4796 2027 4852 τῶν

445 4875 746 4946 μελλόντων
780 4874 1116 4949 ῥηθήσεσθαι
1140 4894 1153 4907 ·
1201 4878 1298 4931 καὶ
1344 4879 1451 4949 γὰρ
1504 4880 1836 4952 κιθαρῳδίαν
1881 4882 2028 4953 ὑμᾶς

440 4976 563 5015 τινα
589 4958 907 5033 θαυμαστὴν
935 4960 1143 5027 διδάξαι
1178 4961 1459 5034 βούλομαι,
1487 4964 1608 5036 οὐχὶ
1629 4964 1800 5037 λύραν
1828 4968 2028 5039 νεκρὰν

447 5043 964 5114 μεταχειρισάμενος
987 5085 1001 5109 ,
1029 5045 1165 5099 ἀλλά
1211 5045 1313 5110 τὰς
1360 5046 1469 5101 τῶν
1505 5048 1740 5120 Γραφῶν
1786 5051 2028 5125 ἱστορίας

441 5126 539 5179 καὶ
564 5126 662 5188 τὰς
706 5126 801 5179 τοῦ
849 5127 984 5181 Θεοῦ
1033 5129 1255 5193 ἐντολὰς
1296 5129 1419 5184 ἀντὶ
1471 5131 1681 5202 νευρῶν
1715 5133 2024 5201 ἀνατείνας.

441 5209 550 5262 Kal
576 5209 831 5281 καθάπερ
860 5211 1150 5283 κιθαρῳδοὶ
1178 5215 1306 5277 τοὺς
1355 5213 1653 5279 δακτύλους
1684 5216 1795 5271 τῶν
1850 5219 2030 5290 μαθη-

439 5292 747 5364 τευομένων
782 5293 1170 5364 λαμϐάνοντες,
1203 5297 1387 5368 ἠρέμα
1414 5300 1526 5363 τοῖς
1570 5298 1827 5369 φθόγγοις
1866 5319 2031 5374 προσ·

442 5375 672 5444 ἀγουσι,
736 5377 834 5430 καὶ
879 5378 1224 5449 διαψηλαφᾷν
1266 5383 1381 5453 μετ’
1428 5383 1721 5454 ἐμπειρίας
1758 5384 2029 5439 διδάσκον-

440 5473 560 5521 τες,
596 5460 661 5511 ἐκ
696 5460 802 5513 τῶν
840 5460 1070 5531 ἀφώνων
1102 5462 1355 5533 φθόγγων
1385 5482 1445 5518 τε
1475 5467 1570 5519 καὶ
1609 5466 1817 5539 νευρῶν
1848 5468 2030 5537 πάσης

441 5542 626 5613 φωνῆς
668 5543 801 5612 ήῖίω
832 5545 923 5598 καί
953 5545 1291 5619 γλυκυτέραν
1325 5548 1639 5603 παιδεύουσι
1687 5552 2030 5605 κατασκευά-

506 5689 533 5755 ξ
554 5689 677 5755 Ijeg.
700 5693 796 5755 τῶν
816 5694 1155 5755 πυρεττόντων.

503 5745 534 5789 δ
560 5745 678 5813 ηεξ.
697 5752 783 5801 οὐκ
804 5745 919 5816 έκεί.

2029 1701 2113 1720 ...η

2113 1857 2228 1921 ζειν
2271 1858 2486 1929 φωνήν*
2535 1856 2678 1911 οὕτω
2724 1858 2788 1930 δὴ
2848 1861 2943 1913 καὶ
2995 1862 3156 1932 ἡμεῖς
3204 1864 3544 1936 ποιήσομεν,
3574 1869 3709 1924 ἀντὶ

2111 1940 2389 1995 δακτύλων
2427 1942 2527 2012 τὴν
2563 1941 2802 1995 διάνοιαν
2828 1943 2980 2013 ὑμῶν
3024 1948 3533 2019 μεταχειρισάμενοι
3555 1990 3571 2016 ,
3600 1957 3709 2007 καὶ

2112 2028 2234 2090 ταῖς
2262 2025 2501 2089 ἐντολαῖς
2532 2026 2624 2079 τοῦ
2654 2024 2789 2079 Θεοῦ
2840 2030 3282 2100 προσαγαγόντες
3306 2072 3320 2096 ,
3357 2037 3473 2104 μετ’
3505 2037 3712 2105 ἐμπει-

2119 2110 2239 2182 ρίας
2285 2108 2463 2163 αὐτῶν
2502 2109 2769 2165 ἅπτεσθαι
2808 2113 3262 2184 παρακαλέσομεν
3294 2115 3393 2188 τὴν
3427 2119 3713 2191 ὑμετέραν

2114 2193 2336 2264 ἀγάπην
2357 2232 2371 2257 ,
2399 2193 2497 2263 οὐχ
2534 2193 2620 2245 ἴνα
2647 2193 2953 2265 ἀνθρώπων
3005 2196 3258 2268 θέατρον,
3290 2200 3409 2255 ἀλλ’
3462 2202 3549 2257 ίνα
3590 2204 3719 2258 τῶν

2117 2276 2367 2345 ἀγγέλων
2395 2276 2486 2329 τὸν
2512 2276 2682 2347 δῆμον
2733 2277 2820 2330 διὰ
2872 2277 3077 2350 ταύτης
3104 2280 3203 2351 τῆς
3232 2282 3425 2356 ἡδονῆς
3469 2286 3716 2358 ἀναστή-

2120 2378 2271 2433 σητε.
2302 2360 2378 2413 Οὐ
2426 2358 2535 2432 γὰρ
2582 2362 2743 2432 ἀρκεῖ
2778 2361 2848 2415 τὰ
2881 2363 2999 2416 θεῖα
3051 2363 3207 2433 λόγια
3242 2367 3490 2422 ἐπελθεῖν
3522 2372 3715 2442 μόνον,

2119 2444 2255 2497 ἀλλά
2299 2443 2378 2497 δεῖ
2419 2446 2509 2498 καὶ
2557 2446 2656 2514 τῆς
2710 2446 2818 2499 ἀπὸ
2859 2445 2968 2499 τῶν
3000 2447 3179 2519 ἔργων
3216 2451 3545 2518 ἐπιδείξεως.
3596 2456 3716 2509 Kal

2120 2527 2372 2597 καθάπερ
2398 2529 2489 2581 ἐπὶ
2510 2529 2608 2599 τῆς
2628 2529 2860 2601 κιθάρας
2889 2530 3120 2585 ἅπτεται
3147 2532 3246 2604 μὲν
3271 2536 3300 2588 6
3325 2536 3575 2607 τεχνίτης
3597 2538 3717 2590 τῶν

2121 2612 2328 2684 νευρῶν
2353 2653 2367 2677 ,
2403 2612 2633 2667 ἅπτεται
2663 2612 2719 2665 δὲ
2750 2614 2846 2667 καὶ
2876 2615 2906 2667 6
2930 2613 3151 2685 ἄτεχνος
3170 2656 3185 2681 ,
3216 2617 3332 2670 ἀλλ’
3364 2619 3392 2670 6
3426 2620 3524 2690 μὲν
3550 2620 3719 2675 λυπεῖ

2121 2696 2210 2749 τὸν
2233 2695 2507 2767 ἀκροατὴν
2523 2735 2538 2760 ,
2564 2697 2593 2748 6
2618 2694 2674 2749 δὲ
2702 2696 3022 2766 ψυχαγωγεῖ
3048 2701 3143 2752 καὶ
3177 2700 3367 2772 τέρπει
3392 2744 3407 2767 ,
3442 2705 3620 2758 καίτοι
3644 2723 3718 2774 γε

2122 2781 2171 2831 οἱ
2224 2778 2379 2833 αὐτοὶ
2423 2778 2674 2832 δάκτυλοι
2707 2780 2801 2832 καὶ
2838 2779 2896 2832 αἱ
2934 2782 3095 2834 αὐταὶ
3134 2784 3352 2855 νευραὶ,
3384 2785 3502 2839 ἀλλ’
3529 2789 3626 2857 οὐχ
3676 2790 3717 2860 ή

2123 2860 2261 2931 αὺτή
2288 2861 2550 2932 ἐμπειρία
2572 2877 2588 2893 ο
2613 2861 2754 2915 οὓτω
2782 2861 2846 2932 δὴ
2886 2861 2981 2914 καὶ
3010 2864 3103 2918 ἐπὶ
3127 2864 3234 2919 τῶν
3268 2866 3427 2922 θείων
3456 2870 3718 2942 Γραφῶν,

2126 2945 2447 3015 ἐπέρχονται
2476 2949 2573 3015 μὲν
2606 2944 2791 2997 πολλοὶ
2818 2945 2885 2999 τὰ
2910 2943 3028 2999 θεῖα
3060 2947 3236 3017 λόγια,
3271 2950 3385 3004 ἀλλ’
3415 2953 3475 3006 ού
3511 2954 3720 3019 πάντες

2124 3026 2519 3098 κερδαίνουσιν,
2546 3026 2666 3081 οὐδὲ
2696 3044 3032 3099 καρπουνται
3061 3032 3263 3097 πάντες
3288 3048 3302 3063 '
3336 3034 3397 3088 τὸ
3428 3036 3485 3089 δέ
3515 3038 3719 3101 αἴτιον,

2124 3110 2310 3182 ἐπειδὴ
2343 3113 2477 3182 μήτε
2506 3115 2618 3177 τοῖς
2654 3114 2965 3185 εἰρημένοις
2992 3115 3374 3188 ἐμὸαθύνουσι,
3407 3121 3542 3192 μήτε
3573 3123 3720 3193 μετά

2120 3194 2319 3278 τέχνης
2344 3195 2444 3267 τῆς
2479 3195 2711 3267 κιθάρας
2734 3198 2996 3253 ἅπτονται
3017 3219 3029 3230 ·
3057 3202 3193 3274 ὅπερ
3238 3203 3348 3275 γάρ
3386 3206 3479 3260 ἐπὶ
3502 3208 3601 3278 τῆς
3628 3226 3719 3263 γι-

2123 3275 2459 3363 θαρῳδίαςῄή
2486 3279 2648 3350 τέχνη
2676 3321 2690 3345 ,
2714 3281 2873 3335 τοῦτο
2897 3284 2991 3336 ἐπὶ
3025 3284 3132 3339 τῶν
3160 3286 3255 3340 τοῦ
3279 3287 3416 3342 Θεοῦ
3456 3275 3634 3361 νόμων
3677 3295 3721 3363 ἠ

2122 3357 2213 3412 διὰ
2248 3361 2358 3414 τῶν
2391 3360 2568 3446 ἔργων
2618 3364 2896 3432 ἐπίδειξις.
2932 3367 3071 3439 Ἤδη
3109 3368 3217 3440 μὲν.
3236 3365 3329 3424 οῦν
3361 3372 3489 3443 μίαν
3517 3357 3719 3446 ἐκρούλ

2125 3460 2299 3529 σαμεν
2330 3445 2527 3515 νευρὰν
2555 3447 2621 3499 δι’
2647 3448 2775 3517 ὅλης
2805 3450 2904 3520 τῆς
2929 3451 3387 3524 Τεσσαρακοστῆς
3408 3496 3422 3518 ,
3458 3454 3551 3509 τὸν
3586 3445 3719 3529 περὶ

2122 3526 2231 3579 τῶν
2259 3528 2437 3599 ὅρκων
2466 3529 2630 3600 νόμον
2678 3532 2806 3602 ὑμῖν
2839 3533 3328 3604 ἀναγινώσκοντες,
3364 3538 3458 3592 καὶ
3503 3540 3592 3594 διά
3617 3526 3719 3610 τῆν

2123 3610 2218 3695 τοῦ
2247 3611 2381 3695 Θεοῦ
2414 3614 2574 3686 χάριν
2628 3614 2799 3668 πολλά
2845 3618 3087 3689 στόματα
3132 3619 3241 3673 τῶν
3271 3622 3555 3693 ἀκροατῶν
3581 3627 3722 3695 ἡμῖν

2126 3692 2422 3767 ἐπαιδεύθη
2447 3699 2546 3767 τὴν
2583 3698 2678 3752 τοῦ
2717 3699 2882 3771 νόμου
2911 3701 3178 3773 μελῳδίαν
3207 3692 3418 3758 ἐκείνου
3448 3746 3463 3770 ,
3497 3692 3721 3780 καὶ-τὴν

2126 3780 2370 3850 πονηράν
2405 3781 2779 3846 ἀπελάσαντες
2830 3784 3117 3855 συνήθειαν
3160 3786 3283 3841 ἀντὶ¹
3314 3788 3408 3842 τοῦ
3440 3790 3532 3843 τὸν
3583 3791 3721 3846 Salv

2126 3863 2390 3933 ὀμνύναι,
2418 3865 2480 3917 τὸ
2516 3865 2644 3932 Ναὶ,
2681 3866 2861 3920 καὶτὸ
2894 3866 2991 3935 Οὓ,
3039 3868 3132 3923 καὶ
3158 3870 3219 3923 τὸ
3257 3871 3585 3939 Πίστευσον,
3621 3875 3722 3928 ἐπὶ

2125 3944 2219 3998 τοῦ
2247 3947 2515 4015 στόματος
2551 3948 2774 4020 φέρουσι
2807 3951 3074 4023 διηνεκῶς
3101 3953 3196 4006 ἐπὶ
3238 3953 3524 4019 διαλέξεως
3568 3959 3718 4012 ἀπά-

2131 4042 2231 4098 σης
2254 4043 2268 4058 ’
2299 4030 2401 4085 κᾶν
2446 4031 2655 4101 μυρίων
2687 4034 3029 4104 πραγμάτων
3055 4036 3267 4106 ἀνάγκη
3301 4036 3588 4109 βιάζηται,
3621 4058 3722 4094 περ

2131 4110 2371 4181 ραιτέρω
2403 4114 2682 4185 προελθεῖν
2707 4117 2806 4171 οὐκ
2834 4117 2901 4171 ἂν
2923 4119 3259 4189 ἀνάσχοιντο.

2202 4193 2267 4283 β’Ϊ
2292 4197 2530 4283 ΠἘπειδὴ
2555 4198 2611 4253 δὲ
2644 4202 2744 4255 οὐκ
2773 4202 2935 4273 ἀρκεῖ
2956 4204 3091 4276 πρὸς
3123 4206 3395 4278 σωτηρίαν
3424 4213 3556 4280 ἡμῖν
3586 4213 3722 4283 μιᾶς

2132 4278 2352 4366 ἐντολῆς
2380 4282 2617 4356 ὑποδοχὴ
2639 4325 2653 4348 ,
2683 4285 2815 4358 φέρε
2842 4288 3083 4358 τήμερον
3108 4290 3201 4342 καὶ
3238 4292 3329 4344 ἐπί
3354 4278 3546 4366 ἑτέ-ραν
3569 4278 3598 4348 ύ
3607 4299 3714 4365 μᾶς

2134 4365 2532 4450 μεταγάγωμεν
2564 4384 2579 4399 ·
2621 4370 2716 4423 καὶ
2742 4370 2853 4443 γὰρ
2882 4372 2976 4425 καὶ
3003 4373 3052 4424 εί
3082 4371 3158 4443 μὴ
3184 4373 3387 4441 πάντες
3423 4377 3718 4450 κατώρθω-

2131 4462 2285 4533 σανιξ
2344 4449 2436 4504 τὸν
2495 4451 2761 4524 πρότερον
2812 4455 2977 4526 νόμον
3003 4495 3017 4519 ,
3082 4455 3219 4510 ἀλλά
3268 4474 3331 4527 γε
3376 4460 3469 4514 τοῦ
3521 4449 3718 4533 χρόνου

2128 4531 2407 4604 προϊόντος
2447 4536 2575 4598 τοὺς
2625 4536 2940 4606 φθάσαντας
2997 4540 3047 4592 οἱ
3100 4531 3722 4612 ὑστερήσαντες-κατα-

2127 4614 2405 4687 λήψονται.
2443 4619 2553 4672 Kal
2583 4621 2694 4691 γὰρ
2729 4622 2921 4691 ἔγνων,
2947 4622 3024 4686 ὡς
3053 4626 3290 4698 τοσαύτη
3336 4628 3430 4682 τοῦ
3462 4630 3719 4701 πράγμα-

2125 4717 2218 4763 τος
2263 4701 2469 4769 γίνεται
2522 4705 2755 4776 σπουδὴ,
2783 4705 2866 4777 [5]
2912 4707 2988 4771 ὡς
3021 4709 3112 4760 καὶ
3160 4709 3253 4761 ἐπὶ
3288 4711 3464 4776 οἰκίας
3500 4716 3594 4767 καὶ
3624 4717 3718 4769 ἐπὶ

2126 4785 2405 4867 τραπέζης
2426 4787 2654 4859 ἀνδράσι
2679 4788 2816 4861 πρὸς
2841 4794 3106 4858 γυναῖκας
3124 4830 3139 4855 ,
3170 4791 3376 4857 δούλοις
3403 4796 3540 4867 πρὸς
3564 4798 3716 4852 ἐλευ-

2128 4866 2318 4938 θέρους
2355 4868 2587 4939 ἅμιλλαν
2619 4867 2759 4926 εἶναι
2795 4875 2925 4945 περὶ
2967 4875 3067 4946 τῆς
3091 4877 3313 4947 ἐντολῆς
3342 4866 3545 4951 ταύτης
3570 4920 3584 4944 ,
3624 4882 3720 4935 καὶ

2129 4952 2442 5037 ἐμακάρισα
2469 4955 2597 5019 τοὺς
2617 4955 2790 5020 οὕτως
2816 4959 3203 5029 ἑστιωμένους.
3233 4963 3298 5016 Τί
3332 4963 3441 5037 γὰρ
3465 4965 3564 5036 τῆς
3590 4982 3720 5036 τρα-

2130 5036 2301 5107 πέζης
2337 5038 2554 5108 ἐκείνης
2585 5039 2883 5111 ἀγιώτερον
2921 5043 3117 5110 γένοιτ’
3163 5045 3249 5111 ἂν,
3284 5036 3421 5101 ἔνθα
3446 5049 3585 5119 μέθη
3621 5050 3720 5120 μὲν

2244 5120 2522 5206 ἀδηφαγία
2554 5122 2647 5177 καὶ
2674 5126 2823 5178 πᾶσα
2865 5127 3076 5182 ἀσωτία
3110 5129 3478 5202 ἀπελήλαται,
3510 5133 3722 5206 θαυμα-

2133 5204 2230 5273 στὴ
2251 5203 2307 5256 δέ
2332 5221 2414 5268 τις
2441 5206 2914 5278 ἀντεισενήνεκται
2941 5212 3068 5282 περὶ
3092 5213 3191 5283 τῆς
3221 5214 3470 5284 φυλακῆς
3489 5217 3596 5271 τῶν
3620 5203 3720 5272 ’τοῦ

2128 5285 2264 5340 Θεοῦ
2306 5288 2486 5360 νόμων
2513 5289 2738 5362 ἅμιλλα,
2778 5294 2872 5346 καὶ
2928 5301 3240 5369 παρατηρεῖ
3285 5300 3384 5371 μὲν
3434 5301 3575 5372 ἀνὴρ
3621 5303 3722 5376 τὴν

2130 5378 2363 5461 γυναῖκα
2390 5417 2405 5440 ,
2450 5378 2599 5461 ὅπως
2650 5381 2730 5443 είς
2760 5379 2830 5432 τά
2877 5385 2976 5451 τῆς
3011 5385 3293 5457 ἐπιορκίας
3321 5388 3591 5457 μηδέποτε
3623 5390 3723 5461 ἐμ-

2132 5458 2274 5532 πέσῃ
2327 5459 2613 5532 βάραθρα,
2650 5462 2908 5531 φυλάττει
2939 5465 2995 5518 δὲ
3043 5470 3177 5541 γυνὴ
3229 5470 3323 5523 τὸν
3371 5471 3578 5543 ἄνδρα,
3628 5458 3723 5528 καὶ

2131 5543 2396 5626 καταδίκη
2434 5545 2512 5614 τῷ
2546 5546 2852 5616 παραϐάντι
2891 5553 3067 5605 κεῖται
3115 5554 3343 5626 μεγίστη
3368 5570 3384 5585 ⁸
3417 5556 3517 5610 οὐκ
3564 5558 3723 5612 ἐπαιο

2135 5625 2383 5697 σχύνεται
2416 5627 2472 5680 δὲ
2499 5628 2619 5681 οὐδὲ
2647 5629 2753 5683 ὑπὸ
2777 5630 2885 5685 τῶν
2913 5633 3114 5688 δούλων
3150 5638 3178 5689 6
3213 5625 3478 5712 δεσπότης
3507 5639 3722 5715 ἐλέγχε-

2208 5765 2230 5794 ⁰
2254 5763 2378 5826 Reg.
2402 5765 2570 5823 πάντες
2586 5768 2698 5829 ἡμῖν
2719 5771 3056 5835 κατώρθωσαν,
