4106 6424
381 355 470 412 17⁸

1144 354 1232 410 DE
1271 353 1506 413 DECEM
1543 354 1832 412 MlLLlUM
1873 350 2172 407 TALENT.
2217 351 2563 409 DEBITORE
2602 351 2911 408 HOMlLIA.

3565 345 3652 400 {8'

430 541 3643 567 W

1646 909 1756 987 IN
1835 909 2437 989 PABABOLAM

399 1211 605 1259 DECEM
648 1208 918 1256 mLLIUM
953 1208 1375 1258 TALENTORUH
1414 1211 1778 1267 DEBITORIS,
1825 1211 1902 1255 ET
1940 1210 2192 1255 CENTUM
2237 1210 2549 1256 DENABI‘OS
2590 1211 2941 1271 EXIGENTIS,
2985 1214 3063 1262 ET
3105 1215 3275 1269 QUOD
3315 1215 3468 1261 OMNI
3508 1214 3656 1260 PEC-

828 1315 984 1362 εΑ-το
1023 1314 1339 1363 DETERIOR
1377 1316 1472 1361 SIT
1510 1315 1900 1360 INJURIARUH
1937 1315 2330 1361 RECORDATIO
2368 1296 2631 1378 (Matth.
2685 1296 2778 1361 18.
2819 1296 2920 1373 23,
2955 1317 3086 1381 sqq.
3129 1299 3237 1382 (a).

428 1825 455 1880 l
467 1865 480 1879 .
499 1823 649 1880 Sibie
661 1823 834 1878 morbo
849 1820 1477 1893 convaluisse'gratulatur;
1498 1820 1694 1876 dilectio
1711 1837 1985 1890 numquam

383 1917 692 1971 satiatur.—
713 1915 874 1984 Quasi
905 1930 971 1971 ex
1019 1913 1303 1985 longinqua
1339 1914 1768 1985 peregrinatione
1795 1915 1862 1970 ad
1889 1929 1984 1970 vos

383 2023 636 2064 reversus
664 2023 862 2073 essem,
907 2007 977 2062 ita
1024 2021 1110 2061 me
1139 2005 1300 2062 hodie
1332 2005 1578 2061 affectum
1607 2006 1781 2061 sentio
1811 2024 1825 2060 :
1861 2021 1983 2061 cum

389 2097 536 2156 enim
559 2100 762 2154 nullum
793 2098 1086 2154 amicorum
1109 2098 1441 2152 consortium
1469 2113 1589 2153 esse
1616 2106 1820 2168 potest,
1851 2097 1984 2153 nihil

384 2195 656 2250 commodi
706 2194 857 2249 affert
913 2208 1098 2248 eorum
1147 2192 1453 2263 praisentia.
1485 2191 1840 2260 Quamobrem
1883 2205 1982 2246 nos

384 2286 475 2357 qui
527 2285 675 2341 domi
733 2285 1080 2340 versabamur
1137 2299 1360 2354 peregre
1411 2283 1748 2337 versantibus
1815 2281 1984 2336 nihilo

388 2377 490 2432 hac
542 2377 594 2432 in
628 2384 781 2446 parte
831 2375 1098 2431 feliciores
1126 2373 1324 2429 fuimus
1356 2389 1370 2426 ε
1409 2374 1658 2451 nimicum
1692 2373 1782 2444 qui
1826 2387 1984 2444 supe-

388 2470 533 2524 riore
584 2479 827 2538 tempore
855 2469 1001 2522 nulla
1031 2466 1310 2522 vobiscum
1346 2467 1611 2537 colloquia
1649 2466 1851 2522 habere
1888 2481 1982 2536 po-

387 2559 588 2614 tuimus
617 2577 630 2612 :
673 2559 767 2614 sed
812 2559 985 2614 danda
1036 2569 1119 2616 est
1163 2560 1340 2626 venia,
1375 2574 1497 2613 cum
1528 2558 1677 2612 illud
1703 2573 1807 2612 non
1837 2558 1981 2614 iner-

386 2652 496 2717 tiae,
545 2652 640 2707 sed
691 2653 1018 2707 infirmitatis
1061 2651 1332 2708 silentium
1393 2650 1576 2726 fuerit.
1626 2649 1979 2707 Gratulamini

385 2743 546 2813 igitur
597 2759 684 2798 me
729 2742 797 2797 ab
848 2757 910 2799 ea
954 2743 1262 2798 infirmitate
1309 2740 1670 2808 convaluisse,
1727 2755 1826 2811 ego
1851 2756 1980 2796 vero

390 2835 622 2905 gaudeo,
666 2835 808 2910 quod
851 2849 948 2891 vos
1000 2835 1307 2890 carissimos
1333 2834 1464 2888 mihi
1492 2834 1822 2903 recuperavi.
1854 2833 1982 2888 Erat

383 2923 516 2979 mihi
556 2925 696 2980 inter
747 2925 1110 2995 aegrotandum
1165 2927 1282 2995 ipso
1329 2925 1516 2980 morbo
1555 2925 1804 2996 gravius,
1838 2926 1978 2996 quod

387 3017 546 3087 hujus
589 3017 771 3073 dilecti
815 3027 986 3073 cintus
1032 3019 1298 3088 particeps
1350 3032 1470 3072 esse
1520 3033 1627 3072 non
1697 3027 1975 3087 poteram:

381 3125 525 3166 nunc
562 3126 690 3167 vero
732 3112 972 3167 restituta
1020 3111 1350 3176 valetudine,
1400 3109 1511 3180 ipsa
1566 3111 1791 3165 sanitate
1847 3111 1978 3166 mihi

382 3203 668 3273 optabilius
709 3212 824 3271 est,
863 3203 1004 3274 quod
1056 3212 1248 3258 vestra:
1277 3203 1512 3257 caritatis
1541 3202 1746 3258 delicnis
1777 3201 1978 3274 perfrui

381 3311 572 3353 secure
599 3297 774 3352 liceat.
833 3296 946 3350 Non
974 3296 1115 3351 enim
1147 3295 1307 3350 febris
1325 3304 1528 3350 tantum
1550 3295 1794 3350 ardorem
1827 3295 1978 3349 inve-

379 3385 460 3440 hit
498 3385 915 3441 febricitantium
969 3386 1300 3456 corporibus,
1353 3395 1608 3455 quantum
1635 3401 1828 3439 animis
1881 3403 1978 3439 nu-

380 3478 508 3533 stris
536 3477 828 3532 amicorum
859 3477 1157 3532 absentium
1190 3475 1534 3541 desiderium,
1564 3485 1617 3529 et
1651 3475 1799 3529 utilli
1823 3474 1976 3544 phia-

380 3567 461 3621 las
504 3576 560 3622 et
599 3569 790 3638 pocula
829 3577 883 3622 et
917 3567 1135 3637 frigidos
1186 3567 1382 3632 fontes,
1437 3567 1507 3620 ita
1548 3567 1633 3620 isti
1677 3567 1973 3620 amicorum

379 3659 564 3714 vultus
595 3668 869 3729 exoptant.
897 3659 1102 3714 Norunt
1130 3659 1205 3712 illi
1231 3660 1320 3729 qui
1355 3673 1537 3712 amare
1563 3668 1972 3713 consueverunt.

379 3750 492 3820 Age
539 3751 698 3820 igitur
749 3750 962 3821 quando
1015 3751 1258 3804 morbum
1316 3749 1692 3818 deposuimus,
1747 3748 1972 3802 invicem

379 3843 708 3914 expleamur,
763 3844 808 3899 si
856 3843 1015 3898 modo
1047 3842 1160 3898 fieri
1191 3843 1363 3908 liceat,
1399 3851 1458 3896 ut
1496 3841 1582 3895 hic
1621 3841 1781 3895 ullam
1809 3841 1972 3895 satie-

378 3944 542 3991 tatem
572 3935 938 4001 inveniamus;
968 3935 1266 3990 dilectionis
1292 3934 1432 3988 enim
1460 3942 1646 3988 natura
1675 3935 1971 3987 satietatem

378 4041 486 4080 non
516 4028 682 4093 novit,
726 4034 780 4082 et
822 4042 889 4082 ex
935 4040 1035 4080 usu
1079 4025 1325 4080 amicitia:
1351 4024 1581 4093 majores
1602 4023 1842 4076 ﬂammas
1879 4037 1971 4077 ac-

377 4118 507 4190 cipit
539 4137 552 4174 :
579 4118 722 4189 quod
741 4119 856 4189 ipse
885 4117 1129 4173 alumnus
1155 4116 1455 4172 dilectionis
1497 4115 1692 4170 Paulus
1718 4123 1970 4170 testatum

377 4211 624 4282 reliquit,
673 4211 764 4281 qui
817 4211 888 4266 ita
930 4211 1101 4266 dixit:
1127 4209 1278 4264 Nulli
1303 4210 1576 4279 quidquam
1603 4210 1842 4273 debeatis,
1873 4209 1973 4262 nisi

376 4309 430 4354 ut
469 4303 677 4356 invicem
703 4302 926 4371 diligatis
956 4302 1130 4372 (Rom.
1163 4301 1252 4355 l3.
1277 4301 1355 4370 8).
1383 4299 1514 4353 lllud
1564 4300 1706 4354 enim
1734 4299 1970 4354 debitum

376 4407 590 4464 semper
615 4394 827 4464 quidem
871 4393 1146 4458 fundatur,
1175 4408 1466 4464 numquam
1515 4401 1691 4448 autem
1723 4393 1964 4446 solvitur.

375 4481 474 4538 Hic
524 4493 784 4555 perpetuo
827 4484 1027 4540 debere
1059 4484 1341 4555 pulchrum
1371 4492 1484 4549 est,
1533 4493 1587 4539 et
1615 4485 1664 4538 in
1692 4483 1846 4540 laude
1870 4499 1969 4554 po-

375 4577 558 4631 situm.
601 4573 660 4631 in
693 4593 755 4632 re
806 4579 1109 4647 pecuniaria
1160 4579 1286 4645 eos‘,
1339 4579 1429 4647 qui
1460 4593 1566 4632 non
1593 4578 1822 4646 debent,
1856 4579 1968 4633 lau-

375 4669 580 4726 dandos
619 4681 869 4742 putamus
900 4687 915 4724 :
949 4672 1001 4726 in
1023 4672 1306 4727 dilectione
1344 4687 1474 4726 vero
1504 4681 1788 4741 perpetuos
1820 4671 1969 4727 debi-

381 4770 528 4816 tores
553 4762 846 4832 probamus
890 4772 944 4818 et
969 4764 1296 4818 admiramur
1328 4781 1341 4817 :
1374 4773 1428 4818 et
1455 4764 1596 4834 quod
1625 4765 1692 4818 ibi
1722 4765 1967 4836 maligni-

377 4854 520 4917 tatis,
548 4853 636 4908 hic
675 4853 1021 4924 benignitatis
1070 4856 1278 4927 signum
1325 4863 1428 4923 est,
1460 4865 1519 4910 ut
1565 4856 1768 4911 scilicet
1807 4873 1964 4911 num-

375 4960 533 5014 quam
583 4946 823 5000 solvatur
869 4947 1107 5002 caritatis
1173 4948 1435 5003 debitum.
1487 4947 1566 5002 Ne
1611 4964 1756 5018 tegre
1784 4947 1967 5004 feratis

378 5035 734 5102 prolixitatem
777 5039 1036 5093 orationis
1083 5038 1274 5094 futura:
1319 5057 1335 5094 :
1383 5039 1782 5094 citharoedicam
1823 5040 1964 5094 enim

374 5125 906 5198 melodiam-eamque
921 5129 1285 5202 admirabilem
1315 5145 1412 5184 vos
1433 5130 1658 5197 docebo,
1689 5146 1794 5184 non
1817 5145 1966 5185 mor-

375 5225 517 5269 tuam
548 5217 718 5289 lyram
759 5219 1112 5286 attrectando,
1147 5221 1242 5277 sed
1285 5221 1682 5291 Scripturarum
1714 5222 1965 5278 historias

372 5318 430 5362 et
455 5308 552 5363 Dei
593 5321 862 5382 precepts
894 5328 991 5383 pro
1021 5316 1199 5370 nervis
1237 5314 1587 5370 intendendo.
1611 5316 1682 5370 Et
1707 5314 1968 5385 quemad-

372 5400 589 5456 modum
629 5403 916 5459 eitbartndi
957 5408 1182 5475 arreptis
1205 5407 1585 5477 discipulorum
1607 5407 1802 5477 digitis,
1833 5423 1964 5477 pau-

373 5489 522 5545 latim
565 5505 664 5548 eos
705 5493 927 5551 chordis
975 5496 1324 5554 admoventes
1376 5499 1736 5554 assuefaciunt
1793 5499 1964 5569 perite

368 5592 726 5654 mutrectare,
771 5597 828 5643 et
866 5604 935 5644 ex
986 5590 1149 5645 mutis
1170 5593 1317 5646 tonis
1355 5594 1624 5649 acnervis
1654 5594 1799 5648 omni
1824 5608 1961 5648 sono

366 5677 676 5732 suaviorem
725 5677 1092 5736 «dulciorem
1118 5697 1306 5738 vocem
1339 5685 1588 5740 emittere
1622 5685 1816 5740 docent
1841 5701 1854 5738 :
1882 5685 1954 5740 ita

436 5789 511 5848 (α’)
526 5789 704 5843 collata
726 5807 835 5846 cum
851 5795 1024 5848 Codice
1045 5795 1198 5860 Regio
1219 5797 1336 5849 l967
1362 5806 1413 5850 et
1432 5813 1542 5851 eum
1563 5799 1852 5852 Coisliniauo
1869 5798 1979 5850 ιιι.

2093 1834 2193 1876 nos
2221 1834 2436 1892 quoque
2457 1819 2712 1875 faciemus
2729 1861 2744 1886 ,
2775 1829 2830 1876 et
2856 1820 2975 1875 loco
3000 1819 3288 1892 digitorum
3312 1829 3541 1876 mentem
3591 1836 3684 1878 vc-

2089 1898 2253 1968 stram
2275 1921 2623 1969 attrectantes
2671 1913 2951 1984 praeceptis
2994 1913 3087 1969 Dei
3113 1913 3556 1979 admovebimus,
3599 1915 3684 1985 ju-

2089 2003 2437 2074 bebimusque
2489 2018 2552 2060 ea
2602 2003 2736 2060 scite
2779 2013 2835 2060 et
2863 2005 3137 2076 eleganter
3169 2004 3452 2076 attingere,
3486 2021 3592 2060 non
3621 2015 3682 2060 ut

2090 2097 2364 2153 hominum
2393 2097 2659 2154 theatrum
2680 2141 2696 2166 ,
2727 2098 2820 2154 sed
2861 2107 2919 2153 ut
2947 2099 3258 2168 angelorum
3297 2098 3548 2169 populum
3586 2114 3684 2168 per

2091 2188 2229 2243 hanc
2254 2188 2580 2259 voluptatem
2610 2188 2874 2244 excitetis.
2902 2188 3019 2244 Non
3047 2189 3188 2245 enim
3227 2190 3362 2246 satis
3385 2198 3468 2245 est
3503 2190 3546 2244 si
3569 2190 3684 2245 elo-

2089 2281 2209 2350 quia
2253 2280 2430 2335 divina
2471 2295 2808 2352 percenseas,
2836 2281 2939 2336 nisi
2978 2295 3041 2336 ea
3086 2296 3300 2352 quoque
3333 2282 3492 2337 rebus
3539 2297 3678 2352 pra:-

2087 2381 2196 2428 stes
2239 2381 2338 2428 :ct
2374 2374 2823 2444 quemadmodum
2867 2374 2919 2429 in
2972 2374 3174 2429 cithara
3229 2388 3426 2429 nervos
3469 2375 3679 2446 attingit

2087 2463 2304 2531 artifex,
2357 2465 2568 2535 attingit
2606 2481 2817 2536 quoque
2853 2476 2906 2520 et
2935 2465 3244 2534 imperitus,
3271 2481 3458 2520 verum
3497 2466 3591 2532 ita,
3621 2475 3683 2521 ut

2086 2555 2186 2611 iste
2229 2556 2526 2611 auditorem
2572 2565 2750 2623 vexet,
2791 2558 2878 2611 ille
2922 2557 3285 2626 voluptatibus
3332 2565 3388 2612 et
3445 2558 3681 2613 oblecta-

2087 2649 2229 2702 tione
2258 2649 2480 2719 repleat,
2531 2649 2630 2704 etsi
2661 2650 2942 2719 utrobique
2983 2649 3224 2719 ejusdem
3268 2650 3481 2720 generis
3529 2649 3682 2719 digiti

2085 2748 2140 2794 et
2207 2739 2365 2796 iidem
2421 2743 2570 2796 nervi
2619 2742 2766 2809 sint,
2821 2742 2915 2797 sed
2958 2757 3065 2796 non
3108 2742 3296 2797 eadem
3339 2742 3572 2812 peritia:
3608 2744 3680 2797 ita

2085 2846 2298 2901 quoque
2337 2831 2389 2886 in
2434 2832 2603 2887 sacris
2651 2833 2977 2902 Scripturis,
3041 2833 3192 2887 multi
3234 2832 3434 2887 adeunt
3470 2833 3679 2903 eloquia

2085 2922 2294 2990 divina,
2349 2923 2443 2979 sed
2495 2939 2602 2979 non
2643 2939 2831 2980 omnes
2875 2925 3078 2980 lucrum
3129 2923 3253 2980 inde
3297 2923 3532 2990 faciunt,
3583 2931 3678 2977 aut

2085 3016 2312 3071 fructum
2365 3016 2637 3084 referunt;
2676 3018 2729 3072 in
2777 3033 2936 3073 causa
2981 3027 3084 3084 est,
3137 3017 3278 3087 quod
3318 3032 3491 3088 neque
3535 3015 3682 3072 dicta

2085 3109 2215 3164 satis
2258 3119 2582 3176 scrutentur,
2613 3127 2789 3181 neque
2833 3127 2952 3165 cum
2996 3109 3224 3165 artificio
3255 3111 3513 3165 citharam
3554 3110 3676 3182 pul-

2083 3211 2203 3257 sent
2236 3201 2414 3272 :quod
2467 3203 2608 3257 enim
2654 3203 2706 3258 in
2753 3219 2810 3257 re
2853 3203 3195 3258 citharmdica
3239 3218 3347 3268 ars,
3377 3201 3477 3257 hoc
3503 3201 3678 3272 ipsum

2084 3294 2137 3348 in
2192 3293 2285 3348 Dei
2331 3294 2534 3363 legibus
2587 3309 2807 3364 operum
2838 3293 3114 3348 exltibitio.
3152 3293 3260 3348 Nos
3308 3302 3484 3348 autem
3512 3309 3673 3347 unam

2082 3387 2336 3438 chordam
2367 3384 2696 3454 pulsavimus
2727 3401 2821 3455 per
2839 3394 3004 3440 totam
3032 3383 3513 3458 quadragesimam,
3545 3384 3674 3439 dum

2083 3475 2253 3545 legem
2303 3476 2454 3530 vobis
2493 3476 2903 3546 dejuramentis
2947 3479 3306 3545 recitarimus,
3349 3486 3402 3533 et
3433 3477 3524 3531 Dei
3551 3492 3676 3546 gra-

2085 3567 2154 3621 tia
2212 3569 2457 3623 effectum
2502 3576 2621 3636 est,
2671 3579 2729 3623 ut
2776 3569 3031 3640 pleraque
3080 3570 3382 3624 auditarum
3439 3584 3471 3624 a
3517 3569 3708 3642 nobis

2082 3674 2172 3714 ora
2209 3661 2263 3714 in
2314 3659 2413 3714 hac
2466 3661 2597 3731 legis
2649 3661 2878 3717 melodia
2905 3662 2977 3717 ita
3015 3662 3252 3716 instituta
3301 3663 3426 3728 sint,
3478 3669 3536 3714 ut
3575 3660 3673 3715 de-

2080 3753 2230 3822 pulsa
2277 3767 2438 3822 prava
2485 3753 2894 3817 consuetudine,
2926 3769 3022 3823 pro
3045 3769 3110 3808 co
3148 3753 3288 3824 quod
3319 3762 3473 3807 antea
3501 3751 3672 3806 Deum

2073 3844 2346 3914 jurabant,
2369 3845 2478 3914 jam
2507 3845 2636 3899 nihil
2661 3844 2761 3898 nisi
2791 3846 2904 3911 Est,
2935 3845 3049 3899 Non
3080 3853 3191 3910 est,
3224 3853 3280 3900 et
3314 3843 3488 3900 Crede
3517 3842 3672 3911 mihi,

2079 3937 2130 3991 in
2163 3937 2340 4008 lingua
2369 3951 2462 3991 sua
2507 3937 2907 4004 circumferant,
2941 3937 3100 4007 idque
3129 3938 3183 3992 in
3205 3937 3348 3991 omni
3375 3935 3667 4006 colloquio,

2076 4030 2211 4086 adeo
2241 4039 2300 4085 ut
2339 4031 2477 4086 inter
2518 4031 2660 4086 mille
2690 4033 3024 4102 negotiorum
3076 4030 3424 4086 necessitates
3445 4029 3674 4085 ulterius

2076 4125 2325 4196 progredi
2354 4140 2457 4180 non
2485 4126 2802 4180 sustineant.

2145 4217 2485 4272 2.Ca.~terum
2517 4217 2636 4287 quia
2680 4232 2786 4272 non
2816 4217 3014 4272 sufficit
3063 4216 3130 4271 ad
3157 4217 3401 4283 salutem,
3433 4215 3478 4271 si
3502 4232 3670 4272 unum

2075 4319 2400 4378 praeceptum
2439 4309 2806 4375 observemus,
2855 4324 2952 4378 age
3002 4322 3099 4362 vos
3141 4306 3301 4362 hodie
3343 4305 3409 4360 ad
3439 4307 3666 4362 alterum

2075 4400 2414 4455 traducamus
2461 4402 2608 4456 :etsi
2654 4400 2798 4455 enim
2849 4415 2954 4454 non
3003 4413 3189 4453 omnes
3231 4398 3568 4468 profecerunt
3613 4399 3668 4453 in

2073 4492 2253 4562 priore
2301 4493 2454 4563 lege,
2505 4503 2741 4546 attamen
2793 4491 3050 4560 temporis
3087 4503 3373 4560 progressu
3402 4490 3492 4560 qui
3520 4498 3672 4544 retro

2075 4595 2384 4640 manserunt
2431 4598 2546 4652 eos,
2597 4585 2686 4653 qui
2737 4581 3065 4652 przecedunt,
3115 4591 3489 4651 assequentur.
3558 4580 3664 4636 De-

2073 4678 2334 4749 prehendi
2381 4681 2523 4734 enim
2575 4687 2774 4731 tantam
2823 4691 2946 4732 esse
2973 4676 3133 4744 hujus
3176 4675 3254 4730 rei
3302 4689 3507 4741 curam,
3538 4683 3594 4728 ut
3613 4683 3666 4729 et

2071 4770 2214 4825 domi
2242 4777 2294 4825 ct
2325 4770 2376 4823 in
2414 4783 2597 4823 mensa
2632 4767 2732 4822 viri
2785 4781 2908 4822 eum
2961 4765 3303 4830 mulieribus,
3351 4764 3492 4818 servi
3541 4778 3670 4818 cum

2073 4860 2318 4932 ingenuis
2367 4871 2640 4917 certamen
2687 4858 2755 4913 de
2800 4858 2959 4928 hujus
2987 4855 3240 4928 praecepti
3285 4855 3664 4912 observatione

2072 4951 2418 5016 contendant,
2468 4960 2524 5005 et
2565 4951 2748 5005 beatos
2778 4949 2930 5015 dixi,
2983 4949 3072 5022 qui
3129 4946 3198 5002 ad
3242 4947 3406 5002 istum
3447 4947 3668 5003 modum

2071 5044 2316 5100 convivia
2337 5043 2697 5098 celebrarent.
2739 5041 2876 5109 Quid
2917 5041 3060 5096 enim
3099 5055 3161 5096 ea
3197 5053 3381 5094 mensa
3407 5037 3664 5106 sanctius,

2069 5136 2211 5191 unde
2234 5145 2294 5191 et
2317 5135 2548 5190 ebrietas
2594 5143 2649 5190 et
2676 5134 2942 5188 voracitas
2993 5133 3274 5202 omnisque
3318 5131 3667 5201 prodigalitas

2069 5236 2283 5283 extrusa
2334 5235 2436 5292 est,
2491 5234 2546 5280 et
2585 5224 2703 5279 loco
2749 5223 2958 5278 illarum
3012 5221 3340 5277 admirabilis
3364 5219 3663 5275 introducta

2069 5317 2356 5390 przestandi
2401 5316 2564 5371 divini
2608 5315 2861 5386 praecepti
2891 5313 3258 5370 concertatio!
3293 5312 3429 5366 Dum
3459 5310 3542 5364 vir
3570 5309 3665 5364 ob-

2070 5417 2250 5464 servat
2296 5423 2542 5474 uxorem,
2573 5422 2710 5461 uxor
2747 5407 2942 5474 virum,
2979 5421 3048 5461 ne
3069 5406 3120 5460 in
3141 5399 3432 5474 praecipitia
3476 5399 3664 5471 per-ju-

2073 5500 2138 5556 rii
2187 5509 2327 5568 ruat,
2379 5508 2433 5555 et
2456 5499 2654 5555 mulcta
2685 5497 2999 5569 gravissima
3036 5494 3322 5550 constituta
3345 5499 3434 5548 est
3459 5507 3664 5562 prava-

2066 5592 2314 5658 ricatori,
2365 5605 2472 5646 non
2498 5589 2687 5662 pudori
2714 5599 2797 5644 est
2819 5588 3096 5643 dominum
3118 5599 3148 5639 a
3171 5583 3344 5640 servis
3372 5583 3619 5654 redargui
3643 5620 3661 5648 ,

2071 5693 2165 5740 aut
2217 5696 2402 5740 servos
2451 5695 2484 5736 a
2527 5679 2760 5738 dominis
2813 5675 3104 5752 castigari)
3148 5675 3314 5733 Recte
3351 5675 3514 5748 igitur
3539 5671 3658 5747 quis
