4106 6422
477 375 544 435 19
1223 373 1280 430 S.
1320 370 1596 430 JOANNIS
1632 363 2105 426 CHRYSOSTOMI
2145 363 2466 422 ARCIIIEP.
2507 366 3049 428 CONSTANTINOP.
3701 379 3773 442 go

471 491 769 549 Istiusmodi
791 489 1009 546 domum
1041 487 1132 544 Dei
1177 486 1470 542 Ecclesiam
1511 482 1764 554 appellet.
1800 480 1900 537 Ubi
1923 478 2068 535 enim

472 595 618 641 tanta
673 584 933 639 modestia
956 622 974 650 ,
1019 591 1078 636 ut
1131 580 1408 650 epularum
1441 587 1683 647 tempore
1712 572 1927 630 solliciti
1958 571 2067 626 sint

467 677 713 734 conviva:
743 677 810 732 de
836 675 1034 730 divinis
1065 673 1270 743 legibus
1289 714 1304 739 ,
1353 671 1596 740 aliusque
1622 683 1741 724 cum
1773 667 1878 721 alio
1905 679 2065 735 super

471 771 574 825 hoc
619 767 909 824 contendat
940 784 954 820 :
986 774 1192 821 certum
1224 773 1304 819 est
1329 763 1629 819 daemonem
1657 759 1781 816 inde
1807 768 2068 828 etquam-

469 862 595 915 libet
621 860 812 914 malam
842 859 1132 929 potentiam
1172 856 1500 912 eliminatam
1518 868 1658 918 esse,
1682 851 2066 920 Christumque

466 952 678 1018 adesse,
703 951 884 1006 laetum
914 965 977 1004 ac
1005 949 1230 1002 hilarem
1255 947 1322 1001 de
1352 946 1440 1000 illa
1467 944 1688 1015 pulchra
1713 942 1852 998 inter
1873 957 2063 998 servos

462 1057 590 1097 suos
644 1043 1005 1108 aemulatione,
1052 1054 1373 1109 omnemque
1417 1038 1521 1094 illis
1564 1037 1779 1109 elargiri
1837 1035 2059 1092 benedi-

461 1134 718 1188 ctionem.
742 1134 1079 1203 Quapropter
1104 1133 1305 1187 omisso
1331 1132 1442 1200 jam
1473 1128 1575 1185 hoc
1601 1137 1868 1199 praecepto
1897 1129 2062 1202 (novi

463 1224 608 1280 enim
639 1225 732 1280 Dei
757 1225 927 1296 gratia
954 1223 1007 1280 id
1037 1239 1131 1294 per
1156 1225 1459 1278 universam
1491 1225 1674 1277 urbem
1710 1231 2060 1292 propagatum

463 1317 549 1383 iri,
583 1333 704 1373 cum
735 1318 870 1373 adeo
916 1318 1183 1373 ferventes
1217 1317 1270 1372 in
1323 1315 1617 1385 principiis,
1666 1315 1907 1384 adeoque
1929 1329 2062 1370 con-

464 1421 669 1466 stantes
705 1427 800 1466 vos
841 1411 1181 1482 exhibeatis),
1227 1409 1294 1464 ad
1342 1408 1486 1465 aliud
1513 1417 1836 1478 prmceptum
1880 1417 2057 1462 trans-

461 1501 574 1568 ibo,
603 1503 745 1573 quod
774 1511 857 1558 est
896 1503 964 1558 de
993 1510 1299 1572 contemptu
1339 1503 1452 1556 iras.
1492 1501 1560 1557 Ut
1598 1500 1740 1556 enim
1772 1501 1825 1555 in
1853 1500 2057 1555 cithara

467 1609 578 1650 non
609 1596 738 1650 satis
783 1604 867 1650 est
914 1596 1072 1651 unico
1102 1610 1270 1650 nervo
1299 1595 1564 1650 coniicere
1589 1594 1876 1650 melodiam
1900 1635 1915 1661 ,
1959 1593 2056 1650 sed

459 1700 649 1740 omnes
700 1686 1046 1756 percurrendi
1085 1696 1249 1753 sunt,
1293 1686 1654 1742 concinnitate
1696 1687 2052 1756 congruenti:

457 1772 531 1829 ita
576 1789 788 1845 quoque
837 1775 892 1830 in
939 1775 1102 1830 animi
1149 1775 1372 1841 virtute,
1421 1792 1528 1831 non
1576 1791 1681 1831 una
1719 1775 1807 1831 lex
1855 1775 2056 1832 sufﬁcit

457 1864 615 1920 nobis
642 1865 710 1920 ad
751 1867 999 1935 salutem,
1050 1876 1108 1923 ut
1136 1868 1281 1938 prius
1325 1868 1459 1935 dixi,
1493 1867 1588 1923 sed
1632 1884 1821 1950 omnes
1866 1879 2054 1926 exacte

457 1957 774 2025 prmstanda:
803 1967 947 2025 sunt,
981 1959 1025 2013 si
1051 1959 1268 2029 quidem
1309 1959 1535 2014 velimus
1579 1961 1723 2013 omni
1772 1959 2050 2015 harmonia

455 2048 723 2104 dulciores
777 2057 831 2104 et
863 2051 1103 2106 utiliores
1152 2050 1398 2105 modulos
1448 2053 1732 2106 coniicere.
1766 2052 1954 2106 Didicit
1990 2067 2051 2110 os

455 2148 605 2194 tuum
634 2155 744 2196 non
772 2141 1000 2212 jurare?
1026 2141 1213 2197 edocta
1244 2151 1326 2198 est
1375 2151 1462 2197 tua
1491 2143 1689 2213 lingua,
1721 2142 1816 2207 ita,
1837 2153 1888 2198 et
1910 2143 2046 2210 Non,

453 2231 649 2302 ubique
676 2233 906 2289 sonare?
937 2234 1117 2290 Discat
1155 2234 1312 2290 etiam
1345 2236 1646 2290 convicium
1689 2251 1848 2291 omne
1893 2252 2050 2291 aver-

451 2322 579 2389 sari,
632 2323 997 2395 majoremqne
1042 2342 1224 2384 curam
1261 2326 1324 2383 ad
1373 2327 1475 2386 hoc
1519 2342 1846 2402 prmeeptum
1891 2329 2047 2386 adlu-

449 2414 599 2485 here,
646 2416 1076 2490 quandoquidem
1107 2431 1160 2477 et
1183 2422 1383 2492 majore
1403 2423 1588 2477 labore
1616 2438 1750 2492 OpllS
1779 2432 1880 2476 est.
1915 2422 2046 2478 Nam

449 2509 561 2566 illic
626 2514 956 2569 consuetudo
1009 2515 1122 2570 sola
1172 2516 1432 2571 vincenda
1480 2515 1579 2571 fuit
1619 2533 1633 2570 :
1680 2518 1734 2571 in
1785 2518 1862 2572 ira
1916 2533 2048 2572 vero

449 2606 758 2662 nervosiore
807 2606 1068 2662 industria
1110 2624 1246 2678 opus
1274 2617 1383 2675 est;
1417 2609 1684 2664 violentus
1720 2610 1862 2664 enim
1909 2609 2045 2666 affe-

449 2703 565 2747 ctus
586 2703 686 2761 est,
721 2699 1128 2766 ettyrannicus,
1153 2707 1208 2754 et
1234 2697 1464 2754 subinde
1501 2699 1698 2769 abripit
1724 2701 1806 2754 vel
1833 2714 1927 2756 eos
1953 2700 2046 2771 qui

447 2783 668 2854 vigilant
697 2786 739 2852 ⁸,
787 2796 841 2842 et
865 2788 934 2842 ad
961 2788 1273 2844 barathrum
1303 2791 1476 2859 ipsum
1526 2789 1838 2860 perditionis
1872 2790 2043 2847 dedu-

447 2875 539 2931 cit.
587 2875 745 2934 Ferte
792 2878 952 2948 igitur
993 2881 1353 2952 prolixitatem
1406 2883 1692 2938 sermonis.
1739 2885 2042 2942 Absurdum

445 2969 644 3039 quippe
669 2978 752 3025 est
795 2986 917 3027 cum
963 2973 1199 3044 quotidie
1223 2975 1520 3030 vulnereris
1547 2975 1602 3030 in
1648 2975 1787 3041 foro,
1822 2979 1877 3032 in
1901 2978 2034 3033 aedi-

446 3061 569 3130 bus,
609 3062 676 3118 ab
720 3064 927 3132 amicis,
961 3081 992 3121 a
1029 3068 1288 3136 cognatis,
1321 3067 1389 3123 ab
1419 3068 1668 3133 inimicis,
1708 3085 1739 3124 a
1779 3071 1987 3136 vicinis,
2011 3086 2042 3126 a

446 3152 636 3216 servis,
693 3154 762 3209 ab
811 3170 996 3224 uxore,
1028 3172 1059 3211 a
1093 3157 1224 3223 lilio,
1257 3173 1286 3212 a
1337 3159 1566 3228 propriis
1608 3160 2038 3230 cogitationibus,

446 3259 521 3299 ne
544 3245 711 3300 semel
737 3246 954 3317 quidem
985 3248 1036 3304 in
1066 3250 1314 3306 universa
1348 3249 1680 3306 hebdomada
1707 3251 1775 3308 de
1801 3252 2042 3309 remedio

445 3338 656 3394 illorum
710 3340 987 3397 vulnerum
1012 3357 1194 3398 curam
1234 3343 1516 3400 admittere
1547 3364 1559 3400 :
1593 3350 1890 3416 prmsertim
1918 3363 2037 3403 cum

445 3429 676 3486 sciamus
699 3433 858 3487 istum
887 3434 1109 3490 curandi
1153 3435 1370 3492 modum
1409 3432 1510 3492 nec
1548 3448 1783 3508 sumptu,
1814 3453 1912 3495 nec
1943 3439 2041 3494 do-

446 3519 562 3577 lore
607 3533 875 3580 constare.
921 3525 1038 3582 Non
1078 3529 1221 3583 enim
1257 3544 1398 3585 nunc
1448 3529 1649 3585 ferrum
1693 3531 1748 3585 in
1794 3531 2040 3587 manibus

446 3611 618 3668 habeo
642 3630 656 3668 :
685 3615 776 3670 sed
808 3616 1027 3672 verbum
1047 3632 1143 3688 pro
1167 3619 1327 3687 ferro,
1352 3621 1538 3692 quovis
1557 3629 1730 3678 tamen
1749 3622 1893 3678 ferro
1912 3638 2039 3679 acu-

446 3706 572 3769 tius,
591 3715 646 3762 et
691 3708 927 3779 cujusvis
955 3712 1156 3781 peccati
1177 3713 1512 3782 pulredinem
1536 3715 1891 3783 exscindens;
1922 3716 2038 3772 sine

445 3798 632 3854 dolore
662 3809 841 3856 tamen
881 3801 1015 3872 ejus,
1051 3804 1136 3858 cui
1163 3804 1263 3859 ista
1306 3805 1492 3861 incisio
1523 3806 1601 3862 fit.
1632 3805 1750 3861 Non
1779 3807 1953 3878 ignem
1985 3808 2036 3863 in

440 3886 627 3943 dextra
678 3889 873 3958 habeo,
924 3892 1018 3948 sed
1044 3892 1341 3949 doctrinam
1402 3895 1524 3964 igne
1559 3895 2034 3963 vehementiorem,

441 3993 672 4050 eamque
699 3997 804 4036 non
843 3983 1187 4038 adhibentem
1215 3985 1530 4050 cauterium,
1563 3985 1658 4040 sed
1687 3996 1863 4042 tamen
1883 3987 2036 4042 cohi-

444 4069 659 4125 bentem
691 4073 906 4127 malitias
933 4082 1335 4143 proserpentem
1355 4077 1679 4144 erosionem,
1709 4089 1764 4134 et
1794 4093 1890 4148 pro
1919 4095 2041 4136 cru-

443 4160 581 4214 ciatu
613 4160 899 4230 plurimam
917 4163 985 4230 ei,
1008 4165 1099 4235 qui
1128 4164 1387 4222 liberatur
1406 4183 1437 4224 a
1459 4168 1658 4223 malitia
1680 4211 1694 4237 ,
1725 4169 2037 4228 afferentem

443 4250 794 4321 voluptatem.

526 4341 664 4399 Velle
691 4348 814 4400 satis
834 4356 930 4413 est;
963 4349 1238 4407 auctoritas
1251 4351 1478 4422 jubentis
1504 4355 1722 4410 excitare
1740 4357 1912 4426 debet;
1938 4357 2040 4414 Pe—

444 4435 509 4489 tri
529 4437 578 4491 in
600 4454 799 4492 scenam
816 4441 1078 4514 paulisper
1097 4442 1288 4498 inducti
1317 4445 1565 4516 primatus
1591 4455 1636 4501 et
1665 4448 1891 4503 studium
1916 4468 2038 4522 erga

444 4529 728 4585 doctrinam
777 4532 965 4588 Christi
1019 4536 1454 4606 praedicantur.—
1475 4537 1592 4594 Non
1621 4539 1708 4596 hic
1755 4556 1889 4612 opus
1955 4553 2039 4600 est

445 4627 705 4691 tempore,
742 4638 848 4678 non
878 4625 1150 4684 laboribus
1171 4669 1187 4694 ,
1221 4643 1330 4684 non
1376 4631 1616 4700 pecuniis
1650 4649 1662 4684 :
1691 4631 1866 4688 solum
1901 4635 2038 4692 velle

443 4711 573 4767 satis
599 4722 702 4780 est,
740 4723 795 4769 et
819 4716 997 4770 statim
1026 4718 1282 4788 quidquid
1313 4719 1471 4790 hujus
1515 4721 1724 4779 virtutis
1754 4732 1838 4780 est.
1893 4740 2035 4796 prte-

443 4805 760 4863 stiterimus.
789 4807 941 4876 Quod
976 4810 1020 4864 si
1061 4813 1376 4882 cogitemus,
1427 4823 1622 4885 quanta
1648 4815 1718 4870 sit
1751 4819 2039 4874 auctoritas
2084 4849 2086 4852 ν

449 4895 546 4950 Dei
570 4896 809 4966 jubentis
827 4940 842 4966 ,
875 4907 932 4954 et
949 4901 1244 4957 conditoris
1272 4902 1425 4958 istius
1465 4904 1622 4975 legis,
1654 4906 1783 4962 satis
1811 4923 1876 4963 ex
1898 4924 1964 4965 eo
1987 4916 2042 4966 et

441 4985 654 5041 abunde
700 4987 948 5045 instructi
974 4997 1026 5046 et
1052 4991 1310 5048 admoniti
1340 4993 1634 5063 fuerimus;
1687 5013 1862 5069 neque
1893 5001 2036 5058 enim

443 5089 472 5128 a
502 5075 656 5131 nobis
684 5077 815 5147 ipsis
843 5081 1045 5135 monita
1066 5082 1221 5137 vobis
1241 5083 1551 5152 adferimus,
1582 5086 1678 5142 sed
1720 5089 1786 5143 ad
1826 5089 2041 5162 legisla-

443 5175 614 5222 torem
641 5181 738 5222 vos
765 5183 955 5225 omnes
1003 5171 1336 5230 adducimus.
1376 5175 1673 5246 Sequimini
1722 5179 1917 5250 igitur,
1982 5192 2040 5239 et

440 5259 650 5316 divinas
689 5259 832 5330 leges
857 5262 1057 5318 audite.
1095 5265 1193 5322 Ubi
1216 5282 1343 5322 vero
1371 5267 1440 5324 de
1461 5269 1535 5323 ira
1561 5280 1613 5326 et
1638 5269 1906 5329 simultate
1928 5273 2041 5330 diss

445 5362 685 5423 putatum
731 5357 850 5411 est?
901 5355 1236 5414 Multii'ariam
1266 5360 1481 5431 quidem
1529 5363 1582 5418 in
1631 5365 1813 5421 multis
1861 5367 2033 5437 locis,

443 5446 674 5502 maxime
714 5455 892 5504 autem
933 5448 986 5504 in
1031 5450 1282 5520 parabola
1329 5452 1418 5508 illa
1442 5495 1457 5521 ,
1499 5470 1656 5525 quam
1695 5457 1763 5512 ad
1801 5457 2037 5531 discipu-

443 5534 523 5590 los
553 5535 775 5607 loquens
820 5537 890 5594 ad
933 5538 1094 5596 istum
1149 5539 1320 5598 ferme
1369 5544 1586 5600 modum
1627 5562 1849 5604 exorsus
1903 5559 2030 5608 est:

447 5623 572 5680 Ideo
609 5627 947 5686 assimilatum
979 5643 1053 5690 est
1097 5651 1309 5708 regnum
1368 5637 1609 5694 caelorum
1657 5641 1852 5697 homini
1904 5646 2033 5718 regi,

442 5763 698 5874 nimios”
723 5764 898 5832 abripit
924 5781 1003 5822 eos
1025 5784 1107 5834 qm
1124 5785 1218 5824 non
1239 5773 1452 5840 vigilant,
1473 5790 1583 5842 quae
1608 5779 1754 5834 lectio
1770 5793 1867 5834 non
1891 5795 2028 5849 sper-

1957 5969 2016 5981 H-.

2178 480 2266 550 qui
2312 482 2470 537 voluit
2507 485 2755 540 rationem
2784 503 2971 558 ponere
3016 505 3132 545 cum
3177 493 3334 548 servis
3377 511 3503 552 suis.
3539 497 3606 554 Et
3653 519 3780 556 cum.

2179 572 2408 645 coepisset
2443 575 2688 630 rationem
2720 595 2922 647 ponere,
2951 579 3153 636 oblatus
3175 592 3245 637 est
3275 585 3322 638 ei
3362 603 3494 643 unus
3512 593 3598 660 qui
3621 591 3768 646 debeo

2175 657 2258 710 bat
2287 660 2331 712 ei
2372 659 2541 714 decem
2571 661 2732 716 millia
2771 663 2961 718 talenta
2989 680 3010 720 :
3037 682 3150 721 cum
3191 678 3360 724 autem
3400 689 3502 728 non
3524 657 3765 742 haberet,

2171 749 2306 804 unde
2337 751 2585 819 redderet,
2625 755 2781 825 jussit
2814 766 2862 810 et
2904 758 3073 829 ipsum
3115 764 3430 833 venumdari,
3485 777 3530 821 et
3558 785 3768 826 uxorem

2171 841 2298 911 ejus,
2333 852 2377 895 et
2418 844 2620 910 liberos,
2653 857 2701 901 et
2726 851 2896 904 omnia
2931 867 3044 919 qua:
3073 854 3317 925 habebat,
3359 870 3408 914 et
3444 863 3609 917 reddi.
3635 864 3770 920 Pro-

2171 932 2346 1002 lapsus
2383 935 2536 1006 igitur
2573 955 2744 994 servus
2780 941 2868 996 ille
2895 943 2964 996 ad
2993 946 3144 1013 pedes
3173 949 3314 1017 ejus,
3344 953 3520 1006 orabat
3550 971 3664 1010 eum
3689 957 3768 1013 his

2169 1023 2368 1079 verbis:
2403 1025 2635 1096 Domine,
2660 1032 2955 1100 patientiam
2985 1036 3114 1095 habe
3153 1039 3206 1092 in
3232 1057 3331 1108 me,
3379 1052 3424 1098 et
3453 1048 3624 1100 omnia
3643 1051 3765 1102 red-

2167 1115 2286 1171 dant
2320 1118 2427 1172 tibi.
2457 1121 2697 1178 Misertus
2723 1136 2891 1182 autem
2932 1129 3168 1187 dominus
3205 1137 3332 1190 servi
3373 1138 3542 1206 illius,
3575 1143 3770 1197 dimisit

2166 1223 2300 1275 eum,
2332 1220 2380 1264 et
2422 1212 2642 1268 debitum
2667 1218 2856 1273 dimisit
2883 1221 2950 1275 ei.
3000 1221 3250 1293 Egressus
3283 1238 3449 1283 autem
3469 1233 3558 1287 ille
3576 1233 3770 1293 invenit

2165 1315 2324 1356 unum
2355 1302 2418 1357 de
2445 1309 2700 1363 conservis
2723 1311 2849 1376 suis,
2888 1316 2976 1383 qui
3002 1316 3102 1384 ipsi
3143 1317 3349 1374 debebat
3371 1334 3571 1378 centum
3600 1327 3760 1380 denad-

2163 1391 2301 1460 rias,
2345 1405 2392 1448 et
2421 1405 2594 1452 tenens
2630 1399 2912 1468 su/focabat
2957 1423 3096 1474 eum,
3148 1410 3358 1480 dicens,
3407 1414 3586 1471 Redde
3625 1419 3768 1488 quod

2163 1483 2344 1549 debes;
2396 1489 2727 1558 procumbens
2766 1511 2885 1566 ergo
2929 1513 3196 1556 conservus
3243 1504 3332 1558 ille
3373 1505 3443 1558 ad
3473 1483 3763 1581 pedes'ejus

2160 1579 2372 1649 rogabat
2397 1580 2589 1650 dicens,
2619 1583 2927 1644 Patientiam
2947 1591 3074 1646 habe
3093 1595 3147 1648 in
3173 1612 3270 1660 me,
3301 1608 3350 1652 et
3369 1602 3540 1656 omnia
3567 1579 3765 1661 solvam

2160 1667 2250 1722 tibi
2279 1685 2299 1723 :
2327 1671 2413 1725 ille
2439 1682 2604 1728 autem
2625 1679 2820 1746 noluit,
2848 1686 2937 1735 sed
2955 1699 3069 1738 eum
3090 1686 3210 1742 inde
3234 1689 3506 1746 abductum
3548 1697 3762 1766 conjecit

2157 1757 2210 1813 in
2238 1776 2490 1818 carcerem
2513 1807 2528 1832 ,
2579 1768 2737 1824 donec
2766 1770 2989 1827 debitum
3031 1777 3263 1834 redderet
3288 1797 3307 1834 .·
3344 1783 3564 1841 uidentes
3592 1798 3761 1844 autem

2157 1854 2382 1908 conservi
2411 1856 2573 1926 ipsius
2598 1860 2850 1932 indignati
2881 1876 3017 1932 sunt,
3055 1877 3103 1923 et
3150 1873 3399 1930 venientes
3427 1893 3760 1936 narraueram

2156 1941 2362 2000 domino
2409 1963 2523 2001 suo.
2559 1949 2700 2006 Tunc
2726 1957 2916 2009 vocavit
2962 1958 3108 2014 illum
3149 1964 3385 2020 dominus
3414 1984 3554 2035 suus,
3595 1980 3644 2025 et
3685 1975 3760 2027 ait

2158 2036 2238 2090 illi
2264 2054 2283 2092 :
2315 2038 2473 2094 Serve
2496 2059 2730 2114 nequam,
2759 2065 2907 2104 omne
2929 2051 3152 2108 debitum
3181 2055 3350 2112 dimisi
3381 2060 3490 2125 tibi,
3515 2065 3758 2132 quoniam

2154 2131 2345 2198 rogasti
2371 2148 2449 2186 me
2471 2149 2490 2185 :
2520 2151 2688 2191 nonne
2712 2155 2830 2210 ergo
2851 2144 3074 2211 oportuit
3100 2153 3146 2199 et
3197 2155 3245 2200 te
3283 2149 3511 2205 misereri
3532 2157 3760 2208 conservi

2153 2223 2245 2286 tui,
2273 2225 2400 2278 sicut
2435 2238 2481 2282 et
2507 2246 2597 2301 ego
2644 2232 2718 2285 tui
2766 2235 2998 2291 misertus
3025 2240 3182 2294 sum?
3226 2240 3370 2297 Tunc
3406 2248 3616 2302 tradidit
3639 2267 3759 2306 eunt

2154 2316 2447 2384 tortoribus,
2472 2321 2796 2394 quoadusque
2810 2325 3041 2382 redderet
3069 2331 3359 2388 universum
3384 2336 3626 2394 debitum.
3664 2341 3758 2397 Sic

2152 2421 2199 2466 et
2234 2413 2389 2468 Pater
2426 2433 2566 2472 meus
2593 2417 2805 2475 cwlestis
2835 2421 2987 2490 faciet
3023 2423 3160 2478 vobis
3184 2468 3197 2490 ,
3247 2426 3289 2480 si
3330 2445 3430 2482 non
3460 2435 3758 2490 remiseritis

2151 2509 2494 2580 unusquisque
2521 2515 2671 2584 fratri
2716 2530 2809 2570 suo
2849 2513 2910 2572 de
2956 2515 3190 2576 cardibus
3214 2520 3388 2580 vestris
3416 2520 3628 2598 (Matth.
3666 2525 3752 2586 i8.

2149 2595 2363 2669 23-35).

2222 2691 2276 2744 5.
2332 2691 2475 2748 Talis
2535 2697 2751 2766 quidem
2805 2703 3057 2771 parabola
3131 2707 3249 2762 ista.
3312 2709 3608 2769 Dicendum
3669 2728 3756 2772 est

2150 2793 2311 2849 porro
2350 2823 2365 2850 ,
2419 2800 2582 2855 quare
2661 2803 2783 2844 cum
2855 2793 3154 2863 adjectione
3223 2815 3398 2858 causze
3452 2803 3598 2862 illam
3654 2825 3753 2879 pa-

2147 2873 2386 2931 rabolam
2453 2881 2728 2948 proposuit
2778 2901 2792 2936 :
2841 2901 2947 2941 non
3031 2890 3175 2946 enim
3227 2895 3545 2966 simpliciter
3594 2873 3752 2971 dixit,

2148 2967 2498 3024 assimilatum
2551 2981 2637 3027 est
2679 2989 2901 3045 regnum
2931 2979 3183 3038 caalorum
3219 3027 3233 3052 ,
3266 2987 3360 3043 sed
3381 3031 3397 3057 ,
3456 2991 3585 3048 Ideo
3618 2967 3754 3052 tusi;

2147 3059 2378 3115 miletum
2425 3072 2496 3118 est
2552 3082 2762 3138 regnum
2800 3071 3060 3128 calorum.
3116 3075 3226 3133 Cur
3276 3096 3404 3152 ergo
3443 3098 3602 3142 causa
3650 3090 3751 3144 ad-

2141 3152 2328 3221 juncta
2358 3157 2476 3210 est?
2516 3157 2592 3214 De
2622 3159 2901 3219 tolerantia
2926 3165 3203 3237 discipulis
3243 3187 3545 3232 sermonem
3591 3179 3756 3238 facie-

2146 3244 2276 3313 bat,
2309 3247 2509 3307 docens
2534 3293 2548 3317 ,
2582 3255 2851 3323 quomodo
2879 3257 2958 3312 ira
2990 3260 3307 3319 refrenanda
3335 3277 3480 3324 esset
3504 3280 3752 3330 contem-

2145 3339 2443 3412 nendaaque
2470 3344 2678 3414 injurias
2708 3349 2860 3406 nobis
2883 3351 3060 3422 illatae,
3115 3356 3271 3427 idque
3299 3359 3382 3415 his
3411 3363 3588 3420 verbis
3621 3384 3636 3421 :
3686 3364 3758 3422 Si

2147 3435 2432 3500 peccaverit
2461 3437 2515 3489 in
2548 3446 2595 3490 te
2623 3441 2781 3510 frater
2805 3450 2922 3497 tuus
2944 3486 2960 3511 ,
3001 3447 3156 3513 unde,
3203 3459 3250 3503 et
3288 3454 3598 3522 reprehende
3636 3474 3752 3514 eum

2145 3523 2276 3579 inter
2303 3536 2351 3580 te
2374 3537 2418 3581 et
2448 3530 2618 3599 ipsum
2644 3533 2826 3588 solum.
2877 3534 2940 3590 Si
2973 3541 3330 3596 auscultaverit
3366 3544 3488 3613 tibi,
3523 3547 3750 3605 lucratus

2145 3631 2196 3670 es
2225 3614 2437 3686 fratrem
2470 3629 2613 3676 tuttm
2651 3623 2875 3696 (Matth.
2915 3627 3002 3683 l8.
3035 3630 3164 3701 l5).
3207 3631 3331 3690 Haec
3351 3647 3408 3691 et
3450 3637 3551 3692 alia
3598 3639 3748 3710 ejus-

2145 3712 2288 3767 modi
2310 3713 2524 3771 Christo
2554 3716 2806 3787 loquente
2845 3720 2912 3775 ad
2946 3721 3236 3794 discipulos
3274 3743 3438 3798 suos,
3484 3731 3749 3804 istamque

2145 3801 2541 3876 philosophiam
2607 3807 2875 3879 docente,
2943 3812 3135 3870 Petrus
3182 3816 3331 3874 chori
3381 3801 3747 3890 apostolorum

2149 3897 2398 3968 princeps
2419 3940 2433 3965 ,
2465 3914 2527 3955 os
2557 3899 2941 3972 discipulorum
2967 3947 2984 3973 ,
3032 3908 3280 3965 columna
3319 3911 3612 3982 Ecclesia},
3656 3916 3751 3972 lir-

2148 3998 2477 4045 mamentum
2528 3991 2688 4062 ﬁdei,
2736 3996 3088 4053 confessionis
3119 3998 3552 4073 fundamentum,
3599 4007 3748 4063 orbis

2149 4085 2411 4136 terrarum
2456 4082 2708 4152 piscator,
2750 4087 2839 4157 qui
2879 4104 3048 4157 genus
3092 4100 3332 4146 nostrum
3371 4109 3434 4150 ex
3470 4097 3746 4166 profundis

2146 4184 2390 4225 errorum
2432 4172 2485 4227 in
2531 4175 2720 4230 caelum
2759 4177 3014 4246 adduxit,
3061 4182 3152 4250 qui
3196 4182 3391 4254 ubique
3431 4185 3663 4244 fervidus
3692 4200 3747 4245 et

2146 4260 2394 4319 libertate
2429 4263 2646 4333 plenus,
2677 4266 2784 4323 imo
2813 4270 2992 4340 potius
3035 4273 3255 4328 caritate
3283 4291 3441 4345 quam
3471 4277 3744 4348 libertate,

2148 4355 2446 4411 tacentibus
2479 4357 2727 4413 omnibus
2755 4402 2770 4426 ,
2816 4362 3076 4418 accedens
3103 4365 3169 4419 ad
3201 4368 3514 4438 magistrum
3559 4371 3694 4427 dixit
3727 4391 3740 4426 :

2151 4447 2356 4514 Quoties
2385 4450 2606 4520 peccabit
2643 4451 2695 4506 in
2726 4470 2802 4507 me
2848 4459 3006 4525 frater
3035 4473 3173 4512 meus
3194 4499 3208 4523 ,
3259 4469 3305 4514 et
3351 4462 3602 4516 remittam
3627 4465 3747 4520 illi?

2145 4553 2305 4609 usque
2351 4542 2534 4610 septies
2579 4541 2757 4616 (Ibid.
2810 4561 2858 4598 υ.
2912 4546 2974 4601 21
3002 4548 3064 4618 )?
3095 4550 3252 4604 simul
3283 4560 3337 4605 et
3367 4551 3660 4625 interrogat
3689 4566 3746 4612 et

2149 4632 2451 4703 pollicetur,
2486 4643 2541 4692 et
2573 4638 2877 4708 priusquam
2907 4639 3114 4705 discat,
3162 4657 3410 4713 magnum
3453 4644 3555 4701 hac
3587 4647 3639 4701 iu
3684 4664 3745 4703 re

2147 4726 2380 4783 studium
2422 4744 2531 4799 prce
2575 4745 2633 4784 se
2689 4728 2811 4786 fert.
2859 4730 2995 4786 Cum
3034 4733 3175 4788 enim
3221 4745 3455 4791 mentem
3505 4739 3743 4810 magistri

2147 4818 2315 4888 probe
2344 4821 2607 4890 cognitam
2641 4820 2898 4890 haberet,
2940 4839 3098 4894 quam
3127 4825 3217 4880 illa
3253 4825 3318 4881 ad
3358 4827 3742 4887 humanitatem

2147 4924 2316 4980 prona
2350 4922 2492 4968 esset
2516 4951 2532 4978 ,
2560 4921 2616 4968 et
2644 4913 2788 4984 quod
2816 4913 2904 4970 ille
2932 4917 3198 4987 praecipue
3226 4920 3451 4990 gratiam
3477 4936 3601 4977 cum
3628 4923 3744 4994 ipso

2145 5002 2324 5071 iniret,
2369 5007 2457 5076 qui
2503 5005 2555 5060 in
2595 5007 2962 5064 condonandis
3000 5009 3218 5066 oil‘ensis
3254 5016 3550 5083 promptior
3576 5026 3740 5082 esset,

2147 5112 2319 5166 neque
2358 5098 2409 5152 in
2443 5097 2736 5155 istiusmodi
2774 5101 2936 5156 rebus
2978 5103 3232 5158 acerbum
3274 5113 3408 5161 seet
3436 5122 3614 5162 aerem
3643 5124 3745 5163 ex-

2148 5190 2388 5258 hiberet,
2419 5193 2604 5248 volens
2629 5195 2843 5265 placere
2865 5195 3156 5265 legislatori
3184 5197 3530 5270 interrogavit
3555 5239 3569 5268 ,
3614 5216 3742 5258 num

2146 5298 2314 5356 usque
2341 5287 2537 5356 septies
2572 5287 2722 5343 venia
2753 5288 2994 5343 iteranda
3021 5299 3182 5345 esset.
3227 5291 3430 5346 Deinde
3466 5301 3525 5346 ut
3567 5290 3745 5350 discas

2146 5378 2320 5447 qualis
2346 5379 2508 5434 homo
2526 5420 2542 5448 ,
2569 5380 2740 5451 qualis
2771 5396 2900 5436 vero
2928 5381 3067 5436 Deus
3093 5384 3181 5447 sit.
3217 5384 3493 5455 qualisque
3522 5385 3640 5456 ejus
3664 5386 3745 5442 in-

2147 5469 2440 5541 dulgentia,
2473 5479 2528 5527 et
2546 5471 2815 5542 quomodo
2841 5471 3070 5528 humana
3099 5474 3418 5545 benignitas,
3437 5476 3480 5530 si
3509 5476 3576 5531 ad
3598 5477 3742 5535 illius

2145 5563 2404 5635 largitatis
2430 5565 2753 5635 opulentiam
2797 5567 2985 5622 collata
3021 5569 3132 5633 sit,
3183 5569 3369 5638 quavis
3421 5579 3738 5639 paupertate

2143 5657 2501 5726 contemptior
2526 5656 2840 5726 reperiatur,
2873 5667 2928 5713 et
2953 5658 3200 5728 quantula
3226 5659 3369 5714 stilla
3411 5659 3482 5714 sit
3500 5661 3568 5714 ad
3592 5675 3742 5718 mare

2147 5747 2489 5815 immensum,
2519 5756 2718 5804 tantam
2751 5757 2986 5806 nostram
3017 5750 3308 5807 bonitatem
3335 5749 3404 5806 ad
3428 5750 3572 5808 illius
3597 5750 3739 5810 inof-

2147 5837 2358 5897 fabilem
2406 5839 2788 5897 humanitatem
2842 5841 3208 5902 mstimandam
3260 5860 3273 5902 :
3325 5841 3523 5902 dicenti
3575 5841 3736 5903 Petro
