4106 6426
354 398 423 458 ιε
1139 393 1230 451 DE
1267 395 1495 453 DECEM
1537 394 1826 452 MILLIUM
1864 395 2163 452 TALENT.
2207 394 2555 452 DEBITORE
2598 392 2904 451 HOMILIA.
3561 372 3635 453 25

361 517 504 577 σθαι,
534 513 664 568 οὐδέ
692 512 823 577 τούς
855 510 1072 576 οἰκέτας
1098 512 1262 567 αὐτοῦ
1289 512 1383 565 ἐπὶ
1426 511 1635 577 τούτοις
1665 512 1940 583 διορθοῦν;

366 602 477 656 Οὐκ
513 599 579 655 ἀν
608 614 697 663 τις
744 597 982 670 ἁμάρτοι
1014 597 1111 669 τὴν
1163 597 1415 669 τοιαύτην
1451 597 1627 652 οἰκίαν
1657 596 1954 668 ἐκκλησίαν

369 683 502 739 Θεοῦ
558 682 902 754 προσειπών.
946 682 1118 736 Ὅπου
1162 681 1267 752 γὰρ
1318 682 1638 752 σωφροσύνη
1692 680 1950 753 τοσαύτη,

369 767 442 831 ώς
469 767 526 820 ἐν
546 764 727 837 καιρῷ
747 765 962 837 τρυφῆς
986 767 1256 837 μεριμνᾷν
1276 764 1415 835 ὑπὲρ
1440 764 1547 818 τῶν
1571 764 1729 819 θείων
1750 764 1950 835 νόμων,

370 851 465 904 καὶ
488 850 614 912 τούς
647 848 920 920 παρόντας
950 846 1194 910 ἅπαντας
1226 847 1367 918 ὑπὲρ
1386 846 1578 899 τούτου
1608 845 1744 917 πρὸς
1785 845 1953 916 ἀλλή-

369 933 494 997 λους
524 932 887 1002 ἀγωνίζεσθαι
917 933 1009 985 καὶ
1040 930 1394 1002 φιλονεικεῖν,
1436 929 1657 1000 εὔδηλον
1680 970 1695 994 ,
1729 930 1811 984 ὅτι
1840 929 1957 983 δαί-

374 1034 492 1087 μων
518 1016 616 1087 μὲν
644 1017 791 1079 ἄπας
817 1016 913 1070 καὶ
945 1015 1155 1087 πονηρά
1183 1014 1412 1084 δύναμις
1446 1013 1798 1085 ἀπελήλαται,
1828 1016 1956 1088 Χρι-

372 1099 498 1162 010;
523 1099 579 1151 δὲ
607 1099 836 1171 πάρεστί
861 1098 1067 1170 χαίρων
1101 1097 1194 1150 ἐπὶ
1223 1099 1287 1168 τῇ
1312 1096 1447 1167 καλῇ
1475 1096 1583 1150 τῶν
1627 1097 1828 1152 δούλων
1862 1116 1954 1167 φι-

370 1178 613 1254 λονεικίᾳ
642 1223 657 1248 ,
692 1184 874 1235 πᾶσαν
921 1181 1102 1246 αὐτοῖς
1137 1180 1647 1252 ἐπιδαψιλευόμενος
1680 1181 1951 1251 εὐλογίαν.

370 1265 475 1319 Διά
499 1265 562 1336 δὴ
587 1265 758 1319 ταῦτα
788 1264 988 1337 ταύτην
1009 1265 1167 1334 ἀφεὶς
1198 1264 1381 1318 λοιπὸν
1428 1264 1526 1335 τὴν
1554 1264 1772 1337 ἐντολὴν
1800 1261 1955 1336 (οἶδα

370 1347 486 1421 γὰρ
516 1348 597 1402 ὅτι
629 1347 763 1402 Θεοῦ
817 1349 998 1420 χάριτι
1036 1349 1214 1401 πᾶσαν
1246 1348 1629 1419 ἐπιδραμεῖται
1665 1349 1763 1419 τὴν
1802 1349 1955 1403 πόλιν

372 1431 506 1503 ὑμῖν
531 1431 709 1503 θερμά
730 1433 994 1504 προοίμια
1017 1429 1345 1485 ἀναλαϐοῦσι
1369 1431 1460 1483 καὶ
1483 1430 1658 1503 ἀρχὴν
1682 1432 1953 1504 ἰσχυράν),

372 1517 462 1585 ἐφ’
493 1514 684 1587 ἑτέραν
714 1515 1115 1587 μεταϐήσομαι·
1148 1515 1248 1585 τὴν
1277 1514 1377 1584 τῆς
1417 1514 1586 1586 ὀργῆς
1631 1515 1952 1587 ὑπεροψίαν.

373 1586 593 1670 Ὠσπερ
639 1597 749 1669 γὰρ
779 1599 872 1652 ἐπὶ
911 1586 1010 1667 τῆς
1037 1598 1270 1670 κιθάρας
1300 1599 1400 1653 οὐκ
1448 1600 1610 1670 ἀρκεῖ
1651 1586 1819 1671 μόνον
1847 1601 1956 1654 ἀπὸ

375 1682 511 1752 μιᾶς
540 1683 739 1754 νευρᾶς
762 1681 866 1753 τὴν
897 1682 1162 1753 μελῳδίαν
1197 1682 1532 1752 ἐργάσασθαι
1557 1724 1571 1748 ,
1608 1685 1744 1740 ἀλλά
1777 1684 1957 1749 πάσας

371 1764 592 1818 ἐπιέναι
620 1764 702 1817 δεῖ
734 1763 873 1835 μετά
899 1764 1106 1836 ῥυθμοῦ
1144 1765 1237 1819 τοῦ
1268 1768 1636 1838 προσήκοντος
1655 1785 1669 1800 ’
1694 1766 1837 1822 οῦτω
1865 1770 1957 1823 καὶ

372 1846 472 1900 ἐπὶ
500 1846 602 1918 τῆς
639 1846 778 1901 κατά
806 1847 983 1920 ψυχὴν
1003 1846 1205 1921 ἀρετῆς
1231 1850 1330 1903 οὐκ
1358 1850 1518 1922 ἀρκεῖ
1545 1851 1704 1922 μόνος
1724 1853 1854 1923 ἡμῖν
1878 1853 1958 1916 εἰς

375 1929 653 2002 σωτηρίαν
675 1925 756 1995 εἷς
784 1931 947 2002 νόμος
968 1972 983 1997 ,
1009 1932 1260 2003 καθάπερ
1284 1932 1452 2005 ἔφθην
1484 1932 1674 2000 εἰπὼν,
1707 1934 1842 1989 άλλά
1882 1936 1960 1988 δεῖ

375 2012 588 2075 πάντας
609 2013 807 2078 αὐτοὺς
832 2015 972 2085 μετά
1006 2016 1291 2088 ἀκριϐείας
1318 2017 1623 2086 φυλάττειν,
1659 2020 1705 2071 εἰ
1730 2018 1794 2091 δὴ
1826 2018 1958 2090 μέλ-

373 2094 563 2167 λοιμεν
583 2096 681 2167 τὴν
716 2098 935 2170 ἀπάσης
962 2099 1226 2170 ἁρμονίας
1259 2099 1389 2171 ἡδίω
1410 2102 1502 2155 καὶ
1535 2103 1957 2173 χρησιμωτέραν

379 2179 647 2251 μελῳδίαν
706 2181 1055 2253 ἐργάζεσθαι.
1116 2182 1327 2255 Ἔμαθέ
1388 2200 1482 2237 σου
1533 2185 1594 2238 τὸ
1654 2174 1828 2256 στόμα
1883 2185 1957 2258 μὴ

375 2262 609 2335 ὀμνύναι
630 2281 645 2329 ;
673 2265 966 2336 ἐπαιδεύθη
994 2269 1027 2338 ἡ
1055 2266 1273 2336 γλῶττα
1294 2267 1400 2321 Ναὶ
1421 2268 1515 2322 κα)⁸
1537 2267 1610 2323 Οὐ
1634 2268 1813 2338 λέγειν
1830 2287 1962 2325 παν-

373 2346 544 2419 ταχοῦ
561 2365 576 2413 ;
596 2348 833 2402 Μαθέτω
852 2349 945 2403 καὶ
967 2350 1233 2423 λοιδορίαν
1258 2351 1694 2424 ἀποστρέφεσθαι
1717 2354 1955 2419 ἃπασαν,

377 2432 477 2486 καὶ
517 2431 739 2485 πλείονα
790 2434 918 2505 περὶ
963 2434 1060 2505 τὴν
1096 2447 1121 2475 ιι
1156 2435 1375 2506 ἐντολὴν
1424 2436 1630 2509 ταύτην
1683 2439 1959 2511 εἰσφέρειν

380 2516 638 2588 σπουδὴν,
669 2517 856 2589 ἐπειδὴ
885 2520 979 2572 καὶ
1008 2518 1250 2583 πλείονος
1286 2522 1416 2592 ἡμῖν
1436 2520 1604 2576 δεῖται
1643 2524 1736 2576 καὶ
1771 2524 1956 2577 πόνου.

389 2603 541 2658 Ἐκεῖ
574 2603 669 2674 μὲν
710 2602 820 2673 γὰρ
866 2602 1153 2674 συνηθείας
1188 2604 1568 2676 περιγενέσθαι
1620 2608 1780 2678 μόνον
1831 2607 1959 2671 ἔδει,

376 2688 473 2741 ἐπὶ
499 2686 557 2740 δὲ
597 2686 696 2757 τῆς
725 2686 896 2761 ὀργῆς
926 2686 1290 2759 εὐτονωτέρας
1325 2688 1406 2741 δεῖ
1436 2689 1532 2759 τῆς
1574 2689 1810 2760 σπουδῆς
1829 2705 1843 2720 ·
1868 2707 1962 2743 τυ-

380 2770 634 2839 ραννικὸν
685 2771 795 2842 γὰρ
837 2770 896 2826 10
953 2771 1160 2836 πάθος,
1215 2771 1308 2824 καὶ
1352 2771 1613 2837 πολλάκις
1655 2772 1961 2846 παρασύρει

377 2856 508 2919 τοὺς
530 2855 802 2926 νήφοντας
821 2855 874 2921 b,
900 2856 993 2908 καὶ
1024 2855 1157 2926 1:90;
1182 2854 1243 2907 10
1273 2853 1545 2927 βάραθρον
1573 2856 1704 2909 αὐτὸ
1733 2856 1964 2925 κατάγει

377 2937 484 3008 τῆς
528 2936 824 3001 ἀπωλείας.
875 2937 1196 3008 ’Λνάσχεσθε
1228 2938 1408 2991 τοίνυν
1448 2936 1542 2991 τοῦ
1599 2940 1808 3010 μήκους
1854 2939 1965 2994 τῶν

378 3021 577 3090 λόγων.
612 3019 719 3074 Καὶ
758 3020 866 3090 γὰρ
894 3020 1092 3075 ἄτοπον
1122 3019 1243 3075 καθ’
1282 3020 1522 3092 ἐκάστην
1553 3023 1766 3094 ἡμέραν
1799 3039 1965 3094 τραυ-

383 3104 778 3178 ματιζομένους
816 3105 872 3158 ἐν
927 3106 1191 3177 ἀγοραῖς,
1226 3105 1285 3159 ἐν
1335 3105 1570 3173 οἰκίαις,
1628 3106 1731 3159 61:0
1772 3106 1962 3175 φίλων,

379 3189 491 3244 61:0
515 3186 811 3258 συγγενῶν,
843 3189 947 3243 61:0
972 3188 1203 3261 ἐχθρῶν,
1238 3190 1346 3244 61:0
1377 3190 1654 3260 γειτόνων,
1682 3193 1788 3247 61:0
1821 3196 1966 3247 οἰκε-

378 3277 492 3331 τῶν
515 3317 530 3341 ,
573 3276 678 3330 ὐπὸ
702 3273 957 3345 γυναικὸς
978 3316 992 3339 ,
1016 3274 1120 3328 61:0
1154 3274 1363 3328 παιδίου
1387 3318 1401 3340 ,
1431 3276 1536 3331 ὑπὸ
1567 3277 1784 3331 οἰκείων
1821 3278 1969 3347 λογι-

383 3359 574 3432 σμῶν,
615 3360 752 3432 μηδὲ
804 3357 952 3424 ἅπαξ
999 3358 1099 3429 τῆς
1137 3359 1429 3430 ἑϐδομάδος
1461 3359 1680 3432 ἀπάσης
1702 3362 1842 3435 ὑπὲρ
1866 3363 1968 3434 τῆς

381 3443 678 3516 θεραπείας
709 3442 818 3497 τῶν
864 3442 1194 3517 τραυμάτων
1234 3443 1458 3498 ἐκείνων
1492 3446 1797 3517 φροντίζειν
1819 3487 1832 3509 ,
1876 3448 1968 3502 καὶ

380 3526 560 3582 ταῦτα
591 3527 797 3589 εἰδότας
841 3526 916 3591 ὡς
943 3527 1213 3591 ἀδάπανός
1260 3545 1320 3580 τε
1374 3528 1469 3582 καὶ
1522 3528 1789 3593 ἀνώδυνος
1814 3523 1970 3595 οῦτος

380 3612 485 3683 τῆς
517 3610 810 3683 θεραπείας
832 3611 860 3664 0
892 3610 1107 3683 τρόπος.
1145 3610 1279 3667 Οὐδὲ
1310 3612 1420 3683 γάρ
1457 3612 1518 3666 10
1545 3614 1783 3685 σιδήριον
1811 3617 1869 3669 ἐν
1900 3617 1966 3687 τῇ

382 3695 532 3766 χειρὶ
562 3693 775 3765 κατέχω
802 3692 919 3758 νῦν,
960 3693 1095 3748 ἀλλά
1118 3694 1273 3763 λόγον
1301 3696 1421 3749 ἀντὶ
1444 3696 1683 3768 σιδηρίου
1716 3714 1970 3769 μεταχει-

387 3778 609 3851 ρίζομαι
632 3815 646 3840 ,
683 3776 925 3847 σιδηρίου
979 3777 1077 3847 μὲν
1106 3777 1304 3841 παντὸς
1337 3777 1465 3831 ὄντα
1491 3778 1802 3849 τομώτερον
1822 3819 1836 3843 ,
1876 3781 1969 3834 καὶ

386 3863 572 3917 πᾶσαν
602 3860 703 3931 τῆς
748 3860 1023 3932 ἀμαρτίας
1052 3860 1387 3915 ἐκκύπτοντα
1429 3861 1526 3933 την
1557 3862 1826 3934 σηπεδόνα
1849 3902 1865 3927 ,
1906 3862 1966 3916 οὐ

385 3944 693 4017 παρέχοντα
714 3944 771 3997 δέ
789 3944 980 4013 ὀδύνην
1009 3942 1086 4014 τῷ
1112 3945 1447 4016 τεμνομένῳ.
1483 3943 1599 3999 Οὐκ
1636 3945 1744 4017 ἔχω
1768 3946 1878 4016 πῦρ
1911 3948 1969 3999 ἐν

383 4032 455 4100 τῇ
490 4028 641 4100 δεξιᾷ
662 4069 676 4096 ,
707 4027 821 4081 ἀλλ’
864 4026 972 4098 ἔχω
999 4027 1350 4081 διδασκαλίαν
1380 4027 1551 4099 πυρὸς
1579 4028 1967 4101 σφοδροτέραν,

385 4112 450 4166 οὐ
474 4112 723 4183 καυτῆρα
746 4110 1057 4180 ἐπάγουσαν
1074 4151 1089 4176 ,
1122 4110 1236 4163 ἀλλ’
1269 4112 1699 4167 ἀναστέλλουσαν
1746 4114 1847 4184 μὲν
1874 4114 1970 4185 τὴν

386 4198 564 4269 νομὴν
586 4197 688 4267 τῆς
732 4196 960 4261 κακίας,
991 4197 1112 4251 ἀντὶ
1143 4196 1199 4249 δέ
1228 4195 1306 4268 [4]
1343 4196 1632 4267 ἀλγηδόνος
1669 4197 1869 4269 πολλὴν
1895 4198 1970 4270 τῷ

386 4281 490 4353 τῆς
547 4280 746 4344 κακίας
796 4279 1255 4352 ἀπαλλαττομένῳ
1302 4279 1650 4351 παρέχουσαν
1693 4280 1792 4353 τὴν
1849 4281 1969 4351 ἡδο·

386 4367 509 4437 νήν.

463 4447 539 4500 Οὐ
568 4447 727 4518 χρεία
773 4445 980 4518 χρόνων
1028 4446 1295 4511 ἐνταῦθα,
1340 4445 1402 4502 οὐ
1436 4449 1595 4518 χρεία
1648 4447 1861 4515 πόνων,
1908 4449 1968 4504 οὐ

387 4530 548 4603 χρεία
573 4531 872 4601 χρημάτων
897 4546 909 4558 ·
942 4531 1104 4601 ἀρκεῖ
1150 4530 1371 4602 θελῆσαι
1408 4531 1567 4600 μόνον
1591 4573 1605 4597 ,
1641 4533 1735 4586 καὶ
1794 4534 1971 4588 πάντα

388 4612 461 4667 τὰ
492 4616 591 4684 τῆς
624 4613 826 4684 ἀρετῆς
867 4615 1000 4685 ἡμῖν
1039 4612 1429 4686 κατώρθωταιο
1480 4613 1585 4668 κᾶν
1628 4616 1972 4687 ἐννοήσωμεν

388 4697 455 4751 10
480 4697 696 4768 ἀξίωμα
733 4696 828 4751 τοῦ
854 4696 1166 4760 κελεύοντος
1210 4696 1347 4750 Θεοῦ
1398 4697 1491 4750 καὶ
1534 4698 1970 4768 νομοθετοῦντος,

393 4780 584 4852 ἱκανὴν
613 4780 897 4852 ληψόμεθα
929 4779 1275 4835 διδασκαλίαν
1321 4782 1413 4834 καὶ
1464 4782 1785 4852 παραίνεσιν
1810 4800 1824 4814 ·
1852 4783 1973 4837 οὐδὲ

390 4864 504 4935 γὰρ
553 4863 763 4917 οἴκοθεν
797 4862 1145 4934 φθεγγόμεθα
1169 4905 1185 4930 ,
1219 4863 1335 4917 ἀλλ’
1386 4864 1479 4917 ἐπὶ
1535 4864 1625 4917 τὸν
1676 4865 1973 4937 νομοθέτην

366 4946 639 5011 ’ἅπαντας
686 4948 832 5017 ὑμᾶς
868 4946 1090 5017 ἀγομεν.
1127 4944 1365 5000 Ἔπεσθε
1418 4948 1596 5001 τοίνυν
1619 4988 1634 5014 ,
1674 4948 1782 5001 τῶν
1815 4948 1973 5003 θείων

394 5030 624 5087 ἀκούετε
648 5031 852 5101 νόμων.
883 5031 994 5084 Ποῦ
1029 5030 1209 5085 τοίνυν
1243 5032 1372 5102 περὶ
1396 5032 1569 5102 ὀργῆς
1598 5033 1691 5086 καὶ
1711 5032 1804 5086 τοῦ
1840 5050 1977 5103 μνη-

395 5116 643 5169 σικακεῖν
677 5113 957 5185 διελέχθη;
993 5112 1270 5185 Πολλαχοῦ
1307 5114 1410 5185 μὲν
1437 5116 1531 5168 καὶ
1563 5114 1797 5187 ἀλλαχοῦ
1820 5157 1833 5178 ,
1867 5115 1976 5187 μά·-

392 5198 550 5253 λιστα
583 5198 642 5251 δέ
672 5198 760 5253 διά
800 5200 899 5271 τῆς
944 5199 1261 5271 παραϐολῆς
1290 5200 1506 5271 ἐκείνης
1530 5241 1545 5265 ,
1578 5203 1643 5271 ἢν
1684 5202 1819 5273 πρὸς
1851 5203 1978 5267 τούς

278 5290 283 5295 ’
396 5282 647 5355 μαθητὰς
674 5283 860 5352 ἔλεγεν
882 5323 898 5347 ,
924 5283 1123 5338 οὐτωσί
1157 5302 1274 5347 πως
1300 5284 1605 5356 ἀρξάμενος
1630 5303 1643 5317 ο
1667 5285 1771 5339 Διὰ
1801 5286 1977 5339 τοῦτο

391 5367 657 5436 ὡμοιώθη
693 5368 731 5436 ἠ
761 5368 1055 5433 βασιλεία
1097 5368 1217 5420 τῶν
1244 5367 1515 5437 οὐρανῶν
1548 5368 1835 5437 ἀνθρώπῳ
1858 5371 1976 5434 βα·

392 5451 555 5505 σιλεῖ
580 5462 629 5509 ο.
657 5451 826 5517 ὅστις
853 5449 1119 5519 ἠθέλησε
1155 5450 1415 5521 συνᾶραι
1450 5451 1638 5521 λόγον
1670 5452 1821 5522 μετὰ
1861 5452 1979 5507 τῶν

464 5663 490 5726 9
514 5663 637 5726 3'98-
661 5666 777 5726 πρὸς
798 5664 901 5722 τῆνο

456 5720 489 5789 13
661 5720 768 5789 τοὺς
791 5720 853 5788 μή
868 5726 1112 5789 νήφοντας.

459 5783 634 5849 @ng}
663 5783 1263 5849 ’ἀνθρώπῳοίκοδεσπότῃ
1302 5790 1452 5847 atque
1494 5783 1558 5835 ila
1585 5786 1702 5848 logi!
1743 5786 1975 5838 Nannius.

392 5844 552 5903 sati].
579 5844 778 5913 βασιλεῖζ

2057 510 2294 567 δούλων
2330 510 2537 566 αὐτοῦ.
2587 506 2950 580 Ἀρξαμένου
2990 506 3059 561 δὲ
3099 504 3286 561 αὐτοῦ
3324 505 3638 566 συναίρειν

2056 592 2449 664 προσηνέχθη
2491 591 2652 658 αὐτῷ
2682 587 2770 658 εἷς
2815 589 3130 661 ὀφειλέτης
3162 590 3391 659 μυρίων
3416 591 3637 644 ταωνι

2054 693 2191 731 των.
2218 676 2313 744 Μὴ
2344 676 2594 746 ἔχοντος
2615 674 2683 729 δὲ
2704 673 2893 729 αὐτοῦ
2921 672 3277 736 ἀποδοῦναι,
3306 670 3638 726 ἐκέλευσεν

2055 759 2242 815 αὐτὸν
2272 758 2573 829 πραθῆναι
2602 759 2703 813 καί
2733 758 2849 827 τὴν
2885 757 3143 828 γυναῖκα
3179 756 3367 811 αὐτοῦ
3387 797 3402 821 ,
3433 756 3531 811 καὶ
3566 758 3638 810 τὰ

2053 841 2255 906 τέκνα,
2286 843 2383 898 καὶ
2412 841 2609 897 πάντα
2637 841 2752 897 ὅσα
2784 838 2930 910 εἶχε,
2971 841 3069 895 καί
3099 839 3492 907 ἀποδοθῆναι.
3527 843 3635 894 Πε-

2055 926 2185 980 σὼν
2210 921 2324 981 οὗν
2350 929 2383 980 ό
2414 925 2635 991 δοῦλος
2658 924 2888 991 ἐκεῖνος
2915 926 3002 990 εἰς
3035 923 3177 988 τοὺς
3210 922 3402 987 πόδας
3428 921 3637 987 αὐτοῦ,

2056 1009 2381 1077 παρεκάλει
2418 1010 2635 1073 αὐτὸν,
2668 1009 2894 1079 λέγων·
2933 1007 3130 1075 Κύριε,
3167 1006 3640 1075 μακροθύμησον

2055 1093 2146 1145 ἐπ’
2171 1093 2321 1163 ἐμοὶ,
2348 1092 2445 1147 καὶ
2475 1090 2672 1146 πάντα
2698 1107 2797 1146 σοι
2827 1089 3140 1144 ἀποδώσω.
3163 1088 3643 1158 Σπλαγχνισθείς

2056 1174 2125 1229 δὲ
2147 1179 2179 1230 ό
2199 1177 2402 1244 κύριος
2423 1175 2530 1229 τοῦ
2558 1176 2780 1230 δούλου
2808 1174 3064 1238 ἐκείνου,
3094 1172 3405 1227 ἀπέλυσεν
3429 1171 3641 1227 αὐτὸν.

2058 1259 2248 1313 καὶτὸ
2286 1258 2529 1313 δάνειον
2558 1256 2795 1327 ἀφῆκεν
2830 1254 3010 1321 αὐτῷ.
3057 1255 3350 1320 Ἑξελθὼν
3377 1254 3446 1308 δὲ
3490 1255 3643 1307 ἐκεῖ⁴

2056 1359 2164 1408 νος
2187 1337 2367 1404 εὗρεν
2392 1340 2501 1395 ἕνα
2531 1339 2650 1396 τῶν
2676 1340 3038 1395 συνδούλων
3055 1338 3261 1403 αὑτοῦ,
3290 1338 3359 1403 ὃς
3385 1338 3643 1408 ὠφειλεν

2057 1424 2219 1490 αὐτῷ
2266 1423 2488 1479 ἑκατὸν
2539 1422 2794 1493 δηνάρια
2817 1463 2831 1487 ,
2888 1422 2987 1477 καὶ
3039 1420 3348 1491 κρατήσας
3394 1422 3642 1490 ἔπνιγεν

2056 1510 2245 1563 αὐτὸν
2283 1508 2498 1578 λέγων’
2551 1506 2793 1573 Ἀπόδος
2824 1524 2928 1576 μοι
2953 1506 2987 1560 ὅ
3020 1524 3076 1560 τι
3115 1506 3396 1575 ὀφείλεις.
3430 1504 3643 1560 Πεσὼν

2058 1588 2174 1647 οὖν
2221 1594 2255 1646 ό
2290 1586 2641 1657 ’σύνδουλος
2666 1590 2855 1645 αὐτοῦ
2898 1592 2986 1656 εἰς
3030 1589 3172 1656 τοὺς
3198 1589 3390 1654 πόδας
3431 1588 3640 1652 αὑτοῦ,

2059 1674 2382 1744 παρεκάλει
2415 1674 2601 1730 αὐτὸν
2627 1676 2840 1743 λέγων’
2867 1675 3350 1743 Μακροθύμησον
3377 1671 3468 1726 ἐπ’
3490 1672 3643 1741 ἐμοὶ,

2059 1755 2159 1808 καὶ
2197 1753 2395 1808 πάντα
2424 1770 2523 1808 σοι
2542 1752 2857 1808 ἀποδώσω.
2900 1754 2953 1805 '0
2974 1752 3042 1806 δὲ
3073 1755 3185 1806 οὐκ
3218 1751 3458 1818 ἤθελεν.
3483 1752 3646 1805 ἀλλὰ

2058 1832 2339 1887 ἀπελθὼν
2387 1833 2605 1886 ἔϐαλεν
2665 1833 2854 1887 αὑτὸν
2902 1836 2991 1897 εἰς
3028 1832 3350 1902 φυλακὴν,
3409 1831 3519 1898 ἕως
3570 1826 3645 1887 οὗ

2059 1916 2263 1981 ἀποδῷ
2294 1916 2359 1969 τὸ
2396 1917 2807 1985 ὀφειλόμενον.
2853 1916 3103 1982 Ἰδόντες
3133 1916 3201 1969 δέ
3232 1918 3287 1970 οἱ
3315 1915 3649 1970 σύνδουλοι

2060 1998 2247 2053 αὐτοῦ
2278 1998 2716 2068 ἠγανάκτησαν
2740 2041 2753 2062 ,
2802 1999 2902 2053 καὶ
2947 1999 3231 2065 ἐλθόντες
3262 1999 3650 2069 διεσάφησαν

2061 2080 2141 2147 τῷ
2181 2082 2365 2149 κηρίῳ
2399 2081 2618 2136 αὐτῶν.
2661 2082 2798 2135 Τότε
2838 2082 3106 2149 καλέσας
3141 2083 3330 2137 αὐτὸν
3358 2087 3390 2137 ό
3441 2083 3647 2150 κύβος

2060 2165 2247 2219 αὐτοῦ
2278 2162 2408 2219 εἷπε
2433 2182 2447 2196 ’
2487 2165 2676 2219 Δοῦλε
2704 2164 2930 2235 πονηρὲ
2950 2206 2968 2229 ,
3014 2163 3222 2220 πᾶσαν
3252 2164 3366 2233 τὴν
3393 2165 3650 2235 ὀφειλὴν

2061 2248 2306 2316 ἐκείνην
2348 2247 2554 2318 ἀφῆκά
2583 2263 2719 2314 σοι,
2749 2248 2879 2302 ἐπεὶ
2919 2247 3339 2317 παρεκάλεσάς
3390 2265 3497 2318 με’
3533 2252 3647 2303 οὐκ

2062 2330 2183 2384 ἔδει
2214 2331 2313 2384 καὶ
2345 2331 2421 2385 σὲ
2446 2331 2698 2400 ἐλεῆσαι
2726 2330 2833 2385 τὸν
2866 2331 3213 2386 σύνδουλόν
3241 2347 3359 2386 σου
3381 2371 3396 2394 ,
3441 2333 3520 2397 ὡς
3548 2331 3647 2385 καὶ

2062 2414 2177 2485 ἐγώ
2206 2430 2281 2469 σε
2313 2413 2549 2483 ἠλέησα
2566 2431 2586 2479 ;
2623 2418 2761 2470 Τότε
2781 2415 3124 2483 παρέδωκεν
3154 2415 3340 2470 αὐτὸν
3377 2415 3502 2481 τοῖς
3543 2417 3651 2480 ,ϐα-

2064 2497 2424 2563 σανισταῖς,
2455 2497 2567 2563 ἓως
2617 2493 2688 2553 οὗ
2735 2495 2939 2562 ἀποδῷ
2970 2496 3096 2550 πᾶν
3142 2496 3208 2550 τὸ
3256 2499 3653 2567 ὀφειλόμενον

2062 2579 2241 2646 αὐτῷ.
2268 2580 2431 2634 Οὕτω
2474 2580 2573 2634 καί
2607 2582 2639 2634 ό
2677 2580 2881 2650 Πατήρ
2900 2597 3019 2651 μου
3043 2584 3076 2636 ό
3098 2580 3377 2649 οὐράνιος
3409 2583 3651 2648 ποιήσει

2063 2665 2207 2735 ὑμῖν
2228 2705 2243 2731 ,
2276 2663 2386 2719 ἐὰν
2428 2662 2516 2734 μὴ
2548 2663 2740 2733 ἀφῆτε
2789 2663 3047 2731 ἕκαστος
3088 2662 3168 2729 τῷ
3195 2663 3435 2735 ἀδελφῷ
3462 2666 3651 2719 αὐτοῦ

2066 2747 2186 2804 ἀπὸ
2276 2747 2398 2804 τῶν
2480 2747 2743 2817 καρδιῶν
2817 2746 2985 2817 ὑμῶν
3055 2748 3129 2802 τὰ
3208 2748 3654 2820 παραπτώματα

2064 2830 2286 2889 αὐτῶν.

2124 3005 2194 3070 τ.
2213 2999 2277 3052 Ἠ
2303 2998 2400 3071 μὲν
2428 2996 2713 3070 παραϐολὴ
2730 2996 2887 3067 αῦτη·
2916 2997 2997 3051 δεῖ
3014 2997 3070 3051 δὲ
3088 3000 3281 3062 εἰπεῖν,
3309 2998 3452 3062 τίνος
3470 3000 3655 3053 ἕνεκεν

2073 3083 2213 3155 μετά
2234 3082 2413 3145 αἰτίας
2434 3081 2606 3151 αὐτὴν
2633 3081 2979 3152 προτέθεικεν
3002 3100 3016 3111 ·
3048 3083 3109 3137 οὐ
3134 3082 3241 3155 γὰρ
3272 3083 3457 3147 ἁπλῶς
3478 3080 3653 3147 εἶπεν,

2081 3163 2351 3237 Ὡμοιώθη
2376 3166 2410 3236 ἡ
2451 3162 2694 3234 βασιλεία
2720 3165 2828 3218 τῶν
2856 3165 3129 3237 οὐρανῶν,
3163 3165 3447 3231 ἀλλὰ,⁴Διὰ
3480 3167 3657 3222 τοῦτο

2070 3256 2337 3329 ὡμοιώθη
2366 3257 2405 3324 ἡ
2431 3257 2723 3322 ,βασιλεία
2742 3256 2860 3311 τῶν
2874 3259 3164 3327 οἰφανῶν.
3179 3258 3335 3323 Τίνος
3361 3253 3452 3313 οῦν
3469 3259 3658 3313 ἕνεκεν

2073 3345 2106 3414 ἡ
2134 3342 2285 3396 αἰτία
2319 3340 2677 3412 πρόσκειται;
2702 3342 2839 3413 Περὶ
2864 3342 3216 3408 ἀνεξικακίας
3240 3346 3353 3406 τοῖς
3387 3342 3658 3416 μαθηταῖς

2072 3427 2374 3497 διελέγετο,
2423 3426 2519 3478 καὶ
2551 3427 2774 3497 κρατεῖν
2807 3425 2977 3497 ὀργῆς
3027 3426 3224 3491 αὐτοὺς
3260 3426 3533 3488 ἐπαίδευε,
3562 3428 3660 3481 καὶ

2073 3512 2184 3566 τῶν
2238 3510 2370 3583 παρ’
2408 3510 2612 3581 ἐτέρων
2654 3510 2735 3573 εἰς
2779 3510 2927 3580 ἡμᾶς
2964 3510 3268 3580 γινομένων
3302 3509 3659 3581 ἀδικημάτων

2080 3597 2155 3669 μὴ
2178 3594 2346 3648 πολὺν
2378 3592 2652 3647 ποιεῖσθαι
2683 3592 2862 3661 λόγον,
2888 3592 3032 3647 οὕτω
3060 3593 3233 3661 λέγων
3250 3609 3263 3623 ·
3309 3593 3452 3647 Ἐὰν
3472 3593 3657 3664 ἀμάρ-

2075 3697 2147 3749 τῃ
2169 3681 2256 3745 εις
2284 3676 2360 3731 σὲ
2380 3681 2413 3731 ό
2432 3676 2695 3745 ἀδελφός
2721 3693 2859 3739 σου,
2879 3676 3070 3746 ὕπαγε
3085 3676 3181 3730 καὶ
3204 3676 3458 3747 ἔλεγξον
3472 3679 3660 3733 αὐτὸν

2070 3758 2298 3831 μεταξὺ
2315 3758 2433 3812 σοῦ
2448 3758 2548 3813 καὶ
2566 3758 2752 3812 αὑτοῦ
2764 3760 2976 3827 μόνου·
2996 3758 3103 3812 ἐάν
3118 3776 3233 3813 σου
3250 3760 3483 3828 ἀκούσῃ
3499 3759 3659 3827 ἐκέρ-

2075 3843 2269 3910 δησας
2313 3841 2423 3895 τὸν
2463 3841 2732 3910 ἀδελφόν
2759 3856 2895 3895 σου.
2929 3839 3114 3894 Ταῦτα
3135 3841 3192 3893 δὲ
3223 3842 3316 3894 καὶ
3341 3840 3408 3894 τὰ
3434 3841 3659 3896 τοιαῦτα

2075 3925 2167 3981 τοῦ
2199 3923 2435 3997 Χριστοῦ
2489 3922 2868 3993 διαλεγομένου
2908 3926 3022 3986 τοῖς
3056 3924 3325 3994 μαθηταῖς
3358 3922 3451 3976 καὶ
3502 3924 3656 3992 φιλο-

2077 4013 2262 4081 σοφεῖν
2296 4009 2659 4075 διδάσκοντος,
2709 4006 2937 4078 Πέτρος,
2974 4008 3002 4059 0
3050 4006 3142 4059 τοῦ
3173 4006 3335 4078 χοροῦ
3374 4006 3481 4060 τῶν
3521 4008 3659 4061 ἀπον

2080 4094 2282 4148 στόλων
2315 4094 2631 4165 κορυφαῖος,
2671 4090 2730 4143 :0
2756 4090 2928 4160 στόμα
2969 4088 3076 4143 τῶν
3102 4089 3379 4161 μαθητῶν,
3415 4092 3443 4144 0
3470 4089 3660 4154 στῦλος

2076 4182 2178 4251 τῆς
2214 4176 2563 4248 Ἐκκλησίας.
2614 4173 2677 4228 10
2725 4174 3015 4246 στερέωμα
3042 4174 3141 4244 τῆς
3171 4174 3441 4241 πίστεως,
3485 4176 3513 4229 0
3560 4174 3660 4244 τῆς

2078 4263 2370 4335 ὁμολογίας
2402 4259 2675 4331 θεμέλιος,
2704 4259 2731 4311 ὁ
2766 4259 2865 4329 τῆς
2893 4257 3220 4329 οἰκουμένης
3269 4257 3453 4323 ἀλιεύς
3475 4299 3489 4324 ,
3535 4259 3563 4310 0
3599 4259 3661 4311 τὸ

2078 4349 2235 4417 γένος
2289 4344 2445 4417 ἡμῶν
2494 4343 2603 4399 ἀπὸ
2646 4341 2741 4395 τοῦ
2800 4341 2964 4412 βυθοῦ
3021 4342 3121 4412 τῆς
3173 4341 3383 4412 πλάνης
3435 4344 3514 4405 είς
3568 4340 3660 4395 τὸν

2077 4429 2303 4503 οὐρανὸν
2334 4425 2656 4498 ἀναγαγὼν,
2699 4427 2728 4478 0
2762 4427 3038 4496 πανταχοῦ
3068 4423 3268 4495 θερμὸς
3296 4423 3389 4477 1:01
3438 4427 3658 4496 παρρη-

2080 4514 2200 4579 σίας
2231 4513 2417 4584 γέμων
2444 4553 2459 4576 ,
2521 4509 2717 4582 μᾶλλον
2767 4508 2823 4561 δὲ
2857 4509 3096 4578 ἀγάπης,
3130 4507 3163 4579 ἢ
3206 4506 3536 4586 παρρησίας,
3576 4523 3660 4560 σι-

2078 4596 2299 4667 γώντων
2331 4593 2585 4648 ἀπάντων
2616 4589 2925 4663 προσελθὼν
2940 4589 3019 4660 τῷ
3044 4589 3349 4661 διδασκάλῳ
3392 4588 3657 4662 [510ml-

2082 4680 2346 4745 Ποσάκις
2374 4673 2705 4747 ἁμαρτήσει
2748 4676 2836 4740 εἰς
2891 4672 2996 4742 ἐμὲ
3025 4676 3058 4729 ό
3086 4673 3349 4743 ἀδελφός
3375 4692 3519 4743 μου,
3560 4674 3660 4728 καί

2080 4761 2296 4832 ἀφήσω
2324 4758 2517 4824 αὐτῷ;
2559 4757 2670 4823 ἓως
2713 4756 2996 4823 έπτάκις;
3031 4755 3166 4827 ὁμοῦ
3199 4758 3291 4810 καὶ
3338 4759 3520 4829 ἐρωτᾷ
3567 4759 3661 4811 καὶ

2082 4846 2444 4916 ὑπισχνεῖται,
2478 4842 2573 4896 καὶ
2603 4842 2733 4914 πρὶν
2763 4841 2931 4914 μάθῃ,
2972 4841 3359 4912 φιλοτιμεῖται.
3401 4841 3514 4914 Τὴν
3551 4842 3661 4913 γὰρ

2080 4928 2307 5000 γνώμην
2361 4925 2454 4980 τοῦ
2508 4923 2829 4979 διδασκάλου
2895 4923 3083 4993 σαφῶς
3137 4923 3329 4989 εἰδὼς,
3390 4924 3473 4977 ὅτι
3524 4924 3662 4996 1:90;

2083 5009 2493 5085 φιλανθρωπίαν
2541 5009 2730 5080 ῥέπει,
2790 5008 2883 5061 καὶ
2924 5006 3086 5060 πλέον
3151 5009 3355 5073 ἐκεῖνος
3424 5007 3663 5079 μάλιστα

2083 5097 2301 5151 πάντων
2322 5091 2470 5162 αὐτῷ
2504 5092 2784 5163 χαρίζεται
2817 5092 2845 5143 0
2871 5090 3107 5160 μάλιστα
3136 5091 3353 5145 πάντων
3381 5091 3449 5145 τά
3477 5092 3662 5164 ἁμαρ..

2083 5181 2306 5250 τήματα
2354 5176 2464 5230 τῶν
2514 5174 2739 5247 πλησίον
2779 5174 3138 5245 παρατρέχων
3194 5174 3286 5227 καὶ
3339 5174 3413 5247 μὴ
3449 5175 3661 5248 πικρῶς

2085 5260 2377 5328 ἐξετάζων,
2411 5258 2733 5329 βουλόμενος
2780 5256 2975 5329 ἀρέσαι
3024 5254 3101 5327 τῷ
3152 5255 3436 5328 νομοθέτῃ,
3472 5256 3658 5327 φησίνο

2087 5346 2236 5412 Ἕως
2273 5341 2521 5410 ἑπτάκις
2533 5359 2552 5408 ;
2601 5338 2733 5394 Εἶτα
2767 5341 2852 5394 ἴνα
2885 5339 3091 5411 μάθῃς,
3127 5339 3179 5395 τί
3222 5340 3318 5409 μὲν
3353 5337 3659 5408 ἄνθρωπος,

2085 5430 2137 5485 τί
2182 5430 2240 5483 δὲ
2277 5428 2439 5493 Θεὸς,
2490 5425 2734 5489 καὶπῶς
2766 5427 2799 5496 ἡ
2842 5425 3033 5479 τούτου
3068 5421 3376 5494 φιλοτιμία,
3417 5423 3661 5496 ὅπουπερ

2087 5514 2154 5568 ἂν
2176 5513 2459 5583 ἀφίκηται,
2498 5510 2633 5583 1:90;
2659 5508 2758 5581 τὴν
2788 5508 3047 5581 εὐπορίαν
3071 5507 3165 5577 τὴν
3199 5503 3409 5560 ἐκείνου
3440 5522 3664 5578 συγκρι-

2086 5596 2311 5668 νομένη,
2368 5594 2560 5658 πενίας
2604 5595 2749 5647 ἐστὶν
2780 5590 2998 5663 ἀπάσης
3051 5586 3431 5660 εὐτελεστέρα,
3458 5589 3552 5643 καὶ
3581 5590 3665 5642 ὅτι

2085 5680 2209 5733 ὅσον
2241 5677 2455 5747 σταγὼν
2489 5676 2624 5749 πρὸς
2652 5675 2886 5743 πέλαγος
2905 5672 3152 5743 ἄπειρον,
3180 5669 3431 5725 τοσοῦτον
3452 5670 3608 5742 ἡμῶν
3629 5673 3664 5743 ἠ

2088 5762 2364 5833 ἀγαθότης
2386 5760 2523 5832 1:90;
2551 5760 2651 5830 τὴν
2688 5757 2894 5828 ἄφατον
2927 5753 3093 5812 αὐτοῦ
3127 5753 3561 5828 φιλανθρωπίαν,
3595 5757 3666 5811 ei-

2097 5847 2286 5911 πόντος
2317 5843 2513 5911 αὐτοῦ,
2544 5843 2693 5909 Ἕως
2719 5841 3002 5912 έπτάκις;
3027 5843 3123 5899 καὶ
3151 5836 3471 5912 νομίσαντος
3501 5837 3664 5895 αὐτοῦ
