4106 6424
277 380 350 437 311

298 507 497 567 septem
507 495 706 567 plieem
737 495 909 552 venia:
939 497 1271 552 iterationem
1293 505 1348 551 et
1368 495 1693 551 existimanti
1713 509 1770 551 se
1792 511 1906 551 ma-

301 589 489 658 gnifice
510 597 566 642 et
598 587 825 658 largiter
846 588 1065 654 dixisse,
1091 586 1214 642 audi
1233 586 1357 657 quid
1383 585 1703 657 respondeat
1726 603 1739 642 :
1761 584 1904 654 Non,

310 683 515 753 inquit,
540 699 702 754 usque
731 683 918 753 septies
941 721 956 749 ,
996 681 1084 736 sed
1094 697 1264 752 usque
1289 681 1576 752 septuagies
1600 680 1802 750 septies.
1835 678 1906 734 ll-

310 774 397 829 lud
428 783 606 829 autem
633 775 938 844 selitnagies
955 774 1151 844 septies
1169 773 1382 842 quidam
1410 782 1614 842 septem
1633 782 1685 826 et
1704 781 1908 842 septua-

297 869 455 934 ginta
481 867 814 921 arbitrantur
847 883 860 918 :
893 874 1142 920 cartorum
1177 866 1245 918 ita
1277 879 1383 919 non
1423 874 1507 918 est
1535 881 1548 916 :
1586 863 1746 918 habet
1765 863 1906 917 enim

315 960 401 1014 hic
427 976 680 1014 numerus
724 957 894 1012 ferme
936 957 1221 1028 Quingenta
1249 969 1264 1010 :
1298 955 1495 1026 septies
1520 955 1661 1009 enim
1690 963 1874 1024 septua
1893 983 1908 992 ο

296 1053 460 1120 ginta
491 1052 877 1123 quadringenta
907 1061 961 1105 et
1013 1050 1298 1120 nonaginta
1329 1049 1637 1103 conficiunt.
1673 1046 1752 1102 Ne
1793 1048 1908 1100 exi-

297 1145 504 1199 stimes
527 1142 745 1198 difficile
789 1156 910 1197 esse
952 1139 1055 1196 hoc
1097 1153 1451 1211 praeceptum,
1507 1140 1822 1195 carissime:
1866 1137 1908 1191 si

299 1235 465 1291 enim
493 1235 700 1303 semel,
737 1237 926 1290 iterum
950 1277 963 1300 ,
1007 1243 1072 1288 ac
1110 1235 1300 1298 tertio,
1332 1233 1476 1288 intra
1500 1233 1638 1287 diem
1672 1232 1908 1303 pecranti

303 1329 533 1384 veniam
573 1329 926 1398 impartieris,
964 1329 1123 1383 etiam
1151 1329 1193 1383 si
1217 1327 1502 1382 admodum
1537 1324 1776 1396 lapideus
1803 1328 1908 1393 sit,

317 1422 483 1474 etiam
526 1421 570 1475 si
612 1421 741 1491 ipsis
784 1418 1422 1476 dtentOnibusvefl'eratior
1464 1421 1531 1474 sit
1559 1419 1680 1483 ille,
1733 1419 1820 1489 qui
1863 1427 1914 1474 to

307 1511 483 1577 otmsit,
513 1525 618 1567 non
648 1514 750 1567 erit
776 1511 849 1567 ita
875 1525 1064 1566 sensus
1082 1521 1294 1580 expers,
1324 1521 1380 1566 ut
1406 1511 1580 1566 denuo
1602 1510 1668 1565 ad
1694 1510 1913 1566 easdem

318 1601 555 1657 oﬁ‘ensas
584 1603 784 1658 recidat
817 1621 830 1656 :
860 1603 953 1657 sed
982 1603 1272 1673 frequentia
1306 1603 1525 1657 indulta:
1554 1603 1721 1657 venite
1751 1603 1915 1658 casti-

323 1705 516 1763 gatus,
546 1697 755 1750 melior
798 1697 936 1761 crit,
993 1705 1046 1750 ct
1086 1697 1304 1766 probior
1337 1714 1349 1748 :
1387 1706 1546 1766 tuque
1572 1697 1612 1751 si
1647 1694 1810 1749 fueris
1837 1695 1917 1750 in-

322 1797 564 1842 structus
585 1787 651 1842 ad
676 1791 829 1844 toties
847 1790 1288 1845 contemnendam
1314 1790 1559 1859 iujuriam
1581 1790 1913 1856 tibi-illatam,

324 1893 431 1932 una
463 1890 620 1950 atque
647 1882 812 1935 altera
835 1923 849 1945 ,
878 1891 932 1934 et
963 1881 1114 1935 tertia
1146 1881 1538 1936 condonationc
1568 1882 1737 1950 culpa:
1763 1896 1920 1935 excr-
1964 1906 1968 1910 τ

313 1971 551 2037 citatus,
597 1972 727 2025 nihil
755 1971 1082 2026 difficultatis
1128 1973 1327 2027 senties
1357 1973 1407 2025 in
1436 1981 1707 2041 posterum
1741 1971 1791 2025 in
1817 1971 1919 2025 huc

321 2073 525 2133 genere
555 2063 900 2133 pliit050pliia:
928 2081 940 2116 :
968 2065 1170 2134 quippe
1199 2064 1287 2132 qui
1321 2063 1560 2118 iteranda
1585 2064 1742 2118 toties
1762 2062 1918 2117 venia

306 2171 449 2208 eum
467 2151 574 2225 jam
599 2171 747 2209 ttsum
769 2156 1050 2226 collegeris
1071 2198 1086 2222 ,
1116 2167 1171 2210 ut
1197 2155 1327 2210 nihil
1352 2164 1400 2209 te
1430 2157 1720 2225 percellant
1740 2156 1920 2225 proxi-

321 2260 537 2300 morum
566 2244 789 2316 injuriae.
835 2248 1037 2316 Quibus
1084 2249 1280 2303 auditis
1311 2242 1551 2315 Petrus,
1603 2264 1696 2302 ore
1740 2248 1921 2302 hiante

317 2346 548 2406 stupens
574 2339 810 2392 constitit
845 2357 856 2391 :
887 2355 988 2392 non
1016 2341 1083 2394 de
1121 2355 1178 2394 se
1222 2339 1591 2393 tantummodo
1628 2339 1916 2401 sollicitus,

313 2427 424 2482 sed
458 2438 511 2482 et
543 2429 609 2482 de
632 2430 766 2494 illis,
800 2431 885 2500 qui
911 2432 1024 2499 ejus
1057 2431 1176 2484 fidei
1212 2429 1577 2485 committendi
1625 2440 1798 2484 erant.
1843 2429 1921 2483 Nc

321 2521 494 2592 igitur
537 2521 671 2575 idem
705 2522 940 2588 faceret,
973 2525 1112 2593 quod
1145 2525 1194 2577 in
1220 2523 1338 2576 aliis
1384 2525 1648 2577 mandatis
1683 2521 1917 2587 fecerat,

325 2615 706 2683 anticipationc
727 2616 952 2668 exclusit
972 2615 1021 2669 ei
1047 2630 1260 2668 onmem
1286 2617 1761 2684 percontationem.
1782 2614 1917 2682 Quid

327 2716 508 2758 autem
540 2707 588 2758 in
617 2705 734 2759 aliis
787 2705 1050 2759 mandatis
1094 2705 1272 2760 fecit?
1317 2706 1371 2761 Si
1416 2705 1628 2776 quando
1682 2707 1922 2761 Christus

317 2797 630 2851 istiusmodi
668 2798 866 2868 aliquid
906 2799 1226 2866 imperaret,
1257 2798 1396 2868 quod
1429 2799 1794 2853 difficultatem
1819 2800 1918 2853 ali-

316 2902 490 2958 quam
533 2890 726 2945 habere
777 2890 1079 2955 videretur,
1132 2893 1412 2960 prosiliens
1445 2903 1566 2946 ante
1595 2893 1727 2947 alios
1760 2894 1922 2949 inter-

319 2983 555 3052 rogabat
602 2993 655 3037 et
707 2984 1075 3039 sciscitabatur
1127 2985 1195 3041 de
1243 2996 1528 3055 pnecepto.
1599 2988 1731 3040 Cum
1778 2990 1921 3042 enim

329 3075 617 3143 prodiisset
646 3074 812 3142 dives,
839 3075 904 3130 de
927 3087 1127 3131 :eterna
1155 3078 1259 3130 vita
1287 3077 1553 3131 Christum
1582 3089 1922 3147 percontans,

318 3174 387 3218 fet
423 3166 650 3234 COgnitis
679 3166 819 3232 illis,
851 3181 967 3236 qua:
999 3168 1210 3236 pariunt
1246 3168 1668 3234 beatitudinem,
1704 3183 1925 3224 riirestus

329 3254 403 3309 ob
429 3259 682 3324 pecunias
710 3256 947 3322 abiisset,
996 3257 1207 3312 dicente
1245 3258 1494 3325 Christo,
1543 3262 1681 3330 quod
1723 3262 1926 3316 facilius

320 3359 476 3402 esset
503 3349 760 3403 camclnm
779 3351 1014 3406 transire
1040 3365 1134 3422 per
1156 3352 1394 3408 fozanten
1423 3369 1572 3420 acus,
1606 3372 1762 3425 quant
1791 3357 1927 3410 diti-

323 3433 443 3494 teni
478 3441 678 3495 intrare
709 3443 758 3495 in
783 3457 1001 3512 regnum
1026 3445 1274 3499 crclnrum
1310 3445 1498 3517 (Πανί.
1534 3448 1617 3502 10.
1649 3449 1755 3517 2:3)
1791 3449 1929 3504 :Pe-

337 3539 454 3586 trus
482 3533 693 3588 tametsi
738 3550 797 3589 se
829 3536 1083 3590 omnibus
1112 3535 1419 3592 nudavisset
1445 3581 1460 3606 ,
1511 3555 1685 3609 neque
1707 3541 1816 3610 jam
1846 3541 1928 3595 vel

327 3621 557 3677 hamum
579 3625 873 3692 retineret,
903 3628 1097 3699 quippe
1127 3629 1215 3697 qui
1255 3637 1306 3682 et
1355 3639 1520 3685 totum
1551 3641 1812 3701 quaestum
1855 3633 1931 3700 pi-

333 3714 644 3783 scatorium,
666 3726 921 3774 etnavem
953 3729 1368 3789 contempserat,
1397 3722 1662 3776 accedens
1687 3723 1751 3776 ad
1774 3723 1929 3777 Chri-

335 3815 484 3861 Stum
528 3807 599 3863 ita
646 3808 899 3878 loquutus
924 3819 1037 3865 est:
1069 3809 1136 3864 Et
1166 3813 1276 3880 quis
1305 3793 1466 3883 potest
1491 3817 1658 3867 salvus
1684 3814 1793 3881 ﬁeri
1824 3813 1928 3884 (Ib.

339 3914 389 3955 υ.
417 3900 569 3972 26)?
600 3903 732 3957 Vide
779 3905 1093 3972 probitatem
1127 3914 1180 3960 et
1215 3907 1476 3962 fervorem
1504 3908 1747 3976 discipuli
1781 3927 1792 3963 :
1827 3924 1931 3963 non

333 3993 490 4049 enim
518 3996 726 4066 inquit,
768 3995 1118 4067 impossibilia
1162 4000 1392 4070 injttngis
1411 4043 1425 4068 ,
1464 4017 1626 4071 grave
1654 4001 1754 4056 hoc
1781 4019 1935 4057 mau-

343 4087 527 4142 datum
554 4131 568 4154 ,
600 4089 831 4144 difﬁcilis
858 4091 956 4144 ista
984 4092 1066 4146 lex
1095 4110 1107 4144 :
1139 4107 1312 4161 neque
1339 4093 1389 4146 in
1419 4093 1629 4148 silentio
1661 4094 1890 4163 perstitit
1917 4111 1932 4150 :

345 4180 441 4236 Sed
469 4197 649 4236 curam
677 4197 828 4237 suam
855 4225 870 4249 ,
907 4198 1064 4254 quam
1095 4183 1164 4239 de
1192 4185 1439 4240 omnibus
1460 4185 1723 4253 habebat,
1750 4197 1936 4242 osten-

342 4271 454 4339 dit,
501 4281 556 4327 et
595 4275 910 4345 praeceptori
937 4289 967 4329 a
998 4276 1259 4348 discipulo
1297 4276 1530 4332 debitam
1578 4279 1936 4332 reverentiam

347 4365 660 4434 impartivit,
684 4365 870 4420 dicetis
901 4384 912 4419 :
937 4359 1004 4419 Et
1023 4368 1134 4438 quis
1161 4376 1320 4438 potest
1340 4369 1506 4421 salvus
1528 4367 1638 4436 ﬁeri
1658 4368 1681 4420 ?
1703 4369 1937 4422 nondum

346 4457 519 4513 factus
546 4469 746 4529 pastor,
783 4461 1008 4528 pastoris
1030 4462 1266 4514 animum
1306 4460 1571 4515 habebat:
1604 4461 1836 4514 nondum
1889 4462 1940 4518 in

352 4553 580 4624 imperio
608 4563 661 4609 et
689 4554 987 4624 principatu
1014 4554 1334 4608 constitutus
1353 4595 1367 4619 ,
1399 4553 1621 4622 principi
1646 4569 1797 4623 congi
1815 4570 1945 4608 uen-

353 4653 462 4701 tem
484 4661 663 4700 curam
692 4645 980 4712 servabat,
1015 4644 1080 4699 de
1108 4645 1359 4698 universo
1387 4644 1518 4698 orbe
1558 4645 1840 4698 sollicitus.
1887 4644 1944 4699 Si

353 4742 496 4795 enim
541 4740 691 4794 dives
735 4738 960 4806 fuisset,
1012 4747 1067 4794 et
1091 4738 1272 4792 multis
1292 4737 1532 4809 pecuniis
1553 4735 1943 4803 circumfusus,

354 4833 560 4887 diceret
596 4831 825 4887 fortasse
864 4831 1128 4901 quispiam
1150 4871 1166 4898 ,
1198 4841 1321 4884 eum
1351 4842 1455 4884 non
1481 4827 1550 4883 de
1579 4828 1820 4898 reliquis,
1853 4827 1948 4884 sed

356 4924 422 4980 de
447 4927 622 4993 seipso
644 4927 860 4995 suisque
884 4926 1043 4979 rebus
1064 4925 1278 4979 anxium
1299 4924 1452 4978 istam
1480 4922 1947 4991 interrogationem

359 5021 686 5088 protulisse:
720 5033 860 5072 nunc
889 5027 1067 5071 autem
1111 5025 1397 5087 paupertas
1439 5015 1611 5086 ipsum
1653 5015 1845 5070 liberat
1884 5015 1952 5070 ab

361 5113 462 5168 hac
491 5113 826 5181 susiiiriune,
859 5111 1197 5181 ostenditque
1236 5127 1359 5165 eum
1402 5109 1469 5165 de
1515 5110 1740 5164 aliorum
1784 5108 1954 5164 salute

361 5205 578 5259 anxium
601 5246 616 5270 ,
649 5203 1064 5259 sollicitudinem
1096 5204 1252 5258 istam
1281 5212 1330 5258 et
1360 5217 1543 5257 curam
1567 5203 1818 5273 gessisse,
1851 5213 1901 5256 ct
1925 5217 1954 5256 a

363 5297 618 5367 magistro
635 5311 959 5367 cognoscere
981 5296 1120 5349 viam
1139 5296 1326 5350 salutis
1351 5294 1602 5350 voluisse.
1625 5294 1958 5363 QuaprOpter

364 5401 419 5443 et
440 5387 682 5443 Christus
710 5390 756 5442 ei
781 5387 1028 5441 ﬁduciam
1063 5388 1252 5441 indcns
1283 5387 1418 5441 dixit
1439 5428 1454 5454 ,
1487 5386 1614 5453 Quae
1635 5384 1773 5454 apud
1799 5385 1960 5438 homi-

364 5497 454 5533 nes
493 5479 824 5548 impossibilia
868 5488 984 5531 sunt
1010 5519 1022 5540 ,
1071 5493 1128 5530 ea
1174 5477 1313 5547 apud
1354 5474 1516 5529 Deum
1545 5474 1803 5544 possibilia
1847 5483 1963 5528 sunt

368 5572 493 5643 (Ib.
528 5588 576 5626 υ.
614 5570 753 5641 27).
805 5571 878 5626 Et
923 5584 990 5626 ne
1050 5579 1244 5640 putes,
1319 5569 1521 5639 inquit,
1573 5585 1668 5623 vos
1721 5569 1964 5625 desertos

367 5664 597 5733 relinqui
623 5705 636 5728 ,
669 5677 768 5734 ego
817 5663 868 5717 in
915 5662 1015 5716 hnc
1044 5661 1257 5732 negotio
1285 5660 1446 5715 etiam
1479 5669 1626 5715 meas
1651 5674 1841 5714 manus
1865 5657 1963 5713 ad-

369 5755 601 5810 movebo
625 5797 640 5820 ,
668 5766 722 5809 et
751 5754 914 5808 ardua
945 5751 1114 5807 facilia
1144 5763 1198 5806 et
1225 5750 1470 5821 expedita
1501 5750 1708 5806 faciam.
1759 5749 1965 5805 Rursus

371 5851 441 5904 de
491 5845 829 5902 matrimonio
874 5857 925 5901 et
971 5859 1136 5901 uxore
1185 5841 1487 5913 disputante
1512 5841 1726 5897 Christo
1768 5855 1828 5896 ac
1876 5840 1960 5896 di-

1080 380 1186 436 ’ΠΕ
1218 374 1454 438 UECEM
1484 372 1781 436 'MlLLlUM
1821 376 2119 437 TALENT.
2163 382 2505 440 DEBlTORE
2546 381 2849 440 liOMlLiA.
3530 374 3602 428 22

2017 505 2174 555 cente
2197 539 2214 565 ,
2248 497 2310 554 Si
2335 499 2445 570 quis
2472 499 2753 570 repudiarit
2781 513 3028 560 uxorem,
3077 502 3285 563 excepta
3317 486 3611 562 fornicatio-

2015 590 2093 643 nis
2117 606 2290 654 causa,
2317 589 2441 659 facit
2463 603 2572 644 eam
2604 588 2843 643 mazcliari
2866 584 2945 658 (Μ
2950 584 3150 639 atth.5.
3169 577 3262 648 ’52)
3292 600 3304 636 :
3328 587 3381 635 et
3397 590 3612 632 omnem

2018 681 2274 734 malitiam
2321 680 2504 736 uxoris
2548 680 2822 736 ferendam
2865 694 2986 734 esse
3016 677 3375 739 admonente,
3416 679 3615 741 prmtcr

2016 772 2218 827 crimen
2247 770 2630 837 fornicationis,
2659 774 2857 828 Petrus
2881 769 2996 826 aliis
3023 769 3271 824 omnibus
3293 765 3612 826 tacentibus,

2017 865 2286 919 Christum
2319 865 2643 934 alloquitur:
2672 865 2732 920 Si
2763 863 3040 918 istiusmodi
3063 858 3282 914 conditio
3306 867 3374 910 est
3394 853 3618 908 hominis

2019 973 2320 1022 cumuxore,
2340 974 2440 1011 non
2460 957 3050 1028 expcditmatrimonium
3081 952 3209 1005 inire
3238 946 3353 1019 (Id.
3383 947 3471 1001 l9.
3501 943 3613 1015 10).

2094 1049 2274 1105 Petrus
2298 1052 2361 1104 de
2387 1051 2604 1104 aliorum
2625 1053 2788 1104 salute
2816 1046 3082 1103 sollicitus.
3109 1043 3314 1114 Accepti
3338 1051 3386 1095 et
3410 1039 3618 1108 expensi

2019 1142 2148 1194 ratio
2203 1139 2308 1194 Deo
2348 1142 2625 1195 reddenda.
2647 1171 2720 1182 σ-
2747 1137 2812 1195 Et
2839 1139 2927 1194 hic
2956 1153 3169 1208 quoque
3198 1133 3320 1188 vide
3348 1129 3619 1203 quomodo

2020 1234 2298 1290 decentem
2323 1237 2578 1303 magistre
2607 1234 2958 1289 reverentiam
2987 1229 3363 1291 conservavit,
3402 1233 3456 1279 et
3493 1223 3621 1278 reli-

2020 1342 2246 1396 quorum
2275 1327 2462 1382 salutis
2488 1341 2668 1380 curam
2692 1324 2888 1391 gessit,
2931 1337 2999 1376 ne
3038 1322 3158 1374 istic
3198 1318 3411 1388 quidem
3443 1315 3510 1368 de
3532 1330 3617 1368 re-

2023 1419 2123 1474 bus
2149 1420 2259 1474 suis
2286 1418 2568 1473 sollicitus.
2594 1416 2670 1472 Ne
2696 1427 2874 1471 autem
2904 1415 2990 1467 hic
3021 1411 3316 1466 istiusmodi
3340 1407 3615 1477 quidpiam

2022 1513 2200 1580 dicat,
2234 1511 2531 1580 anticipans
2567 1527 2661 1581 per
2691 1506 2993 1579 parabolam
3021 1547 3035 1569 ,
3074 1504 3190 1574 ejus
3237 1499 3616 1557 contradictio-

2026 1621 2146 1660 nem
2165 1604 2468 1660 antevertit.
2498 1603 2610 1657 llac
2647 1601 2713 1656 de
2739 1615 2896 1654 causa
2920 1595 3244 1666 evangelista
3276 1591 3445 1654 dixit,
3494 1587 3620 1641 Ideo

2023 1696 2360 1751 assimilatum
2385 1706 2454 1750 est
2481 1711 2688 1765 regnum
2719 1695 2958 1747 etc/orum
2983 1688 3170 1742 homini
3201 1685 3326 1755 regi,
3359 1683 3444 1754 qui
3470 1679 3623 1735 uoluit

2025 1807 2208 1862 ponere
2232 1793 2477 1842 rationem
2515 1805 2628 1841 cum
2667 1787 2819 1840 servis
2844 1785 2993 1838 suis:
3024 1779 3349 1842 ostendens,
3397 1790 3457 1830 se
3502 1772 3622 1828 ideo

2028 1884 2334 1957 parabolam
2361 1883 2499 1936 hanc
2529 1882 2706 1936 dicere
2728 1923 2742 1945 ,
2789 1889 2846 1933 ut
2870 1877 3048 1932 discas
3072 1884 3124 1928 te
3143 1916 3158 1940 ,
3192 1871 3292 1926 etsi
3318 1865 3623 1938 septuagies

2025 1977 2223 2048 septies
2255 1977 2306 2030 in
2332 1977 2420 2030 die
2444 1974 2598 2028 fratri
2629 1982 2844 2044 peccata
2871 1966 3182 2031 remiseris,
3217 1962 3348 2018 nihil
3378 1957 3624 2030 magnifi-

2025 2089 2145 2128 cum
2175 2071 2392 2139 fecisse,
2439 2071 2534 2126 sed
2567 2069 2790 2124 multant
2834 2065 3009 2120 adhuc
3034 2071 3088 2117 et
3114 2061 3434 2114 immensum
3464 2071 3490 2106 a
3523 2052 3626 2106 Do-

2029 2166 2159 2219 mini
2188 2165 2471 2220 clementia
2499 2164 2712 2229 abesse,
2744 2175 2806 2214 ac
2822 2174 2933 2212 non
2964 2162 3170 2210 tantum
3197 2149 3435 2213 dedisse,
3459 2161 3626 2217 quan-

2028 2266 2136 2311 tum
2166 2257 2451 2325 receperis.
2493 2323 2496 2325 Α

2099 2349 2153 2402 4.
2177 2347 2470 2402 Audiamus
2494 2345 2656 2415 igitur
2685 2340 2992 2414 parabolam
3014 2380 3028 2404 ,
3061 2350 3181 2406 qua:
3226 2329 3434 2387 tametsi
3481 2327 3624 2382 clara

2027 2441 2287 2503 videatur,
2313 2439 2470 2492 habet
2496 2450 2668 2491 tamen
2699 2433 2966 2487 occultum
2995 2426 3276 2498 quemdam
3306 2433 3359 2476 et
3385 2415 3630 2475 ineffabi-

2028 2533 2129 2586 lem
2159 2529 2543 2584 seutentiarum
2586 2526 2915 2580 thesaurum.
2944 2518 3290 2574 Assimilalum
3321 2521 3390 2566 est
3419 2525 3628 2580 regnum

2029 2631 2272 2678 ca'torum
2303 2619 2495 2675 homini
2524 2617 2665 2689 regi,
2711 2615 2800 2686 qui
2845 2613 3003 2666 voluit
3032 2610 3276 2663 rationem
3306 2619 3489 2674 ponere
3511 2617 3627 2654 cum

2022 2717 2180 2770 servis
2205 2715 2327 2768 suis.
2370 2711 2446 2766 Nc
2473 2709 2602 2764 mihi
2640 2716 3018 2778 prtetercurras
3043 2698 3358 2768 simpliciter
3398 2694 3497 2748 has
3533 2708 3627 2745 vn-

2029 2823 2138 2874 ces,
2170 2805 2264 2860 sed
2288 2804 2472 2860 evolve
2501 2811 2555 2857 ct
2581 2801 2787 2868 explica
2819 2803 3062 2851 naturam
3083 2793 3200 2861 ejus
3223 2787 3428 2861 iudicii,
3455 2793 3630 2840 tuam-

2030 2915 2133 2970 que
2159 2897 2538 2953 conscientiam
2580 2893 2884 2962 ingressus,
2932 2894 3181 2955 computa
3225 2877 3480 2952 quidquid
3519 2893 3547 2931 a
3577 2884 3630 2930 te

2029 2969 2227 3044 litetunt
2261 2997 2342 3043 est
2369 3003 2462 3056 per
2497 2999 2710 3039 omnem
2737 2982 2897 3036 vitam
2921 3023 2935 3048 ,
2980 2987 3028 3033 et
3054 2993 3173 3031 cum
3201 2972 3433 3028 audieris
3461 2969 3626 3023 ratio-

2032 3101 2152 3138 llelll
2181 3081 2455 3136 dominum
2488 3078 2733 3133 conferre
2762 3090 2880 3130 cum
2907 3072 3077 3128 servis
3103 3070 3235 3135 suis,
3265 3066 3439 3136 cogita
3463 3063 3514 3116 iu
3544 3061 3629 3115 his

2033 3175 2208 3229 verbis
2251 3187 2403 3242 reges
2446 3177 2500 3224 et
2529 3169 2730 3234 duces,
2771 3174 2825 3221 ct
2868 3162 3119 3235 pra-sides
3147 3201 3161 3226 ,
3218 3169 3272 3213 et
3309 3156 3534 3217 divites,
3574 3159 3632 3205 et

2033 3281 2295 3338 pauperes
2316 3308 2330 3331 ,
2362 3273 2416 3318 et
2445 3277 2630 3317 servos
2653 3303 2666 3325 ,
2699 3268 2753 3314 et
2783 3259 2978 3312 liberos
2999 3297 3014 3322 ,
3059 3262 3111 3307 et
3141 3248 3391 3320 quidquid
3418 3256 3499 3301 est
3531 3245 3631 3299 ho-

2035 3363 2237 3414 Illintlttl
2257 3399 2271 3423 ,
2321 3357 2537 3425 intelligi
2565 3374 2577 3408 :
2612 3352 2798 3407 Omnes
2823 3351 2952 3404 enim
2982 3365 3071 3401 nos
3098 3342 3410 3414 munifestari
3437 3347 3633 3407 oportet

2034 3461 2152 3503 ante
2180 3447 2400 3500 tribunal
2425 3445 2613 3500 Christi
2642 3443 2727 3518 (‘2.
2753 3440 2872 3496 Cor.
2903 3442 2956 3496 5.
2981 3439 3096 3510 10).
3123 3435 3272 3504 Quod
3301 3435 3344 3488 si
3365 3433 3513 3487 dives
3535 3429 3631 3495 sis,

2036 3542 2206 3612 cogita
2235 3539 2373 3610 quod
2396 3539 2657 3592 rationem
2686 3533 2837 3589 dabis
2858 3575 2873 3599 ,
2902 3543 3080 3586 utrum
3115 3529 3169 3584 in
3195 3525 3535 3587 meretrices,
3565 3534 3632 3573 au

2039 3637 2091 3690 in
2125 3650 2406 3704 pauperes,
2443 3631 2691 3702 pecunias
2722 3625 3072 3695 insumpseris
3103 3641 3114 3678 :
3141 3630 3316 3676 utrum
3350 3620 3399 3674 in
3430 3615 3636 3688 parasi-

2040 3733 2122 3779 tos
2149 3734 2201 3778 et
2225 3732 2588 3778 assentatores
2609 3762 2623 3787 ,
2671 3735 2738 3774 an
2772 3719 2825 3773 in
2855 3725 3073 3788 egentes
3103 3733 3118 3769 :
3153 3721 3327 3767 utrum
3361 3712 3410 3763 iu
3454 3707 3634 3762 libidi-

2040 3833 2199 3883 nem,
2231 3831 2296 3868 an
2327 3815 2379 3869 in
2411 3812 2794 3868 humanitatem
2823 3827 2835 3863 :
2871 3818 3046 3862 utrum
3077 3804 3132 3858 in
3161 3803 3411 3862 delicias,
3451 3796 3634 3868 prodi-

2039 3910 2310 3979 galitatein
2334 3949 2348 3972 ,
2381 3904 2732 3968 ebrietatem,
2772 3917 2839 3954 an
2870 3900 2922 3953 in
2954 3897 3270 3952 aitlictorum
3311 3889 3634 3948 subsidium.

2041 3999 2157 4056 Non
2208 4000 2275 4054 de
2313 3997 2564 4068 expensis
2610 3991 2982 4053 solummodo,
3025 3987 3118 4043 sed
3167 3985 3233 4040 de
3273 3979 3640 4054 acquisitionis

2045 4092 2205 4147 modo
2231 4090 2492 4145 rationem
2524 4085 2884 4158 postulaberis
2914 4101 2926 4138 :
2957 4091 3133 4135 utrum
3159 4077 3318 4147 justis
3344 4072 3640 4137 iaboribus,

2044 4199 2110 4238 an
2146 4183 2343 4252 rapinis
2369 4190 2422 4235 et
2452 4180 2674 4234 avaritia
2698 4175 2976 4248 pecuniam
3020 4169 3302 4241 collegeris
3329 4185 3342 4221 :
3370 4175 3543 4220 utrum
3572 4162 3644 4217 sit

2045 4275 2350 4346 patrimonii
2379 4271 2666 4336 hereditas,
2694 4285 2760 4322 an
2787 4268 2838 4323 id
2865 4275 3107 4321 coactum
3131 4263 3201 4319 sit
3226 4276 3290 4316 ex
3324 4255 3642 4329 pupillorum

2047 4369 2251 4424 eversis
2287 4363 2555 4428 domibus,
2582 4373 2635 4418 et
2675 4357 3081 4431 Spoliationibus
3118 4353 3418 4407 viduarum.
3447 4346 3647 4412 Quem-

2049 4461 2336 4516 admodum
2381 4473 2480 4512 nos
2512 4471 2619 4510 non
2671 4456 2842 4510 solum
2884 4466 2914 4504 a
2959 4449 3128 4504 servis
3158 4445 3354 4500 nostris
3382 4441 3644 4495 rationem

2050 4553 2204 4608 elatae
2233 4549 2472 4620 pecuniae
2494 4589 2509 4614 ,
2553 4545 2646 4601 sed
2676 4545 2838 4600 etiam
2871 4542 3034 4596 illatze
3065 4537 3440 4609 exposcimus,
3482 4544 3645 4586 excuo

2053 4648 2248 4702 tientes
2292 4644 2434 4699 unde
2473 4637 2756 4712 pecunias,
2810 4651 2839 4690 a
2879 4635 3110 4706 quibus,
3159 4639 3213 4686 et
3249 4625 3553 4700 quomodo,
3593 4631 3650 4678 et

2053 4750 2276 4812 quantas
2304 4735 2610 4806 acceperint
2638 4751 2651 4786 :
2686 4733 2757 4786 ita
2799 4739 2852 4786 et
2880 4730 3020 4784 Deus
3050 4742 3153 4781 non
3185 4724 3357 4779 solum
3389 4717 3647 4812 expensi,

2054 4807 2148 4889 sed
2178 4831 2336 4885 etiam
2368 4827 2571 4896 accepti
2620 4833 2675 4880 et
2713 4821 2956 4891 acquisiti
2999 4819 3231 4873 rationes
3254 4812 3504 4886 postulat.
3534 4807 3651 4864 Non

2057 4927 2228 4981 Solum
2257 4937 2384 4976 vero
2410 4921 2594 4986 dives,
2639 4916 2733 4972 sed
2762 4925 2816 4969 et
2857 4928 3059 4984 pauper
3091 4910 3327 4966 rationes
3365 4905 3448 4962 vel
3487 4904 3656 4975 ipsius

2059 5015 2386 5090 paupertatis
2426 5013 2570 5067 subit
2603 5030 2615 5065 :
2647 5025 2712 5063 an
2740 5020 3003 5079 generoso
3032 5013 3088 5060 et
3110 5011 3263 5075 grato
3302 4999 3480 5054 animo
3518 5011 3655 5069 pau-

2062 5087 2322 5181 pertatem
2347 5105 2564 5170 tulerit,
2599 5118 2666 5156 an
2713 5117 2818 5155 non
2849 5114 2990 5168 argve
3021 5095 3236 5160 tulerit,
3281 5109 3347 5147 an
3376 5106 3483 5145 non
3515 5087 3658 5143 indi-

2063 5212 2255 5277 gnatus
2284 5201 2473 5266 fuerit,
2503 5215 2569 5252 an
2613 5211 2719 5252 non
2748 5191 3067 5249 incusaverit
3099 5185 3189 5244 Dei
3227 5183 3618 5258 providentiam
3643 5220 3658 5245 ,

2066 5315 2184 5354 cum
2212 5296 2420 5351 videret
2465 5293 2629 5346 alium
2669 5290 2723 5344 in
2764 5283 3127 5356 voluptatibus
3171 5280 3510 5336 deliciantem
3537 5313 3552 5337 ,
3599 5286 3660 5324 se

2067 5392 2286 5449 antem‘
2331 5391 2381 5446 iu
2431 5395 2668 5457 egestate
2701 5382 2928 5438 versari.
2959 5379 3031 5435 Ut
3055 5377 3198 5432 enim
3234 5389 3264 5426 a
3308 5371 3472 5425 divite
3517 5366 3664 5420 elec-

2069 5498 2330 5556 mnsyum,
2361 5482 2433 5535 ita
2468 5494 2497 5533 a
2532 5491 2769 5549 paupere
2817 5470 3116 5528 tolerantia:
3160 5457 3658 5556 requiritur-ratio:

2071 5552 2313 5633 imovnon
2341 5572 2510 5629 solum
2540 5568 2835 5624 tolerantia:
2857 5605 2873 5630 ,
2900 5561 2993 5617 sed
3020 5561 3179 5615 etiam
3225 5555 3391 5626 ipsius
3430 5552 3666 5607 elcemo-

2074 5686 2220 5742 syria:
2251 5687 2262 5720 :
2297 5683 2400 5722 non
2430 5665 2572 5720 enim
2600 5661 2759 5717 habet
2787 5654 3222 5726 impedimentum
3261 5647 3331 5702 ad
3363 5638 3663 5713 eleemOsy-

2140 5787 2154 5816 ι
2194 5792 2333 5847 neg.,
2353 5777 2658 5832 deiicientem
2689 5787 2776 5824 nec
2807 5778 2964 5822 tamen
3007 5765 3198 5820 divitias
3220 5764 3595 5822 inminuentem,
3615 5777 3668 5816 ει

2077 5852 2251 5897 autem.
