4106 6484
491 349 562 403 93
1251 359 1308 416 s.
1344 359 1623 416 .IOANNIS
1661 359 2132 417 cunttsosrout
2170 357 2486 415 ARCl-llEP.
2528 357 3066 416 cousrau'rntor.
3715 354 3784 412 et

490 489 613 530 nam
641 479 945 543 paupertas.
994 470 1168 526 Testis
1198 481 1278 526 est
1303 471 1460 533 vidua
1495 487 1613 543 quae
1659 472 1766 526 duo
1797 471 1999 526 minuta
2026 473 2078 526 in

494 566 928 644 gazophylacium
953 564 1147 635 dejecit
1167 607 1183 628 ,
1217 574 1268 619 et
1297 579 1390 622 eos
1416 565 1503 635 qui
1533 565 1759 635 plurima
1784 563 2042 620 dederant
2065 606 2080 630 ,

498 670 691 725 magno
724 653 1000 711 intervallo
1028 657 1329 725 superavit,
1359 655 1519 727 idque
1563 669 1668 711 tam
1710 658 1909 712 minuta
1932 657 2080 712 obla-

493 748 727 803 tiuneuia
757 747 960 820 (Marc.
987 746 1072 800 12.
1104 747 1173 802 42
1192 750 1230 817 ).
1260 747 1378 804 NOn
1417 749 1590 803 solum
1617 759 1794 803 autem
1822 749 2011 803 divites
2032 757 2087 804 et

498 853 760 908 pauperes
781 880 794 900 ,
824 838 916 892 sed
947 837 1204 908 praesides
1226 839 1499 910 ctjudices
1524 855 1643 894 cum
1670 841 1834 893 nmlta
1857 839 2084 909 diligen-

495 935 563 986 tia
595 933 966 986 examinantur
992 948 1057 986 an
1091 949 1198 986 non
1231 933 1322 1002 jus
1350 935 1725 1008 corruperint,
1773 949 1839 987 an
1869 948 1974 986 non
2018 932 2086 986 ad

483 1025 712 1092 gratiam
746 1024 826 1076 vel
866 1023 1044 1077 odium
1077 1024 1313 1078 calculos
1335 1027 1385 1078 in
1414 1021 1601 1079 litibus
1627 1019 2082 1094 deprompscrint,

491 1128 557 1166 an
603 1130 705 1166 non
761 1115 949 1168 molliti
989 1114 1338 1181 adulatione,
1401 1123 1588 1169 contra
1636 1130 1798 1184 quam
1848 1129 1944 1184 par
1971 1123 2088 1168 erat

493 1206 812 1258 sententiam
842 1205 1107 1270 dederint,
1137 1221 1202 1260 an
1230 1222 1332 1260 non
1358 1221 1625 1260 memores
1646 1205 1966 1261 offensarum
1995 1220 2088 1262 eos

496 1299 798 1352 vexat-crint
823 1340 836 1361 ,
872 1299 961 1368 qui
989 1298 1118 1351 nihil
1149 1306 1458 1368 peccarant.

570 1389 696 1453 Qua:
730 1390 860 1442 ratio
893 1390 1150 1442 reddenda
1191 1400 1259 1442 est
1296 1390 1641 1444 ecclesiasticis
1670 1390 1987 1459 prtesulibus.
2017 1419 2090 1429 —-

487 1477 606 1534 Non
642 1481 814 1533 solum
846 1491 1025 1534 autem
1069 1482 1352 1536 saeculares
1396 1483 1738 1552 magistratus
1761 1525 1776 1550 ,
1818 1483 1911 1538 sed
1936 1493 1991 1538 ct
2015 1483 2087 1538 illi

491 1572 580 1640 qui
615 1572 862 1626 Ecclesiis
898 1583 1161 1641 praesunt,
1213 1589 1323 1627 sure
1370 1575 1700 1644 przefecturre
1724 1577 1959 1631 rationes
1997 1576 2089 1631 da-

494 1663 660 1728 bunt,
694 1673 745 1716 et
773 1665 1041 1734 praecipue
1078 1666 1162 1720 isti
1189 1673 1347 1731 sunt,
1391 1667 1483 1737 qui
1521 1667 1752 1738 majores
1775 1710 1791 1736 ,
1841 1669 2088 1724 acerbio-

498 1773 585 1812 res
615 1799 630 1823 ,
663 1768 714 1811 et
737 1759 1016 1827 graviores
1048 1775 1233 1828 pcnnas
1261 1761 1620 1815 sustinebunt.
1651 1761 1744 1816 Cui
1775 1762 1916 1816 enim
1940 1762 2087 1816 verbi

494 1848 886 1902 administratio
913 1852 1197 1904 commissa
1229 1859 1312 1905 est
1335 1892 1348 1916 ,
1400 1852 1683 1921 diligenter
1713 1853 1780 1907 ibi
1811 1854 2087 1908 examina-

491 1939 656 2006 bitur,
687 1957 752 1994 an
804 1958 906 1994 non
956 1941 1199 2012 segnitie,
1237 1951 1321 1997 aut
1368 1944 1564 1998 invidia
1612 1945 1810 2015 aliquid
1850 1945 2090 2002 omiserit

495 2045 682 2084 eorum
708 2073 724 2097 ,
758 2049 875 2101 quae
904 2032 1123 2086 (licenda
1150 2043 1300 2087 erant
1319 2077 1331 2098 ,
1360 2044 1414 2088 et
1444 2050 1538 2104 per
1576 2051 1736 2104 opera
1763 2035 2085 2105 exhibuerit,

495 2137 561 2174 an
595 2124 770 2176 omnia
803 2125 1142 2192 cxplieucrit,
1175 2125 1415 2196 nihilque
1436 2127 1502 2180 ab
1530 2127 1620 2182 illo
1648 2128 1968 2182 occultatum
1995 2129 2084 2198 sit,

493 2215 636 2284 quod
668 2216 810 2270 dictu
839 2233 1017 2286 operte
1051 2219 1276 2287 pretium
1303 2229 1436 2273 erat.
1470 2219 1676 2275 Rursus
1703 2221 1790 2290 qui
1815 2221 2090 2291 episc0pa-

495 2315 605 2360 tum
634 2307 856 2377 adeptus
884 2317 985 2372 cst,
1017 2319 1216 2378 quanto
1239 2309 1304 2362 ad
1333 2309 1593 2379 majorem
1621 2311 1873 2365 verticem
1903 2327 2091 2367 ascen-

496 2397 612 2465 dit,
661 2407 809 2452 tanto
848 2401 1139 2470 majoribus
1178 2402 1440 2457 obnoxius
1470 2404 1570 2456 erit
1600 2403 1932 2467 rationibus,
1983 2419 2087 2459 non

496 2491 670 2544 solum
698 2491 764 2545 de
793 2491 1035 2545 doctrina
1066 2503 1116 2545 et
1146 2507 1436 2561 pauperum
1467 2495 1784 2562 patrocinio,
1813 2494 1905 2548 sed
1928 2494 2086 2548 etiam

497 2581 564 2636 de
609 2585 1003 2639 examinatione
1044 2584 1459 2638 ordinandorum
1486 2626 1501 2651 ,
1547 2585 1770 2655 aliisque
1799 2587 2084 2640 sexcentis.

492 2672 563 2728 Et
607 2674 721 2728 haec
768 2675 1051 2731 declarans
1095 2676 1294 2729 Paulus
1341 2674 1405 2729 ad
1453 2675 1791 2730 Timotheum
1831 2677 2084 2745 scripsit:

497 2765 685 2821 Manus
719 2770 816 2821 cito
845 2769 1031 2822 nemini
1061 2768 1390 2838 imposurris,
1437 2785 1592 2838 neque
1621 2768 1954 2823 communices
1975 2785 2089 2838 pec-

495 2859 621 2912 catis
661 2861 839 2912 alienis
871 2860 918 2930 (l
958 2859 1089 2913 Tim.
1123 2861 1176 2914 5.
1201 2860 1310 2928 22)
1339 2877 1352 2913 :
1383 2870 1436 2914 et
1465 2860 1530 2914 ad
1569 2859 1825 2915 Hebrteos
1852 2861 2091 2918 scribens

495 2949 564 3005 de
592 2951 776 3005 iisdem
816 2952 1105 3022 pratfectis,
1140 2951 1237 3006 alia
1271 2953 1478 3008 ratione
1523 2953 1808 3008 terrefacit.
1847 2953 2087 3021 Obedite,

494 3042 666 3110 inquit
686 3085 701 3117 ,ι
750 3044 1036 3112 prwpositis
1075 3045 1281 3110 vestris,
1315 3053 1362 3096 et
1392 3045 1642 3114 subjacete
1683 3047 1754 3099 eis
1785 3060 1802 3098 :
1832 3047 1930 3116 ipsi
1959 3047 2090 3099 enim

493 3136 701 3205 vigilant
743 3153 894 3206 super
935 3137 1197 3192 animabus
1254 3141 1427 3191 vestris
1456 3180 1471 3206 ,
1523 3148 1578 3192 ut
1626 3140 1870 3194 rationem
1919 3141 2090 3194 daturi

494 3229 689 3295 (llebr.
723 3231 805 3284 l5.
838 3230 902 3283 17
923 3232 962 3300 ).
993 3230 1124 3284 Tmn
1146 3246 1271 3286 vero
1294 3246 1396 3285 non
1423 3232 1678 3286 factorum
1700 3233 1894 3300 solum,
1915 3235 2006 3288 sed
2036 3243 2090 3288 et

503 3322 787 3376 verborum
817 3323 1052 3377 rationes
1079 3322 1395 3376 subibimus.
1440 3324 1900 3389 Quemadmodum
1945 3327 2086 3381 enim

491 3427 592 3468 nos
613 3430 731 3467 cum
775 3419 1028 3483 pecunias
1078 3415 1249 3468 servis
1278 3415 1650 3470 concrcdimus
1675 3459 1688 3482 ,
1731 3417 1968 3472 omnium
1999 3435 2087 3473 rc-

493 3504 763 3574 poscimus
793 3505 1026 3560 rationes
1051 3547 1064 3571 ,
1101 3507 1169 3559 ita
1203 3523 1413 3577 quoque
1461 3508 1600 3562 Deus
1627 3509 1694 3562 de
1732 3510 1908 3563 verbis
1937 3511 2088 3565 nobis

490 3595 819 3650 conereditis
852 3599 1088 3667 requiret
1113 3599 1382 3667 quomodo
1411 3599 1498 3652 illa
1526 3601 1958 3670 expendcrimus.
1986 3603 2090 3660 Rc-

492 3686 767 3754 poscimnr
802 3688 943 3741 enim
993 3697 1046 3742 ct
1089 3691 1456 3744 examinamur
1487 3707 1739 3761 perquam
1782 3693 2081 3764 diligenter,

491 3793 617 3831 num
665 3785 900 3844 temere,
956 3797 1080 3833 num
1110 3780 1300 3836 frustra
1330 3799 1390 3837 ea
1434 3783 1876 3854 insumpserimns
1919 3803 1932 3839 ε
1980 3805 2083 3841 non

487 3871 629 3926 enim
659 3888 907 3928 nummus
937 3884 1136 3931 temere
1163 3877 1434 3946 expositus
1466 3879 1535 3932 ita
1564 3878 1707 3932 laedit
1733 3888 1787 3931 ut
1812 3881 1970 3934 verba
2006 3892 2082 3936 te-

488 3977 636 4018 mere
679 3975 732 4018 et
773 3965 968 4019 frustra
997 3966 1134 4022 elata
1155 4007 1168 4031 ,
1201 3983 1321 4022 cum
1347 3968 1472 4021 nihil
1501 3983 1633 4036 opus
1665 3978 1798 4022 crat.
1826 3969 2085 4025 Nummus

486 4056 632 4110 enim
660 4056 852 4110 frustra
887 4059 1184 4127 insumptus
1215 4060 1453 4128 pecunia:
1497 4059 1782 4128 aliquando
1828 4061 2081 4116 damnum

489 4146 662 4210 affert,
695 4163 873 4201 sermo
903 4159 1077 4202 autem
1121 4148 1486 4218 imprudenter
1513 4153 1819 4206 enutttiatus
1849 4154 2082 4226 integras

489 4235 678 4291 domos
706 4238 896 4292 evertit
921 4280 935 4306 ,
983 4249 1037 4294 et
1079 4241 1309 4295 animam
1343 4243 1517 4312 perdit
1545 4263 1557 4295 :
1592 4246 1936 4313 pecuniarum
1965 4250 2082 4318 qui-

485 4327 608 4382 dem
639 4329 890 4385 damnum
920 4334 1177 4388 resarcire
1202 4335 1346 4400 licet,
1378 4337 1598 4391 verbum
1621 4353 1748 4392 vero
1774 4339 1914 4409 quod
1941 4340 2082 4395 exsi-

486 4421 625 4474 lierit
652 4423 814 4477 semel
834 4465 848 4490 ,
882 4439 1131 4480 revocare
1161 4442 1265 4480 non
1297 4425 1436 4481 licet.

568 4512 839 4568 Verborum
866 4517 1013 4570 etiam
1037 4519 1221 4572 luenda
1254 4537 1422 4588 penna.
1453 4518 1600 4574 Ratio
1623 4520 1825 4576 delendi
1849 4532 2075 4591 peccata.

487 4603 818 4674 Imputantur
853 4609 920 4661 ad
970 4612 1162 4663 veniant
1204 4623 1525 4682 peccatorum
1559 4614 1778 4668 actiones
1808 4614 1970 4668 bome.
2008 4642 2078 4654 —-

482 4697 748 4751 Cteterum
798 4708 854 4753 ut
901 4701 1076 4755 discas
1109 4704 1392 4757 verborum
1437 4720 1621 4774 pmuas
1662 4705 1888 4759 luituros
1919 4721 2072 4773 esse,

482 4787 606 4840 audi
649 4788 774 4858 quid
819 4788 1062 4844 Christus
1093 4792 1234 4847 dicat
1264 4809 1277 4844 :
1309 4793 1435 4848 Dico
1473 4806 1638 4849 autem
1679 4797 1836 4864 vobis,
1861 4799 1996 4869 quod
2015 4799 2078 4854 de

480 4877 622 4931 omni
648 4879 793 4933 verba
818 4880 998 4949 otioso,
1028 4884 1372 4948 quodcumque
1400 4884 1593 4957 loquuti
1626 4888 1813 4956 fuerint
1847 4890 2074 4945 homines

479 4969 534 5022 in
562 4978 714 5036 terra,
740 4973 949 5026 reddent
975 4976 1218 5028 rationem
1241 4977 1302 5029 de
1321 4993 1378 5030 eo
1404 4978 1454 5030 in
1483 4979 1564 5031 die
1577 4979 1765 5048 jndicii
1786 4997 1804 5034 :
1830 4998 1893 5035 ex
1915 4984 2073 5037 verbis

477 5063 612 5117 enim
639 5065 738 5119 tuis
775 5067 1139 5136 justi/icuberis
1159 5110 1174 5136 ,
1217 5080 1262 5123 et
1298 5087 1358 5125 ea:
1387 5070 1546 5125 verbis
1576 5072 1674 5127 tuis
1704 5057 2070 5130 condenmabe-

476 5157 547 5210 ris
572 5156 801 5228 (Matth.
830 5159 915 5213 12.
950 5159 1038 5214 56.
1067 5161 1134 5215 57
1156 5161 1198 5234 ).
1245 5160 1360 5216 Non
1390 5164 1562 5217 solum
1593 5173 1767 5218 autem
1805 5165 2067 5221 dictorum

475 5249 736 5303 rationem
765 5249 1070 5318 reddemus,
1096 5253 1188 5306 scd
1221 5262 1272 5307 et
1302 5254 1603 5308 auditorum
1632 5271 1843 5325 quoque
1868 5274 1882 5324 ;
1905 5257 2068 5312 veluti

473 5340 520 5396 si
551 5341 832 5396 admiseris
863 5341 1049 5396 falsam
1074 5345 1498 5400 criminationem
1521 5357 1706 5401 contra
1732 5348 1944 5403 fratrem
1976 5365 2068 5405 ca-

474 5433 738 5491 lumniose
781 5435 1072 5491 insti;utam
1110 5455 1123 5491 :
1158 5439 1476 5493 Auditionem
1523 5443 1664 5495 enim
1719 5458 1932 5508 vanam,
1987 5442 2068 5498 itt-

473 5525 586 5594 quit
630 5525 922 5596 Scriptura,
969 5545 1033 5582 ne
1080 5529 1326 5598 receperis
1355 5531 1372 5602 (
1398 5529 1561 5583 Exod.
1592 5531 1682 5586 25.
1717 5532 1737 5585 1
1769 5533 1809 5601 ).
1838 5533 1988 5599 Quod
2019 5533 2064 5588 si

476 5616 573 5678 illi,
605 5618 690 5687 qui
720 5620 982 5687 recipiunt
1013 5638 1199 5676 vanam
1229 5623 1578 5690 auditionem,
1607 5627 1815 5680 veniam
1843 5643 1946 5681 non
1971 5626 2063 5681 ha-

473 5708 621 5770 bent,
649 5714 738 5778 qui
768 5713 1158 5770 calunmiautur
1189 5727 1240 5773 et
1268 5718 1638 5790 criminantur,
1661 5735 1941 5791 quanmam
1971 5721 2062 5776 ha-

475 5800 672 5856 bebunt
704 5805 1129 5866 excusationem?

2264 470 2317 525 5.
2362 472 2425 525 At
2456 469 2580 540 quid
2613 470 2730 525 dico
2757 470 2823 526 de
2854 471 3028 525 verbis
3059 477 3114 524 ct
3138 467 3318 525 auditu
3344 512 3357 534 ,
3390 468 3476 525 ubi
3508 469 3668 527 etiam
3695 487 3785 528 co.

2189 563 2503 632 gitationum
2533 580 2716 633 pmnas
2745 563 3109 618 sustinemus?
3137 563 3202 618 Et
3242 562 3345 619 hoc
3378 564 3548 633 ipsum
3589 564 3785 622 Paulus

2191 653 2488 718 declarans,
2507 653 2637 707 dixit
2669 673 2681 708 :
2717 655 3050 719 Quamobrem
3073 672 3134 708 ne
3162 664 3278 707 ante
3304 665 3500 723 tempus
3518 655 3782 723 judicetis,

2192 745 2351 798 donec
2379 745 2540 798 veniat
2571 744 2817 799 Dominus
2845 748 2928 815 qui
2970 745 3273 800 illuminubit
3309 747 3507 800 occulta
3550 749 3784 802 tenebra-

2191 855 2325 902 rum,
2363 847 2407 890 et
2431 839 2769 907 manifestabit
2811 840 3024 892 consilia
3065 838 3292 892 cordium
3319 839 3412 910 (1.
3445 839 3565 894 Cor.
3596 840 3649 893 4.
3683 841 3716 894 5
3742 841 3784 904 ).

2193 926 2283 982 Ille
2322 943 2532 998 quoque
2561 929 2882 998 psalmorum
2922 939 3108 982 cantor
3137 928 3242 989 ait,
3282 927 3528 999 Cogitatio
3566 929 3787 983 hominis

2193 1020 2510 1088 conﬁtebitur
2537 1021 2624 1074 tibi
2651 1021 2667 1090 (
2691 1019 2837 1074 Psal.
2863 1022 2950 1076 75.
2985 1022 3039 1074 11
3069 1021 3108 1090 ).
3137 1020 3272 1087 Quid
3295 1031 3470 1074 autem
3502 1020 3627 1074 illud
3659 1029 3742 1075 est
3767 1062 3782 1086 ,

2192 1109 2441 1179 Cogitatio
2481 1112 2696 1166 hominis
2725 1111 3042 1181 conﬁtebitur
3072 1113 3207 1166 tibi?
3240 1111 3410 1166 Veluti
3441 1112 3483 1165 si
3510 1126 3629 1165 cum
3659 1111 3788 1166 dolo

2191 1213 2245 1258 et
2265 1204 2402 1258 mala
2429 1214 2606 1258 mente
2637 1202 2856 1259 fratrem
2884 1205 3171 1275 alloquaris
3198 1221 3211 1257 :
3236 1204 3279 1257 si
3301 1219 3394 1257 ore
3425 1203 3574 1256 illum
3604 1211 3658 1256 et
3685 1203 3788 1256 lin-

2191 1312 2291 1364 gua
2321 1298 2590 1363 celebres,
2620 1305 2795 1353 mente
2823 1308 2999 1352 autem
3031 1297 3167 1351 mala
3198 1297 3399 1366 cogites
3419 1336 3432 1361 ,
3461 1295 3616 1366 eique
3642 1295 3785 1350 invi-

2192 1389 2338 1444 deas.
2370 1388 2501 1444 lllud
2522 1389 2664 1444 enim
2691 1391 2862 1459 ipsum
2883 1389 3128 1444 Christus
3152 1387 3493 1443 subindieans
3512 1430 3526 1455 ,
3558 1401 3654 1442 nos
3678 1401 3788 1442 non

2193 1481 2365 1535 solum
2406 1479 2663 1535 factorum
2691 1522 2708 1547 ,
2753 1481 2846 1536 sed
2887 1489 2941 1535 et
2977 1481 3356 1550 cogitationum
3388 1495 3602 1550 poenam
3634 1479 3784 1535 luere

2193 1573 2327 1628 dixit
2349 1591 2362 1628 :
2391 1573 2490 1639 Qui
2509 1574 2781 1644 inspexerit
2809 1574 3067 1628 mulierem
3089 1574 3155 1626 ad
3174 1575 3626 1642 concupiscendum
3648 1591 3786 1638 eam,

2184 1666 2299 1736 jam
2327 1665 2599 1720 masc/tatus
2623 1677 2697 1720 est
2719 1682 2830 1719 eam
2848 1666 2901 1719 in
2923 1667 3074 1720 corde
3094 1683 3186 1720 suo
3210 1665 3227 1735 (
3253 1665 3440 1718 Matth.
3472 1666 3524 1721 5.
3551 1664 3669 1737 28).
3691 1667 3789 1720 At-

2193 1757 2282 1826 qui
2309 1772 2413 1812 non
2444 1756 2617 1826 erupit
2643 1757 2694 1811 in
2723 1773 2858 1826 opus
2885 1757 3056 1826 ipsum
3086 1767 3382 1828 peccatum,
3406 1758 3500 1812 sed
3531 1757 3789 1813 hactenus

2194 1847 2248 1903 in
2272 1849 2387 1903 solo
2405 1849 2584 1903 animo
2605 1851 2848 1905 consistit
2877 1868 2890 1904 :
2917 1866 3096 1904 verum
3126 1865 3192 1906 ne
3219 1852 3287 1904 ita
3309 1851 3522 1920 quidem
3548 1851 3790 1921 inculpa-

2194 1949 2274 1994 tus
2307 1955 2520 1996 manere
2546 1950 2740 2010 potest,
2769 1941 2858 2010 qui
2889 1941 3007 1996 ideo
3034 1941 3426 2010 contemplatur
3454 1941 3650 1996 formas
3678 1957 3790 1996 mu-

2193 2031 2383 2086 lierum
2413 2073 2428 2100 ,
2475 2041 2532 2087 ut
2573 2032 2818 2087 incendat
2862 2031 3231 2088 fornicationis
3273 2034 3786 2102 concupiscentiam.

2193 2122 2324 2177 Cum
2357 2123 2514 2193 igitur
2543 2123 2812 2178 audiveris
2853 2139 2974 2179 eum
3007 2125 3268 2178 rationem
3313 2139 3433 2178 cum
3477 2126 3647 2179 servis
3675 2125 3790 2180 suis

2193 2213 2439 2269 conferre
2464 2255 2478 2280 ,
2510 2230 2577 2269 ne
2603 2214 2733 2269 mihi
2762 2215 3090 2286 negligenter
3117 2225 3402 2285 praztereas
3433 2215 3574 2268 illam
3602 2214 3795 2273 dicti)-

2195 2321 2315 2360 nem
2348 2323 2360 2359 :
2394 2307 2488 2361 sed
2518 2306 2618 2362 hoc
2645 2307 2879 2378 intelligo
2908 2308 2974 2363 de
2995 2308 3139 2361 omni
3168 2307 3354 2361 ordine
3374 2349 3389 2373 ,
3419 2309 3564 2361 omni
3594 2315 3768 2372 aetate,

2196 2408 2426 2470 utroque
2451 2415 2602 2465 sexu,
2631 2410 2683 2456 et
2711 2403 2945 2455 virorum
2972 2410 3026 2456 et
3053 2400 3366 2455 feminarum
3394 2417 3407 2454 :
3436 2401 3607 2468 cogita
3633 2401 3792 2468 quale

2195 2490 2324 2545 illud
2350 2491 2607 2561 judicium
2639 2493 2726 2558 sit,
2760 2494 2974 2546 revolve
2997 2501 3252 2562 perpetuo
3276 2501 3360 2544 tua
3390 2500 3622 2560 peccata.
3655 2489 3781 2544 Nam

2193 2583 2292 2637 etsi
2345 2583 2458 2652 ipse
2508 2583 2707 2638 oblitus
2757 2583 2918 2638 fueris
2974 2593 3180 2636 tuormn
3233 2583 3595 2649 delictorum,
3648 2580 3790 2636 Dens

2193 2690 2481 2745 numquam
2513 2674 2856 2730 obliviscclur
2878 2717 2892 2740 ,
2936 2685 2988 2730 et
3018 2675 3194 2730 omnia
3226 2684 3350 2730 ante
3377 2674 3560 2730 oculos
3589 2673 3790 2728 consti-

2195 2779 2327 2837 tuet,
2361 2770 2460 2824 nisi
2485 2771 2594 2840 jam
2625 2780 2830 2826 malure
2859 2786 2920 2826 ea
2950 2770 3366 2826 exstinxerimus
3396 2785 3490 2839 per
3519 2769 3788 2838 poeniten-

2195 2862 2320 2916 tiam
2350 2872 2402 2916 et
2431 2861 2822 2918 confessionem
2843 2903 2858 2928 ,
2889 2869 2943 2918 et
2975 2877 3068 2931 per
3093 2861 3413 2916 oblivionem
3443 2860 3785 2915 oti'ensarum.

2195 2951 2308 3018 Qua
2336 2969 2464 3008 vero
2503 2953 2571 3008 de
2609 2969 2766 3008 causa
2794 2954 3052 3008 rationem
3083 2953 3320 3024 repetit?
3350 2952 3464 3006 Non
3491 2951 3702 3023 quidem
3731 2960 3787 3005 ut

2195 3045 2394 3099 inscius
2419 3045 2705 3116 (quomodo
2723 3047 2862 3100 enim
2883 3045 3101 3110 inscius,
3126 3043 3210 3099 cui
3229 3043 3406 3098 omnia
3427 3044 3637 3114 cognita
3664 3051 3787 3096 sunt

2194 3146 2477 3206 antequam
2512 3137 2850 3202 fiant?(Dan.
2878 3138 2960 3192 15.
2986 3136 3056 3191 42).
3090 3133 3133 3206 ),
3164 3135 3258 3191 sed
3289 3145 3342 3189 ut
3370 3135 3459 3189 tibi
3487 3149 3643 3189 servo
3670 3149 3790 3204 per-

2193 3231 2448 3296 suadeat,
2473 3229 2594 3299 jurc
2627 3239 2676 3283 te
2701 3229 2896 3283 debere
2925 3228 3299 3299 quodcumque
3326 3227 3490 3282 debes
3517 3246 3529 3281 :
3559 3227 3664 3280 imo
3692 3241 3789 3294 po-

2194 3320 2316 3384 tius,
2351 3330 2405 3373 ut
2434 3336 2541 3374 non
2569 3320 2740 3374 solum
2771 3320 2966 3384 discas,
2997 3319 3090 3375 scd
3118 3327 3176 3372 ut
3201 3318 3474 3389 abstcrgas
3507 3336 3519 3372 :
3551 3316 3789 3387 quando-

2193 3411 2405 3480 quidem
2434 3421 2484 3465 et
2517 3411 2789 3481 propheta:
2837 3427 2898 3466 ea
2943 3411 3010 3466 de
3055 3425 3214 3466 causa
3254 3409 3525 3464 mandavit
3569 3418 3791 3478 peccata

2192 3501 2500 3556 Judaeorum
2531 3518 2801 3557 enarrare.
2832 3503 2928 3556 Dic
2953 3545 2967 3570 ,
2999 3503 3200 3573 inquit,
3226 3502 3514 3572 iniquitates
3541 3517 3660 3555 suas
3689 3500 3790 3554 do-

2193 3597 2295 3648 mui
2317 3595 2496 3662 Iacob,
2520 3608 2567 3650 et
2593 3608 2796 3666 peccata
2821 3614 2912 3650 sua
2935 3596 3105 3650 domui
3133 3594 3299 3649 Israet'
3330 3595 3350 3667 (
3377 3594 3503 3648 Isai.
3537 3594 3626 3650 58.
3657 3594 3680 3648 1
3715 3592 3733 3664 )
3772 3611 3786 3646 :

2193 3703 2298 3743 non
2322 3699 2376 3742 ut
2397 3690 2616 3744 audiant
2633 3691 2825 3755 solum,
2851 3690 2942 3745 sed
2969 3690 3388 3759 utcorrigantur.
3408 3687 3604 3741 Exorso
3616 3696 3789 3740 autem

2191 3798 2247 3834 eo
2278 3783 2505 3851 conferre
2531 3787 2748 3836 rationes
2766 3825 2779 3842 ,
2812 3782 3059 3856 adductus
3086 3790 3156 3835 est
3181 3781 3226 3834 ei
3248 3780 3437 3834 debitor
3462 3795 3594 3832 unus
3621 3778 3788 3832 decies

2191 3873 2329 3927 mille
2355 3874 2658 3927 talentorum
2688 3872 2912 3943 (Matth.
2944 3875 3029 3929 18.
3059 3873 3129 3928 24
3151 3874 3186 3944 ).
3221 3871 3484 3942 Quidquid
3526 3870 3667 3924 enim
3709 3869 3785 3923 illi

2191 3967 2452 4020 creditum
2483 3975 2631 4033 erat,
2680 3967 2730 4020 id
2764 3982 2927 4021 omne
2971 3966 3386 4034 absumpserat:
3429 3977 3617 4032 magna
3661 3961 3786 4015 anis

2189 4059 2347 4113 alieni
2381 4060 2547 4113 moles
2572 4077 2584 4113 :
2611 4068 2665 4114 et
2697 4076 2800 4113 non
2829 4059 3000 4113 solum
3034 4058 3084 4112 in
3113 4057 3212 4111 hac
3241 4072 3298 4110 re
3327 4056 3616 4126 periculum
3643 4064 3781 4120 erat,

2188 4149 2282 4204 sed
2310 4149 2360 4203 in
2390 4166 2454 4204 co
2483 4165 2694 4219 quoque
2719 4149 2860 4220 quod
2890 4149 3092 4218 primus
3121 4147 3327 4202 oblatus
3350 4154 3431 4202 est
3453 4145 3691 4200 domino.
3725 4145 3780 4198 Si

2187 4243 2326 4296 enim
2358 4251 2478 4312 post
2520 4241 2715 4296 multos
2746 4243 2798 4296 in
2839 4239 3096 4295 solvendo
3137 4237 3405 4292 studiosos
3443 4237 3540 4290 istc
3570 4236 3783 4290 oblatus

2187 4333 2392 4401 fuisset,
2415 4349 2518 4389 non
2540 4334 2609 4388 ita
2635 4334 2826 4387 mirum
2857 4332 3064 4399 fuisset,
3096 4331 3139 4385 si
3159 4329 3406 4384 dominus
3431 4329 3561 4382 nihil
3588 4327 3782 4382 adver-

2184 4440 2276 4482 sus
2303 4442 2424 4481 eum
2455 4425 2803 4480 exacerbatus
2834 4424 3020 4478 fuisset
3053 4442 3065 4477 :
3100 4425 3335 4493 priorum
3368 4421 3510 4476 enim
3542 4420 3780 4490 probitas

2184 4517 2440 4586 improbis
2455 4517 2707 4587 deinceps
2725 4517 2970 4570 onmibus
2985 4515 3326 4585 placatiorem
3350 4527 3470 4566 cum
3490 4510 3775 4565 effecisset.

2182 4607 2446 4664 Cmterum
2492 4610 2718 4678 primum
2763 4623 2882 4662 eum
2937 4607 3024 4677 qui
3075 4606 3364 4677 producms
3416 4603 3619 4669 fuerat,
3669 4612 3777 4657 tam

2183 4705 2466 4774 malignum
2523 4703 2574 4758 in
2623 4702 2878 4758 solvendo
2925 4715 3204 4771 apparere,
3247 4709 3301 4754 et
3347 4707 3621 4767 postquam
3669 4705 3774 4750 tam

2181 4797 2444 4868 malignus
2492 4795 2863 4867 apparuisset,
2921 4792 3194 4848 dominum
3237 4801 3572 4845 mansuetum
3620 4788 3771 4842 inve-

2181 4889 2296 4943 nire
2322 4932 2336 4953 ,
2366 4887 2416 4942 id
2447 4887 2713 4958 prareipue
2754 4887 3173 4954 inexspectatum
3214 4892 3268 4936 et
3297 4881 3629 4936 admirabile.
3663 4881 3762 4934 ilo-

2179 4983 2350 5037 mines
2371 4983 2511 5036 enim
2540 4980 2624 5033 ubi
2647 4979 2917 5034 debitores
2945 4979 3119 5047 adepti
3143 4986 3285 5040 sunt,
3313 4991 3416 5030 non
3436 4974 3592 5029 aliter
3613 4989 3771 5043 quam

2177 5074 2220 5127 si
2265 5073 2545 5138 venando,
2586 5079 2678 5125 aut
2705 5069 3021 5140 aucupando
3061 5067 3330 5138 quidpiam
3362 5066 3663 5136 cepissent,
3699 5065 3773 5118 ita

2177 5163 2483 5230 exsultant,
2515 5173 2568 5217 ct
2595 5163 2769 5216 omnia
2812 5161 3046 5226 faciunt,
3081 5169 3137 5215 ut
3179 5161 3486 5213 universum
3512 5158 3727 5226 exigant
3755 5177 3765 5210 :

2175 5257 2314 5328 quod
2347 5257 2389 5311 si
2420 5256 2470 5310 id
2501 5271 2603 5310 non
2633 5252 2839 5325 possint
2870 5253 2940 5308 ob
2968 5262 3259 5323 egestatem
3289 5249 3610 5313 debitorum,
3635 5249 3768 5303 iram

2174 5347 2579 5403 defraudalione
2610 5344 2953 5414 pecuniarum
2999 5343 3279 5398 collectam
3317 5341 3368 5395 in
3409 5354 3769 5394 azrumnosum
3814 5403 3820 5414 ἒ

2175 5441 2490 5496 miscrorum
2519 5453 2714 5507 corpus
2740 5437 3055 5501 effundunt,
3088 5434 3330 5490 vexando
3350 5474 3365 5498 ,
3393 5431 3729 5488 verberando
3754 5473 3770 5496 ,

2171 5543 2330 5605 atque
2383 5535 2483 5589 alia
2539 5542 2786 5588 sexcenta
2840 5531 2978 5585 mala
3032 5526 3340 5598 inﬂigendo.
3393 5527 3532 5580 Deus
3583 5532 3771 5578 contra

2172 5629 2348 5682 omnia
2394 5635 2610 5691 movet,
2660 5624 2711 5678 in
2759 5621 3006 5678 omnibus
3054 5621 3283 5692 satagit,
3327 5626 3383 5672 ut
3412 5632 3532 5672 eum
3574 5614 3772 5671 liberet

2170 5733 2278 5772 tere
2308 5718 2501 5772 alieno.
2535 5715 2588 5770 in
2623 5714 2776 5770 nobis
2815 5711 2958 5768 enim
2995 5711 3292 5767 debitorum
3323 5708 3532 5765 exactio
3557 5704 3770 5761 divitias

2175 5811 2297 5866 facit
2322 5827 2335 5863 :
2367 5809 2506 5864 Deus
2529 5820 2704 5864 autem
2733 5808 2782 5862 in
2815 5803 3146 5861 remittendis
3173 5802 3404 5875 peccatis
3431 5798 3663 5855 maxime
3689 5797 3768 5852 di-
