4106 6502
421 395 494 452 23
1164 407 1221 462 s.
1276 403 1564 463 JOANNIS
1604 399 2097 460 CIIRYSOS'I‘OMI
2128 400 2449 458 ARCHIEP.
2489 402 3037 460 CONSTANTINOP.
3606 392 3680 449 26

411 521 533 577 τῶν
556 519 858 592 ἀνθρώπων
884 519 918 590 ή
949 518 1212 591 σωτηρία,
1235 517 1483 587 καθάπερ
1510 515 1539 570 6
1566 512 1774 578 Παῦλος
1797 531 1960 585 φησιν
1978 529 1993 544 ο

434 602 501 660 ’0
523 602 805 658 πλουτῶν
845 605 927 669 εἰς
975 601 1228 665 πάντας,
1284 601 1379 654 καὶ
1430 599 1529 653 ἐπὶ
1577 597 1807 663 πάντας
1855 595 1998 662 τοὺς

410 686 938 757 ἐπικαλουμένους
980 685 1186 740 αὐτόν.
1249 683 1387 738 Ἀλλ’
1438 684 1569 745 ἴσως
1597 683 1740 735 εἴποι
1777 696 1864 744 τις
1897 680 1993 734 ἀν·

423 771 538 825 Καὶ
576 771 689 835 πῶς
727 773 757 824 6
783 769 1103 841 βουλόμενος
1151 769 1367 837 ἀφεῖναι
1410 769 1506 821 καὶ
1546 766 1899 837 συγχωρῆσαι
1929 763 1999 818 τά

424 854 780 924 ἐγκλήματα,
831 851 1117 905 ἐκέλευσεν
1162 852 1323 905 αὐτὸν
1370 850 1676 921 πραθῆναι;
1712 848 1853 902 Αὐτὸ
1899 847 1999 918 μὲν

422 932 519 991 οὖν
545 936 704 989 τοῦτο
753 934 986 1007 μάλιστα
1013 932 1178 988 αὐτοῦ
1208 936 1308 1007 τὴν
1343 933 1752 1004 φιλανθρωπίαν
1779 932 1999 985 δείκνυε

426 1037 533 1074 σιν.
586 1019 746 1072 Ἀλλά
780 1018 856 1090 μὴ
903 1017 1281 1089 ἐπειγώμεθα,
1325 1017 1462 1071 ἀλλά
1503 1016 1653 1082 τάξει
1691 1014 1999 1088 προϐαίνω·

428 1121 527 1173 μεν
561 1103 655 1156 ἐπὶ
701 1103 799 1172 τὴν
829 1104 929 1174 τῆς
971 1103 1279 1174 παροϐολῆς
1320 1102 1590 1172 διήγησιν.
1624 1098 1720 1168 Μὴ
1752 1099 2002 1169 ἔχοντος

411 1180 494 1235 δὲ
523 1180 711 1236 αὑτοῦ
752 1180 1117 1246 ἀποδοῦναι,
1163 1182 1317 1253 φησι.
1348 1181 1426 1249 ,Τί
1452 1183 1589 1247 ἐστι,
1622 1178 1717 1246 Μὴ
1750 1179 2002 1247 ἔχοντος

423 1261 613 1319 αὐτοῦ
656 1264 1022 1329 ἀποδοῦναι;
1076 1263 1245 1318 Πάλιν
1287 1262 1535 1328 ἐπίτασις
1579 1260 1997 1332 ἀγνωμοσύνης·

418 1346 847 1442 δταηγάριειτπῃ
868 1390 883 1413 ,
1029 1347 1279 1442 ξχρντος
1310 1346 1496 1442 αὐτοῦ
1519 1343 1877 1442 ἀποδοῦναι,
1908 1344 2002 1442 οὐ-

413 1428 515 1482 αδὶν
542 1426 672 1483 ἄλλο
699 1421 869 1498 λέγιῖ,
895 1430 1010 1484 ἀλλ’
1036 1428 1071 1501 ἢ
1096 1428 1179 1483 ὅτι
1207 1429 1648 1499 κατορθωμάτων
1678 1426 1884 1500 ἔρημος
1909 1421 1999 1497 ἦν,

426 1512 523 1566 καὶ
574 1512 728 1569 οὐδὲν
782 1508 927 1584 εἶχεν
978 1512 1138 1583 ἔργον
1196 1510 1434 1582 ἀγαθὸν,
1493 1511 1635 1566 ὥστε
1687 1509 2002 1579 λογισθῆναι

427 1594 578 1666 αὐτῷ
616 1595 697 1659 είς
742 1594 840 1666 τὴν
888 1594 1000 1649 τῶν
1044 1596 1457 1667 ἁμαρτημάτων
1507 1595 1864 1663 ἀπαλλαγήν·
1915 1593 2005 1646 λο-

426 1677 640 1744 γίζεται
663 1676 801 1748 γὰρ,
842 1676 1118 1745 λογίζεται
1147 1678 1365 1741 πάντως
1383 1680 1517 1748 ήμῖν
1543 1679 1636 1730 ἐπὶ
1668 1674 2003 1748 ἁμαρτημά-

422 1776 537 1816 των
569 1761 858 1833 ἀπαλλαγῇ
892 1760 1324 1834 κατορθώματα,
1368 1759 1621 1831 καθάπερ
1658 1758 1752 1814 οὖν
1785 1760 1880 1813 καὶ
1908 1757 2002 1811 πί·

429 1860 548 1909 στις
591 1847 671 1909 εἰς
706 1845 1072 1917 δικαιοσύνην.
1114 1845 1198 1911 Τῷ
1233 1844 1343 1915 γὰρ
1368 1845 1454 1914 μὴ
1483 1842 1876 1913 ἐργαζομένῳ,
1909 1853 2004 1895 πι-

418 1928 705 1982 στεύοντι
742 1925 809 1981 δὲ
836 1927 934 1981 ἐπὶ
975 1927 1082 1981 τὸν
1119 1926 1465 1983 δικαιοῦντα
1495 1928 1604 1981 τὸν
1638 1924 1826 1994 ἀσεϐῆ
1849 1965 1863 1988 ,
1896 1928 2005 1978 λο-

430 2008 643 2078 γίζεται
682 2009 722 2078 ἠ
754 2011 957 2076 πίστις
991 2009 1177 2065 αὐτοῦ
1210 2014 1295 2077 εἶτ
1337 2009 1753 2078 δικαιοσύνην.
1801 2007 1912 2060 Καὶ
1952 2004 2004 2059 τί

426 2090 573 2162 λέγω
604 2093 784 2147 πίστιν
818 2095 911 2148 καὶ
945 2092 1350 2164 κατορθώματα
1369 2137 1383 2160 ,
1414 2094 1550 2147 ὃπου
1582 2110 1646 2162 γε
1670 2093 1767 2147 καὶ
1795 2090 2005 2160 θλίψεις

427 2172 733 2243 λογίζονται
793 2177 924 2248 ἡμῖν
969 2178 1051 2240 εἰς
1097 2176 1510 2247 άμαρτημάπον
1561 2175 1849 2240 ἀνάλυσινς
1895 2172 2006 2226 Καὶ

428 2256 586 2312 τοῦτο
611 2258 764 2329 δηλοῖ
789 2260 887 2330 μὲν
929 2262 958 2313 6
987 2258 1220 2329 Χριστὸς
1244 2260 1333 2313 διά
1353 2260 1453 2331 τῆς
1482 2258 1577 2313 τοῦ
1603 2258 1857 2330 Λαζάρου
1896 2273 2006 2310 πα·

432 2341 701 2412 ραϐολῆς,
751 2344 986 2411 εἰσάγων
1028 2343 1120 2398 τὸν
1174 2343 1426 2415 Ἀϐραὰμ
1477 2343 1704 2413 λέγοντα
1737 2342 1874 2413 πρὸς
1915 2340 2006 2394 τὸν

430 2425 685 2481 πλούσιον
704 2467 719 2491 ,
754 2428 834 2481 ὅτι
862 2428 1110 2501 Λάζαρος
1136 2428 1404 2482 ἀπέλαϐεν
1433 2429 1491 2482 ἐν
1516 2431 1583 2499 τῇ
1612 2428 1723 2499 ζωῇ
1753 2424 1918 2480 αὐτοῦ
1940 2423 2008 2478 τὰ

430 2510 597 2573 κακὲ,
631 2510 726 2563 καὶ
747 2510 836 2565 διά
860 2509 1017 2564 τοῦτο
1050 2505 1153 2564 ὧδε
1184 2510 1600 2581 παρακαλεῖται.
1638 2509 1797 2581 Δηλοῖ
1824 2504 1881 2562 6‘s
1914 2506 2007 2560 καὶ

428 2592 459 2643 6
484 2590 694 2655 Παῦλος
718 2592 1023 2664 Κορινθίοις
1043 2593 1373 2647 ἐπιστέλλων
1424 2594 1553 2664 περὶ
1577 2591 1672 2647 τοῦ
1703 2607 2007 2662 πεπορνευο

428 2675 605 2739 κότος,
642 2677 737 2730 καὶ
767 2676 940 2744 λέγων
971 2676 1142 2731 οὕτω·
1166 2676 1472 2746 Παράδοτε
1495 2678 1602 2731 τὸν
1629 2675 1901 2731 τοιοῦτον
1931 2674 2008 2739 τῷ

428 2762 667 2830 Σατανᾷ
710 2767 795 2830 εἰς
839 2765 1088 2834 ὄλεθρον
1122 2763 1234 2835 τῆς
1261 2764 1511 2835 σαρκὸς,
1545 2765 1644 2818 ἵνα
1675 2765 1742 2818 τὸ
1771 2763 2008 2832 πνεῦμα

422 2850 617 2921 σωθῇ.
636 2852 746 2905 Καὶ
772 2852 992 2922 ἐτέρους
1016 2852 1075 2905 δέ
1099 2852 1490 2924 ἡμαρτηκότας
1518 2851 2008 2921 παραμυθούμενος

426 2937 604 3004 οὕτως
645 2939 823 3009 ελεγε·
852 2940 956 2994 Διά
992 2940 1165 2994 τοῦτο
1194 2941 1265 2993 ἐν
1292 2940 1438 3010 ὑμῖν
1468 2941 1687 2994 πολ.ἰοί
1731 2939 2009 3006 ἀσθενεῖς

428 3025 532 3080 καί
565 3026 883 3095 ἄρρωστοι,
914 3027 1015 3082 καὶ
1050 3026 1367 3096 κοιμῶνται
1391 3028 1604 3082 ἱκανοί.
1632 3029 1701 3081 Εἰ
1730 3026 1839 3097 γὰρ
1868 3027 2007 3080 ἑαυ-

432 3113 574 3180 τοὺς
599 3114 946 3184 ἑκρίνομεν,
989 3117 1102 3169 οὐκ
1137 3114 1214 3169 ἂν
1257 3116 1638 3185 ἐκρινόμεθα·
1678 3116 2008 3184 κρινόμενοι

428 3200 502 3255 δὲ
530 3204 649 3258 ὑπὸ
694 3203 947 3272 Κυρίου,
992 3203 1419 3274 παιδευόμεθα,
1476 3205 1577 3260 ἵνα
1615 3204 1702 3275 μὴ
1755 3204 1878 3259 σὺν
1926 3203 2009 3267 τῷ

432 3292 638 3358 κόσμῳ
671 3289 1134 3360 κατακριθῶμεν.
1160 3290 1222 3344 Εἰ
1251 3291 1308 3345 δὲ
1337 3292 1663 3364 πειρασμὸς,
1695 3291 1789 3345 καὶ
1820 3292 2004 3356 νόσος,

431 3373 527 3426 καὶ
550 3372 835 3439 ἀσθένεια,
868 3375 962 3429 καὶ
1006 3377 1207 3447 σαρκὸς
1243 3375 1483 3448 δλεθρος,
1518 3378 1660 3448 ἅπερ
1692 3375 2009 3447 ἀϐουλήτως

431 3459 808 3532 ὑπομένομεν,
841 3462 941 3515 οὐκ
983 3463 1138 3517 αὐτοὶ
1169 3462 1700 3531 κατασκευάζοντες,
1733 3462 2007 3531 λογίζεται

430 3545 565 3619 ήμίν
592 3551 672 3613 εἰς
701 3549 977 3622 ἁμαρτίας
1005 3550 1267 3616 διάλυσιν,
1295 3549 1474 3620 πολλῷ
1505 3550 1704 3621 μᾶλλον
1729 3549 2010 3620 κατορθώ-

435 3650 584 3707 ματα
602 3675 617 3699 ,
645 3636 790 3708 άπερ
824 3637 1041 3701 ἐκόντες
1071 3638 1166 3691 καὶ
1190 3637 1581 3702 σπουδάζοντες
1611 3626 2005 3709 μετερχόμεθα.

444 3721 586 3777 Ἀλλ’
612 3717 768 3788 οὗτος
794 3724 999 3797 ἔρημος
1025 3724 1140 3798 [10]
1174 3726 1276 3797 μὲν
1303 3725 1511 3796 ἀγαθοῦ
1540 3727 1739 3791 παντὸς
1760 3722 1848 3798 ἦν,
1875 3744 2008 3799 φορ-

433 3809 546 3864 τίον
571 3808 628 3865 δὲ
648 3812 1061 3884 ἁμαρτημάτων
1088 3814 1359 3885 ἀφόρητον
1381 3809 1492 3886 εἶχε
1510 3829 1525 3843 ·
1552 3813 1639 3869 διὰ
1664 3813 1822 3868 τοῦτό
1852 3832 2005 3887 φησι·

433 3898 532 3968 Μὴ
564 3899 814 3971 ἔχοντος
839 3901 1025 3956 αὑτοῦ
1057 3903 1389 3958 ἀποδοῦναι
1408 3941 1423 3968 ,
1455 3901 1789 3957 ἐκέλευσεν
1822 3902 2012 3959 αὐτόν

432 3986 766 4057 κραθῆναι·
814 3987 937 4044 ὅθεν
985 3988 1221 4060 μάλιστα
1275 3988 1391 4043 ἔστι
1444 3989 1538 4043 τοῦ
1583 3990 1849 4044 Δεσπότου
1909 3988 2011 4062 τὴν

434 4077 845 4148 φιλανθρωπίαν
896 4079 1266 4149 καταμαθεῖν,
1317 4078 1399 4131 ὅτι
1439 4079 1535 4132 καὶ
1586 4078 1649 4133 16
1701 4079 2012 4148 λογοθέσιον

432 4164 695 4234 ἐποίησε,
739 4165 835 4217 καὶ
885 4163 1158 4236 πραθῆναι
1191 4163 1509 4218 ἐκέλευσεν·
1558 4166 1847 4238 ἀμφότερα
1902 4167 2012 4239 γὰρ

435 4251 608 4306 ταῦτα
642 4250 970 4324 εἰργάσατο,
1014 4251 1156 4305 ὥστε
1186 4252 1347 4306 αὐτὸν
1376 4252 1452 4324 μὴ
1496 4253 1792 4325 πραθῆναι.
1840 4254 2012 4310 Πόθεν

435 4337 595 4394 τοῦτο
641 4337 835 4410 δῆλον;
891 4338 1025 4393 Ἀπὸ
1071 4338 1166 4392 τοῦ
1210 4338 1438 4403 τέλους·
1492 4341 1542 4392 εἰ
1575 4339 1684 4412 γάρ
1736 4340 2012 4413 πραθῆναι

434 4424 599 4479 αὐτὸν
623 4423 911 4489 ἐϐούλετο,
939 4425 1024 4488 τίς
1049 4426 1077 4478 6
1100 4423 1324 4479 κωλύων
1349 4420 1452 4497 ἦνς
1485 4425 1569 4490 τίς
1599 4429 1629 4480 6
1670 4426 2008 4498 ἐμποδίζωνς

509 4520 573 4580 ς’.
603 4515 759 4578 Τίνος
774 4510 869 4570 οὖν
888 4514 1074 4569 ἕνεκεν
1096 4514 1347 4569 ἐκέλευσε
1375 4554 1391 4579 ,
1444 4516 1519 4587 μὴ
1552 4516 1759 4587 μέλλων
1799 4523 2009 4587 ποιεῖν;

438 4602 558 4657 Ἵνα
581 4600 793 4673 αὐξήσῃ
829 4601 921 4655 τὸν
950 4601 1114 4672 φόϐον
1132 4619 1145 4632 ·
1172 4602 1263 4657 τὸν
1290 4602 1348 4656 δὲ
1385 4602 1547 4673 φόὸον
1569 4602 1773 4674 ηὔξησε
1797 4605 1885 4661 διὰ
1915 4608 2013 4679 τῆς

434 4690 704 4761 ἀπειλῆς,
746 4689 831 4744 ἵνα
864 4690 1026 4744 αὐτὸν
1059 4691 1139 4754 εἰς
1176 4692 1458 4764 ἱκετηρίαν
1507 4692 1748 4767 ἐμϐάλῃ·
1783 4696 1863 4760 είς
1903 4697 2013 4749 ἱκε-

343 4809 347 4812 ν
436 4779 634 4852 τηρίαν
676 4776 736 4831 δὲ
768 4776 930 4833 αὐτὸν
962 4777 1245 4845 ἐνέϐαλεν,
1293 4780 1380 4833 ἵνα
1413 4780 1668 4852 ἀφορμὴν
1698 4781 1836 4854 λάϐῃ
1881 4801 2012 4853 συγ-

437 4865 750 4938 χωρήσεως.
815 4864 1074 4920 Ἦδύνατο
1121 4865 1222 4937 μὲν
1272 4866 1382 4937 γάρ
1430 4867 1525 4920 καὶ
1557 4867 1664 4939 πρὸ
1696 4869 1796 4940 τῆς
1834 4887 2014 4943 παρα..

440 4956 687 5028 κλήσεως
729 4957 890 5012 αὐτὸν
923 4958 1139 5029 ἀφεῖναι
1158 4998 1174 5023 ,
1223 4957 1342 5013 ἀλλ’
1371 4957 1457 5011 ἵνα
1491 4957 1565 5030 μὴ
1603 4959 1823 5031 χείρονα
1849 4962 2015 5033 ἐργά-

441 5058 638 5117 σηται,
672 5043 830 5099 τοῦτο
871 5046 971 5100 οὐκ
1023 5045 1302 5118 ἐποίησεν.
1362 5047 1622 5101 Ἠδύνατο
1659 5048 1753 5101 καὶ
1789 5048 1893 5118 πρὸ
1917 5049 2013 5105 τοῦ

439 5130 750 5201 λεγοθεσίου
802 5135 1025 5204 ποιῆσαι
1059 5133 1160 5205 τὴν
1216 5133 1593 5207 συγχώρησιν,
1639 5134 1754 5189 ἀλλ’
1798 5136 1884 5190 ἕνα
1938 5137 2014 5210 μὴ

437 5218 535 5277 τὸν
561 5219 725 5290 δγκον
766 5220 978 5291 ἀγνοῶν
1014 5221 1124 5278 τῶν
1166 5224 1613 5297 ἁμαρτημάτων,
1655 5224 2017 5297 ἀπανθρωπό-

438 5324 596 5380 τερος
619 5307 846 5379 γένηται
880 5307 975 5363 καὶ
1015 5308 1290 5382 ὠμότερος
1333 5311 1463 5382 περὶ
1485 5312 1611 5375 τούς
1644 5310 1901 5382 πλησίον,
1927 5313 2016 5368 διὰ

440 5393 599 5449 τοῦτο
618 5393 782 5450 αὐτόν
810 5395 1076 5468 πρότερον
1104 5396 1310 5462 ἐδίδαξε
1329 5396 1391 5451 τὸ
1419 5397 1649 5469 μέγεθος
1679 5398 1773 5452 τοῦ
1799 5400 2012 5471 χρέους,

443 5481 538 5536 καὶ
567 5482 690 5536 τότε
729 5483 940 5554 ἀφῆκεν
970 5481 1136 5539 ἅπαν.
1190 5485 1253 5539 EI
1277 5485 1387 5557 γὰρ
1430 5485 1525 5539 τοῦ
1573 5485 1882 5555 λογοθεσίου
1924 5505 2017 5557 γεσ-

441 5569 667 5642 νομένου
689 5611 705 5636 ,
733 5573 826 5626 καὶ
868 5570 964 5627 τοῦ
1004 5573 1370 5645 όφειλήματος
1413 5571 1748 5645 δειχθέντος,
1795 5576 1891 5629 καὶ
1918 5576 2015 5648 τῆς

441 5654 675 5727 ἀπειλῆς
693 5657 1077 5730 ἐπενεχθείσης
1097 5699 1111 5724 ,
1133 5660 1228 5712 καὶ
1252 5659 1353 5731 τῆς
1379 5660 1676 5731 καταδίκης
1718 5661 2017 5733 γενομένης

441 5740 642 5811 δήλης,
674 5740 746 5813 ἢν
773 5742 1064 5815 ὑπομεῖναι
1108 5743 1314 5809 δίκαιος
1359 5742 1447 5818 ἦν,
1486 5745 1661 5810 οὕτως
1690 5747 1880 5821 ἄγριος
1921 5750 2016 5803 καὶ

440 5826 592 5907 ώμδς
631 5828 760 5900 περὶ
806 5830 897 5883 τὸν
936 5828 1217 5884 ούνδουλον
1260 5832 1507 5901 ἐγένετο·
1544 5836 1592 5887 εί
1621 5834 1784 5908 μηδὲν
1813 5836 2013 5892 τούτων

2103 515 2263 588 ἐξέϐη
2280 555 2295 580 ,
2337 518 2440 571 ποῦ
2465 518 2567 572 οὐκ
2593 516 2658 572 ἂν
2686 515 2977 583 ὲξώλισθεν
3017 511 3376 585 ἀγριότητος;
3405 509 3505 565 Διά
3527 510 3690 570 τοῦτο

2101 606 2276 660 ταῦτα
2322 609 2501 663 πάντα
2552 610 2581 662 6
2631 609 2764 672 Θεὸς
2814 608 2987 661 ἐποίει
3042 606 3137 660 καὶ
3197 601 3685 674 ἐπραγματεύετο,

2105 701 2554 767 προαναστέλλων
2597 700 2762 756 αὐτοῦ
2813 699 2911 772 τὴν
2958 699 3225 771 ἀπήνειαν
3265 694 3501 765 ἐκείνην.
3533 696 3598 749 Εἰ
3626 695 3690 751 δδ

2108 792 2297 863 μηδενὶ
2321 791 2605 864 διωρθώθη
2633 792 2871 858 τούτων,
2915 792 2976 846 οὐ
3014 789 3167 863 παρά
3199 790 3292 843 τὸν
3328 788 3686 850 διδάσκαλον,

2105 881 2241 937 ἀλλά
2264 885 2396 954 παρ’
2421 884 2641 937 ,ἐκεῖνον
2666 883 2757 937 τὸν
2786 882 2862 954 μή
2883 881 3177 952 δεξάμενον
3205 878 3306 949 τὴν
3329 875 3616 949 διόρθωσιν
3653 877 3688 947 ἠ

2106 971 2273 1026 αίτία.
2294 973 2442 1045 Πλὴν
2458 974 2575 1027 ἀλλ’
2599 973 2798 1045 ἴδωμεν
2819 972 2935 1037 πῶς
2966 971 3115 1042 αὐτῷ
3142 968 3419 1039 μεθοδεύει
3432 968 3495 1021 16
3508 966 3687 1029 ἕλκος.

2107 1065 2318 1120 Πεσὼν
2347 1060 2482 1131 οὖν,
2511 1065 2665 1135 φησι,
2696 1063 2858 1134 παρὰ
2884 1063 3028 1129 τοὺς
3067 1061 3259 1126 πόδας
3296 1059 3505 1125 αὐτοῦ,
3536 1071 3690 1127 παρ-

2105 1156 2310 1212 εκάλει
2341 1156 2529 1212 αὐτὸν
2552 1159 2767 1227 λέγων·
2792 1156 3277 1225 Μακροθύμησον
3297 1152 3389 1206 ἐπ’
3411 1150 3563 1222 ἐμοὶ,
3589 1149 3688 1204 καί

2108 1249 2305 1304 πάντα
2344 1264 2441 1304 σοι
2493 1248 2804 1304 ἀποδώσω.
2847 1248 2962 1302 Καὶ
3004 1245 3078 1319 μὴ
3121 1245 3226 1317 μὴν
3261 1240 3416 1297 εἶπεν
3438 1284 3452 1306 ,
3478 1243 3565 1296 δτι
3590 1242 3691 1295 οὐκ

2108 1338 2252 1413 εἶχεν
2293 1340 2618 1395 ἀποδοῦναι·
2655 1336 2793 1392 ἀλλά
2832 1336 3076 1392 τοιοῦτον
3114 1335 3223 1388 τῶν
3267 1332 3591 1402 ὀφειλόντων
3626 1330 3691 1384 τδ

2109 1432 2251 1497 ἔθος,
2293 1428 2397 1486 κᾶν
2437 1429 2604 1503 μηδὲν
2632 1430 2829 1502 έχωσιν
2872 1425 3199 1491 ἀποδοῦναι,
3232 1422 3688 1494 ἐπαγγέλλονται,

2106 1524 2248 1580 ὥστε
2274 1524 2380 1576 τῶν
2403 1523 2687 1594 παρόντων
2710 1520 3089 1591 ἀπαλλαγῆναι
3108 1517 3317 1573 δεινῶν.

2192 1647 2541 1719 Ἀκούσωμεν
2591 1647 2707 1699 ὅσοι
2749 1642 3099 1719 ῥᾳθυμοῦμεν
3144 1642 3342 1711 εὐχῆς,
3395 1639 3538 1709 πόση
3582 1637 3693 1690 τῶν

2109 1740 2346 1811 δεήσεων
2390 1740 2423 1811 ὴ
2464 1738 2710 1808 δύναμις.
2755 1736 2829 1789 Οὐ
2868 1734 3121 1807 νηστείαν
3164 1731 3479 1797 ἐπεδείξατο
3505 1723 3691 1795 οὗτος,

2110 1831 2211 1883 οὐκ
2268 1828 2690 1901 ἀκτημοσύνην,
2732 1827 2836 1880 οὐκ
2879 1827 3007 1880 ἄλλο
3047 1825 3156 1878 τῶν
3204 1824 3464 1877 τοιούτων
3508 1821 3691 1885 οὐδὲν,

2111 1923 2224 1978 ἀλλ’
2277 1922 2484 1994 ἔρημος
2528 1920 2603 1975 ὣν
2644 1921 2737 1975 καί¹
2774 1919 2982 1991 γυμνὸς
3013 1919 3195 1989 πάσης
3235 1917 3472 1988 ἀρετῆς,
3503 1913 3694 1986 ἐπειδὴ

2110 2013 2455 2086 παρεκάλεσε
2522 2011 2615 2065 16v
2676 2010 2944 2080 δεσπότην
3007 2007 3201 2079 μόνον,
3250 2006 3468 2076 ἴσχυσεν
3530 2002 3695 2056 αὐτὸν

2112 2100 2524 2156 ἐπισπάσασθαι
2554 2099 2689 2169 πρὸς
2718 2099 2885 2152 ἔλεον.
2924 2097 3016 2170 Μὴ
3045 2096 3224 2150 τοίνυν
3256 2092 3694 2165 ἀπαγορεύωμεν

2112 2196 2171 2249 ἐν
2205 2196 2326 2259 ταῖς
2351 2196 2586 2266 δεήσεσι.
2616 2192 2714 2256 Τίς
2737 2191 2846 2264 γάρ
2875 2189 3068 2245 τούτου
3101 2188 3299 2258 γένοιτ’
3335 2186 3402 2241 ἂν
3434 2186 3696 2257 ἀμαρτω-

2106 2288 2329 2359 λότερος
2346 2327 2361 2352 ,
2388 2286 2447 2349 ὃς
2470 2285 2745 2348 τοσούτοις
2780 2283 2878 2354 μὲν
2900 2281 3241 2353 ἐγκλήμασιν
3271 2277 3575 2341 ὑπεύθυνος
3600 2272 3691 2348 ἦν,

2108 2379 2447 2452 κατόρθωμα
2476 2378 2531 2431 δὲ
2570 2378 2631 2431 οὐ
2666 2377 2891 2449 μικρὸν,
2925 2376 2987 2428 οὐ
3023 2374 3167 2445 μέγα
3205 2373 3505 2443 ὲκέκτητο;
3549 2370 3692 2423 Ἀλλ’

2113 2474 2265 2543 ὅμως
2305 2472 2407 2525 οὐκ
2445 2467 2567 2524 εἶπε
2607 2469 2743 2540 πρὸς
2769 2468 2980 2521 ἑαυτόν·
3032 2464 3510 2539 Ἀπαῤῥησίαστός
3542 2463 3691 2532 εἰμι,

2114 2560 2377 2633 αἰσχύνης
2405 2562 2598 2631 γέμω,
2636 2559 2753 2623 πῶς
2790 2558 3023 2628 δύναμαι
3070 2556 3425 2628 προσελθεῖν;
3460 2553 3578 2617 πῶς
3601 2550 3695 2604 δύ·-

2113 2673 2285 2727 ναμαι
2312 2653 2730 2725 παρακαλέσαι;
2761 2652 2789 2706 ὃ
2817 2649 3006 2704 πολλοὶ
3032 2648 3140 2702 τῶν
3171 2647 3593 2720 ἁμαρτανόντων
3613 2644 3695 2697 λέο

2114 2760 2298 2815 γουσι,
2346 2743 2660 2814 διαϐολικὴν
2706 2740 2988 2804 νοσοῦντες
3039 2737 3349 2793 εὐλάϐειαν.
3411 2736 3692 2807 Ἀπαρῤη-

2117 2838 2336 2902 σίαστος
2367 2832 2449 2902 εἷς
2494 2835 2593 2889 Διά
2618 2833 2775 2887 τοῦτο
2803 2829 3098 2905 πρόσελθε,
3131 2831 3218 2884 ἵνα
3260 2831 3440 2901 κτήσῃ
3480 2828 3696 2899 παρρη-

2115 2928 2238 2981 σίαν
2269 2925 2486 2997 πολλήν.
2526 2923 2618 2996 Μὴ
2659 2923 2767 2995 γὰρ
2808 2921 3093 2994 ἅνθρωπός
3137 2924 3285 2976 εστιν
3315 2923 3345 2975 δ
3376 2920 3586 2991 μέλλων
3614 2935 3695 2972 σοι

2115 3018 2619 3081 καταλλάττεσθαι,
2675 3017 2764 3071 ἵνα
2828 3015 3124 3087 αἰσχυνθῇς
3184 3015 3281 3069 καὶ
3328 3013 3692 3087 ἐρυθριάσῃςς

2115 3112 2247 3177 Θεός
2277 3114 2455 3172 ἐστιν,
2500 3111 2528 3162 6
2575 3108 2669 3163 σοῦ
2704 3108 2902 3179 μᾶλλον
2939 3107 3258 3179 βουλόμενος
3301 3104 3606 3171 ἀπαλλάξαι
3635 3122 3696 3158 σε

2113 3201 2222 3256 τῶν
2264 3198 2661 3271 ἐγκλημάτων·
2695 3199 2793 3270 οὐχ
2840 3197 2983 3254 οὕτω
3017 3198 3083 3252 σὺ
3117 3198 3220 3269 τῆς
3247 3196 3475 3251 σεαυτοῦ
3516 3198 3694 3266 ἀσφα-

2113 3291 2260 3355 λείας
2298 3289 2620 3360 ἐπιθυμεῖς,
2649 3289 2726 3352 ώς
2757 3289 2964 3354 ἐκεῖνος
3003 3288 3215 3359 ἐφίεταί
3264 3304 3358 3342 σου
3388 3288 3488 3360 τῆς
3520 3305 3697 3357 σωτη-

2119 3379 2238 3449 ρίας
2261 3396 2273 3409 ·
2305 3378 2401 3431 καὶ
2428 3376 2585 3431 τοῦτο
2620 3378 2686 3431 δι’
2713 3378 2892 3432 αὐτῶν
2920 3378 3033 3433 τῶν
3063 3378 3242 3451 ἔργων
3267 3380 3417 3450 ἡμᾶς
3447 3377 3697 3432 ἐπαίδευ-

2118 3486 2229 3523 σεν.
2270 3468 2386 3523 Οὐκ
2418 3467 2562 3539 ἔχεις
2591 3468 2941 3541 παρῤησίανς
2974 3469 3071 3523 Διά
3098 3469 3258 3524 τοῦτο
3297 3469 3502 3543 δυνήσῃ
3551 3473 3696 3543 παῤ·

2118 3560 2313 3632 ρησίαν
2341 3560 2486 3630 ἔχειν
2506 3600 2522 3626 ,
2555 3561 2638 3614 ὅτι
2669 3558 2786 3634 [Η]
2815 3560 2959 3614 οὕτω
2985 3561 3292 3617 διάκεισαι·
3327 3562 3557 3634 μεγίστη
3588 3560 3697 3633 γάρ

2117 3652 2422 3726 παρρησία,
2452 3652 2514 3707 16
2551 3652 2626 3725 μὴ
2663 3654 2907 3725 νομίζειν
2940 3655 3084 3726 ἔχειν
3125 3655 3441 3728 παρρησίαν
3464 3673 3477 3686 ·
3507 3653 3698 3725 ὥσπερ

2114 3738 2209 3797 οὖν
2257 3742 2487 3814 αἰσχύνη
2524 3743 2794 3815 μεγίστη,
2836 3744 2898 3796 τὸ
2942 3742 3185 3799 δικαιοῦν
3236 3745 3427 3799 ἐαυτὸν
3467 3743 3696 3798 ἐνώπιον

2114 3836 2347 3907 Κυρίου.
2405 3835 2644 3899 Ἐκεῖνος
2707 3834 3020 3908 ἀκάθαρτός
3073 3839 3216 3901 ἐστι,
3277 3834 3381 3890 κᾶν
3441 3835 3697 3890 ἀπάντων

2116 3918 2421 3991 ἀνθρώπων
2451 3917 2751 3989 ἁγιώτερος
2898 3918 3089 3991 ὥσπερ
3125 3914 3219 3979 οὖν
3250 3919 3459 3983 δίκαιος
3486 3920 3697 3988 γίνεται

2116 4003 2146 4055 6
2184 4001 2379 4063 πείσας
2424 4001 2617 4055 ἑαυτὸν
2653 4001 2872 4057 πάντων
2915 4001 3139 4072 ἔσχατον
3173 3997 3335 4057 εἶναι.
3393 4003 3506 4056 Καὶ
3553 4002 3697 4073 μάρ-

2117 4101 2280 4156 τυρες
2310 4084 2421 4137 τῶν
2470 4084 2783 4156 λεγομένων
2835 4087 2864 4139 6
2915 4087 3205 4159 ⁴Ιιιιρισιιιίἷος
3240 4086 3336 4141 καὶ
3376 4087 3406 4139 6
3434 4085 3694 4156 τελώνης.

2117 4168 2211 4239 Μὴ
2235 4168 2416 4222 τοίνυν
2439 4166 2907 4240 ἀπογινώσκωμεν
2931 4170 2989 4222 ἐν
3008 4172 3120 4233 τοῖς
3149 4171 3534 4241 ἁμαρτήμασι,
3562 4168 3697 4240 μηδὲ

2118 4250 2574 4322 ἀπαγορεύωμεν,
2603 4250 2738 4305 ἀλλά
2782 4252 3218 4324 προσερχώμεθα
3237 4252 3316 4324 τῷ
3342 4251 3465 4324 Θεῷ
3483 4293 3498 4319 ,
3530 4268 3700 4323 11900-

2120 4346 2431 4418 πίπτωμεν,
2469 4345 2914 4418 παρακαλῶμεν,
2945 4350 3081 4420 ὅπερ
3129 4342 3283 4414 οὗτος
3302 4349 3560 4418 ἐποίησε,
3601 4348 3699 4420 μέ-

2118 4448 2212 4502 χρι
2251 4430 2439 4484 τούτου
2485 4429 2623 4501 καλῇ
2659 4432 2723 4501 τῇ
2766 4429 2957 4502 γνώμῃ
3006 4432 3375 4504 χρησάμενος.
3418 4432 3490 4484 Τό
3518 4448 3579 4484 τε
3621 4432 3698 4503 μὴ

2120 4513 2530 4585 ἀπαγορεῦσαι,
2569 4513 2629 4565 τό
2656 4530 2715 4565 τε
2753 4513 2827 4584 μὴ
2883 4514 3227 4583 ἀπογνῶναι,
3282 4516 3345 4570 τό
3393 4532 3454 4569 τε
3501 4516 3698 4588 ὁμολο-

2121 4598 2287 4668 γῆσαι
2322 4597 2393 4650 τὰ
2423 4596 2819 4668 ἡμαρτημένα,
2850 4597 2912 4650 τό
2938 4615 2999 4650 τε
3027 4598 3250 4669 αἰτῆσαι
3280 4597 3549 4671 ἀναϐολήν
3576 4615 3700 4654 τινα

2120 4682 2215 4734 καὶ
2264 4679 2556 4750 μέλλησιν,
2607 4678 2783 4733 ταῦτα
2837 4681 3015 4733 πάντα
3075 4681 3214 4735 καλά
3236 4719 3252 4747 ,
3309 4681 3404 4735 καὶ
3458 4681 3701 4745 διανοίας

2123 4762 2588 4832 συντετριμμένης
2607 4802 2620 4825 ,
2654 4761 2746 4815 καὶ
2774 4763 3254 4833 τεταπεινωμένης
3280 4763 3482 4835 ψυχῆς.
3518 4764 3601 4818 Τὰ
3641 4764 3700 4818 δὲ

2121 4846 2368 4901 ἐντεῦθεν
2388 4848 2489 4900 οὐκ
2514 4846 2594 4899 ἔτι
2617 4846 2778 4913 ὅμοια
2806 4836 2939 4910 τοῖς¹
2955 4846 3243 4920 προτέροις
3261 4863 3277 4879 ·
3307 4846 3452 4921 άπερ
3478 4848 3591 4920 γὰρ
3613 4848 3701 4902 διὰ

2120 4931 2220 5002 τῆς
2238 4929 2518 5001 ἰκετηρίας
2536 4931 2831 5000 συνήγαγε,
2846 4929 3020 4985 ταῦτα
3039 4929 3235 5002 ἀθρόον
3251 4929 3465 5003 ἐξέχεεν
3482 4932 3700 4987 ἃπαντα

2120 5014 2209 5068 διὰ
2231 5014 2329 5084 τῆς
2366 5016 2446 5076 εἰς
2492 5012 2584 5065 τὸν
2632 5012 2860 5084 πλησίον
2901 5012 3092 5084 ὀργῆς.
3138 5013 3298 5067 Ἀλλά
3320 5014 3459 5078 τέως
3483 5015 3576 5070 ἐπὶ
3606 5016 3701 5069 τὸν

2120 5097 2320 5168 τρόπον
2346 5096 2445 5167 τῆς
2489 5097 2890 5167 συγχωρήσεως
2917 5095 3190 5166 ἔλθωμεν·
3228 5097 3429 5167 ἰδωμεν
3453 5096 3571 5161 πῶς
3603 5099 3701 5152 αὐ-

2120 5179 2212 5234 τὸν
2244 5177 2459 5248 ἀπῆκε,
2494 5178 2591 5232 καὶ
2628 5178 2793 5233 πόθεν
2833 5181 2927 5234 ἐπὶ
2966 5179 3123 5234 τοῦτο
3152 5175 3314 5252 ἦλθεν
3344 5182 3374 5234 6
3410 5181 3699 5252 δεσπότης.

2122 5260 2604 5330 Σπλαγχνισθείς
2625 5264 2659 5316 ό
2696 5262 2900 5331 κύριος
2929 5261 3136 5326 αὐτοῦ,
3172 5264 3359 5334 φησὶν,
3391 5263 3702 5320 ἀπέλυσεν

2121 5344 2326 5405 αὐτὸν,
2353 5342 2454 5397 καὶ
2479 5342 2546 5397 τὸ
2575 5340 2816 5399 δάνειον
2840 5344 3080 5414 ἀφῆκεν
3109 5344 3290 5413 αὐτῷ.
3318 5344 3553 5411 Ἐκεῖνος
3579 5347 3704 5418 μέλ-

2122 5428 2279 5501 λησιν
2302 5427 2523 5501 ᾔτησεν,
2546 5419 2703 5492 οὗτος
2732 5427 3081 5501 συγχώρησιν
3103 5428 3306 5484 ἔδωκεν
3323 5446 3339 5461 ·
3366 5428 3508 5484 ὥστε
3535 5430 3704 5488 πλέον

2122 5505 2184 5565 οὐ
2218 5510 2450 5582 ᾔτησεν,
2481 5509 2672 5564 ἐλαϐεν
2710 5513 2937 5576 ἐκεῖνος.
2961 5512 3052 5565 Διὸ
3076 5512 3172 5566 καὶ
3196 5511 3406 5577 Παῦλός
3432 5529 3589 5584 φησι·
3619 5513 3703 5580 Τῷ

2122 5592 2436 5659 δυναμένῳ
2466 5592 2664 5647 πάντα
2694 5594 2945 5664 ποιῆσαι
2974 5594 3129 5664 ὑπὲρ
3171 5595 3242 5649 ἐκ
3280 5597 3577 5665 περισσοῦ
3613 5591 3703 5652 ὧν

2123 5676 2443 5743 αἰτούμεθα
2488 5675 2526 5745 ἣ
2575 5676 2853 5747 νοοῦμεν.
2894 5679 3029 5734 Οὐδὲ
3066 5678 3177 5751 γὰρ
3215 5679 3418 5750 ἰσχύεις
3449 5681 3701 5752 ἐννοῆσαι

2123 5758 2358 5813 τοσαῦτα
2376 5800 2391 5825 ,
2413 5757 2513 5811 ὃσα
2546 5761 2750 5825 ἐκεῖνός
2774 5778 2854 5815 σοι
2884 5760 3331 5834 παρεσκεύασται
3356 5762 3559 5819 δοῦναι.
3607 5764 3701 5841 Μὴ

2131 5840 2303 5896 τοίνυν
2334 5842 2660 5915 αἰσχυνθῇς,
2696 5844 2829 5917 μηδὲ
2862 5845 3227 5918 ὲρυθριάσῃς·
3264 5846 3463 5920 μᾶλλον
3498 5846 3556 5901 δὲ
3580 5849 3701 5903 αἰσ-
