4106 6430
332 348 397 403 25
1114 349 1204 405 DE
1247 350 1479 408 DECEM
1517 352 1802 410 MlLLlUM
1843 354 2136 413 TALENT.
2180 357 2524 417 DEBlTORE
2556 361 2858 420 llOMlLlA.
3506 375 3611 429 νϐ

322 463 466 522 teseit
482 481 499 520 :
515 477 640 519 nam
666 463 945 519 hominum
967 463 1111 520 salus
1130 466 1401 535 opulentia
1423 468 1514 523 Dei
1539 476 1640 534 est,
1660 469 1906 539 quemad

324 556 528 613 modum
551 556 754 611 Paulus
776 556 938 611 dicit:
968 556 1112 610 Dives
1140 558 1188 610 in
1216 558 1444 612 omnibus
1460 568 1505 612 et
1526 575 1615 627 per
1634 576 1803 614 omnes
1825 562 1911 631 qui

322 651 547 705 invocant
574 667 692 704 eum
722 647 901 720 (Rom.
932 648 1017 704 10.
1049 648 1174 719 12).
1203 648 1308 705 Sed
1333 649 1525 705 dixerit
1554 651 1745 720 aliquis
1770 692 1785 715 ,
1812 666 1910 705 cur

321 760 448 815 ergo
468 786 485 810 ,
516 742 560 799 si
583 742 879 798 destinarat
918 742 1188 798 remittere
1225 751 1280 798 et
1312 743 1617 799 condonare
1644 745 1862 798 crimina
1889 786 1905 811 ,

321 836 459 890 hunc
483 834 796 891 Vcnumdari
817 833 1014 904 jussit?
1037 834 1166 888 Illud
1183 844 1330 889 Certe
1350 835 1612 904 imprimis
1634 835 1776 889 illius
1807 834 1907 889 bu-

321 929 627 981 manitatem
664 927 936 991 declarat;
967 925 1060 980 sed
1094 940 1160 980 ne
1191 924 1501 980 festinemus
1522 965 1537 992 ,
1569 936 1623 980 at
1648 941 1745 996 per
1768 926 1909 982 ordio

322 1035 441 1076 nem
471 1019 822 1090 procedamus
846 1017 911 1072 ad
938 1018 1202 1087 parabolis
1228 1019 1637 1074 enarrationem.
1666 1018 1787 1073 Non
1814 1019 1909 1072 ha-

320 1113 463 1165 bente
480 1121 648 1164 autem
667 1127 725 1163 eo
740 1113 875 1181 quod
888 1110 1132 1165 redderet.
1152 1109 1287 1177 Quid
1309 1120 1486 1166 autem
1512 1120 1594 1166 est
1616 1111 1744 1166 illud
1769 1110 1908 1182 quod

321 1202 470 1265 dicit,
489 1200 605 1255 Non
623 1201 832 1254 habente
847 1218 902 1256 eo
917 1201 1052 1273 quod
1061 1202 1315 1257 redderet?
1337 1202 1538 1258 Rursus
1555 1202 1701 1258 vides
1724 1204 1790 1256 im
1798 1218 1914 1274 pro-

319 1294 504 1350 bitatis
531 1295 890 1349 accessionem
919 1314 932 1351 :
956 1310 1075 1350 cum
1107 1295 1247 1350 enim
1278 1296 1405 1350 dicit
1425 1334 1441 1362 ,
1473 1294 1595 1351 Non
1621 1296 1828 1351 habente
1855 1312 1913 1351 eo

319 1387 455 1457 quod
469 1387 697 1450 solveret,
719 1386 849 1439 nihil
866 1386 1007 1441 aliud
1028 1387 1156 1441 dicit
1174 1403 1330 1458 quam
1353 1403 1475 1443 eum
1492 1389 1729 1443 omnium
1751 1389 1915 1445 virtu-

325 1489 437 1533 tum
470 1478 679 1548 inopem
698 1476 885 1545 fuisse,
910 1492 1010 1532 nec
1028 1479 1192 1532 ullum
1212 1479 1408 1532 bonum
1435 1492 1569 1549 opus
1591 1479 1915 1549 possedisse,

319 1571 464 1642 quod
505 1571 755 1641 imputari
787 1583 966 1642 posset
1002 1572 1069 1627 ad
1116 1573 1483 1629 remissionem
1526 1582 1863 1643 peccatm-um
1897 1590 1910 1625 :

323 1665 652 1734 imputantur
665 1665 808 1720 enim
825 1666 1044 1720 omnino
1073 1665 1227 1721 nobis
1254 1666 1319 1720 ad
1339 1676 1676 1736 peccatorum
1706 1668 1913 1721 veniam

321 1769 472 1811 recte
501 1756 634 1811 facta
662 1796 678 1821 ,
710 1756 1155 1826 quemadmodum
1186 1766 1239 1812 et
1282 1758 1414 1813 fides
1444 1757 1510 1812 ad
1535 1758 1817 1828 justitiam.
1850 1759 1915 1812 Ei

323 1850 456 1902 enini
476 1888 490 1913 ,
512 1849 598 1918 qui
624 1865 723 1902 non
752 1859 1012 1919 operatur,
1043 1849 1196 1904 credit
1221 1861 1389 1903 autem
1413 1850 1465 1905 in
1495 1867 1607 1903 eum
1635 1852 1721 1919 qui
1753 1851 1916 1921 justi-

322 1942 444 2009 βίαι
470 1942 680 2012 impium
700 1983 715 2008 ,
745 1942 1028 2011 imputatur
1056 1942 1182 2011 ﬁdes
1211 1943 1320 2010 ejus
1345 1941 1412 1996 ad
1432 1944 1685 2014 justitiam
1716 1943 1734 2012 (
1763 1943 1913 1997 Rom.

322 2034 376 2089 4.
407 2034 500 2103 5).
529 2032 793 2089 Cmterum
823 2033 949 2104 quid
974 2033 1146 2104 allego
1173 2034 1329 2089 fidem
1359 2039 1413 2089 et
1442 2045 1586 2091 recte
1613 2035 1767 2101 facta,
1796 2051 1916 2090 eum

326 2124 694 2180 tribulationes
718 2139 931 2196 quoque
961 2126 1288 2195 imputentur
1313 2125 1469 2181 nobis
1490 2125 1556 2180 ad
1581 2134 1915 2196 [eccatorum

326 2216 821 2273 condonationem?
860 2216 930 2271 Et
972 2217 1075 2272 hoc
1100 2217 1335 2272 dcclarat
1363 2217 1609 2273 Christus
1639 2233 1735 2289 per
1760 2233 1916 2287 para-

327 2309 504 2364 bolam
536 2308 743 2376 Lazari,
773 2308 1116 2365 introducens
1140 2309 1407 2365 Abraham
1438 2309 1704 2365 dicentem
1737 2310 1803 2364 ad
1832 2310 1918 2365 dia-

329 2401 513 2467 vitcm,
542 2398 794 2454 Lazarum
817 2400 1058 2468 accipere
1085 2400 1508 2456 consolationem
1535 2442 1550 2467 ,
1578 2400 1699 2471 quia
1731 2400 1784 2455 in
1813 2401 1921 2454 vita

329 2508 421 2548 sua
455 2493 592 2547 mala
613 2502 893 2563 acceperat
922 2493 1080 2563 (Luc.
1108 2494 1191 2548 l6.
1214 2493 1286 2548 25
1307 2494 1346 2564 ).
1377 2494 1619 2550 Declarat
1646 2503 1700 2549 et
1724 2493 1921 2549 Paulus

331 2585 395 2639 ad
441 2584 748 2639 Corinthios
780 2584 850 2640 de
888 2584 1210 2639 fornicatore
1247 2585 1527 2640 scribens:
1556 2582 1765 2637 Tradite
1789 2585 1922 2637 hunc

331 2672 582 2730 hominem
611 2687 804 2732 satana:
831 2676 880 2730 in
906 2677 1116 2731 exitium
1140 2676 1306 2730 carnis
1327 2712 1342 2742 ,
1374 2685 1430 2729 ut
1457 2675 1665 2745 spiritus
1699 2682 1923 2728 servetur

333 2767 422 2837 (Ι.
458 2767 574 2823 Cor.
606 2769 659 2824 5.
688 2769 722 2823 ὅ
747 2769 791 2839 ).
825 2767 893 2823 Ει
921 2769 1053 2823 alios
1082 2769 1169 2838 qui
1203 2776 1556 2840 peccaverant
1596 2769 1881 2824 consolans
1905 2806 1920 2832 ,

331 2861 397 2916 ad
430 2860 574 2915 hunc
601 2859 817 2914 modum
846 2859 1006 2915 verba
1038 2857 1164 2915 facit
1194 2877 1206 2912 :
1241 2858 1367 2912 Ideo
1405 2860 1458 2913 iu
1494 2858 1631 2913 vobis
1665 2858 1811 2912 multi
1840 2859 1924 2913 in-

334 2953 474 3021 ﬁrmi
498 2962 544 3006 et
571 2952 749 3022 a'yroti
772 2994 789 3019 ,
821 2962 866 3005 et
894 2952 1151 3005 dormiunt
1189 2952 1336 3005 multi
1365 2967 1384 3006 :
1419 2951 1465 3005 si
1488 2952 1620 3005 enim
1661 2967 1753 3006 nos
1790 2952 1926 3022 ipsos

329 3044 696 3117 iudicaremus,
727 3060 828 3097 non
856 3045 1024 3115 utique
1040 3043 1410 3115 judicaremur.
1437 3042 1564 3097 Cum
1591 3053 1756 3097 autem
1774 3043 1925 3113 judi-

335 3152 514 3189 camur
538 3152 569 3188 a
606 3134 827 3189 Domina
849 3175 865 3201 ,
905 3136 1227 3205 eastigamur,
1256 3144 1309 3188 ut
1348 3151 1448 3188 non
1474 3151 1588 3187 cum
1616 3134 1710 3187 hoc
1739 3133 1930 3186 mundo

334 3227 638 3281 damnemur
659 3230 675 3296 (
698 3228 747 3281 l.
775 3228 893 3282 Cor.
920 3227 1006 3282 il.
1034 3227 1214 3282 30-32
1302 3226 1356 3281 Si
1384 3237 1561 3281 autem
1586 3226 1926 3291 tentatlones,

339 3323 533 3389 morbi,
565 3321 929 3386 inlinnitatcs,
963 3330 1016 3376 et
1039 3321 1216 3375 carnis
1244 3322 1463 3375 exitium
1485 3361 1501 3387 ,
1530 3335 1650 3390 qua:
1687 3334 1785 3374 nec
1812 3327 1926 3373 stu—

336 3412 450 3481 dio,
476 3429 573 3469 nec
597 3415 868 3468 voluntate
896 3415 1142 3482 patimur,
1172 3413 1500 3481 imputantur
1526 3412 1679 3466 nobis
1707 3411 1773 3465 ad
1803 3425 1930 3480 peco

338 3517 582 3562 colorum
622 3506 999 3569 abolitionem,
1037 3506 1202 3559 multo
1233 3506 1399 3574 magis
1424 3514 1571 3559 recte
1599 3502 1737 3558 facta
1765 3545 1778 3569 ,
1811 3517 1932 3572 qua:

338 3599 616 3653 voluntate
635 3605 686 3653 et
715 3597 891 3652 studio
914 3597 1301 3666 persequimur.
1326 3595 1461 3650 lluic
1486 3603 1664 3651 autem
1693 3595 1929 3649 omnium

342 3686 604 3744 bonorum
633 3689 808 3757 inopia
834 3696 949 3742 erat
966 3727 983 3752 ,
1016 3702 1152 3741 onus
1177 3696 1362 3741 contra
1388 3696 1728 3755 peccatorum
1757 3684 1932 3739 maxi-

344 3798 491 3836 nmm
520 3823 536 3844 ,
559 3790 613 3836 et
635 3780 843 3836 sarcina
867 3779 1234 3850 importahilis.
1264 3779 1467 3834 Idcirco
1493 3779 1657 3844 dicit,
1695 3777 1817 3831 Non
1837 3777 1936 3831 ha-

344 3874 490 3928 bente
511 3872 600 3926 illo
621 3872 755 3926 unde
776 3872 1034 3934 redderet,
1056 3871 1211 3942 jussit
1239 3887 1354 3924 eum
1383 3870 1677 3924 veizumdari
1702 3870 1720 3937 (
1746 3868 1930 3921 Matth.

347 3965 434 4021 18.
467 3964 599 4038 25).
649 3966 722 4019 Ex
775 3963 878 4019 hoc
918 3964 1247 4033 potissimum
1292 3960 1417 4017 licet
1444 3960 1644 4016 domini
1689 3960 1937 4014 humani-

347 4066 507 4113 tatem
548 4057 850 4126 perdiscere
873 4092 888 4121 ,
935 4053 1077 4125 quod
1106 4065 1160 4110 et
1186 4055 1446 4109 rationem
1478 4052 1697 4107 instituit
1722 4094 1737 4120 ,
1767 4059 1820 4107 et
1849 4068 1936 4107 vc-

348 4148 590 4202 numdari
615 4148 774 4217 jussit
807 4164 821 4200 :
853 4147 1011 4201 ambo
1051 4147 1193 4200 enim
1236 4145 1333 4199 ista
1380 4144 1517 4199 facta
1558 4151 1682 4198 sunt
1724 4144 1774 4197 iu
1815 4158 1937 4197 eum

350 4238 509 4292 linem
531 4277 547 4301 ,
592 4246 650 4291 ut
683 4252 788 4292 non
828 4236 1171 4291 venderetur.
1204 4235 1355 4291 Unde
1385 4235 1435 4288 id
1469 4235 1673 4305 liquet?
1697 4249 1728 4288 a
1758 4248 1938 4288 rerum

349 4333 493 4385 ex’tn
523 4348 536 4384 :
568 4329 611 4384 si
642 4331 785 4383 enim
818 4329 1108 4395 voluisset,
1136 4328 1257 4399 quis
1287 4328 1531 4391 obicem,
1561 4328 1680 4398 quis
1711 4325 1938 4396 impedi-

350 4432 588 4478 mentum
619 4421 884 4477 attulisset
904 4422 928 4474 ?

423 4514 478 4570 6.
517 4514 780 4581 Quorsum
809 4513 968 4583 igitur
995 4512 1355 4567 venditionem
1379 4510 1680 4581 imperavit,
1708 4522 1828 4565 cum
1857 4509 1941 4563 ni-

353 4605 426 4660 hil
458 4607 561 4660 tale
591 4604 765 4662 facere
790 4604 1104 4661 statuisset?
1135 4604 1201 4659 Ut
1228 4613 1449 4676 augeret
1475 4615 1707 4667 metum;
1741 4612 1943 4657 metum

354 4712 487 4751 vero
509 4696 657 4751 ausit
682 4711 777 4766 per
801 4696 991 4762 minas,
1017 4704 1074 4749 ut
1097 4710 1217 4751 eum
1243 4696 1308 4750 ad
1330 4694 1767 4765 supplicationem
1797 4709 1945 4748 com-

354 4788 619 4858 pelleret;
651 4786 718 4840 ad
739 4787 1176 4856 supplicationem
1201 4786 1493 4856 compulit,
1529 4794 1585 4838 ut
1608 4786 1943 4839 occasionem

354 4877 616 4933 donanda:
641 4877 812 4932 venia:
848 4876 1088 4932 haberet.
1122 4876 1339 4932 Poterat
1374 4885 1427 4931 et
1457 4885 1580 4931 ante
1609 4874 1947 4945 deprecatio-

358 4982 478 5022 nem
501 4982 620 5023 eum
646 4967 871 5022 liberum
897 4968 963 5022 ab
986 4982 1093 5023 aere
1117 4967 1292 5023 alieno
1312 4966 1604 5030 dimittere,
1624 4966 1718 5022 sed
1737 4981 1801 5020 ne
1826 4965 1947 5020 inde

358 5059 502 5113 illum
537 5059 858 5114 deteriorem
887 5058 1124 5127 faceret,
1162 5058 1233 5114 ita
1272 5073 1331 5115 se
1359 5060 1545 5129 gessit.
1581 5058 1796 5112 Poterat
1823 5067 1948 5112 ante

358 5151 616 5204 rationem
650 5150 834 5204 initam
861 5150 1069 5204 veniam
1099 5148 1432 5214 concedere,
1464 5149 1557 5204 sed
1590 5163 1655 5203 ne
1700 5150 1949 5219 ignorans

360 5241 551 5296 molem
597 5241 861 5297 scelerum
905 5256 1121 5296 suorum
1147 5282 1163 5307 ,
1206 5240 1545 5295 inhumanior
1588 5251 1642 5295 et
1682 5240 1950 5297 crudelior

359 5349 480 5404 erga
514 5336 782 5404 proximos
813 5345 976 5399 esset,
1007 5334 1128 5389 ideo
1154 5336 1228 5390 illi
1258 5335 1404 5404 prius
1432 5334 1725 5389 declaravit
1747 5335 1826 5389 sui
1856 5335 1951 5390 ἀει

362 5426 455 5479 biti
483 5426 900 5496 inagnitudinrm
925 5469 939 5490 ,
971 5441 1036 5482 ac
1061 5436 1170 5481 tum
1200 5427 1414 5482 demum
1441 5428 1489 5481 ei
1518 5427 1723 5487 remisit
1747 5428 1947 5482 omnia.

360 5517 490 5571 Nam
517 5520 560 5572 si
592 5518 769 5573 habita
814 5518 1021 5573 ratione
1050 5533 1113 5573 ae
1147 5534 1254 5574 ure
1278 5520 1454 5574 alieno
1482 5528 1902 5574 commonstrato
1931 5564 1947 5585 ,

361 5610 623 5681 minisque
656 5612 814 5666 illatis
838 5654 852 5675 ,
884 5621 939 5667 et
967 5613 1415 5668 condemnatione
1446 5617 1714 5683 proposita
1742 5654 1756 5677 ,
1791 5629 1949 5683 quam

362 5701 626 5756 susninere
653 5702 980 5766 merebatur,
1011 5702 1147 5757 adeo
1175 5703 1316 5761 ferus
1353 5712 1410 5758 et
1451 5702 1684 5760 crudelis
1725 5702 1820 5757 fuit
1850 5702 1950 5757 ad-

364 5804 549 5849 versus
573 5809 725 5849 suum
752 5808 1103 5855 conservum;
1136 5795 1180 5848 si
1218 5794 1349 5849 nihil
1393 5794 1613 5851 istorum
1651 5795 1949 5852 adhibitum

686 5905 959 5966 Psraoc.
1001 5900 1116 5963 Gn.
1164 5899 1263 5961 LI.

2020 471 2242 541 fuisset,
2283 490 2390 545 quo
2430 492 2538 531 non
2585 478 2926 535 immanitatis
2970 483 3341 554 prorupisset?
3387 484 3496 542 Hac
3538 486 3610 542 de

2015 579 2175 620 causa
2206 564 2322 620 haec
2347 568 2522 623 omnia
2556 569 2693 625 Deus
2732 570 2857 626 fecit
2891 582 2945 627 et
2984 574 3249 643 instituit,
3274 587 3331 632 ut
3377 580 3609 638 hominis

2017 656 2404 712 immanitatem
2437 659 2580 713 illam
2615 663 2977 731 pra-molliret.
3022 666 3077 720 Si
3120 667 3255 722 nihil
3299 670 3412 724 istis
3452 671 3611 726 rebus

2017 748 2329 804 emendatus
2359 750 2454 804 fuit
2479 786 2495 816 ,
2526 768 2630 806 non
2665 768 2826 822 penes
2854 757 3161 826 magistrum
3184 800 3198 823 ,
3226 760 3319 814 Sed
3353 775 3516 829 pelles
3546 764 3611 815 il-

2018 837 2127 891 lum
2158 840 2248 908 qui
2274 841 2701 898 emendationem
2743 859 2847 899 non
2881 848 3107 916 recipit,
3139 850 3292 917 culta
3330 853 3610 906 statuenda

2018 938 2118 983 cst.
2145 930 2523 987 Verumtamen
2552 933 2828 990 videamus
2848 952 2953 1005 quo
2984 937 3136 1007 paeto
3162 941 3276 1008 ejus
3309 941 3460 995 ulcus
3485 942 3612 996 absr-

2018 1029 2208 1092 tergat.
2262 1023 2460 1078 Cadens
2482 1026 2637 1096 igitur
2655 1030 2724 1080 ad
2750 1029 2901 1096 pedes
2926 1031 3055 1099 ejus,
3082 1030 3368 1085 obsecrabat
3399 1034 3611 1088 dimisi:

2018 1111 2325 1167 Patientiam
2357 1114 2483 1170 habe
2510 1117 2562 1170 iu
2590 1134 2669 1169 me
2687 1157 2702 1183 ,
2736 1127 2782 1171 et
2809 1120 2981 1172 omnia
3009 1120 3218 1175 reddam
3249 1122 3339 1175 tibi
3366 1121 3386 1191 (
3418 1121 3610 1176 Matth.

2020 1205 2105 1260 18.
2134 1204 2261 1277 Ξϐ).
2294 1206 2412 1260 Non
2450 1206 2622 1261 fassus
2651 1219 2730 1263 est
2764 1224 2822 1265 se
2852 1210 2985 1266 nihil
3017 1211 3213 1268 habere
3239 1212 3383 1283 quod
3416 1213 3612 1268 redde—

2019 1305 2102 1351 ret
2130 1314 2143 1349 :
2172 1297 2265 1350 sed
2300 1296 2386 1351 hic
2413 1312 2530 1352 mos
2553 1307 2631 1353 est
2662 1299 2963 1355 debitorum
2990 1343 3004 1367 ,
3036 1310 3090 1356 ut
3118 1302 3169 1356 in
3201 1317 3408 1357 summa
3435 1303 3611 1372 inopia

2020 1390 2333 1459 promittant
2389 1399 2564 1445 tamen
2596 1432 2610 1455 ,
2663 1406 2771 1462 quo
2826 1409 3060 1463 prmsens
3105 1395 3400 1464 periculum
3445 1396 3615 1451 vitare

2020 1482 2248 1551 possint.

2071 1574 2389 1630 Preratiouis
2401 1576 2494 1630 vis.
2512 1575 2569 1629 Μ
2570 1576 2742 1631 axium
2754 1577 2942 1647 ﬁducia
2953 1590 3201 1648 quianam.
3222 1576 3389 1632 Venite
3405 1577 3606 1633 donatio

2021 1670 2219 1723 modus.
2243 1702 2313 1714 υ-
2327 1670 2620 1725 Audiamus
2639 1681 2895 1741 quotquot
2918 1672 3088 1743 ignavi
3106 1687 3290 1726 sumus
3306 1673 3371 1727 ad
3392 1687 3615 1742 prccan-

2021 1762 2171 1829 dum,
2222 1772 2417 1833 quanta
2466 1765 2537 1818 sit
2577 1764 3006 1819 obsecrationum
3038 1763 3138 1819 vis.
3190 1764 3304 1819 Non
3354 1764 3615 1833 jejunium

2021 1856 2330 1921 ostentavit,
2378 1870 2482 1910 non
2513 1857 2807 1911 ultroneam
2859 1865 3262 1926 paupertatem,
3299 1868 3389 1910 aut
3409 1850 3611 1926 aliquid

2024 1946 2344 2012 istiusmodi,
2379 1947 2474 2002 sed
2508 1947 2776 2012 desertus,
2805 1948 2897 2003 sed
2928 1948 3097 2003 nudus
3123 1948 3266 2003 omni
3285 1948 3499 2012 virtute,
3526 1946 3618 2002 ubi

2022 2054 2082 2095 se
2103 2038 2169 2093 ad
2182 2039 2569 2094 obsecrantium
2600 2040 2884 2105 Convertit,
2912 2055 2977 2094 eo
2992 2040 3109 2094 solo
3147 2040 3314 2109 potuit
3343 2039 3616 2093 dominum

2024 2131 2088 2185 ad
2116 2131 2535 2186 misericordiam
2566 2132 2893 2202 pertrahere.
2933 2131 3011 2187 Ne
3039 2133 3196 2203 igitur
3226 2133 3534 2187 deﬁciamus
3565 2133 3619 2186 in

2024 2218 2305 2278 fundendis
2333 2223 2599 2292 precibus.
2628 2224 2759 2292 Quis
2789 2226 2931 2279 enim
2961 2224 3063 2279 hoc
3091 2223 3421 2289 sceleratior,
3450 2224 3539 2293 qui
3566 2232 3621 2278 et

2027 2317 2107 2370 tot
2135 2314 2447 2370 criminibus
2472 2315 2737 2369 obnoxius
2758 2325 2899 2379 erat,
2934 2324 2989 2371 et
3015 2315 3218 2369 nullum
3248 2323 3393 2369 recte
3422 2313 3619 2368 factum

2027 2407 2376 2477 possidebat?
2403 2406 2519 2461 Non
2548 2416 2726 2463 tamen
2771 2423 2953 2463 secum
2984 2407 3049 2461 ad
3095 2407 3255 2461 istum
3292 2405 3509 2460 modum
3540 2405 3620 2457 lo-

2024 2506 2220 2569 quutus
2246 2507 2347 2561 est,
2375 2497 2490 2552 Non
2521 2498 2693 2553 audeo
2720 2498 2882 2566 laqui,
2914 2498 3118 2568 pudore
3146 2498 3334 2567 plenus
3360 2513 3499 2563 sum,
3529 2498 3619 2565 qni

2027 2598 2213 2659 potero
2235 2588 2528 2644 accedere?
2542 2589 2631 2658 qui
2658 2599 2847 2658 porero
2868 2602 3021 2643 orare
3038 2588 3061 2640 ?
3077 2588 3218 2655 quod
3243 2589 3478 2657 plerique
3502 2603 3623 2657 pee-

2025 2686 2264 2735 catorum
2288 2678 2471 2733 dicunt
2491 2720 2507 2746 ,
2536 2678 2794 2733 diabolica
2824 2678 3131 2733 laborantes
3160 2671 3462 2732 timiditate.
3496 2677 3611 2730 Non

2028 2771 2179 2826 adest
2209 2770 2300 2824 tibi
2329 2770 2518 2825 lidueia
2547 2769 2798 2841 loquendi
2820 2769 2843 2822 ?
2867 2769 3153 2840 Propterea
3174 2767 3388 2832 accede,
3423 2777 3481 2822 ut
3508 2782 3622 2821 ma-

2024 2863 2198 2932 jorem
2229 2862 2473 2917 fiduciam
2492 2876 2667 2932 pares.
2695 2861 2833 2916 Num
2855 2861 2995 2916 enim
3019 2860 3181 2916 homo
3203 2869 3304 2925 est,
3333 2872 3489 2930 quem
3518 2859 3625 2929 pla-

2030 2966 2152 3008 care
2176 2954 2326 3023 cupis
2345 2993 2361 3017 ,
2391 2962 2449 3007 ut
2478 2952 2681 3023 pudore
2710 2961 2765 3007 et
2788 2952 3107 3007 verecundia
3135 2950 3483 3006 laborandum
3512 2949 3625 3003 sit?

2031 3044 2170 3100 Deus
2195 3052 2279 3099 est
2304 3045 2391 3114 qui
2433 3045 2600 3115 magis
2623 3085 2639 3112 ,
2668 3059 2825 3113 quam
2866 3051 2922 3099 tu
2955 3044 3069 3113 ipse
3094 3086 3106 3108 ,
3138 3051 3356 3113 exuptat
3383 3051 3432 3096 te
3459 3054 3489 3095 a
3516 3043 3625 3095 cri-

2032 3139 2266 3195 minibus
2294 3139 2509 3194 libcrari
2537 3155 2550 3199 :
2584 3153 2689 3193 non
2718 3146 2774 3193 tu
2802 3146 3078 3208 tantopere
3110 3145 3252 3191 tuam
3284 3137 3624 3190 securitatem

2031 3231 2366 3301 concupiscis
2396 3272 2409 3296 ,
2452 3237 2782 3300 quantOpere
2826 3230 2915 3284 ille
2953 3238 3096 3283 tuam
3127 3229 3351 3283 salutem
3378 3227 3580 3297 expetit
3610 3242 3624 3278 :

2035 3324 2192 3394 idque
2232 3323 2392 3378 rebus
2440 3322 2569 3392 ipsis
2611 3322 2812 3376 docuit.
2862 3321 2976 3375 Non
3018 3317 3184 3374 habes
3234 3316 3524 3372 fiduciam?
3553 3316 3630 3370 Eo

2036 3416 2153 3484 ipso
2185 3423 2337 3484 potes
2384 3413 2630 3469 fiduciam
2674 3412 2905 3478 habere,
2937 3411 3077 3481 quod
3127 3412 3197 3465 ita
3240 3409 3462 3465 affectus
3507 3409 3626 3462 sis:

2038 3507 2264 3561 maxima
2289 3507 2430 3561 enim
2465 3505 2652 3559 fiducia
2670 3512 2771 3571 est,
2796 3520 2917 3559 cum
2944 3504 3064 3574 quis
3088 3517 3148 3557 se
3174 3502 3443 3557 existimat
3466 3498 3631 3555 fidere

2038 3613 2143 3654 non
2173 3599 2389 3655 debere.
2414 3599 2546 3654 Nam
2576 3608 2635 3653 ut
2664 3614 3007 3667 summepere
3036 3596 3280 3667 pudenda
3308 3612 3395 3651 res
3418 3603 3520 3651 est.
3542 3596 3635 3664 jn-J

2037 3690 2268 3746 stilicare
2297 3692 2533 3759 seipsum
2564 3703 2744 3744 coram
2776 3688 3003 3744 Domino
3036 3700 3049 3743 :
3083 3688 3170 3743 ille
3204 3688 3349 3743 enim
3394 3687 3635 3756 impurus

2036 3788 2121 3834 est
2147 3780 2467 3849 quicumque
2514 3779 2567 3833 id
2617 3779 2741 3833 facit
2764 3819 2778 3842 ,
2808 3779 3018 3833 etiamsi
3051 3778 3300 3832 omnibus
3331 3777 3636 3831 hominibus

2039 3871 2276 3927 sanctior
2316 3870 2476 3925 fuerit
2507 3888 2521 3925 :
2556 3872 2625 3925 ita
2664 3886 2875 3941 quoque
2912 3869 3087 3939 justus
3119 3870 3213 3934 fit,
3247 3873 3335 3939 qui
3381 3885 3437 3923 se
3464 3869 3637 3923 credit

2040 3963 2280 4017 omnium
2329 3962 2603 4018 hominum
2650 3972 2946 4017 extremum
2988 3975 3128 4015 esse.
3160 3959 3323 4029 Cujus
3362 3960 3439 4013 rei
3472 3969 3636 4012 testes

2042 4062 2167 4108 sunt
2196 4052 2497 4108 Pharisacus
2523 4062 2575 4108 et
2604 4052 2938 4123 publicanus.
2982 4052 3059 4107 Ne
3100 4052 3257 4122 igitur
3298 4050 3634 4120 chpnttdca-

2042 4160 2163 4200 mus
2204 4145 2438 4200 animum
2482 4146 2552 4200 ob
2587 4154 2803 4216 peccata
2828 4187 2844 4214 ,
2888 4160 3061 4215 neque
3105 4145 3450 4214 desperemus
3477 4185 3491 4207 ,
3544 4143 3637 4196 sed

2044 4237 2299 4293 adeamus
2324 4238 2509 4302 Deum,
2531 4238 2891 4307 procidamus,
2914 4236 3279 4302 Obsecremus,
3300 4233 3639 4306 quemadmo-

2044 4329 2171 4385 dum
2205 4330 2303 4384 iste
2334 4328 2458 4383 fecit
2482 4375 2497 4393 ,
2527 4328 2785 4384 hactenus
2812 4327 2953 4384 bona
2993 4335 3174 4383 mente
3213 4341 3359 4381 usus.
3401 4325 3513 4380 Non
3542 4324 3639 4377 de-

2046 4421 2314 4491 spondere
2341 4421 2574 4475 animnm
2595 4463 2607 4485 ,
2638 4436 2746 4474 non
2776 4419 3084 4489 desperare,
3113 4416 3355 4473 conﬁteri
3384 4424 3595 4486 peccata
3622 4456 3638 4478 ,

2046 4513 2318 4585 postulare
2361 4512 2669 4566 dilationem
2712 4510 2946 4580 aliquam
2988 4516 3043 4563 et
3083 4523 3287 4562 moram
3314 4549 3329 4573 ,
3371 4516 3424 4560 et
3466 4506 3640 4559 omnia

2050 4604 2148 4657 ista
2176 4604 2311 4657 bona
2341 4611 2465 4654 sunt
2491 4610 2545 4655 et
2575 4601 2769 4655 mentis
2804 4598 3051 4654 contritae
3075 4640 3089 4661 ,
3131 4607 3187 4653 ct
3222 4597 3415 4650 anim-.12
3460 4596 3642 4650 humi-

2050 4695 2208 4747 liatar.
2241 4693 2369 4758 Qua:
2395 4690 2505 4759 jam
2550 4697 2865 4759 sequuntur,
2904 4700 3239 4759 nequaquam
3281 4685 3473 4741 similia
3520 4696 3649 4739 sunt

2050 4785 2413 4856 superioribus
2443 4794 2456 4837 :'
2485 4797 2605 4854 qua:
2642 4782 2783 4836 enim
2811 4796 2906 4851 per
2943 4776 3383 4851 supplicationem
3414 4792 3645 4847 congre-

2051 4883 2268 4946 gaverat
2294 4914 2308 4936 ,
2352 4873 2467 4928 haec
2495 4873 2673 4926 omnia
2711 4872 2762 4926 in
2791 4872 3098 4926 universam
3129 4869 3314 4926 effudit
3343 4883 3437 4940 per
3467 4868 3638 4934 iram,

2051 4982 2209 5037 quam
2243 4967 2294 5020 in
2329 4966 2628 5035 proximum
2659 4964 2916 5019 exercuit.
2947 4962 3053 5018 Sed
3074 4962 3186 5033 jam
3213 4962 3277 5015 ad
3303 4961 3519 5016 modum
3553 4961 3650 5015 do-

2053 5067 2193 5112 natae
2218 5058 2388 5111 venia:
2419 5055 2787 5125 procedamus.
2823 5053 3107 5109 Videamus
3149 5053 3456 5124 qualitatem
3497 5052 3649 5106 istius

2055 5146 2387 5204 remissionis
2414 5189 2426 5211 .
2456 5157 2510 5202 et
2530 5146 2722 5217 quibus
2748 5146 2907 5200 rebus
2933 5144 2998 5199 ad
3027 5144 3077 5199 id
3110 5144 3360 5199 dominus
3385 5142 3646 5197 adductus

2055 5241 2238 5297 fuerit.
2291 5240 2528 5295 Misertus
2570 5240 2707 5295 illius
2750 5240 3023 5305 dominus,
3072 5239 3241 5308 inquit
3280 5234 3602 5305 evangelista
3630 5274 3645 5296 ,

2055 5334 2262 5387 absolvit
2292 5348 2407 5385 eum
2428 5373 2441 5393 ,
2466 5341 2511 5387 et
2536 5332 2758 5386 debitum
2784 5332 2971 5386 remisit
2998 5330 3220 5403 (Matth.
3255 5328 3341 5382 18.
3377 5326 3446 5379 27
3467 5323 3507 5395 ).
3556 5323 3649 5378 Ille

2056 5425 2367 5479 dilationem
2397 5425 2568 5494 petiit,
2600 5425 2700 5480 iste
2726 5425 2933 5479 veniam
2957 5423 3255 5485 concessit,
3287 5418 3421 5474 adeo
3444 5428 3500 5472 ut
3533 5418 3651 5487 plus

2056 5520 2258 5588 erpcrit
2283 5561 2296 5586 ,
2329 5535 2485 5589 quam
2522 5519 2821 5590 postularit.
2851 5519 3185 5586 Quapmpter
3213 5513 3407 5567 Paulus
3440 5514 3647 5582 inquit,

2061 5612 2126 5667 Ei
2142 5656 2156 5675 ,
2183 5613 2269 5679 qui
2294 5621 2451 5683 potest
2475 5613 2644 5665 omnia
2671 5615 2836 5681 facere
2862 5605 3354 5678 sttprrahundantius
3377 5621 3528 5677 quam
3556 5621 3648 5674 pec

2053 5703 2212 5757 timus
2235 5744 2248 5766 ,
2279 5713 2364 5755 aut
2390 5705 2667 5771 cogitamus
2694 5700 2909 5771 (Ep/tes.
2938 5698 2992 5752 5.
3020 5696 3138 5767 20).
3171 5696 3285 5752 Non
3328 5699 3468 5750 cnim
3501 5705 3655 5765 putes

2059 5795 2292 5869 Cogitate
2324 5804 2465 5849 tanta
2492 5836 2506 5862 ,
2535 5804 2734 5863 quanta
2772 5791 2858 5845 ille
2902 5791 3131 5845 instituit
3169 5788 3375 5843 donare
3416 5788 3530 5843 tibi.
3575 5786 3654 5839 ΜΞ

3229 5896 3270 5956 2
