  <div class='ocr_page' id='page_1' title='image "/cluster/home/n/w/nwhite01/storage/ocr_20150623/51:no.3:pt.1/coo.31924054869502/031.png"; bbox 0 0 4106 6438; ppageno 0'>
   <div class='ocr_carea' id='block_1_1' title="bbox 405 352 3670 415">
    <p class='ocr_par' dir='ltr' id='par_1_1' title="bbox 405 352 3670 415">
     <span class='ocr_line' id='line_1_1' title="bbox 405 352 3670 415; baseline -0 -2"><span class='ocrx_word' id='word_1_1' title='bbox 405 355 470 408; x_wconf 74' lang='grc'><strong>27</strong></span> <span class='ocrx_word' id='word_1_2' title='bbox 1109 356 1162 413; x_wconf 87' lang='lat' dir='ltr'><strong>S.</strong></span> <span class='ocrx_word' id='word_1_3' title='bbox 1200 357 1477 413; x_wconf 75' lang='lat' dir='ltr'><strong>JOANNIS</strong></span> <span class='ocrx_word' id='word_1_4' title='bbox 1513 357 1980 413; x_wconf 76' lang='lat' dir='ltr'><strong>CllRYSOSTOMI</strong></span> <span class='ocrx_word' id='word_1_5' title='bbox 2021 357 2337 414; x_wconf 59' lang='lat' dir='ltr'><strong>ARCHIEP.</strong></span> <span class='ocrx_word' id='word_1_6' title='bbox 2373 357 2907 415; x_wconf 76' lang='lat' dir='ltr'><strong>CONSTANTINOP.</strong></span> <span class='ocrx_word' id='word_1_7' title='bbox 3598 352 3670 405; x_wconf 71' lang='grc'><strong>28</strong></span> 
     </span>
    </p>
   </div>
   <div class='ocr_carea' id='block_1_2' title="bbox 405 470 1981 542">
    <p class='ocr_par' dir='ltr' id='par_1_2' title="bbox 405 470 1981 542">
     <span class='ocr_line' id='line_1_2' title="bbox 405 470 1981 542; baseline 0.003 -22"><span class='ocrx_word' id='word_1_8' title='bbox 405 470 568 536; x_wconf 75' lang='lat' dir='ltr'><strong>igilttl‘</strong></span> <span class='ocrx_word' id='word_1_9' title='bbox 598 471 834 540; x_wconf 83' lang='lat' dir='ltr'><strong>pudelias</strong></span> <span class='ocrx_word' id='word_1_10' title='bbox 853 512 868 535; x_wconf 92' lang='lat'><strong>,</strong></span> <span class='ocrx_word' id='word_1_11' title='bbox 898 486 1029 525; x_wconf 90' lang='lat' dir='ltr'><strong>neve</strong></span> <span class='ocrx_word' id='word_1_12' title='bbox 1060 473 1363 536; x_wconf 76' lang='lat' dir='ltr'><strong>erubescas,</strong></span> <span class='ocrx_word' id='word_1_13' title='bbox 1396 473 1502 524; x_wconf 90' lang='lat' dir='ltr'><strong>imo</strong></span> <span class='ocrx_word' id='word_1_14' title='bbox 1529 473 1700 540; x_wconf 86' lang='lat' dir='ltr'><strong>potius</strong></span> <span class='ocrx_word' id='word_1_15' title='bbox 1727 472 1981 542; x_wconf 82' lang='lat' dir='ltr'><strong>pudorem</strong></span> 
     </span>
    </p>
   </div>
   <div class='ocr_carea' id='block_1_3' title="bbox 407 559 1988 630">
    <p class='ocr_par' dir='ltr' id='par_1_3' title="bbox 407 559 1988 630">
     <span class='ocr_line' id='line_1_3' title="bbox 407 559 1988 630; baseline 0.002 -19"><span class='ocrx_word' id='word_1_16' title='bbox 407 559 474 612; x_wconf 90' lang='lat' dir='ltr'><strong>de</strong></span> <span class='ocrx_word' id='word_1_17' title='bbox 503 559 734 628; x_wconf 78' lang='lat' dir='ltr'><strong>peccatis</strong></span> <span class='ocrx_word' id='word_1_18' title='bbox 755 560 942 630; x_wconf 63' lang='lat' dir='ltr'><strong>collige</strong></span> <span class='ocrx_word' id='word_1_19' title='bbox 964 601 978 625; x_wconf 99' lang='lat'><strong>,</strong></span> <span class='ocrx_word' id='word_1_20' title='bbox 1003 575 1068 614; x_wconf 92' lang='lat' dir='ltr'><strong>ne</strong></span> <span class='ocrx_word' id='word_1_21' title='bbox 1093 561 1370 629; x_wconf 87' lang='lat' dir='ltr'><strong>desperes,</strong></span> <span class='ocrx_word' id='word_1_22' title='bbox 1402 575 1532 614; x_wconf 86' lang='lat' dir='ltr'><strong>neve</strong></span> <span class='ocrx_word' id='word_1_23' title='bbox 1559 561 1787 614; x_wconf 90' lang='lat' dir='ltr'><strong>absistas</strong></span> <span class='ocrx_word' id='word_1_24' title='bbox 1810 576 1838 614; x_wconf 91' lang='lat' dir='ltr'><strong>a</strong></span> <span class='ocrx_word' id='word_1_25' title='bbox 1865 576 1988 630; x_wconf 90' lang='lat' dir='ltr'><strong>prc-</strong></span> 
     </span>
    </p>
   </div>
   <div class='ocr_carea' id='block_1_4' title="bbox 409 650 1991 719">
    <p class='ocr_par' dir='ltr' id='par_1_4' title="bbox 409 650 1991 719">
     <span class='ocr_line' id='line_1_4' title="bbox 409 650 1991 719; baseline 0.003 -18"><span class='ocrx_word' id='word_1_26' title='bbox 409 651 640 716; x_wconf 84' lang='lat' dir='ltr'><strong>catione,</strong></span> <span class='ocrx_word' id='word_1_27' title='bbox 667 650 760 704; x_wconf 91' lang='lat' dir='ltr'><strong>sed</strong></span> <span class='ocrx_word' id='word_1_28' title='bbox 785 651 976 704; x_wconf 86' lang='lat' dir='ltr'><strong>accede</strong></span> <span class='ocrx_word' id='word_1_29' title='bbox 995 693 1008 716; x_wconf 95' lang='lat'><strong>,</strong></span> <span class='ocrx_word' id='word_1_30' title='bbox 1037 651 1159 706; x_wconf 90' lang='lat' dir='ltr'><strong>licet</strong></span> <span class='ocrx_word' id='word_1_31' title='bbox 1185 661 1430 719; x_wconf 84' lang='lat' dir='ltr'><strong>peccator</strong></span> <span class='ocrx_word' id='word_1_32' title='bbox 1455 653 1527 705; x_wconf 85' lang='lat' dir='ltr'><strong>sis</strong></span> <span class='ocrx_word' id='word_1_33' title='bbox 1551 692 1564 717; x_wconf 93' lang='lat'><strong>,</strong></span> <span class='ocrx_word' id='word_1_34' title='bbox 1598 660 1652 704; x_wconf 91' lang='lat' dir='ltr'><strong>ut</strong></span> <span class='ocrx_word' id='word_1_35' title='bbox 1677 652 1991 705; x_wconf 82' lang='lat' dir='ltr'><strong>reconcilies</strong></span> 
     </span>
    </p>
   </div>
   <div class='ocr_carea' id='block_1_5' title="bbox 413 741 1991 806">
    <p class='ocr_par' dir='ltr' id='par_1_5' title="bbox 413 741 1991 806">
     <span class='ocr_line' id='line_1_5' title="bbox 413 741 1991 806; baseline 0.001 -13"><span class='ocrx_word' id='word_1_36' title='bbox 413 741 505 793; x_wconf 91' lang='lat' dir='ltr'><strong>tibi</strong></span> <span class='ocrx_word' id='word_1_37' title='bbox 545 741 822 796; x_wconf 87' lang='lat' dir='ltr'><strong>Dominum</strong></span> <span class='ocrx_word' id='word_1_38' title='bbox 848 782 862 806; x_wconf 97' lang='lat'><strong>,</strong></span> <span class='ocrx_word' id='word_1_39' title='bbox 891 752 946 795; x_wconf 98' lang='grc' dir='ltr'><strong>ιιι</strong></span> <span class='ocrx_word' id='word_1_40' title='bbox 976 741 1068 797; x_wconf 89' lang='lat' dir='ltr'><strong>des</strong></span> <span class='ocrx_word' id='word_1_41' title='bbox 1097 743 1170 795; x_wconf 89' lang='lat' dir='ltr'>illi</span> <span class='ocrx_word' id='word_1_42' title='bbox 1213 743 1383 797; x_wconf 89' lang='lat' dir='ltr'><strong>locum</strong></span> <span class='ocrx_word' id='word_1_43' title='bbox 1424 759 1570 797; x_wconf 90' lang='lat' dir='ltr'><strong>suam</strong></span> <span class='ocrx_word' id='word_1_44' title='bbox 1612 743 1991 796; x_wconf 88' lang='lat' dir='ltr'><strong>humanitatem</strong></span> 
     </span>
    </p>
   </div>
   <div class='ocr_carea' id='block_1_6' title="bbox 413 831 1987 900">
    <p class='ocr_par' dir='ltr' id='par_1_6' title="bbox 413 831 1987 900">
     <span class='ocr_line' id='line_1_6' title="bbox 413 831 1987 900; baseline 0.001 -17"><span class='ocrx_word' id='word_1_45' title='bbox 413 831 466 883; x_wconf 89' lang='lat' dir='ltr'><strong>in</strong></span> <span class='ocrx_word' id='word_1_46' title='bbox 495 831 882 885; x_wconf 90' lang='lat' dir='ltr'><strong>condonationc</strong></span> <span class='ocrx_word' id='word_1_47' title='bbox 913 841 1120 886; x_wconf 88' lang='lat' dir='ltr'><strong>tuorum</strong></span> <span class='ocrx_word' id='word_1_48' title='bbox 1161 832 1439 886; x_wconf 90' lang='lat' dir='ltr'><strong>criminum</strong></span> <span class='ocrx_word' id='word_1_49' title='bbox 1471 831 1755 886; x_wconf 83' lang='lat' dir='ltr'><strong>exhibendi</strong></span> <span class='ocrx_word' id='word_1_50' title='bbox 1786 849 1798 883; x_wconf 89' lang='lat'><strong>:</strong></span> <span class='ocrx_word' id='word_1_51' title='bbox 1830 833 1987 900; x_wconf 90' lang='lat' dir='ltr'><strong>quia,</strong></span> 
     </span>
    </p>
   </div>
   <div class='ocr_carea' id='block_1_7' title="bbox 412 921 1990 991">
    <p class='ocr_par' dir='ltr' id='par_1_7' title="bbox 412 921 1990 991">
     <span class='ocr_line' id='line_1_7' title="bbox 412 921 1990 991; baseline 0 -17"><span class='ocrx_word' id='word_1_52' title='bbox 412 922 456 974; x_wconf 88' lang='lat' dir='ltr'><strong>si</strong></span> <span class='ocrx_word' id='word_1_53' title='bbox 487 921 672 976; x_wconf 88' lang='lat' dir='ltr'><strong>timeas</strong></span> <span class='ocrx_word' id='word_1_54' title='bbox 708 921 964 976; x_wconf 80' lang='lat' dir='ltr'><strong>accedere</strong></span> <span class='ocrx_word' id='word_1_55' title='bbox 986 961 1004 988; x_wconf 95' lang='lat'><strong>,</strong></span> <span class='ocrx_word' id='word_1_56' title='bbox 1038 922 1264 991; x_wconf 83' lang='lat' dir='ltr'><strong>impedis</strong></span> <span class='ocrx_word' id='word_1_57' title='bbox 1293 923 1432 976; x_wconf 89' lang='lat' dir='ltr'><strong>illius</strong></span> <span class='ocrx_word' id='word_1_58' title='bbox 1467 922 1778 988; x_wconf 87' lang='lat' dir='ltr'><strong>bonitatem,</strong></span> <span class='ocrx_word' id='word_1_59' title='bbox 1811 937 1990 975; x_wconf 89' lang='lat' dir='ltr'><strong>remo-</strong></span> 
     </span>
    </p>
   </div>
   <div class='ocr_carea' id='block_1_8' title="bbox 413 1012 1994 1084">
    <p class='ocr_par' dir='ltr' id='par_1_8' title="bbox 413 1012 1994 1084">
     <span class='ocr_line' id='line_1_8' title="bbox 413 1012 1994 1084; baseline 0.001 -18"><span class='ocrx_word' id='word_1_60' title='bbox 413 1012 548 1066; x_wconf 89' lang='lat' dir='ltr'><strong>raris</strong></span> <span class='ocrx_word' id='word_1_61' title='bbox 595 1012 734 1067; x_wconf 89' lang='lat' dir='ltr'><strong>illius</strong></span> <span class='ocrx_word' id='word_1_62' title='bbox 777 1013 1116 1082; x_wconf 84' lang='lat' dir='ltr'><strong>benignitatis</strong></span> <span class='ocrx_word' id='word_1_63' title='bbox 1163 1015 1460 1083; x_wconf 87' lang='lat' dir='ltr'><strong>largitatem</strong></span> <span class='ocrx_word' id='word_1_64' title='bbox 1490 1055 1504 1078; x_wconf 97' lang='lat'><strong>,</strong></span> <span class='ocrx_word' id='word_1_65' title='bbox 1553 1023 1808 1084; x_wconf 90' lang='lat' dir='ltr'><strong>quantum</strong></span> <span class='ocrx_word' id='word_1_66' title='bbox 1847 1013 1910 1067; x_wconf 90' lang='lat' dir='ltr'><strong>ad</strong></span> <span class='ocrx_word' id='word_1_67' title='bbox 1944 1023 1994 1068; x_wconf 88' lang='lat' dir='ltr'><strong>te</strong></span> 
     </span>
    </p>
   </div>
   <div class='ocr_carea' id='block_1_9' title="bbox 417 1102 628 1156">
    <p class='ocr_par' dir='ltr' id='par_1_9' title="bbox 417 1102 628 1156">
     <span class='ocr_line' id='line_1_9' title="bbox 417 1102 628 1156; baseline 0.014 -3"><span class='ocrx_word' id='word_1_68' title='bbox 417 1102 628 1156; x_wconf 87' lang='lat' dir='ltr'><strong>attinet.</strong></span> 
     </span>
    </p>
   </div>
   <div class='ocr_carea' id='block_1_10' title="bbox 489 1192 1994 1268">
    <p class='ocr_par' dir='ltr' id='par_1_10' title="bbox 489 1192 1994 1268">
     <span class='ocr_line' id='line_1_10' title="bbox 489 1192 1994 1268; baseline 0.001 -22"><span class='ocrx_word' id='word_1_69' title='bbox 489 1192 612 1248; x_wconf 85' lang='lat' dir='ltr'><strong>Non</strong></span> <span class='ocrx_word' id='word_1_70' title='bbox 639 1194 763 1249; x_wconf 71' lang='lat' dir='ltr'><strong>solre</strong></span> <span class='ocrx_word' id='word_1_71' title='bbox 793 1211 961 1265; x_wconf 84' lang='lat' dir='ltr'><strong>preces</strong></span> <span class='ocrx_word' id='word_1_72' title='bbox 998 1198 1192 1250; x_wconf 71' lang='lat' dir='ltr'><strong>veniam</strong></span> <span class='ocrx_word' id='word_1_73' title='bbox 1237 1198 1526 1268; x_wconf 86' lang='lat' dir='ltr'><strong>impetrant,</strong></span> <span class='ocrx_word' id='word_1_74' title='bbox 1557 1197 1645 1251; x_wconf 86' lang='lat' dir='ltr'><strong>scd</strong></span> <span class='ocrx_word' id='word_1_75' title='bbox 1673 1212 1786 1250; x_wconf 88' lang='lat' dir='ltr'><strong>cum</strong></span> <span class='ocrx_word' id='word_1_76' title='bbox 1831 1197 1994 1266; x_wconf 85' lang='lat' dir='ltr'><strong>gratia</strong></span> 
     </span>
    </p>
   </div>
   <div class='ocr_carea' id='block_1_11' title="bbox 416 1285 1994 1358">
    <p class='ocr_par' dir='ltr' id='par_1_11' title="bbox 416 1285 1994 1358">
     <span class='ocr_line' id='line_1_11' title="bbox 416 1285 1994 1358; baseline 0.001 -20"><span class='ocrx_word' id='word_1_77' title='bbox 416 1285 532 1339; x_wconf 86' lang='lat' dir='ltr'><strong>Dei.</strong></span> <span class='ocrx_word' id='word_1_78' title='bbox 565 1286 866 1340; x_wconf 82' lang='lat' dir='ltr'><strong>Recordutio</strong></span> <span class='ocrx_word' id='word_1_79' title='bbox 893 1298 1208 1358; x_wconf 80' lang='lat' dir='ltr'><strong>peccatorum</strong></span> <span class='ocrx_word' id='word_1_80' title='bbox 1249 1289 1407 1345; x_wconf 85' lang='lat' dir='ltr'><strong>utilis.</strong></span> <span class='ocrx_word' id='word_1_81' title='bbox 1437 1287 1634 1341; x_wconf 80' lang='lat' dir='ltr'><strong>Paulus</strong></span> <span class='ocrx_word' id='word_1_82' title='bbox 1683 1295 1994 1356; x_wconf 76' lang='lat' dir='ltr'><strong>peccatorum</strong></span> 
     </span>
    </p>
   </div>
   <div class='ocr_carea' id='block_1_12' title="bbox 419 1377 1994 1449">
    <p class='ocr_par' dir='ltr' id='par_1_12' title="bbox 419 1377 1994 1449">
     <span class='ocr_line' id='line_1_12' title="bbox 419 1377 1994 1449; baseline 0.002 -23"><span class='ocrx_word' id='word_1_83' title='bbox 419 1391 626 1428; x_wconf 77' lang='lat' dir='ltr'><strong>suorum</strong></span> <span class='ocrx_word' id='word_1_84' title='bbox 653 1378 963 1432; x_wconf 85' lang='lat' dir='ltr'><strong>recordatur.</strong></span> <span class='ocrx_word' id='word_1_85' title='bbox 995 1408 1064 1417; x_wconf 96' lang='lat'><strong>—</strong></span> <span class='ocrx_word' id='word_1_86' title='bbox 1089 1377 1168 1433; x_wconf 89' lang='lat' dir='ltr'><strong>Ne</strong></span> <span class='ocrx_word' id='word_1_87' title='bbox 1218 1377 1374 1449; x_wconf 78' lang='lat' dir='ltr'><strong>igitur</strong></span> <span class='ocrx_word' id='word_1_88' title='bbox 1401 1379 1634 1431; x_wconf 89' lang='lat' dir='ltr'><strong>animum</strong></span> <span class='ocrx_word' id='word_1_89' title='bbox 1661 1377 1994 1446; x_wconf 87' lang='lat' dir='ltr'><strong>despondea-</strong></span> 
     </span>
    </p>
   </div>
   <div class='ocr_carea' id='block_1_13' title="bbox 419 1465 2001 1538">
    <p class='ocr_par' dir='ltr' id='par_1_13' title="bbox 419 1465 2001 1538">
     <span class='ocr_line' id='line_1_13' title="bbox 419 1465 2001 1538; baseline 0 -21"><span class='ocrx_word' id='word_1_90' title='bbox 419 1481 560 1533; x_wconf 89' lang='lat' dir='ltr'><strong>mus,</strong></span> <span class='ocrx_word' id='word_1_91' title='bbox 587 1482 720 1520; x_wconf 80' lang='lat' dir='ltr'><strong>neve</strong></span> <span class='ocrx_word' id='word_1_92' title='bbox 759 1481 857 1520; x_wconf 86' lang='lat' dir='ltr'><strong>nos</strong></span> <span class='ocrx_word' id='word_1_93' title='bbox 903 1481 1096 1536; x_wconf 92' lang='lat' dir='ltr'><strong>segnes</strong></span> <span class='ocrx_word' id='word_1_94' title='bbox 1146 1469 1461 1536; x_wconf 81' lang='lat' dir='ltr'><strong>timidusque</strong></span> <span class='ocrx_word' id='word_1_95' title='bbox 1505 1468 1571 1522; x_wconf 90' lang='lat' dir='ltr'><strong>ad</strong></span> <span class='ocrx_word' id='word_1_96' title='bbox 1625 1481 1808 1538; x_wconf 88' lang='lat' dir='ltr'><strong>preces</strong></span> <span class='ocrx_word' id='word_1_97' title='bbox 1849 1465 2001 1520; x_wconf 81' lang='lat' dir='ltr'><strong>exhi-</strong></span> 
     </span>
    </p>
   </div>
   <div class='ocr_carea' id='block_1_14' title="bbox 420 1555 1994 1612">
    <p class='ocr_par' dir='ltr' id='par_1_14' title="bbox 420 1555 1994 1612">
     <span class='ocr_line' id='line_1_14' title="bbox 420 1555 1994 1612; baseline 0.001 -5"><span class='ocrx_word' id='word_1_98' title='bbox 420 1555 659 1608; x_wconf 87' lang='lat' dir='ltr'><strong>beatnus.</strong></span> <span class='ocrx_word' id='word_1_99' title='bbox 692 1556 911 1610; x_wconf 86' lang='lat' dir='ltr'><strong>Etiamsi</strong></span> <span class='ocrx_word' id='word_1_100' title='bbox 950 1555 1150 1610; x_wconf 90' lang='lat' dir='ltr'><strong>detrusi</strong></span> <span class='ocrx_word' id='word_1_101' title='bbox 1180 1559 1346 1612; x_wconf 88' lang='lat' dir='ltr'><strong>simus</strong></span> <span class='ocrx_word' id='word_1_102' title='bbox 1380 1558 1446 1612; x_wconf 87' lang='lat' dir='ltr'><strong>ad</strong></span> <span class='ocrx_word' id='word_1_103' title='bbox 1491 1557 1800 1612; x_wconf 85' lang='lat' dir='ltr'><strong>barathrum</strong></span> <span class='ocrx_word' id='word_1_104' title='bbox 1841 1555 1994 1609; x_wconf 81' lang='lat' dir='ltr'><strong>mali-</strong></span> 
     </span>
    </p>
   </div>
   <div class='ocr_carea' id='block_1_15' title="bbox 422 1643 1996 1718">
    <p class='ocr_par' dir='ltr' id='par_1_15' title="bbox 422 1643 1996 1718">
     <span class='ocr_line' id='line_1_15' title="bbox 422 1643 1996 1718; baseline 0.002 -22"><span class='ocrx_word' id='word_1_105' title='bbox 422 1643 530 1711; x_wconf 70' lang='lat' dir='ltr'><strong>tite,</strong></span> <span class='ocrx_word' id='word_1_106' title='bbox 564 1645 716 1700; x_wconf 81' lang='lat' dir='ltr'><strong>facile</strong></span> <span class='ocrx_word' id='word_1_107' title='bbox 739 1647 864 1700; x_wconf 90' lang='lat' dir='ltr'><strong>inde</strong></span> <span class='ocrx_word' id='word_1_108' title='bbox 895 1662 993 1701; x_wconf 91' lang='lat' dir='ltr'><strong>nos</strong></span> <span class='ocrx_word' id='word_1_109' title='bbox 1021 1647 1300 1702; x_wconf 76' lang='lat' dir='ltr'><strong>extrahere</strong></span> <span class='ocrx_word' id='word_1_110' title='bbox 1338 1652 1548 1718; x_wconf 90' lang='lat' dir='ltr'><strong>poterit.</strong></span> <span class='ocrx_word' id='word_1_111' title='bbox 1596 1649 1766 1703; x_wconf 85' lang='lat' dir='ltr'><strong>Nemo</strong></span> <span class='ocrx_word' id='word_1_112' title='bbox 1795 1657 1996 1702; x_wconf 89' lang='lat' dir='ltr'><strong>tantum</strong></span> 
     </span>
    </p>
   </div>
   <div class='ocr_carea' id='block_1_16' title="bbox 419 1737 1997 1811">
    <p class='ocr_par' dir='ltr' id='par_1_16' title="bbox 419 1737 1997 1811">
     <span class='ocr_line' id='line_1_16' title="bbox 419 1737 1997 1811; baseline 0.002 -22"><span class='ocrx_word' id='word_1_113' title='bbox 419 1737 659 1806; x_wconf 89' lang='lat' dir='ltr'><strong>peccavit</strong></span> <span class='ocrx_word' id='word_1_114' title='bbox 683 1747 936 1808; x_wconf 91' lang='lat' dir='ltr'><strong>quantum</strong></span> <span class='ocrx_word' id='word_1_115' title='bbox 966 1740 1066 1794; x_wconf 88' lang='lat' dir='ltr'><strong>iste</strong></span> <span class='ocrx_word' id='word_1_116' title='bbox 1092 1757 1104 1793; x_wconf 90' lang='lat'><strong>:</strong></span> <span class='ocrx_word' id='word_1_117' title='bbox 1132 1757 1251 1794; x_wconf 91' lang='lat' dir='ltr'><strong>nam</strong></span> <span class='ocrx_word' id='word_1_118' title='bbox 1281 1745 1332 1794; x_wconf 89' lang='lat' dir='ltr'><strong>iu</strong></span> <span class='ocrx_word' id='word_1_119' title='bbox 1355 1757 1511 1795; x_wconf 90' lang='lat' dir='ltr'><strong>omne</strong></span> <span class='ocrx_word' id='word_1_120' title='bbox 1547 1756 1714 1811; x_wconf 81' lang='lat' dir='ltr'><strong>genus</strong></span> <span class='ocrx_word' id='word_1_121' title='bbox 1737 1740 1997 1795; x_wconf 89' lang='lat' dir='ltr'><strong>scelerum</strong></span> 
     </span>
    </p>
   </div>
   <div class='ocr_carea' id='block_1_17' title="bbox 423 1831 2000 1902">
    <p class='ocr_par' dir='ltr' id='par_1_17' title="bbox 423 1831 2000 1902">
     <span class='ocr_line' id='line_1_17' title="bbox 423 1831 2000 1902; baseline 0.002 -21"><span class='ocrx_word' id='word_1_122' title='bbox 423 1839 736 1898; x_wconf 86' lang='lat' dir='ltr'><strong>proruperat</strong></span> <span class='ocrx_word' id='word_1_123' title='bbox 769 1847 781 1884; x_wconf 77' lang='grc' dir='ltr'>ε</span> <span class='ocrx_word' id='word_1_124' title='bbox 815 1831 864 1884; x_wconf 93' lang='lat' dir='ltr'><strong>id</strong></span> <span class='ocrx_word' id='word_1_125' title='bbox 893 1832 1034 1886; x_wconf 89' lang='lat' dir='ltr'><strong>enim</strong></span> <span class='ocrx_word' id='word_1_126' title='bbox 1062 1833 1358 1902; x_wconf 77' lang='lat' dir='ltr'><strong>significant</strong></span> <span class='ocrx_word' id='word_1_127' title='bbox 1404 1834 1539 1888; x_wconf 92' lang='lat' dir='ltr'><strong>dena</strong></span> <span class='ocrx_word' id='word_1_128' title='bbox 1587 1833 1750 1886; x_wconf 85' lang='lat' dir='ltr'><strong>millia</strong></span> <span class='ocrx_word' id='word_1_129' title='bbox 1779 1832 2000 1886; x_wconf 86' lang='lat' dir='ltr'><strong>talento-</strong></span> 
     </span>
    </p>
   </div>
   <div class='ocr_carea' id='block_1_18' title="bbox 423 1920 2002 1990">
    <p class='ocr_par' dir='ltr' id='par_1_18' title="bbox 423 1920 2002 1990">
     <span class='ocr_line' id='line_1_18' title="bbox 423 1920 2002 1990; baseline 0.003 -20"><span class='ocrx_word' id='word_1_130' title='bbox 423 1932 540 1971; x_wconf 85' lang='lat' dir='ltr'><strong>rum</strong></span> <span class='ocrx_word' id='word_1_131' title='bbox 575 1935 586 1970; x_wconf 91' lang='lat'>:</span> <span class='ocrx_word' id='word_1_132' title='bbox 645 1933 804 1974; x_wconf 91' lang='lat' dir='ltr'><strong>nemo</strong></span> <span class='ocrx_word' id='word_1_133' title='bbox 851 1921 921 1974; x_wconf 93' lang='lat' dir='ltr'><strong>ita</strong></span> <span class='ocrx_word' id='word_1_134' title='bbox 971 1922 1124 1990; x_wconf 72' lang='grc' dir='ltr'>ἰιιοιιε</span> <span class='ocrx_word' id='word_1_135' title='bbox 1152 1923 1360 1975; x_wconf 84' lang='lat' dir='ltr'><strong>virtutis</strong></span> <span class='ocrx_word' id='word_1_136' title='bbox 1397 1933 1500 1986; x_wconf 90' lang='lat' dir='ltr'><strong>est,</strong></span> <span class='ocrx_word' id='word_1_137' title='bbox 1529 1930 1585 1976; x_wconf 91' lang='lat' dir='ltr'><strong>ut</strong></span> <span class='ocrx_word' id='word_1_138' title='bbox 1614 1923 1712 1976; x_wconf 89' lang='lat' dir='ltr'><strong>istc</strong></span> <span class='ocrx_word' id='word_1_139' title='bbox 1740 1921 1835 1975; x_wconf 88' lang='lat' dir='ltr'><strong>fuit</strong></span> <span class='ocrx_word' id='word_1_140' title='bbox 1863 1938 1876 1974; x_wconf 90' lang='lat'>:</span> <span class='ocrx_word' id='word_1_141' title='bbox 1903 1920 2002 1974; x_wconf 91' lang='lat' dir='ltr'><strong>hoc</strong></span> 
     </span>
    </p>
   </div>
   <div class='ocr_carea' id='block_1_19' title="bbox 425 2007 1999 2082">
    <p class='ocr_par' dir='ltr' id='par_1_19' title="bbox 425 2007 1999 2082">
     <span class='ocr_line' id='line_1_19' title="bbox 425 2007 1999 2082; baseline 0.002 -21"><span class='ocrx_word' id='word_1_142' title='bbox 425 2007 567 2062; x_wconf 83' lang='lat' dir='ltr'><strong>enim</strong></span> <span class='ocrx_word' id='word_1_143' title='bbox 605 2009 915 2080; x_wconf 78' lang='lat' dir='ltr'><strong>intelligitur</strong></span> <span class='ocrx_word' id='word_1_144' title='bbox 967 2027 1034 2066; x_wconf 76' lang='lat' dir='ltr'><strong>ex</strong></span> <span class='ocrx_word' id='word_1_145' title='bbox 1074 2027 1172 2078; x_wconf 92' lang='lat' dir='ltr'><strong>eo,</strong></span> <span class='ocrx_word' id='word_1_146' title='bbox 1221 2012 1362 2082; x_wconf 91' lang='lat' dir='ltr'><strong>quod</strong></span> <span class='ocrx_word' id='word_1_147' title='bbox 1412 2013 1542 2068; x_wconf 89' lang='lat' dir='ltr'><strong>nihil</strong></span> <span class='ocrx_word' id='word_1_148' title='bbox 1595 2013 1814 2068; x_wconf 90' lang='lat' dir='ltr'><strong>haberet</strong></span> <span class='ocrx_word' id='word_1_149' title='bbox 1859 2012 1999 2082; x_wconf 89' lang='lat' dir='ltr'><strong>quod</strong></span> 
     </span>
    </p>
   </div>
   <div class='ocr_carea' id='block_1_20' title="bbox 425 2098 2000 2174">
    <p class='ocr_par' dir='ltr' id='par_1_20' title="bbox 425 2098 2000 2174">
     <span class='ocr_line' id='line_1_20' title="bbox 425 2098 2000 2174; baseline 0.003 -23"><span class='ocrx_word' id='word_1_150' title='bbox 425 2098 764 2167; x_wconf 78' lang='lat' dir='ltr'><strong>rependeret.</strong></span> <span class='ocrx_word' id='word_1_151' title='bbox 812 2102 1060 2158; x_wconf 82' lang='lat' dir='ltr'><strong>Attamen</strong></span> <span class='ocrx_word' id='word_1_152' title='bbox 1105 2103 1474 2174; x_wconf 84' lang='lat' dir='ltr'><strong>undecumque</strong></span> <span class='ocrx_word' id='word_1_153' title='bbox 1513 2105 1777 2160; x_wconf 64' lang='lat' dir='ltr'><strong>desertum</strong></span> <span class='ocrx_word' id='word_1_154' title='bbox 1816 2114 1869 2159; x_wconf 92' lang='lat' dir='ltr'><strong>et</strong></span> <span class='ocrx_word' id='word_1_155' title='bbox 1916 2104 2000 2156; x_wconf 92' lang='lat' dir='ltr'><strong>in-</strong></span> 
     </span>
    </p>
   </div>
   <div class='ocr_carea' id='block_1_21' title="bbox 427 2193 2004 2264">
    <p class='ocr_par' dir='ltr' id='par_1_21' title="bbox 427 2193 2004 2264">
     <span class='ocr_line' id='line_1_21' title="bbox 427 2193 2004 2264; baseline 0.004 -24"><span class='ocrx_word' id='word_1_156' title='bbox 427 2203 584 2258; x_wconf 82' lang='lat' dir='ltr'><strong>opem</strong></span> <span class='ocrx_word' id='word_1_157' title='bbox 609 2193 778 2260; x_wconf 92' lang='lat' dir='ltr'><strong>potuit</strong></span> <span class='ocrx_word' id='word_1_158' title='bbox 810 2194 890 2247; x_wconf 94' lang='lat' dir='ltr'><strong>vis</strong></span> <span class='ocrx_word' id='word_1_159' title='bbox 915 2207 1130 2262; x_wconf 89' lang='lat' dir='ltr'><strong>precum</strong></span> <span class='ocrx_word' id='word_1_160' title='bbox 1158 2194 1404 2250; x_wconf 86' lang='lat' dir='ltr'><strong>liberare.</strong></span> <span class='ocrx_word' id='word_1_161' title='bbox 1425 2193 1671 2256; x_wconf 86' lang='lat' dir='ltr'><strong>Tantum,</strong></span> <span class='ocrx_word' id='word_1_162' title='bbox 1705 2195 1891 2264; x_wconf 81' lang='lat' dir='ltr'><strong>inquit,</strong></span> <span class='ocrx_word' id='word_1_163' title='bbox 1916 2209 2004 2246; x_wconf 87' lang='lat' dir='ltr'><strong>va—</strong></span> 
     </span>
    </p>
   </div>
   <div class='ocr_carea' id='block_1_22' title="bbox 426 2283 2004 2356">
    <p class='ocr_par' dir='ltr' id='par_1_22' title="bbox 426 2283 2004 2356">
     <span class='ocr_line' id='line_1_22' title="bbox 426 2283 2004 2356; baseline 0.003 -22"><span class='ocrx_word' id='word_1_164' title='bbox 426 2283 500 2335; x_wconf 89' lang='lat' dir='ltr'><strong>let</strong></span> <span class='ocrx_word' id='word_1_165' title='bbox 540 2285 807 2352; x_wconf 88' lang='lat' dir='ltr'><strong>precatio,</strong></span> <span class='ocrx_word' id='word_1_166' title='bbox 837 2294 894 2339; x_wconf 90' lang='lat' dir='ltr'><strong>ut</strong></span> <span class='ocrx_word' id='word_1_167' title='bbox 925 2301 1047 2340; x_wconf 92' lang='lat' dir='ltr'><strong>eum</strong></span> <span class='ocrx_word' id='word_1_168' title='bbox 1079 2287 1168 2356; x_wconf 92' lang='lat' dir='ltr'><strong>qui</strong></span> <span class='ocrx_word' id='word_1_169' title='bbox 1208 2287 1501 2341; x_wconf 90' lang='lat' dir='ltr'><strong>innumeris</strong></span> <span class='ocrx_word' id='word_1_170' title='bbox 1540 2286 1698 2342; x_wconf 87' lang='lat' dir='ltr'><strong>rebus</strong></span> <span class='ocrx_word' id='word_1_171' title='bbox 1743 2295 1798 2341; x_wconf 90' lang='lat' dir='ltr'><strong>et</strong></span> <span class='ocrx_word' id='word_1_172' title='bbox 1847 2287 2004 2340; x_wconf 85' lang='lat' dir='ltr'><strong>factis</strong></span> 
     </span>
    </p>
   </div>
   <div class='ocr_carea' id='block_1_23' title="bbox 428 2371 2006 2447">
    <p class='ocr_par' dir='ltr' id='par_1_23' title="bbox 428 2371 2006 2447">
     <span class='ocr_line' id='line_1_23' title="bbox 428 2371 2006 2447; baseline 0.004 -23"><span class='ocrx_word' id='word_1_173' title='bbox 428 2371 706 2427; x_wconf 89' lang='lat' dir='ltr'><strong>Dominum</strong></span> <span class='ocrx_word' id='word_1_174' title='bbox 758 2373 1074 2442; x_wconf 84' lang='lat' dir='ltr'><strong>oll‘endcrit,</strong></span> <span class='ocrx_word' id='word_1_175' title='bbox 1106 2391 1135 2430; x_wconf 92' lang='lat' dir='ltr'><strong>a</strong></span> <span class='ocrx_word' id='word_1_176' title='bbox 1180 2391 1334 2447; x_wconf 64' lang='lat' dir='ltr'><strong>paena</strong></span> <span class='ocrx_word' id='word_1_177' title='bbox 1389 2385 1443 2430; x_wconf 90' lang='lat' dir='ltr'><strong>et</strong></span> <span class='ocrx_word' id='word_1_178' title='bbox 1493 2377 1749 2446; x_wconf 86' lang='lat' dir='ltr'><strong>supplicio</strong></span> <span class='ocrx_word' id='word_1_179' title='bbox 1799 2377 2006 2446; x_wconf 88' lang='lat' dir='ltr'><strong>eripere</strong></span> 
     </span>
    </p>
   </div>
   <div class='ocr_carea' id='block_1_24' title="bbox 427 2463 2007 2537">
    <p class='ocr_par' dir='ltr' id='par_1_24' title="bbox 427 2463 2007 2537">
     <span class='ocr_line' id='line_1_24' title="bbox 427 2463 2007 2537; baseline 0.003 -23"><span class='ocrx_word' id='word_1_180' title='bbox 427 2463 596 2531; x_wconf 83' lang='lat' dir='ltr'><strong>possit</strong></span> <span class='ocrx_word' id='word_1_181' title='bbox 615 2463 638 2516; x_wconf 83' lang='lat'><strong>?</strong></span> <span class='ocrx_word' id='word_1_182' title='bbox 656 2464 836 2519; x_wconf 58' lang='lat' dir='ltr'><strong>Potest</strong></span> <span class='ocrx_word' id='word_1_183' title='bbox 857 2465 994 2520; x_wconf 91' lang='lat' dir='ltr'><strong>haud</strong></span> <span class='ocrx_word' id='word_1_184' title='bbox 1024 2467 1201 2522; x_wconf 91' lang='lat' dir='ltr'><strong>dubie.</strong></span> <span class='ocrx_word' id='word_1_185' title='bbox 1229 2468 1341 2522; x_wconf 84' lang='lat' dir='ltr'><strong>Non</strong></span> <span class='ocrx_word' id='word_1_186' title='bbox 1363 2469 1504 2522; x_wconf 91' lang='lat' dir='ltr'><strong>enim</strong></span> <span class='ocrx_word' id='word_1_187' title='bbox 1528 2469 1615 2521; x_wconf 90' lang='lat' dir='ltr'><strong>illa</strong></span> <span class='ocrx_word' id='word_1_188' title='bbox 1640 2467 1751 2522; x_wconf 89' lang='lat' dir='ltr'><strong>sola</strong></span> <span class='ocrx_word' id='word_1_189' title='bbox 1781 2479 1864 2523; x_wconf 90' lang='lat' dir='ltr'><strong>est</strong></span> <span class='ocrx_word' id='word_1_190' title='bbox 1889 2483 2007 2537; x_wconf 74' lang='lat' dir='ltr'><strong>qum</strong></span> 
     </span>
    </p>
   </div>
   <div class='ocr_carea' id='block_1_25' title="bbox 427 2552 2004 2620">
    <p class='ocr_par' dir='ltr' id='par_1_25' title="bbox 427 2552 2004 2620">
     <span class='ocr_line' id='line_1_25' title="bbox 427 2552 2004 2620; baseline 0.006 -18"><span class='ocrx_word' id='word_1_191' title='bbox 427 2552 604 2604; x_wconf 80' lang='lat' dir='ltr'><strong>omnia</strong></span> <span class='ocrx_word' id='word_1_192' title='bbox 651 2553 900 2620; x_wconf 73' lang='lat' dir='ltr'><strong>Conficit,</strong></span> <span class='ocrx_word' id='word_1_193' title='bbox 940 2555 1032 2610; x_wconf 90' lang='lat' dir='ltr'><strong>sed</strong></span> <span class='ocrx_word' id='word_1_194' title='bbox 1074 2555 1233 2612; x_wconf 82' lang='lat' dir='ltr'><strong>habet</strong></span> <span class='ocrx_word' id='word_1_195' title='bbox 1273 2559 1474 2612; x_wconf 90' lang='lat' dir='ltr'><strong>sociam</strong></span> <span class='ocrx_word' id='word_1_196' title='bbox 1527 2566 1580 2610; x_wconf 89' lang='lat' dir='ltr'><strong>et</strong></span> <span class='ocrx_word' id='word_1_197' title='bbox 1621 2557 2004 2612; x_wconf 74' lang='lat' dir='ltr'><strong>auxiliatriccm</strong></span> 
     </span>
    </p>
   </div>
   <div class='ocr_carea' id='block_1_26' title="bbox 429 2644 2008 2721">
    <p class='ocr_par' dir='ltr' id='par_1_26' title="bbox 429 2644 2008 2721">
     <span class='ocr_line' id='line_1_26' title="bbox 429 2644 2008 2721; baseline 0.005 -26"><span class='ocrx_word' id='word_1_198' title='bbox 429 2644 707 2698; x_wconf 80' lang='lat' dir='ltr'><strong>maximam</strong></span> <span class='ocrx_word' id='word_1_199' title='bbox 741 2644 1118 2702; x_wconf 86' lang='lat' dir='ltr'><strong>humanitatem</strong></span> <span class='ocrx_word' id='word_1_200' title='bbox 1146 2649 1278 2714; x_wconf 87' lang='lat' dir='ltr'><strong>Dei,</strong></span> <span class='ocrx_word' id='word_1_201' title='bbox 1301 2649 1390 2720; x_wconf 93' lang='lat' dir='ltr'><strong>qui</strong></span> <span class='ocrx_word' id='word_1_202' title='bbox 1413 2664 1599 2721; x_wconf 89' lang='lat' dir='ltr'><strong>preces</strong></span> <span class='ocrx_word' id='word_1_203' title='bbox 1619 2649 1831 2719; x_wconf 90' lang='lat' dir='ltr'><strong>accipit,</strong></span> <span class='ocrx_word' id='word_1_204' title='bbox 1853 2649 2008 2718; x_wconf 84' lang='lat' dir='ltr'><strong>cujus</strong></span> 
     </span>
    </p>
   </div>
   <div class='ocr_carea' id='block_1_27' title="bbox 429 2733 2007 2809">
    <p class='ocr_par' dir='ltr' id='par_1_27' title="bbox 429 2733 2007 2809">
     <span class='ocr_line' id='line_1_27' title="bbox 429 2733 2007 2809; baseline 0.007 -26"><span class='ocrx_word' id='word_1_205' title='bbox 429 2733 628 2788; x_wconf 90' lang='lat' dir='ltr'><strong>viribus</strong></span> <span class='ocrx_word' id='word_1_206' title='bbox 650 2737 827 2790; x_wconf 90' lang='lat' dir='ltr'><strong>omnia</strong></span> <span class='ocrx_word' id='word_1_207' title='bbox 859 2738 1011 2805; x_wconf 80' lang='lat' dir='ltr'><strong>fiunt,</strong></span> <span class='ocrx_word' id='word_1_208' title='bbox 1037 2750 1088 2793; x_wconf 89' lang='lat' dir='ltr'><strong>et</strong></span> <span class='ocrx_word' id='word_1_209' title='bbox 1116 2755 1234 2809; x_wconf 71' lang='lat' dir='ltr'><strong>qum</strong></span> <span class='ocrx_word' id='word_1_210' title='bbox 1255 2742 1547 2794; x_wconf 89' lang='lat' dir='ltr'><strong>orationem</strong></span> <span class='ocrx_word' id='word_1_211' title='bbox 1583 2741 1855 2794; x_wconf 79' lang='lat' dir='ltr'><strong>efficacem</strong></span> <span class='ocrx_word' id='word_1_212' title='bbox 1882 2740 2007 2794; x_wconf 84' lang='lat' dir='ltr'><strong>red-</strong></span> 
     </span>
    </p>
   </div>
   <div class='ocr_carea' id='block_1_28' title="bbox 432 2823 2009 2897">
    <p class='ocr_par' dir='ltr' id='par_1_28' title="bbox 432 2823 2009 2897">
     <span class='ocr_line' id='line_1_28' title="bbox 432 2823 2009 2897; baseline 0.006 -21"><span class='ocrx_word' id='word_1_213' title='bbox 432 2823 589 2879; x_wconf 88' lang='lat' dir='ltr'><strong>didit.</strong></span> <span class='ocrx_word' id='word_1_214' title='bbox 621 2825 674 2879; x_wconf 91' lang='lat' dir='ltr'><strong>ld</strong></span> <span class='ocrx_word' id='word_1_215' title='bbox 724 2827 882 2897; x_wconf 80' lang='lat' dir='ltr'><strong>igitur</strong></span> <span class='ocrx_word' id='word_1_216' title='bbox 922 2829 1266 2885; x_wconf 90' lang='lat' dir='ltr'><strong>subindicans</strong></span> <span class='ocrx_word' id='word_1_217' title='bbox 1289 2871 1306 2897; x_wconf 89' lang='lat'><strong>,</strong></span> <span class='ocrx_word' id='word_1_218' title='bbox 1333 2831 1484 2896; x_wconf 80' lang='lat' dir='ltr'><strong>dixit,</strong></span> <span class='ocrx_word' id='word_1_219' title='bbox 1511 2830 1748 2886; x_wconf 78' lang='lat' dir='ltr'><strong>Misenus</strong></span> <span class='ocrx_word' id='word_1_220' title='bbox 1777 2830 2009 2885; x_wconf 87' lang='lat' dir='ltr'><strong>dominus</strong></span> 
     </span>
    </p>
   </div>
   <div class='ocr_carea' id='block_1_29' title="bbox 429 2915 2012 2988">
    <p class='ocr_par' dir='ltr' id='par_1_29' title="bbox 429 2915 2012 2988">
     <span class='ocr_line' id='line_1_29' title="bbox 429 2915 2012 2988; baseline 0.006 -20"><span class='ocrx_word' id='word_1_221' title='bbox 429 2915 538 2983; x_wconf 86' lang='lat' dir='ltr'><strong>ejus</strong></span> <span class='ocrx_word' id='word_1_222' title='bbox 558 2916 768 2972; x_wconf 81' lang='lat' dir='ltr'><strong>absolvit</strong></span> <span class='ocrx_word' id='word_1_223' title='bbox 788 2935 922 2988; x_wconf 91' lang='lat' dir='ltr'><strong>eum,</strong></span> <span class='ocrx_word' id='word_1_224' title='bbox 951 2934 997 2974; x_wconf 87' lang='lat' dir='ltr'><strong>et</strong></span> <span class='ocrx_word' id='word_1_225' title='bbox 1016 2937 1084 2975; x_wconf 81' lang='lat' dir='ltr'><strong>ws</strong></span> <span class='ocrx_word' id='word_1_226' title='bbox 1109 2921 1327 2975; x_wconf 85' lang='lat' dir='ltr'><strong>alienum</strong></span> <span class='ocrx_word' id='word_1_227' title='bbox 1347 2923 1534 2975; x_wconf 78' lang='lat' dir='ltr'><strong>remisit</strong></span> <span class='ocrx_word' id='word_1_228' title='bbox 1553 2923 1596 2977; x_wconf 89' lang='lat' dir='ltr'><strong>ei</strong></span> <span class='ocrx_word' id='word_1_229' title='bbox 1621 2938 1640 2976; x_wconf 92' lang='lat'><strong><em>:</em></strong></span> <span class='ocrx_word' id='word_1_230' title='bbox 1661 2933 1714 2977; x_wconf 90' lang='lat' dir='ltr'><strong>ut</strong></span> <span class='ocrx_word' id='word_1_231' title='bbox 1744 2922 1938 2988; x_wconf 88' lang='lat' dir='ltr'><strong>discas,</strong></span> <span class='ocrx_word' id='word_1_232' title='bbox 1957 2931 2012 2977; x_wconf 91' lang='lat' dir='ltr'><strong>et</strong></span> 
     </span>
    </p>
   </div>
   <div class='ocr_carea' id='block_1_30' title="bbox 434 3011 2008 3079">
    <p class='ocr_par' dir='ltr' id='par_1_30' title="bbox 434 3011 2008 3079">
     <span class='ocr_line' id='line_1_30' title="bbox 434 3011 2008 3079; baseline 0.007 -24"><span class='ocrx_word' id='word_1_233' title='bbox 434 3015 553 3073; x_wconf 91' lang='lat' dir='ltr'><strong>post</strong></span> <span class='ocrx_word' id='word_1_234' title='bbox 592 3021 796 3074; x_wconf 88' lang='lat' dir='ltr'><strong>preces,</strong></span> <span class='ocrx_word' id='word_1_235' title='bbox 829 3017 882 3063; x_wconf 91' lang='lat' dir='ltr'><strong>et</strong></span> <span class='ocrx_word' id='word_1_236' title='bbox 927 3019 1050 3065; x_wconf 91' lang='lat' dir='ltr'><strong>ante</strong></span> <span class='ocrx_word' id='word_1_237' title='bbox 1094 3025 1280 3079; x_wconf 87' lang='lat' dir='ltr'><strong>preces</strong></span> <span class='ocrx_word' id='word_1_238' title='bbox 1330 3011 1530 3066; x_wconf 87' lang='lat' dir='ltr'><strong>domini</strong></span> <span class='ocrx_word' id='word_1_239' title='bbox 1584 3013 1786 3068; x_wconf 83' lang='lat' dir='ltr'><strong>viscera</strong></span> <span class='ocrx_word' id='word_1_240' title='bbox 1841 3021 2008 3066; x_wconf 89' lang='lat' dir='ltr'><strong>totum</strong></span> 
     </span>
    </p>
   </div>
   <div class='ocr_carea' id='block_1_31' title="bbox 431 3102 2011 3174">
    <p class='ocr_par' dir='ltr' id='par_1_31' title="bbox 431 3102 2011 3174">
     <span class='ocr_line' id='line_1_31' title="bbox 431 3102 2011 3174; baseline 0.001 -17"><span class='ocrx_word' id='word_1_241' title='bbox 431 3103 562 3157; x_wconf 89' lang='lat' dir='ltr'><strong>illttd</strong></span> <span class='ocrx_word' id='word_1_242' title='bbox 615 3103 881 3174; x_wconf 75' lang='lat' dir='ltr'><strong>negotium</strong></span> <span class='ocrx_word' id='word_1_243' title='bbox 925 3103 1130 3158; x_wconf 81' lang='lat' dir='ltr'><strong>fecisse.</strong></span> <span class='ocrx_word' id='word_1_244' title='bbox 1186 3102 1431 3174; x_wconf 84' lang='lat' dir='ltr'><strong>Egressus</strong></span> <span class='ocrx_word' id='word_1_245' title='bbox 1475 3113 1639 3158; x_wconf 86' lang='lat' dir='ltr'><strong>autem</strong></span> <span class='ocrx_word' id='word_1_246' title='bbox 1688 3105 1776 3161; x_wconf 84' lang='lat' dir='ltr'><strong>ille</strong></span> <span class='ocrx_word' id='word_1_247' title='bbox 1826 3105 2011 3159; x_wconf 85' lang='lat' dir='ltr'><strong>invenit</strong></span> 
     </span>
    </p>
   </div>
   <div class='ocr_carea' id='block_1_32' title="bbox 435 3197 2012 3268">
    <p class='ocr_par' dir='ltr' id='par_1_32' title="bbox 435 3197 2012 3268">
     <span class='ocr_line' id='line_1_32' title="bbox 435 3197 2012 3268; baseline 0.004 -21"><span class='ocrx_word' id='word_1_248' title='bbox 435 3208 592 3250; x_wconf 77' lang='lat' dir='ltr'><strong>unum</strong></span> <span class='ocrx_word' id='word_1_249' title='bbox 632 3211 980 3250; x_wconf 85' lang='lat' dir='ltr'><strong>conservorum</strong></span> <span class='ocrx_word' id='word_1_250' title='bbox 1023 3212 1251 3262; x_wconf 89' lang='lat' dir='ltr'><strong>suorum,</strong></span> <span class='ocrx_word' id='word_1_251' title='bbox 1297 3198 1384 3266; x_wconf 92' lang='lat' dir='ltr'><strong>qui</strong></span> <span class='ocrx_word' id='word_1_252' title='bbox 1428 3197 1527 3268; x_wconf 87' lang='lat' dir='ltr'><strong>ipsi</strong></span> <span class='ocrx_word' id='word_1_253' title='bbox 1562 3197 1764 3252; x_wconf 83' lang='lat' dir='ltr'><strong>debebat</strong></span> <span class='ocrx_word' id='word_1_254' title='bbox 1813 3209 2012 3254; x_wconf 81' lang='lat' dir='ltr'><strong>centum</strong></span> 
     </span>
    </p>
   </div>
   <div class='ocr_carea' id='block_1_33' title="bbox 429 3281 2012 3363">
    <p class='ocr_par' dir='ltr' id='par_1_33' title="bbox 429 3281 2012 3363">
     <span class='ocr_line' id='line_1_33' title="bbox 429 3281 2012 3363; baseline 0.004 -23"><span class='ocrx_word' id='word_1_255' title='bbox 429 3289 666 3343; x_wconf 78' lang='lat' dir='ltr'><strong>denarios</strong></span> <span class='ocrx_word' id='word_1_256' title='bbox 685 3329 698 3352; x_wconf 88' lang='lat'><strong>,</strong></span> <span class='ocrx_word' id='word_1_257' title='bbox 725 3298 771 3342; x_wconf 84' lang='lat' dir='ltr'><strong>et</strong></span> <span class='ocrx_word' id='word_1_258' title='bbox 809 3281 978 3343; x_wconf 82' lang='lat' dir='ltr'><strong>tenens</strong></span> <span class='ocrx_word' id='word_1_259' title='bbox 1004 3287 1280 3354; x_wconf 66' lang='lat' dir='ltr'><strong>su/I‘ocabat</strong></span> <span class='ocrx_word' id='word_1_260' title='bbox 1305 3306 1416 3344; x_wconf 89' lang='lat' dir='ltr'><strong>eum</strong></span> <span class='ocrx_word' id='word_1_261' title='bbox 1443 3291 1614 3344; x_wconf 85' lang='lat' dir='ltr'><strong>dicens</strong></span> <span class='ocrx_word' id='word_1_262' title='bbox 1640 3308 1659 3344; x_wconf 84' lang='lat'><em>:</em></span> <span class='ocrx_word' id='word_1_263' title='bbox 1685 3291 1858 3346; x_wconf 84' lang='lat' dir='ltr'><strong>Redde</strong></span> <span class='ocrx_word' id='word_1_264' title='bbox 1879 3294 2012 3363; x_wconf 86' lang='lat' dir='ltr'><strong>quod</strong></span> 
     </span>
    </p>
   </div>
   <div class='ocr_carea' id='block_1_34' title="bbox 431 3377 2013 3452">
    <p class='ocr_par' dir='ltr' id='par_1_34' title="bbox 431 3377 2013 3452">
     <span class='ocr_line' id='line_1_34' title="bbox 431 3377 2013 3452; baseline 0.004 -22"><span class='ocrx_word' id='word_1_265' title='bbox 431 3377 579 3432; x_wconf 80' lang='lat' dir='ltr'><strong>debes</strong></span> <span class='ocrx_word' id='word_1_266' title='bbox 606 3377 821 3448; x_wconf 79' lang='lat' dir='ltr'><strong>(Matth.</strong></span> <span class='ocrx_word' id='word_1_267' title='bbox 850 3379 933 3433; x_wconf 83' lang='grc'><strong>18.</strong></span> <span class='ocrx_word' id='word_1_268' title='bbox 961 3377 1076 3450; x_wconf 72' lang='lat'><strong>28).</strong></span> <span class='ocrx_word' id='word_1_269' title='bbox 1109 3379 1246 3447; x_wconf 88' lang='lat' dir='ltr'><strong>Quid</strong></span> <span class='ocrx_word' id='word_1_270' title='bbox 1302 3380 1575 3434; x_wconf 87' lang='lat' dir='ltr'><strong>scelestius</strong></span> <span class='ocrx_word' id='word_1_271' title='bbox 1632 3381 1744 3436; x_wconf 87' lang='lat' dir='ltr'><strong>fieri</strong></span> <span class='ocrx_word' id='word_1_272' title='bbox 1798 3383 2013 3452; x_wconf 88' lang='lat' dir='ltr'><strong>potest?</strong></span> 
     </span>
    </p>
   </div>
   <div class='ocr_carea' id='block_1_35' title="bbox 436 3469 2010 3545">
    <p class='ocr_par' dir='ltr' id='par_1_35' title="bbox 436 3469 2010 3545">
     <span class='ocr_line' id='line_1_35' title="bbox 436 3469 2010 3545; baseline 0.004 -22"><span class='ocrx_word' id='word_1_273' title='bbox 436 3469 624 3525; x_wconf 84' lang='lat' dir='ltr'><strong>Adhuc</strong></span> <span class='ocrx_word' id='word_1_274' title='bbox 651 3470 794 3526; x_wconf 93' lang='lat' dir='ltr'><strong>enim</strong></span> <span class='ocrx_word' id='word_1_275' title='bbox 819 3471 1061 3528; x_wconf 89' lang='lat' dir='ltr'><strong>benelicii</strong></span> <span class='ocrx_word' id='word_1_276' title='bbox 1092 3486 1277 3527; x_wconf 90' lang='lat' dir='ltr'><strong>vocem</strong></span> <span class='ocrx_word' id='word_1_277' title='bbox 1308 3471 1361 3527; x_wconf 93' lang='lat' dir='ltr'><strong>in</strong></span> <span class='ocrx_word' id='word_1_278' title='bbox 1389 3471 1607 3528; x_wconf 89' lang='lat' dir='ltr'><strong>auribus</strong></span> <span class='ocrx_word' id='word_1_279' title='bbox 1635 3488 1847 3545; x_wconf 80' lang='lat' dir='ltr'><strong>gerens,</strong></span> <span class='ocrx_word' id='word_1_280' title='bbox 1875 3474 2010 3530; x_wconf 86' lang='lat' dir='ltr'><strong>obli-</strong></span> 
     </span>
    </p>
   </div>
   <div class='ocr_carea' id='block_1_36' title="bbox 417 3561 1141 3619">
    <p class='ocr_par' dir='ltr' id='par_1_36' title="bbox 417 3561 1141 3619">
     <span class='ocr_line' id='line_1_36' title="bbox 417 3561 1141 3619; baseline 0.004 -6"><span class='ocrx_word' id='word_1_281' title='bbox 417 3569 518 3616; x_wconf 71' lang='lat' dir='ltr'><strong>Ltus</strong></span> <span class='ocrx_word' id='word_1_282' title='bbox 546 3571 626 3617; x_wconf 90' lang='lat' dir='ltr'><strong>est</strong></span> <span class='ocrx_word' id='word_1_283' title='bbox 657 3561 847 3619; x_wconf 86' lang='lat' dir='ltr'><strong>herilis</strong></span> <span class='ocrx_word' id='word_1_284' title='bbox 875 3563 1141 3618; x_wconf 80' lang='lat' dir='ltr'><strong>bonitatis.</strong></span> 
     </span>
    </p>
   </div>
   <div class='ocr_carea' id='block_1_37' title="bbox 494 3656 2010 3728">
    <p class='ocr_par' dir='ltr' id='par_1_37' title="bbox 494 3656 2010 3728">
     <span class='ocr_line' id='line_1_37' title="bbox 494 3656 2010 3728; baseline 0.002 -19"><span class='ocrx_word' id='word_1_285' title='bbox 494 3656 559 3709; x_wconf 65' lang='grc' dir='ltr'><strong>Π.</strong></span> <span class='ocrx_word' id='word_1_286' title='bbox 601 3656 678 3711; x_wconf 83' lang='lat' dir='ltr'><strong>En</strong></span> <span class='ocrx_word' id='word_1_287' title='bbox 718 3665 970 3728; x_wconf 83' lang='lat' dir='ltr'><strong>quantum</strong></span> <span class='ocrx_word' id='word_1_288' title='bbox 1023 3658 1218 3711; x_wconf 87' lang='lat' dir='ltr'><strong>bonum</strong></span> <span class='ocrx_word' id='word_1_289' title='bbox 1271 3666 1354 3712; x_wconf 89' lang='lat' dir='ltr'><strong>est</strong></span> <span class='ocrx_word' id='word_1_290' title='bbox 1399 3669 1737 3728; x_wconf 85' lang='lat' dir='ltr'><strong>peccatorum</strong></span> <span class='ocrx_word' id='word_1_291' title='bbox 1793 3674 2010 3714; x_wconf 78' lang='lat' dir='ltr'><strong>suorum</strong></span> 
     </span>
    </p>
   </div>
   <div class='ocr_carea' id='block_1_38' title="bbox 426 3749 2011 3821">
    <p class='ocr_par' dir='ltr' id='par_1_38' title="bbox 426 3749 2011 3821">
     <span class='ocr_line' id='line_1_38' title="bbox 426 3749 2011 3821; baseline 0.003 -20"><span class='ocrx_word' id='word_1_292' title='bbox 426 3749 747 3803; x_wconf 70' lang='lat' dir='ltr'><strong>meminisse</strong></span> <span class='ocrx_word' id='word_1_293' title='bbox 777 3766 793 3803; x_wconf 87' lang='lat'>:</span> <span class='ocrx_word' id='word_1_294' title='bbox 825 3749 868 3804; x_wconf 88' lang='lat' dir='ltr'><strong>si</strong></span> <span class='ocrx_word' id='word_1_295' title='bbox 898 3750 1037 3804; x_wconf 90' lang='lat' dir='ltr'><strong>enim</strong></span> <span class='ocrx_word' id='word_1_296' title='bbox 1086 3750 1171 3806; x_wconf 85' lang='lat' dir='ltr'><strong>hic</strong></span> <span class='ocrx_word' id='word_1_297' title='bbox 1210 3762 1464 3821; x_wconf 84' lang='lat' dir='ltr'><strong>perpetuo</strong></span> <span class='ocrx_word' id='word_1_298' title='bbox 1493 3769 1674 3808; x_wconf 91' lang='lat' dir='ltr'><strong>eorum</strong></span> <span class='ocrx_word' id='word_1_299' title='bbox 1701 3753 2011 3807; x_wconf 90' lang='lat' dir='ltr'><strong>memoriam</strong></span> 
     </span>
    </p>
   </div>
   <div class='ocr_carea' id='block_1_39' title="bbox 430 3841 2009 3908">
    <p class='ocr_par' dir='ltr' id='par_1_39' title="bbox 430 3841 2009 3908">
     <span class='ocr_line' id='line_1_39' title="bbox 430 3841 2009 3908; baseline 0.004 -16"><span class='ocrx_word' id='word_1_300' title='bbox 430 3841 766 3908; x_wconf 65' lang='lat' dir='ltr'><strong>retinuisset,</strong></span> <span class='ocrx_word' id='word_1_301' title='bbox 793 3857 895 3896; x_wconf 91' lang='lat' dir='ltr'><strong>non</strong></span> <span class='ocrx_word' id='word_1_302' title='bbox 927 3850 1031 3896; x_wconf 90' lang='lat' dir='ltr'><strong>tam</strong></span> <span class='ocrx_word' id='word_1_303' title='bbox 1055 3843 1198 3898; x_wconf 90' lang='lat' dir='ltr'><strong>ferus</strong></span> <span class='ocrx_word' id='word_1_304' title='bbox 1247 3855 1300 3898; x_wconf 88' lang='lat' dir='ltr'><strong>et</strong></span> <span class='ocrx_word' id='word_1_305' title='bbox 1323 3846 1573 3900; x_wconf 89' lang='lat' dir='ltr'><strong>immanis</strong></span> <span class='ocrx_word' id='word_1_306' title='bbox 1609 3846 1778 3900; x_wconf 81' lang='lat' dir='ltr'><strong>factus</strong></span> <span class='ocrx_word' id='word_1_307' title='bbox 1805 3846 2009 3900; x_wconf 84' lang='lat' dir='ltr'><strong>fuisset.</strong></span> 
     </span>
    </p>
   </div>
   <div class='ocr_carea' id='block_1_40' title="bbox 442 3931 2016 4003">
    <p class='ocr_par' dir='ltr' id='par_1_40' title="bbox 442 3931 2016 4003">
     <span class='ocr_line' id='line_1_40' title="bbox 442 3931 2016 4003; baseline 0.003 -19"><span class='ocrx_word' id='word_1_308' title='bbox 442 3931 724 4000; x_wconf 75' lang='lat' dir='ltr'><strong>Dropterea</strong></span> <span class='ocrx_word' id='word_1_309' title='bbox 743 3933 957 3988; x_wconf 88' lang='lat' dir='ltr'><strong>assidue</strong></span> <span class='ocrx_word' id='word_1_310' title='bbox 976 3933 1095 3988; x_wconf 93' lang='lat' dir='ltr'><strong>dico</strong></span> <span class='ocrx_word' id='word_1_311' title='bbox 1110 3977 1124 4001; x_wconf 95' lang='lat'><strong>,</strong></span> <span class='ocrx_word' id='word_1_312' title='bbox 1144 3949 1244 3990; x_wconf 86' lang='lat' dir='ltr'><strong>nec</strong></span> <span class='ocrx_word' id='word_1_313' title='bbox 1267 3938 1504 3991; x_wconf 89' lang='lat' dir='ltr'><strong>omittam</strong></span> <span class='ocrx_word' id='word_1_314' title='bbox 1527 3937 1727 4003; x_wconf 85' lang='lat' dir='ltr'><strong>dicere,</strong></span> <span class='ocrx_word' id='word_1_315' title='bbox 1757 3939 1909 3991; x_wconf 82' lang='lat' dir='ltr'><strong>valde</strong></span> <span class='ocrx_word' id='word_1_316' title='bbox 1928 3944 2016 3991; x_wconf 88' lang='lat' dir='ltr'><strong>est</strong></span> 
     </span>
    </p>
   </div>
   <div class='ocr_carea' id='block_1_41' title="bbox 440 4025 2012 4095">
    <p class='ocr_par' dir='ltr' id='par_1_41' title="bbox 440 4025 2012 4095">
     <span class='ocr_line' id='line_1_41' title="bbox 440 4025 2012 4095; baseline 0.004 -20"><span class='ocrx_word' id='word_1_317' title='bbox 440 4025 568 4079; x_wconf 88' lang='lat' dir='ltr'><strong>utile</strong></span> <span class='ocrx_word' id='word_1_318' title='bbox 595 4034 650 4078; x_wconf 89' lang='lat' dir='ltr'><strong>et</strong></span> <span class='ocrx_word' id='word_1_319' title='bbox 690 4027 1050 4080; x_wconf 90' lang='lat' dir='ltr'><strong>necessarium</strong></span> <span class='ocrx_word' id='word_1_320' title='bbox 1099 4036 1355 4095; x_wconf 89' lang='lat' dir='ltr'><strong>perpetuo</strong></span> <span class='ocrx_word' id='word_1_321' title='bbox 1393 4027 1659 4082; x_wconf 88' lang='lat' dir='ltr'><strong>recordari</strong></span> <span class='ocrx_word' id='word_1_322' title='bbox 1702 4027 2012 4083; x_wconf 88' lang='lat' dir='ltr'><strong>de&#39;ictornm</strong></span> 
     </span>
    </p>
   </div>
   <div class='ocr_carea' id='block_1_42' title="bbox 439 4114 2012 4186">
    <p class='ocr_par' dir='ltr' id='par_1_42' title="bbox 439 4114 2012 4186">
     <span class='ocr_line' id='line_1_42' title="bbox 439 4114 2012 4186; baseline 0.005 -20"><span class='ocrx_word' id='word_1_323' title='bbox 439 4115 674 4168; x_wconf 88' lang='lat' dir='ltr'><strong>omnium</strong></span> <span class='ocrx_word' id='word_1_324' title='bbox 706 4133 716 4168; x_wconf 93' lang='lat'><strong>:</strong></span> <span class='ocrx_word' id='word_1_325' title='bbox 749 4114 878 4169; x_wconf 90' lang='lat' dir='ltr'><strong>nihil</strong></span> <span class='ocrx_word' id='word_1_326' title='bbox 906 4117 1046 4170; x_wconf 88' lang='lat' dir='ltr'><strong>enim</strong></span> <span class='ocrx_word' id='word_1_327' title='bbox 1072 4117 1140 4170; x_wconf 92' lang='lat' dir='ltr'><strong>ita</strong></span> <span class='ocrx_word' id='word_1_328' title='bbox 1171 4129 1314 4172; x_wconf 87' lang='lat' dir='ltr'><strong>reete</strong></span> <span class='ocrx_word' id='word_1_329' title='bbox 1341 4119 1658 4186; x_wconf 87' lang='lat' dir='ltr'><strong>institutam,</strong></span> <span class='ocrx_word' id='word_1_330' title='bbox 1688 4121 2012 4175; x_wconf 69' lang='lat' dir='ltr'><strong>tractabilem</strong></span> 
     </span>
    </p>
   </div>
   <div class='ocr_carea' id='block_1_43' title="bbox 439 4206 2014 4281">
    <p class='ocr_par' dir='ltr' id='par_1_43' title="bbox 439 4206 2014 4281">
     <span class='ocr_line' id='line_1_43' title="bbox 439 4206 2014 4281; baseline 0.004 -22"><span class='ocrx_word' id='word_1_331' title='bbox 439 4213 495 4259; x_wconf 91' lang='lat' dir='ltr'><strong>et</strong></span> <span class='ocrx_word' id='word_1_332' title='bbox 516 4206 696 4260; x_wconf 91' lang='lat' dir='ltr'><strong>mitem</strong></span> <span class='ocrx_word' id='word_1_333' title='bbox 713 4206 943 4261; x_wconf 89' lang='lat' dir='ltr'><strong>animam</strong></span> <span class='ocrx_word' id='word_1_334' title='bbox 967 4206 1140 4264; x_wconf 89' lang='lat' dir='ltr'><strong>facere</strong></span> <span class='ocrx_word' id='word_1_335' title='bbox 1159 4219 1510 4281; x_wconf 85' lang='lat' dir='ltr'><strong>putest,quam</strong></span> <span class='ocrx_word' id='word_1_336' title='bbox 1530 4222 1780 4280; x_wconf 90' lang='lat' dir='ltr'><strong>perpetua</strong></span> <span class='ocrx_word' id='word_1_337' title='bbox 1794 4212 2014 4266; x_wconf 88' lang='lat' dir='ltr'><strong>delicto-</strong></span> 
     </span>
    </p>
   </div>
   <div class='ocr_carea' id='block_1_44' title="bbox 440 4296 2012 4370">
    <p class='ocr_par' dir='ltr' id='par_1_44' title="bbox 440 4296 2012 4370">
     <span class='ocr_line' id='line_1_44' title="bbox 440 4296 2012 4370; baseline 0.005 -22"><span class='ocrx_word' id='word_1_338' title='bbox 440 4310 558 4350; x_wconf 85' lang='lat' dir='ltr'><strong>rum</strong></span> <span class='ocrx_word' id='word_1_339' title='bbox 581 4296 895 4352; x_wconf 88' lang='lat' dir='ltr'><strong>recordatio.</strong></span> <span class='ocrx_word' id='word_1_340' title='bbox 914 4297 1037 4353; x_wconf 91' lang='lat' dir='ltr'><strong>Ideo</strong></span> <span class='ocrx_word' id='word_1_341' title='bbox 1063 4307 1116 4354; x_wconf 90' lang='lat' dir='ltr'><strong>ct</strong></span> <span class='ocrx_word' id='word_1_342' title='bbox 1141 4299 1335 4354; x_wconf 57' lang='lat' dir='ltr'><strong>Paulus</strong></span> <span class='ocrx_word' id='word_1_343' title='bbox 1352 4317 1462 4355; x_wconf 85' lang='lat' dir='ltr'><strong>non</strong></span> <span class='ocrx_word' id='word_1_344' title='bbox 1483 4303 1654 4356; x_wconf 83' lang='lat' dir='ltr'><strong>solum</strong></span> <span class='ocrx_word' id='word_1_345' title='bbox 1680 4312 2012 4370; x_wconf 66' lang='lat' dir='ltr'><strong>peccatorum</strong></span> 
     </span>
    </p>
   </div>
   <div class='ocr_carea' id='block_1_45' title="bbox 437 4393 2013 4465">
    <p class='ocr_par' dir='ltr' id='par_1_45' title="bbox 437 4393 2013 4465">
     <span class='ocr_line' id='line_1_45' title="bbox 437 4393 2013 4465; baseline 0.003 -20"><span class='ocrx_word' id='word_1_346' title='bbox 437 4405 640 4456; x_wconf 88' lang='lat' dir='ltr'><strong>eorum,</strong></span> <span class='ocrx_word' id='word_1_347' title='bbox 666 4403 784 4462; x_wconf 78' lang='lat' dir='ltr'><strong>qua:</strong></span> <span class='ocrx_word' id='word_1_348' title='bbox 809 4401 932 4448; x_wconf 89' lang='lat' dir='ltr'><strong>ante</strong></span> <span class='ocrx_word' id='word_1_349' title='bbox 974 4393 1262 4459; x_wconf 85' lang='lat' dir='ltr'><strong>lavacrum,</strong></span> <span class='ocrx_word' id='word_1_350' title='bbox 1295 4394 1386 4449; x_wconf 92' lang='lat' dir='ltr'><strong>sed</strong></span> <span class='ocrx_word' id='word_1_351' title='bbox 1429 4395 1586 4450; x_wconf 90' lang='lat' dir='ltr'><strong>etiam</strong></span> <span class='ocrx_word' id='word_1_352' title='bbox 1618 4411 1735 4465; x_wconf 76' lang='lat' dir='ltr'><strong>qum</strong></span> <span class='ocrx_word' id='word_1_353' title='bbox 1774 4405 1894 4465; x_wconf 89' lang='lat' dir='ltr'><strong>post</strong></span> <span class='ocrx_word' id='word_1_354' title='bbox 1921 4397 2013 4450; x_wconf 85' lang='lat' dir='ltr'><strong>ha-</strong></span> 
     </span>
    </p>
   </div>
   <div class='ocr_carea' id='block_1_46' title="bbox 436 4483 2013 4558">
    <p class='ocr_par' dir='ltr' id='par_1_46' title="bbox 436 4483 2013 4558">
     <span class='ocr_line' id='line_1_46' title="bbox 436 4483 2013 4558; baseline 0.004 -22"><span class='ocrx_word' id='word_1_355' title='bbox 436 4483 688 4551; x_wconf 88' lang='lat' dir='ltr'><strong>ptismum</strong></span> <span class='ocrx_word' id='word_1_356' title='bbox 710 4487 996 4542; x_wconf 89' lang='lat' dir='ltr'><strong>commissa</strong></span> <span class='ocrx_word' id='word_1_357' title='bbox 1019 4495 1190 4553; x_wconf 89' lang='lat' dir='ltr'><strong>erant,</strong></span> <span class='ocrx_word' id='word_1_358' title='bbox 1215 4502 1420 4542; x_wconf 85' lang='lat' dir='ltr'><strong>memor</strong></span> <span class='ocrx_word' id='word_1_359' title='bbox 1448 4487 1562 4552; x_wconf 93' lang='lat' dir='ltr'><strong>fuit,</strong></span> <span class='ocrx_word' id='word_1_360' title='bbox 1579 4490 1819 4558; x_wconf 81' lang='lat' dir='ltr'><strong>quamvis</strong></span> <span class='ocrx_word' id='word_1_361' title='bbox 1848 4489 2013 4543; x_wconf 86' lang='lat' dir='ltr'><strong>semel</strong></span> 
     </span>
    </p>
   </div>
   <div class='ocr_carea' id='block_1_47' title="bbox 437 4577 2015 4638">
    <p class='ocr_par' dir='ltr' id='par_1_47' title="bbox 437 4577 2015 4638">
     <span class='ocr_line' id='line_1_47' title="bbox 437 4577 2015 4638; baseline 0.004 -8"><span class='ocrx_word' id='word_1_362' title='bbox 437 4577 616 4630; x_wconf 88' lang='lat' dir='ltr'><strong>omnia</strong></span> <span class='ocrx_word' id='word_1_363' title='bbox 667 4587 718 4631; x_wconf 85' lang='lat' dir='ltr'><strong>et</strong></span> <span class='ocrx_word' id='word_1_364' title='bbox 769 4577 938 4634; x_wconf 84' lang='lat' dir='ltr'><strong>deleta</strong></span> <span class='ocrx_word' id='word_1_365' title='bbox 982 4588 1035 4634; x_wconf 88' lang='lat' dir='ltr'><strong>et</strong></span> <span class='ocrx_word' id='word_1_366' title='bbox 1081 4582 1338 4636; x_wconf 82' lang='lat' dir='ltr'><strong>exstincta</strong></span> <span class='ocrx_word' id='word_1_367' title='bbox 1379 4590 1578 4636; x_wconf 86' lang='lat' dir='ltr'><strong>essent.</strong></span> <span class='ocrx_word' id='word_1_368' title='bbox 1607 4581 1661 4638; x_wconf 91' lang='lat' dir='ltr'><strong>Si</strong></span> <span class='ocrx_word' id='word_1_369' title='bbox 1707 4591 1881 4637; x_wconf 91' lang='lat' dir='ltr'><strong>autem</strong></span> <span class='ocrx_word' id='word_1_370' title='bbox 1927 4583 2015 4637; x_wconf 91' lang='lat' dir='ltr'><strong>ille</strong></span> 
     </span>
    </p>
   </div>
   <div class='ocr_carea' id='block_1_48' title="bbox 439 4669 2010 4742">
    <p class='ocr_par' dir='ltr' id='par_1_48' title="bbox 439 4669 2010 4742">
     <span class='ocr_line' id='line_1_48' title="bbox 439 4669 2010 4742; baseline 0.004 -22"><span class='ocrx_word' id='word_1_371' title='bbox 439 4681 625 4720; x_wconf 89' lang='lat' dir='ltr'><strong>eorum</strong></span> <span class='ocrx_word' id='word_1_372' title='bbox 655 4706 673 4735; x_wconf 96' lang='lat'><strong>,</strong></span> <span class='ocrx_word' id='word_1_373' title='bbox 700 4683 819 4737; x_wconf 71' lang='lat' dir='ltr'><strong>quae</strong></span> <span class='ocrx_word' id='word_1_374' title='bbox 846 4678 967 4724; x_wconf 86' lang='lat' dir='ltr'><strong>ante</strong></span> <span class='ocrx_word' id='word_1_375' title='bbox 993 4669 1310 4739; x_wconf 80' lang='lat' dir='ltr'><strong>baptismum</strong></span> <span class='ocrx_word' id='word_1_376' title='bbox 1338 4681 1611 4742; x_wconf 90' lang='lat' dir='ltr'><strong>gesserat,</strong></span> <span class='ocrx_word' id='word_1_377' title='bbox 1650 4687 1856 4728; x_wconf 90' lang='lat' dir='ltr'><strong>memor</strong></span> <span class='ocrx_word' id='word_1_378' title='bbox 1895 4674 2010 4738; x_wconf 88' lang='lat' dir='ltr'><strong>fuit,</strong></span> 
     </span>
    </p>
   </div>
   <div class='ocr_carea' id='block_1_49' title="bbox 440 4758 2012 4832">
    <p class='ocr_par' dir='ltr' id='par_1_49' title="bbox 440 4758 2012 4832">
     <span class='ocr_line' id='line_1_49' title="bbox 440 4758 2012 4832; baseline 0.006 -23"><span class='ocrx_word' id='word_1_379' title='bbox 440 4758 610 4811; x_wconf 89' lang='lat' dir='ltr'><strong>nmlto</strong></span> <span class='ocrx_word' id='word_1_380' title='bbox 639 4759 806 4828; x_wconf 90' lang='lat' dir='ltr'><strong>magis</strong></span> <span class='ocrx_word' id='word_1_381' title='bbox 836 4776 948 4823; x_wconf 88' lang='lat' dir='ltr'><strong>nos,</strong></span> <span class='ocrx_word' id='word_1_382' title='bbox 978 4776 1096 4828; x_wconf 72' lang='lat' dir='ltr'><strong>qua:</strong></span> <span class='ocrx_word' id='word_1_383' title='bbox 1135 4771 1256 4830; x_wconf 88' lang='lat' dir='ltr'><strong>post</strong></span> <span class='ocrx_word' id='word_1_384' title='bbox 1295 4763 1612 4832; x_wconf 84' lang='lat' dir='ltr'><strong>baptismum</strong></span> <span class='ocrx_word' id='word_1_385' title='bbox 1641 4774 1754 4819; x_wconf 91' lang='lat' dir='ltr'><strong>acta</strong></span> <span class='ocrx_word' id='word_1_386' title='bbox 1782 4773 1935 4830; x_wconf 90' lang='lat' dir='ltr'><strong>sunt,</strong></span> <span class='ocrx_word' id='word_1_387' title='bbox 1961 4766 2012 4818; x_wconf 92' lang='lat' dir='ltr'><strong>iu</strong></span> 
     </span>
    </p>
   </div>
   <div class='ocr_carea' id='block_1_50' title="bbox 442 4849 2014 4917">
    <p class='ocr_par' dir='ltr' id='par_1_50' title="bbox 442 4849 2014 4917">
     <span class='ocr_line' id='line_1_50' title="bbox 442 4849 2014 4917; baseline 0.007 -18"><span class='ocrx_word' id='word_1_388' title='bbox 442 4849 699 4902; x_wconf 87' lang='lat' dir='ltr'><strong>memoria</strong></span> <span class='ocrx_word' id='word_1_389' title='bbox 753 4853 984 4904; x_wconf 88' lang='lat' dir='ltr'><strong>retinere</strong></span> <span class='ocrx_word' id='word_1_390' title='bbox 1031 4851 1455 4917; x_wconf 90' lang='lat' dir='ltr'><strong>debemus;non</strong></span> <span class='ocrx_word' id='word_1_391' title='bbox 1501 4854 1644 4908; x_wconf 90' lang='lat' dir='ltr'><strong>cnim</strong></span> <span class='ocrx_word' id='word_1_392' title='bbox 1705 4856 1875 4910; x_wconf 89' lang='lat' dir='ltr'><strong>solum</strong></span> <span class='ocrx_word' id='word_1_393' title='bbox 1928 4857 2014 4910; x_wconf 92' lang='lat' dir='ltr'><strong>illa</strong></span> 
     </span>
    </p>
   </div>
   <div class='ocr_carea' id='block_1_51' title="bbox 443 4939 2017 5012">
    <p class='ocr_par' dir='ltr' id='par_1_51' title="bbox 443 4939 2017 5012">
     <span class='ocr_line' id='line_1_51' title="bbox 443 4939 2017 5012; baseline 0.006 -20"><span class='ocrx_word' id='word_1_394' title='bbox 443 4939 740 4993; x_wconf 87' lang='lat' dir='ltr'><strong>istiusmodi</strong></span> <span class='ocrx_word' id='word_1_395' title='bbox 793 4941 1159 4996; x_wconf 84' lang='lat' dir='ltr'><strong>recordatione</strong></span> <span class='ocrx_word' id='word_1_396' title='bbox 1211 4941 1626 5012; x_wconf 79' lang='lat' dir='ltr'><strong>exstinguimus,</strong></span> <span class='ocrx_word' id='word_1_397' title='bbox 1657 4943 1750 5000; x_wconf 87' lang='lat' dir='ltr'><strong>sed</strong></span> <span class='ocrx_word' id='word_1_398' title='bbox 1803 4955 1857 5000; x_wconf 88' lang='lat' dir='ltr'><strong>et</strong></span> <span class='ocrx_word' id='word_1_399' title='bbox 1895 4947 2017 5001; x_wconf 91' lang='lat' dir='ltr'><strong>inde</strong></span> 
     </span>
    </p>
   </div>
   <div class='ocr_carea' id='block_1_52' title="bbox 443 5030 2014 5098">
    <p class='ocr_par' dir='ltr' id='par_1_52' title="bbox 443 5030 2014 5098">
     <span class='ocr_line' id='line_1_52' title="bbox 443 5030 2014 5098; baseline 0.004 -16"><span class='ocrx_word' id='word_1_400' title='bbox 443 5045 567 5098; x_wconf 80' lang='lat' dir='ltr'><strong>erga</strong></span> <span class='ocrx_word' id='word_1_401' title='bbox 591 5044 787 5084; x_wconf 84' lang='lat' dir='ltr'><strong>omnes</strong></span> <span class='ocrx_word' id='word_1_402' title='bbox 811 5030 1053 5086; x_wconf 82' lang='lat' dir='ltr'><strong>homines</strong></span> <span class='ocrx_word' id='word_1_403' title='bbox 1082 5033 1321 5086; x_wconf 89' lang='lat' dir='ltr'><strong>mitiores</strong></span> <span class='ocrx_word' id='word_1_404' title='bbox 1341 5032 1652 5098; x_wconf 89' lang='lat' dir='ltr'><strong>efliciemur,</strong></span> <span class='ocrx_word' id='word_1_405' title='bbox 1675 5044 1730 5090; x_wconf 92' lang='lat' dir='ltr'><strong>et</strong></span> <span class='ocrx_word' id='word_1_406' title='bbox 1759 5036 1869 5090; x_wconf 84' lang='lat' dir='ltr'><strong>Deo</strong></span> <span class='ocrx_word' id='word_1_407' title='bbox 1896 5053 2014 5090; x_wconf 91' lang='lat' dir='ltr'><strong>cum</strong></span> 
     </span>
    </p>
   </div>
   <div class='ocr_carea' id='block_1_53' title="bbox 442 5119 2013 5194">
    <p class='ocr_par' dir='ltr' id='par_1_53' title="bbox 442 5119 2013 5194">
     <span class='ocr_line' id='line_1_53' title="bbox 442 5119 2013 5194; baseline 0.004 -21"><span class='ocrx_word' id='word_1_408' title='bbox 442 5119 632 5188; x_wconf 75' lang='lat' dir='ltr'><strong>majori</strong></span> <span class='ocrx_word' id='word_1_409' title='bbox 675 5119 1046 5176; x_wconf 81' lang='lat' dir='ltr'><strong>benevolentia</strong></span> <span class='ocrx_word' id='word_1_410' title='bbox 1099 5121 1487 5189; x_wconf 84' lang='lat' dir='ltr'><strong>iuserviemus,</strong></span> <span class='ocrx_word' id='word_1_411' title='bbox 1537 5124 1852 5178; x_wconf 76' lang='lat' dir='ltr'><strong>ineffabilem</strong></span> <span class='ocrx_word' id='word_1_412' title='bbox 1902 5125 2013 5194; x_wconf 86' lang='lat' dir='ltr'><strong>ejus</strong></span> 
     </span>
    </p>
   </div>
   <div class='ocr_carea' id='block_1_54' title="bbox 442 5210 2011 5283">
    <p class='ocr_par' dir='ltr' id='par_1_54' title="bbox 442 5210 2011 5283">
     <span class='ocr_line' id='line_1_54' title="bbox 442 5210 2011 5283; baseline 0.004 -20"><span class='ocrx_word' id='word_1_413' title='bbox 442 5210 825 5264; x_wconf 85' lang='lat' dir='ltr'><strong>humanitatem</strong></span> <span class='ocrx_word' id='word_1_414' title='bbox 858 5224 921 5264; x_wconf 78' lang='lat' dir='ltr'><strong>ex</strong></span> <span class='ocrx_word' id='word_1_415' title='bbox 966 5211 1265 5266; x_wconf 87' lang='lat' dir='ltr'><strong>istiusmodi</strong></span> <span class='ocrx_word' id='word_1_416' title='bbox 1311 5213 1566 5267; x_wconf 90' lang='lat' dir='ltr'><strong>memoria</strong></span> <span class='ocrx_word' id='word_1_417' title='bbox 1612 5216 2011 5283; x_wconf 86' lang='lat' dir='ltr'><strong>perspicientes.</strong></span> 
     </span>
    </p>
   </div>
   <div class='ocr_carea' id='block_1_55' title="bbox 445 5300 2015 5373">
    <p class='ocr_par' dir='ltr' id='par_1_55' title="bbox 445 5300 2015 5373">
     <span class='ocr_line' id='line_1_55' title="bbox 445 5300 2015 5373; baseline 0.003 -18"><span class='ocrx_word' id='word_1_418' title='bbox 445 5300 596 5367; x_wconf 79' lang='lat' dir='ltr'><strong>Quod</strong></span> <span class='ocrx_word' id='word_1_419' title='bbox 615 5301 726 5356; x_wconf 59' lang='lat' dir='ltr'><strong>riste</strong></span> <span class='ocrx_word' id='word_1_420' title='bbox 756 5317 859 5356; x_wconf 92' lang='lat' dir='ltr'><strong>non</strong></span> <span class='ocrx_word' id='word_1_421' title='bbox 884 5301 1037 5366; x_wconf 88' lang='lat' dir='ltr'><strong>fecit,</strong></span> <span class='ocrx_word' id='word_1_422' title='bbox 1067 5301 1158 5355; x_wconf 89' lang='lat' dir='ltr'><strong>sed</strong></span> <span class='ocrx_word' id='word_1_423' title='bbox 1188 5301 1384 5357; x_wconf 91' lang='lat' dir='ltr'><strong>oblitus</strong></span> <span class='ocrx_word' id='word_1_424' title='bbox 1412 5305 1786 5373; x_wconf 87' lang='lat' dir='ltr'><strong>magnitudinis</strong></span> <span class='ocrx_word' id='word_1_425' title='bbox 1809 5306 2015 5360; x_wconf 90' lang='lat' dir='ltr'><strong>debito-</strong></span> 
     </span>
    </p>
   </div>
   <div class='ocr_carea' id='block_1_56' title="bbox 445 5393 2017 5463">
    <p class='ocr_par' dir='ltr' id='par_1_56' title="bbox 445 5393 2017 5463">
     <span class='ocr_line' id='line_1_56' title="bbox 445 5393 2017 5463; baseline 0.003 -17"><span class='ocrx_word' id='word_1_426' title='bbox 445 5409 562 5447; x_wconf 87' lang='lat' dir='ltr'><strong>rum</strong></span> <span class='ocrx_word' id='word_1_427' title='bbox 595 5408 833 5463; x_wconf 87' lang='lat' dir='ltr'><strong>suorum,</strong></span> <span class='ocrx_word' id='word_1_428' title='bbox 861 5394 1018 5449; x_wconf 90' lang='lat' dir='ltr'><strong>etiam</strong></span> <span class='ocrx_word' id='word_1_429' title='bbox 1047 5393 1289 5449; x_wconf 71' lang='lat' dir='ltr'><strong>beneficii</strong></span> <span class='ocrx_word' id='word_1_430' title='bbox 1320 5395 1519 5450; x_wconf 88' lang='lat' dir='ltr'><strong>domini</strong></span> <span class='ocrx_word' id='word_1_431' title='bbox 1561 5410 1664 5449; x_wconf 90' lang='lat' dir='ltr'><strong>non</strong></span> <span class='ocrx_word' id='word_1_432' title='bbox 1711 5397 2017 5451; x_wconf 86' lang='lat' dir='ltr'><strong>recordatus</strong></span> 
     </span>
    </p>
   </div>
   <div class='ocr_carea' id='block_1_57' title="bbox 449 5484 2016 5554">
    <p class='ocr_par' dir='ltr' id='par_1_57' title="bbox 449 5484 2016 5554">
     <span class='ocr_line' id='line_1_57' title="bbox 449 5484 2016 5554; baseline 0.004 -18"><span class='ocrx_word' id='word_1_433' title='bbox 449 5493 570 5547; x_wconf 84' lang='lat' dir='ltr'><strong>est;</strong></span> <span class='ocrx_word' id='word_1_434' title='bbox 601 5484 872 5540; x_wconf 83' lang='lat' dir='ltr'><strong>oblivione</strong></span> <span class='ocrx_word' id='word_1_435' title='bbox 920 5501 1080 5554; x_wconf 75' lang='lat' dir='ltr'><strong>porro</strong></span> <span class='ocrx_word' id='word_1_436' title='bbox 1126 5485 1366 5540; x_wconf 81' lang='lat' dir='ltr'><strong>beneﬁcii</strong></span> <span class='ocrx_word' id='word_1_437' title='bbox 1410 5485 1601 5540; x_wconf 71' lang='lat' dir='ltr'><strong>factum</strong></span> <span class='ocrx_word' id='word_1_438' title='bbox 1627 5496 1726 5549; x_wconf 91' lang='lat' dir='ltr'><strong>cst,</strong></span> <span class='ocrx_word' id='word_1_439' title='bbox 1755 5495 1812 5540; x_wconf 93' lang='lat' dir='ltr'><strong>ut</strong></span> <span class='ocrx_word' id='word_1_440' title='bbox 1851 5489 2016 5543; x_wconf 89' lang='lat' dir='ltr'><strong>scele-</strong></span> 
     </span>
    </p>
   </div>
   <div class='ocr_carea' id='block_1_58' title="bbox 447 5576 2017 5643">
    <p class='ocr_par' dir='ltr' id='par_1_58' title="bbox 447 5576 2017 5643">
     <span class='ocr_line' id='line_1_58' title="bbox 447 5576 2017 5643; baseline 0.005 -17"><span class='ocrx_word' id='word_1_441' title='bbox 447 5583 561 5627; x_wconf 88' lang='lat' dir='ltr'><strong>rate</strong></span> <span class='ocrx_word' id='word_1_442' title='bbox 583 5589 641 5629; x_wconf 92' lang='lat' dir='ltr'><strong>se</strong></span> <span class='ocrx_word' id='word_1_443' title='bbox 669 5577 891 5643; x_wconf 80' lang='lat' dir='ltr'><strong>gesserit</strong></span> <span class='ocrx_word' id='word_1_444' title='bbox 933 5576 1187 5632; x_wconf 90' lang='lat' dir='ltr'><strong>adversus</strong></span> <span class='ocrx_word' id='word_1_445' title='bbox 1215 5591 1553 5639; x_wconf 86' lang='lat' dir='ltr'><strong>conservum,</strong></span> <span class='ocrx_word' id='word_1_446' title='bbox 1581 5588 1633 5632; x_wconf 91' lang='lat' dir='ltr'><strong>et</strong></span> <span class='ocrx_word' id='word_1_447' title='bbox 1661 5581 1916 5633; x_wconf 80' lang='lat' dir='ltr'><strong>scelerate</strong></span> <span class='ocrx_word' id='word_1_448' title='bbox 1959 5594 2017 5634; x_wconf 89' lang='lat' dir='ltr'><strong>se</strong></span> 
     </span>
    </p>
   </div>
   <div class='ocr_carea' id='block_1_59' title="bbox 451 5663 2019 5736">
    <p class='ocr_par' dir='ltr' id='par_1_59' title="bbox 451 5663 2019 5736">
     <span class='ocr_line' id='line_1_59' title="bbox 451 5663 2019 5736; baseline 0.005 -20"><span class='ocrx_word' id='word_1_449' title='bbox 451 5663 684 5729; x_wconf 81' lang='lat' dir='ltr'><strong>gerendo</strong></span> <span class='ocrx_word' id='word_1_450' title='bbox 713 5667 886 5720; x_wconf 88' lang='lat' dir='ltr'><strong>omnia</strong></span> <span class='ocrx_word' id='word_1_451' title='bbox 917 5667 1222 5734; x_wconf 85' lang='lat' dir='ltr'><strong>perdiderit,</strong></span> <span class='ocrx_word' id='word_1_452' title='bbox 1242 5685 1358 5736; x_wconf 69' lang='lat' dir='ltr'><strong>qua:</strong></span> <span class='ocrx_word' id='word_1_453' title='bbox 1387 5684 1416 5722; x_wconf 84' lang='lat' dir='ltr'><strong>a</strong></span> <span class='ocrx_word' id='word_1_454' title='bbox 1451 5668 1538 5722; x_wconf 91' lang='lat' dir='ltr'><strong>Dei</strong></span> <span class='ocrx_word' id='word_1_455' title='bbox 1562 5669 1802 5724; x_wconf 80' lang='lat' dir='ltr'><strong>bonitate</strong></span> <span class='ocrx_word' id='word_1_456' title='bbox 1831 5685 2019 5724; x_wconf 88' lang='lat' dir='ltr'><strong>consc-</strong></span> 
     </span>
    </p>
   </div>
   <div class='ocr_carea' id='block_1_60' title="bbox 445 5755 2014 5831">
    <p class='ocr_par' dir='ltr' id='par_1_60' title="bbox 445 5755 2014 5831">
     <span class='ocr_line' id='line_1_60' title="bbox 445 5755 2014 5831; baseline 0.008 -26"><span class='ocrx_word' id='word_1_457' title='bbox 445 5759 642 5821; x_wconf 74' lang='lat' dir='ltr'><strong>quuttts</strong></span> <span class='ocrx_word' id='word_1_458' title='bbox 689 5764 842 5825; x_wconf 85' lang='lat' dir='ltr'><strong>erat,</strong></span> <span class='ocrx_word' id='word_1_459' title='bbox 887 5755 1083 5811; x_wconf 81' lang='lat' dir='ltr'><strong>Tenens</strong></span> <span class='ocrx_word' id='word_1_460' title='bbox 1132 5760 1263 5812; x_wconf 86' lang='lat' dir='ltr'><strong>enim</strong></span> <span class='ocrx_word' id='word_1_461' title='bbox 1304 5759 1581 5827; x_wconf 62' lang='lat' dir='ltr'><strong>suﬁocabat</strong></span> <span class='ocrx_word' id='word_1_462' title='bbox 1625 5777 1769 5829; x_wconf 86' lang='lat' dir='ltr'><strong>eum,</strong></span> <span class='ocrx_word' id='word_1_463' title='bbox 1809 5761 2014 5831; x_wconf 85' lang='lat' dir='ltr'><strong>dicens,</strong></span> 
     </span>
    </p>
   </div>
   <div class='ocr_carea' id='block_1_61' title="bbox 2101 468 3667 542">
    <p class='ocr_par' dir='ltr' id='par_1_61' title="bbox 2101 468 3667 542">
     <span class='ocr_line' id='line_1_61' title="bbox 2101 468 3667 542; baseline -0.003 -17"><span class='ocrx_word' id='word_1_464' title='bbox 2101 473 2273 526; x_wconf 83' lang='lat' dir='ltr'><strong>Redde</strong></span> <span class='ocrx_word' id='word_1_465' title='bbox 2295 474 2338 526; x_wconf 87' lang='lat' dir='ltr'><strong>si</strong></span> <span class='ocrx_word' id='word_1_466' title='bbox 2360 473 2481 542; x_wconf 84' lang='lat' dir='ltr'><strong>quid</strong></span> <span class='ocrx_word' id='word_1_467' title='bbox 2503 475 2648 528; x_wconf 83' lang='lat' dir='ltr'><strong>debes</strong></span> <span class='ocrx_word' id='word_1_468' title='bbox 2677 490 2694 526; x_wconf 93' lang='lat'><strong><em>:</em></strong></span> <span class='ocrx_word' id='word_1_469' title='bbox 2725 490 2828 528; x_wconf 91' lang='lat' dir='ltr'><strong>non</strong></span> <span class='ocrx_word' id='word_1_470' title='bbox 2857 473 3020 538; x_wconf 76' lang='lat' dir='ltr'><strong>dixit,</strong></span> <span class='ocrx_word' id='word_1_471' title='bbox 3054 471 3238 527; x_wconf 81' lang='lat' dir='ltr'><strong>Redde</strong></span> <span class='ocrx_word' id='word_1_472' title='bbox 3265 480 3477 524; x_wconf 87' lang='lat' dir='ltr'><strong>centum</strong></span> <span class='ocrx_word' id='word_1_473' title='bbox 3503 468 3667 523; x_wconf 87' lang='lat' dir='ltr'><strong>deua-</strong></span> 
     </span>
    </p>
   </div>
   <div class='ocr_carea' id='block_1_62' title="bbox 2099 561 3668 632">
    <p class='ocr_par' dir='ltr' id='par_1_62' title="bbox 2099 561 3668 632">
     <span class='ocr_line' id='line_1_62' title="bbox 2099 561 3668 632; baseline -0.003 -16"><span class='ocrx_word' id='word_1_474' title='bbox 2099 568 2209 617; x_wconf 88' lang='lat' dir='ltr'><strong>rios</strong></span> <span class='ocrx_word' id='word_1_475' title='bbox 2243 579 2256 616; x_wconf 90' lang='lat'><strong>:</strong></span> <span class='ocrx_word' id='word_1_476' title='bbox 2293 564 2566 632; x_wconf 84' lang='lat' dir='ltr'><strong>puduisset</strong></span> <span class='ocrx_word' id='word_1_477' title='bbox 2595 565 2738 619; x_wconf 90' lang='lat' dir='ltr'><strong>enim</strong></span> <span class='ocrx_word' id='word_1_478' title='bbox 2767 580 2888 620; x_wconf 91' lang='lat' dir='ltr'><strong>eum</strong></span> <span class='ocrx_word' id='word_1_479' title='bbox 2917 563 3189 618; x_wconf 90' lang='lat' dir='ltr'><strong>nominare</strong></span> <span class='ocrx_word' id='word_1_480' title='bbox 3235 563 3466 616; x_wconf 78' lang='lat' dir='ltr'><strong>tantilias</strong></span> <span class='ocrx_word' id='word_1_481' title='bbox 3491 561 3668 614; x_wconf 81' lang='lat' dir='ltr'><strong>minu-</strong></span> 
     </span>
    </p>
   </div>
   <div class='ocr_carea' id='block_1_63' title="bbox 2099 651 3671 723">
    <p class='ocr_par' dir='ltr' id='par_1_63' title="bbox 2099 651 3671 723">
     <span class='ocr_line' id='line_1_63' title="bbox 2099 651 3671 723; baseline -0.003 -18"><span class='ocrx_word' id='word_1_482' title='bbox 2099 655 2217 718; x_wconf 90' lang='lat' dir='ltr'><strong>tias,</strong></span> <span class='ocrx_word' id='word_1_483' title='bbox 2239 653 2332 706; x_wconf 88' lang='lat' dir='ltr'><strong>scd</strong></span> <span class='ocrx_word' id='word_1_484' title='bbox 2365 653 2535 708; x_wconf 81' lang='lat' dir='ltr'><strong>Redde</strong></span> <span class='ocrx_word' id='word_1_485' title='bbox 2558 655 2599 706; x_wconf 87' lang='lat' dir='ltr'><strong>si</strong></span> <span class='ocrx_word' id='word_1_486' title='bbox 2620 655 2741 723; x_wconf 88' lang='lat' dir='ltr'><strong>quid</strong></span> <span class='ocrx_word' id='word_1_487' title='bbox 2769 657 2932 707; x_wconf 86' lang='lat' dir='ltr'><strong>debes.</strong></span> <span class='ocrx_word' id='word_1_488' title='bbox 2969 653 3066 706; x_wconf 84' lang='lat' dir='ltr'><strong>Ille</strong></span> <span class='ocrx_word' id='word_1_489' title='bbox 3089 662 3252 706; x_wconf 86' lang='lat' dir='ltr'><strong>autem</strong></span> <span class='ocrx_word' id='word_1_490' title='bbox 3274 653 3457 704; x_wconf 87' lang='lat' dir='ltr'><strong>cadens</strong></span> <span class='ocrx_word' id='word_1_491' title='bbox 3483 651 3554 702; x_wconf 83' lang='lat' dir='ltr'><strong>ad</strong></span> <span class='ocrx_word' id='word_1_492' title='bbox 3585 665 3671 718; x_wconf 83' lang='lat' dir='ltr'><strong>pe-</strong></span> 
     </span>
    </p>
   </div>
   <div class='ocr_carea' id='block_1_64' title="bbox 2097 741 3671 814">
    <p class='ocr_par' dir='ltr' id='par_1_64' title="bbox 2097 741 3671 814">
     <span class='ocr_line' id='line_1_64' title="bbox 2097 741 3671 814; baseline -0.002 -19"><span class='ocrx_word' id='word_1_493' title='bbox 2097 744 2183 796; x_wconf 87' lang='lat' dir='ltr'><strong>des</strong></span> <span class='ocrx_word' id='word_1_494' title='bbox 2204 745 2312 814; x_wconf 84' lang='lat' dir='ltr'><strong>ejus</strong></span> <span class='ocrx_word' id='word_1_495' title='bbox 2333 745 2630 798; x_wconf 85' lang='lat' dir='ltr'><strong>obsecrabat</strong></span> <span class='ocrx_word' id='word_1_496' title='bbox 2672 745 2840 798; x_wconf 87' lang='lat' dir='ltr'><strong>dicens</strong></span> <span class='ocrx_word' id='word_1_497' title='bbox 2870 760 2888 797; x_wconf 92' lang='lat'><strong><em>:</em></strong></span> <span class='ocrx_word' id='word_1_498' title='bbox 2916 743 3220 796; x_wconf 82' lang='lat' dir='ltr'><strong>Patientiam</strong></span> <span class='ocrx_word' id='word_1_499' title='bbox 3247 741 3371 794; x_wconf 84' lang='lat' dir='ltr'><strong>habe</strong></span> <span class='ocrx_word' id='word_1_500' title='bbox 3397 741 3449 794; x_wconf 88' lang='lat' dir='ltr'><strong>in</strong></span> <span class='ocrx_word' id='word_1_501' title='bbox 3480 756 3557 793; x_wconf 87' lang='lat' dir='ltr'><strong>me</strong></span> <span class='ocrx_word' id='word_1_502' title='bbox 3575 781 3590 804; x_wconf 94' lang='lat'><strong>,</strong></span> <span class='ocrx_word' id='word_1_503' title='bbox 3626 748 3671 792; x_wconf 88' lang='lat' dir='ltr'><strong>et</strong></span> 
     </span>
    </p>
   </div>
   <div class='ocr_carea' id='block_1_65' title="bbox 2097 829 3676 902">
    <p class='ocr_par' dir='ltr' id='par_1_65' title="bbox 2097 829 3676 902">
     <span class='ocr_line' id='line_1_65' title="bbox 2097 829 3676 902; baseline -0.003 -17"><span class='ocrx_word' id='word_1_504' title='bbox 2097 834 2266 887; x_wconf 84' lang='lat' dir='ltr'><strong>omnia</strong></span> <span class='ocrx_word' id='word_1_505' title='bbox 2309 834 2518 886; x_wconf 88' lang='lat' dir='ltr'><strong>reddam</strong></span> <span class='ocrx_word' id='word_1_506' title='bbox 2566 835 2654 887; x_wconf 87' lang='lat' dir='ltr'><strong>tibi</strong></span> <span class='ocrx_word' id='word_1_507' title='bbox 2696 833 2904 902; x_wconf 68' lang='lat' dir='ltr'><strong>(Matth.</strong></span> <span class='ocrx_word' id='word_1_508' title='bbox 2961 833 3046 888; x_wconf 84' lang='lat' dir='ltr'><strong>I8.</strong></span> <span class='ocrx_word' id='word_1_509' title='bbox 3083 832 3200 902; x_wconf 73' lang='lat'><strong>29).</strong></span> <span class='ocrx_word' id='word_1_510' title='bbox 3233 830 3448 885; x_wconf 81' lang='lat' dir='ltr'><strong>Eisdem</strong></span> <span class='ocrx_word' id='word_1_511' title='bbox 3496 829 3676 884; x_wconf 82' lang='lat' dir='ltr'><strong>verbis</strong></span> 
     </span>
    </p>
   </div>
   <div class='ocr_carea' id='block_1_66' title="bbox 2096 917 3672 992">
    <p class='ocr_par' dir='ltr' id='par_1_66' title="bbox 2096 917 3672 992">
     <span class='ocr_line' id='line_1_66' title="bbox 2096 917 3672 992; baseline -0.003 -17"><span class='ocrx_word' id='word_1_512' title='bbox 2096 937 2247 976; x_wconf 83' lang='lat' dir='ltr'><strong>suam</strong></span> <span class='ocrx_word' id='word_1_513' title='bbox 2279 924 2502 977; x_wconf 85' lang='lat' dir='ltr'><strong>salutem</strong></span> <span class='ocrx_word' id='word_1_514' title='bbox 2533 932 2669 989; x_wconf 89' lang='lat' dir='ltr'><strong>orat,</strong></span> <span class='ocrx_word' id='word_1_515' title='bbox 2691 923 2886 992; x_wconf 77' lang='lat' dir='ltr'><strong>quibus</strong></span> <span class='ocrx_word' id='word_1_516' title='bbox 2912 924 3000 978; x_wconf 88' lang='lat' dir='ltr'><strong>ille</strong></span> <span class='ocrx_word' id='word_1_517' title='bbox 3028 923 3235 976; x_wconf 81' lang='lat' dir='ltr'><strong>veniam</strong></span> <span class='ocrx_word' id='word_1_518' title='bbox 3261 935 3289 974; x_wconf 88' lang='lat' dir='ltr'><strong>a</strong></span> <span class='ocrx_word' id='word_1_519' title='bbox 3317 919 3535 974; x_wconf 88' lang='lat' dir='ltr'><strong>domino</strong></span> <span class='ocrx_word' id='word_1_520' title='bbox 3571 917 3672 970; x_wconf 88' lang='lat' dir='ltr'><strong>im-</strong></span> 
     </span>
    </p>
   </div>
   <div class='ocr_carea' id='block_1_67' title="bbox 2098 1008 3676 1082">
    <p class='ocr_par' dir='ltr' id='par_1_67' title="bbox 2098 1008 3676 1082">
     <span class='ocr_line' id='line_1_67' title="bbox 2098 1008 3676 1082; baseline -0.003 -17"><span class='ocrx_word' id='word_1_521' title='bbox 2098 1020 2416 1080; x_wconf 87' lang='lat' dir='ltr'><strong>petraverat.</strong></span> <span class='ocrx_word' id='word_1_522' title='bbox 2466 1012 2513 1066; x_wconf 91' lang='lat' dir='ltr'><strong>Is</strong></span> <span class='ocrx_word' id='word_1_523' title='bbox 2556 1021 2734 1068; x_wconf 86' lang='lat' dir='ltr'><strong>autem</strong></span> <span class='ocrx_word' id='word_1_524' title='bbox 2762 1029 2870 1082; x_wconf 76' lang='lat' dir='ltr'><strong>pra:</strong></span> <span class='ocrx_word' id='word_1_525' title='bbox 2902 1013 3060 1067; x_wconf 87' lang='lat' dir='ltr'><strong>nimia</strong></span> <span class='ocrx_word' id='word_1_526' title='bbox 3107 1011 3420 1066; x_wconf 87' lang='lat' dir='ltr'><strong>crudelitate</strong></span> <span class='ocrx_word' id='word_1_527' title='bbox 3451 1023 3517 1064; x_wconf 90' lang='lat' dir='ltr'><strong>ne</strong></span> <span class='ocrx_word' id='word_1_528' title='bbox 3560 1008 3676 1062; x_wconf 83' lang='lat' dir='ltr'><strong>istis</strong></span> 
     </span>
    </p>
   </div>
   <div class='ocr_carea' id='block_1_68' title="bbox 2097 1101 3676 1172">
    <p class='ocr_par' dir='ltr' id='par_1_68' title="bbox 2097 1101 3676 1172">
     <span class='ocr_line' id='line_1_68' title="bbox 2097 1101 3676 1172; baseline -0.002 -18"><span class='ocrx_word' id='word_1_529' title='bbox 2097 1101 2308 1170; x_wconf 89' lang='lat' dir='ltr'><strong>quidem</strong></span> <span class='ocrx_word' id='word_1_530' title='bbox 2351 1103 2526 1156; x_wconf 88' lang='lat' dir='ltr'><strong>verbis</strong></span> <span class='ocrx_word' id='word_1_531' title='bbox 2577 1102 2909 1167; x_wconf 85' lang='lat' dir='ltr'><strong>flectebatur,</strong></span> <span class='ocrx_word' id='word_1_532' title='bbox 2940 1117 3110 1172; x_wconf 90' lang='lat' dir='ltr'><strong>neque</strong></span> <span class='ocrx_word' id='word_1_533' title='bbox 3157 1101 3426 1171; x_wconf 83' lang='lat' dir='ltr'><strong>cogitavit,</strong></span> <span class='ocrx_word' id='word_1_534' title='bbox 3465 1113 3524 1152; x_wconf 89' lang='lat' dir='ltr'><strong>se</strong></span> <span class='ocrx_word' id='word_1_535' title='bbox 3580 1111 3676 1166; x_wconf 85' lang='lat' dir='ltr'><strong>per</strong></span> 
     </span>
    </p>
   </div>
   <div class='ocr_carea' id='block_1_69' title="bbox 2098 1189 3674 1260">
    <p class='ocr_par' dir='ltr' id='par_1_69' title="bbox 2098 1189 3674 1260">
     <span class='ocr_line' id='line_1_69' title="bbox 2098 1189 3674 1260; baseline -0.002 -16"><span class='ocrx_word' id='word_1_536' title='bbox 2098 1190 2213 1245; x_wconf 69' lang='lat' dir='ltr'><strong>hmc</strong></span> <span class='ocrx_word' id='word_1_537' title='bbox 2255 1191 2392 1246; x_wconf 91' lang='lat' dir='ltr'><strong>dicta</strong></span> <span class='ocrx_word' id='word_1_538' title='bbox 2439 1193 2665 1248; x_wconf 90' lang='lat' dir='ltr'><strong>salutem</strong></span> <span class='ocrx_word' id='word_1_539' title='bbox 2716 1193 3000 1248; x_wconf 86' lang='lat' dir='ltr'><strong>invenisse.</strong></span> <span class='ocrx_word' id='word_1_540' title='bbox 3057 1193 3306 1260; x_wconf 85' lang='lat' dir='ltr'><strong>Quiuimo</strong></span> <span class='ocrx_word' id='word_1_541' title='bbox 3359 1191 3402 1244; x_wconf 89' lang='lat' dir='ltr'><strong>si</strong></span> <span class='ocrx_word' id='word_1_542' title='bbox 3441 1189 3674 1244; x_wconf 89' lang='lat' dir='ltr'><strong>debitum</strong></span> 
     </span>
    </p>
   </div>
   <div class='ocr_carea' id='block_1_70' title="bbox 2101 1280 3674 1356">
    <p class='ocr_par' dir='ltr' id='par_1_70' title="bbox 2101 1280 3674 1356">
     <span class='ocr_line' id='line_1_70' title="bbox 2101 1280 3674 1356; baseline -0.001 -20"><span class='ocrx_word' id='word_1_543' title='bbox 2101 1284 2412 1351; x_wconf 90' lang='lat' dir='ltr'><strong>remisisset,</strong></span> <span class='ocrx_word' id='word_1_544' title='bbox 2447 1299 2514 1339; x_wconf 92' lang='lat' dir='ltr'><strong>ne</strong></span> <span class='ocrx_word' id='word_1_545' title='bbox 2569 1285 2640 1339; x_wconf 89' lang='lat' dir='ltr'><strong>ita</strong></span> <span class='ocrx_word' id='word_1_546' title='bbox 2684 1286 2896 1356; x_wconf 91' lang='lat' dir='ltr'><strong>quidem</strong></span> <span class='ocrx_word' id='word_1_547' title='bbox 2955 1300 3053 1355; x_wconf 91' lang='lat' dir='ltr'><strong>pro</strong></span> <span class='ocrx_word' id='word_1_548' title='bbox 3105 1284 3432 1338; x_wconf 86' lang='lat' dir='ltr'><strong>humanitate</strong></span> <span class='ocrx_word' id='word_1_549' title='bbox 3479 1280 3674 1336; x_wconf 78' lang='lat' dir='ltr'><strong>factum</strong></span> 
     </span>
    </p>
   </div>
   <div class='ocr_carea' id='block_1_71' title="bbox 2100 1371 3667 1444">
    <p class='ocr_par' dir='ltr' id='par_1_71' title="bbox 2100 1371 3667 1444">
     <span class='ocr_line' id='line_1_71' title="bbox 2100 1371 3667 1444; baseline -0.002 -16"><span class='ocrx_word' id='word_1_550' title='bbox 2100 1373 2230 1428; x_wconf 90' lang='lat' dir='ltr'><strong>illud</strong></span> <span class='ocrx_word' id='word_1_551' title='bbox 2283 1375 2643 1444; x_wconf 90' lang='lat' dir='ltr'><strong>imputandum</strong></span> <span class='ocrx_word' id='word_1_552' title='bbox 2676 1375 2892 1441; x_wconf 79' lang='lat' dir='ltr'><strong>fuisset,</strong></span> <span class='ocrx_word' id='word_1_553' title='bbox 2941 1375 3034 1431; x_wconf 87' lang='lat' dir='ltr'><strong>sed</strong></span> <span class='ocrx_word' id='word_1_554' title='bbox 3078 1391 3172 1444; x_wconf 92' lang='lat' dir='ltr'><strong>pro</strong></span> <span class='ocrx_word' id='word_1_555' title='bbox 3201 1375 3400 1429; x_wconf 72' lang='lat' dir='ltr'><strong>debito.</strong></span> <span class='ocrx_word' id='word_1_556' title='bbox 3428 1372 3483 1428; x_wconf 91' lang='lat' dir='ltr'><strong>Si</strong></span> <span class='ocrx_word' id='word_1_557' title='bbox 3523 1371 3667 1427; x_wconf 90' lang='lat' dir='ltr'><strong>enim</strong></span> 
     </span>
    </p>
   </div>
   <div class='ocr_carea' id='block_1_72' title="bbox 2100 1461 3674 1533">
    <p class='ocr_par' dir='ltr' id='par_1_72' title="bbox 2100 1461 3674 1533">
     <span class='ocr_line' id='line_1_72' title="bbox 2100 1461 3674 1533; baseline 0 -16"><span class='ocrx_word' id='word_1_558' title='bbox 2100 1477 2223 1520; x_wconf 91' lang='lat' dir='ltr'><strong>ante</strong></span> <span class='ocrx_word' id='word_1_559' title='bbox 2262 1471 2522 1521; x_wconf 89' lang='lat' dir='ltr'><strong>rationem</strong></span> <span class='ocrx_word' id='word_1_560' title='bbox 2559 1467 2770 1531; x_wconf 91' lang='lat' dir='ltr'><strong>initam,</strong></span> <span class='ocrx_word' id='word_1_561' title='bbox 2805 1476 2860 1522; x_wconf 90' lang='lat' dir='ltr'><strong>et</strong></span> <span class='ocrx_word' id='word_1_562' title='bbox 2889 1467 3202 1521; x_wconf 70' lang='lat' dir='ltr'><strong>beneficium</strong></span> <span class='ocrx_word' id='word_1_563' title='bbox 3231 1476 3506 1533; x_wconf 85' lang='lat' dir='ltr'><strong>acceptum</strong></span> <span class='ocrx_word' id='word_1_564' title='bbox 3530 1503 3544 1528; x_wconf 94' lang='lat'><strong>,</strong></span> <span class='ocrx_word' id='word_1_565' title='bbox 3575 1461 3674 1517; x_wconf 81' lang='lat' dir='ltr'><strong>hoc</strong></span> 
     </span>
    </p>
   </div>
   <div class='ocr_carea' id='block_1_73' title="bbox 2102 1553 3676 1628">
    <p class='ocr_par' dir='ltr' id='par_1_73' title="bbox 2102 1553 3676 1628">
     <span class='ocr_line' id='line_1_73' title="bbox 2102 1553 3676 1628; baseline -0.001 -19"><span class='ocrx_word' id='word_1_566' title='bbox 2102 1555 2338 1626; x_wconf 88' lang='lat' dir='ltr'><strong>fecisset,</strong></span> <span class='ocrx_word' id='word_1_567' title='bbox 2368 1559 2532 1628; x_wconf 91' lang='lat' dir='ltr'><strong>ipsius</strong></span> <span class='ocrx_word' id='word_1_568' title='bbox 2574 1559 2992 1628; x_wconf 64' lang='lat' dir='ltr'><strong>magnanimitati</strong></span> <span class='ocrx_word' id='word_1_569' title='bbox 3045 1558 3149 1613; x_wconf 88' lang='lat' dir='ltr'><strong>tale</strong></span> <span class='ocrx_word' id='word_1_570' title='bbox 3201 1556 3395 1611; x_wconf 87' lang='lat' dir='ltr'><strong>factum</strong></span> <span class='ocrx_word' id='word_1_571' title='bbox 3444 1553 3676 1609; x_wconf 87' lang='lat' dir='ltr'><strong>adscribi</strong></span> 
     </span>
    </p>
   </div>
   <div class='ocr_carea' id='block_1_74' title="bbox 2103 1646 3680 1718">
    <p class='ocr_par' dir='ltr' id='par_1_74' title="bbox 2103 1646 3680 1718">
     <span class='ocr_line' id='line_1_74' title="bbox 2103 1646 3680 1718; baseline -0.001 -18"><span class='ocrx_word' id='word_1_572' title='bbox 2103 1648 2405 1716; x_wconf 88' lang='lat' dir='ltr'><strong>potuisset:</strong></span> <span class='ocrx_word' id='word_1_573' title='bbox 2433 1649 2543 1718; x_wconf 82' lang='lat' dir='ltr'><strong>jam</strong></span> <span class='ocrx_word' id='word_1_574' title='bbox 2595 1664 2724 1704; x_wconf 90' lang='lat' dir='ltr'><strong>vero</strong></span> <span class='ocrx_word' id='word_1_575' title='bbox 2761 1658 2866 1702; x_wconf 88' lang='lat' dir='ltr'><strong>tam</strong></span> <span class='ocrx_word' id='word_1_576' title='bbox 2916 1649 3209 1704; x_wconf 89' lang='lat' dir='ltr'><strong>clementer</strong></span> <span class='ocrx_word' id='word_1_577' title='bbox 3261 1646 3472 1700; x_wconf 88' lang='lat' dir='ltr'><strong>habitus</strong></span> <span class='ocrx_word' id='word_1_578' title='bbox 3515 1654 3567 1699; x_wconf 89' lang='lat' dir='ltr'><strong>et</strong></span> <span class='ocrx_word' id='word_1_579' title='bbox 3602 1653 3680 1698; x_wconf 90' lang='lat' dir='ltr'><strong>tot</strong></span> 
     </span>
    </p>
   </div>
   <div class='ocr_carea' id='block_1_75' title="bbox 2104 1738 3677 1808">
    <p class='ocr_par' dir='ltr' id='par_1_75' title="bbox 2104 1738 3677 1808">
     <span class='ocr_line' id='line_1_75' title="bbox 2104 1738 3677 1808; baseline -0.001 -17"><span class='ocrx_word' id='word_1_580' title='bbox 2104 1748 2447 1805; x_wconf 86' lang='lat' dir='ltr'><strong>peccatorum</strong></span> <span class='ocrx_word' id='word_1_581' title='bbox 2502 1740 2820 1795; x_wconf 90' lang='lat' dir='ltr'><strong>remissione</strong></span> <span class='ocrx_word' id='word_1_582' title='bbox 2868 1740 3130 1806; x_wconf 77' lang='lat' dir='ltr'><strong>donatus,</strong></span> <span class='ocrx_word' id='word_1_583' title='bbox 3186 1738 3250 1793; x_wconf 87' lang='lat' dir='ltr'><strong>ad</strong></span> <span class='ocrx_word' id='word_1_584' title='bbox 3319 1752 3499 1808; x_wconf 90' lang='lat' dir='ltr'><strong>parem</strong></span> <span class='ocrx_word' id='word_1_585' title='bbox 3554 1751 3677 1806; x_wconf 89' lang='lat' dir='ltr'><strong>erga</strong></span> 
     </span>
    </p>
   </div>
   <div class='ocr_carea' id='block_1_76' title="bbox 2103 1827 3682 1899">
    <p class='ocr_par' dir='ltr' id='par_1_76' title="bbox 2103 1827 3682 1899">
     <span class='ocr_line' id='line_1_76' title="bbox 2103 1827 3682 1899; baseline -0.001 -18"><span class='ocrx_word' id='word_1_586' title='bbox 2103 1841 2423 1883; x_wconf 89' lang='lat' dir='ltr'><strong>conservum</strong></span> <span class='ocrx_word' id='word_1_587' title='bbox 2478 1828 2815 1884; x_wconf 88' lang='lat' dir='ltr'><strong>clementiam</strong></span> <span class='ocrx_word' id='word_1_588' title='bbox 2873 1829 3136 1899; x_wconf 85' lang='lat' dir='ltr'><strong>obligatus</strong></span> <span class='ocrx_word' id='word_1_589' title='bbox 3184 1836 3316 1882; x_wconf 84' lang='lat' dir='ltr'><strong>crat.</strong></span> <span class='ocrx_word' id='word_1_590' title='bbox 3365 1827 3453 1882; x_wconf 90' lang='lat' dir='ltr'><strong>Ille</strong></span> <span class='ocrx_word' id='word_1_591' title='bbox 3505 1836 3682 1880; x_wconf 86' lang='lat' dir='ltr'><strong>tamen</strong></span> 
     </span>
    </p>
   </div>
   <div class='ocr_carea' id='block_1_77' title="bbox 2104 1918 3681 1986">
    <p class='ocr_par' dir='ltr' id='par_1_77' title="bbox 2104 1918 3681 1986">
     <span class='ocr_line' id='line_1_77' title="bbox 2104 1918 3681 1986; baseline -0.001 -15"><span class='ocrx_word' id='word_1_592' title='bbox 2104 1918 2234 1972; x_wconf 91' lang='lat' dir='ltr'><strong>nihil</strong></span> <span class='ocrx_word' id='word_1_593' title='bbox 2262 1919 2557 1974; x_wconf 90' lang='lat' dir='ltr'><strong>istiusmodi</strong></span> <span class='ocrx_word' id='word_1_594' title='bbox 2585 1919 2706 1974; x_wconf 93' lang='lat' dir='ltr'><strong>fecit</strong></span> <span class='ocrx_word' id='word_1_595' title='bbox 2734 1961 2749 1986; x_wconf 95' lang='lat'><strong>,</strong></span> <span class='ocrx_word' id='word_1_596' title='bbox 2777 1929 2866 1974; x_wconf 90' lang='lat' dir='ltr'><strong>ant</strong></span> <span class='ocrx_word' id='word_1_597' title='bbox 2893 1922 2944 1974; x_wconf 91' lang='lat' dir='ltr'><strong>in</strong></span> <span class='ocrx_word' id='word_1_598' title='bbox 2974 1927 3204 1975; x_wconf 84' lang='lat' dir='ltr'><strong>mentem</strong></span> <span class='ocrx_word' id='word_1_599' title='bbox 3234 1918 3478 1981; x_wconf 86' lang='lat' dir='ltr'><strong>admisit,</strong></span> <span class='ocrx_word' id='word_1_600' title='bbox 3506 1927 3564 1972; x_wconf 91' lang='lat' dir='ltr'><strong>ut</strong></span> <span class='ocrx_word' id='word_1_601' title='bbox 3584 1931 3681 1971; x_wconf 90' lang='lat' dir='ltr'><strong>co-</strong></span> 
     </span>
    </p>
   </div>
   <div class='ocr_carea' id='block_1_78' title="bbox 2103 2011 3683 2080">
    <p class='ocr_par' dir='ltr' id='par_1_78' title="bbox 2103 2011 3683 2080">
     <span class='ocr_line' id='line_1_78' title="bbox 2103 2011 3683 2080; baseline -0.001 -16"><span class='ocrx_word' id='word_1_602' title='bbox 2103 2011 2310 2080; x_wconf 83' lang='lat' dir='ltr'><strong>gitaret,</strong></span> <span class='ocrx_word' id='word_1_603' title='bbox 2344 2019 2596 2080; x_wconf 90' lang='lat' dir='ltr'><strong>quantum</strong></span> <span class='ocrx_word' id='word_1_604' title='bbox 2628 2011 2907 2066; x_wconf 88' lang='lat' dir='ltr'><strong>interesset</strong></span> <span class='ocrx_word' id='word_1_605' title='bbox 2937 2013 3072 2066; x_wconf 89' lang='lat' dir='ltr'><strong>inter</strong></span> <span class='ocrx_word' id='word_1_606' title='bbox 3095 2011 3683 2079; x_wconf 76' lang='lat' dir='ltr'><strong>condonationem,qu:n</strong></span> 
     </span>
    </p>
   </div>
   <div class='ocr_carea' id='block_1_79' title="bbox 2105 2101 3682 2172">
    <p class='ocr_par' dir='ltr' id='par_1_79' title="bbox 2105 2101 3682 2172">
     <span class='ocr_line' id='line_1_79' title="bbox 2105 2101 3682 2172; baseline 0.001 -19"><span class='ocrx_word' id='word_1_607' title='bbox 2105 2101 2203 2172; x_wconf 87' lang='lat' dir='ltr'><strong>ipsi</strong></span> <span class='ocrx_word' id='word_1_608' title='bbox 2229 2116 2258 2155; x_wconf 92' lang='lat' dir='ltr'><strong>a</strong></span> <span class='ocrx_word' id='word_1_609' title='bbox 2285 2101 2500 2156; x_wconf 90' lang='lat' dir='ltr'><strong>domino</strong></span> <span class='ocrx_word' id='word_1_610' title='bbox 2521 2103 2829 2172; x_wconf 74' lang='lat' dir='ltr'><strong>contigerat,</strong></span> <span class='ocrx_word' id='word_1_611' title='bbox 2851 2111 2905 2156; x_wconf 89' lang='lat' dir='ltr'><strong>et</strong></span> <span class='ocrx_word' id='word_1_612' title='bbox 2930 2118 3045 2156; x_wconf 90' lang='lat' dir='ltr'><strong>eam</strong></span> <span class='ocrx_word' id='word_1_613' title='bbox 3072 2118 3190 2170; x_wconf 69' lang='lat' dir='ltr'><strong>quae</strong></span> <span class='ocrx_word' id='word_1_614' title='bbox 3217 2116 3339 2171; x_wconf 89' lang='lat' dir='ltr'><strong>erga</strong></span> <span class='ocrx_word' id='word_1_615' title='bbox 3367 2116 3682 2155; x_wconf 79' lang='lat' dir='ltr'><strong>conservum</strong></span> 
     </span>
    </p>
   </div>
   <div class='ocr_carea' id='block_1_80' title="bbox 2107 2189 3683 2262">
    <p class='ocr_par' dir='ltr' id='par_1_80' title="bbox 2107 2189 3683 2262">
     <span class='ocr_line' id='line_1_80' title="bbox 2107 2189 3683 2262; baseline 0 -18"><span class='ocrx_word' id='word_1_616' title='bbox 2107 2191 2403 2245; x_wconf 84' lang='lat' dir='ltr'><strong>exhibenda</strong></span> <span class='ocrx_word' id='word_1_617' title='bbox 2435 2200 2550 2246; x_wconf 89' lang='lat' dir='ltr'><strong>erat</strong></span> <span class='ocrx_word' id='word_1_618' title='bbox 2584 2211 2596 2246; x_wconf 90' lang='lat'>:</span> <span class='ocrx_word' id='word_1_619' title='bbox 2626 2209 2729 2246; x_wconf 88' lang='lat' dir='ltr'><strong>tton</strong></span> <span class='ocrx_word' id='word_1_620' title='bbox 2758 2194 2898 2247; x_wconf 90' lang='lat' dir='ltr'><strong>enim</strong></span> <span class='ocrx_word' id='word_1_621' title='bbox 2935 2192 3103 2246; x_wconf 90' lang='lat' dir='ltr'><strong>solum</strong></span> <span class='ocrx_word' id='word_1_622' title='bbox 3133 2193 3495 2262; x_wconf 80' lang='lat' dir='ltr'><strong>magnitudine</strong></span> <span class='ocrx_word' id='word_1_623' title='bbox 3533 2189 3683 2245; x_wconf 83' lang='lat' dir='ltr'><strong>debi-</strong></span> 
     </span>
    </p>
   </div>
   <div class='ocr_carea' id='block_1_81' title="bbox 2109 2281 3678 2352">
    <p class='ocr_par' dir='ltr' id='par_1_81' title="bbox 2109 2281 3678 2352">
     <span class='ocr_line' id='line_1_81' title="bbox 2109 2281 3678 2352; baseline -0.001 -18"><span class='ocrx_word' id='word_1_624' title='bbox 2109 2289 2280 2335; x_wconf 91' lang='lat' dir='ltr'><strong>torum</strong></span> <span class='ocrx_word' id='word_1_625' title='bbox 2307 2290 2399 2335; x_wconf 90' lang='lat' dir='ltr'><strong>aut</strong></span> <span class='ocrx_word' id='word_1_626' title='bbox 2428 2282 2680 2352; x_wconf 77' lang='lat' dir='ltr'><strong>dignitate</strong></span> <span class='ocrx_word' id='word_1_627' title='bbox 2706 2297 3071 2352; x_wconf 87' lang='lat' dir='ltr'><strong>personarum,</strong></span> <span class='ocrx_word' id='word_1_628' title='bbox 3096 2283 3188 2336; x_wconf 91' lang='lat' dir='ltr'><strong>sed</strong></span> <span class='ocrx_word' id='word_1_629' title='bbox 3237 2298 3302 2338; x_wconf 90' lang='lat' dir='ltr'><strong>eo</strong></span> <span class='ocrx_word' id='word_1_630' title='bbox 3345 2285 3459 2351; x_wconf 88' lang='lat' dir='ltr'><strong>ipso</strong></span> <span class='ocrx_word' id='word_1_631' title='bbox 3499 2281 3678 2345; x_wconf 91' lang='lat' dir='ltr'><strong>modo,</strong></span> 
     </span>
    </p>
   </div>
   <div class='ocr_carea' id='block_1_82' title="bbox 2107 2373 3685 2444">
    <p class='ocr_par' dir='ltr' id='par_1_82' title="bbox 2107 2373 3685 2444">
     <span class='ocr_line' id='line_1_82' title="bbox 2107 2373 3685 2444; baseline 0.001 -20"><span class='ocrx_word' id='word_1_632' title='bbox 2107 2387 2214 2441; x_wconf 93' lang='lat' dir='ltr'><strong>quo</strong></span> <span class='ocrx_word' id='word_1_633' title='bbox 2254 2387 2340 2426; x_wconf 90' lang='lat' dir='ltr'><strong>res</strong></span> <span class='ocrx_word' id='word_1_634' title='bbox 2368 2384 2482 2426; x_wconf 90' lang='lat' dir='ltr'><strong>acta</strong></span> <span class='ocrx_word' id='word_1_635' title='bbox 2514 2382 2628 2437; x_wconf 90' lang='lat' dir='ltr'><strong>est,</strong></span> <span class='ocrx_word' id='word_1_636' title='bbox 2659 2389 2906 2444; x_wconf 80' lang='lat' dir='ltr'><strong>magnum</strong></span> <span class='ocrx_word' id='word_1_637' title='bbox 2937 2376 3072 2428; x_wconf 91' lang='lat' dir='ltr'><strong>inter</strong></span> <span class='ocrx_word' id='word_1_638' title='bbox 3103 2385 3381 2442; x_wconf 81' lang='lat' dir='ltr'><strong>utrumque</strong></span> <span class='ocrx_word' id='word_1_639' title='bbox 3401 2373 3685 2427; x_wconf 82' lang='lat' dir='ltr'><strong>discrimen</strong></span> 
     </span>
    </p>
   </div>
   <div class='ocr_carea' id='block_1_83' title="bbox 2109 2464 3684 2531">
    <p class='ocr_par' dir='ltr' id='par_1_83' title="bbox 2109 2464 3684 2531">
     <span class='ocr_line' id='line_1_83' title="bbox 2109 2464 3684 2531; baseline 0.001 -14"><span class='ocrx_word' id='word_1_640' title='bbox 2109 2464 2427 2531; x_wconf 68' lang='lat' dir='ltr'><strong>consliicias.</strong></span> <span class='ocrx_word' id='word_1_641' title='bbox 2457 2464 2586 2518; x_wconf 90' lang='lat' dir='ltr'><strong>Illud</strong></span> <span class='ocrx_word' id='word_1_642' title='bbox 2619 2465 2760 2518; x_wconf 90' lang='lat' dir='ltr'><strong>enim</strong></span> <span class='ocrx_word' id='word_1_643' title='bbox 2786 2465 3018 2520; x_wconf 85' lang='lat' dir='ltr'><strong>debitum</strong></span> <span class='ocrx_word' id='word_1_644' title='bbox 3050 2465 3232 2520; x_wconf 89' lang='lat' dir='ltr'><strong>dccetn</strong></span> <span class='ocrx_word' id='word_1_645' title='bbox 3268 2465 3486 2518; x_wconf 89' lang='lat' dir='ltr'><strong>millium</strong></span> <span class='ocrx_word' id='word_1_646' title='bbox 3517 2464 3684 2519; x_wconf 87' lang='lat' dir='ltr'><strong>talen-</strong></span> 
     </span>
    </p>
   </div>
   <div class='ocr_carea' id='block_1_84' title="bbox 2110 2556 3686 2627">
    <p class='ocr_par' dir='ltr' id='par_1_84' title="bbox 2110 2556 3686 2627">
     <span class='ocr_line' id='line_1_84' title="bbox 2110 2556 3686 2627; baseline 0.001 -18"><span class='ocrx_word' id='word_1_647' title='bbox 2110 2562 2280 2610; x_wconf 86' lang='lat' dir='ltr'><strong>torum</strong></span> <span class='ocrx_word' id='word_1_648' title='bbox 2303 2568 2437 2622; x_wconf 87' lang='lat' dir='ltr'><strong>erat,</strong></span> <span class='ocrx_word' id='word_1_649' title='bbox 2468 2556 2567 2610; x_wconf 91' lang='lat' dir='ltr'><strong>hoc</strong></span> <span class='ocrx_word' id='word_1_650' title='bbox 2607 2566 2820 2612; x_wconf 88' lang='lat' dir='ltr'><strong>centum</strong></span> <span class='ocrx_word' id='word_1_651' title='bbox 2857 2558 3196 2612; x_wconf 89' lang='lat' dir='ltr'><strong>denariorum</strong></span> <span class='ocrx_word' id='word_1_652' title='bbox 3229 2575 3241 2611; x_wconf 95' lang='lat'><strong>:</strong></span> <span class='ocrx_word' id='word_1_653' title='bbox 3272 2565 3326 2612; x_wconf 90' lang='lat' dir='ltr'><strong>et</strong></span> <span class='ocrx_word' id='word_1_654' title='bbox 3355 2558 3441 2612; x_wconf 89' lang='lat' dir='ltr'><strong>ille</strong></span> <span class='ocrx_word' id='word_1_655' title='bbox 3475 2556 3686 2627; x_wconf 89' lang='lat' dir='ltr'><strong>quidem</strong></span> 
     </span>
    </p>
   </div>
   <div class='ocr_carea' id='block_1_85' title="bbox 2111 2646 3687 2720">
    <p class='ocr_par' dir='ltr' id='par_1_85' title="bbox 2111 2646 3687 2720">
     <span class='ocr_line' id='line_1_85' title="bbox 2111 2646 3687 2720; baseline 0 -20"><span class='ocrx_word' id='word_1_656' title='bbox 2111 2646 2164 2701; x_wconf 93' lang='lat' dir='ltr'><strong>in</strong></span> <span class='ocrx_word' id='word_1_657' title='bbox 2213 2647 2487 2704; x_wconf 89' lang='lat' dir='ltr'><strong>dominum</strong></span> <span class='ocrx_word' id='word_1_658' title='bbox 2535 2650 2917 2704; x_wconf 90' lang='lat' dir='ltr'><strong>contumeliose</strong></span> <span class='ocrx_word' id='word_1_659' title='bbox 2971 2658 3298 2720; x_wconf 88' lang='lat' dir='ltr'><strong>peccaverat,</strong></span> <span class='ocrx_word' id='word_1_660' title='bbox 3325 2649 3409 2702; x_wconf 89' lang='lat' dir='ltr'><strong>hic</strong></span> <span class='ocrx_word' id='word_1_661' title='bbox 3453 2656 3687 2702; x_wconf 88' lang='lat' dir='ltr'><strong>tantum-</strong></span> 
     </span>
    </p>
   </div>
   <div class='ocr_carea' id='block_1_86' title="bbox 2112 2740 3688 2813">
    <p class='ocr_par' dir='ltr' id='par_1_86' title="bbox 2112 2740 3688 2813">
     <span class='ocr_line' id='line_1_86' title="bbox 2112 2740 3688 2813; baseline 0.001 -19"><span class='ocrx_word' id='word_1_662' title='bbox 2112 2740 2272 2795; x_wconf 91' lang='lat' dir='ltr'><strong>modo</strong></span> <span class='ocrx_word' id='word_1_663' title='bbox 2300 2756 2559 2796; x_wconf 90' lang='lat' dir='ltr'><strong>conservo</strong></span> <span class='ocrx_word' id='word_1_664' title='bbox 2579 2743 2844 2813; x_wconf 85' lang='lat' dir='ltr'><strong>obligatus</strong></span> <span class='ocrx_word' id='word_1_665' title='bbox 2871 2752 2986 2797; x_wconf 89' lang='lat' dir='ltr'><strong>erat</strong></span> <span class='ocrx_word' id='word_1_666' title='bbox 3011 2760 3024 2796; x_wconf 89' lang='lat'><strong>:</strong></span> <span class='ocrx_word' id='word_1_667' title='bbox 3049 2743 3138 2797; x_wconf 91' lang='lat' dir='ltr'><strong>ille</strong></span> <span class='ocrx_word' id='word_1_668' title='bbox 3165 2741 3434 2797; x_wconf 87' lang='lat' dir='ltr'><strong>beneficiis</strong></span> <span class='ocrx_word' id='word_1_669' title='bbox 3455 2741 3688 2810; x_wconf 87' lang='lat' dir='ltr'><strong>acceptis</strong></span> 
     </span>
    </p>
   </div>
   <div class='ocr_carea' id='block_1_87' title="bbox 2113 2830 3687 2902">
    <p class='ocr_par' dir='ltr' id='par_1_87' title="bbox 2113 2830 3687 2902">
     <span class='ocr_line' id='line_1_87' title="bbox 2113 2830 3687 2902; baseline -0.002 -15"><span class='ocrx_word' id='word_1_670' title='bbox 2113 2831 2249 2888; x_wconf 90' lang='lat' dir='ltr'><strong>bene</strong></span> <span class='ocrx_word' id='word_1_671' title='bbox 2297 2833 2491 2888; x_wconf 91' lang='lat' dir='ltr'><strong>mereri</strong></span> <span class='ocrx_word' id='word_1_672' title='bbox 2541 2833 2772 2888; x_wconf 87' lang='lat' dir='ltr'><strong>vicissim</strong></span> <span class='ocrx_word' id='word_1_673' title='bbox 2819 2833 3066 2900; x_wconf 90' lang='lat' dir='ltr'><strong>debebat,</strong></span> <span class='ocrx_word' id='word_1_674' title='bbox 3095 2833 3378 2897; x_wconf 88' lang='lat' dir='ltr'><strong>dominus,</strong></span> <span class='ocrx_word' id='word_1_675' title='bbox 3407 2831 3496 2902; x_wconf 90' lang='lat' dir='ltr'><strong>qui</strong></span> <span class='ocrx_word' id='word_1_676' title='bbox 3556 2830 3687 2885; x_wconf 89' lang='lat' dir='ltr'><strong>nihil</strong></span> 
     </span>
    </p>
   </div>
   <div class='ocr_carea' id='block_1_88' title="bbox 2113 2922 3687 2996">
    <p class='ocr_par' dir='ltr' id='par_1_88' title="bbox 2113 2922 3687 2996">
     <span class='ocr_line' id='line_1_88' title="bbox 2113 2922 3687 2996; baseline -0.002 -19"><span class='ocrx_word' id='word_1_677' title='bbox 2113 2922 2237 2978; x_wconf 92' lang='lat' dir='ltr'><strong>boui</strong></span> <span class='ocrx_word' id='word_1_678' title='bbox 2273 2933 2364 2978; x_wconf 87' lang='lat' dir='ltr'><strong>aut</strong></span> <span class='ocrx_word' id='word_1_679' title='bbox 2400 2925 2575 2995; x_wconf 89' lang='lat' dir='ltr'><strong>magni</strong></span> <span class='ocrx_word' id='word_1_680' title='bbox 2604 2934 2694 2980; x_wconf 91' lang='lat' dir='ltr'><strong>aut</strong></span> <span class='ocrx_word' id='word_1_681' title='bbox 2738 2925 2887 2996; x_wconf 90' lang='lat' dir='ltr'><strong>parvi</strong></span> <span class='ocrx_word' id='word_1_682' title='bbox 2926 2925 2993 2980; x_wconf 89' lang='lat' dir='ltr'><strong>ab</strong></span> <span class='ocrx_word' id='word_1_683' title='bbox 3036 2925 3152 2995; x_wconf 89' lang='lat' dir='ltr'><strong>ipso</strong></span> <span class='ocrx_word' id='word_1_684' title='bbox 3200 2925 3391 2978; x_wconf 86' lang='lat' dir='ltr'><strong>factum</strong></span> <span class='ocrx_word' id='word_1_685' title='bbox 3441 2922 3687 2986; x_wconf 90' lang='lat' dir='ltr'><strong>videbat,</strong></span> 
     </span>
    </p>
   </div>
   <div class='ocr_carea' id='block_1_89' title="bbox 2113 3011 3687 3084">
    <p class='ocr_par' dir='ltr' id='par_1_89' title="bbox 2113 3011 3687 3084">
     <span class='ocr_line' id='line_1_89' title="bbox 2113 3011 3687 3084; baseline -0.002 -15"><span class='ocrx_word' id='word_1_686' title='bbox 2113 3015 2290 3070; x_wconf 90' lang='lat' dir='ltr'><strong>omnia</strong></span> <span class='ocrx_word' id='word_1_687' title='bbox 2335 3016 2559 3070; x_wconf 90' lang='lat' dir='ltr'><strong>remisit.</strong></span> <span class='ocrx_word' id='word_1_688' title='bbox 2593 3017 2840 3071; x_wconf 88' lang='lat' dir='ltr'><strong>Altamen</strong></span> <span class='ocrx_word' id='word_1_689' title='bbox 2891 3017 3018 3070; x_wconf 84' lang='lat' dir='ltr'><strong>nihil</strong></span> <span class='ocrx_word' id='word_1_690' title='bbox 3061 3015 3250 3070; x_wconf 89' lang='lat' dir='ltr'><strong>borum</strong></span> <span class='ocrx_word' id='word_1_691' title='bbox 3275 3013 3563 3084; x_wconf 85' lang='lat' dir='ltr'><strong>cogitavit;</strong></span> <span class='ocrx_word' id='word_1_692' title='bbox 3594 3011 3687 3066; x_wconf 90' lang='lat' dir='ltr'><strong>sed</strong></span> 
     </span>
    </p>
   </div>
   <div class='ocr_carea' id='block_1_90' title="bbox 2114 3104 3687 3172">
    <p class='ocr_par' dir='ltr' id='par_1_90' title="bbox 2114 3104 3687 3172">
     <span class='ocr_line' id='line_1_90' title="bbox 2114 3104 3687 3172; baseline -0.001 -14"><span class='ocrx_word' id='word_1_693' title='bbox 2114 3105 2280 3160; x_wconf 88' lang='lat' dir='ltr'><strong>semel</strong></span> <span class='ocrx_word' id='word_1_694' title='bbox 2307 3104 2376 3159; x_wconf 89' lang='lat' dir='ltr'><strong>ab</strong></span> <span class='ocrx_word' id='word_1_695' title='bbox 2399 3106 2474 3160; x_wconf 91' lang='lat' dir='ltr'><strong>ira</strong></span> <span class='ocrx_word' id='word_1_696' title='bbox 2506 3117 2838 3172; x_wconf 73' lang='lat' dir='ltr'><strong>excaecatus,</strong></span> <span class='ocrx_word' id='word_1_697' title='bbox 2867 3107 3157 3162; x_wconf 72' lang='lat' dir='ltr'><strong>suifocabat</strong></span> <span class='ocrx_word' id='word_1_698' title='bbox 3185 3119 3324 3168; x_wconf 91' lang='lat' dir='ltr'><strong>eum,</strong></span> <span class='ocrx_word' id='word_1_699' title='bbox 3349 3115 3404 3158; x_wconf 89' lang='lat' dir='ltr'><strong>et</strong></span> <span class='ocrx_word' id='word_1_700' title='bbox 3433 3104 3483 3156; x_wconf 93' lang='lat' dir='ltr'><strong>in</strong></span> <span class='ocrx_word' id='word_1_701' title='bbox 3509 3117 3687 3158; x_wconf 87' lang='lat' dir='ltr'><strong>carce-</strong></span> 
     </span>
    </p>
   </div>
   <div class='ocr_carea' id='block_1_91' title="bbox 2118 3191 3687 3268">
    <p class='ocr_par' dir='ltr' id='par_1_91' title="bbox 2118 3191 3687 3268">
     <span class='ocr_line' id='line_1_91' title="bbox 2118 3191 3687 3268; baseline -0.003 -18"><span class='ocrx_word' id='word_1_702' title='bbox 2118 3211 2230 3250; x_wconf 89' lang='lat' dir='ltr'><strong>rem</strong></span> <span class='ocrx_word' id='word_1_703' title='bbox 2263 3196 2490 3265; x_wconf 87' lang='lat' dir='ltr'><strong>conjecit</strong></span> <span class='ocrx_word' id='word_1_704' title='bbox 2520 3196 2678 3264; x_wconf 89' lang='lat' dir='ltr'><strong>(Ibid.</strong></span> <span class='ocrx_word' id='word_1_705' title='bbox 2703 3213 2749 3250; x_wconf 78' lang='grc' dir='ltr'><strong>υ.</strong></span> <span class='ocrx_word' id='word_1_706' title='bbox 2783 3195 2894 3268; x_wconf 71' lang='lat'><strong>30).</strong></span> <span class='ocrx_word' id='word_1_707' title='bbox 2928 3196 3181 3251; x_wconf 76' lang='lat' dir='ltr'><strong>Videntes</strong></span> <span class='ocrx_word' id='word_1_708' title='bbox 3229 3203 3406 3248; x_wconf 92' lang='lat' dir='ltr'><strong>autem</strong></span> <span class='ocrx_word' id='word_1_709' title='bbox 3445 3191 3687 3248; x_wconf 82' lang='lat' dir='ltr'><strong>conservi</strong></span> 
     </span>
    </p>
   </div>
   <div class='ocr_carea' id='block_1_92' title="bbox 2114 3285 3688 3359">
    <p class='ocr_par' dir='ltr' id='par_1_92' title="bbox 2114 3285 3688 3359">
     <span class='ocr_line' id='line_1_92' title="bbox 2114 3285 3688 3359; baseline -0.004 -16"><span class='ocrx_word' id='word_1_710' title='bbox 2114 3289 2229 3359; x_wconf 88' lang='lat' dir='ltr'><strong>ejus</strong></span> <span class='ocrx_word' id='word_1_711' title='bbox 2275 3288 2528 3358; x_wconf 85' lang='lat' dir='ltr'><strong>indignati</strong></span> <span class='ocrx_word' id='word_1_712' title='bbox 2572 3298 2694 3343; x_wconf 91' lang='lat' dir='ltr'><strong>sunt</strong></span> <span class='ocrx_word' id='word_1_713' title='bbox 2725 3287 2882 3359; x_wconf 89' lang='lat' dir='ltr'><strong>(Ibid.</strong></span> <span class='ocrx_word' id='word_1_714' title='bbox 2907 3305 2955 3342; x_wconf 76' lang='grc' dir='ltr'><strong>ιν.</strong></span> <span class='ocrx_word' id='word_1_715' title='bbox 2999 3289 3124 3358; x_wconf 81' lang='grc'><strong>51),</strong></span> <span class='ocrx_word' id='word_1_716' title='bbox 3167 3296 3222 3342; x_wconf 91' lang='grc' dir='ltr'><strong>ιιι</strong></span> <span class='ocrx_word' id='word_1_717' title='bbox 3263 3285 3336 3342; x_wconf 88' lang='lat' dir='ltr'><strong>ait</strong></span> <span class='ocrx_word' id='word_1_718' title='bbox 3373 3285 3688 3354; x_wconf 88' lang='lat' dir='ltr'><strong>Scriptura,</strong></span> 
     </span>
    </p>
   </div>
   <div class='ocr_carea' id='block_1_93' title="bbox 2115 3377 3691 3439">
    <p class='ocr_par' dir='ltr' id='par_1_93' title="bbox 2115 3377 3691 3439">
     <span class='ocr_line' id='line_1_93' title="bbox 2115 3377 3691 3439; baseline -0.004 -4"><span class='ocrx_word' id='word_1_719' title='bbox 2115 3388 2168 3435; x_wconf 89' lang='lat' dir='ltr'><strong>et</strong></span> <span class='ocrx_word' id='word_1_720' title='bbox 2197 3387 2321 3435; x_wconf 90' lang='lat' dir='ltr'><strong>ante</strong></span> <span class='ocrx_word' id='word_1_721' title='bbox 2355 3380 2628 3434; x_wconf 91' lang='lat' dir='ltr'><strong>dominum</strong></span> <span class='ocrx_word' id='word_1_722' title='bbox 2690 3380 2935 3434; x_wconf 83' lang='lat' dir='ltr'><strong>conservi</strong></span> <span class='ocrx_word' id='word_1_723' title='bbox 2989 3393 3109 3434; x_wconf 90' lang='lat' dir='ltr'><strong>eum</strong></span> <span class='ocrx_word' id='word_1_724' title='bbox 3162 3377 3548 3432; x_wconf 86' lang='lat' dir='ltr'><strong>damnaverunt</strong></span> <span class='ocrx_word' id='word_1_725' title='bbox 3588 3416 3602 3439; x_wconf 85' lang='lat'><strong>,</strong></span> <span class='ocrx_word' id='word_1_726' title='bbox 3634 3384 3691 3429; x_wconf 90' lang='lat' dir='ltr'><strong>nt</strong></span> 
     </span>
    </p>
   </div>
   <div class='ocr_carea' id='block_1_94' title="bbox 2115 3466 3692 3527">
    <p class='ocr_par' dir='ltr' id='par_1_94' title="bbox 2115 3466 3692 3527">
     <span class='ocr_line' id='line_1_94' title="bbox 2115 3466 3692 3527; baseline -0.004 -1"><span class='ocrx_word' id='word_1_727' title='bbox 2115 3470 2290 3527; x_wconf 89' lang='lat' dir='ltr'><strong>discas</strong></span> <span class='ocrx_word' id='word_1_728' title='bbox 2329 3471 2526 3526; x_wconf 83' lang='lat' dir='ltr'><strong>domini</strong></span> <span class='ocrx_word' id='word_1_729' title='bbox 2573 3471 3052 3526; x_wconf 86' lang='lat' dir='ltr'><strong>mansuetudinem.</strong></span> <span class='ocrx_word' id='word_1_730' title='bbox 3081 3469 3214 3524; x_wconf 86' lang='lat' dir='ltr'><strong>Cum</strong></span> <span class='ocrx_word' id='word_1_731' title='bbox 3259 3469 3492 3523; x_wconf 89' lang='lat' dir='ltr'><strong>audisset</strong></span> <span class='ocrx_word' id='word_1_732' title='bbox 3519 3467 3569 3522; x_wconf 94' lang='lat' dir='ltr'><strong>id</strong></span> <span class='ocrx_word' id='word_1_733' title='bbox 3596 3466 3692 3520; x_wconf 85' lang='lat' dir='ltr'><strong>do-</strong></span> 
     </span>
    </p>
   </div>
   <div class='ocr_carea' id='block_1_95' title="bbox 2116 3557 3689 3629">
    <p class='ocr_par' dir='ltr' id='par_1_95' title="bbox 2116 3557 3689 3629">
     <span class='ocr_line' id='line_1_95' title="bbox 2116 3557 3689 3629; baseline -0.004 -13"><span class='ocrx_word' id='word_1_734' title='bbox 2116 3563 2313 3629; x_wconf 91' lang='lat' dir='ltr'><strong>minus,</strong></span> <span class='ocrx_word' id='word_1_735' title='bbox 2345 3577 2531 3616; x_wconf 89' lang='lat' dir='ltr'><strong>rursus</strong></span> <span class='ocrx_word' id='word_1_736' title='bbox 2558 3561 2814 3617; x_wconf 84' lang='lat' dir='ltr'><strong>adversus</strong></span> <span class='ocrx_word' id='word_1_737' title='bbox 2841 3577 2960 3616; x_wconf 90' lang='lat' dir='ltr'><strong>eum</strong></span> <span class='ocrx_word' id='word_1_738' title='bbox 2989 3561 3214 3614; x_wconf 67' lang='lat' dir='ltr'><strong>accitum</strong></span> <span class='ocrx_word' id='word_1_739' title='bbox 3249 3559 3504 3629; x_wconf 85' lang='lat' dir='ltr'><strong>judicium</strong></span> <span class='ocrx_word' id='word_1_740' title='bbox 3539 3557 3689 3610; x_wconf 85' lang='lat' dir='ltr'><strong>insti-</strong></span> 
     </span>
    </p>
   </div>
   <div class='ocr_carea' id='block_1_96' title="bbox 2118 3648 3689 3725">
    <p class='ocr_par' dir='ltr' id='par_1_96' title="bbox 2118 3648 3689 3725">
     <span class='ocr_line' id='line_1_96' title="bbox 2118 3648 3689 3725; baseline -0.006 -17"><span class='ocrx_word' id='word_1_741' title='bbox 2118 3657 2413 3725; x_wconf 90' lang='lat' dir='ltr'><strong>tuit,neque</strong></span> <span class='ocrx_word' id='word_1_742' title='bbox 2433 3655 2516 3709; x_wconf 90' lang='lat' dir='ltr'><strong>vel</strong></span> <span class='ocrx_word' id='word_1_743' title='bbox 2538 3663 2645 3709; x_wconf 90' lang='lat' dir='ltr'><strong>tum</strong></span> <span class='ocrx_word' id='word_1_744' title='bbox 2665 3653 2975 3722; x_wconf 89' lang='lat' dir='ltr'><strong>simpliciter</strong></span> <span class='ocrx_word' id='word_1_745' title='bbox 2999 3651 3492 3707; x_wconf 89' lang='lat' dir='ltr'><strong>condemnationem</strong></span> <span class='ocrx_word' id='word_1_746' title='bbox 3515 3648 3689 3713; x_wconf 70' lang='lat' dir='ltr'><strong>effert,</strong></span> 
     </span>
    </p>
   </div>
   <div class='ocr_carea' id='block_1_97' title="bbox 2117 3739 3691 3818">
    <p class='ocr_par' dir='ltr' id='par_1_97' title="bbox 2117 3739 3691 3818">
     <span class='ocr_line' id='line_1_97' title="bbox 2117 3739 3691 3818; baseline -0.007 -16"><span class='ocrx_word' id='word_1_747' title='bbox 2117 3746 2210 3803; x_wconf 91' lang='lat' dir='ltr'><strong>sed</strong></span> <span class='ocrx_word' id='word_1_748' title='bbox 2243 3747 2386 3818; x_wconf 90' lang='lat' dir='ltr'><strong>prius</strong></span> <span class='ocrx_word' id='word_1_749' title='bbox 2415 3754 2679 3816; x_wconf 89' lang='lat' dir='ltr'><strong>tamquam</strong></span> <span class='ocrx_word' id='word_1_750' title='bbox 2709 3745 2774 3800; x_wconf 89' lang='lat' dir='ltr'><strong>de</strong></span> <span class='ocrx_word' id='word_1_751' title='bbox 2799 3745 2922 3814; x_wconf 87' lang='lat' dir='ltr'><strong>jure</strong></span> <span class='ocrx_word' id='word_1_752' title='bbox 2950 3759 3070 3798; x_wconf 90' lang='lat' dir='ltr'><strong>cum</strong></span> <span class='ocrx_word' id='word_1_753' title='bbox 3106 3743 3194 3796; x_wconf 91' lang='lat' dir='ltr'><strong>illo</strong></span> <span class='ocrx_word' id='word_1_754' title='bbox 3218 3742 3493 3809; x_wconf 79' lang='lat' dir='ltr'><strong>disceptat.</strong></span> <span class='ocrx_word' id='word_1_755' title='bbox 3517 3739 3691 3793; x_wconf 80' lang='lat' dir='ltr'><strong>Caete-</strong></span> 
     </span>
    </p>
   </div>
   <div class='ocr_carea' id='block_1_98' title="bbox 2117 3829 3694 3909">
    <p class='ocr_par' dir='ltr' id='par_1_98' title="bbox 2117 3829 3694 3909">
     <span class='ocr_line' id='line_1_98' title="bbox 2117 3829 3694 3909; baseline -0.008 -16"><span class='ocrx_word' id='word_1_756' title='bbox 2117 3854 2237 3894; x_wconf 90' lang='lat' dir='ltr'><strong>rum</strong></span> <span class='ocrx_word' id='word_1_757' title='bbox 2269 3838 2463 3909; x_wconf 89' lang='lat' dir='ltr'><strong>quibus</strong></span> <span class='ocrx_word' id='word_1_758' title='bbox 2490 3837 2540 3891; x_wconf 91' lang='lat' dir='ltr'><strong>id</strong></span> <span class='ocrx_word' id='word_1_759' title='bbox 2571 3837 2746 3891; x_wconf 89' lang='lat' dir='ltr'><strong>verbis</strong></span> <span class='ocrx_word' id='word_1_760' title='bbox 2768 3835 2934 3889; x_wconf 89' lang='lat' dir='ltr'><strong>facit?</strong></span> <span class='ocrx_word' id='word_1_761' title='bbox 2956 3835 3359 3901; x_wconf 80' lang='lat' dir='ltr'><strong>Scrvcncquuttt,</strong></span> <span class='ocrx_word' id='word_1_762' title='bbox 3387 3845 3531 3883; x_wconf 86' lang='lat' dir='ltr'><strong>omne</strong></span> <span class='ocrx_word' id='word_1_763' title='bbox 3557 3829 3694 3882; x_wconf 81' lang='lat' dir='ltr'><strong>debi-</strong></span> 
     </span>
    </p>
   </div>
   <div class='ocr_carea' id='block_1_99' title="bbox 2119 3924 3104 3997">
    <p class='ocr_par' dir='ltr' id='par_1_99' title="bbox 2119 3924 3104 3997">
     <span class='ocr_line' id='line_1_99' title="bbox 2119 3924 3104 3997; baseline -0.004 -14"><span class='ocrx_word' id='word_1_764' title='bbox 2119 3940 2223 3984; x_wconf 89' lang='lat' dir='ltr'><strong>tum</strong></span> <span class='ocrx_word' id='word_1_765' title='bbox 2252 3930 2382 3983; x_wconf 83' lang='lat' dir='ltr'><strong>illud</strong></span> <span class='ocrx_word' id='word_1_766' title='bbox 2409 3929 2576 3983; x_wconf 86' lang='lat' dir='ltr'><strong>remisi</strong></span> <span class='ocrx_word' id='word_1_767' title='bbox 2603 3927 2690 3980; x_wconf 90' lang='lat' dir='ltr'><strong>tibi</strong></span> <span class='ocrx_word' id='word_1_768' title='bbox 2719 3925 2881 3997; x_wconf 83' lang='lat' dir='ltr'><strong>(Ibid.</strong></span> <span class='ocrx_word' id='word_1_769' title='bbox 2910 3943 2956 3979; x_wconf 86' lang='grc' dir='ltr'><strong>υ.</strong></span> <span class='ocrx_word' id='word_1_770' title='bbox 2990 3924 3104 3994; x_wconf 72' lang='lat'><strong>5&#39;2).</strong></span> 
     </span>
    </p>
   </div>
   <div class='ocr_carea' id='block_1_100' title="bbox 2190 4011 3694 4088">
    <p class='ocr_par' dir='ltr' id='par_1_100' title="bbox 2190 4011 3694 4088">
     <span class='ocr_line' id='line_1_100' title="bbox 2190 4011 3694 4088; baseline -0.005 -15"><span class='ocrx_word' id='word_1_771' title='bbox 2190 4019 2416 4074; x_wconf 80' lang='lat' dir='ltr'><strong>Facilius</strong></span> <span class='ocrx_word' id='word_1_772' title='bbox 2446 4019 2539 4074; x_wconf 82' lang='lat' dir='ltr'><strong>sibi</strong></span> <span class='ocrx_word' id='word_1_773' title='bbox 2562 4035 2712 4088; x_wconf 87' lang='lat' dir='ltr'><strong>quam</strong></span> <span class='ocrx_word' id='word_1_774' title='bbox 2739 4018 2854 4071; x_wconf 91' lang='lat' dir='ltr'><strong>aliis</strong></span> <span class='ocrx_word' id='word_1_775' title='bbox 2885 4016 3049 4070; x_wconf 86' lang='lat' dir='ltr'><strong>debita</strong></span> <span class='ocrx_word' id='word_1_776' title='bbox 3075 4014 3278 4069; x_wconf 88' lang='lat' dir='ltr'><strong>remittit</strong></span> <span class='ocrx_word' id='word_1_777' title='bbox 3309 4013 3539 4067; x_wconf 86' lang='lat' dir='ltr'><strong>Deus.—</strong></span> <span class='ocrx_word' id='word_1_778' title='bbox 3558 4011 3694 4079; x_wconf 85' lang='lat' dir='ltr'><strong>Quid</strong></span> 
     </span>
    </p>
   </div>
   <div class='ocr_carea' id='block_1_101' title="bbox 2119 4102 3695 4174">
    <p class='ocr_par' dir='ltr' id='par_1_101' title="bbox 2119 4102 3695 4174">
     <span class='ocr_line' id='line_1_101' title="bbox 2119 4102 3695 4174; baseline -0.007 -10"><span class='ocrx_word' id='word_1_779' title='bbox 2119 4110 2308 4164; x_wconf 89' lang='lat' dir='ltr'><strong>melius</strong></span> <span class='ocrx_word' id='word_1_780' title='bbox 2335 4125 2400 4165; x_wconf 91' lang='lat' dir='ltr'><strong>eo</strong></span> <span class='ocrx_word' id='word_1_781' title='bbox 2429 4109 2664 4174; x_wconf 82' lang='lat' dir='ltr'><strong>domino,</strong></span> <span class='ocrx_word' id='word_1_782' title='bbox 2695 4109 2780 4162; x_wconf 91' lang='lat' dir='ltr'><strong>cui</strong></span> <span class='ocrx_word' id='word_1_783' title='bbox 2811 4123 2931 4161; x_wconf 90' lang='lat' dir='ltr'><strong>cum</strong></span> <span class='ocrx_word' id='word_1_784' title='bbox 2961 4106 3282 4160; x_wconf 88' lang='lat' dir='ltr'><strong>deberentur</strong></span> <span class='ocrx_word' id='word_1_785' title='bbox 3315 4104 3502 4159; x_wconf 90' lang='lat' dir='ltr'><strong>decem</strong></span> <span class='ocrx_word' id='word_1_786' title='bbox 3531 4102 3695 4156; x_wconf 82' lang='lat' dir='ltr'><strong>millia</strong></span> 
     </span>
    </p>
   </div>
   <div class='ocr_carea' id='block_1_102' title="bbox 2119 4191 3698 4269">
    <p class='ocr_par' dir='ltr' id='par_1_102' title="bbox 2119 4191 3698 4269">
     <span class='ocr_line' id='line_1_102' title="bbox 2119 4191 3698 4269; baseline -0.008 -13"><span class='ocrx_word' id='word_1_787' title='bbox 2119 4191 2460 4269; x_wconf 78' lang='lat' dir='ltr'><strong>talentorum,</strong></span> <span class='ocrx_word' id='word_1_788' title='bbox 2489 4216 2558 4255; x_wconf 89' lang='lat' dir='ltr'><strong>ne</strong></span> <span class='ocrx_word' id='word_1_789' title='bbox 2584 4201 2748 4255; x_wconf 89' lang='lat' dir='ltr'><strong>verbo</strong></span> <span class='ocrx_word' id='word_1_790' title='bbox 2795 4199 3008 4269; x_wconf 90' lang='lat' dir='ltr'><strong>quidem</strong></span> <span class='ocrx_word' id='word_1_791' title='bbox 3055 4195 3420 4252; x_wconf 89' lang='lat' dir='ltr'><strong>stomachatus</strong></span> <span class='ocrx_word' id='word_1_792' title='bbox 3445 4202 3558 4260; x_wconf 90' lang='lat' dir='ltr'><strong>est,</strong></span> <span class='ocrx_word' id='word_1_793' title='bbox 3608 4201 3698 4244; x_wconf 89' lang='lat' dir='ltr'><strong>aut</strong></span> 
     </span>
    </p>
   </div>
   <div class='ocr_carea' id='block_1_103' title="bbox 2119 4287 3696 4365">
    <p class='ocr_par' dir='ltr' id='par_1_103' title="bbox 2119 4287 3696 4365">
     <span class='ocr_line' id='line_1_103' title="bbox 2119 4287 3696 4365; baseline -0.01 -14"><span class='ocrx_word' id='word_1_794' title='bbox 2119 4295 2397 4351; x_wconf 78' lang='lat' dir='ltr'><strong>scelestum</strong></span> <span class='ocrx_word' id='word_1_795' title='bbox 2424 4292 2751 4365; x_wconf 83' lang='lat' dir='ltr'><strong>appellavit?</strong></span> <span class='ocrx_word' id='word_1_796' title='bbox 2777 4292 2870 4348; x_wconf 89' lang='lat' dir='ltr'><strong>sed</strong></span> <span class='ocrx_word' id='word_1_797' title='bbox 2913 4307 3036 4346; x_wconf 91' lang='lat' dir='ltr'><strong>eum</strong></span> <span class='ocrx_word' id='word_1_798' title='bbox 3081 4287 3448 4344; x_wconf 89' lang='lat' dir='ltr'><strong>tantummodo</strong></span> <span class='ocrx_word' id='word_1_799' title='bbox 3477 4299 3696 4339; x_wconf 87' lang='lat' dir='ltr'><strong>venum-</strong></span> 
     </span>
    </p>
   </div>
   <div class='ocr_carea' id='block_1_104' title="bbox 2120 4378 3695 4455">
    <p class='ocr_par' dir='ltr' id='par_1_104' title="bbox 2120 4378 3695 4455">
     <span class='ocr_line' id='line_1_104' title="bbox 2120 4378 3695 4455; baseline -0.009 -14"><span class='ocrx_word' id='word_1_800' title='bbox 2120 4386 2234 4441; x_wconf 90' lang='lat' dir='ltr'><strong>dari</strong></span> <span class='ocrx_word' id='word_1_801' title='bbox 2261 4385 2418 4455; x_wconf 86' lang='lat' dir='ltr'><strong>jussit</strong></span> <span class='ocrx_word' id='word_1_802' title='bbox 2451 4402 2466 4438; x_wconf 87' lang='lat'><strong>:</strong></span> <span class='ocrx_word' id='word_1_803' title='bbox 2496 4385 2653 4454; x_wconf 86' lang='lat' dir='ltr'><strong>idque</strong></span> <span class='ocrx_word' id='word_1_804' title='bbox 2703 4400 2767 4438; x_wconf 91' lang='lat' dir='ltr'><strong>eo</strong></span> <span class='ocrx_word' id='word_1_805' title='bbox 2810 4383 2936 4446; x_wconf 86' lang='lat' dir='ltr'><strong>line,</strong></span> <span class='ocrx_word' id='word_1_806' title='bbox 2970 4392 3026 4436; x_wconf 91' lang='lat' dir='ltr'><strong>ut</strong></span> <span class='ocrx_word' id='word_1_807' title='bbox 3063 4396 3093 4435; x_wconf 90' lang='lat' dir='ltr'><strong>a</strong></span> <span class='ocrx_word' id='word_1_808' title='bbox 3123 4379 3316 4434; x_wconf 89' lang='lat' dir='ltr'><strong>debitis</strong></span> <span class='ocrx_word' id='word_1_809' title='bbox 3362 4378 3695 4432; x_wconf 89' lang='lat' dir='ltr'><strong>liberaretur.</strong></span> 
     </span>
    </p>
   </div>
   <div class='ocr_carea' id='block_1_105' title="bbox 2121 4471 3696 4540">
    <p class='ocr_par' dir='ltr' id='par_1_105' title="bbox 2121 4471 3696 4540">
     <span class='ocr_line' id='line_1_105' title="bbox 2121 4471 3696 4540; baseline -0.007 -6"><span class='ocrx_word' id='word_1_810' title='bbox 2121 4479 2307 4534; x_wconf 86' lang='lat' dir='ltr'><strong>Eidem</strong></span> <span class='ocrx_word' id='word_1_811' title='bbox 2357 4495 2482 4534; x_wconf 90' lang='lat' dir='ltr'><strong>cum</strong></span> <span class='ocrx_word' id='word_1_812' title='bbox 2529 4479 2784 4531; x_wconf 75' lang='lat' dir='ltr'><strong>adversus</strong></span> <span class='ocrx_word' id='word_1_813' title='bbox 2827 4490 3142 4530; x_wconf 91' lang='lat' dir='ltr'><strong>conservum</strong></span> <span class='ocrx_word' id='word_1_814' title='bbox 3189 4471 3430 4540; x_wconf 84' lang='lat' dir='ltr'><strong>improbe</strong></span> <span class='ocrx_word' id='word_1_815' title='bbox 3479 4472 3696 4540; x_wconf 83' lang='lat' dir='ltr'><strong>egisset,</strong></span> 
     </span>
    </p>
   </div>
   <div class='ocr_carea' id='block_1_106' title="bbox 2119 4561 3700 4635">
    <p class='ocr_par' dir='ltr' id='par_1_106' title="bbox 2119 4561 3700 4635">
     <span class='ocr_line' id='line_1_106' title="bbox 2119 4561 3700 4635; baseline -0.008 -8"><span class='ocrx_word' id='word_1_816' title='bbox 2119 4570 2481 4626; x_wconf 80' lang='lat' dir='ltr'><strong>stomachatur</strong></span> <span class='ocrx_word' id='word_1_817' title='bbox 2513 4585 2526 4622; x_wconf 90' lang='lat'><strong>:</strong></span> <span class='ocrx_word' id='word_1_818' title='bbox 2559 4578 2617 4624; x_wconf 86' lang='lat' dir='ltr'><strong>ut</strong></span> <span class='ocrx_word' id='word_1_819' title='bbox 2661 4569 2835 4623; x_wconf 90' lang='lat' dir='ltr'><strong>discas</strong></span> <span class='ocrx_word' id='word_1_820' title='bbox 2877 4567 3050 4635; x_wconf 83' lang='lat' dir='ltr'><strong>ipsum</strong></span> <span class='ocrx_word' id='word_1_821' title='bbox 3098 4563 3302 4620; x_wconf 79' lang='lat' dir='ltr'><strong>facilius</strong></span> <span class='ocrx_word' id='word_1_822' title='bbox 3347 4561 3488 4633; x_wconf 91' lang='lat' dir='ltr'><strong>quod</strong></span> <span class='ocrx_word' id='word_1_823' title='bbox 3536 4562 3588 4614; x_wconf 91' lang='lat' dir='ltr'><strong>in</strong></span> <span class='ocrx_word' id='word_1_824' title='bbox 3640 4574 3700 4615; x_wconf 87' lang='lat' dir='ltr'><strong>se</strong></span> 
     </span>
    </p>
   </div>
   <div class='ocr_carea' id='block_1_107' title="bbox 2121 4650 3702 4732">
    <p class='ocr_par' dir='ltr' id='par_1_107' title="bbox 2121 4650 3702 4732">
     <span class='ocr_line' id='line_1_107' title="bbox 2121 4650 3702 4732; baseline -0.007 -16"><span class='ocrx_word' id='word_1_825' title='bbox 2121 4671 2370 4732; x_wconf 89' lang='lat' dir='ltr'><strong>peccetur</strong></span> <span class='ocrx_word' id='word_1_826' title='bbox 2389 4703 2402 4728; x_wconf 93' lang='lat'><strong>,</strong></span> <span class='ocrx_word' id='word_1_827' title='bbox 2435 4676 2592 4730; x_wconf 91' lang='lat' dir='ltr'><strong>quam</strong></span> <span class='ocrx_word' id='word_1_828' title='bbox 2619 4660 2760 4730; x_wconf 92' lang='lat' dir='ltr'><strong>quod</strong></span> <span class='ocrx_word' id='word_1_829' title='bbox 2800 4658 3055 4713; x_wconf 85' lang='lat' dir='ltr'><strong>adversus</strong></span> <span class='ocrx_word' id='word_1_830' title='bbox 3079 4655 3230 4718; x_wconf 86' lang='lat' dir='ltr'><strong>alios,</strong></span> <span class='ocrx_word' id='word_1_831' title='bbox 3262 4655 3534 4708; x_wconf 88' lang='lat' dir='ltr'><strong>remittere</strong></span> <span class='ocrx_word' id='word_1_832' title='bbox 3562 4650 3702 4705; x_wconf 82' lang='lat' dir='ltr'><strong>sole-</strong></span> 
     </span>
    </p>
   </div>
   <div class='ocr_carea' id='block_1_108' title="bbox 2120 4741 3690 4812">
    <p class='ocr_par' dir='ltr' id='par_1_108' title="bbox 2120 4741 3690 4812">
     <span class='ocr_line' id='line_1_108' title="bbox 2120 4741 3690 4812; baseline -0.01 0"><span class='ocrx_word' id='word_1_833' title='bbox 2120 4772 2200 4812; x_wconf 87' lang='lat' dir='ltr'><strong>re.</strong></span> <span class='ocrx_word' id='word_1_834' title='bbox 2234 4757 2311 4810; x_wconf 82' lang='lat' dir='ltr'><strong>Ac</strong></span> <span class='ocrx_word' id='word_1_835' title='bbox 2355 4771 2458 4808; x_wconf 83' lang='lat' dir='ltr'><strong>non</strong></span> <span class='ocrx_word' id='word_1_836' title='bbox 2483 4753 2618 4808; x_wconf 93' lang='lat' dir='ltr'><strong>istud</strong></span> <span class='ocrx_word' id='word_1_837' title='bbox 2641 4757 2690 4805; x_wconf 91' lang='lat' dir='ltr'><strong>in</strong></span> <span class='ocrx_word' id='word_1_838' title='bbox 2719 4751 2819 4805; x_wconf 89' lang='lat' dir='ltr'><strong>hoc</strong></span> <span class='ocrx_word' id='word_1_839' title='bbox 2835 4750 2948 4805; x_wconf 88' lang='lat' dir='ltr'><strong>solo</strong></span> <span class='ocrx_word' id='word_1_840' title='bbox 2967 4749 3083 4803; x_wconf 92' lang='lat' dir='ltr'><strong>loco</strong></span> <span class='ocrx_word' id='word_1_841' title='bbox 3101 4745 3443 4812; x_wconf 88' lang='lat' dir='ltr'><strong>facit,verum</strong></span> <span class='ocrx_word' id='word_1_842' title='bbox 3471 4751 3528 4797; x_wconf 89' lang='lat' dir='ltr'><strong>et</strong></span> <span class='ocrx_word' id='word_1_843' title='bbox 3548 4741 3690 4796; x_wconf 87' lang='lat' dir='ltr'><strong>alibi.</strong></span> 
     </span>
    </p>
   </div>
   <div class='ocr_carea' id='block_1_109' title="bbox 2122 4833 3699 4916">
    <p class='ocr_par' dir='ltr' id='par_1_109' title="bbox 2122 4833 3699 4916">
     <span class='ocr_line' id='line_1_109' title="bbox 2122 4833 3699 4916; baseline -0.012 -11"><span class='ocrx_word' id='word_1_844' title='bbox 2122 4850 2185 4905; x_wconf 82' lang='lat' dir='ltr'><strong>Si</strong></span> <span class='ocrx_word' id='word_1_845' title='bbox 2210 4850 2362 4913; x_wconf 86' lang='lat' dir='ltr'><strong>enim,</strong></span> <span class='ocrx_word' id='word_1_846' title='bbox 2395 4847 2585 4916; x_wconf 91' lang='lat' dir='ltr'><strong>inquit,</strong></span> <span class='ocrx_word' id='word_1_847' title='bbox 2611 4845 2760 4912; x_wconf 72' lang='lat' dir='ltr'><strong>o/fers</strong></span> <span class='ocrx_word' id='word_1_848' title='bbox 2789 4859 2969 4897; x_wconf 84' lang='lat' dir='ltr'><strong>manus</strong></span> <span class='ocrx_word' id='word_1_849' title='bbox 3006 4852 3143 4894; x_wconf 88' lang='lat' dir='ltr'><strong>tuum</strong></span> <span class='ocrx_word' id='word_1_850' title='bbox 3180 4839 3247 4891; x_wconf 84' lang='lat' dir='ltr'><strong>ad</strong></span> <span class='ocrx_word' id='word_1_851' title='bbox 3285 4839 3477 4900; x_wconf 88' lang='lat' dir='ltr'><strong>altare,</strong></span> <span class='ocrx_word' id='word_1_852' title='bbox 3501 4844 3548 4888; x_wconf 91' lang='lat' dir='ltr'><strong>et</strong></span> <span class='ocrx_word' id='word_1_853' title='bbox 3594 4833 3699 4887; x_wconf 82' lang='lat' dir='ltr'><strong>illic</strong></span> 
     </span>
    </p>
   </div>
   <div class='ocr_carea' id='block_1_110' title="bbox 2119 4927 3700 5009">
    <p class='ocr_par' dir='ltr' id='par_1_110' title="bbox 2119 4927 3700 5009">
     <span class='ocr_line' id='line_1_110' title="bbox 2119 4927 3700 5009; baseline -0.009 -15"><span class='ocrx_word' id='word_1_854' title='bbox 2119 4940 2411 4995; x_wconf 88' lang='lat' dir='ltr'><strong>recordatus</strong></span> <span class='ocrx_word' id='word_1_855' title='bbox 2441 4939 2618 5009; x_wconf 74' lang='lat' dir='ltr'><strong>fueris,</strong></span> <span class='ocrx_word' id='word_1_856' title='bbox 2648 4936 2781 5005; x_wconf 85' lang='lat' dir='ltr'><strong>quod</strong></span> <span class='ocrx_word' id='word_1_857' title='bbox 2808 4935 2965 5003; x_wconf 80' lang='lat' dir='ltr'><strong>frater</strong></span> <span class='ocrx_word' id='word_1_858' title='bbox 2997 4943 3110 4986; x_wconf 87' lang='lat' dir='ltr'><strong>tuus</strong></span> <span class='ocrx_word' id='word_1_859' title='bbox 3138 4931 3284 4984; x_wconf 89' lang='lat' dir='ltr'><strong>habet</strong></span> <span class='ocrx_word' id='word_1_860' title='bbox 3306 4928 3497 4997; x_wconf 89' lang='lat' dir='ltr'><strong>aliquid</strong></span> <span class='ocrx_word' id='word_1_861' title='bbox 3520 4927 3700 4980; x_wconf 86' lang='lat' dir='ltr'><strong>adver-</strong></span> 
     </span>
    </p>
   </div>
   <div class='ocr_carea' id='block_1_111' title="bbox 2119 5022 3702 5096">
    <p class='ocr_par' dir='ltr' id='par_1_111' title="bbox 2119 5022 3702 5096">
     <span class='ocr_line' id='line_1_111' title="bbox 2119 5022 3702 5096; baseline -0.008 -14"><span class='ocrx_word' id='word_1_862' title='bbox 2119 5046 2230 5084; x_wconf 88' lang='lat' dir='ltr'><strong>sum</strong></span> <span class='ocrx_word' id='word_1_863' title='bbox 2254 5039 2300 5082; x_wconf 87' lang='lat' dir='ltr'><strong>te</strong></span> <span class='ocrx_word' id='word_1_864' title='bbox 2319 5069 2334 5095; x_wconf 92' lang='lat'><strong>,</strong></span> <span class='ocrx_word' id='word_1_865' title='bbox 2364 5028 2444 5080; x_wconf 90' lang='lat' dir='ltr'><strong>abi</strong></span> <span class='ocrx_word' id='word_1_866' title='bbox 2469 5029 2706 5096; x_wconf 83' lang='lat' dir='ltr'><strong>primum,</strong></span> <span class='ocrx_word' id='word_1_867' title='bbox 2740 5037 2792 5078; x_wconf 91' lang='lat' dir='ltr'><strong>ut</strong></span> <span class='ocrx_word' id='word_1_868' title='bbox 2821 5024 3152 5078; x_wconf 87' lang='lat' dir='ltr'><strong>reconcilieris</strong></span> <span class='ocrx_word' id='word_1_869' title='bbox 3175 5022 3321 5092; x_wconf 79' lang='lat' dir='ltr'><strong>fratri</strong></span> <span class='ocrx_word' id='word_1_870' title='bbox 3348 5029 3461 5085; x_wconf 87' lang='lat' dir='ltr'><strong>tuo,</strong></span> <span class='ocrx_word' id='word_1_871' title='bbox 3493 5035 3554 5071; x_wconf 89' lang='lat' dir='ltr'><strong>ac</strong></span> <span class='ocrx_word' id='word_1_872' title='bbox 3595 5029 3702 5070; x_wconf 87' lang='lat' dir='ltr'><strong>tum</strong></span> 
     </span>
    </p>
   </div>
   <div class='ocr_carea' id='block_1_112' title="bbox 2120 5109 3701 5185">
    <p class='ocr_par' dir='ltr' id='par_1_112' title="bbox 2120 5109 3701 5185">
     <span class='ocr_line' id='line_1_112' title="bbox 2120 5109 3701 5185; baseline -0.006 -11"><span class='ocrx_word' id='word_1_873' title='bbox 2120 5121 2318 5174; x_wconf 81' lang='lat' dir='ltr'><strong>veniens</strong></span> <span class='ocrx_word' id='word_1_874' title='bbox 2363 5117 2491 5184; x_wconf 73' lang='lat' dir='ltr'><strong>o/fer</strong></span> <span class='ocrx_word' id='word_1_875' title='bbox 2539 5133 2722 5171; x_wconf 86' lang='lat' dir='ltr'><strong>munus</strong></span> <span class='ocrx_word' id='word_1_876' title='bbox 2767 5127 2906 5170; x_wconf 89' lang='lat' dir='ltr'><strong>tuum</strong></span> <span class='ocrx_word' id='word_1_877' title='bbox 2936 5114 3145 5185; x_wconf 81' lang='lat' dir='ltr'><strong>(Matth.</strong></span> <span class='ocrx_word' id='word_1_878' title='bbox 3175 5114 3228 5168; x_wconf 82' lang='lat'><strong>5.</strong></span> <span class='ocrx_word' id='word_1_879' title='bbox 3259 5113 3348 5168; x_wconf 76' lang='grc'><strong>25.</strong></span> <span class='ocrx_word' id='word_1_880' title='bbox 3380 5111 3496 5185; x_wconf 70' lang='grc'><strong>24).</strong></span> <span class='ocrx_word' id='word_1_881' title='bbox 3545 5109 3701 5165; x_wconf 85' lang='lat' dir='ltr'><strong>Vides</strong></span> 
     </span>
    </p>
   </div>
   <div class='ocr_carea' id='block_1_113' title="bbox 2121 5209 3704 5278">
    <p class='ocr_par' dir='ltr' id='par_1_113' title="bbox 2121 5209 3704 5278">
     <span class='ocr_line' id='line_1_113' title="bbox 2121 5209 3704 5278; baseline -0.004 -17"><span class='ocrx_word' id='word_1_882' title='bbox 2121 5225 2278 5276; x_wconf 90' lang='lat' dir='ltr'><strong>quam</strong></span> <span class='ocrx_word' id='word_1_883' title='bbox 2330 5209 2523 5278; x_wconf 84' lang='lat' dir='ltr'><strong>ubique</strong></span> <span class='ocrx_word' id='word_1_884' title='bbox 2583 5209 2694 5262; x_wconf 91' lang='lat' dir='ltr'><strong>suis</strong></span> <span class='ocrx_word' id='word_1_885' title='bbox 2744 5215 2924 5261; x_wconf 88' lang='lat' dir='ltr'><strong>nostra</strong></span> <span class='ocrx_word' id='word_1_886' title='bbox 2971 5213 3294 5273; x_wconf 85' lang='lat' dir='ltr'><strong>anteponat,</strong></span> <span class='ocrx_word' id='word_1_887' title='bbox 3326 5215 3612 5271; x_wconf 84' lang='lat' dir='ltr'><strong>pacemque</strong></span> <span class='ocrx_word' id='word_1_888' title='bbox 3649 5209 3704 5255; x_wconf 89' lang='lat' dir='ltr'><strong>et</strong></span> 
     </span>
    </p>
   </div>
   <div class='ocr_carea' id='block_1_114' title="bbox 2120 5291 3703 5370">
    <p class='ocr_par' dir='ltr' id='par_1_114' title="bbox 2120 5291 3703 5370">
     <span class='ocr_line' id='line_1_114' title="bbox 2120 5291 3703 5370; baseline -0.006 -13"><span class='ocrx_word' id='word_1_889' title='bbox 2120 5304 2396 5357; x_wconf 89' lang='lat' dir='ltr'><strong>caritatem</strong></span> <span class='ocrx_word' id='word_1_890' title='bbox 2442 5301 2802 5370; x_wconf 78' lang='lat' dir='ltr'><strong>proximorum</strong></span> <span class='ocrx_word' id='word_1_891' title='bbox 2855 5311 3064 5353; x_wconf 86' lang='lat' dir='ltr'><strong>summo</strong></span> <span class='ocrx_word' id='word_1_892' title='bbox 3113 5297 3229 5350; x_wconf 89' lang='lat' dir='ltr'><strong>loco</strong></span> <span class='ocrx_word' id='word_1_893' title='bbox 3280 5291 3703 5348; x_wconf 85' lang='lat' dir='ltr'><strong>constituat?Et</strong></span> 
     </span>
    </p>
   </div>
   <div class='ocr_carea' id='block_1_115' title="bbox 2123 5388 3700 5457">
    <p class='ocr_par' dir='ltr' id='par_1_115' title="bbox 2123 5388 3700 5457">
     <span class='ocr_line' id='line_1_115' title="bbox 2123 5388 3700 5457; baseline -0.006 -9"><span class='ocrx_word' id='word_1_894' title='bbox 2123 5409 2306 5448; x_wconf 89' lang='lat' dir='ltr'><strong>rursus</strong></span> <span class='ocrx_word' id='word_1_895' title='bbox 2325 5393 2448 5447; x_wconf 84' lang='lat' dir='ltr'><strong>alibi</strong></span> <span class='ocrx_word' id='word_1_896' title='bbox 2472 5413 2484 5446; x_wconf 87' lang='lat'><strong>:</strong></span> <span class='ocrx_word' id='word_1_897' title='bbox 2513 5391 2823 5457; x_wconf 84' lang='lat' dir='ltr'><strong>Quicumque</strong></span> <span class='ocrx_word' id='word_1_898' title='bbox 2850 5388 3084 5457; x_wconf 85' lang='lat' dir='ltr'><strong>repudiat</strong></span> <span class='ocrx_word' id='word_1_899' title='bbox 3119 5403 3326 5440; x_wconf 74' lang='lat' dir='ltr'><strong>uxorem</strong></span> <span class='ocrx_word' id='word_1_900' title='bbox 3367 5401 3509 5438; x_wconf 87' lang='lat' dir='ltr'><strong>suam</strong></span> <span class='ocrx_word' id='word_1_901' title='bbox 3527 5426 3542 5448; x_wconf 94' lang='lat'><strong>,</strong></span> <span class='ocrx_word' id='word_1_902' title='bbox 3573 5398 3700 5450; x_wconf 67' lang='lat' dir='ltr'><strong>prat-</strong></span> 
     </span>
    </p>
   </div>
   <div class='ocr_carea' id='block_1_116' title="bbox 2123 5474 3696 5554">
    <p class='ocr_par' dir='ltr' id='par_1_116' title="bbox 2123 5474 3696 5554">
     <span class='ocr_line' id='line_1_116' title="bbox 2123 5474 3696 5554; baseline -0.006 -15"><span class='ocrx_word' id='word_1_903' title='bbox 2123 5494 2344 5554; x_wconf 86' lang='lat' dir='ltr'><strong>terquam</strong></span> <span class='ocrx_word' id='word_1_904' title='bbox 2371 5489 2562 5538; x_wconf 84' lang='lat' dir='ltr'><strong>ratione</strong></span> <span class='ocrx_word' id='word_1_905' title='bbox 2585 5482 2842 5545; x_wconf 87' lang='lat' dir='ltr'><strong>adulterii,</strong></span> <span class='ocrx_word' id='word_1_906' title='bbox 2873 5497 2985 5533; x_wconf 88' lang='lat' dir='ltr'><strong>eam</strong></span> <span class='ocrx_word' id='word_1_907' title='bbox 3011 5479 3292 5532; x_wconf 87' lang='lat' dir='ltr'><strong>adulterari</strong></span> <span class='ocrx_word' id='word_1_908' title='bbox 3314 5478 3434 5547; x_wconf 79' lang='lat' dir='ltr'><strong>facit</strong></span> <span class='ocrx_word' id='word_1_909' title='bbox 3463 5474 3512 5532; x_wconf 84' lang='lat' dir='ltr'><strong>ll</strong></span> <span class='ocrx_word' id='word_1_910' title='bbox 3519 5476 3622 5527; x_wconf 88' lang='lat' dir='ltr'><strong>bid.</strong></span> <span class='ocrx_word' id='word_1_911' title='bbox 3648 5491 3696 5529; x_wconf 78' lang='lat' dir='ltr'><strong>tt.</strong></span> 
     </span>
    </p>
   </div>
   <div class='ocr_carea' id='block_1_117' title="bbox 2123 5568 3705 5648">
    <p class='ocr_par' dir='ltr' id='par_1_117' title="bbox 2123 5568 3705 5648">
     <span class='ocr_line' id='line_1_117' title="bbox 2123 5568 3705 5648; baseline -0.009 -16"><span class='ocrx_word' id='word_1_912' title='bbox 2123 5577 2235 5648; x_wconf 77' lang='lat'><strong>5:2).</strong></span> <span class='ocrx_word' id='word_1_913' title='bbox 2261 5577 2362 5631; x_wconf 83' lang='lat' dir='ltr'><strong>Per</strong></span> <span class='ocrx_word' id='word_1_914' title='bbox 2393 5577 2611 5630; x_wconf 86' lang='lat' dir='ltr'><strong>Paulum</strong></span> <span class='ocrx_word' id='word_1_915' title='bbox 2641 5583 2814 5627; x_wconf 85' lang='lat' dir='ltr'><strong>autent</strong></span> <span class='ocrx_word' id='word_1_916' title='bbox 2845 5573 2980 5626; x_wconf 89' lang='lat' dir='ltr'><strong>hanc</strong></span> <span class='ocrx_word' id='word_1_917' title='bbox 3007 5572 3175 5641; x_wconf 78' lang='lat' dir='ltr'><strong>legem</strong></span> <span class='ocrx_word' id='word_1_918' title='bbox 3203 5570 3392 5632; x_wconf 91' lang='lat' dir='ltr'><strong>sancit,</strong></span> <span class='ocrx_word' id='word_1_919' title='bbox 3414 5568 3605 5638; x_wconf 76' lang='lat' dir='ltr'><strong>Siquis</strong></span> <span class='ocrx_word' id='word_1_920' title='bbox 3631 5568 3705 5620; x_wconf 75' lang='lat' dir='ltr'><strong>vir</strong></span> 
     </span>
    </p>
   </div>
   <div class='ocr_carea' id='block_1_118' title="bbox 2122 5663 3701 5736">
    <p class='ocr_par' dir='ltr' id='par_1_118' title="bbox 2122 5663 3701 5736">
     <span class='ocr_line' id='line_1_118' title="bbox 2122 5663 3701 5736; baseline -0.006 -12"><span class='ocrx_word' id='word_1_921' title='bbox 2122 5686 2328 5726; x_wconf 67' lang='lat' dir='ltr'><strong>uxorem</strong></span> <span class='ocrx_word' id='word_1_922' title='bbox 2351 5669 2495 5722; x_wconf 88' lang='lat' dir='ltr'><strong>habet</strong></span> <span class='ocrx_word' id='word_1_923' title='bbox 2512 5667 2786 5736; x_wconf 76' lang='lat' dir='ltr'><strong>inﬁdelem,</strong></span> <span class='ocrx_word' id='word_1_924' title='bbox 2807 5669 2945 5734; x_wconf 83' lang='lat' dir='ltr'><strong>eique</strong></span> <span class='ocrx_word' id='word_1_925' title='bbox 2964 5666 3157 5735; x_wconf 82' lang='lat' dir='ltr'><strong>placeat</strong></span> <span class='ocrx_word' id='word_1_926' title='bbox 3183 5681 3295 5716; x_wconf 89' lang='lat' dir='ltr'><strong>cum</strong></span> <span class='ocrx_word' id='word_1_927' title='bbox 3320 5665 3428 5732; x_wconf 85' lang='lat' dir='ltr'><strong>ipso</strong></span> <span class='ocrx_word' id='word_1_928' title='bbox 3454 5663 3701 5728; x_wconf 88' lang='lat' dir='ltr'><strong>habitare,</strong></span> 
     </span>
    </p>
   </div>
   <div class='ocr_carea' id='block_1_119' title="bbox 2127 5753 3698 5841">
    <p class='ocr_par' dir='ltr' id='par_1_119' title="bbox 2127 5753 3698 5841">
     <span class='ocr_line' id='line_1_119' title="bbox 2127 5753 3698 5841; baseline -0.006 -25"><span class='ocrx_word' id='word_1_929' title='bbox 2127 5778 2188 5816; x_wconf 75' lang='lat' dir='ltr'><strong>ne</strong></span> <span class='ocrx_word' id='word_1_930' title='bbox 2209 5760 2425 5814; x_wconf 83' lang='lat' dir='ltr'><strong>dimittat</strong></span> <span class='ocrx_word' id='word_1_931' title='bbox 2470 5777 2578 5814; x_wconf 88' lang='lat' dir='ltr'><strong>eam</strong></span> <span class='ocrx_word' id='word_1_932' title='bbox 2604 5759 2676 5831; x_wconf 83' lang='lat' dir='ltr'><strong>(I.</strong></span> <span class='ocrx_word' id='word_1_933' title='bbox 2702 5758 2819 5841; x_wconf 48' lang='lat' dir='ltr'><strong>Cor:</strong></span> <span class='ocrx_word' id='word_1_934' title='bbox 2941 5757 3043 5828; x_wconf 64' lang='lat' dir='ltr'><strong>I‘Z).</strong></span> <span class='ocrx_word' id='word_1_935' title='bbox 3073 5755 3223 5824; x_wconf 85' lang='lat' dir='ltr'><strong>Quod</strong></span> <span class='ocrx_word' id='word_1_936' title='bbox 3249 5755 3294 5811; x_wconf 88' lang='lat' dir='ltr'><strong>si</strong></span> <span class='ocrx_word' id='word_1_937' title='bbox 3324 5754 3560 5810; x_wconf 80' lang='lat' dir='ltr'><strong>adultera</strong></span> <span class='ocrx_word' id='word_1_938' title='bbox 3590 5753 3698 5820; x_wconf 85' lang='lat' dir='ltr'><strong>sit,</strong></span> 
     </span>
    </p>
   </div>
  </div>
