4106 6432
462 371 528 425 29
1195 367 1251 423 S.
1281 364 1562 424 JOANNIS
1591 361 2070 420 CIIRYSOSTOMI
2099 359 2415 417 ARCIHEP.
2448 356 2989 415 CONSTANTINOP.
3642 356 3712 408 30

460 474 549 527 τδν
588 472 849 545 ἥμαρτεν
903 472 1273 545 ἁμαρτήματα
1318 472 1577 538 τοσαῦτα,
1626 470 2031 540 συνεχώρησενο

460 561 550 615 ὅτε
584 561 649 615 -δὲ
685 563 768 626 είς
807 562 898 618 τὸν
938 564 1217 617 σύνδουλον
1264 564 1511 636 ἥμαρτεν
1554 562 1811 615 ἐλάττονα
1855 556 2036 627 πολλῷ

461 652 559 707 καὶ
586 652 799 724 βραχίω
822 652 929 706 τῶν
957 654 1036 716 είς
1072 654 1162 706 τὸν
1188 654 1476 723 δεσπότην,
1507 654 1608 706 οὐκ
1651 652 1884 720 ἀφῆκεν,
1919 648 2034 703 ἀλλ’

459 743 762 812 ἐπεξῆλθε’
790 743 885 796 καὶ¹
923 742 1155 796 ἐνταῦθα
1204 743 1304 813 μὲν
1344 742 1579 814 πονηρὸν
1609 741 1889 799 ἐκάλεσεν.
1921 738 2037 791 ἐκεῖ

459 837 516 890 δὲ
545 837 662 890 οὐδὲ
687 834 848 905 μέχρι
874 837 1117 905 ῥήματος
1146 835 1308 890 αὑτὸν
1332 836 1591 906 ἐλύπησε.
1623 833 1721 887 Διά
1749 832 1907 887 τοῦτο
1937 830 2036 901 μὲν

461 931 555 982 καὶ
600 929 833 982 ἐνταῦθα
876 930 969 981 καὶ
1010 928 1167 981 τοῦτο
1222 929 1581 1000 πρόσκειται,
1633 927 1714 980 ὅτι
1762 923 2038 996 ὀργισθεὶς

459 1018 775 1090 παρέδωκεν
818 1019 979 1072 αὑτὸν
1008 1022 1122 1082 τοῖς
1157 1018 1507 1089 βασανισταῖς
1529 1036 1540 1049 ο
1573 1017 1735 1089 ἡνίκα
1775 1016 1832 1069 δὲ
1874 1014 2037 1069 αὐτὸν

459 1101 655 1172 ἀπῄτει
684 1100 840 1170 λόγον
876 1101 985 1154 τῶν
1015 1103 1226 1173 μυρίων
1253 1102 1555 1165 ταλάντων,
1602 1100 1756 1154 οὐδὲν
1789 1098 2036 1152 τοιοῦτον

460 1193 803 1264 προσέθηκεν
821 1211 835 1223 ·
866 1194 950 1246 ἴνα
985 1193 1132 1267 μάθῃ
1144 1212 1183 1257 ς,
1206 1194 1288 1247 ὅτι
1312 1192 1495 1263 ἐκείνη
1525 1192 1624 1264 μὲν
1648 1193 1681 1262 ή
1706 1191 1888 1262 ψῆφος
1913 1188 2037 1259 οὐχὶ

459 1284 630 1354 ὀργῆς
659 1280 749 1355 ἦν,
778 1284 912 1337 ἀλλά
934 1284 1266 1355 κηδεμονίας
1293 1284 1433 1355 πρὸς
1461 1283 1812 1354 συγχώρησιν
1836 1283 2038 1349 ἐπαγο-

464 1377 660 1447 μένης·
700 1375 839 1446 αὕτη
876 1377 934 1429 δέ
977 1376 1142 1428 αὑτὸν
1178 1375 1415 1446 μάλιστα
1443 1373 1763 1446 παρώξυνεν
1788 1373 1822 1443 ἡ
1859 1372 2039 1442 ἁμαρ-

459 1471 569 1524 τία.
620 1466 757 1541 Ἄρα
792 1469 842 1523 τί
884 1470 1081 1538 γένοιτ’
1129 1469 1197 1523 διν
1245 1468 1612 1540 μνησικακίας
1649 1469 1858 1538 χεῖρον,
1909 1465 2038 1518 ὅταν

461 1561 874 1633 φιλανθρωπίαν
919 1561 1290 1632 ἐξενεχθεῖσαν
1339 1560 1695 1615 ἀνακαλεῖται
1737 1555 1895 1621 Θεοῦ,
1944 1554 2038 1609 καὶ

463 1651 607 1723 άπερ
636 1652 735 1705 οὐκ
767 1652 985 1722 ἴσχυσεν
1028 1651 1191 1705 αὐτὸν
1235 1651 1502 1704 διαθεῖναι
1532 1649 1603 1704 τά
1640 1648 2034 1720 ἁμαρτήματα,

460 1741 630 1794 ταῦτα
661 1742 834 1813 ἰσχύει
876 1742 1043 1797 αὑτὸν
1079 1742 1421 1813 ἐργάσασθαι
1447 1745 1480 1813 ή
1509 1740 1652 1794 κατὰ
1681 1740 1776 1793 τοῦ
1807 1739 2037 1810 πλησίον

460 1832 632 1905 ὀργής
675 1834 865 1888 Καίτοι
893 1851 957 1902 γε
997 1834 1345 1905 γέγραπται,
1386 1834 1467 1887 ὅτι
1520 1830 1939 1905 Ἀμεταμέλητα
1971 1827 2039 1882 τά

459 1925 773 1996 χαρίσματα
812 1924 907 1978 τοῦ
937 1925 1094 1980 Θεοῦ.
1131 1925 1257 1991 Πῶς
1288 1921 1382 1980 οὖν
1411 1925 1648 1979 ἐνταῦθα
1686 1922 1825 1995 μετά
1853 1921 1914 1976 τὸ
1952 1920 2040 1986 ἐξ·

460 2017 750 2087 ινεχθῆναι
800 2017 897 2088 τὴν
948 2016 1180 2089 δωρεὰν,
1231 2017 1371 2089 μετά
1411 2017 1473 2070 τὸ
1532 2014 1891 2086 προχωρῆσαι
1938 2013 2038 2085 τὴν

460 2105 897 2177 φιλανθρωπίαν,
943 2107 1215 2179 ἀνεκλήθη
1258 2107 1423 2161 πάλιν
1468 2107 1501 2177 ή
1554 2104 1768 2175 ψῆφοςς
1803 2102 1902 2156 Διά
1938 2102 2038 2172 τὴν

463 2199 874 2269 μνησικακίαν·
919 2199 1061 2252 ὥστε
1116 2200 1218 2253 ούκ
1269 2198 1334 2253 ἄν
1388 2215 1472 2261 τις
1521 2197 1797 2268 ἁμάρτοι,
1857 2195 2040 2264 πάσης

461 2293 737 2364 ἁμαρτίας
765 2293 971 2364 ταύτην
999 2292 1386 2364 χαλεπωτέραν
1412 2291 1834 2362 ἀποφηνάμενος
1861 2286 2001 2342 εῖναι
2019 2300 2036 2317 ⁸

459 2385 515 2437 αῖ
542 2384 639 2455 μὲν
662 2384 770 2456 γάρ
797 2384 956 2438 ἄλλαι
994 2387 1166 2439 πᾶσαι
1194 2383 1544 2456 ἠδυνήθησαν
1580 2381 1927 2453 συγχώρησιν
1950 2381 2041 2434 εύ-

461 2473 671 2545 ρέσθαι,
704 2475 842 2547 αὕτη
872 2476 930 2530 δὲ
955 2477 1016 2530 ού
1047 2476 1204 2547 μόνον
1235 2475 1336 2529 οὐκ
1361 2475 1548 2545 ἴσχυσε
1584 2473 1916 2544 συγγνώμης
1941 2490 2038 2525 τυ-

458 2569 596 2641 χεῖν,
644 2568 781 2621 ἀλλά
828 2569 923 2622 καὶ
964 2568 1061 2633 τὰς
1107 2569 1303 2641 ἐτέρας
1344 2566 1739 2639 ἀφανισθείσας
1784 2564 2040 2631 καθάπαξ

459 2658 729 2712 ἁνενέωσε
763 2659 947 2714 πάλιν.

531 2751 696 2804 Ὥστε
744 2751 965 2806 διπλοῦν
1012 2752 1180 2807 κακὸν
1222 2753 1256 2824 ή
1292 2750 1410 2824 [Η]
1452 2750 1823 2822 μνησικακία,
1864 2749 1945 2802 ὅτι
1980 2765 2038 2801 τε

458 2840 718 2911 οὐδεμίαν
759 2842 1057 2911 ἀπολογίαν
1101 2842 1216 2913 ἔχει
1248 2841 1402 2915 παρὰ
1434 2842 1515 2913 τῷ
1542 2841 1661 2912 Θεῷ
1683 2883 1697 2908 ,
1734 2841 1829 2895 καὶ
1860 2841 1942 2894 ὅτι
1972 2838 2039 2891 τά

458 2931 622 2985 λοιπά
664 2931 821 3002 ήμῶν
868 2934 1267 3005 ἁμαρτήματα,
1314 2933 1417 2987 κᾶν
1466 2932 1821 3005 συγχωρηθῇ,
1877 2931 2039 2986 πάλιν

460 3023 850 3086 ἀνακαλεῖται,
885 3025 981 3079 καὶ
1018 3024 1142 3079 καθ’
1172 3024 1330 3096 ήμῶν
1357 3025 1571 3095 ἵστησιν
1596 3044 1610 3057 ·
1642 3027 1781 3096 ὅπερ
1813 3019 1907 3079 οὖν
1946 3023 2041 3078 καὶ

461 3116 697 3171 ἐνταῦθα
737 3116 1013 3187 ἐποίησεν.
1060 3117 1226 3170 Οὐδὲν
1261 3116 1402 3189 γάρ,
1438 3116 1592 3169 οὐδὲν
1634 3115 1808 3179 οὕτως
1839 3116 1869 3169 ὁ
1908 3115 2041 3180 Θεὸς

466 3211 617 3277 μισεῖ
657 3209 755 3263 καὶ
797 3210 1223 3281 ἀποστρέφεται,
1261 3209 1336 3274 ὼς
1383 3209 1669 3281 ἄνθρωπον
1700 3207 2040 3279 μνησίκακον

462 3301 557 3353 καὶ
599 3301 964 3373 διατηροῦντα
992 3302 1185 3373 ὀργήν.
1221 3302 1331 3355 Καὶ
1370 3301 1532 3355 τοῦτο
1560 3299 1794 3371 μάλιστα
1824 3300 1921 3370 μὲν
1962 3300 2042 3354 ἐν·

458 3390 650 3447 τεῦθεν
683 3392 1019 3461 ἐπεδείξατο,
1054 3394 1149 3448 καὶ
1174 3393 1283 3448 ἀπὸ
1311 3393 1409 3465 τῆς
1439 3393 1603 3464 εὐχῆς
1631 3392 1689 3447 δέ
1712 3393 1881 3463 αὐτῆς
1914 3391 2039 3445 ἐκέ-

461 3482 652 3538 λευσεν
683 3487 813 3556 ἡμῖν
847 3486 1025 3555 λέγειν
1053 3486 1248 3551 οὕτως·
1279 3486 1454 3555 Ἄφες
1495 3485 1640 3555 ἡμῖν
1688 3485 1762 3539 τὰ
1798 3482 2040 3553 ὀφειλή-

457 3594 617 3646 ματα
646 3577 835 3646 ἡμῶν,
863 3579 944 3645 ὼς
969 3578 1069 3641 καὶ
1090 3578 1259 3650 ἡμεῖς
1282 3578 1534 3647 ἀφίεμεν
1555 3577 1679 3644 τοῖς
1706 3577 2040 3646 ὀφειλέταις

462 3667 652 3737 ἡμῶν.
689 3668 876 3723 Ταῦτα
902 3665 996 3724 οὖν
1024 3669 1242 3724 ἅπαντα
1271 3669 1475 3732 εἰδότες
1498 3709 1512 3732 ,
1545 3669 1640 3722 καὶ
1662 3668 1761 3740 τὴν
1795 3667 2040 3740 παραδο-

461 3759 559 3827 λὴν
595 3760 971 3832 ἐγγράψαντες
1011 3760 1216 3833 ταύτην
1247 3762 1304 3815 ἐν
1335 3762 1457 3823 ταῖς
1487 3760 1759 3832 καρδίαις,
1791 3760 1921 3814 ὅταν
1955 3760 2041 3813 ἐν-

464 3853 744 3922 νοήσωμεν
797 3851 941 3923 άπερ
982 3851 1333 3922 πεπόνθαμεν
1383 3850 1533 3924 παρά
1577 3851 1688 3904 τῶν
1718 3850 2036 3916 συνδούλων,

458 3942 808 4013 λογισώμεθα
839 3941 982 4014 άπερ
1008 3943 1348 4013 ἐποιήσαμεν
1379 3943 1459 4005 είς
1489 3941 1581 3994 τὸν
1607 3942 1886 4011 Δεσπότην
1908 3958 1919 3971 ·
1946 3942 2040 3995 καὶ

460 4033 541 4104 τῷ
589 4032 740 4103 φόϐῳ
777 4033 886 4086 τῶν
919 4034 1137 4087 οἰκείων
1185 4034 1599 4106 ἁμαρτημάτων
1624 4035 1715 4087 τὸν
1746 4033 1916 4104 θυμὸν
1944 4034 2036 4087 τὸν

464 4125 559 4178 ἐπὶ
616 4125 729 4183 τοῖς
788 4123 1091 4194 ἀλλοτρίοις
1156 4125 1594 4197 πλημμελήμασι
1653 4126 1865 4198 ταχέως
1929 4128 2032 4181 ἀπ-

2136 467 2379 521 ώσασθαι
2411 468 2772 541 δυνησόμεθα·
2799 471 2847 522 εί
2880 468 2989 539 γάρ
3014 468 3094 520 δεῖ
3119 466 3432 538 μεμνῆσθαι
3463 468 3713 540 ἁμαρτη-

2140 558 2345 629 μάτων,
2389 559 2497 613 τῶν
2533 560 2749 613 οἰκείων
2786 559 2867 613 δεῖ
2909 557 3224 629 μεμνῆσθαι
3276 558 3470 628 μόνον·
3516 560 3612 613 ἐὰν
3653 560 3712 613 δὲ

2135 650 2245 705 τῶν
2273 652 2490 705 οἰκείων
2523 651 2989 723 μνημονεύσωμεν
3009 690 3024 714 ,
3056 650 3310 703 οὐδέποτε
3346 649 3415 703 τά
3454 649 3707 719 ἀλλότρια

2136 744 2466 814 λογιούμεθα
2486 761 2500 775 ο
2536 744 2724 815 ὥσπερ
2748 740 2841 797 οὖν
2860 743 2926 797 ἂν
2956 742 3162 796 τούτων
3200 740 3708 812 ἐπιλανθανώμεθα,

2138 837 2322 888 ἐκεῖνα
2366 835 2564 906 ῥᾳδίως
2605 835 3044 906 ἐμφιλοχωρήσει
3086 836 3199 897 τοῖς
3232 832 3530 905 ἡμετέροις
3563 832 3695 901 λογιι

2140 926 2316 997 σμοῖς.
2350 926 2462 979 Καὶ
2489 925 2599 998 γάρ
2627 923 2783 989 οὗτος
2815 928 2863 979 εἰ
2889 925 2999 978 τῶν
3033 926 3244 995 μυρίων
3271 924 3551 979 ταλάντων
3583 923 3706 993 ἐμέ·

2141 1034 2331 1089 μνητο,
2372 1019 2474 1071 οὐκ
2506 1017 2574 1072 ἂν
2603 1018 2851 1090 ἐμνήσθη
2883 1017 2994 1072 τῶν
3026 1017 3222 1071 ἑκατὸν
3258 1018 3559 1089 δηναρίων·
3593 1016 3709 1071 ἀλλ’

2137 1110 2323 1180 ἐπειδὴ
2365 1110 2591 1164 ἐκείνων
2637 1110 2953 1175 ἐπελάθετο,
2983 1109 3071 1164 διά
3112 1110 3271 1163 τοῦτο
3320 1110 3460 1182 ὑπὲρ
3506 1108 3711 1163 τούτων

2135 1196 2273 1272 ἦγχε
2306 1200 2398 1253 τὸν
2428 1200 2710 1254 σύνδουλον
2730 1241 2744 1263 ,
2781 1201 2877 1255 καὶ¹
2914 1200 3070 1269 ὀλίγα
3112 1200 3437 1272 βουλόμενος
3477 1201 3711 1270 ἀπαιτῆ-

2139 1310 2248 1355 σαι.
2290 1292 2415 1346 οὔτε
2445 1293 2668 1346 ἐκείνων
2712 1293 2997 1364 ἐπέτυχεν,
3048 1292 3184 1347 ἀλλά
3232 1293 3327 1347 καὶ
3356 1291 3465 1346 τῶν
3501 1291 3712 1364 μυρίων

2135 1383 2410 1439 ταλάντων
2430 1384 2520 1440 τδν
2552 1383 2716 1453 δγκον
2745 1387 2825 1450 εἰς
2842 1385 2943 1455 τὴν
2970 1384 3167 1438 ἑαυτοῦ
3196 1383 3438 1455 κεφαλὴν
3469 1382 3715 1438 ἐπεσπά-

2139 1492 2289 1528 σατο.
2318 1474 2417 1528 Διά
2442 1474 2600 1528 τοῦτο
2621 1474 2839 1546 θαρρῶν
2863 1476 2929 1529 ἂν
2960 1476 3191 1547 εἴποιμι,
3221 1478 3304 1531 ὅτι
3331 1475 3513 1547 πάσης
3544 1477 3715 1547 ἀμαρ-

2137 1566 2259 1630 τίας
2288 1566 2426 1638 αῦτη
2463 1566 2820 1638 χαλεπωτέρα
2842 1584 2855 1598 ο
2904 1566 3103 1637 μᾶλλον
3139 1566 3197 1619 δὲ
3234 1566 3333 1621 οὐκ
3379 1567 3490 1636 ἐγὼ
3534 1566 3713 1632 τοῦτο,

2138 1657 2274 1711 ἀλλά
2325 1660 2354 1711 ὁ
2395 1658 2631 1729 Χριστὸς
2675 1657 2764 1712 διὰ
2804 1658 2908 1728 τῆς
2948 1658 3268 1730 παραϐολῆς
3312 1658 3517 1730 ταύτης
3556 1657 3716 1712 τοῦτο

2138 1750 2475 1819 ἀπεφήνατο.
2518 1750 2581 1802 Ei
2624 1749 2734 1821 γάρ
2765 1749 2841 1821 μὴ
2875 1749 3085 1820 μυρίων
3138 1749 3435 1817 ταλάντων,
3480 1750 3623 1820 λέγω
3651 1751 3716 1821 δὴ

2135 1842 2246 1896 τῶν
2289 1842 2512 1910 ἀφάτων
2556 1841 2970 1914 ἁμαρτημάτων
2992 1883 3007 1908 ,
3056 1840 3196 1912 αὕτη
3230 1841 3591 1911 χαλεπωτέρα
3623 1835 3714 1912 ἦν,

2138 1935 2237 1988 ούκ
2276 1934 2345 1989 ἂν
2373 1933 2463 1988 διὰ
2502 1934 2709 2007 ταύτην
2748 1937 2977 1991 κάκεῖνα
3008 1934 3397 1988 ἀνεκαλέσατο.
3434 1932 3592 1988 Οὖτω
3620 1950 3718 2003 μη·
3806 1967 3818 1976 -

2138 2024 2226 2078 δέν
2254 2025 2433 2079 τοίνυν
2474 2026 2884 2097 σπουδάζωμεν,
2913 2025 2989 2089 ὡς
3030 2026 3200 2097 ὀργῆς
3234 2023 3583 2096 καθαρεύειν,
3622 2024 3718 2079 καὶ

2137 2119 2265 2181 τοὺς
2285 2118 2419 2189 πρὸς
2451 2120 2596 2189 ἡμᾶς
2626 2117 2806 2189 ἀηδῶς
2832 2116 3055 2189 ἔχοντας
3086 2115 3494 2180 καταλλάττειν,
3517 2115 3719 2178 εἰδότες

2138 2212 2221 2264 ὅτι
2257 2210 2383 2265 οὔτε
2417 2211 2571 2284 εὐχὴ,
2601 2209 2725 2264 οὔτε
2762 2209 3126 2281 ἐλεημοσύνη,
3158 2207 3280 2262 οὔτε
3310 2206 3553 2279 νηστεία,
3593 2204 3716 2259 οὔτε

2139 2302 2391 2357 κοινωνία
2429 2302 2767 2374 μυστηρίων,
2794 2300 2917 2355 οὔτε
2951 2299 3080 2354 ἄλλο
3116 2300 3225 2354 τῶν
3257 2297 3511 2354 τοιούτων
3542 2296 3716 2361 ούδέν,

2139 2394 2235 2448 ἐάν
2271 2394 2723 2465 μνησικακῶμεν,
2746 2393 3037 2464 δυνήσεται
3062 2390 3220 2463 ήμῶν
3247 2391 3551 2460 προστῆναι
3576 2386 3719 2442 κατά

2139 2483 2237 2554 τὴν
2263 2484 2478 2556 ἡμέραν
2508 2484 2723 2554 ἐκείνην
2746 2500 2759 2514 ·
2785 2483 2976 2554 ὥσπερ
3005 2478 3096 2536 οὖν
3126 2482 3220 2536 ἐὰν
3252 2479 3456 2552 ταύτης
3493 2495 3720 2550 περιγε-

2139 2572 2361 2645 νώμεθα
2386 2576 2484 2645 τῆς
2530 2575 2831 2646 ἁμαρτίας,
2861 2575 2964 2629 κᾶν
3001 2574 3171 2646 μυρία
3215 2573 3428 2644 ἔχωμεν
3459 2571 3716 2642 πλημμε-

2140 2664 2393 2736 λήματα,
2432 2664 2775 2735 δυνησόμεθά
2798 2682 2942 2728 τινος
2987 2662 3320 2734 συγγνώμης
3360 2664 3564 2733 τυχεῖν.
3605 2661 3719 2715 Καὶ

2140 2754 2260 2825 ούχὶ
2289 2755 2420 2825 ἐμὸς
2465 2757 2494 2808 ὁ
2532 2754 2712 2823 λόγος.
2747 2755 2863 2809 ἀλλ’
2909 2754 3076 2809 αὑτοῦ
3106 2753 3201 2808 τοῦ
3244 2753 3532 2824 μέλλοντος
3569 2752 3716 2823 ήμᾶς

2137 2844 2263 2898 ιτότε
2297 2844 2505 2916 κρίνειν
2527 2844 2686 2898 Θεοῦ.
2716 2843 2983 2916 Καθάπερ
3016 2843 3125 2915 γάρ
3156 2841 3393 2901 ἐνταῦθα
3425 2837 3600 2903 εἶπεν,
3632 2839 3716 2893 ὅτι

2146 2936 2308 2989 Οὕτω
2335 2936 2575 3003 ποιήσει
2609 2936 2707 2990 καί
2757 2938 2791 2989 ὀ
2834 2935 3037 3003 Πατήρ
3076 2951 3217 3003 μου,
3252 2933 3361 2986 ἐὰν
3396 2931 3484 3001 μὴ
3526 2927 3718 2999 ἀφῆτε

2140 3028 2396 3095 ἕκαστος
2428 3027 2547 3083 ἀπὸ
2576 3026 2700 3080 τῶν
2731 3025 2989 3094 καρδιῶν
3018 3024 3184 3095 ὑμῶν
3202 3042 3216 3055 ·
3244 3023 3386 3077 οὕτω
3421 3022 3516 3075 καὶ
3554 3021 3718 3075 ἀλλα-

2140 3121 2239 3194 χοῦ
2279 3137 2465 3192 φησιν·
2514 3119 2648 3174 Ἐὰν
2683 3118 2875 3188 ἀφῆτε
2908 3118 3033 3182 τοῖς
3058 3115 3388 3185 ἀνθρώποις
3421 3115 3493 3169 τὰ
3539 3128 3719 3180 παρα-

2140 3213 2419 3283 πτώματα
2445 3211 2671 3277 αὑτῶν,
2696 3211 2918 3281 ἀφήσει
2944 3210 3043 3265 καὶ
3072 3209 3214 3279 ὑμῖν
3249 3211 3283 3263 ό
3314 3206 3517 3275 Πατὴρ
3555 3206 3717 3277 ὑμῶν

2142 3308 2175 3359 ὀ
2201 3303 2498 3373 οὐράνιος.
2526 3305 2645 3358 Ἵνα
2673 3299 2765 3357 οὖν
2796 3303 2890 3356 καὶ
2918 3300 3150 3356 ἐνταῦθα
3183 3301 3359 3371 πρᾶον
3383 3298 3480 3351 καὶ
3512 3298 3717 3369 ἤρεμον

2140 3393 2414 3465 διάγωμεν
2453 3393 2587 3464 βίον,
2611 3395 2774 3447 κάκεῖ
2805 3393 3208 3463 συγχωρήσεως
3230 3390 3326 3444 καὶ
3355 3388 3604 3459 ἀφέσεως
3631 3386 3718 3441 τύ-

2142 3503 2348 3557 χωμεν,
2397 3484 2788 3555 σπουδάζωμεν
2831 3484 2925 3537 καὶ
2970 3479 3513 3555 πραγματευώμεθα,
3562 3480 3717 3542 ὅσους

2142 3578 2236 3631 ἐάν
2276 3578 2491 3648 ἔχωμεν
2536 3576 2786 3646 ἐχθροὺς,
2825 3574 3216 3628 καταλλάττειν
3242 3574 3373 3643 ἡμῖν
3396 3589 3409 3603 ο
3437 3571 3581 3625 οὕτω
3608 3571 3718 3645 γάρ

2141 3671 2236 3725 καὶ
2275 3670 2365 3723 τὸν
2393 3668 2669 3739 Δεσπότην
2703 3667 2879 3739 ήμῶν,
2929 3665 3034 3719 κᾶν
3071 3666 3243 3736 μυρία
3274 3658 3425 3734 ὦμεν
3458 3665 3698 3733 ἡμαρτη-

2142 3762 2319 3826 κότες,
2342 3760 2772 3831 καταλλάξομεν,
2803 3759 2899 3813 καὶ
2938 3758 3045 3813 τῶν
3096 3757 3399 3830 μελλόντων
3437 3755 3716 3822 ὲπιτευξός

2145 3853 2287 3924 μεθα
2311 3852 2563 3921 ἀγαθῶν·
2597 3845 2672 3904 ὧν
2708 3850 2915 3919 γένοιτο
2956 3849 3166 3912 πάντας
3214 3848 3363 3919 ἡμᾶς
3398 3846 3713 3917 ἀξιωθῆναι,

2142 3946 2324 4017 χάριτι
2373 3944 2469 3997 καὶ
2518 3940 2899 4012 φιλανθρωπίᾳ
2939 3939 3034 3993 τοῦ
3083 3939 3290 4008 Κυρίου
3340 3938 3498 4009 ἡμῶν
3545 3935 3714 4007 Ἰησοῦ

2143 4034 2414 4108 Χριστοῦ,
2458 4027 2503 4102 ᾧ
2545 4035 2578 4103 ἡ
2620 4032 2745 4098 δόξα
2781 4033 2876 4087 καλ⁹
2907 4031 2965 4086 τὸ
3009 4030 3206 4103 κράτος
3237 4031 3316 4094 εἰς
3342 4030 3468 4094 τοὺς
3512 4028 3719 4091 αίῶνας

2141 4127 2251 4182 τῶν
2271 4125 2500 4181 αἰώνων.
2540 4126 2727 4196 Ἀμήν.

471 4355 1587 4383 WW-A—“ﬁw

551 4374 563 4379 υ
577 4373 582 4379 ι
594 4372 775 4382 οη...-
785 4370 1227 4382 Wu—
1240 4376 1587 4383 “W—

551 4370 1559 4383 —‘—--—.—-—_—-_—.——W’
1568 4376 1620 4382 -..-

2226 4352 3709 4391 mm

1634 4653 1986 4715 MONITUM
2029 4654 2128 4715 AD
2168 4653 2552 4715 HOMILIAM

538 4859 754 4917 Nullam
786 4862 1043 4932 temporis
1070 4871 1274 4919 certam
1302 4871 1486 4918 notam
1518 4877 1626 4933 prae
1659 4879 1719 4919 se
1741 4863 1844 4921 l‘ert
1874 4865 1990 4921 haec
2023 4865 2280 4933 humilia;
2317 4870 2517 4938 vixque
2546 4865 2874 4934 deprehendi
2903 4880 3065 4937 posse
3096 4865 3310 4921 videtur
3342 4863 3713 4921 Antiochiame

470 4989 537 5028 an
567 4974 1035 5044 Constantinopoli
1073 4976 1188 5031 haec
1216 4976 1568 5032 concinnatus
1601 4975 1671 5031 sit
1697 4976 2144 5049 Chrysostomus.
2180 4976 2294 5035 Hoc
2330 4994 2497 5034 unum
2528 4978 2688 5045 initio
2719 4989 3200 5046 commemoratur,
3235 4979 3495 5034 nimirum
3524 4978 3713 5047 paucis

470 5098 596 5145 ante
621 5089 813 5146 diebus
853 5097 1045 5145 contra
1076 5104 1297 5159 rapaces
1336 5098 1390 5143 ct
1422 5106 1616 5146 avaros
1647 5091 1837 5156 multa,
1862 5105 2036 5159 eaque
2075 5092 2368 5147 admodum
2406 5093 2612 5162 gravia.
2649 5093 2795 5148 dicta
2828 5093 3015 5149 fuisse.
3051 5091 3226 5159 Quam
3270 5099 3450 5146 autem
3482 5090 3572 5146 hic
3600 5103 3714 5143 mc-

472 5214 651 5262 morct
673 5204 1015 5269 concionem,
1052 5202 1194 5258 haud
1229 5203 1300 5257 ita
1341 5201 1497 5257 facile
1531 5211 1615 5257 est
1636 5204 1917 5274 augurari.
1943 5202 2125 5258 Multis
2148 5203 2292 5258 enim
2328 5204 2381 5258 in
2418 5204 2554 5260 locis
2585 5204 2868 5274 praedones
2901 5205 3022 5259 illos
3051 5203 3389 5275 publicaeque
3418 5201 3495 5256 rei
3534 5212 3714 5271 pestes

357 5377 362 5381 .
471 5325 595 5380 ahhi
628 5324 973 5379 vehementer
1004 5322 1307 5377 insectatur
1342 5319 1450 5375 ille.

541 5438 758 5506 Aliquid
800 5446 976 5492 tamen
1003 5437 1145 5493 lucis
1183 5451 1246 5492 ex
1291 5436 1357 5491 iis
1395 5451 1516 5506 quae
1555 5445 1677 5506 post
1714 5436 2039 5506 principium
2075 5434 2352 5501 dicuntur,
2394 5449 2494 5490 nos
2531 5434 2771 5490 mutuari
2807 5448 2965 5503 posse
3004 5441 3283 5502 putamus.
3318 5430 3393 5484 De
3431 5427 3712 5499 proposita

470 5548 706 5606 lectione
741 5566 907 5620 agens
935 5550 1386 5621 Chrysostomus,
1418 5562 1614 5618 nempe
1641 5566 1654 5599 τ
1700 5546 1883 5611 Pater,
1913 5548 1960 5601 si
2003 5545 2250 5616 possibile
2280 5554 2378 5610 est,
2409 5554 2645 5600 transeat
2693 5562 2725 5598 a
2771 5560 2850 5598 me
2881 5543 3024 5597 calix
3059 5544 3158 5596 iste
3180 5556 3199 5594 :
3230 5550 3583 5594 verumtamen
3611 5554 3711 5591 non

471 5668 607 5721 sicut
633 5684 726 5737 ego
756 5668 895 5734 volo,
929 5669 1018 5722 sed
1051 5670 1190 5722 sicut
1224 5680 1305 5735 tu,
1352 5667 1427 5722 ita
1461 5664 1743 5736 loquitur:
1781 5662 1924 5717 Nam
1961 5672 2012 5717 et
2055 5662 2247 5717 multos
2293 5677 2525 5732 (μιαίνει-ε
2564 5659 2813 5726 arbitror,
2857 5676 2959 5730 qua
3000 5660 3063 5713 de
3099 5674 3263 5712 causa
3301 5658 3446 5711 dicta
3473 5656 3582 5711 lucc
3607 5657 3712 5709 sint

473 5796 507 5835 α
538 5780 771 5852 Christo,
806 5802 866 5838 uc
897 5786 1173 5840 reris'mile
1197 5796 1274 5841 est
1298 5802 1384 5841 eos
1413 5786 1502 5856 qui
1536 5784 1729 5841 adsunt
1760 5781 2029 5837 Iucreticos
2055 5781 2167 5838 Im'c
2190 5779 2345 5836 verba
2384 5780 2643 5848 arripere,
2673 5776 2967 5848 multosque
2992 5790 3056 5832 ea:
3084 5774 3496 5847 simplicioribus
3523 5776 3711 5847 [ratri-
