4106 6424
364 397 432 456 29
784 396 853 453 ΙΝ
892 395 1124 460 ILLUD,
1163 393 1413 461 PATER,
1455 391 1516 448 Si
1552 392 1905 459 POSSlBlLE
1944 393 2099 460 EST,
2141 392 2537 461 TRANSEAT,
2578 394 2730 451 ETC.
2762 427 2829 438 ——
2855 394 3193 452 MONITUM.
3536 401 3610 457 50

363 510 546 580 inquit,
575 510 860 580 ejiciatur;
888 512 934 566 si
973 495 1151 566 autem
1204 511 1430 566 infidelis
1467 511 1568 576 sit,
1610 526 1678 566 ne
1705 511 1939 592 expella-

360 614 443 658 tur
472 621 486 657 ε
517 603 581 668 si,
611 604 807 673 inquit,
835 604 888 659 in
914 615 966 659 te
994 604 1335 674 peccaverit,
1359 604 1647 668 abscinde;
1678 605 1723 659 si
1752 606 1803 659 in
1830 621 1937 670 me,

358 694 608 749 detineas.
642 694 717 749 Ita
757 702 812 749 et
842 694 948 760 hic,
976 710 1097 749 cum
1131 703 1274 749 tanta
1311 706 1527 765 peccata
1573 697 1853 750 adversum
1881 711 1941 752 se

356 787 635 841 commissa
664 795 851 853 erant,
884 787 1092 843 veniam
1121 787 1295 852 dedit,
1327 803 1447 841 cum
1477 797 1653 842 autem
1683 787 1939 843 adversus

354 893 708 946 conservum,
757 879 880 933 licet
928 879 1133 934 minora
1185 879 1568 950 paucioraque,
1604 895 1936 951 nequaquam

354 969 575 1034 remisit,
605 970 701 1026 sed
735 970 992 1025 ultionem
1018 980 1370 1040 persequutus
1391 980 1472 1026 est
1501 990 1513 1024 :
1537 982 1589 1026 et
1613 972 1699 1026 hic
1721 972 1936 1043 quidem

357 1075 469 1115 etim
496 1061 786 1115 scelestum
814 1061 1120 1131 appellavit,
1146 1062 1253 1117 illic
1282 1077 1351 1117 ne
1378 1063 1542 1118 verbo
1568 1063 1781 1132 quidem
1805 1077 1935 1118 con-

356 1149 600 1204 tristavit.
632 1151 696 1205 Et
740 1150 861 1205 ideo
909 1150 996 1206 hic
1038 1151 1167 1205 illud
1222 1167 1433 1223 quoque
1477 1153 1784 1222 adjunctum
1831 1162 1931 1219 est,

350 1239 487 1309 quod
513 1239 765 1296 dominus
794 1241 960 1296 iratus
986 1240 1263 1296 tradiderit
1293 1257 1415 1297 cum
1447 1242 1738 1298 tortoribus
1769 1261 1782 1296 :
1813 1257 1933 1298 cum

348 1341 524 1388 autem
552 1332 621 1388 ab
646 1333 735 1388 illo
763 1333 1079 1404 reposcebat
1098 1333 1358 1389 rationem
1386 1333 1565 1391 decies
1597 1335 1741 1390 mille
1768 1336 1936 1390 talen-

348 1434 486 1493 tum,
510 1424 643 1479 nihil
660 1423 969 1480 istiusmodi
997 1423 1236 1481 additum
1266 1424 1363 1479 fuit
1403 1443 1417 1478 :
1450 1434 1509 1480 ut
1535 1424 1798 1495 intelligas
1825 1426 1933 1482 illic

346 1516 557 1587 quidem
581 1516 843 1572 calculum
870 1516 1191 1573 subductum
1219 1515 1408 1585 fuisse,
1448 1531 1553 1572 non
1583 1518 1779 1572 irarum
1796 1558 1811 1585 ,
1838 1518 1931 1575 sed

346 1608 740 1676 sollicitudinis,
762 1623 883 1679 qua:
912 1609 1080 1664 venite
1107 1608 1285 1663 locum
1330 1617 1560 1678 pararet.
1602 1609 1715 1666 lloe
1753 1619 1929 1666 autem

345 1707 621 1769 peccatum
647 1697 919 1753 dominum
942 1698 1102 1769 plane
1132 1698 1486 1754 exacerbavit.
1509 1698 1646 1768 Quid
1670 1700 1828 1771 igitur
1850 1710 1933 1757 est

344 1789 490 1860 pejus
511 1789 724 1860 injuriae
744 1789 1137 1856 recordatione,
1153 1806 1274 1844 eum
1304 1789 1684 1862 benignitatem
1709 1790 1800 1847 Dei
1820 1792 1930 1862 jam

342 1880 710 1952 depromptam
740 1889 982 1947 revocet,
1015 1889 1071 1935 et
1103 1897 1223 1951 qua:
1260 1896 1364 1936 non
1407 1889 1694 1951 potuerunt
1718 1881 1932 1938 efficere

341 1971 437 2026 alia
484 1980 702 2041 peccata
728 2012 742 2039 ,
776 1970 893 2027 hanc
931 1970 1130 2026 efficiat
1171 1972 1248 2026 ira
1277 1971 1535 2026 adversus
1579 1973 1931 2041 proximum?

342 2063 513 2132 Atque
545 2062 805 2133 scriptum
836 2071 939 2131 est,
974 2063 1068 2118 Dei
1115 2062 1253 2119 dona
1298 2078 1419 2119 esse
1454 2064 1569 2119 sine
1616 2066 1928 2134 poenitentia

338 2153 512 2223 (Rom.
550 2154 641 2209 11.
665 2153 781 2225 29).
811 2152 920 2210 Cur
947 2154 1107 2226 igitur
1132 2154 1220 2211 hic
1262 2166 1383 2226 post
1415 2155 1667 2212 eductum
1694 2171 1886 2212 munus
1909 2198 1924 2223 ,

338 2254 453 2314 post
468 2260 807 2318 progressam
829 2246 1205 2317 benignitatem
1228 2288 1246 2315 ,
1270 2247 1525 2304 reductus
1549 2256 1631 2304 est
1650 2248 1928 2305 calculus?

337 2334 564 2405 Propter
590 2336 799 2407 injuria:
836 2338 1149 2393 memoriam
1184 2355 1197 2392 :
1227 2339 1576 2410 quamobrem
1623 2354 1730 2395 non
1776 2354 1926 2397 erra-

338 2427 469 2481 verit
515 2427 662 2498 quis,
687 2427 732 2482 si
783 2427 888 2484 hoc
932 2437 1212 2499 peccatum
1256 2430 1401 2486 omni
1454 2440 1672 2501 peccato
1715 2433 1931 2503 gravius

340 2520 648 2587 pronuntiet
679 2538 694 2574 :
722 2520 826 2575 alia
854 2520 995 2576 enim
1026 2522 1206 2577 omnia
1244 2521 1456 2578 veniam
1498 2522 1787 2592 impetrare
1820 2538 1921 2593 po-

339 2612 749 2680 tuerunt,istud
780 2612 954 2669 solum
995 2614 1132 2669 adeo
1178 2628 1286 2670 non
1340 2614 1513 2684 potuit
1554 2615 1761 2671 veniam
1805 2614 1922 2669 adi-

339 2703 498 2772 pisci,
533 2713 596 2759 ut
617 2704 728 2775 jam
773 2704 967 2774 deleta,
995 2714 1049 2762 et
1084 2704 1198 2777 jam
1223 2706 1484 2763 exstincta
1531 2706 1725 2763 iterum
1765 2721 1924 2762 reno-

338 2795 489 2850 varit.
684 2793 700 2803 ⁸

402 2885 558 2941 Nihil
587 2887 659 2941 ita
688 2886 826 2943 Deus
850 2889 957 2943 odit
981 2896 1035 2944 ut
1062 2898 1278 2943 mentem
1306 2904 1574 2944 memorem
1605 2889 1828 2961 injuriis.
1852 2919 1925 2931 —-

339 2978 540 3050 Duplex
587 2980 748 3051 igitur
790 2981 991 3037 malum
1035 2981 1279 3052 pertinax
1307 2981 1516 3051 injuriae
1547 2982 1841 3050 memoria,
1870 2992 1926 3039 et

335 3071 472 3140 quod
515 3071 719 3127 nullam
758 3073 1157 3129 excusationem
1193 3072 1334 3143 apud
1386 3073 1555 3129 Deum
1602 3073 1797 3130 habeat
1820 3115 1836 3140 ,
1869 3083 1924 3131 et

334 3160 472 3230 quod
502 3162 708 3233 reliqua
737 3171 957 3234 peccata
976 3163 1088 3234 jam
1118 3165 1341 3219 remissa
1370 3164 1564 3221 iterum
1594 3172 1837 3231 revocet,
1868 3173 1924 3221 et

334 3263 519 3311 contra
550 3270 650 3312 nos
675 3256 1142 3324 eonstituat.Quod
1171 3257 1344 3327 ipsum
1373 3264 1428 3312 et
1456 3256 1545 3312 hic
1573 3257 1768 3313 factum
1799 3264 1918 3313 est:

336 3344 468 3401 nihil
497 3347 668 3414 enim,
697 3347 831 3403 nihil
858 3347 1077 3403 omnino
1106 3347 1177 3402 ita
1210 3348 1353 3403 Deus
1375 3346 1506 3413 odit,
1531 3356 1587 3403 et
1606 3355 1884 3404 aversatur
1903 3387 1919 3415 ,

335 3446 391 3492 ut
409 3436 683 3494 hominem
710 3437 1032 3494 oﬂ‘ensai'um
1057 3453 1377 3505 memorem,
1407 3445 1463 3493 et
1491 3438 1695 3494 tenacis
1721 3438 1836 3493 ira).
1856 3436 1921 3491 Et

336 3528 459 3584 illud
488 3529 709 3600 quidem
737 3530 1002 3600 prmeipue
1028 3545 1097 3587 ex
1123 3529 1226 3585 hoc
1255 3529 1375 3584 loco
1408 3528 1741 3595 declaravit,
1771 3535 1827 3583 et
1854 3542 1919 3583 ex

334 3620 575 3675 oratione
596 3660 613 3687 ,
640 3620 694 3675 in
721 3634 824 3691 qua
850 3620 1011 3690 jussit
1049 3634 1146 3675 nos
1172 3618 1244 3673 ita
1269 3618 1452 3675 dicere
1482 3635 1498 3679 :
1529 3618 1737 3673 Dimitte
1779 3617 1921 3672 nobis

332 3708 497 3765 debila
521 3721 696 3767 nostra
714 3752 729 3777 ,
760 3712 888 3766 sicut
912 3721 957 3767 et
977 3727 1068 3767 nos
1087 3711 1387 3766 dimittimus
1413 3711 1716 3766 debitoribus
1736 3710 1920 3764 nostris

337 3798 546 3868 (Matth.
576 3800 628 3858 6.
660 3801 772 3871 12).
799 3802 923 3858 llaec
962 3803 1121 3873 igitur
1149 3802 1328 3857 omnia
1377 3801 1542 3870 docti,
1582 3809 1638 3858 et
1669 3801 1918 3871 parabola

338 3894 432 3950 ista
473 3895 528 3951 in
566 3895 817 3952 cordibus
860 3895 1133 3966 inscripta,
1177 3910 1300 3950 cum
1348 3894 1755 3966 cogitaverimus
1800 3908 1917 3963 qua:

337 3985 474 4055 passi
496 4000 681 4042 sumus
725 4001 755 4041 a
784 3986 1082 4053 conservis,
1113 3987 1420 4057 cogitemus
1445 4000 1565 4056 quae
1592 3983 1816 4040 fecimus
1861 3984 1917 4040 in

337 4071 503 4145 ipsum
526 4076 831 4146 Dominum,
853 4086 908 4134 et
933 4084 1078 4135 metu
1104 4077 1441 4149 propriorum
1468 4076 1752 4133 criminum
1784 4075 1913 4131 iram

2047 511 2116 567 de
2129 512 2317 567 alienis
2345 510 2556 568 delictis
2583 510 2864 566 collectam
2898 509 3148 566 facillime
3174 511 3471 581 poterimus
3489 528 3637 570 suma-

2047 618 2265 659 movcre
2297 621 2312 658 :
2338 604 2383 658 si
2413 603 2555 658 enim
2575 602 2883 657 meminisse
2905 611 3116 672 oportet
3146 602 3483 671 delictorum,
3510 618 3633 675 pro-

2047 694 2283 762 priorum
2313 700 2512 748 tantum
2544 692 2852 747 meminisse
2878 700 3124 761 oportet;
3148 693 3292 763 quod
3323 694 3368 747 si
3401 694 3630 764 proprie

2046 800 2163 840 rum
2215 799 2483 840 memores
2540 783 2818 848 fuerimus,
2866 798 3156 854 numquam
3209 783 3384 840 aliena
3440 783 3649 840 delicta

2044 877 2452 947 supputabimus
2481 894 2494 930 :
2523 885 2712 930 contra
2751 876 2794 930 si
2841 876 3055 930 illorum
3086 876 3491 940 obliviscamur,
3531 876 3649 932 ista

2041 965 2251 1020 facilius
2281 966 2714 1021 obversabuntur
2741 965 2941 1019 nostris
2962 965 3392 1035 cogitationibus.
3417 964 3552 1020 Nam
3582 973 3632 1019 et

2043 1054 2129 1110 hic
2149 1056 2192 1109 si
2218 1055 2398 1111 decies
2420 1055 2567 1110 mille
2596 1056 2913 1110 talentorum
2959 1070 3167 1110 memor
3208 1053 3438 1123 fuisset,
3473 1071 3630 1109 num-

2041 1160 2200 1215 quam
2221 1154 2436 1202 centum
2468 1146 2805 1201 denariorum
2835 1145 3260 1201 recordationcm
3301 1146 3629 1201 retinuisset.

2041 1235 2166 1293 ldeo
2193 1246 2471 1307 postquam
2516 1237 2727 1292 illorum
2774 1236 2972 1291 oblitus
3012 1245 3129 1292 erat
3151 1279 3166 1304 ,
3203 1237 3396 1292 factum
3429 1246 3544 1301 cst,
3576 1249 3629 1291 ut

2039 1343 2359 1384 conservum
2380 1327 2685 1394 suﬂ'oearet,
2709 1336 2764 1384 et
2786 1343 2951 1397 pauca
2977 1329 3163 1384 volens
3192 1329 3424 1398 exigere,
3458 1344 3632 1399 neque

2040 1419 2129 1474 illa
2185 1419 2400 1491 quidem
2445 1427 2763 1489 assequutus
2815 1430 2935 1485 est;
2996 1419 3091 1473 sed
3139 1429 3194 1474 et
3247 1419 3432 1475 decies
3483 1421 3631 1475 tnillc

2040 1512 2363 1567 talentorum
2408 1511 2606 1567 molem
2656 1512 2709 1565 in
2761 1526 2917 1566 suum
2961 1511 3126 1580 ipsius
3178 1520 3339 1581 caput
3383 1511 3626 1566 retraxit.

2037 1603 2296 1671 Quocirca
2323 1602 2577 1658 audacter
2605 1602 2794 1658 dixero
2820 1642 2834 1667 ,
2877 1603 3023 1656 omni
3071 1610 3290 1671 peccato
3326 1602 3466 1656 istud
3505 1618 3629 1672 gra-

2039 1697 2154 1750 vius
2183 1710 2302 1751 esse
2331 1712 2346 1749 :
2376 1695 2616 1766 quinimo
2645 1710 2752 1749 non
2782 1710 2883 1765 ego
2923 1694 3026 1748 hoc
3053 1693 3198 1759 dico,
3246 1694 3342 1750 sed
3386 1695 3630 1750 Christus

2039 1802 2135 1856 per
2159 1786 2466 1856 parabolam
2518 1786 2671 1840 istam
2723 1786 2865 1840 istud
2907 1785 3216 1840 declaravit.
3247 1785 3303 1839 Si
3329 1785 3471 1840 enim
3522 1802 3627 1839 non

2035 1875 2221 1931 decem
2251 1876 2487 1931 millibus
2511 1875 2797 1943 talentum,
2822 1875 2924 1931 hoc
2952 1884 3036 1931 est
3059 1916 3074 1943 ,
3105 1874 3457 1930 ineffabilibus
3501 1890 3628 1946 pec-

2035 1968 2168 2022 catis
2195 1965 2336 2020 istud
2358 1966 2575 2037 gravius
2604 1974 2768 2032 esset,
2802 1980 3136 2047 nequaquam
3163 1964 3322 2034 hujus
3348 1979 3507 2020 causa
3535 1965 3625 2020 illa

2035 2058 2214 2113 omnia
2235 2057 2344 2128 jam
2371 2058 2565 2112 donata
2599 2066 2846 2113 revocata
2877 2057 3122 2113 fuissent.
3160 2056 3304 2111 Nihil
3351 2057 3510 2127 igitur
3554 2057 3625 2112 ita

2032 2149 2367 2216 studeamus,
2398 2164 2557 2219 quam
2600 2158 2659 2204 ut
2698 2149 2800 2219 ipsi
2842 2149 2918 2203 ira
2948 2162 3201 2204 vacemus
3221 2189 3237 2215 ,
3266 2156 3320 2203 et
3351 2147 3504 2203 nobis
3545 2148 3625 2202 in-

2034 2242 2216 2299 fensos
2264 2242 2675 2299 reconciliemus
2708 2258 2722 2294 :
2753 2258 2876 2297 cum
2928 2241 3061 2296 illud
3104 2241 3360 2305 sciamus,
3419 2239 3620 2298 nullam

2031 2350 2133 2392 nec
2156 2335 2479 2403 orationem,
2508 2350 2607 2390 nec
2652 2336 3068 2406 eleemosynam,
3096 2348 3195 2389 nec
3217 2333 3503 2404 jejunium,
3525 2347 3627 2387 ncc

2035 2428 2500 2501 participationem
2529 2431 2908 2500 mysteriorum
2929 2469 2945 2497 ,
2974 2436 3066 2481 aut
3089 2426 3235 2482 aliud
3260 2426 3556 2498 quidpiam,
3579 2427 3626 2481 si

2034 2532 2302 2575 memores
2332 2517 2659 2573 offensarum
2702 2518 2889 2583 simus,
2921 2517 3079 2572 nobis
3111 2516 3434 2586 patrocinari
3467 2530 3625 2586 posse

2034 2609 2089 2665 in
2121 2610 2208 2677 illa
2231 2609 2318 2665 die
2344 2624 2361 2663 ἐ
2390 2619 2451 2665 ιιι
2495 2617 2682 2664 contra
2724 2609 2768 2664 si
2811 2607 2913 2663 hoc
2955 2616 3234 2678 peccatum
3283 2622 3625 2677 superemus,

2033 2701 2251 2756 etiamsi
2296 2700 2445 2756 mille
2495 2699 2706 2755 delictis
2756 2697 3020 2769 inquinati
3047 2698 3250 2765 simus,
3286 2697 3498 2752 veniam
3525 2696 3621 2750 ali-

2032 2809 2191 2865 quam
2222 2793 2479 2864 consequi
2513 2806 2614 2846 nos
2642 2805 2820 2861 posse.
2848 2790 2958 2846 Nec
2987 2804 3136 2844 meus
3166 2802 3345 2844 sermo
3373 2796 3456 2843 est
3481 2788 3584 2843 iste
3607 2831 3620 2853 ,

2032 2885 2128 2941 sed
2157 2884 2299 2940 illius
2324 2882 2414 2954 qui
2448 2892 2574 2938 tunc
2600 2897 2700 2937 nos
2719 2881 3057 2951 judicaturus
3080 2887 3163 2935 est
3204 2879 3321 2935 Dei.
3350 2878 3619 2947 Quemad-

2033 2975 2250 3031 modum
2284 2974 2387 3030 hoc
2417 2975 2470 3030 in
2497 2975 2616 3031 loco
2644 2973 3043 3044 pronuntiavit:
3069 2970 3155 3025 Ita
3178 3013 3194 3038 ,
3226 2971 3472 3041 inquiens
3493 3012 3507 3039 ,
3538 2973 3622 3043 fa-

2032 3070 2127 3124 ciet
2144 3071 2293 3128 Pater
2316 3084 2457 3123 meus
2474 3109 2488 3131 ,
2516 3070 2562 3122 si
2606 3084 2706 3122 non
2744 3066 3034 3121 remiseritis
3063 3065 3401 3136 unusquisque
3426 3080 3487 3117 ea:
3506 3079 3620 3117 cor-

2031 3158 2175 3213 dibus
2216 3159 2409 3213 vestris.
2441 3157 2511 3211 Et
2549 3172 2760 3212 rursum
2813 3156 2940 3212 alibi
2970 3173 2983 3209 :
3017 3156 3079 3210 Si
3126 3153 3419 3208 remiseritis
3456 3151 3620 3205 Itami-

2031 3249 2176 3304 uibus
2204 3248 2386 3303 delicta
2409 3264 2502 3303 sua
2521 3290 2535 3313 ,
2567 3249 2780 3302 remittet
2810 3256 2856 3301 et
2896 3244 3031 3300 vobis
3051 3249 3202 3306 Pater
3228 3253 3386 3298 vester
3412 3242 3622 3297 cazlestis

2031 3339 2244 3412 (Matth.
2278 3340 2368 3397 18.
2390 3340 2461 3395 55
2489 3350 2534 3393 et
2564 3338 2617 3393 6.
2651 3339 2767 3409 14).
2795 3337 2867 3393 Ut
2902 3337 3060 3407 igitur
3090 3343 3146 3391 et
3175 3334 3259 3389 hic
3290 3340 3618 3388 mansuetam

2029 3441 2083 3489 et
2104 3433 2286 3488 mitem
2312 3446 2533 3501 agamus
2574 3432 2757 3497 vitam,
2780 3436 2835 3483 et
2871 3428 2978 3482 illic
3004 3427 3211 3483 veniam
3250 3433 3305 3480 et
3343 3425 3621 3482 remissio-

2029 3539 2155 3580 nem
2179 3523 2519 3579 obtineamus
2547 3539 2561 3575 :
2590 3519 2912 3577 studendum
2939 3534 3002 3575 ac
3030 3518 3379 3591 satagendum
3406 3527 3491 3575 est
3508 3561 3522 3585 ,
3564 3527 3623 3573 ut

2026 3623 2287 3686 quotquot
2315 3614 2572 3671 habemus
2592 3612 2858 3680 inimicos,
2883 3625 2976 3668 eos
2998 3612 3151 3666 nobis
3171 3611 3577 3667 reconciliemus
3605 3626 3618 3662 :

2026 3707 2098 3762 ita
2116 3707 2256 3761 enim
2281 3714 2335 3761 et
2357 3705 2638 3760 Dominum
2661 3710 2921 3767 nostrum,
2943 3702 3150 3757 etiamsi
3178 3701 3478 3757 sexcenties
3498 3716 3619 3770 pec-

2025 3798 2363 3864 caverimus,
2419 3795 2575 3849 nobis
2617 3793 3114 3858 reconciliahimus,
3160 3803 3217 3848 et
3257 3792 3429 3846 futura
3481 3791 3617 3846 bona

2025 3888 2401 3958 adipiscentur,
2425 3885 2617 3957 quibus
2664 3897 2762 3939 nos
2801 3881 2991 3954 dignos
3025 3890 3150 3953 opto
3176 3882 3326 3948 fieri,
3354 3881 3520 3952 gratia
3565 3891 3623 3935 et

2025 3978 2360 4034 humanitate
2388 3976 2596 4032 Domini
2624 3977 2792 4031 nostri
2821 3974 2948 4031 Jesu
2978 3973 3209 4038 Christi,
3238 3974 3321 4029 cui
3368 3972 3534 4044 gloria
3566 3981 3622 4028 et

2022 4071 2309 4144 imperium
2336 4070 2390 4126 in
2437 4069 2636 4127 saecula
2675 4069 3014 4125 seculorum.
3042 4067 3233 4122 Amen.

2638 4392 2670 4401 ι.
2680 4391 3456 4404 ’Μήέμ

364 4390 3588 4417 W

575 4671 654 4735 [Ν
694 4674 919 4736 ILLUD
941 4719 959 4750 ,
1002 4674 1249 4736 PATER
1277 4721 1292 4749 ,
1338 4674 1409 4738 SI
1448 4675 1828 4738 POSSIBILE
1868 4675 2047 4753 EST,
2089 4675 2488 4740 TRANSEAT
2528 4677 2577 4737 A
2618 4673 2726 4735 ME
2768 4674 2990 4735 CALIX
3029 4673 3221 4751 ISTE,
3262 4695 3395 4739 ETC.

360 4880 451 4936 bus
478 4884 837 4954 supplantare.
890 4883 1043 4941 Unde
1072 4885 1242 4956 liquet
1280 4885 1563 4943 haereticos
1600 4886 1723 4943 illos
1745 4926 1762 4954 ,
1801 4888 1895 4959 qui
1934 4888 2132 4946 Filium
2165 4889 2325 4946 Patre
2362 4890 2628 4946 minorem
2653 4930 2670 4959 ,
2709 4889 2924 4961 ipsique
2960 4888 3281 4946 dissimilem
3318 4885 3592 4953 dicebant,

358 5009 548 5065 nempe
573 4997 890 5066 Anomceos,
929 4997 1308 5071 Chrysostomi
1339 5001 1696 5058 concionibus
1724 5002 2055 5060 interfuisse.
2091 5003 2225 5059 Illud
2269 5011 2451 5060 autem
2498 5003 2811 5075 frequenter
2857 5003 3161 5061 Antiochia:
3202 5004 3493 5068 accidisse,
3540 5009 3596 5058 ct

357 5114 645 5175 praesentes
666 5105 951 5164 haereticos
972 5108 1425 5180 Chrysostomum
1453 5112 1793 5182 confutasse,
1816 5114 1935 5185 ipse
1960 5116 2162 5173 diserte
2187 5116 2285 5181 ait,
2314 5115 2486 5173 Tomo
2516 5117 2536 5172 1
2569 5118 2635 5173 de
2659 5117 3207 5189 lncomprehensibili
3242 5126 3433 5173 contra
3482 5118 3593 5170 An-

355 5232 561 5275 ommos
594 5236 648 5291 p.
680 5220 806 5288 450,
839 5220 1187 5295 idipsumque
1214 5234 1399 5295 postea
1426 5225 1800 5301 subindicatp.
1825 5228 1952 5296 525,
1977 5240 2031 5286 et
2052 5246 2113 5302 p.
2136 5229 2261 5298 509,
2290 5232 2344 5287 in
2377 5231 2491 5289 haec
2528 5233 2693 5289 verba
2718 5231 2875 5302 queis
2906 5230 3156 5287 Christus
3180 5230 3398 5287 Petrum
3428 5243 3588 5298 repu-

353 5335 432 5406 lit,
472 5338 618 5394 Vade
647 5351 763 5410 post
797 5358 899 5408 me,
917 5342 1142 5410 Satana,
1169 5352 1301 5411 etc.,
1327 5344 1515 5401 eadem
1547 5361 1686 5417 pene
1713 5348 1830 5420 ipsa
1854 5366 1974 5421 quae
1998 5351 2089 5407 hic
2117 5351 2281 5421 paulo
2311 5362 2434 5422 post
2465 5352 2679 5408 initium
2703 5353 2893 5421 habes,
2918 5354 3221 5422 iisdemque
3253 5351 3365 5407 fere
3406 5348 3591 5405 verbis

350 5469 763 5515 commemorat.
798 5459 1166 5528 Quamobrem
1200 5463 1506 5535 putaverim
1530 5465 1673 5524 hanc
1700 5465 1979 5523 homiliam
2010 5465 2314 5523 Antiochiae
2346 5468 2588 5524 habitam
2621 5468 2824 5538 fuisse,
2861 5485 2961 5526 nec
2991 5470 3082 5527 diu
3125 5475 3247 5538 post
3291 5467 3414 5525 illas
3445 5482 3589 5524 eon-

350 5578 429 5625 tra
464 5570 760 5629 Anomoeos
790 5574 1088 5642 llomilias;
1126 5577 1272 5648 quod
1306 5586 1486 5634 tamen
1518 5580 1851 5652 conjectura:
1880 5588 2089 5640 tantum
2128 5583 2249 5641 loco
2278 5583 2481 5640 dictum
2506 5584 2597 5640 sit.

419 5707 791 5781 lnterprctatio
818 5712 1007 5772 Latina
1040 5722 1123 5774 est
1156 5713 1446 5775 Frontonis
1480 5715 1678 5777 Ducasi.
