4106 6430
535 411 600 471 3|
1236 411 1290 464 S.
1327 411 1610 467 JOANNIS
1648 410 2134 482 CllltYSOSTOMl
2192 409 2508 486 ARCIIIEP.
2550 408 3090 466 (IONSTANTINOP.

3712 421 3744 473 3

3749 419 3784 471 Ξ

539 611 3202 639 Mm

1896 817 1994 900 IN
2077 817 2430 911 ILLUD,

512 1115 738 1171 PATER,
785 1115 841 1173 ει
899 1113 1212 1162 POSSIBILE
1257 1112 1391 1166 EST,
1437 1111 1765 1169 TRANSEAT
1808 1114 1844 1153 Δ
1911 1111 2000 1163 ME
2045 1110 2228 1152 CALIX
2275 1096 2474 1152 ISTE‘:

2526 1109 2965 1169 VERUMTAMEN
3012 1111 3134 1154 NON
3179 1112 3361 1155 SICUT
3420 1113 3544 1156 εαο
3601 1115 3788 1173 νοω,

588 1215 708 1256 seu
750 1213 928 1273 sicur
969 1213 1052 1270 τυ
1100 1194 1117 1272 (
1163 1192 1398 1254 Matth.
1445 1192 1546 1250 26.
1593 1191 1719 1272 39)
1757 1211 1772 1250 :
1811 1210 1891 1250 ετ
1933 1209 2182 1251 eorum
2225 1209 2708 1264 MARCIONISTAS,
2756 1211 2836 1252 ετ
2880 1211 3281 1264 MANICBBOS,
3329 1213 3410 1256 ει·
3453 1214 3625 1267 quon
3681 1217 3790 1260 m-

586 1315 840 1362 enaeus
907 1315 980 1364 se
1046 1311 1375 1368 PEtiICULIS
1445 1310 1566 1368 NON
1635 1310 1988 1369 φροιιτιξιιτ,

586 1416 797 1469 rasas
843 1397 954 1476 (ait

2061 1311 2176 1366 seu
2243 1311 2402 1356 ous!
2487 1313 2845 1372 YOLUNTATI
2907 1315 3014 1356 DEI
3090 1315 3517 1373 vowsu'reu
3584 1321 3788 1373 mre-

1959 1566 2325 1621 33185522659

582 1713 631 1764 1.
673 1709 997 1763 Profundam
1043 1709 1333 1764 sectionem
1379 1723 1548 1778 nuper
1575 1708 1860 1762 intiiximus
1891 1708 1952 1762 iis
1993 1706 2082 1777 qui

425 1817 428 1820 ’
507 1801 812 1869 przedantur
834 1809 888 1854 et
915 1799 1049 1854 alios
1094 1815 1189 1868 per
1213 1799 1487 1853 avaritiam
1525 1798 1770 1852 fraudare
1798 1807 2087 1863 conantur;

506 1907 613 1944 non
652 1903 710 1945 ut
739 1907 831 1945 eos
855 1892 1276 1956 vulneraremus,
1321 1890 1413 1946 sed
1446 1897 1502 1943 ut
1539 1904 1631 1944 eos
1655 1890 2043 1960 corrigeremus
2072 1905 2084 1941 :

507 1999 612 2038 non
649 1983 790 2052 quod
818 1983 1060 2051 homines
1099 1983 1222 2038 odio
1252 1997 1654 2052 prosequamur,
1695 1982 1788 2036 sed
1815 1981 1954 2052 quod
1989 1983 2089 2034 im-

505 2077 820 2146 probitatem
849 2092 1177 2135 aversemur.
1202 2075 1636 2152 Quandoquidem
1669 2075 1906 2130 medicus
1931 2075 2088 2129 etiam

505 2153 653 2236 secat
693 2171 865 2236 ulcus,
908 2187 1011 2224 non
1053 2169 1192 2240 quod
1237 2185 1380 2238 πει-ο
1423 2170 1491 2222 sit
1531 2167 1773 2234 infestus,
1815 2167 1908 2223 sed
1949 2169 2090 2237 quod

507 2259 752 2313 morbum
794 2270 848 2313 et
877 2261 1067 2314 vulnus
1107 2269 1398 2329 oppugnet.
1441 2261 1554 2329 Age
1592 2260 1860 2329 paululum
1897 2260 2091 2328 quietis

504 2349 662 2404 hodie
699 2351 887 2405 demus
936 2351 1086 2420 ipsis,
1137 2359 1196 2403 ut
1247 2365 1276 2402 a
1325 2349 1510 2403 dolore
1551 2349 1754 2420 possint
1801 2351 2087 2418 respirare,

500 2457 676 2511 neque
705 2443 1007 2509 frequenter
1035 2441 1124 2495 icti
1153 2458 1183 2494 a
1216 2440 1475 2494 medicina
1501 2441 1756 2495 resiliant.
1786 2439 1858 2494 lta
1893 2441 2090 2506 faciunt

502 2543 557 2589 et
599 2533 832 2589 medici:
866 2535 1148 2603 emplastra
1195 2541 1313 2601 post
1357 2534 1622 2586 sectiones
1672 2533 1979 2600 imponunt.
2025 2547 2089 2586 ae

501 2624 911 2691 medicamenta,
943 2634 1050 2678 tum
1090 2616 1289 2692 aliquot
1318 2622 1432 2678 dies
1459 2622 1598 2676 elabi
1627 2623 1827 2688 sinunt,
1859 2621 1983 2675 dum
2023 2637 2086 2676 ea

502 2716 826 2784 excogitant,
849 2730 966 2784 qua:
988 2713 1228 2768 dolorem
1257 2712 1462 2782 possint
1488 2712 1749 2790 mitigare.
1776 2712 1883 2766 llos
1907 2713 2092 2780 utique

497 2820 599 2868 nos
624 2791 783 2873 etiam
830 2805 990 2874 hodie
1017 2805 1306 2868 imitemur,
1348 2818 1412 2856 ac
1446 2791 1812 2872 indulgeamus
1855 2803 2002 2870 ipsis,
2033 2811 2089 2856 ut

496 2909 564 2949 ex
591 2908 839 2949 sermone
868 2903 1051 2964 nostro
1073 2894 1352 2946 utilitatem
1376 2892 1653 2961 percipere
1680 2891 1914 2958 valeant,
1939 2905 2001 2944 ac
2020 2890 2088 2946 de

495 2983 834 3053 dogmatibus
882 2984 1117 3036 instituta
1163 2981 1520 3050 disputatione
1561 2995 1865 3034 sermonem
1909 2979 1976 3033 ad
2023 2995 2086 3034 ea

497 3088 618 3142 qua:
647 3073 782 3127 ieeta
809 3081 932 3127 sunt
977 3072 1336 3126 traducamus.
1364 3069 1495 3124 Nam
1527 3079 1580 3124 et
1622 3070 1818 3123 multos
1845 3085 2086 3139 quaerere

495 3165 753 3238 arbitror,
795 3180 898 3234 qua
928 3165 995 3219 de
1032 3179 1191 3218 causa
1217 3163 1355 3217 dicta
1388 3163 1502 3217 lucc
1528 3164 1632 3216 sint
1667 3178 1697 3218 a
1725 3161 1944 3217 Christo
1978 3182 1990 3216 :
2025 3177 2086 3218 ac

495 3256 788 3310 verisimile
830 3265 911 3311 est
959 3271 1053 3311 eos
1076 3255 1162 3325 qui
1203 3254 1398 3308 adsunt
1437 3253 1717 3308 haereticos
1765 3253 1881 3308 hzee
1923 3255 2085 3308 verba

501 3348 760 3417 arripere,
798 3337 1111 3418 multosque
1133 3361 1197 3400 ex
1227 3345 1478 3400 fratribus
1521 3345 1934 3415 simplicioribus
1961 3360 2086 3415 sup-

497 3439 755 3508 plantare.

569 3529 741 3582 Lectio
773 3531 880 3583 sine
902 3529 1232 3598 intelligentia
1271 3545 1371 3583 non
1402 3528 1623 3598 prodest.
1650 3557 1719 3568 —
1744 3527 1816 3584 Ut
1856 3528 2011 3596 igitur
2031 3535 2088 3581 et

497 3621 710 3686 illorum
742 3622 1111 3689 prepulscmus
1156 3621 1402 3685 insultus,
1435 3629 1486 3674 et
1516 3633 1607 3674 eos
1637 3619 1724 3688 qui
1761 3619 2085 3689 qurstiones

498 3721 822 3784 proponunt,
847 3712 1112 3767 anxietate
1149 3727 1215 3765 ac
1243 3712 1639 3781 perturbatione
1669 3712 1975 3776 liberemus,
2007 3711 2086 3764 io-

498 3817 620 3857 Cum
675 3801 831 3856 istum
893 3811 1277 3872 pertractantes
1331 3801 1520 3855 horum
1573 3801 1858 3856 verborum
1911 3815 2079 3868 expo-

499 3895 677 3960 sitioni
708 3895 786 3950 sic
813 3873 1182 3960 immorentur,
1213 3905 1268 3948 ut
1302 3895 1604 3950 reconditos
1631 3909 1871 3963 quosque
1893 3908 2084 3948 sensus

496 3987 838 4056 attingamus.
866 3986 980 4040 Non
1011 3987 1153 4040 enim
1191 3986 1386 4040 sufficit
1425 3985 1607 4049 lectio,
1651 3987 1752 4039 nisi
1783 3984 2001 4039 accedat
2030 3993 2085 4038 et

497 4077 736 4145 cognitio.
773 4094 785 4128 :
824 4091 945 4129 nam
994 4085 1048 4130 et
1092 4075 1366 4129 Candaces
1406 4074 1679 4130 eunuchus
1720 4073 1946 4144 legebat,
1989 4075 2087 4128 sed

498 4180 776 4235 quousque
807 4175 999 4235 prmsto
1041 4165 1139 4219 fuit
1163 4167 1251 4235 qui
1281 4165 1498 4221 doceret
1521 4180 1665 4231 eum,
1695 4165 1819 4235 quid
1847 4165 1974 4220 illud
1999 4179 2090 4224 es-_

493 4265 579 4311 set
606 4257 745 4326 quod
776 4256 1002 4326 legebat,
1032 4271 1137 4311 non
1169 4271 1410 4326 magnam
1441 4255 1562 4310 inde
1589 4256 1867 4310 utilitatem
1896 4270 2082 4325 peree-

505 4346 584 4414 pit
609 4345 744 4414 (Act.
769 4345 820 4398 8.
846 4345 937 4399 ‘27.
961 4345 1118 4416 sqq.).
1141 4342 1222 4398 Ne
1245 4344 1411 4412 igitur
1435 4339 1573 4395 idem
1602 4338 1753 4392 vobis
1774 4338 2073 4408 contingat,

502 4451 566 4493 ea
589 4452 710 4510 qua:
730 4436 990 4500 dicuntur
1008 4435 1274 4504 advertite
1291 4431 1584 4500 :_attendite
1605 4431 1934 4494 animum,et
1954 4439 2073 4485 stu-

504 4529 715 4584 diosam
739 4529 869 4583 mihi
892 4537 1126 4584 mentem
1155 4526 1423 4598 praebete:
1451 4522 1560 4577 acri
1583 4522 1655 4576 sit
1679 4520 1794 4576 acie
1815 4521 2083 4590 prarditus

490 4614 699 4683 oculus,
728 4625 968 4686 attentus
996 4617 1318 4685 intellectus,
1352 4616 1528 4670 anima
1553 4615 1696 4670 curis
1735 4615 2091 4678 smcularibus

493 4707 760 4776 expedita,
809 4723 879 4762 ne
926 4709 977 4762 in
1007 4709 1206 4777 Spinas,
1253 4723 1354 4762 nec
1401 4710 1451 4762 in
1481 4717 1676 4776 petras,
1711 4724 1882 4778 neque
1924 4722 2080 4763 secus

491 4796 631 4850 viam
662 4797 821 4852 verba
847 4811 1154 4867 spargamus
1184 4795 1332 4867 (Luc.
1365 4797 1418 4851 8.
1449 4798 1481 4852 5
1502 4797 1638 4868 -8);
1675 4798 1768 4852 sed
1797 4797 2078 4852 fecundum

492 4899 556 4940 ae
583 4885 775 4956 pingue
797 4881 1062 4957 quOddam
1089 4901 1275 4940 arvum
1305 4885 1564 4951 colentes,
1597 4886 1815 4941 uberem
1842 4896 2076 4957 segetem

491 4976 841 5031 demetamus.
873 4977 929 5033 Si
956 4977 1099 5031 enim
1128 4977 1230 5032 hoc
1261 4987 1415 5046 pacto
1455 4977 1690 5031 sermoni
1719 4985 1947 5032 attentas
1985 4994 2080 5032 au-

489 5083 579 5131 res
609 5067 962 5137 prmbueritis,
989 5083 1109 5128 cum
1154 5067 1411 5128 leviorem
1439 5066 1592 5128 nobis
1614 5067 1851 5128 laborem
1880 5067 2076 5122 redde-

493 5160 582 5228 tis,
613 5169 722 5221 tum
749 5158 1012 5221 efficietis,
1041 5169 1098 5212 ut
1126 5157 1332 5224 facilius
1363 5157 1435 5222 id,
1459 5158 1599 5229 quod
1623 5159 1899 5227 qumritur,
1926 5175 2080 5228 repe-

489 5251 600 5306 rire
643 5250 879 5319 possitis.
911 5250 1047 5317 Quid
1084 5250 1243 5319 igitur
1272 5249 1464 5304 lectum
1489 5250 1610 5303 est?
1639 5249 1815 5316 Pater,
1849 5252 1892 5303 si
1917 5251 2082 5320 passi-

487 5341 586 5396 bile
604 5351 696 5408 est,
725 5328 948 5396 transeat
975 5358 1006 5394 a
1033 5357 1110 5393 me
1134 5341 1272 5394 calin:
1301 5341 1395 5394 iste
1425 5340 1634 5411 (Matth.
1668 5341 1762 5396 ac.
1800 5341 1915 5413 39).
1943 5343 2079 5410 Quid

487 5431 700 5487 tandem
733 5433 874 5498 istud,
920 5442 1002 5497 est
1041 5431 1182 5503 quod
1209 5431 1377 5486 dicit?
1404 5429 1510 5491 Nos
1539 5433 1681 5486 enim
1725 5441 1964 5503 Oportet,
1991 5433 2079 5488 ubi

494 5523 643 5591 prius
690 5524 972 5578 verborum
1025 5538 1241 5579 sensum
1286 5524 1718 5594 exposuerimus,
1761 5523 2080 5583 solutionem

487 5609 680 5667 deinde
703 5613 1045 5684 subjungere.
1081 5614 1218 5680 Quid
1249 5613 1407 5685 igitur
1432 5612 1600 5668 dicit?
1628 5612 1804 5677 Pater,
1845 5613 1889 5667 si
1917 5613 2078 5684 possio

549 5765 622 5824 (α)
647 5766 834 5833 pellam
852 5779 964 5817 cum
981 5775 1064 5817 Ms.
1085 5769 1230 5831 Regio
1259 5763 1399 5829 1958,
1421 5769 1503 5832 qui
1520 5781 1670 5833 pauca
1691 5765 1894 5817 exhibet
1913 5765 2079 5816 lectio-

493 5837 606 5887 num
629 5827 918 5890 discrimina.

2201 1704 2307 1758 bile
2343 1714 2444 1773 est,
2493 1707 2718 1762 transfer
2751 1722 2780 1762 a
2835 1723 2920 1764 me
2965 1723 3198 1765 erucem.
3249 1710 3388 1777 Quid
3425 1713 3544 1767 ais?
3580 1713 3789 1784 ignorat

2197 1795 2335 1850 sitne
2361 1795 2462 1850 hoc
2490 1797 2760 1866 possibile,
2791 1813 2859 1852 an
2885 1814 2992 1852 non
3020 1801 3314 1869 possibile?
3335 1801 3464 1870 Quis
3488 1803 3587 1858 hoc
3609 1803 3787 1860 dicat?

2199 1887 2311 1941 Etsi
2344 1890 2502 1942 verba
2535 1889 2828 1957 ignorantis
2847 1892 2955 1945 sint
2988 1910 3001 1946 :
3035 1908 3156 1946 nam
3188 1893 3301 1948 tunc
3327 1893 3546 1960 additio,
3575 1895 3656 1960 Si,
3685 1896 3787 1950 du-

2196 1978 2413 2032 bitantis
2475 1988 2590 2044 est;
2635 1995 2842 2047 verum,
2895 1991 2952 2036 ut
3001 1983 3133 2048 dixi,
3183 1999 3288 2037 non
3346 1995 3558 2053 Oportet
3607 1987 3785 2042 verbis

2196 2069 2492 2137 adhaerere,
2524 2071 2618 2126 sed
2663 2072 2728 2126 ad
2773 2086 2930 2126 sensa
2978 2075 3236 2138 converti,
3268 2085 3320 2129 et
3363 2090 3582 2144 scopum
3622 2092 3784 2132 nosse

2196 2162 2444 2230 dicentis,
2476 2172 2530 2219 et
2566 2179 2781 2218 causam
2821 2175 2875 2221 et
2903 2166 3259 2232 occasionem,
3292 2168 3642 2238 omnibusque
3666 2169 3782 2224 col-

2197 2252 2348 2307 lectis
2387 2268 2602 2318 sensum
2649 2255 2701 2309 in
2742 2256 2820 2311 eis
2867 2256 3118 2312 latentem
3172 2257 3443 2328 indagare.
3493 2259 3782 2315 luelfabilis

2197 2360 2322 2416 ergo
2361 2346 2639 2416 sapientia,
2673 2347 2761 2403 ille
2789 2350 2876 2418 qui
2915 2349 3127 2404 Patrem
3173 2351 3243 2404 ita
3286 2352 3452 2416 novit,
3485 2363 3540 2407 ut
3584 2352 3778 2409 Filium

2196 2437 2342 2490 novit
2371 2436 2547 2502 Pater,
2594 2439 2686 2509 qui
2729 2441 2902 2520 potuit
2941 2439 3043 2495 hoc
3087 2442 3370 2512 ignorare?
3412 2442 3592 2514 Neque
3633 2447 3778 2500 enim

2195 2526 2366 2596 major
2417 2535 2500 2582 est
2547 2531 2780 2600 cognitio
2830 2532 3130 2609 passionis,
3185 2547 3343 2602 quam
3393 2534 3479 2588 illa
3536 2545 3775 2603 naturae,

2193 2633 2352 2686 quam
2383 2618 2529 2673 solus
2577 2620 2690 2690 ipse
2738 2622 2887 2676 novit
2924 2633 3131 2677 exacte.
3174 2623 3322 2678 Sicut
3365 2625 3496 2678 enim
3539 2628 3674 2679 novit
3701 2643 3780 2680 me

2194 2709 2368 2774 Pater,
2403 2711 2592 2782 inquit,
2622 2723 2669 2766 et
2698 2730 2788 2784 ego
2825 2731 3046 2784 agnosco
3073 2714 3283 2769 Patrem
3323 2716 3504 2787 (Joan.
3537 2719 3621 2773 10.
3659 2719 3775 2789 15).

2195 2801 2259 2854 Et
2283 2801 2410 2870 quid
2462 2802 2582 2858 dico
2624 2803 2692 2858 de
2746 2805 3016 2874 unigenito
3055 2806 3146 2860 Dei
3188 2805 3368 2862 Filio?
3419 2807 3548 2862 Nam
3604 2825 3779 2880 neque

2195 2893 2469 2963 propheta:
2510 2895 2756 2950 videntur
2793 2897 2845 2950 id
2882 2897 3176 2966 ignorasse,
3219 2898 3313 2953 sed
3359 2899 3635 2955 manifeste
3681 2916 3780 2955 no-

2193 2984 2354 3048 visse,
2388 2983 2658 3054 multaque
2679 3000 2800 3040 eum
2827 2988 3225 3042 asseveratione
3251 2988 3580 3058 praedixisse,
3608 3004 3773 3060 opor-

2195 3084 2306 3130 tere
2331 3085 2388 3129 ut
2419 3077 2520 3131 hoc
2545 3078 2719 3158 ﬁeret,
2747 3089 2906 3148 atque
2938 3079 2988 3134 id
3015 3081 3234 3135 omnino
3266 3080 3519 3137 futurum.

2266 3165 2449 3220 Mariae
2487 3168 2746 3237 integritas
2797 3186 2858 3221 ac
2909 3171 3123 3238 paritas.
3193 3170 3443 3225 Miracula
3493 3173 3679 3228 Christi
3721 3175 3780 3228 in

2192 3266 2370 3309 morte.
2428 3256 2570 3312 Mors
2614 3261 2976 3328 prophetarum
3041 3265 3216 3331 futura
3266 3264 3662 3332 praedicentium.
3704 3295 3783 3306 -—

2191 3343 2330 3398 Audi
2373 3361 2505 3401 sane
2531 3362 2635 3418 quo
2673 3359 2829 3418 pacto
2869 3350 3074 3405 diversa
3109 3353 3316 3417 ratione
3357 3370 3541 3409 omnes
3563 3371 3781 3412 crucem

2191 3427 2566 3504 prtenuntient.
2598 3439 2807 3493 Primus
2839 3450 2918 3495 est
2954 3439 3118 3496 Jacob
3142 3444 3443 3512 patriarcha
3470 3463 3482 3497 :
3511 3446 3776 3515 siquidem

2190 3524 2255 3578 ad
2285 3525 2454 3594 ipsum
2482 3542 2784 3583 sermonem
2814 3530 3050 3600 dirigens
3075 3533 3148 3584 ait
3173 3550 3186 3585 :
3215 3532 3300 3587 Ea:
3313 3537 3554 3603 germine,
3577 3537 3654 3604 ﬁli
3683 3539 3776 3604 mi,

2190 3617 2457 3672 aseendisti
2485 3617 2639 3685 (Gen.
2669 3618 2759 3673 49.
2792 3619 2871 3690 9),
2918 3636 3135 3690 germen
3163 3623 3365 3678 scilicet
3396 3625 3652 3695 virginem
3677 3643 3776 3680 vo-

2188 3723 2318 3771 cans
2341 3751 2356 3775 ,
2409 3719 2465 3765 et
2502 3710 2682 3765 Maria:
2713 3712 3070 3782 integritatem
3100 3728 3162 3768 ac
3190 3716 3472 3783 puritatem
3505 3718 3602 3770 hae
3645 3732 3777 3774 voce

2189 3802 2520 3872 signiﬁcans.
2545 3803 2682 3858 Tum
2712 3819 2926 3859 crucem
2957 3805 3245 3876 designans
3273 3807 3484 3864 dicebat
3511 3827 3522 3862 :
3552 3807 3774 3863 Recum-

2189 3893 2307 3947 bens
2333 3892 2579 3948 dormiisti
2605 3905 2660 3947 ut
2691 3896 2789 3960 leo,
2817 3904 2861 3948 et
2885 3896 3030 3966 quasi
3055 3900 3252 3950 catulus
3274 3897 3452 3965 leonis,
3477 3900 3590 3969 quis
3608 3901 3772 3954 susci-

2191 3983 2313 4035 tabit
2336 3998 2449 4036 eum
2475 3982 2643 4054 (1b.)?
2670 3985 2894 4040 Mortem
2918 3986 3113 4056 quippe
3141 3986 3515 4042 dortnitionem
3551 3989 3690 4045 illius
3717 4002 3774 4048 et

2187 4087 2430 4128 somnum
2457 4075 2762 4143 appellavit,
2787 4085 2838 4130 et
2865 4086 3089 4132 mortem
3111 4092 3230 4132 cum
3269 4081 3656 4135 resurrectione
3681 4097 3778 4137 co-

2187 4163 2404 4234 pulavit,
2447 4164 2629 4220 dicens
2677 4182 2690 4218 :
2740 4165 2866 4237 Quis
2905 4167 3519 4224 suscitabiteum?Alius
3555 4171 3772 4240 quidem

2187 4239 2365 4320 nemo,
2410 4255 2502 4310 sed
2548 4257 2663 4326 ipse
2711 4258 2964 4327 seipsum.
2999 4258 3332 4328 Quapmpter
3370 4239 3583 4315 dicebat
3616 4262 3778 4317 etiam

2186 4346 2429 4402 Christus
2460 4347 2800 4403 :Potcstatetn
2828 4350 2986 4402 habeo
3038 4351 3256 4418 ponendi
3288 4353 3509 4404 animam
3531 4363 3778 4419 meam,“

2186 4449 2477 4509 potestatem
2488 4441 2642 4494 habeo
2659 4443 2886 4495 sumendi
2901 4459 3009 4496 eam
3030 4441 3204 4508 (lauti.
3228 4443 3313 4497 10.
3341 4442 3428 4512 18)
3453 4459 3468 4495 :
3490 4452 3544 4497 et
3569 4459 3774 4507 rursus,

2187 4534 2379 4588 Solvite
2418 4535 2655 4602 templum
2681 4537 2796 4600 hoc,
2825 4544 2870 4587 et
2901 4536 2952 4588 in
2983 4536 3140 4589 tribus
3184 4535 3356 4589 diebus
3397 4536 3621 4588 excitabo
3645 4535 3778 4589 illud

2187 4625 2310 4700 (Id.
2351 4626 2404 4694 9,.
2427 4627 2540 4697 l9).
2571 4627 2706 4694 Quid
2727 4643 2883 4698 porro
2900 4627 3142 4694 cstillud,
3164 4627 3425 4691 lieCubans
3456 4628 3702 4683 dormiiin
3723 4639 3777 4683 ut

2185 4715 2447 4771 leo?Sicut
2463 4717 2544 4770 leo
2561 4708 2809 4771 nimirum
2825 4733 2929 4771 non
2949 4718 3118 4772 solum
3136 4717 3262 4772 dum
3283 4718 3484 4788 vigilat,
3505 4718 3596 4773 sed
3614 4719 3774 4774 etiam

2183 4808 2308 4862 dum
2327 4809 2537 4874 dormit,
2553 4809 2904 4879 formidabilis
2924 4819 3006 4864 est
3029 4827 3041 4863 :
3070 4811 3146 4864 sic
3167 4819 3220 4877 et
3245 4809 3490 4864 Christus
3519 4825 3624 4864 non
3649 4819 3776 4863 ante

2183 4913 2393 4956 crucem
2411 4909 2634 4964 tantum,
2649 4900 2741 4954 sed
2759 4901 2880 4954 etin
2902 4901 3012 4969 ipsa
3029 4914 3208 4965 cruce,
3229 4908 3388 4968 atque
3409 4900 3460 4952 in
3475 4900 3585 4967 ipsa
3605 4907 3775 4953 morte

2184 4991 2532 5046 formidabilis
2554 4990 2669 5056 fuit,
2691 5006 2985 5061 magnaque
3007 4999 3118 5044 tum
3147 4989 3402 5044 miracula
3432 4989 3619 5054 edidit,
3644 4987 3770 5043 dum

2182 5083 2310 5138 solis
2363 5099 2577 5138 cursum
2622 5092 2766 5138 retro
2811 5083 3093 5149 convertit,
3135 5090 3315 5152 petras
3357 5081 3530 5146 scidit,
3580 5089 3767 5136 terram

2184 5179 2495 5244 tremefecit,
2518 5178 2691 5232 velum
2715 5178 2894 5247 templi
2916 5175 3196 5242 conscidit,
3221 5174 3374 5238 uxori
3393 5173 3547 5229 Pilati
3572 5182 3772 5226 metum

2183 5269 2382 5341 injecit,
2414 5268 2602 5324 Judam
2645 5271 2902 5339 coarguit.
2942 5268 3077 5322 Tum
3118 5267 3262 5323 enim
3311 5266 3444 5321 dixit
3501 5283 3514 5319 :
3559 5262 3775 5318 Peccavi

2199 5367 2411 5422 tradens
2434 5366 2740 5434 sanguinem
2777 5363 3100 5414 innocentem
3127 5356 3344 5427 (Matth.
3369 5355 3458 5406 27.
3483 5356 3558 5421 4).
3597 5354 3775 5419 Atque

2198 5462 2301 5517 hoc
2315 5459 2474 5513 Pilati
2497 5472 2634 5512 uxor
2660 5450 3116 5530 indicabatﬁihil
3132 5451 3296 5516 tibi,vt
3310 5449 3453 5518 justo
3472 5447 3590 5500 isti:
3606 5446 3774 5499 multa

2201 5553 2339 5619 enim
2360 5565 2524 5620 passa,
2552 5561 2670 5613 sum
2714 5559 2803 5612 per
2839 5545 3004 5598 visum
3049 5549 3264 5610 propter
3291 5555 3410 5593 eum
3437 5536 3546 5605 (Ib.
3576 5553 3622 5590 υ.
3659 5535 3770 5607 19).

2183 5633 2318 5688 Tum
2363 5632 2548 5686 orbem
2575 5639 2834 5685 terrarum
2869 5628 3104 5684 tenebrae
3131 5634 3479 5695 occuparunt,
3510 5633 3568 5680 et
3593 5621 3772 5678 medio

2185 5730 2273 5780 dte
2299 5739 2405 5780 nox
2429 5721 2692 5794 apparuit,
2718 5732 2824 5775 tum
2855 5736 3001 5776 mors
3028 5719 3322 5782 contabuit,
3351 5717 3572 5788 ejusque
3605 5715 3684 5771 vis
3707 5730 3771 5771 ac

2187 5823 2421 5887 potestas
2445 5815 2710 5871 destructa
2727 5821 2808 5870 est
2828 5828 2840 5866 :
2862 5811 3028 5868 multa
3053 5819 3197 5866 certe
3220 5823 3447 5883 corpora
3467 5819 3768 5864 sanctorum
