4106 6424
414 350 479 405 ει·
1054 339 1122 397 1N
1161 337 1400 406 ILLUD,
1441 337 1693 406 pum,
1737 335 1796 394 ει
1836 334 1997 392 voss

2099 332 2193 394 rw
2231 330 2380 400 EST,
2424 323 2814 394 TuANSEAT,
2854 322 3009 380 mc.
3597 317 3674 381 ω

431 522 3640 559 MM

1825 864 1998 951 ΕΙΣ
2069 866 2245 957 ΤΟ,

415 1112 535 1187 [l5]
574 1114 782 1187 Πάτερ,
816 1114 866 1167 εἰ
895 1112 1117 1167 δυνατόν
1148 1114 1284 1178 ἐστι,
1317 1112 1633 1185 παρελθέτω
1662 1113 1755 1168 ἀπ’
1786 1113 1922 1185 ἐμοῦ
1960 1115 2022 1168 τὸ
2051 1115 2312 1187 ποτήριον
2342 1112 2499 1168 τοῦτο
2521 1130 2533 1143 ·
2567 1112 2708 1184 πλὴν
2740 1112 2838 1183 οὐχ
2878 1111 2954 1174 ὡς
2982 1109 3093 1178 ἐγὼ
3122 1108 3283 1177 θέλω,
3312 1109 3427 1165 ἀλλ’
3455 1110 3529 1177 ὡς
3561 1106 3626 1166 σύ
3650 1127 3667 1144 ο

486 1204 588 1259 καὶ
616 1206 771 1259 κατὰ
808 1202 1271 1291 Μαρκιωνιστῶν
1301 1206 1399 1261 καί
1430 1208 1778 1275 Μανιχαίων
1809 1224 1822 1236 ·
1868 1207 1967 1262 καί
1998 1205 2088 1262 ὅτι
2117 1208 2190 1263 οὐ
2221 1205 2341 1277 χρὴ
2371 1202 2673 1273 ἑπιπηδᾷν
2711 1202 2834 1270 τοῖς
2878 1200 3217 1269 κινδύνοις,
3251 1200 3413 1258 ἀλλὰ
3439 1199 3668 1269 παντὸς

486 1300 825 1369 θελήματος
853 1297 1146 1377 προτιμᾶν
1173 1298 1239 1354 τὸ
1268 1299 1374 1355 τοῦ
1406 1299 1554 1357 Θεοῦ
1582 1298 1833 1370 θέλημα.

493 1919 565 1973 α’.
600 1921 831 1976 Βαθεῖαν
876 1920 1048 1993 τομὴν
1073 1923 1189 1990 τοῖς
1206 1921 1513 1996 ἁρπάζουσι
1534 1924 1627 1978 καὶ
1650 1924 1999 1982 πλεονεκτεῖν

422 2000 771 2074 βουλομένοις
807 2004 995 2077 πρώην
1022 2004 1339 2078 ἐδώκαμενο
1394 2008 1495 2079 οὐχ
1544 2008 1632 2061 ἴνα
1678 2007 1996 2079 πλήξωμεν,

310 2126 313 2127 ν
420 2084 538 2138 ἀλλ’
567 2086 654 2138 ῖνα
681 2086 1122 2159 διορθωσώμεθαο
1161 2089 1222 2142 οὐ
1255 2090 1383 2153 τοὺς
1421 2089 1741 2162 ἀνθρώπους
1775 2087 1999 2161 μισοῦν-

420 2184 532 2231 τες,
568 2167 705 2223 ἀλλά
731 2169 832 2240 τὴν
872 2169 1138 2242 πονηρίαν
1181 2171 1675 2243 ἀποστρεφόμενοι.
1721 2171 1883 2224 Ἐπεί
1906 2171 2001 2225 καὶ

425 2250 610 2321 ίατρδς
632 2252 819 2322 τέμνει
845 2252 906 2305 τὸ
932 2252 1108 2322 ἕλκος,
1134 2254 1196 2308 οὐ
1219 2254 1297 2325 τῷ
1324 2254 1567 2308 νοσοῦντι
1592 2253 1807 2324 σώματι
1839 2254 2001 2307 πολε-

425 2332 564 2401 μῶν,
598 2333 735 2387 ἀλλά
759 2337 825 2406 τῇ
870 2335 1012 2407 νόσῳ
1055 2335 1153 2390 καὶ
1203 2334 1283 2406 τῷ
1333 2337 1612 2408 τραύματι
1664 2335 1996 2406 μαχόμενος.

420 2414 563 2486 Φέρε
588 2415 674 2487 δὴ,
706 2417 947 2489 σήμερον
992 2416 1190 2491 μικρὸν
1224 2418 1463 2488 ἐνδῶμεν
1492 2419 1695 2482 αὐτοῖς,
1725 2417 1867 2472 ὥστε
1896 2419 1999 2472 αὐ-

421 2499 548 2561 τοὺς
589 2500 697 2552 ἀπὸ
735 2500 838 2570 τῆς
868 2499 1063 2571 ὀδύνης
1103 2499 1465 2565 ἀναπνεῦσαι,
1500 2500 1596 2554 καὶ
1647 2500 1727 2571 μὴ
1759 2501 1999 2572 συνεχῶς

422 2580 839 2651 πληττομένους,
875 2581 1291 2655 ἀποσηρτῆσαι.
1326 2583 1427 2652 τῆς
1474 2582 1791 2654 θεραπείας.
1839 2582 1999 2636 Οῦτω

422 2662 518 2716 καὶ
549 2662 724 2734 ἰατροὶ
767 2663 1016 2720 ποιοῦσι·
1072 2662 1215 2736 μετά
1259 2664 1359 2727 τάς
1408 2663 1584 2735 τομάς
1613 2664 1998 2736 ἐμπλάστρους

422 2743 724 2801 ἐπιτιθέασι
748 2747 843 2801 καὶ
867 2747 1155 2819 φάρμακα,
1175 2746 1271 2800 καὶ
1291 2746 1740 2817 διαλιμπάνουσιν
1764 2747 1997 2820 ἡμέρας,

420 2826 491 2881 τά
514 2828 988 2900 παραμυθούμενα
1011 2829 1110 2900 τὴν
1138 2829 1330 2901 ὀδύνην
1369 2828 1733 2893 ἐπινοοῦντες.
1764 2828 2001 2893 Τούτους

418 2910 485 2982 δὴ
519 2910 612 2966 καὶ
644 2913 804 2982 ἡμεῖς
834 2914 1162 2984 μιμούμενοι
1201 2914 1441 2984 σήμερον
1469 2911 1832 2977 ἐπινοοῦντες,
1857 2911 1997 2965 ὥστε

420 2992 816 3063 καρπώσασθαι
842 2994 940 3065 τὴν
969 2995 1079 3048 ἀπὸ
1109 2994 1211 3065 τῆς
1242 2995 1520 3067 ἡμετέρας
1539 2994 1826 3059 διαλέξεως
1855 2993 1999 3064 ὠφέ-

419 3075 590 3140 λειαν,
610 3075 725 3155 ’καὶ
762 3076 855 3129 τὸν
885 3076 1013 3148 περὶ
1040 3076 1329 3148 δογμάτων
1361 3078 1673 3148 κινήσωμεν
1700 3077 1881 3155 λόγον,
1918 3079 1997 3141 είς

418 3159 487 3212 τά
509 3154 903 3228 ,ἀνεγνωσμένα
935 3158 1027 3214 τὸν
1050 3158 1208 3229 λόγον
1243 3159 1519 3230 ἀφιέντες.
1563 3161 1673 3214 Καὶ
1704 3158 1815 3232 γάρ
1842 3154 1997 3230 οἶμαι

421 3241 648 3305 πολλοὺς
677 3240 974 3312 διαπορεῖν,
1007 3241 1151 3307 τίνος
1182 3241 1370 3298 ἕνεκεν
1394 3242 1568 3296 ταῦτα
1601 3241 1817 3315 εἴρηται
1846 3243 1999 3315 παρά

418 3324 514 3377 τοῦ
540 3322 778 3395 Χριστοῦ
799 3340 812 3353 ο
849 3324 997 3387 είκδς
1021 3324 1080 3377 δέ
1109 3324 1205 3379 καὶ
1235 3325 1545 3396 αίρετικούς
1579 3326 1856 3398 παρόντας
1878 3326 1999 3379 ἐπι-

418 3408 659 3479 πηδῆσαι
689 3409 802 3470 τοῖς
835 3407 1172 3478 είρημένοις,
1206 3408 1301 3463 καὶ
1325 3408 1554 3473 πολλοὺς
1580 3410 1689 3463 τῶν
1711 3408 2000 3479 ἀφελεστέ-

421 3508 529 3561 ρων
565 3490 810 3561 ἀδελφῶν
837 3490 1087 3546 ἐντεῦθεν
1117 3491 1519 3557 ὑποσκελίζειν.

490 3573 585 3627 ”Ιν’
603 3568 696 3626 οὖν
714 3573 809 3627 καὶ
828 3573 928 3644 τὴν
949 3572 1063 3646 [16]
1083 3574 1307 3628 ἐκείνων
1328 3574 1517 3646 ἔφοδον
1536 3574 1997 3645 ἀποτειχίσωμεν,

420 3659 511 3711 καὶ
541 3658 668 3722 τοὺς
696 3657 1088 3729 διαποροῦντας
1126 3657 1357 3729 θορύϐου
1408 3659 1500 3711 καὶ
1548 3658 1794 3728 ταραχῆς
1821 3657 1998 3710 ἀπαλ-

419 3739 687 3811 λάξωμεν,
717 3740 1196 3811 μεταχειρίσαντες
1218 3741 1278 3794 τὸ
1305 3743 1426 3811 είρη
1436 3740 1615 3810 μένον,
1646 3739 1996 3810 ἐνδιατρίψω-

422 3841 521 3894 μεν
564 3825 630 3896 τῇ
678 3822 842 3886 λέξει,
894 3822 990 3874 καὶ
1043 3822 1177 3894 πρὸς
1221 3823 1282 3876 τὸ
1328 3822 1489 3893 βάθος
1532 3820 1862 3891 καταϐῶμεν
1889 3821 1998 3874 τῶν

418 3907 725 3978 νοημάτων.
762 3905 898 3959 Οὐδὲ
945 3904 1054 3978 γάρ
1102 3908 1263 3975 ἀρκεῖ
1304 3908 1337 3976 ἠ
1386 3906 1722 3973 ἀνάγνωσις,
1776 3904 1873 3957 ἐάν
1923 3904 1998 3976 μὴ

419 3992 596 4061 προσῇ
624 3990 718 4042 καὶ
740 3990 774 4059 η
803 3989 1025 4056 γνῶσις.
1064 3986 1218 4042 Ἐπεὶ
1246 3989 1340 4043 καὶ
1364 3988 1394 4040 6
1420 3987 1672 4058 εὐνοῦχος
1707 3986 1997 4057 Κανδάκης

417 4071 816 4140 ἀνεγίνωσκεν,
859 4068 975 4125 ἀλλ’
1006 4069 1114 4134 ἕως
1154 4071 1245 4125 ὅτε
1290 4070 1625 4142 παρεγένετο
1669 4071 1698 4123 6
1731 4069 1999 4123 διδάσκων

416 4156 581 4209 αὐτὸν
608 4154 659 4207 τί
697 4170 829 4207 ποτε
860 4148 930 4226 ἦν
977 4153 1006 4208 δ
1054 4154 1443 4222 ἀνεγίνωσκεν,
1488 4154 1642 4208 οὐδὲν
1689 4152 2001 4224 ἐκαρποῦτο

421 4239 585 4310 μέγα.
611 4239 708 4291 Ἶν⁹
742 4232 836 4292 οὖν
868 4236 943 4309 μὴ
980 4238 1075 4291 καὶ
1116 4237 1274 4308 ὑμεῖς
1312 4237 1373 4291 τδ
1398 4238 1532 4291 αὐτὸ
1560 4237 1795 4307 πάθητε,
1825 4254 1999 4309 προσ-

417 4323 570 4393 έχετε
602 4324 714 4385 τοῖς
746 4321 1084 4393 λεγομένοις,
1114 4320 1429 4375 συντείνατε
1463 4322 1561 4392 τὴν
1587 4322 1853 4386 διάνοιαν,
1881 4337 1998 4391 σχο-

417 4404 687 4467 λάζο·›σάν
719 4421 810 4475 μοι
841 4404 942 4475 τὴν
969 4402 1150 4475 ψυχὴν
1184 4404 1520 4476 παράσχετε,
1548 4403 1835 4475 ὀξυδερκὲς
1856 4402 1997 4456 ἐστω

415 4489 478 4541 τὸ
536 4489 731 4559 ὄμμα,
790 4486 1157 4560 συντεταμένη
1211 4490 1244 4559 ἡ
1292 4488 1486 4559 γνώμη
1522 4504 1536 4519 ’
1604 4487 1995 4559 ἀπηλλαγμένη

418 4571 714 4642 φροντίδων
747 4569 1016 4639 βιωτικῶν
1057 4572 1090 4640 ὴ
1130 4570 1299 4642 ψυχὴ,
1347 4572 1434 4625 ἵνα
1480 4570 1555 4642 μὴ
1600 4570 1997 4641 καταϐάλωμεν

416 4657 498 4717 είς
537 4654 634 4718 τάς
665 4652 927 4717 ἀκάνθας.
960 4654 1096 4725 μηδέ
1143 4656 1223 4718 εἰς
1264 4656 1364 4719 τὰς
1395 4654 1633 4725 πέτρας,
1680 4654 1814 4725 μηδὲ
1848 4656 1999 4724 παρά

415 4738 515 4808 τὴν
545 4737 661 4791 ὁδὸν
684 4737 753 4791 τά
791 4737 1058 4806 λεγόμενα
1077 4753 1092 4769 ·
1134 4737 1271 4793 ἀλλά
1302 4738 1588 4809 βαθύγειον
1635 4738 1730 4792 καὶ
1759 4736 1998 4809 λιπαρὰν

416 4821 787 4893 γεωργοῦντες
811 4821 1073 4893 ἄρουραν,
1105 4822 1362 4893 κομῶντα
1383 4822 1474 4876 τὸν
1503 4823 1742 4893 άσταχυν
1770 4821 1999 4892 ἀμήσω-

422 4922 541 4976 μεν.
584 4905 709 4958 Ἐὰν
732 4904 843 4975 γὰρ
878 4903 1021 4958 οὓτω
1061 4905 1366 4977 προσέχητε
1398 4906 1510 4968 τοῖς
1536 4904 1873 4975 λεγομένοις,
1903 4903 1998 4958 καὶ

418 4990 549 5058 ημῖν
578 4987 905 5056 κουφότερον
945 4987 1038 5041 τὸν
1067 4987 1229 5041 πόνον
1254 4988 1578 5057 ἐργάσεσθε,
1619 4988 1715 5041 καὶ
1748 4987 1877 5056 ὑμῖν
1908 4988 1998 5040 εὐ-

419 5069 727 5140 κολιιηέραν
761 5069 859 5140 τὴν
894 5069 1114 5141 εὐρεσιν
1148 5071 1610 5125 κατασκευάσετε.
1661 5068 1727 5121 Τί
1756 5064 1849 5122 οὖν
1881 5070 1996 5122 ἐστι

418 5152 479 5205 τὸ
504 5151 950 5221 ἀνεγνωσμένονς
997 5151 1209 5221 Πάτερ,
1257 5155 1309 5206 ει
1342 5152 1625 5217 δυνατὸν,
1656 5150 1997 5221 παρελθέτω

418 5233 483 5288 τὸ
504 5234 800 5306 ποτήριον
831 5234 1008 5288 τοῦτο
1029 5235 1129 5290 ἀπ’
1149 5235 1317 5306 ἐμοῦ.
1354 5233 1420 5288 Τί
1445 5234 1576 5288 ποτέ
1597 5237 1744 5289 ἐστιν
1770 5235 1799 5289 ὅ
1828 5252 1959 5305 φησι
1981 5250 1995 5300 ;

418 5316 509 5368 Δεῖ
551 5333 660 5387 γαρ
701 5315 763 5368 τὸ
809 5317 1101 5388 εἰρημένον
1148 5318 1482 5390 σαφέστερον
1531 5316 1995 5388 ἑρμηνεύσαντας,

415 5397 587 5462 οὕτως
638 5399 940 5468 ἐπαγαγεῖν
985 5401 1085 5474 τὴν
1118 5401 1293 5456 λύσιν.
1345 5403 1411 5456 Τί
1444 5396 1536 5456 οῦν
1574 5404 1720 5456 ἐστιν
1765 5402 1795 5455 ὅ
1824 5418 1994 5471 φησις

417 5481 621 5551 Πάτερ,
656 5483 706 5534 εί
736 5482 983 5548 δυνατὸν,
1029 5485 1323 5556 παράγαγε
1368 5485 1460 5539 τὸν
1507 5486 1757 5558 σταυρόν.
1806 5485 1871 5539 Τί
1911 5484 1997 5538 λέ-

416 5579 565 5632 γεις;
594 5563 784 5631 ἀγνοεῖ
805 5565 914 5618 εἴτε
943 5565 1189 5633 δυνατὸν,
1217 5568 1328 5621 εἴτε
1359 5568 1639 5637 ἀδύνατον,
1668 5567 1858 5635 τοῦτο;
1889 5568 1998 5621 Καὶ

415 5646 499 5709 τίς
524 5645 590 5699 ἂν
617 5646 775 5700 τοῦτο
815 5648 994 5714 εῖποι;
1040 5650 1235 5704 Καίτοι
1282 5651 1352 5706 τά
1401 5652 1623 5723 ῥήματα
1674 5650 1994 5719 ἀγνοοῦντός

418 5736 568 5787 ἐστιν
599 5748 611 5763 ο
672 5732 705 5804 η
751 5731 859 5805 γάρ
902 5731 1017 5802 τοῦ,
1064 5736 1152 5804 Εἰ,
1206 5734 1510 5809 προσθήκη,
1564 5735 1995 5808 ἀμφισέιλλοντδς

2102 1926 2270 1992 ἐστιν,
2309 1926 2447 1993 ἀλλ’,
2495 1926 2632 1996 ὅπερ
2666 1926 2826 1997 ἔφην,
2873 1925 2937 1977 οὐ
2983 1925 3063 1979 δεῖ
3114 1925 3221 1987 τοῖς
3258 1924 3466 1994 ῥήμασι
3515 1923 3707 1991 προσ-”

2103 2007 2268 2079 ἐχειν,
2298 2009 2436 2064 ἀλλά
2460 2009 2595 2080 πρὸς
2620 2007 2689 2063 τὰ
2713 2011 2960 2079 νοήματα
2986 2005 3307 2079 τρέπεσθαι,
3333 2004 3429 2059 καὶ
3452 2005 3542 2058 τὸν
3569 2020 3690 2057 σκο-

2106 2091 2207 2145 πὸν
2249 2090 2345 2145 τοῦ
2391 2091 2641 2161 λέγοντος
2685 2091 2918 2157 εἰδέναι,
2970 2091 3066 2143 καὶ
3109 2088 3207 2160 τὴν
3238 2087 3434 2152 αἰτίαν,
3471 2087 3565 2141 καὶ
3597 2086 3693 2140 τὸν

2102 2180 2314 2253 καιρὸν,
2360 2183 2452 2236 καὶ
2484 2181 2667 2236 πάντα
2710 2181 3117 2250 συναγαγόντα,
3171 2179 3313 2233 οὓτω
3364 2178 3537 2250 θηρᾷν
3589 2177 3688 2248 τὴν

2102 2266 2534 2338 ἐναποκειμένην
2564 2266 2824 2322 διάνοιαν.
2879 2266 2943 2318 Ἦ
2970 2261 3066 2318 οὖν
3099 2264 3260 2333 σοφία
3291 2265 3325 2333 ὴ
3355 2263 3685 2333 ἀπόρρητος,

2100 2357 2129 2409 6
2176 2356 2269 2409 τὸν
2320 2356 2543 2427 Πατέρα
2574 2356 2747 2419 οὕτως
2793 2354 2968 2422 εἰδὼς,
3023 2354 3098 2417 ὡς
3141 2353 3170 2405 6
3207 2353 3397 2423 Πατὴρ
3442 2348 3548 2404 οἶδε
3594 2351 3688 2404 τὸν

2109 2447 2251 2512 Υίὸν,
2280 2446 2397 2511 πῶς
2425 2446 2491 2501 ἃν
2518 2447 2679 2501 τοῦτο
2707 2446 3006 2517 ἠγνόησεν,
3041 2444 3176 2499 Οὐδέ
3203 2443 3312 2516 γὰρ
3349 2441 3550 2515 μείζων
3586 2441 3686 2495 αὖ·

2098 2547 2168 2601 τη
2216 2533 2249 2600 ἡ
2299 2531 2501 2598 γνῶσις
2545 2533 2579 2601 ή
2616 2530 2744 2599 περὶ
2790 2529 2886 2582 τοῦ
2935 2529 3139 2591 πάθους
3172 2527 3271 2597 τῆς
3299 2524 3555 2595 γνώσεως
3585 2526 3686 2595 τῆς

2101 2614 2230 2685 περὶ
2273 2613 2375 2684 τῆς
2418 2613 2636 2677 οὐσίας,
2693 2612 2760 2683 ἢν
2810 2611 3054 2682 ἀκριϐῶς
3103 2610 3262 2680 μόνος
3309 2604 3451 2661 οἶδεν
3497 2609 3684 2671 αὐτός.

2099 2703 2305 2769 Καθὼς
2326 2702 2456 2775 γάρ,
2489 2704 2642 2773 φησὶ,
2676 2701 2952 2773 γινώσκει
2975 2718 3053 2770 με
3082 2702 3113 2755 ό
3139 2699 3364 2767 Πατὴρ,
3394 2698 3559 2768 κάγὼ
3592 2715 3684 2768 γι-

2099 2794 2312 2849 νώσκω
2346 2795 2453 2849 τόν
2492 2794 2743 2863 Πατέρα.
2793 2794 2904 2846 Καὶ
2950 2793 3003 2845 τί
3041 2791 3185 2859 λέγω
3224 2792 3355 2862 περὶ
3384 2789 3481 2843 τοῦ
3528 2806 3686 2860 μονο-

2101 2884 2292 2954 γενοῦς
2317 2884 2446 2938 Υίοῦ
2474 2884 2566 2938 τοῦ
2590 2883 2759 2949 Θεοῦ;
2794 2883 2927 2937 Οὐδέ
2952 2881 3061 2954 γάρ
3089 2883 3138 2935 οἱ
3166 2882 3441 2953 προφῆται
3476 2880 3686 2950 φαίνον-

2099 2994 2190 3032 ται
2228 2977 2387 3031 τοῦτο
2431 2977 2781 3049 ἠγνοηκότες,
2816 2974 2952 3030 ἀλλά
2980 2974 3075 3028 καὶ
3114 2973 3315 3036 εἰδότες
3352 2972 3540 3042 σαφῶς
3594 2972 3689 3026 καὶ

2101 3070 2620 3143 προαναφωνοῦντες
2653 3068 2790 3141 μετὰ
2819 3068 3020 3140 πολλῆς
3047 3067 3147 3139 τῆς
3180 3066 3578 3139 πληροφορίας,
3604 3066 3687 3119 ὅτι

2099 3160 2181 3215 δεῖ
2215 3162 2370 3216 τοῦτο
2392 3162 2669 3231 γενέσθαι,
2705 3161 2799 3214 καὶ
2829 3161 2912 3214 ὅτι
2940 3159 3159 3226 πάντως
3187 3158 3358 3214 ἐσται.

2173 3256 2371 3308 Ἀκουε
2414 3254 2545 3323 γοῦν
2576 3254 2693 3318 πῶς
2737 3253 3013 3325 διαφόρως
3042 3254 3282 3316 ἅπαντες
3311 3252 3403 3306 τὸν
3446 3253 3683 3323 σταυρὸν

2098 3344 2525 3414 ἀπαγγέλλουσι.
2568 3345 2789 3416 Πρῶτος
2822 3347 2851 3403 6
2878 3345 3224 3417 πατριάρχης
3266 3342 3461 3398 Ἰακώϐ
3482 3359 3494 3372 ·
3549 3341 3690 3416 πρὸς

2099 3433 2209 3506 γὰρ
2230 3434 2392 3514 αὐτὸν
2415 3434 2715 3489 ἀποτείνων
2741 3433 2833 3488 τὸν
2858 3433 3015 3503 λόγον
3042 3432 3227 3505 φησίν·
3265 3433 3361 3486 Ἐκ
3379 3432 3685 3497 βλαστοῦ,

2098 3528 2191 3583 υἱέ
2233 3545 2375 3601 μου,
2422 3527 2676 3594 ἀνέϐηςο
2729 3527 2956 3598 βλαστὸν
3003 3526 3102 3597 τὴν
3145 3519 3435 3596 Παρθένον,
3495 3524 3591 3578 καὶ
3626 3524 3690 3577 τὸ

2098 3622 2367 3692 ἄχραντον
2405 3620 2505 3691 τῆς
2552 3619 2771 3691 Μαρίας
2802 3613 3103 3691 ἐμφαίνων.
3158 3616 3293 3673 Εἶτα
3323 3619 3415 3673 τὸν
3451 3616 3689 3691 σταυρὸν

2097 3713 2273 3784 δηλῶν
2302 3713 2487 3782 ἔλεγεν
2507 3731 2521 3744 ·
2564 3713 2905 3768 Ἆναπεσὼν
2930 3713 3255 3783 ἐκοιμήθης
3281 3714 3359 3779 ὡς
3386 3712 3565 3776 λέων,
3586 3712 3687 3768 καὶ

2097 3806 2179 3871 ὡς
2203 3807 2474 3876 σκύμνος
2500 3804 2767 3871 λέοντος,
2803 3807 2895 3871 τίς
2922 3806 3117 3875 ἐγερεῖ
3152 3806 3377 3869 αὐτόν;
3427 3805 3533 3858 Τὸν
3578 3804 3688 3874 γάρ

2100 3897 2327 3953 θάνατον
2357 3898 2521 3952 αὐτοῦ
2563 3896 2819 3969 κοίμησιν
2866 3896 3091 3950 ἐκάλεσε
3122 3895 3216 3949 καὶ
3257 3894 3445 3958 ὕπνον,
3480 3894 3576 3948 καὶ
3610 3894 3688 3964 τῷ

2099 3990 2316 4061 θανάτῳ
2364 3989 2570 4060 συνῆψε
2609 3990 2708 4059 τὴν
2740 3987 3069 4053 ἀνάστασιν,
3109 3987 3308 4057 λέγων’
3361 3986 3457 4051 Τίς
3502 3988 3689 4058 ἐγερεῖ

2100 4080 2298 4148 αὐτόν;
2335 4081 2528 4145 Ἀλλος
2561 4081 2658 4152 μὲν
2682 4080 2878 4144 οὐδεὶς,
2911 4079 3071 4144 αὐτὸς
3097 4079 3153 4132 δέ
3182 4079 3393 4134 ἑαυτόν.
3422 4079 3500 4131 Δι’
3534 4078 3563 4131 ὃ
3592 4081 3689 4132 καὶ

2098 4174 2128 4226 6
2168 4172 2403 4243 Χριστὸς
2449 4172 2655 4242 ἔλεγεν·
2689 4170 3010 4236 Ἐξουσίαν
3038 4168 3158 4239 ἔχω
3196 4168 3385 4224 θεῖναι
3417 4168 3533 4238 τὴν
3564 4174 3685 4240 ψυ-

2097 4264 2220 4336 χήν
2248 4282 2398 4335 μου,
2436 4264 2536 4319 καὶ
2579 4263 2874 4329 ἐξουσίαν
2910 4261 3029 4333 ἔχω
3068 4262 3277 4316 λαϐεῖν
3320 4262 3549 4330 αὑτήν·
3594 4264 3689 4317 καὶ

2100 4355 2264 4409 πάλιν
2287 4371 2301 4387 ·
2357 4355 2595 4408 Λύσατε
2637 4351 2745 4406 τὸν
2782 4351 2937 4406 ναὸν
2979 4350 3197 4405 τοῦτον
3237 4348 3335 4402 καί
3387 4350 3458 4402 ἐν
3489 4351 3691 4417 τρισίν

2100 4446 2349 4516 ’ἡμέραις
2388 4444 2570 4515 ἐγερῶ
2621 4444 2829 4499 αὐτόν.
2879 4442 2944 4494 Τί
2987 4441 3044 4495 δέ
3096 4443 3273 4504 ἐστιν,
3337 4438 3693 4494 Ἀναπεσὼν

2100 4535 2423 4606 ἐκοιμήθης
2443 4535 2523 4600 ὡς
2541 4533 2698 4588 λέων
2715 4548 2734 4596 ;
2782 4533 2993 4604 Ὠσπερ
3019 4530 3129 4602 γάρ
3162 4531 3190 4583 6
3221 4528 3357 4584 λέων
3391 4531 3491 4584 οὐκ
3519 4532 3689 4602 ἐγρη-

2099 4627 2278 4699 γορὼς
2311 4627 2490 4698 μόνον,
2519 4625 2658 4680 ἀλλά
2689 4625 2785 4677 καὶ
2813 4622 3090 4677 καθεύδων
3124 4624 3242 4677 ἐστὶ
3267 4623 3518 4695 φοϐερός
3548 4624 3692 4678 οὓτω

2099 4723 2195 4778 καὶ
2240 4722 2269 4773 6
2297 4719 2529 4792 Χριστὸς
2560 4718 2621 4772 οὐ
2648 4718 2754 4791 πρὸ
2795 4716 2889 4772 τοῦ
2938 4718 3177 4790 σταυροῦ
3211 4719 3392 4790 μόνον,
3425 4717 3563 4772 ἀλλά
3595 4719 3692 4773 καὶ

2099 4814 2159 4866 ἐν
2182 4811 2331 4884 αὐτῷ
2353 4811 2431 4884 τῷ
2460 4810 2699 4882 σταυρῷ,
2731 4809 2827 4864 καὶ
2853 4811 2911 4864 ἐν
2940 4810 3078 4882 αὐτῇ
3108 4812 3176 4882 τῇ
3204 4810 3429 4883 τελευτῇ
3460 4811 3691 4882 φοϐερὸς

2098 4901 2188 4977 ἦν,
2234 4904 2330 4959 καὶ
2362 4904 2429 4957 τά
2460 4903 2673 4975 μεγάλα
2705 4902 2832 4956 τότε
2880 4901 3171 4974 είργάζετο
3200 4901 3459 4974 θαύματα
3478 4944 3493 4968 ,
3538 4903 3692 4974 ἥλιον

2099 4995 2480 5068 ἀποστρέφων,
2520 4994 2731 5067 πέτρας
2758 4993 2995 5065 τέμνων,
3034 4992 3148 5066 [17]
3182 4993 3282 5065 τὴν
3316 4994 3420 5067 γῆν
3455 4995 3687 5061 κλονῶν,

2098 5087 2159 5142 τὸ
2188 5085 2590 5157 καταπέτασμα
2642 5084 2861 5155 σχίζων,
2894 5084 2994 5157 τὴν
3040 5086 3276 5154 γυναῖκα
3318 5084 3415 5139 τοῦ
3454 5085 3688 5141 Πιλάτου

2098 5180 2491 5250 δεδιττόμενος,
2522 5177 2614 5231 τὸν
2654 5177 2854 5232 Ἰούδαν
2879 5177 3139 5247 ἐλέγχων.
3180 5177 3317 5230 Τότε
3344 5176 3455 5248 γὰρ
3476 5176 3684 5244 ἔλεγεν·

2100 5269 2405 5340 Ἥμαρτον
2458 5267 2767 5337 παραδοὺς
2813 5263 2956 5337 αἷμα
3002 5267 3217 5322 ἀθῶον.
3275 5267 3385 5321 Καὶ
3450 5268 3482 5336 ή
3547 5267 3686 5336 γυνὴ

2096 5361 2191 5416 τοῦ
2239 5360 2474 5415 Πιλάτου
2521 5360 2711 5431 ἐδήλου
2733 5374 2749 5392 ο
2796 5358 3004 5428 Μηδὲν
3048 5359 3146 5413 σοι
3199 5357 3299 5411 καί
3347 5355 3427 5421 τῷ
3478 5356 3689 5424 δικαίῳ

2099 5454 2317 5520 τούτῳ·
2366 5452 2571 5506 πολλὰ
2607 5451 2718 5521 γὰρ
2746 5451 2973 5505 ἔπαθον
3005 5449 3132 5503 κατ’
3177 5447 3323 5517 ὄναρ
3358 5446 3433 5501 δι’
3474 5450 3682 5504 αὐτόν.

2100 5537 2334 5597 Τότε“τὺ
2378 5543 2569 5606 σκότος
2612 5540 2714 5613 τὴν
2747 5540 3075 5610 οἰκουμένην
3113 5537 3499 5610 κατελάμϐανε
3526 5580 3542 5606 ,
3593 5541 3687 5594 καὶ

2102 5638 2198 5702 νὺξ
2246 5638 2304 5690 ἐν
2354 5635 2539 5707 ἡμέρᾳ
2581 5635 2722 5707 μέσῃ
2753 5632 3034 5702 ἐφαίνετο’
3084 5631 3205 5685 τότε
3234 5633 3263 5686 6
3294 5632 3522 5696 θάνατος
3557 5633 3687 5703 ἐτη-

2106 5744 2250 5794 κετο,
2282 5728 2373 5782 καὶ
2420 5729 2452 5799 ἡ
2487 5726 2740 5797 τυραννὶς
2779 5721 2943 5779 αὐτοῦ
2975 5721 3299 5780 κατελύετο⁹
3354 5722 3527 5783 πολλά
3560 5724 3687 5796 γοῦν
