4106 6424
289 378 358 431 35
925 371 990 428 IN
1028 370 1254 437 ILLUD,
1294 368 1543 439 PATER,
1583 368 1641 428 SI
1681 366 2028 427 rossmtu:
2064 369 2213 439 EST,
2255 370 2642 445 rasasuar,
2684 378 2837 434 mc.
3495 389 3564 445 δι

283 510 370 564 qm
390 489 743 555 dormierunt,
771 498 1137 547 surrexerunt.
1165 487 1289 543 Ilaec
1315 486 1441 542 olim
1466 485 1757 556 praedicens
1779 498 1870 554 pa-

286 584 534 647 triarcha,
556 590 613 639 et
647 581 940 637 ostendens
984 580 1129 639 illum
1162 581 1321 634 etiam
1343 578 1658 633 crucilixum
1689 576 1873 631 formi-

281 675 512 730 dabilem
543 673 675 736 fore,
705 671 955 728 dicebat:
996 670 1260 727 Rocubaus
1289 669 1536 723 dormiisti
1559 679 1613 721 ut
1635 669 1712 732 leo
1733 684 1752 722 :
1775 683 1872 721 nec

284 765 445 829 dixit,
478 764 742 828 Dormics,
782 761 876 817 sed
906 760 1187 825 Dormiisti,
1236 769 1515 830 propterea
1560 758 1700 829 quod
1742 758 1868 812 illud

279 857 503 912 omnino
528 866 644 910 erat
670 856 927 910 futurum.
960 853 1069 909 Mos
1087 852 1228 909 enim
1256 851 1341 905 hic
1359 862 1442 906 est
1464 851 1868 921 prophetarum,

283 956 340 1001 ut
370 947 555 1001 multis
599 947 652 1001 in
699 945 831 1001 locis
865 955 1133 1014 tamquam
1165 944 1431 1014 prmterita
1459 942 1632 997 futura
1675 941 1867 1012 prmdi-

281 1048 422 1093 cant.
469 1036 603 1091 Nam
644 1036 1093 1107 quemadmodum
1138 1034 1249 1088 ﬁeri
1277 1033 1500 1103 nequit,
1533 1042 1589 1088 ut
1616 1049 1733 1103 qua:
1759 1033 1868 1103 jam

282 1139 597 1193 evenerunt,
637 1143 742 1183 non
786 1128 1033 1184 eveniant
1062 1144 1075 1179 :
1106 1127 1177 1180 ita
1200 1140 1370 1196 neque
1401 1133 1454 1179 ut
1483 1124 1584 1180 hoc
1611 1165 1626 1189 ,
1659 1125 1868 1179 tametsi

283 1218 517 1273 futurum
559 1227 672 1283 est,
726 1232 833 1272 non
871 1216 1100 1279 eveniat.
1144 1216 1433 1286 Propterea
1484 1216 1734 1270 nimirum
1777 1230 1870 1285 per

281 1311 517 1382 speciem
548 1310 801 1380 temporis
840 1309 946 1380 jam
981 1310 1233 1379 praeteriti
1266 1308 1441 1363 futura
1490 1310 1866 1379 prmnuntiant,

282 1413 339 1458 ut
367 1403 470 1457 hac
491 1403 697 1458 ratione
720 1401 832 1457 ﬁeri
863 1418 966 1457 non
995 1415 1151 1471 posse
1167 1400 1487 1472 significent,
1516 1401 1642 1471 quin
1667 1402 1867 1456 exitum

282 1492 514 1547 habeant
539 1507 602 1547 ac
625 1506 844 1561 prorsus
864 1492 1132 1547 eveniant.
1161 1492 1251 1547 Sic
1271 1492 1430 1547 etiam
1461 1491 1627 1546 David
1653 1505 1866 1546 crucem

280 1584 569 1654 designans
595 1583 768 1638 aiebat
795 1599 810 1636 :
836 1581 1096 1636 Foderunt
1122 1598 1302 1635 manus
1318 1590 1536 1646 meas,et
1558 1581 1706 1651 pedes
1732 1597 1868 1635 meos

282 1676 454 1748 (Psal.
483 1677 571 1731 2|.
601 1676 713 1746 I7).
734 1675 850 1731 Non
873 1674 1022 1741 dixit,
1053 1674 1298 1741 Fodient,
1327 1673 1422 1728 sed
1454 1672 1734 1727 Foderunt.
1762 1671 1865 1727 Di-

279 1776 666 1821 numeraverunt
709 1766 878 1821 omnia
906 1782 1019 1820 ossa
1047 1783 1156 1819 utea
1186 1763 1292 1837 (Ib.
1321 1780 1368 1818 υ.
1402 1763 1516 1837 18).
1545 1764 1656 1819 Nec
1692 1765 1866 1818 solum

280 1858 396 1913 ba‘c
439 1858 595 1923 dixit,
640 1857 735 1912 sed
774 1857 931 1912 etiam
957 1873 1042 1923 ea,
1071 1873 1190 1927 quae
1212 1872 1243 1911 a
1274 1856 1528 1911 militibus
1552 1856 1687 1911 facta
1720 1864 1863 1911 sunt.

279 1947 570 2002 Diviserunt
595 1949 690 2003 sibi
728 1948 1016 2004 uestimenta
1048 1965 1178 2015 mea,
1219 1957 1269 2003 et
1292 1964 1446 2018 super
1472 1957 1655 2002 vestem
1702 1963 1864 2001 nteant

279 2041 523 2095 miserunt
561 2049 745 2093 sortem
784 2037 888 2110 (Ib.
916 2055 963 2092 υ.
1013 2040 1122 2109 19).
1166 2038 1347 2108 Neque
1394 2037 1495 2092 hoc
1521 2038 1717 2104 solum,
1769 2036 1865 2092 sed

276 2131 438 2185 etiam
479 2129 623 2200 quod
671 2145 794 2186 eum
842 2129 966 2185 felle
1016 2130 1281 2196 cibaruut,
1309 2138 1364 2183 et
1388 2139 1541 2184 aceto
1568 2138 1861 2198 putarunt:

277 2220 537 2276 Dederunt
580 2222 743 2286 enim,
791 2221 981 2291 inquit,
1010 2221 1063 2274 in
1091 2236 1255 2275 escam
1297 2236 1459 2273 meam
1489 2219 1579 2292 fel,
1613 2228 1662 2273 et
1694 2221 1746 2272 in
1775 2218 1862 2273 siti

275 2329 387 2367 mea
425 2322 724 2383 potaveruut
763 2329 842 2366 me
865 2322 1003 2367 aceto
1043 2311 1210 2383 (Psal.
1237 2312 1326 2367 68.
1357 2312 1474 2384 22).
1502 2312 1653 2368 Alius
1682 2327 1865 2369 rursus

273 2419 398 2459 eum
446 2404 627 2459 lancea
654 2418 966 2473 percussum
1012 2403 1081 2457 ab
1107 2404 1213 2457 illis
1243 2402 1407 2458 fuisse
1442 2412 1623 2458 narrat
1656 2421 1669 2457 :
1718 2403 1865 2458 Vide-

275 2496 397 2549 bunt
419 2495 580 2559 enim,
606 2495 794 2564 inquit,
817 2495 1407 2563 inquemtrans/ixerunt
1430 2492 1611 2564 (Zach.
1638 2494 1721 2550 12.
1748 2493 1862 2564 10).

274 2585 438 2640 Isaias
477 2594 653 2640 autem
704 2599 890 2640 rursus
926 2585 1082 2640 aliter
1105 2601 1316 2640 crucem
1365 2585 1726 2654 praemmtians
1777 2584 1860 2638 di-

273 2677 475 2732 cebat:
523 2677 670 2733 Sicut
715 2678 820 2732 ovis
855 2677 924 2730 ad
965 2678 1266 2732 occisionem
1318 2679 1498 2732 ductus
1527 2691 1616 2743 est,
1645 2686 1692 2730 et
1733 2678 1863 2731 sicut

272 2784 436 2838 agnus
492 2783 663 2821 coram
709 2768 940 2821 tondente
980 2784 1034 2821 se
1079 2776 1247 2821 mutus
1273 2808 1289 2833 ,
1339 2768 1412 2821 sic
1452 2783 1552 2822 non
1584 2769 1783 2838 aperuit
1804 2783 1864 2823 ss

272 2874 444 2911 suum.
472 2857 539 2912 In
576 2859 860 2913 humilitate
893 2860 1001 2931 ejus
1034 2859 1288 2931 judicium
1315 2860 1474 2928 ipsius
1502 2859 1757 2915 sublatum
1787 2870 1862 2914 est

272 2948 427 3018 (Isai.
454 2950 543 3006 55.
575 2951 624 3003 7.
649 2949 729 3021 8).
1472 2948 1481 2953 ’

343 3041 400 3097 2.
442 3042 661 3096 Mortem
705 3041 932 3098 Christus
959 3042 1124 3096 subire
1165 3058 1265 3095 non
1307 3042 1569 3097 recusavit.
1600 3040 1862 3096 Mirabilia

269 3136 432 3189 erucis
471 3152 648 3203 opera.
700 3164 773 3175 -—
804 3134 884 3189 'I‘u
933 3149 1060 3191 vero
1105 3134 1235 3188 mihi
1267 3134 1512 3201 observa,
1541 3149 1649 3207 quo
1698 3142 1855 3204 pacto

271 3228 635 3296 unusquisque
679 3227 900 3281 istorum
955 3235 1224 3296 tamquam
1257 3227 1326 3282 de
1364 3226 1524 3283 rebus
1570 3226 1855 3296 praeteritis

273 3321 435 3376 verba
481 3319 660 3385 faciat,
703 3331 761 3375 ut
794 3335 856 3376 ea
900 3320 1058 3390 plane
1083 3319 1257 3375 futura
1280 3360 1296 3385 ,
1336 3327 1392 3375 et
1431 3320 1548 3376 sine
1575 3318 1850 3375 contradi-

268 3413 448 3466 ctione
474 3422 725 3466 eventura
756 3428 848 3481 per
871 3411 974 3467 hoc
1001 3421 1212 3481 tempus
1246 3413 1510 3469 ostendat.
1541 3411 1615 3466 Ita
1639 3426 1854 3483 quoque

269 3501 434 3556 David
493 3500 595 3555 hoc
631 3500 885 3571 judicium
926 3501 1235 3557 describens
1272 3501 1491 3557 aiebat:
1526 3502 1696 3568 Quare
1745 3502 1855 3572 fre-

266 3603 503 3649 muerunt
528 3602 697 3664 gentes
715 3634 730 3656 ,
761 3602 806 3647 et
832 3593 1010 3664 populi
1039 3593 1266 3651 meditati
1287 3602 1403 3647 sunt
1432 3594 1607 3648 inania
1629 3594 1655 3648 ?
1679 3593 1855 3647 Aristi-

265 3694 431 3740 terunt
469 3701 611 3757 reges
653 3695 818 3752 terrm,
849 3696 897 3739 et
936 3686 1188 3756 principes
1236 3697 1571 3742 convenerunt
1605 3687 1660 3742 in
1687 3703 1847 3742 unum

264 3777 504 3830 adversus
556 3775 848 3843 Dominum,
878 3786 924 3830 et
965 3777 1203 3832 adversus
1234 3776 1490 3832 Christum
1535 3778 1645 3850 ejus
1675 3777 1850 3850 (Psal.

265 3868 320 3924 2.
349 3869 398 3923 I.
428 3866 508 3942 2).
559 3867 742 3938 Neque
787 3884 915 3923 vero
943 3869 1201 3937 judicium
1253 3877 1456 3927 tantum
1499 3877 1554 3925 et
1604 3884 1845 3938 crucem,

265 3978 491 4034 qumque
520 3962 571 4016 in
594 3978 753 4017 cruce
786 3963 1141 4032 contigerunt,
1169 3970 1579 4030 commemorat,
1606 3963 1702 4019 sed
1730 3978 1851 4017 cum

265 4068 476 4124 quoque
500 4052 590 4123 qui
621 4052 836 4107 tradidit
865 4093 881 4119 ,
905 4053 1046 4122 quod
1076 4053 1328 4113 nimirum
1352 4054 1767 4121 contubernalis,
1800 4062 1855 4109 et

266 4143 508 4214 ejusdem
538 4144 801 4213 particeps
825 4159 1024 4200 mensa:
1051 4146 1224 4201 luerit.
1257 4146 1356 4213 Qui
1383 4147 1525 4201 enim
1557 4146 1732 4200 edebat
1760 4162 1854 4216 pa-

266 4254 354 4292 nes
378 4254 535 4304 meos,
564 4238 902 4306 magni/icavit
927 4255 1080 4307 super
1105 4254 1181 4294 me
1195 4238 1655 4309 supplantationem
1674 4237 1849 4311 (Psal.

264 4329 354 4385 40.
404 4328 515 4401 10).
550 4328 745 4383 Vocem
781 4344 992 4400 quoque
1035 4331 1113 4385 sic
1148 4328 1320 4397 eli‘ert,
1353 4346 1509 4401 quam
1555 4330 1852 4385 emissurus

264 4428 382 4475 erat
424 4420 477 4475 in
516 4435 717 4475 cruce:
760 4420 918 4484 Deus,
971 4420 1107 4475 Deus
1155 4437 1314 4489 uicus,
1344 4437 1500 4490 quare
1539 4438 1617 4476 me
1667 4422 1851 4477 dereli-

264 4512 416 4585 quisti
437 4511 612 4581 (Psal.
638 4511 729 4566 2|.
753 4512 809 4583 2)
836 4513 860 4566 ?
903 4512 1036 4567 Tum
1066 4513 1366 4582 sepulcrum
1394 4528 1577 4568 rursus
1608 4531 1623 4572 :
1657 4513 1854 4568 Posue-

264 4615 383 4657 runt
414 4621 493 4658 me
517 4606 569 4658 in
598 4606 714 4661 lacu
753 4606 951 4672 inﬁmo,
982 4606 1035 4659 in
1066 4605 1335 4659 tenebrosis
1356 4614 1403 4659 et
1429 4606 1482 4660 in
1508 4607 1685 4660 umbra
1715 4623 1851 4661 mor-

266 4697 329 4750 tis
379 4695 549 4765 (Psal.
607 4696 697 4753 87.
751 4696 825 4765 6).
869 4697 934 4755 Et
974 4697 1419 4753 resurrectionem
1470 4718 1483 4753 :
1534 4697 1657 4751 Non
1706 4699 1850 4753 enim

265 4766 580 4855 derclinques
603 4789 825 4842 animam
862 4806 1020 4842 meam
1047 4790 1099 4842 in
1129 4790 1350 4859 inferno,
1377 4806 1535 4860 neque
1558 4791 1699 4845 dabis
1727 4808 1850 4844 san-

263 4891 401 4933 ctum
447 4891 587 4934 tuum
635 4881 800 4935 videre
839 4883 1210 4953 corruptionem
1260 4880 1453 4954 (Psal.
1485 4884 1572 4939 15.
1603 4882 1740 4955 10).
1788 4885 1853 4939 Et

264 4973 631 5028 ascensionem
659 4973 926 5028 :Ascendit
948 4974 1084 5028 Dens
1116 4976 1167 5028 in
1180 4975 1503 5046 jubilatione,
1527 4975 1773 5030 Dominus
1797 4977 1851 5031 in

240 5067 380 5117 iuoce
408 5065 540 5118 tubte
566 5063 739 5135 (Psal.
774 5064 864 5120 46.
890 5064 969 5134 6).
1014 5065 1142 5121 Item
1182 5067 1366 5121 sedem
1387 5080 1416 5119 a
1445 5065 1682 5121 dextris:
1706 5067 1851 5122 Dra‘it

232 5153 521 5237 :Dominus
547 5154 761 5209 Domino
784 5171 920 5237 meo,
951 5155 1086 5212 Sede
1112 5174 1146 5211 a
1172 5157 1361 5211 dextris
1392 5158 1535 5222 meis,
1567 5157 1726 5212 donec
1753 5175 1848 5227 po-

235 5234 382 5324 inam
410 5250 639 5304 inimicos
659 5234 1065 5307 tuos-scabellum
1088 5250 1271 5321 pedum
1302 5261 1503 5305 tuarum
1522 5250 1692 5323 (Psol.
1725 5251 1847 5307 100.

240 5323 342 5411 ξι).
396 5339 558 5396 Isaias
592 5356 720 5397 vero
774 5356 990 5397 causam
1046 5343 1204 5401 etiam
1257 5342 1521 5411 expressit
1597 5343 1781 5397 dicens
1832 5359 1846 5396 :

271 5386 342 5410 .,-
396 5386 558 5396 -..ηπ
602 5386 717 5397 ,νη
776 5386 990 5397 -_.........
1048 5386 1204 5401 -..ψη
1259 5386 1521 5411 -..,...,--..
1598 5386 1781 5397 ...ννην
1832 5386 1845 5396 .

238 5386 253 5469 l
266 5434 521 5501 Quoniam
547 5434 609 5487 ab
634 5434 981 5504 iniquitatibus
1009 5434 1186 5505 pepuli
1214 5435 1312 5488 mei
1330 5435 1513 5489 ductus
1539 5434 1694 5488 estad
1709 5451 1846 5488 mor-

262 5537 365 5580 tem
388 5527 409 5598 (
435 5523 561 5581 lsai.
592 5526 663 5581 5'5
700 5523 795 5591 8).
824 5533 879 5579 et
905 5526 1066 5595 quod,
1101 5526 1352 5593 Quoniam
1387 5542 1557 5581 omnes
1581 5527 1709 5581 sicut
1734 5543 1849 5581 oves

255 5627 573 5685 errandum,
618 5617 812 5672 idcirco
854 5625 1106 5671 mactatur
1135 5617 1299 5688 (Ibid.
1327 5631 1375 5671 υ.
1406 5615 1462 5673 6.
1494 5615 1572 5689 7).
1600 5616 1734 5671 Tum
1755 5618 1850 5672 ad-

261 5696 405 5765 jicit,
428 5700 546 5766 quid
577 5715 641 5752 ex
676 5715 743 5752 eo
770 5701 890 5752 boni
915 5711 1300 5769 conscquutum
1327 5703 1416 5765 sit,
1440 5701 1643 5764 dicens,
1674 5698 1855 5754 Livore

264 5784 487 5854 ejusnes
505 5804 678 5845 manes
706 5799 871 5845 sanati
899 5806 1071 5847 sumus
1092 5790 1109 5864 (
1134 5789 1216 5847 Ib.
1242 5808 1287 5847 ιτ.
1317 5794 1390 5864 5)
1416 5832 1429 5859 ,
1459 5802 1508 5848 et
1531 5792 1690 5863 quod,
1718 5789 1851 5847 Pec-

1980 495 2095 540 cata
2120 484 2392 542 multorum
2435 491 2548 545 tulit
2583 495 2604 563 (
2621 491 2749 548 lsai.
2778 495 2866 550 55.
2898 495 3033 566 I2).
3067 497 3274 569 Ergone
3302 502 3574 569 prophetae

1978 579 2191 648 quidem
2210 597 2420 636 crucem
2440 596 2770 649 noverant,ct
2788 590 2960 642 crucis
2977 605 3439 664 causam,qu:eque
3456 610 3582 665 pro-

1981 677 2097 736 pter
2108 686 2318 727 cruccm
2337 675 2613 728 commoda
2630 677 2979 746 obvenerunt,
2999 690 3052 734 ct
3068 685 3393 752 sepulcrum,
3412 696 3466 741 et
3484 701 3573 743 re-

1976 762 2384 828 surrectionem,
2411 773 2465 818 et
2489 768 2880 834 ascensionem,
2919 778 2971 823 et
2999 772 3376 840 proditionem,
3407 785 3460 832 et
3485 777 3571 848 ju-

1977 849 2192 914 dicium,
2225 863 2278 908 et
2307 856 2481 907 omnia
2509 869 2693 912 exacte
2719 858 3117 929 descripserunt
3151 884 3164 918 :
3194 865 3283 934 qui
3318 867 3570 922 verotnio

1977 941 2041 993 sit
2067 956 2180 1005 eos,
2222 952 2278 997 et
2306 944 2419 998 lucc
2453 946 2555 1000 illis
2590 947 2811 1002 dicenda
2842 951 3134 1019 mandavit,
3176 955 3287 1023 ipse
3317 955 3570 1025 ignorat?

1976 1030 2104 1096 Quis
2140 1047 2388 1103 umquam
2420 1036 2655 1105 prudens
2686 1039 2786 1093 hoc
2829 1038 3023 1095 dixerit
3053 1042 3076 1095 l
3107 1043 3262 1099 Vides
3294 1062 3397 1100 non
3439 1063 3563 1104 esse

1978 1121 2137 1175 verba
2163 1132 2363 1176 tantum
2384 1132 2584 1180 temere
2600 1112 2888 1195 spectanda
2912 1130 2935 1184 ?
2961 1146 3066 1186 non
3091 1133 3232 1187 enim
3260 1134 3361 1190 hoc
3387 1137 3563 1192 solum

1974 1221 2057 1266 est
2081 1213 2326 1280 dubium,
2358 1215 2450 1270 sed
2483 1227 2535 1271 et
2561 1219 2820 1287 majorem
2845 1220 2917 1288 id,
2950 1223 3090 1292 quod
3118 1226 3376 1294 sequitur,
3406 1228 3565 1284 dubi-

1976 1303 2120 1357 laudi
2165 1306 2500 1361 occasiOnem
2546 1308 2721 1363 all‘ert.
2774 1310 2912 1377 Quid
2951 1314 3092 1368 enim
3134 1315 3246 1371 ait?
3277 1316 3456 1385 Pater,
3516 1328 3564 1385 εἰ

1976 1396 2212 1464 possibile
2234 1408 2326 1463 est,
2369 1408 2591 1454 transeat
2615 1418 2647 1455 a
2673 1419 2752 1457 me
2771 1405 2908 1459 calix
2929 1405 3041 1459 iste.
3070 1406 3185 1461 Non
3218 1409 3360 1465 enim
3387 1411 3562 1467 solum

1975 1486 2247 1554 ignorasse
2291 1490 2604 1557 reperietur,
2649 1493 2742 1547 Sed
2790 1495 2948 1549 etiam
2994 1510 3209 1552 crucem
3256 1515 3556 1558 recusasse.

1973 1576 2100 1633 Ilaec
2127 1593 2357 1648 namque
2382 1581 2664 1637 verborum
2695 1585 2917 1639 istorum
2945 1597 3025 1641 est
3059 1590 3321 1645 sententia
3352 1608 3365 1645 :
3401 1591 3456 1647 Si
3485 1594 3552 1647 li~

1972 1677 2078 1735 cet,
2101 1669 2292 1739 inquit,
2322 1686 2390 1726 ne
2429 1673 2646 1728 subeam
2677 1689 2913 1743 crucem,
2948 1695 3083 1735 ucve
3126 1681 3451 1741 interliciar:
3487 1695 3564 1740 ta-

1970 1761 2127 1815 metsi
2149 1761 2363 1819 Petrum
2392 1766 2756 1833 apostolorum
2797 1769 3088 1839 principem
3122 1770 3224 1827 hoc
3255 1773 3351 1843 ipsi
3376 1774 3561 1831 dicen-

1973 1860 2101 1914 tem,
2133 1851 2400 1922 Propitius
2448 1856 2538 1909 tibi
2575 1866 2698 1923 esto,
2741 1857 2959 1913 Domine
2992 1877 3010 1915 :
3049 1878 3149 1916 non
3195 1864 3287 1917 erit
3318 1866 3407 1919 tibi
3445 1867 3559 1932 hoc,

1968 1939 2105 1995 adeo
2130 1942 2476 1999 vehementer
2522 1946 2831 2017 increpavit,
2866 1959 2922 2004 ut
2965 1950 3215 2009 diceret:
3266 1954 3405 2019 Vade
3444 1968 3557 2028 post

1970 2048 2068 2100 me,
2099 2042 2280 2089 satana
2312 2079 2326 2102 ,
2355 2038 2652 2092 scandalum
2685 2041 2806 2095 mihi
2836 2060 2886 2097 es
2931 2059 2951 2099 :
2989 2046 3109 2113 quia
3150 2064 3249 2101 non
3291 2050 3430 2118 sapis
3474 2067 3555 2118 ea,

1968 2139 2081 2193 qua:
2107 2122 2206 2178 Dei
2240 2137 2397 2193 sunt,
2440 2129 2530 2182 sed
2556 2147 2614 2183 ea
2653 2146 2767 2199 qua:
2811 2135 3072 2191 hominum
3101 2136 3316 2206 (Matth.
3351 2142 3435 2196 16.
3467 2140 3561 2203 22.

1967 2214 2083 2287 23):
2109 2216 2268 2287 idque
2296 2233 2416 2273 cum
2448 2220 2660 2276 beatum
2686 2224 2830 2279 illum
2861 2227 3017 2295 paulo
3037 2239 3159 2285 ante
3186 2232 3553 2300 prmdicasset.

1970 2302 2167 2362 Verum
2201 2308 2337 2365 adeo
2368 2311 2647 2368 videbatur
2671 2316 2961 2371 absurdum
3004 2335 3130 2375 esse
3156 2336 3260 2376 non
3287 2323 3550 2395 cruciligi,

1968 2405 2028 2451 ut
2067 2398 2233 2466 illum,
2267 2402 2354 2471 qui
2406 2416 2437 2455 a
2491 2403 2647 2461 Patre
2686 2407 3067 2465 revelationem
3118 2424 3420 2482 acceperat,
3467 2414 3559 2485 qui

1968 2486 2157 2544 beatus
2175 2491 2348 2550 dictus
2371 2492 2563 2557 fuerat,
2594 2499 2678 2551 cui
2711 2499 2964 2553 cmlorum
2991 2502 3170 2557 claves
3207 2505 3413 2560 tradita:
3445 2507 3562 2563 lue-

1965 2589 2107 2647 rant,
2140 2597 2384 2638 satanam
2410 2588 2727 2657 appellaret,
2750 2600 2803 2645 et
2829 2592 3164 2659 scandalum,
3193 2611 3255 2650 ac
3287 2608 3556 2669 tamquam

1967 2684 2028 2725 ea
2060 2687 2178 2741 qua:
2210 2674 2299 2729 Dei
2328 2685 2472 2737 sunt.
2517 2679 2735 2734 minime
2765 2682 3058 2750 sapientem
3103 2697 3398 2755 accusaret,
3435 2705 3561 2759 pro-

1966 2770 2146 2830 pterea
2169 2764 2308 2834 quod
2338 2765 2566 2834 dixerat,
2599 2768 2863 2841 Propitius
2886 2774 2975 2827 tibi
3003 2784 3128 2842 esto,
3162 2776 3377 2834 Domine
3406 2796 3425 2834 :
3457 2798 3559 2837 non

1968 2854 2063 2908 erit
2088 2855 2177 2909 tibi
2202 2856 2317 2925 hoc,
2348 2865 2407 2913 ut
2431 2861 2782 2932 cruciﬂgaris.
2808 2865 2947 2936 Ergo
2974 2867 3060 2936 qui
3083 2866 3404 2939 discipulum
3428 2886 3559 2927 con-

1966 2948 2199 3003 tumeliis
2235 2949 2434 3017 alTecit,
2480 2952 2723 3023 adeoque
2766 2959 3003 3026 graviter
3029 2958 3080 3012 in
3120 2959 3271 3014 illum
3315 2961 3559 3019 invectus

1964 3048 2069 3107 est,
2102 3050 2160 3095 ut
2185 3049 2240 3095 ct
2262 3052 2503 3097 satanam
2533 3054 2654 3115 post
2685 3054 2858 3102 tantas
2887 3048 3072 3105 laudes
3097 3051 3413 3122 appellaret,
3433 3055 3557 3124 quia

1963 3130 2190 3199 dixerat,
2221 3132 2299 3189 Ne
2327 3135 2655 3207 crucifigaris
2686 3154 2701 3193 :
2729 3154 2834 3208 quo
2863 3149 3017 3210 pacto
3043 3142 3258 3199 nolebat
3286 3144 3398 3214 ipse
3419 3161 3551 3201 cru-

1962 3224 2101 3295 ciﬁgi
2124 3226 2147 3278 ?
2172 3224 2455 3292 Quomodo
2479 3244 2609 3284 vero
2648 3241 2833 3300 postea
2875 3233 2998 3288 boni
3034 3237 3230 3303 pastori
3261 3237 3555 3310 depingens

1963 3313 2247 3384 imaginem
2273 3357 2286 3380 ,
2318 3317 2420 3372 hoc
2460 3320 2727 3389 prtecipue
2768 3325 2975 3378 virtutis
3003 3325 3118 3394 ejus
3150 3327 3400 3400 indicium
3432 3344 3553 3386 esse

1960 3404 2114 3471 dixit,
2135 3416 2192 3460 ut
2217 3422 2313 3477 pro
2332 3409 2445 3463 suis
2465 3410 2653 3465 ovibus
2666 3412 2958 3475 occidatur,
2981 3414 3048 3470 ita
3064 3414 3248 3470 dicens
3271 3435 3283 3469 :
3307 3416 3417 3488 Ego
3440 3435 3555 3473 sum

1960 3507 2137 3566 pastor
2163 3499 2320 3553 bonus
2346 3518 2367 3555 :
2415 3498 2576 3556 bonus
2624 3513 2800 3573 pastor
2844 3505 3070 3559 animam
3117 3523 3262 3561 suam
3295 3510 3436 3580 ponit
3461 3527 3556 3581 pro

1961 3605 2019 3644 oo
2043 3590 2135 3645 bus
2175 3590 2355 3662 (Joan.
2389 3594 2475 3650 10.
2508 3594 2627 3666 II)?
2668 3594 2852 3666 Neque
2880 3612 3007 3652 vero
3039 3597 3127 3653 hic
3171 3599 3426 3668 substitit,
3459 3602 3556 3658 sed

1959 3683 2152 3752 adjecit
2177 3700 2190 3736 :
2222 3684 2568 3740 Mercenarius
2597 3697 2790 3754 autem,
2817 3697 2864 3741 et
2893 3690 2979 3759 qui
3003 3706 3103 3743 non
3131 3701 3204 3745 est
3242 3701 3437 3762 pastor,
3473 3694 3555 3747 ri-

1961 3776 2041 3829 det
2066 3776 2244 3844 lupum
2270 3776 2546 3830 venientem
2572 3818 2586 3841 ,
2616 3787 2662 3830 ct
2691 3778 2898 3832 dimittit
2927 3797 3043 3834 oves
3065 3822 3080 3846 ,
3123 3791 3170 3835 et
3194 3782 3327 3852 fugit
3356 3782 3461 3854 (Ib.
3501 3799 3551 3840 υ.

1959 3868 2070 3940 I2).
2104 3868 2159 3923 Si
2185 3883 2314 3939 ergo
2338 3868 2461 3923 boni
2492 3871 2721 3938 pastoris
2750 3878 2832 3924 est
2856 3870 3050 3935 occidi,
3085 3874 3403 3927 mercenarii
3427 3889 3553 3930 vero

1958 3960 2100 4014 nolle
2141 3958 2242 4013 hoc
2290 3960 2420 4030 pati,
2469 3960 2740 4031 quomodo
2785 3961 2895 4027 ille,
2938 3962 3028 4031 qui
3058 3975 3118 4017 se
3146 3962 3342 4017 bonum
3375 3971 3554 4032 pasto-

1959 4064 2070 4104 rem
2120 4050 2415 4119 prolitetur,
2466 4051 2636 4106 occidi
2667 4052 2920 4107 recusat?
2963 4051 3232 4123 quomodo
3257 4064 3437 4108 autem
3467 4054 3552 4109 di-

1957 4141 2131 4205 celiat,
2163 4140 2273 4212 Ego
2303 4158 2436 4212 pono
2462 4143 2686 4195 animam
2708 4159 2869 4197 meum
2895 4160 2927 4197 a
2965 4160 3044 4198 me
3074 4144 3185 4214 ipso
3215 4142 3322 4217 (Ib.
3357 4161 3404 4199 υ.
3434 4145 3554 4218 18γέ

1956 4232 2089 4287 Nam
2113 4236 2156 4288 si
2185 4248 2216 4288 a
2247 4233 2419 4303 teipse
2463 4233 2617 4302 ponis
2638 4275 2653 4301 ,
2686 4234 2775 4303 qui
2809 4232 2897 4300 lit,
2928 4241 2988 4288 ut
3011 4234 3239 4289 alterum
3270 4249 3449 4305 roges,
3484 4251 3554 4293 ne

1959 4325 2164 4396 ponas?
2188 4324 2459 4396 quomodo
2479 4324 2606 4379 item
2636 4324 2736 4379 hac
2763 4326 3051 4381 occasione
3076 4325 3256 4404 laudat
3276 4341 3397 4381 eum
3420 4327 3555 4382 Pau-

1956 4417 2056 4482 lus,
2087 4419 2139 4472 in
2168 4416 2285 4473 hmc
2302 4417 2460 4473 verba
2486 4437 2499 4471 :
2525 4414 2626 4483 Qui
2649 4433 2761 4471 cum
2782 4418 2836 4470 in
2862 4420 3028 4489 forma
3049 4415 3150 4471 Dei
3168 4427 3316 4483 esset,
3340 4434 3442 4472 non
3463 4436 3554 4472 ra-

1959 4509 2131 4579 pinam
2160 4508 2439 4564 arbitratus
2469 4517 2541 4563 est
2584 4524 2690 4560 esse
2713 4524 2767 4561 se
2796 4508 3042 4577 aequalem
3072 4506 3181 4562 Deo
3204 4549 3220 4575 ,
3249 4508 3339 4562 sed
3365 4488 3545 4565 ctrinaﬁ

1956 4601 2077 4655 nivit
2099 4602 2422 4672 semetipsum
2441 4584 2658 4670 formam
2675 4601 2806 4654 servi
2822 4600 3099 4671 accipiens,
3129 4601 3182 4656 in
3211 4601 3547 4659 similitudine

1956 4692 2216 4749 hominum
2243 4698 2430 4766 factus,
2454 4703 2501 4748 ct
2550 4691 2721 4747 habitu
2751 4694 2982 4748 inventus
3012 4703 3065 4747 ut
3096 4694 3270 4761 homo,
3306 4694 3551 4751 humilia-

1954 4788 2022 4841 vit
2048 4786 2369 4857 semetipsum
2412 4786 2577 4856 factus
2615 4782 2850 4837 obediens
2873 4800 3030 4853 usque
3062 4785 3130 4838 ad
3155 4788 3555 4850 mortemmor-

1956 4886 2054 4930 tem
2095 4886 2262 4929 autem
2288 4877 2451 4930 crucis
2478 4874 2729 4947 (Philipp.
2762 4874 2815 4928 2.
2845 4874 2877 4929 0
2902 4904 2925 4915 -
2958 4875 3043 4945 8)?
3070 4874 3187 4945 Ipse
3212 4891 3339 4930 vero
3367 4891 3550 4933 rursus

1955 4969 2033 5023 sic
2057 4966 2187 5022 dicit
2215 4985 2228 4996 ·
2262 4966 2545 5037 Propterea
2591 4981 2669 5019 me
2716 4966 2884 5036 diligit
2919 4964 3073 5019 Pater
3095 5007 3109 5031 ,
3147 4968 3266 5036 quia
3295 4983 3388 5037 ego
3416 4984 3551 5037 pono

1955 5061 2178 5113 animum
2229 5076 2411 5123 meum,
2439 5068 2493 5112 ut
2518 5060 2698 5113 iterum
2728 5075 2923 5112 sumant
2951 5075 3062 5112 eam
3093 5058 3271 5131 (Joan.
3318 5060 3408 5116 10.
3438 5060 3545 5130 17)ο

1954 5153 2008 5208 Si
2032 5152 2172 5206 enim
2223 5167 2329 5205 non
2357 5150 2489 5217 \ult,
2523 5149 2616 5205 sed
2649 5159 2878 5212 recusat,
2908 5161 2963 5204 et
2998 5150 3210 5206 Patren:
3238 5159 3374 5219 orat,
3403 5165 3544 5221 quo-

1956 5243 2117 5299 modo
2170 5251 2450 5313 propterea
2495 5240 2731 5310 diligitur
2767 5256 2797 5294 a
2823 5241 3024 5296 Patre?
3067 5240 3272 5297 Caritas
3298 5241 3440 5295 enim
3462 5248 3544 5295 est

1955 5349 2163 5401 eorum,
2207 5348 2326 5404 quae
2356 5348 2421 5386 ex
2449 5331 2611 5386 animi
2656 5332 2921 5387 sententia
2965 5331 3117 5385 ﬁunt.
3152 5328 3429 5397 Quomodo
3453 5343 3551 5385 au-

1956 5436 2064 5483 tem
2095 5440 2279 5481 rursus
2295 5425 2363 5478 ait
2398 5424 2592 5479 Paulus
2619 5442 2632 5480 :
2659 5421 2869 5495 Diligite
2898 5424 3131 5489 invicem,
3159 5422 3284 5474 sicut
3306 5430 3352 5473 et
3401 5420 3554 5475 Chri-

1961 5532 2069 5576 stus
2095 5520 2272 5575 dileaa't
2295 5536 2405 5583 nos,
2435 5529 2481 5572 et
2507 5519 2716 5573 tradidit
2740 5518 3059 5586 semetipsum
3091 5531 3184 5584 pro
3214 5514 3355 5568 nobis
3381 5513 3546 5586 (Eph.

1956 5614 2009 5669 5.
2040 5612 2126 5681 2)?
2151 5611 2398 5667 Christus
2425 5610 2537 5679 ipse
2566 5623 2771 5672 rursus,
2800 5622 2921 5661 cum
2952 5615 3096 5660 esset
3122 5605 3537 5677 cruciﬁgcndus,

1955 5703 2201 5768 dicebat,
2249 5699 2409 5754 Pater
2433 5740 2447 5765 ,
2497 5699 2627 5752 venit
2673 5698 2838 5760 hora;
2880 5695 3114 5767 glori/ica
3158 5694 3355 5749 Filium
3406 5704 3549 5751 tuum

1959 5793 2143 5865 (Joan.
2174 5798 2258 5853 I7.
2292 5794 2343 5865 1)
2371 5811 2382 5848 :
2415 5791 2640 5862 gloriam
2676 5803 2874 5846 vocans
2923 5802 3159 5846 crucem.
3195 5789 3261 5846 Et
3280 5787 3547 5859 quomodo
