4106 6508
503 419 575 473 55
1252 412 1309 468 S.
1349 404 1627 467 JOANNIS
1663 393 2139 460 CllllYSOS'l'OMl
2178 390 2493 450 ARClllLP.
2533 387 3067 447 CONSTANTINOP.

508 534 597 590 hic
634 541 869 595 recusat,
898 530 1006 586 illic
1043 527 1234 598 urget?
1263 524 1501 581 Gloriam
1530 519 1673 576 enim
1702 531 1823 572 esse
1851 525 2092 576 crucem,

508 625 630 682 audi
669 610 945 695 quomodo
967 632 1190 677 testetur
1210 614 1555 686 evangelista,
1587 612 1772 667 dicens
1803 624 1817 663 :
1853 607 2098 662 Nondum

510 715 644 770 enim
684 724 791 768 erat
832 714 979 766 datus
1009 711 1234 781 Spiritus
1284 715 1488 761 sanctus
1506 744 1523 769 ,
1553 702 1671 772 quia
1697 699 1849 754 .Iesus
1874 696 2098 751 nondum

511 814 617 865 erat
646 805 963 876 gloriﬁcatur
992 800 1011 873 (
1046 799 1131 853 Id.
1163 801 1217 855 7.
1266 798 1336 854 59
1454 794 1655 851 [lorum
1700 799 1879 846 autem
1907 787 2101 843 verbo-

516 909 635 951 rum
694 892 810 947 hare
856 900 940 946 cst
981 889 1248 946 sententia
1283 886 1572 942 :Nondum
1615 890 1732 939 erat
1759 880 1880 935 data
1905 877 2097 949 gratia,

508 986 633 1055 quia
658 983 894 1039 nondum
918 982 1229 1037 restinctum
1244 989 1352 1036 erat
1373 979 1467 1034 Dei
1488 993 1611 1047 erga
1634 975 1878 1031 homines
1895 972 2099 1036 odium;

512 1074 658 1147 quod
689 1073 924 1128 nondum
952 1072 1201 1127 Christus
1228 1070 1295 1124 ad
1317 1083 1530 1125 crucem
1562 1065 1932 1137 processisset.
1955 1061 2102 1117 Crux

512 1166 658 1222 enim
688 1166 781 1221 Dei
805 1165 856 1219 in
880 1163 1125 1218 homines
1154 1162 1339 1218 odium
1360 1159 1625 1224 restinxit,
1663 1158 1831 1213 Deum
1860 1170 1981 1211 cum
2000 1153 2102 1208 ho-

515 1256 750 1311 minibus
780 1253 1164 1318 reconciliavit,
1194 1261 1393 1307 terram
1416 1250 1605 1305 ca-lum
1633 1246 1832 1312 effecit,
1859 1244 2105 1301 homines

513 1363 640 1403 cum
668 1346 871 1416 angelis
900 1343 1134 1408 miscuit,
1167 1342 1357 1397 mortis
1381 1355 1561 1397 arcem
1592 1338 2003 1394 munitissimam
2025 1336 2109 1391 di-

517 1438 647 1503 ruit,
679 1435 879 1492 diaboli
916 1434 1061 1489 vires
1101 1432 1398 1498 enervavit,
1430 1431 1639 1501 peccati
1675 1429 1927 1484 virtutem
1957 1426 2107 1482 dele-

518 1529 616 1596 vit,
658 1536 859 1583 terram
904 1526 972 1581 ab
1015 1540 1199 1581 errore
1244 1523 1509 1588 liberavit,
1544 1523 1825 1577 veritatem
1868 1520 2106 1586 reduxit,

517 1620 794 1676 daemones
819 1618 1042 1688 expulit,
1074 1617 1269 1686 templa
1296 1613 1581 1678 destruxit,
1611 1612 1799 1667 altaria
1826 1611 2106 1678 subvertit,

523 1708 767 1764 nidorem
828 1708 1042 1763 sustulit
1094 1704 1520 1772 sacrificiorum,
1559 1703 1809 1759 virtutem
1864 1702 2108 1768 inseruit,

525 1799 796 1858 Ecclesiae
823 1797 1079 1853 fundavit.
1111 1796 1253 1852 Crux
1281 1795 1457 1850 Patris
1481 1795 1749 1859 voluntas,
1774 1792 1894 1853 Filii
1921 1794 2108 1862 gloria,

526 1889 757 1961 Spiritus
790 1887 959 1943 sancti
979 1887 1287 1952 exsultatio,
1325 1885 1477 1940 Pauli
1499 1885 1745 1956 gloriatio
1773 1901 1787 1938 :
1819 1884 1948 1939 Mihi
1969 1885 2113 1940 enim

526 1981 677 2045 absit,
709 1980 898 2049 inquit,
941 1978 1170 2049 gloriari,
1202 1978 1299 2032 nisi
1326 1978 1378 2031 in
1403 1992 1549 2031 cruce
1576 1976 1784 2031 Domini
1806 1978 1965 2031 nostri
1992 1977 2118 2033 Iesu

531 2064 722 2118 Christi
743 2061 887 2133 (Gal.
922 2062 974 2117 6.
1011 2061 1122 2131 tl).
1154 2061 1295 2116 Crux
1323 2062 1436 2116 sole
1452 2061 1668 2128 clarior,
1697 2061 1860 2116 radiis
1885 2061 2120 2130 splendi-

528 2154 652 2209 dior
679 2171 692 2208 :
720 2167 842 2207 cum
869 2152 1011 2207 enim
1039 2151 1125 2206 ille
1150 2150 1487 2216 obscuratur,
1512 2159 1622 2205 tum
1654 2150 1752 2206 ista
1776 2150 1939 2220 fulget
1967 2168 1983 2217 ;
2008 2162 2120 2206 tum

535 2261 666 2300 vero
708 2244 789 2299 sol
814 2242 1151 2306 obscuratur,
1182 2257 1289 2296 non
1321 2240 1464 2313 quod
1491 2257 1524 2297 e
1550 2240 1729 2296 medio
1755 2241 1991 2308 tollatur,
2027 2241 2124 2297 sed

535 2334 678 2407 quod
704 2334 877 2391 crucis
907 2333 1193 2404 splendore
1240 2342 1544 2402 superetur.
1569 2331 1711 2386 Crux
1738 2340 1980 2386 nostrum
2005 2330 2125 2385 chi-

538 2424 863 2496 rographum
903 2423 1178 2490 laceravit,
1210 2422 1398 2478 mortis
1426 2436 1697 2477 carcerem
1728 2421 1968 2477 inutilem
2006 2423 2129 2477 red-

540 2516 695 2581 didit,
722 2529 853 2570 crux
882 2513 1075 2567 divina:
1108 2511 1346 2567 caritatis
1396 2512 1671 2567 indicium.
1703 2510 1795 2566 Sic
1819 2513 1952 2565 enim
1990 2510 2129 2568 Deus

541 2605 719 2661 dilexit
756 2603 1023 2666 mundum,
1053 2612 1107 2655 ut
1139 2601 1331 2656 Filium
1366 2618 1513 2656 suunt
1540 2602 1853 2673 unigenitum
1879 2601 2043 2668 daret,
2075 2612 2131 2658 ut

540 2696 704 2749 omnis
732 2693 819 2764 qui
844 2693 1001 2747 credit
1029 2692 1082 2746 iu
1108 2692 1273 2762 ipsum
1298 2707 1400 2745 non
1429 2699 1597 2761 pereat
1628 2690 1810 2764 (Joan.
1834 2691 1889 2746 5.
1924 2691 2039 2763 16).
2067 2693 2134 2747 Et

542 2802 730 2843 rursus
761 2785 978 2852 Paulus,
1015 2784 1077 2840 Si
1106 2784 1258 2848 enim,
1289 2800 1408 2839 cum
1429 2783 1623 2838 inimici
1646 2798 1883 2851 essemus,
1908 2785 2135 2839 reconci-

547 2879 658 2933 liati
698 2894 872 2933 sumus
917 2876 1024 2931 Deo
1056 2892 1145 2946 per
1186 2886 1394 2930 mortem
1426 2874 1553 2930 Filii
1590 2877 1702 2947 ejus
1728 2875 1905 2948 (Rom.
1932 2878 1985 2932 5.
2019 2877 2133 2950 10).

546 2971 691 3026 Crux
730 2984 915 3024 murus
959 2967 1405 3038 inexpugnabilis,
1432 2977 1641 3022 scutum
1673 2967 1945 3032 invictum,
1980 2982 2139 3024 secu-

549 3058 683 3119 ritas
708 3058 952 3123 divitut‘n,
984 3072 1277 3128 pauperum
1304 3056 1596 3126 opulentia,
1627 3072 1811 3112 eorum
1841 3058 2032 3128 quibus
2056 3059 2140 3112 in-

551 3147 703 3203 sidia:
731 3156 983 3220 parantur
1006 3148 1483 3220 propugnaculum,
1509 3163 1717 3214 eorum,
1750 3149 1839 3219 qui
1871 3150 2015 3205 bello
2042 3165 2134 3204 ve-

556 3246 772 3305 xantur,
801 3246 1093 3304 armatura,
1125 3237 1580 3307 perturbationum
1597 3237 1912 3305 destructio,
1932 3240 2143 3294 virtutis

555 3329 820 3396 fundatio,
847 3331 1056 3400 signum
1071 3328 1387 3385 admirabile
1416 3344 1481 3385 ac
1495 3330 1841 3401 stupendum.
1870 3330 2141 3386 Cateratio

553 3422 700 3477 enim
725 3422 833 3475 [uec
857 3422 1056 3493 signum
1072 3421 1274 3493 quierit,
1302 3430 1349 3475 et
1374 3421 1576 3492 signum
1602 3439 1704 3477 non
1729 3422 1933 3477 dabitur
1957 3424 2021 3491 ei,
2047 3424 2146 3479 nisi

553 3513 757 3583 signum
774 3511 926 3566 Jome
949 3511 1164 3583 (Matth.
1194 3513 1281 3567 12.
1313 3512 1426 3584 59).
1458 3514 1698 3584 Itemque
1721 3513 1933 3582 Paulus,
1966 3515 2147 3582 Quan-

557 3601 827 3662 doquidem
846 3601 1018 3656 .ludtei
1040 3602 1185 3673 signa
1211 3612 1409 3674 petunt,
1437 3614 1484 3658 et
1497 3603 1664 3658 (ἕνωεί
1684 3605 1986 3676 sapientiam
2005 3622 2148 3677 qua:-

559 3701 702 3759 runt,
745 3708 834 3745 nos
848 3701 1020 3745 autent
1058 3692 1397 3761 pradicantus
1435 3692 1695 3750 Christum
1736 3697 2042 3766 cruciﬁxum
2068 3697 2146 3770 (1.

560 3783 679 3839 Cor.
716 3784 769 3841 1.
803 3784 918 3855 22).
940 3784 1081 3840 Crux
1113 3786 1417 3855 paradisum
1462 3790 1721 3843 reseravit
1750 3788 1850 3861 (a),
1882 3789 2144 3845 latronem

560 3875 874 3943 introduxit,
902 3890 1070 3946 genus
1099 3875 1410 3944 humanum,
1438 3881 1578 3949 quod
1607 3880 1898 3950 periturum
1923 3890 2059 3948 erat,
2086 3898 2151 3939 ac

562 3980 633 4021 ne
686 3973 824 4020 terra
871 3965 1085 4036 quidem
1130 3965 1367 4037 dignum,
1395 3969 1449 4024 in
1498 3984 1720 4039 regnum
1758 3970 2013 4025 caelorum
2057 3970 2151 4027 de-

564 4057 737 4113 duxit.
768 4056 935 4111 Tanta
966 4056 1121 4112 nobis
1148 4056 1411 4114 beneflcio
1435 4060 1609 4113 crucis
1625 4060 1763 4114 bona
1793 4060 2151 4131 obvenerunt,

563 4155 622 4209 et
645 4147 953 4212 obveniunt,
980 4155 1035 4202 et
1059 4161 1166 4201 non
1188 4149 1295 4203 vult
1324 4148 1607 4220 crucifigi?
1636 4150 1768 4218 Quis
1800 4151 1922 4218 hoc,
1949 4168 2151 4222 quaiso,

567 4235 803 4295 dixerit?
849 4233 942 4293 Sin
972 4245 1150 4291 autem
1182 4237 1418 4306 nolebat,
1440 4239 1557 4308 quis
1590 4254 1712 4294 eum
1740 4241 1967 4310 cogebat
1988 4241 2013 4295 ?
2034 4242 2155 4312 quis

571 4326 623 4382 ei
650 4326 754 4389 vim
781 4323 1080 4382 inferebat?
1104 4326 1170 4382 Ut
1196 4328 1322 4399 quid
1336 4339 1514 4384 autem
1544 4338 1599 4384 et
1617 4331 1909 4401 prolihetas
1937 4333 2156 4403 prtcmi-

568 4418 639 4474 sit
663 4417 1041 4474 annuntiantes
1068 4417 1201 4485 fore,
1234 4429 1291 4475 ut
1314 4421 1734 4491 crucifigeretur,
1762 4423 1808 4479 si
1837 4424 2158 4495 crucifigen-

569 4511 671 4569 dus
710 4527 815 4566 non
846 4521 983 4578 erat,
1012 4526 1186 4583 neque
1210 4511 1313 4568 hoc
1339 4513 1446 4582 pati
1466 4498 1724 4568 volebat?
1751 4522 1809 4568 ut
1829 4514 1953 4585 quid
1981 4524 2157 4571 autem

572 4611 629 4658 et
653 4601 870 4656 calicem
897 4617 1112 4658 crucem
1143 4612 1317 4670 vocat,
1356 4604 1404 4659 si
1432 4604 1615 4675 utique
1637 4605 1874 4677 crucifigi
1903 4606 2160 4663 nolebat?

576 4693 681 4748 hoc
706 4693 852 4747 enim
882 4700 967 4747 est
992 4695 1326 4751 ostendentis
1343 4736 1359 4762 ,
1381 4707 1580 4766 quanto
1610 4696 1765 4764 hujus
1791 4699 1869 4754 rei
1895 4698 2162 4756 desiderio

576 4792 868 4838 teneretur.
891 4782 1352 4850 Quemadmodum
1390 4787 1535 4841 enim
1561 4786 1862 4845 sitientibus
1889 4789 2024 4845 calix
2041 4803 2165 4846 sua-

574 4877 658 4932 vis
691 4885 793 4942 est,
822 4876 900 4930 sic
927 4885 980 4931 et
1009 4878 1109 4947 ipsi
1137 4877 1374 4949 crucifigi
1400 4893 1415 4944 ;
1448 4894 1610 4951 quam
1636 4880 1706 4937 ob
1744 4897 1858 4939 rem
1890 4883 2048 4939 etiam
2079 4884 2163 4940 di-

576 4967 731 5024 cebat
751 5011 766 5034 ,
796 4965 1060 5025 Desiderio
1089 4968 1369 5025 desideravi
1394 4972 1488 5024 hoc
1525 4973 1714 5043 pascha
1739 4974 2049 5030 manducare
2073 4992 2166 5031 uo-

577 5056 769 5113 biscum
794 5058 947 5128 (Luc.
987 5059 1077 5113 22.
1111 5060 1240 5132 15)τ
1274 5075 1380 5117 non
1408 5062 1550 5131 quod
1577 5062 1679 5118 hoc
1712 5071 1914 5121 temere
1940 5064 2164 5136 diceret,

579 5149 675 5207 sed
699 5150 767 5205 oh
793 5149 932 5205 hanc
969 5166 1208 5221 causam,
1238 5167 1305 5209 eo
1327 5153 1467 5223 quod
1503 5162 1624 5225 post
1650 5170 1928 5226 vesperam
1967 5158 2171 5214 subitu-

537 5302 543 5306 _
581 5255 675 5298 rus
694 5255 908 5296 crucem
935 5248 1099 5296 esset.

650 5334 705 5388 5.
735 5333 921 5389 Contra
938 5331 1205 5388 Anommos
1222 5343 1269 5389 et
1290 5332 1504 5389 Arianos
1531 5335 1656 5407 agit.
1676 5335 1791 5391 Una
1815 5339 2043 5392 voluntas
2064 5337 2172 5392 Pa-

580 5423 672 5479 tris
695 5433 742 5477 et
771 5421 916 5477 Filii.
936 5422 1181 5477 Doctrina
1205 5423 1267 5479 de
1282 5422 1641 5481 Incarnatione
1663 5427 1869 5483 Christi.
1888 5459 1959 5468 —
1973 5429 2023 5484 Is
2046 5445 2174 5500 ergo

586 5518 676 5582 qui
701 5515 859 5569 etiam
887 5515 1110 5586 gloriam
1145 5532 1256 5572 rem
1289 5516 1443 5572 istam
1466 5519 1735 5588 appellat,
1763 5531 1817 5575 et
1855 5520 2172 5590 discipulum

588 5613 867 5673 increpat,
890 5621 957 5662 eo
980 5608 1121 5678 quod
1149 5609 1322 5680 ipsum
1351 5610 1663 5680 prohibeat,
1694 5622 1747 5667 et
1775 5612 1971 5669 bonum
2000 5624 2176 5684 pasto-

593 5708 706 5751 rem
727 5710 792 5751 ex
824 5697 927 5752 hoc
950 5712 1009 5754 se
1037 5702 1304 5771 ostendit,
1332 5702 1475 5774 quod
1503 5719 1599 5775 pro
1617 5704 1804 5761 ovibus
1832 5706 1942 5761 suis
1967 5707 2177 5763 occida-

654 5802 730 5877 (τι)
762 5804 846 5856 llic
867 5803 1003 5860 locus
1022 5811 1195 5867 citatur
1217 5814 1267 5867 in
1284 5813 1491 5868 concilio
1514 5821 1658 5870 sexto
1680 5820 1997 5875 arcumenico.

3731 398 3826 452 5G

2209 513 2313 570 tur,
2336 518 2499 574 seque
2527 502 2796 559 desiderio
2817 501 3123 557 desiderare
3150 498 3289 557 hanc
3317 515 3430 558 rem
3460 501 3587 559 dicit
3609 547 3624 572 ,
3654 514 3711 561 et
3733 509 3824 559 ad

2207 597 2310 652 hoc
2346 572 2538 666 Sponte
2587 595 2752 659 venit,
2799 592 3070 665 quomodo
3111 601 3294 664 rogat,
3319 593 3502 651 ut‘hoc
3524 612 3629 651 non
3660 597 3751 651 liat
3794 596 3828 649 ?

2206 685 2358 753 Quod
2395 687 2439 739 si
2469 685 2683 740 nolebat
2702 726 2717 750 ,
2747 700 2873 739 num
2901 683 3116 739 difficile
3162 683 3260 739 fuit
3285 684 3353 739 ad
3381 685 3485 740 hoc
3528 688 3830 742 venientes
3864 679 3873 688 ’

2208 778 2491 848 prohibere
2516 777 2539 830 ?
2564 776 2716 832 Nunc
2766 784 2945 830 autem
2988 774 3171 840 vides,
3216 789 3340 830 eum
3380 775 3446 831 ad
3497 776 3639 833 hane
3689 793 3826 831 rem

2208 868 2368 922 etiam
2395 880 2696 922 accurrere.
2728 866 2884 921 Certe
2909 880 3030 920 cum
3062 865 3116 919 in
3139 864 3312 935 ipsum
3340 865 3608 922 irruerent
3630 867 3782 921 dixit
3804 908 3825 931 ,

2213 958 2374 1023 Quem
2417 956 2641 1025 queritis
2672 957 2696 1010 .9
2724 956 2794 1010 At
2824 956 2896 1010 illi
2925 955 3147 1023 dicunt,
3177 954 3377 1010 Iesum.
3424 957 3489 1012 Et
3541 958 3619 1012 ait
3661 960 3778 1013 illis
3805 1001 3825 1023 ,

2211 1047 2344 1103 Ecce
2368 1064 2460 1118 ego
2488 1063 2636 1112 sum;
2669 1057 2714 1101 et
2742 1047 2973 1101 abierunt
3001 1056 3303 1114 retrorsum,
3337 1063 3398 1101 ac
3429 1049 3714 1103 ceciderunt
3758 1051 3829 1103 iu

2212 1149 2399 1195 terram
2427 1137 2608 1209 (.Ioan.
2638 1138 2724 1193 18.
2748 1137 2826 1206 6).
2857 1136 2992 1194 Cum
3035 1137 3193 1208 igitur
3220 1153 3315 1193 eos
3355 1138 3500 1208 prius
3534 1154 3827 1196 excaecas-

2213 1241 2331 1297 set,
2382 1245 2548 1302 seque
2588 1229 2842 1300 aufugere
2899 1230 3136 1300 potuisse
3186 1231 3555 1298 ostendisset,
3585 1243 3695 1287 tum
3724 1249 3833 1289 se-

2215 1326 2387 1396 ipsum
2414 1323 2665 1390 tradidit,
2689 1333 2750 1377 ut
2772 1323 3035 1394 intelligas
3054 1338 3177 1380 eum
3205 1339 3312 1379 non
3343 1326 3690 1393 necessitate,
3717 1343 3835 1383 nc-

2215 1433 2324 1488 qne
2348 1418 2435 1484 vi,
2466 1431 2640 1487 neque
2671 1430 2766 1486 [er
2794 1415 3126 1488 tyrannidem
3172 1417 3489 1473 irruentium
3518 1418 3619 1474 hoc
3642 1423 3829 1476 susti-

2217 1510 2400 1565 nuisse
2428 1508 2723 1575 nolentem,
2740 1508 2835 1563 sed
2857 1507 2997 1562 ultro
3022 1522 3086 1563 ac
3114 1508 3383 1564 volentem
3410 1519 3466 1564 et
3493 1510 3826 1581 eligentem,

2217 1618 2282 1658 ac
2322 1601 2490 1657 multo
2535 1608 2661 1655 ante
2702 1599 2781 1655 sic
2834 1598 3255 1670 dispensantem.
3302 1597 3507 1656 Idcirco
3536 1603 3834 1673 propheta:

2221 1691 2699 1766 prmmittebantur,
2728 1698 2783 1746 et
2823 1688 3140 1759 patriarcha:
3172 1688 3532 1760 prmdicebant
3554 1732 3570 1759 ,
3597 1701 3653 1747 et
3682 1710 3831 1750 crux

2222 1784 2399 1842 verbis
2415 1782 2571 1839 simul
2595 1797 2660 1837 ac
2680 1781 2839 1837 rebus
2860 1780 3318 1852 prtuligurabatur.
3342 1781 3614 1853 Siquidem
3646 1784 3831 1842 lsaaci

2223 1875 2475 1931 mactatio
2503 1887 2717 1928 crucem
2752 1871 2907 1926 nobis
2931 1869 3279 1941 designabat,
3313 1873 3455 1928 unde
3480 1883 3535 1929 et
3555 1874 3771 1932 dicebat
3811 1897 3829 1931 :

2227 1966 2482 2022 Abraham
2515 1974 2658 2035 pater
2684 1974 2843 2019 uester
2859 1962 3128 2018 exsultavit
3154 1972 3209 2016 ut
3238 1963 3423 2018 videret
3450 1965 3583 2021 diem
3605 1983 3777 2022 meum
3808 2010 3831 2037 ,

2226 2068 2275 2114 et
2301 2060 2461 2126 cidit,
2508 2067 2556 2113 et
2597 2057 2797 2129 gavisus
2836 2066 2912 2111 est
2958 2054 3095 2128 (Id.
3119 2056 3173 2112 8.
3220 2057 3289 2113 56
3316 2054 3359 2128 ).
3401 2057 3544 2130 Ergo
3592 2063 3837 2131 patriar.

2228 2153 2327 2208 cha
2352 2150 2567 2222 quidem
2607 2149 2819 2219 gavisus
2845 2156 2959 2213 est,
2989 2163 3111 2204 cum
3152 2148 3434 2217 imaginem
3466 2152 3639 2206 crucis
3668 2152 3840 2208 vide-

2232 2251 2333 2307 ret,
2368 2242 2482 2312 ipse
2507 2254 2635 2295 vero
2662 2254 2775 2295 rem
2798 2239 2966 2309 ipsam
2994 2247 3206 2293 recusat
3227 2239 3250 2293 ?
3273 2238 3338 2294 Et
3358 2255 3485 2295 vero
3515 2240 3722 2313 Moyses
3743 2243 3842 2299 sic

2234 2334 2455 2391 Amalec
2479 2331 2779 2401 superavit,
2826 2331 2949 2399 quia
2996 2331 3219 2399 figuram
3262 2332 3439 2386 crucis
3467 2333 3742 2389 ostendit:
3773 2344 3844 2389 et

2234 2432 2482 2481 sexcenta
2504 2418 2764 2491 ejusmodi
2790 2420 2845 2473 in
2864 2418 3030 2474 veteri
3052 2418 3398 2476 Testamento
3420 2421 3666 2492 leguntur
3683 2424 3846 2478 acci-

2236 2516 2400 2578 disse,
2432 2528 2552 2584 quae
2576 2526 2789 2567 crucem
2836 2509 3271 2580 prchigurabant.
3304 2510 3373 2567 Ut
3396 2512 3525 2582 quid
3556 2513 3715 2582 igitur
3751 2514 3843 2570 ita

2239 2608 2460 2671 ﬁebant,
2493 2604 2537 2660 si
2560 2603 2606 2658 is
2626 2602 2715 2673 qni
2745 2616 2957 2657 crucem
2979 2610 3096 2656 erat
3120 2602 3413 2669 subiturus,
3442 2604 3545 2659 hoc
3567 2603 3680 2659 fieri
3724 2621 3842 2662 no-

2239 2699 2378 2756 lebat
2407 2698 2431 2750 ?
2462 2697 2518 2752 ld
2539 2709 2668 2751 vero
2692 2693 2833 2764 quod
2859 2694 3122 2764 sequitur,
3149 2692 3325 2749 adhuc
3339 2703 3423 2750 est
3438 2696 3707 2765 expliCatu
3727 2695 3844 2751 dif-

2243 2790 2452 2847 ﬁcilius.
2477 2792 2613 2849 Cum
2641 2794 2784 2850 enim
2808 2791 3072 2860 dixisset,
3099 2790 3344 2847 Transeat
3370 2809 3403 2846 a
3426 2809 3505 2848 me
3528 2794 3662 2847 ralia;
3697 2794 3798 2848 iste
3823 2832 3846 2862 ,

2243 2885 2484 2941 addidit:
2517 2883 2871 2940 Verumtamen
2912 2902 3012 2940 non
3056 2885 3185 2940 sicut
3210 2901 3300 2957 ego
3326 2884 3469 2951 colu,
3502 2885 3590 2940 sed
3617 2886 3745 2940 sicut
3776 2895 3847 2941 tu

2248 2975 2458 3049 (Matth.
2482 2975 2575 3031 26.
2599 2975 2801 3046 59).Ει
2824 2975 2927 3032 hoc
2949 2975 3114 3037 enim,
3130 2976 3459 3045 proutverba
3483 2985 3696 3042 sonant,
3715 2976 3849 3032 dum

2247 3068 2556 3123 voluntates
2602 3066 2701 3121 sibi
2751 3066 2977 3121 invicem
3023 3066 3305 3120 contrariae
3354 3066 3792 3122 demonstrantur
3827 3085 3845 3122 :

2248 3161 2510 3231 siquidem
2555 3160 2709 3216 Pater
2736 3175 2856 3215 eum
2886 3159 2996 3213 vult
3023 3158 3292 3229 crucifigi,
3323 3167 3378 3213 at
3405 3159 3519 3226 ipse
3546 3173 3649 3212 non
3680 3159 3796 3214 vult
3827 3176 3845 3213 :

2253 3253 2462 3308 tametsi
2481 3251 2676 3322 ubique
2692 3251 2932 3305 videmus
2951 3249 3138 3305 eadem
3171 3252 3340 3319 ipsum
3365 3265 3486 3305 cum
3505 3249 3662 3304 Patre
3676 3250 3847 3318 velle,

2250 3355 2412 3416 atque
2429 3345 2615 3399 eadem
2644 3345 2862 3413 eligere.
2907 3342 3133 3410 Quando
3157 3342 3298 3398 enim
3324 3341 3488 3408 dicit,
3516 3340 3597 3396 Da
3629 3342 3700 3396 eis
3723 3383 3740 3409 ,
3787 3351 3850 3396 ut

2251 3436 2673 3509 quemadmodum
2700 3449 2791 3506 ego
2817 3444 2866 3489 et
2887 3444 2941 3488 tu
2968 3450 3123 3487 unum
3154 3449 3354 3499 sumus,
3385 3442 3432 3487 et
3456 3434 3555 3503 ipsi
3594 3433 3645 3487 in
3695 3432 3847 3488 nobis

2254 3544 2413 3582 unum
2436 3527 2535 3581 sint
2569 3524 2747 3598 (Joan.
2774 3526 2861 3579 17.
2892 3525 3002 3591 11),
3044 3524 3176 3578 nihil
3200 3523 3349 3577 aliud
3371 3522 3520 3590 dicit,
3541 3523 3642 3577 nisi
3675 3540 3845 3583 unam

2254 3633 2376 3675 esse
2423 3617 2596 3673 Patris
2631 3624 2687 3671 et
2735 3615 2855 3671 Filii
2908 3615 3259 3669 voluntatem.
3308 3613 3384 3668 Et
3418 3613 3631 3683 quando
3680 3613 3848 3683 dicit,

2266 3711 2427 3766 Verba
2453 3726 2570 3781 quae
2588 3725 2680 3780 ego
2707 3708 2903 3779 loquor,
2931 3723 3031 3761 non
3051 3723 3149 3778 ego
3166 3707 3347 3777 loquor
3372 3721 3391 3759 :
3421 3704 3576 3758 Pater
3598 3715 3768 3761 autem
3791 3706 3853 3761 in

2256 3818 2334 3856 me
2354 3816 2561 3855 manens
2589 3801 2698 3868 ipse
2720 3797 2842 3869 facit
2872 3797 2979 3850 lucc
3011 3813 3164 3866 opera
3216 3796 3235 3866 (
3263 3794 3348 3850 Id.
3384 3797 3467 3850 H.
3500 3798 3567 3849 10
3595 3793 3649 3868 ),
3704 3795 3852 3852 istud

2258 3892 2431 3962 ipsum
2470 3889 2791 3945 ostenditur.
2836 3887 2967 3943 Cum
2998 3901 3126 3957 ergo
3152 3887 3311 3952 dicit,
3338 3887 3380 3940 Α
3402 3903 3479 3940 me
3505 3886 3617 3956 ipso
3652 3904 3752 3941 non
3781 3888 3855 3942 lo-

2258 3999 2406 4053 quor,
2432 3991 2477 4035 et
2499 3998 2532 4034 a
2551 3997 2630 4034 me
2646 3981 2757 4051 ipso
2776 3994 2875 4033 non
2897 3978 3005 4032 veni
3050 3976 3070 4049 (
3099 3975 3186 4030 Id.
3214 3978 3267 4030 7.
3285 3976 3355 4032 28
3388 3978 3429 4048 ),
3453 3985 3526 4045 et,
3561 3976 3604 4031 Α
3625 3994 3704 4031 me
3734 3978 3854 4048 ipsa

2261 4091 2363 4129 non
2396 4089 2603 4145 possum
2641 4071 2913 4143 quidquam
2950 4073 3117 4143 facere
3166 4069 3186 4141 (
3216 4068 3302 4122 Id.
3331 4071 3384 4125 5.
3414 4069 3552 4139 50),
3609 4084 3716 4124 non
3748 4070 3856 4126 hoc

2261 4165 2426 4230 dicit,
2454 4172 2513 4219 ut
2539 4162 2788 4220 ostendat
2833 4178 2893 4219 se
2929 4163 3010 4217 vel
3053 4162 3304 4228 loquendi
3349 4160 3434 4215 vel
3479 4161 3704 4216 faciendi
3730 4176 3856 4218 esse

2264 4265 2526 4327 potestate
2565 4255 2827 4325 privatum
2855 4295 2871 4320 ,
2917 4254 3091 4319 absit;
3136 4253 3231 4308 sed
3254 4263 3440 4309 exacte
3461 4253 3644 4309 volens
3672 4262 3855 4309 osten-
3940 4282 3947 4287 λ

2262 4347 2393 4404 dere
2419 4346 2737 4402 concordem
2766 4360 2917 4401 suam
2944 4359 3065 4400 esse
3089 4359 3209 4398 cum
3231 4344 3388 4398 Patre
3407 4344 3725 4399 sententiam
3743 4354 3855 4399 tam

2265 4440 2320 4496 in
2349 4439 2547 4505 verbis,
2568 4455 2727 4511 quam
2754 4438 2810 4493 in
2841 4438 3035 4502 rebus;
3057 4444 3114 4492 et
3136 4436 3186 4490 in
3219 4436 3466 4491 omnibus
3492 4436 3856 4505 dispensatio-

2266 4532 2425 4588 nibus
2454 4545 2615 4586 unam
2642 4527 2995 4599 eamdemque
3009 4542 3151 4595 esse,
3176 4527 3315 4582 sicut
3327 4527 3439 4597 jam
3459 4541 3604 4600 smpe
3632 4525 3858 4584 demon-

2267 4622 2574 4678 stravimus.
2603 4619 2732 4676 lllud
2755 4617 2998 4688 cnim,A
3044 4635 3123 4674 me
3171 4619 3283 4692 ipso
3333 4635 3434 4675 non
3479 4619 3658 4691 loquor
3712 4618 3855 4691 (Id.

2268 4713 2359 4769 14.
2408 4709 2500 4783 10)
2522 4752 2537 4777 ,
2567 4726 2677 4768 non
2731 4710 3010 4783 potestatis
3041 4711 3270 4782 privntio
3289 4753 3304 4778 ,
3336 4710 3431 4766 sed
3458 4725 3751 4766 consensus
3774 4719 3862 4766 est

2270 4802 2537 4876 probatio.
2584 4802 2686 4871 Qui
2738 4802 2797 4857 fit
2840 4802 3020 4873 igitur,
3055 4811 3111 4856 ιιι
3153 4801 3241 4857 hic
3289 4802 3459 4866 dicat,
3501 4799 3862 4855 Verumtamen

2271 4914 2372 4952 non
2397 4899 2525 4952 sicut
2549 4912 2640 4967 ego
2660 4896 2793 4961 volo,
2816 4895 2906 4950 sed
2925 4896 3055 4949 sicut
3082 4904 3135 4947 tu
3177 4893 3388 4963 (Matth.
3411 4892 3502 4947 26.
3527 4892 3661 4964 59)?
3681 4893 3861 4947 Forsi-

2273 4998 2362 5045 tan
2391 4989 2443 5045 in
2468 4987 2686 5043 multam
2713 4987 3033 5042 anxietatem
3060 5001 3156 5041 vos
3175 4985 3503 5053 coniecimus
3523 5024 3538 5051 ,
3569 4984 3663 5039 sed
3683 4992 3860 5039 atten-

2274 5081 2384 5135 dite
2409 5079 2644 5135 animum
2673 5094 2687 5131 :
2721 5077 2846 5133 licet
2886 5077 3028 5132 enim
3057 5076 3313 5145 prolixior
3354 5073 3516 5130 fuerit
3557 5087 3738 5128 sermo
3767 5087 3862 5128 no-

2274 5177 2409 5236 ster,
2435 5169 2616 5239 vigere
2633 5176 2812 5223 tamen
2841 5177 3000 5236 atque
3019 5164 3330 5220 adolescere
3354 5174 3652 5219 vestrorum
3674 5162 3866 5217 alacri-

2278 5269 2439 5317 tatem
2465 5261 2765 5315 animorum
2795 5258 2968 5328 probe
2987 5256 3112 5312 novi
3141 5271 3295 5311 :nam
3322 5255 3390 5310 ad
3420 5255 3587 5325 ipsam
3608 5254 3865 5325 quaestio-

2278 5353 2363 5408 nis
2388 5352 2711 5408 solutionem
2742 5360 2924 5406 nostra
2954 5348 3206 5416 deinceps
3233 5345 3455 5402 festinat
3475 5346 3667 5400 oratio.
3693 5342 3865 5410 Quam

2280 5447 2438 5517 igitur
2456 5447 2527 5502 ob
2545 5459 2759 5501 causam
2786 5444 2856 5499 ita
2882 5443 3082 5499 dictum
3101 5450 3186 5497 est
3210 5440 3235 5494 'l
3265 5438 3558 5509 Diligenter
3580 5436 3866 5492 advertite.

2281 5538 2577 5595 Difficulter
2599 5534 2887 5591 admodum
2934 5532 3316 5590 admittebatur
3340 5543 3520 5586 sermo
3546 5526 3870 5585 incarnatio-

2282 5631 2384 5686 nis.
2413 5628 2687 5699 Siquidem
2709 5626 2979 5682 excellens
3003 5625 3120 5695 ejus
3145 5624 3233 5678 illa
3263 5621 3547 5677 clementia
3576 5629 3630 5674 et
3671 5627 3867 5673 attem-

2283 5720 2573 5791 perationis
2599 5718 2718 5789 ejus
2751 5716 3059 5788 magnitudo
3091 5730 3178 5771 res
3205 5723 3358 5770 erant
3388 5710 3742 5767 admiratione
3785 5707 3869 5762 di-

2285 5810 2555 5884 gnissima:
2579 5851 2592 5877 ,
2624 5809 2895 5881 multaque
2926 5805 3312 5879 przrparatione
3332 5844 3346 5871 ,
3375 5813 3432 5860 ut
3475 5801 3864 5872 reciperentur,
