4106 6424
320 394 385 449 55
951 392 1017 447 IN
1049 390 1273 461 ILLUD,
1314 392 1565 459 PATER,
1611 393 1667 447 SI
1711 388 2072 449 POSSIBILE
2120 391 2278 458 EST,
2321 392 2723 463 TRANSEAT,
2771 394 2922 453 ETC.
3510 399 3579 455 56

319 510 540 578 σταυρὸν
567 506 782 561 καλῶν·
829 505 923 558 καὶ
965 506 1082 569 πῶς
1125 505 1361 561 ἐνταῦθα
1396 507 1494 576 μὲν
1525 508 1899 577 παραιτεῖται,

319 589 510 644 ἐκεῖδέ
560 589 656 643 κοιλ⁸
686 590 1037 657 κατεπείγεις
1090 590 1213 643 Ὀτι
1241 590 1350 661 γὰρ
1393 591 1521 655 δόξα
1565 592 1594 644 6
1645 589 1900 659 σταυρὸς,

317 674 539 727 ἄκουσον
571 671 626 724 τί
661 688 826 742 φησιν
869 672 898 725 6
922 671 1316 744 εύαγγελιστής
1342 689 1355 703 ·
1403 670 1647 726 Οὐδέπω
1684 672 1793 741 γὰρ
1825 667 1905 738 ἦν

316 752 553 822 Πνεῦμα
581 753 773 822 ᾶγιον,
808 752 897 807 ὅτι
940 753 1170 821 Ἰησοῦς
1198 754 1364 808 οὔπω
1390 752 1715 821 ἐδοξάσθη.
1753 754 1818 806 '0
1846 752 1904 805 δὲ

315 835 478 904 λέγει,
510 835 670 890 τοῦτό
693 838 859 889 ἐστιν·
898 836 1124 891 Οὐδέπω
1149 833 1217 909 ἦν
1245 836 1461 891 δοθεῖσα
1486 839 1518 908 ἡ
1549 837 1728 907 χάρις,
1752 838 1901 888 ἐπει·

316 929 375 999 δὴ
399 930 431 999 ή
461 928 632 1001 ἔχθρα
664 934 695 995 ἠ
728 931 864 1001 πρὸς
891 932 1018 994 τοὺς
1046 930 1369 1003 ἀνθρώπους
1391 932 1605 985 οὐδέπω
1635 927 1703 1001 ἦν
1726 945 1901 984 κατα-

317 1009 549 1076 λυθεῖσα,
609 1012 686 1083 τῷ
732 1014 955 1084 μηδέπω
986 1014 1078 1067 τὸν
1113 1016 1347 1085 σταυρὸν
1394 1012 1899 1086 προκεχωρηκέναι.

329 1094 384 1146 '0
419 1093 528 1166 γάρ
566 1096 797 1166 σταυρὸς
829 1095 927 1167 τὴν
962 1095 1161 1167 ἔχθραν
1192 1098 1286 1151 τοῦ
1325 1097 1461 1150 Θεοῦ
1511 1096 1773 1150 κατέλυσε
1803 1093 1902 1165 τὴν

319 1174 450 1245 πρὸς
481 1177 612 1240 106;
647 1177 985 1249 ἀνθρώπους,
1017 1180 1118 1244 τάς
1150 1180 1497 1248 καταλλαγὰς
1519 1179 1766 1250 ἐκόμισε,
1801 1178 1901 1248 τὴν

315 1257 413 1328 γῆν
437 1259 669 1329 οὐρανὸν
701 1261 945 1330 ἐποίησε,
986 1264 1114 1326 τοὺς
1147 1262 1470 1334 ἀνθρώπους
1500 1264 1615 1325 τοῖς
1643 1259 1900 1329 ἀγγέλοις

312 1340 551 1410 ἀνέμιξε,
596 1341 693 1395 τοῦ
732 1342 963 1398 θανάτου
995 1346 1095 1415 τὴν
1124 1344 1419 1416 ἀκρόπολιν
1452 1345 1755 1415 κατήγαγε,
1803 1342 1899 1395 τοῦ

311 1422 553 1475 διαϐόλου
598 1423 698 1495 τὴν
738 1426 891 1496 ἰσχὺν
923 1426 1291 1499 ἐξενεύρωσε,
1336 1428 1437 1498 τῆς
1483 1425 1765 1496 ἁμαρτίας
1796 1425 1899 1495 τὴν

312 1503 534 1575 δύναμιν
561 1506 817 1575 ἠφάνισε,
851 1508 949 1579 τὴν
978 1510 1082 1579 γῆν
1110 1511 1209 1581 τῆς
1239 1509 1448 1580 πλάνης
1478 1506 1777 1579 ἀπήλλαξε,
1798 1506 1898 1577 τὴν

313 1586 566 1657 ἀλήθειαν
590 1592 907 1661 ἐπανήγαγε
924 1631 939 1655 ,
965 1594 1092 1656 τοὺς
1119 1593 1377 1663 δαίμονας
1403 1592 1652 1662 ἀπήλασε
1673 1630 1687 1652 .
1735 1589 1900 1653 ναοὺς

311 1669 545 1735 καθεῖλε,
577 1672 798 1742 βωμοὺς
819 1674 1101 1747 ἀνέτρεψε,
1128 1677 1355 1729 κνίσσαν
1371 1675 1625 1744 ἠφάνισε,
1646 1673 1745 1745 τὴν
1767 1673 1897 1744 ἀρε-

311 1752 403 1823 τήν
435 1756 829 1822 κατεφύτευσε,
875 1757 975 1820 τάς
1022 1757 1348 1828 Ἐκκλησίας
1395 1756 1686 1829 ἐρρίζωσε.
1734 1756 1899 1808 Σταυ-

313 1834 419 1904 ρδς,
446 1836 506 1888 16
531 1836 629 1890 106
674 1839 888 1909 Πατρὸς
922 1838 1153 1910 θέλημα,
1191 1843 1224 1910 ή
1250 1840 1343 1893 τοῦ
1375 1839 1506 1893 Υἰοῦ
1533 1840 1679 1906 δόξα,
1712 1838 1772 1891 16
1799 1836 1894 1890 106

312 1914 619 1987 Πνεύματος
642 1920 974 1991 ἀγαλλίαμα,
994 1921 1054 1975 16
1075 1920 1167 1974 106
1182 1922 1395 1974 Παύλου
1415 1920 1675 1992 καύχημα
1694 1938 1707 1952 ·
1737 1919 1892 1987 Ἐμοὶ

311 1998 431 2069 γὰρ,
474 2002 632 2071 φησὶ,
671 2002 758 2072 μὴ
792 2002 1022 2072 γένοιτο
1058 2004 1433 2074 καυχᾶσθαι,
1489 2007 1542 2057 εἰ
1584 2003 1667 2073 μὴ
1714 1999 1785 2054 ἐν
1816 1999 1894 2070 τῷ

310 2082 542 2150 σταυρῷ
572 2083 685 2137 τοῦ
714 2086 937 2153 Κυρίου
964 2085 1133 2155 ἡμῶν
1174 2086 1369 2153 Ἰησοῦ
1403 2084 1684 2154 Χριστοῦ.
1723 2084 1893 2135 Σταυ-

313 2163 398 2232 ρὸς
429 2167 458 2218 6
485 2165 584 2218 106
610 2166 765 2238 ήλίου
800 2168 1114 2239 φανότερος,
1155 2170 1183 2221 6
1223 2168 1327 2238 τῆς
1355 2168 1571 2231 ἀκτῖνος
1605 2164 1892 2237 φαιδρότε-

311 2262 398 2315 ρος
417 2265 430 2277 ·
458 2247 585 2301 ὅταν
608 2248 719 2319 γὰρ
746 2252 948 2314 ἐκεῖνος
972 2250 1305 2321 σκοτίζηται,
1329 2249 1451 2302 τότε
1476 2244 1629 2313 0610;
1649 2249 1887 2318 λάμπει·

311 2329 610 2393 σκοτίζεται
648 2332 706 2385 δὲ
737 2335 765 2385 6
806 2333 956 2403 ήλιος
986 2333 1105 2386 τότε
1147 2334 1247 2386 οὐκ
1280 2331 1706 2403 ἀφανιζόμενος,
1757 2329 1890 2385 άλλά

310 2410 603 2483 νικώμενος
633 2417 703 2486 τῇ
733 2416 828 2469 τοῦ
866 2415 1100 2486 σταυροῦ
1152 2415 1488 2487 φαιδρότητι.
1546 2414 1785 2486 Σταυρὸς
1830 2415 1890 2468 τὸ

310 2497 670 2569 χειρόγραφον
699 2498 857 2570 ἡμῶν
891 2499 1160 2571 διέρρηξε,
1192 2499 1287 2552 τοῦ
1325 2499 1556 2552 θανάτου
1586 2497 1647 2550 16
1675 2498 1888 2566 δεσμω-

307 2579 486 2648 τήριον
517 2579 791 2649 ἄχρηστον
818 2581 1063 2651 ἐποίησε,
1090 2582 1321 2651 σταυρὸς
1343 2581 1441 2650 τῆς
1470 2579 1563 2637 τοῦ
1588 2579 1724 2631 Θεοῦ
1753 2580 1886 2647 ἁγά·

308 2675 409 2730 πης
438 2662 471 2732 ἡ
515 2662 809 2727 ἀπόδειξις.
855 2664 1020 2718 Οῦτω
1057 2664 1168 2733 γὰρ
1193 2663 1513 2732 ἠγάπησεν
1541 2665 1574 2716 ὀ
1608 2662 1751 2727 Θεὸς
1782 2660 1888 2715 τὸν

307 2744 559 2813 κόσμον,
586 2746 677 2798 ὅτι
704 2746 812 2803 τὸν
829 2747 967 2805 Υἱὸν
984 2747 1170 2801 αὐτοῦ
1188 2747 1295 2801 τὸν
1314 2745 1616 2817 μονογενῆ
1641 2745 1884 2811 ἔδωκεν,

306 2825 399 2878 ἵνα
426 2824 545 2893 πᾶς
589 2831 622 2882 ὁ
649 2831 948 2885 πιστεύων
980 2833 1067 2897 εἰς
1093 2831 1281 2884 αὐτὸν
1306 2829 1391 2899 μὴ
1424 2830 1740 2898 ἀπόληται.
1778 2830 1887 2883 Kal

308 2908 460 2962 πάλιν
499 2913 528 2964 6
564 2910 773 2973 Παῦλος
797 2929 809 2941 ·
836 2914 907 2965 Εἰ
936 2914 1045 2982 γὰρ
1076 2912 1275 2981 ἐχθροὶ
1311 2912 1480 2979 ὄντες
1506 2910 1888 2982 κατηλλάγη-

307 3007 410 3057 μεν
454 2992 536 3058 τῷ
592 2990 715 3061 Θεῷ
741 2994 838 3048 διὰ
883 2995 990 3049 τοῦ
1037 2995 1297 3050 θανάτου
1339 2996 1447 3050 τοῦ
1500 2997 1635 3049 Υίοῦ
1675 2996 1883 3050 αὐτοῦ.

308 3074 536 3147 Σταυρὸς
565 3078 627 3130 16
644 3080 821 3148 τεῖχος
842 3078 904 3132 16
923 3078 1186 3151 ἁρῤαγές,
1206 3078 1266 3131 16
1290 3078 1451 3131 ὅπλον
1484 3078 1545 3131 16
1566 3078 1885 3151 ἀχείρωτον,

305 3158 409 3213 τῶν
437 3160 815 3215 πλουτούντων
843 3164 877 3233 ή
912 3162 1202 3232 ἀσφάλεια,
1245 3160 1356 3214 τῶν
1389 3162 1638 3232 πενήτων
1663 3163 1696 3231 ἡ
1725 3162 1890 3215 εὐπο-

307 3241 414 3312 ρία,
454 3242 569 3298 τῶν
602 3244 1098 3316 ἐπιϐουλευομένων
1149 3244 1211 3298 16
1252 3246 1453 3315 τεῖχος,
1482 3243 1591 3298 τῶν
1618 3244 1886 3315 πολεμου-

308 3322 479 3392 μένων
506 3326 574 3378 16
599 3326 780 3391 ὅπλον,
811 3329 920 3381 τῶν
955 3327 1144 3382 παθῶν
1169 3329 1203 3397 ἡ
1229 3326 1525 3396 ἀναίρεσις,
1557 3327 1657 3397 τῆς
1686 3326 1887 3397 ἀρετῆς

308 3407 339 3477 ή
366 3409 590 3481 κτῆσις,
638 3412 699 3464 16
732 3414 957 3481 σημεῖον
1003 3412 1066 3465 τὸ
1098 3411 1409 3482 θαυμαστὸν
1439 3411 1531 3464 καὶ
1559 3410 1882 3482 παράδοξον.

309 3491 561 3558 Σημεὶον
586 3494 694 3565 γάρ
729 3492 993 3561 ἐπιζητεῖ
1020 3494 1053 3562 ἠ
1085 3493 1260 3562 γενεὰ
1285 3493 1436 3560 αὕτη
1458 3509 1474 3529 ·
1506 3492 1607 3547 καί
1634 3492 1887 3561 σημεῖον

305 3575 373 3627 οὐ
405 3574 730 3640 δοθήσεται
760 3576 934 3644 αὐτῇ,
968 3580 1021 3630 εἰ
1053 3575 1138 3646 μὴ
1165 3576 1230 3629 τὸ
1264 3575 1518 3643 σημεῖον
1558 3575 1739 3630 Ἰωνᾶ.
1774 3574 1886 3631 Kal

305 3656 461 3711 πάλιν
489 3660 516 3712 6
550 3658 786 3722 Παῦλος·
820 3658 1056 3727 Ἐπειδὴ
1090 3657 1190 3712 καί
1218 3657 1485 3712 Ἰουδαῖοι
1512 3657 1765 3726 σημεῖον
1794 3660 1883 3711 αὶ-

305 3740 471 3794 τοῦσι
491 3781 506 3805 ,
546 3740 645 3793 καὶ
666 3742 970 3815 Ἕλληνες
1004 3742 1230 3809 σοφίαν
1255 3739 1538 3807 ζητοῦσιν
1558 3757 1572 3769 ·
1613 3740 1783 3811 ἡμεῖς
1817 3738 1886 3791 δὲ

306 3824 693 3892 κηρύσσομεν
722 3823 981 3891 Χριστὸν
1010 3823 1489 3892 ἐσταυρωμένον.
1521 3821 1758 3892 Σταυρὸς
1781 3837 1885 3873 παι

309 3905 548 3975 ράδεισον
576 3905 802 3976 ήνέῳξε,
822 3905 1026 3977 λῃστὴν
1054 3907 1339 3977 εἰσήγαγε,
1365 3905 1425 3959 16
1449 3906 1557 3958 τῶν
1582 3902 1885 3975 ἀνθρώπων

305 3986 453 4052 γένος
474 3987 811 4041 ἀπόλλυσθαι
845 3987 1032 4054 μέλλον
1058 3987 1152 4040 καὶ
1171 3988 1291 4041 οὐδὲ
1319 3987 1419 4057 τῆς
1438 3988 1542 4056 γῆς
1567 3986 1716 4053 ἀξιον
1747 3986 1886 4057 πρὸς

305 4068 399 4140 τὴν
426 4069 537 4124 τῶν
578 4069 822 4141 οὐρανῶν
847 4070 1123 4141 βασιλείαν
1149 4069 1580 4141 ἐχειραγώγησε.
1634 4068 1885 4123 Τοσαῦτα

305 4164 483 4233 ἀγαθά
530 4165 640 4219 ἀπὸ
676 4166 773 4221 τοῦ
802 4166 1034 4240 σταυροῦ
1061 4167 1156 4221 καὶ
1189 4167 1381 4236 γέγονε
1412 4166 1508 4219 καὶ
1537 4164 1767 4234 γίνεται,
1792 4163 1885 4216 καὶ

307 4261 363 4314 οὐ
390 4261 1065 4346 βούλεταιδσταυρωθῆναι,
1096 4264 1216 4317 εἰπέ
1246 4281 1368 4333 μοις
1399 4263 1508 4317 Kal
1529 4262 1611 4326 τίς
1643 4261 1708 4315 ἂν
1729 4261 1887 4315 τοῦτο

309 4356 480 4423 dum;
526 4358 591 4411 Εἰ
623 4358 680 4411 δὲ
718 4359 792 4429 μὴ
826 4358 1094 4421 ἐϐούλετο,
1129 4358 1213 4422 τίς
1246 4360 1407 4412 αὐτὸν
1436 4358 1752 4428 ὴνάγκασε;
1802 4356 1887 4419 τίς

212 4468 224 4478 ·
308 4439 596 4507 ἐϐιάσατο;
644 4442 698 4495 τί
722 4443 778 4495 δὲ
809 4442 902 4496 καὶ
939 4442 1260 4514 προέπεμψε
1297 4442 1581 4512 προφήτας
1611 4440 1888 4508 ἀπαγγέλ-

308 4520 513 4588 λοντας,
545 4525 628 4577 ὅτι
654 4525 1118 4597 σταυρωθήσεται,
1156 4524 1231 4595 μὴ
1263 4524 1472 4595 μέλλων
1499 4522 1883 4594 σταυροῦσθαι,

313 4621 443 4690 μηδέ
478 4620 801 4692 βουλόμενος
843 4622 1004 4675 τοῦτο
1043 4623 1368 4691 ὑπομεῖναις
1410 4619 1568 4682 Τίνος
1597 4618 1655 4671 δὲ
1701 4618 1888 4671 ἕνεκεν

309 4703 401 4755 καὶ
440 4705 699 4774 ποτήριον
731 4704 886 4757 καλεῖ
934 4703 1025 4757 τὸν
1060 4703 1312 4774 σταυρὸν,
1355 4700 1411 4755 εἴ
1442 4718 1506 4771 γε
1537 4700 1610 4772 μὴ
1638 4700 1889 4754 ἐϐούλετο

310 4786 713 4858 σταυρωθῆναι;
742 4786 913 4844 Τοῦτο
933 4786 1042 4856 γάρ
1066 4785 1474 4856 ἐνδεικνυμένου
1504 4780 1625 4836 ἐστὶ
1646 4783 1743 4856 τὴν
1766 4785 1887 4836 ἐπι-

309 4878 527 4951 θυμίαν,
578 4881 647 4951 ἦν
689 4881 799 4951 ἔχει
848 4883 974 4953 περί
1011 4883 1074 4936 16
1102 4883 1357 4954 πρᾶγμα.
1407 4881 1620 4951 ’Ὥσπερ
1644 4879 1753 4950 γάρ
1776 4881 1889 4943 τοῖς

307 4974 497 5045 διψῶσι
529 4977 590 5031 16
618 4980 878 5050 ποτήριον
916 4978 1036 5049 ἡδὺ,
1067 4977 1212 5032 οὕτω
1242 4978 1337 5033 καὶ
1364 4975 1515 5047 αὐτῷ
1547 4975 1606 5028 16
1650 4991 1890 5046 σταυρω-

311 5069 492 5140 θῆναι·
534 5074 602 5127 δι’
630 5073 659 5127 ὃ
681 5074 775 5128 καὶ
815 5073 996 5142 ἔλεγεν
1015 5091 1028 5104 ·
1056 5073 1170 5147 [20]
1198 5072 1514 5142 Ἐπιθυμίᾳ
1551 5072 1890 5140 ἐπεθύμουν

309 5165 482 5221 τοῦτο
513 5168 582 5221 τὸ
606 5168 823 5237 Πάσχα
843 5168 1060 5240 φαγεῖν
1077 5168 1208 5239 μεθ’
1243 5168 1430 5239 ὑμῶν,
1463 5168 1562 5238 οὐχ
1586 5167 1774 5230 ἀπλῶς
1805 5169 1887 5220 εἰ-

309 5262 422 5318 πὼν
447 5263 625 5330 τοῦτο,
657 5263 793 5317 ἀλλά
820 5264 911 5317 διά
937 5263 1035 5337 τὴν
1057 5264 1237 5318 αἰτίαν
1272 5263 1498 5335 ταύτην,
1525 5263 1713 5334 ἐπειδὴ
1750 5262 1888 5335 μετά

308 5347 404 5416 τὴν
426 5347 668 5419 ἑσπέραν
697 5350 726 5401 6
755 5346 987 5416 σταυρὸς
1020 5347 1183 5400 αὐτὸν
1212 5346 1496 5417 διεδέχετο.

375 5467 444 5535 γ’.
479 5469 539 5523 '0
569 5470 747 5525 τοίνυν
776 5470 1043 5536 καὶδόξαν
1074 5472 1135 5526 16
1163 5474 1396 5545 πρᾶγμα
1432 5473 1611 5527 καλῶν
1632 5513 1647 5537 ,
1684 5473 1777 5527 καὶ
1808 5471 1886 5544 τῷ

312 5564 524 5637 μαθητῇ
558 5567 852 5638 ἐπιτιμῶν,
881 5568 963 5623 ὅτι
988 5568 1281 5624 διεκώλυεν
1315 5571 1501 5635 αὐτὸν,
1536 5570 1630 5624 καὶ
1661 5568 1750 5623 τὸν
1784 5586 1885 5623 κα-

308 5656 395 5712 λὸν
432 5663 666 5734 ποιμένα
705 5664 954 5717 ἐντεῦθεν
993 5665 1207 5728 δεικνὺς
1256 5665 1364 5718 ἀπὸ
1415 5665 1508 5719 τοῦ
1559 5665 1886 5735 σφάττεσθαι

308 5754 446 5828 ὑπὲρ
474 5759 578 5814 τῶν
623 5758 930 5831 προϐάτων,
966 5759 1058 5815 καὶ
1091 5760 1352 5834 ἐπιθυμίᾳ
1394 5761 1685 5833 ἐπιθυμεῖν
1713 5760 1885 5830 λέγων

2015 505 2078 559 16
2110 507 2369 577 πρᾶγμα,
2400 508 2493 561 καὶ
2526 507 2669 563 ἑκὼν
2700 509 2791 562 ἐπὶ
2823 509 2979 564 τοῦτο
3014 511 3325 583 ἐρχόμενος,
3353 510 3469 575 πῶς
3500 527 3599 570 πα-

2019 597 2250 667 ρακαλεῖ
2275 598 2350 670 μὴ
2393 598 2642 668 γενέσθαι
2682 599 2875 664 10610;
2930 601 2991 653 Εἰ
3033 601 3088 654 δέ
3131 602 3205 674 μὴ
3249 601 3516 666 ἐϐούλετο,
3548 602 3600 656 τί

2013 690 2273 744 δύσκολον
2314 685 2381 762 ἧν
2413 689 2745 745 δακωλῦσαι
2779 693 2902 756 τοὺς
2936 694 3262 763 ἐρχομένους
3287 694 3379 747 ἐπ)⁸
3413 693 3599 759 10610;

2015 787 2129 840 Νῦν
2171 787 2225 841 δέ
2269 788 2363 839 καὶ
2401 787 2532 857 ὁρᾷς
2576 785 2736 840 αύτδν
2780 786 3135 858 ἐπιτρέχοντα
3174 787 3252 857 τῷ
3294 789 3598 859 πράγματι.

2016 880 2143 932 Ὅτε
2178 875 2311 947 γοῦν
2358 878 2591 948 ἐπῆλθον
2637 877 2808 948 αὐτῷ,
2837 879 3010 946 λέγει·
3053 880 3192 933 Τίνα
3231 877 3489 945 (meite;
3537 881 3598 932 Οί

2011 967 2068 1020 δὲ
2097 966 2348 1035 λέγουσιν
2370 980 2385 994 ⁸
2417 966 2672 1033 Ἰησοῦν.
2710 968 2819 1019 Kal
2847 966 2993 1035 λέγει
3026 969 3230 1031 αὐτοῖς·
3290 966 3456 1026 Ἰδοὺ,
3487 967 3599 1035 ἐγὼ

2011 1057 2157 1123 ειμι·
2190 1055 2290 1107 καὶ
2307 1052 2587 1122 ἀπῆλθον
2605 1057 2693 1121 εις
2713 1056 2784 1109 τὰ
2811 1056 3002 1108 ὀπίσω
3020 1055 3115 1108 καί
3143 1054 3369 1108 ἔπεσον
3393 1053 3596 1123 χαμαί.

2013 1140 2170 1195 Οὕτω
2201 1141 2465 1212 πηρώσας
2499 1141 2697 1206 αὐτοὺς
2722 1142 2985 1214 πρότερον
3011 1143 3104 1196 καὶ
3131 1141 3332 1209 δείξας,
3365 1143 3446 1195 ὅτι
3471 1140 3597 1210 ἡδύ-

2010 1248 2140 1287 νατο
2167 1231 2469 1301 διαφυγεῖν,
2498 1232 2619 1284 τότε
2652 1232 2912 1298 ἐξέδωκεν
2942 1231 3152 1297 ἑαυτὸν,
3180 1232 3266 1285 ἵνα
3305 1230 3482 1304 μάθῃς
3516 1232 3597 1284 δτι

2007 1319 2110 1372 οὐκ
2144 1319 2380 1390 ἀνάγκῃ,
2416 1318 2537 1373 οὐδὲ
2578 1318 2690 1391 βίᾳ,
2731 1316 2851 1372 ούδέ
2887 1323 2954 1391 τῇ
2988 1319 3259 1390 τυραννίδι
3290 1318 3400 1372 τῶν
3434 1317 3595 1371 ἐπελ-

2009 1405 2211 1460 θὸντων
2256 1406 2406 1460 ἀκων
2447 1406 2605 1460 τοῦτο
2642 1406 2953 1477 ὑπέμεινεν,
2992 1407 3109 1460 ἀλλ’
3154 1407 3314 1468 ἐκὼν,
3347 1407 3441 1459 καί
3466 1424 3597 1476 προ-

2008 1495 2331 1566 αιρούμενος
2361 1496 2452 1548 καὶ
2475 1494 2814 1565 βουλόμενος,
2837 1496 2932 1547 καὶ
2954 1497 3017 1548 ἐκ
3048 1494 3240 1548 πολλοῦ
3263 1494 3433 1548 ταῦτα
3454 1496 3598 1547 οἰκο-

2007 1582 2208 1652 νομῶν.
2250 1584 2348 1636 Διά
2382 1582 2539 1635 τοῦτο
2571 1583 2667 1635 καὶ
2704 1584 2981 1654 προφῆται
3022 1581 3463 1653 προεπέμποντο,
3501 1581 3597 1638 καὶ

2007 1670 2344 1742 πατριάρχαι
2366 1670 2687 1742 προύλεγον,
2713 1669 2809 1723 καὶ
2832 1669 2918 1722 διὰ
2944 1669 3203 1740 ῥημάτων
3228 1669 3320 1728 καὶ
3342 1668 3431 1721 διά
3456 1685 3597 1739 πρα-

2005 1758 2233 1827 γμάτων
2258 1761 2285 1812 6
2315 1758 2546 1831 σταυρὸς
2566 1757 3015 1828 προδιετυποῦτο.
3038 1757 3146 1811 Kal
3165 1758 3275 1831 γάρ
3301 1759 3395 1811 τοῦ
3410 1757 3596 1821 Ἰσαᾲκ

2004 1854 2036 1923 ή
2073 1849 2256 1919 σφαγὴ
2289 1848 2381 1902 τὸν
2412 1848 2645 1919 σταυρὸν
2674 1847 2861 1918 ἐδήλου
2892 1849 3025 1919 ἡμῖν
3047 1865 3060 1878 ·
3108 1847 3173 1902 δι’
3212 1848 3241 1901 ὃ
3271 1849 3364 1907 καὶ
3388 1848 3595 1916 ἔλεγεν·

2017 1940 2264 2007 Ἀϐραὰμ
2284 1979 2298 2003 ,
2328 1942 2361 1993 ό
2404 1938 2602 2007 πατὴρ
2644 1937 2843 2007 ὑμῶν,
2877 1937 3326 2007 ἠγαλλιάσατο,
3367 1942 3467 1994 ἵνα
3497 1940 3596 2007 ἴδῃ

2002 2033 2119 2101 τὴν
2149 2032 2339 2095 δόξαν
2370 2031 2485 2100 τὴν
2505 2031 2679 2101 ἐμὴν,
2710 2030 2810 2085 καὶ
2839 2026 2990 2092 εἶδε,
3022 2031 3118 2084 καὶ
3151 2030 3361 2100 ἐχάρη.
3416 2029 3596 2089 Εἷταό

2005 2125 2105 2196 μὲν
2131 2126 2475 2195 πατριάρῃς
2516 2124 2687 2195 ἐχάρη
2735 2122 2945 2193 βλέπων
2971 2124 3070 2194 τὴν
3099 2124 3281 2179 εἰκόνα
3311 2125 3404 2179 τοῦ
3437 2144 3596 2181 σταυ-

2005 2215 2123 2287 ροῦ,
2156 2215 2318 2278 αὐτὸς
2354 2214 2411 2268 δὲ
2437 2217 2790 2286 παραιτεῖται
2821 2215 2881 2268 16
2916 2216 3185 2286 πρᾶγμας
3215 2218 3323 2270 Kal
3351 2219 3592 2289 Μωῦσῆς

1999 2315 2056 2372 δὲ
2100 2315 2243 2369 οὕτω
2274 2314 2371 2370 106
2405 2315 2653 2386 Ἀμαλὴκ
2682 2314 3051 2385 περιεγένετο,
3080 2315 3268 2387 ἐπειδὴ
3300 2318 3390 2369 τὸν
3425 2317 3594 2371 τύπον

1999 2404 2347 2458 ἐπεδείκνυτο
2376 2404 2468 2458 τοῦ
2500 2405 2735 2476 σταυροῦ
2754 2422 2767 2434 ·
2796 2406 2889 2457 καὶ
2918 2404 3089 2475 μυρία
3115 2406 3181 2458 ἂν
3210 2404 3308 2459 ἴδοι
3334 2423 3418 2469 τις
3446 2408 3501 2460 ἐν
3524 2411 3592 2479 τῇ

2000 2495 2212 2565 Παλαιᾷ
2244 2493 2525 2564 γινόμενα,
2559 2493 2651 2547 τὸν
2685 2495 2922 2564 σταυρὸν
2961 2494 3462 2565 προδιαγράφοντα.
3497 2499 3592 2550 Τί-

1997 2599 2087 2643 νος
2114 2576 2208 2634 οὗν
2239 2580 2426 2633 ἕνεκεν
2468 2578 2642 2642 οὕτως
2671 2579 2910 2646 ἐγένετο,
2960 2580 3015 2633 εἴ
3052 2598 3115 2649 γε
3163 2584 3191 2635 6
3221 2584 3590 2654 σταυροῦσθαι

2000 2667 2208 2739 μέλλων
2240 2667 2341 2719 οὐκ
2384 2665 2632 2719 ἐϐούλετο
2670 2664 2828 2718 τοῦτο
2868 2665 3146 2734 γίνεσθαις
3206 2670 3317 2721 Καὶ
3355 2670 3414 2722 16
3450 2671 3591 2740 μετά
3690 2672 3695 2675 ’

1995 2753 2155 2807 τοῦτο
2184 2754 2241 2807 δὲ
2266 2755 2345 2807 ἐτι
2378 2752 2744 2824 ἀπορώτερον.
2771 2752 2954 2807 Εἰπὼν
2976 2753 3106 2825 γάρ,
3125 2754 3468 2823 Παρελθέτω
3488 2759 3591 2814 ἀπ’

1995 2842 2143 2911 ἐμοῦ
2184 2841 2253 2895 τὸ
2283 2840 2572 2909 ποτήριον
2615 2840 2810 2905 τοῦτο,
2849 2842 3121 2912 ἐπήγαγε,
3156 2842 3333 2911 Πλὴν
3366 2847 3479 2913 οὐχ
3509 2846 3592 2914 ὡς

1995 2946 2111 3017 ἐγὼ
2141 2948 2314 3011 θέλω,
2361 2947 2497 3000 ἀλλ’
2546 2946 2623 3011 ὡς
2662 2944 2764 2999 σύ.
2826 2944 3108 2999 Ἐντεῦθεν
3133 2946 3262 3018 γὰρ,
3295 2947 3417 3000 ὅσον
3448 2948 3592 3001 κατά

1995 3039 2097 3109 τῆν
2132 3038 2322 3110 ῥῆσιν,
2353 3037 2446 3091 δύο
2487 3036 2768 3106 θελήματα
2802 3034 3019 3089 ἐναντία
3047 3036 3296 3108 ἀλλήλοις
3338 3036 3592 3108 εὑρίσκο-

2002 3146 2122 3200 μεν,
2170 3127 2224 3180 εἴ
2250 3145 2313 3197 γε
2337 3140 2361 3167 ο
2401 3129 2429 3181 6
2460 3128 2559 3197 μὲν
2589 3126 2776 3199 Πατὴρ
2805 3126 3053 3197 βούλεται
3081 3127 3240 3180 αὐτὸν
3272 3127 3589 3198 σταυρωθῆ-

1997 3239 2107 3284 ναι,
2140 3220 2302 3282 αὐτὸς
2332 3220 2389 3273 δέ
2418 3220 2477 3271 οὐ
2523 3219 2790 3290 βούλεται.
2826 3218 3021 3272 Καίτοι
3046 3236 3109 3287 γε
3143 3219 3415 3289 πανταχοῦ
3448 3220 3588 3290 ὁρῶ-

2000 3324 2099 3377 μεν
2128 3307 2288 3359 αὐτὸν
2330 3306 2398 3359 τὰ
2438 3306 2577 3359 αύτά
2615 3305 2693 3377 τῷ
2719 3306 2895 3378 Πατρὶ
2936 3305 3278 3376 βουλόμενον,
3335 3308 3403 3361 τά
3447 3309 3587 3363 αύτά

1997 3398 2447 3469 προαιρούμενον.
2482 3399 2590 3451 Kal
2613 3399 2721 3469 γάρ
2746 3398 2873 3451 ὅταν
2900 3397 3055 3468 λέγῃ,
3088 3397 3437 3465 Δὸςαύτοῖς,
3477 3416 3585 3453 κα-

1996 3490 2115 3556 θὼς
2138 3488 2252 3559 ἐγὼ
2280 3490 2373 3542 καὶ
2397 3490 2481 3543 σὺ
2493 3490 2564 3542 ἓν
2584 3490 2790 3559 ἐσμεν,
2818 3489 2920 3542 ἵνα
2944 3489 3038 3543 καὶ
3065 3489 3235 3543 αὐτοὶ
3257 3490 3326 3543 ἐν
3351 3489 3497 3560 ἡμῖν
3515 3491 3590 3546 ἐν

1994 3574 2169 3641 ὦσιν,
2212 3579 2366 3633 οὐδὲν
2395 3579 2523 3633 ἄλλο
2550 3579 2719 3647 λέγει,
2748 3580 2796 3631 εἰ
2833 3578 2906 3651 μὴ
2939 3579 2998 3631 16
3032 3579 3160 3649 μίαν
3193 3575 3331 3632 εἶναι
3358 3579 3588 3653 γνώμην

1995 3669 2210 3741 Πατρδς
2238 3668 2332 3722 καὶ
2357 3667 2508 3723 Υἰοῦ.
2544 3671 2653 3722 Kal
2674 3670 2800 3722 ὅταν
2831 3668 2984 3741 λέγῃ,
3020 3668 3095 3721 Τὰ
3120 3668 3377 3738 ῥήματα,
3403 3668 3441 3723 ᾶ
3468 3670 3586 3740 ἐγὼ

1992 3757 2181 3823 λαλῶ,
2216 3760 2288 3812 οὐ
2318 3756 2489 3813 λαλῶ
2515 3757 2648 3827 ἐγὼ,
2690 3758 2826 3812 ἀλλ’
2858 3762 2891 3811 ό
2930 3757 3131 3827 Πατὴρ
3164 3763 3197 3815 ὁ
3227 3759 3300 3813 ἐν
3325 3760 3453 3828 ἐμοὶ
3478 3760 3587 3829 μέ-

1993 3865 2135 3911 νων,
2169 3849 2351 3915 αὐτὸς
2368 3848 2527 3902 ποιεῖ
2546 3847 2618 3901 τὰ
2639 3851 2781 3917 ἔργα
2805 3848 3012 3910 ταῦτα,
3036 3849 3193 3902 τοῦτο
3225 3850 3579 3907 ἐνδείκνυται.

1995 3939 2102 3994 Kal
2140 3940 2270 3993 61av
2319 3939 2485 4012 λέγῃ,
2543 3940 2657 3993 Ἀπ’
2700 3938 2960 4008 ἐμαυτοῦ
3009 3937 3119 3988 οὐκ
3143 3935 3431 4003 ἐλήλυθα,
3463 3939 3579 3994 καὶ.

1989 4033 2072 4086 Οὐ
2101 4030 2358 4100 δύναμαι
2404 4031 2506 4084 ἀπ’
2553 4029 2810 4103 ἐμαυτοῦ
2851 4029 3046 4083 ποιεῖν
3080 4028 3294 4092 οὐδὲν,
3331 4027 3394 4081 οὐ
3423 4027 3582 4082 τοῦτο

1994 4124 2170 4195 δηλῶν
2202 4122 2369 4191 λέγει,
2410 4123 2492 4176 ὅτι
2524 4121 2773 4187 ἐξουσίας
2802 4121 3173 4193 ἀπεστέρηται
3205 4119 3237 4191 ἢ
3268 4118 3361 4173 106
3396 4119 3582 4173 λαλεῖν

1995 4218 2029 4287 ἢ
2072 4216 2164 4270 τοῦ
2199 4217 2395 4278 ποιεῖν,
2431 4213 2688 4284 (ἄπαγεί)
2737 4213 2873 4267 ἀλλά
2908 4214 3047 4285 μετά
3091 4213 3374 4284 ἀκριϐείας
3412 4212 3584 4278 δεῖξαι

1998 4308 2323 4380 βουλόμενος
2350 4306 2638 4377 σύμφωνον
2667 4304 2830 4360 αὑτοῦ
2859 4304 2956 4374 τὴν
2991 4302 3244 4375 γνώμην,
3278 4303 3373 4356 καὶ
3400 4302 3499 4373 τὴν
3521 4303 3583 4355 ἐν

1998 4401 2227 4471 ῥήμασι,
2259 4399 2353 4452 καὶ
2379 4396 2477 4468 τὴν
2501 4400 2560 4451 ἐν
2599 4397 2910 4467 πράγμασι,
2935 4396 3030 4448 καὶ
3057 4394 3155 4465 τὴν
3183 4395 3242 4446 ἐν
3276 4393 3479 4456 πάσαις
3506 4395 3585 4446 οἰ-

1997 4490 2276 4561 κονομίαις
2319 4488 2456 4559 πρὸς
2484 4487 2575 4540 τὸν
2602 4486 2822 4557 Πατέρα
2868 4485 2998 4554 μίαν
3032 4485 3124 4539 καὶ
3160 4483 3258 4555 τὴν
3285 4483 3453 4556 αὐτὴν
3485 4481 3581 4539 06-

1998 4598 2118 4645 σαν,
2161 4579 2343 4642 καθὼς
2379 4579 2473 4631 καί
2507 4576 2609 4647 ήδη
2650 4575 2906 4638 πολλάκις
2930 4574 3312 4647 ἀπεδείξαμεν.
3345 4576 3418 4630 T6
3448 4577 3581 4648 γάρ,

2009 4673 2126 4727 Ἀπ’
2152 4672 2410 4739 ἐμαυτοῦ
2428 4673 2498 4724 οὺ
2518 4668 2705 4732 λαλῶ,
2728 4670 2827 4724 οὐκ
2847 4669 3090 4735 ἐξουσίας
3118 4669 3414 4739 ἀναίρεσις,
3446 4670 3583 4726 ἀλλά

1999 4763 2316 4833 συμφωνίας
2343 4762 2490 4815 ἐστὶν
2532 4760 2824 4826 ἀπόδειξις.
2859 4763 2985 4826 Πῶς
3026 4757 3118 4815 06v
3150 4760 3386 4817 ἐνταῦθά
3421 4780 3579 4834 φησι.

1996 4853 2174 4921 Πλὴν
2196 4855 2308 4920 οὐχ
2356 4853 2437 4918 ὡς
2468 4851 2584 4923 ἐγὼ
2626 4851 2799 4915 θέλω,
2844 4852 2983 4906 ἀλλ’
3022 4851 3104 4919 ὡς
3141 4851 3266 4915 σύ;
3316 4851 3470 4923 Τάχα
3500 4855 3583 4918 εἰς

2000 4943 2167 4997 πολὺν
2198 4945 2342 5014 ὑμᾶς
2366 4944 2550 5012 ἀγῶνα
2578 4943 2923 5013 ἐνεϐάλομεν,
2954 4941 3089 4996 ἀλλά
3124 4942 3445 5013 διανάστητε
3465 4958 3481 4974 ·
3530 4945 3581 4998 εἰ

1997 5036 2106 5107 γάρ
2134 5036 2228 5090 καὶ
2260 5035 2429 5089 πολλά
2469 5035 2537 5089 τά
2587 5034 2885 5107 εἰρημένα,
2937 5033 3050 5107 [21]
3092 5033 3207 5088 ἀλλ’
3250 5031 3311 5089 εὖ
3357 5031 3474 5089 οἶδα
3500 5037 3588 5090 δτι

1996 5127 2179 5191 νεάζει
2201 5128 2354 5199 ὑμῶν
2388 5128 2421 5198 ἡ
2452 5126 2725 5198 προθυμία
2743 5141 2758 5157 ·
2790 5127 2926 5197 πρὸς
2946 5125 3056 5198 γὰρ
3080 5127 3251 5198 αὐτὴν
3273 5126 3458 5180 λοιπὸν
3480 5125 3584 5195 τὴν

1997 5217 2150 5273 λύσιν
2181 5222 2210 5273 6
2232 5219 2386 5289 λόγος
2409 5219 2709 5287 ἐπείγεται.
2736 5218 2894 5283 Τίνος
2915 5214 3008 5274 οὗν
3038 5219 3224 5272 ἕνεκεν
3245 5217 3416 5280 οὕτως
3440 5219 3584 5287 εἰρηο

1996 5328 2119 5377 ται;
2150 5312 2453 5382 Προσέχετε
2481 5311 2616 5382 μετά
2641 5310 2946 5382 ἀκριϐείας.
2978 5310 3118 5365 Πολὺ
3146 5307 3583 5378 δυσπαράδεκτος

1996 5398 2064 5474 ἦν
2096 5404 2125 5456 6
2171 5403 2269 5474 τῆς
2324 5402 2654 5474 σαρκώσεως
2698 5403 2874 5473 λόγος.
2914 5404 2977 5456 Ἥ
3019 5403 3130 5473 γὰρ
3180 5399 3449 5472 ὑπερϐολὴ
3481 5399 3581 5472 τῆς

2000 5493 2411 5565 φιλανθρωπίας
2442 5490 2769 5559 αὐτοῦ,καὶ
2806 5495 2870 5548 τὸ
2908 5492 3136 5563 μέγεθος
3167 5491 3267 5561 τῆς
3301 5506 3580 5559 συγκαταη-

2000 5586 2210 5650 ϐάσεως
2234 5585 2391 5640 τοῦτο
2419 5587 2620 5658 φρίκης
2647 5585 2834 5656 ἔγεμε,
2859 5586 2952 5637 καὶ
2982 5582 3181 5655 πολλῆς
3205 5582 3383 5637 ἐδέετο
3412 5598 3579 5636 κατα-

2066 5758 2089 5787 ⁸
2114 5756 2236 5819 Reg.
2261 5755 2479 5815 ἀλλήλοις
2499 5754 2774 5817 δείκνυνται,
2800 5754 2841 5805 εἶ
2863 5770 2931 5820 γε.
