4106 6512
490 409 561 465 37
1166 404 1230 460 S.
1281 402 1565 460 JOANNIS
1601 401 2094 459 CHRYSOSTOMI
2133 400 2457 458 ARCIIIEP.
2499 402 3051 460 CONSTANTINOP.

491 521 722 592 σκευῆς,
760 517 903 573 ὥστε
942 518 1367 589 παραδεχθοῖψαι.
1410 518 1694 587 Ἐννόησον
1737 518 1845 587 γάρ
1879 517 2062 588 ἡλίκον

491 601 560 676 ἦν
591 604 819 658 ἀκοῦσαι
863 602 956 656 καὶ
996 601 1205 671 μαθεῖν,
1247 602 1328 654 ὅτι
1372 603 1400 653 6
1447 600 1599 664 Θεὸς,
1649 602 1678 653 6
1707 601 1940 670 ἀρρητος
1959 612 2008 665 ι,
2042 602 2070 653 6

492 688 790 758 ἄφθαρτος,
820 687 848 739 6
874 685 1247 756 ἀπερινόητος,
1278 686 1306 737 6
1333 684 1582 753 ἀόρατος,
1611 686 1640 737 6
1667 684 2069 753 ἀκατάληπτος,

498 768 581 828 Οὗ
608 772 679 824 ἐν
710 768 784 837 τῇ
820 769 967 838 χειρί
995 767 1067 820 τὰ
1092 765 1316 832 πέρατα
1345 764 1457 834 τῆς
1487 766 1622 835 τῆς,
1661 766 1713 818 Ὀ
1736 765 2075 819 ἐπιϐλέπων

493 855 591 908 ἐπὶ
620 853 735 920 τὴν
758 851 895 921 γῆν,
928 852 1027 904 καὶ
1054 849 1242 903 ποιῶν
1270 848 1469 916 αὐτὴν
1494 848 1748 917 τρέμειν,
1775 852 1807 902 ό
1824 850 2075 917 ἀπτόμε-

494 954 603 1002 νος
632 934 752 988 τῶν
775 934 981 1001 ὀρέων,
1017 934 1116 986 καί
1146 931 1447 992 καπνίζων
1470 932 1642 995 αὐτὰ,
1677 924 1738 984 οὗ
1774 931 1870 1002 τὴν
1902 931 2075 1002 ῥοπὴν

494 1021 593 1090 τῆς
639 1018 1098 1086 συγκαταϐάσεως
1122 1017 1241 1069 οὐδὲ
1270 1017 1336 1069 τά
1365 1014 1644 1087 Χερουϐὶμ
1677 1016 1919 1083 ἐνεγκεῖν
1947 1014 2077 1084 ήδυ-

494 1101 763 1172 νήθησαν,
814 1100 951 1154 ἀλλά
992 1101 1089 1164 τὰς
1133 1100 1285 1170 ὄψεις
1333 1100 1683 1171 ἀπέκρυπτον
1734 1102 1802 1171 τῇ
1837 1098 2074 1171 προϐολῇ

496 1184 603 1238 τῶν
635 1183 918 1254 πτερύγων
939 1200 953 1214 ⁸
980 1179 1133 1247 οὗτος
1160 1187 1189 1238 ὁ
1228 1185 1405 1239 πάντα
1431 1185 1555 1239 νοῦν
1581 1185 1946 1257 ὑπερϐαίνων,
1984 1184 2079 1238 καὶ

499 1269 676 1322 πάντα
710 1267 966 1335 λογισμὸν
1004 1266 1167 1321 νικῶν
1190 1307 1205 1331 ,
1242 1269 1613 1341 παραδραμὼν
1643 1269 1908 1338 ἀγγέλους
1944 1269 2077 1338 ἀρχ-

498 1352 781 1420 αγγέλους,
811 1351 990 1415 πάσας
1020 1351 1118 1415 τὰς
1164 1351 1278 1405 ἀνω
1318 1352 1511 1424 νοερᾶις
1547 1352 1826 1423 δυνάμεις,
1869 1350 2082 1405 κατεδέ-

500 1435 627 1499 ξατο
650 1434 903 1502 γενέσθαι
927 1435 1234 1506 ἄνθρωπος,
1263 1436 1356 1489 καὶ
1389 1438 1567 1508 σάρκα
1595 1438 1693 1509 τὴν
1716 1437 1826 1491 ἀπὸ
1850 1436 1953 1505 γῆς
1987 1435 2080 1488 καὶ

502 1520 674 1591 πηλοῦ
710 1520 1039 1576 πλασθεῖσαν
1084 1520 1392 1585 ἀναλαϐεῖν,
1425 1522 1518 1575 καὶ
1559 1524 1639 1584 εἰς
1670 1522 1882 1592 μήτραν
1907 1518 2080 1571 ἐλθεῖν

502 1603 859 1675 παρθενικὴν,
908 1605 1003 1657 καὶ
1033 1607 1412 1675 ἐνναμηνιαῖον
1448 1604 1848 1675 κυοφορηθῆναι
1867 1604 2077 1675 χρόνον,

504 1688 600 1740 καὶ¹
643 1686 1240 1759 γαλακτοτροφηθῆναι,
1289 1688 1385 1742 καὶ
1416 1687 1484 1740 τά
1531 1687 1848 1757 ἀνθρώπινα
1904 1687 2083 1740 πάντα

506 1768 718 1823 παθεῖν.
759 1768 912 1822 Ἐπεὶ
936 1764 1029 1823 οὖν
1059 1770 1201 1823 οὕτω
1227 1769 1527 1841 παράδοξον
1549 1766 1617 1840 ἦν
1637 1770 1699 1823 τὸ
1734 1769 1927 1841 μέλλον
1965 1768 2085 1821 ἔσε-

509 1851 652 1915 σθαι,
696 1854 772 1914 ὡς
810 1853 903 1905 καὶ
939 1853 1228 1923 γενόμενον
1269 1851 1421 1923 παρά
1464 1852 1677 1916 πολλοῖς
1714 1850 2079 1911 ἀπιστεῖσθαι,

509 1933 724 2005 πρῶτον
762 1934 1043 2004 προφήτας
1078 1934 1415 2006 προπέμπει,
1449 1936 1607 1989 τοῦτο
1636 1935 1767 1988 αὐτὸ
1805 1932 2083 2004 ἀπαγγέλ-

508 2015 720 2078 λοντας.
772 2015 880 2067 Καὶ
905 2014 1013 2086 γάρ
1036 2016 1063 2069 6
1084 2031 1142 2070 τε
1180 2018 1519 2089 πατριάρχης
1557 2018 1687 2071 αὐτὸ
1714 2014 2084 2088 προανεφώνει

511 2097 706 2166 λέγων,
737 2099 830 2151 Ἐκ
854 2098 1153 2162 βλαστοῦ,
1187 2099 1278 2153 υίέ
1302 2119 1441 2169 μου,
1474 2102 1696 2169 ἀνέϐης
1716 2116 1729 2130 ⁶
1758 2097 2086 2154 ἀναπεσὼν

512 2178 833 2248 ἐκοιμήθης
876 2181 955 2246 ὡς
984 2180 1169 2235 λέων·
1194 2179 1295 2234 ὅτε
1346 2183 1571 2246 Ἡσαΐας
1617 2183 1809 2251 λέγων,
1854 2181 1998 2235 Ἰδοὺ
2046 2182 2085 2250 ἡ

514 2261 806 2332 παρθένος
845 2265 914 2318 ἐν
956 2265 1164 2334 γαστρὶ
1203 2264 1345 2329 ἕξει,
1386 2266 1485 2320 καί
1515 2267 1745 2331 τέξεται
1777 2267 1930 2330 υίὸν,
1989 2265 2086 2319 καὶ

516 2348 849 2403 καλέσουσι
882 2348 950 2402 τὸ
980 2350 1167 2418 ὄνομα
1197 2351 1383 2405 αὑτοῦ
1422 2350 1829 2422 Ἐμμανουήλ*
1861 2351 1955 2404 καὶ
1971 2351 2089 2404 ’ἐτε-

521 2448 611 2500 ρος
648 2431 772 2502 (sic)
797 2432 975 2493 πάλιν,
1002 2433 1259 2501 Είδομεν
1280 2434 1467 2488 αὐτόν
1501 2436 1583 2500 ὡς
1613 2426 1876 2498 παιδίον,
1911 2434 2090 2499 ὡςρί-

516 2511 620 2573 ζῖιν
642 2513 711 2566 ὲν
733 2513 807 2583 γῇ
840 2513 1096 2584 διψώσῃ.
1149 2516 1258 2585 Γῆν
1286 2517 1343 2569 δὲ
1371 2515 1610 2585 διψῶσαν
1635 2514 1735 2587 τὴν
1766 2516 1978 2586 μήτραν
2004 2513 2091 2566 λέ-

517 2612 602 2663 γει
639 2595 736 2666 τήν
764 2597 1117 2668 παρθενικὴν,
1157 2598 1244 2652 6:6
1268 2599 1330 2651 16
1362 2598 1436 2669 μὴ
1460 2597 1716 2665 δέξασθαι
1747 2598 1969 2669 σπέρμα
1999 2598 2092 2651 ἀν-

517 2676 754 2749 θρώπου,
793 2680 927 2750 μηδὲ
966 2680 1247 2744 συνουσίας
1274 2679 1575 2735 ἀπολαῦσαι
1599 2721 1616 2746 ,
1641 2679 1775 2735 ἀλλά
1800 2681 1969 2752 χωρίς
1991 2681 2093 2748 γά-

519 2779 634 2832 μων
654 2761 814 2816 αὐτὸν
828 2762 1022 2817 τεκεῖν.
1044 2761 1154 2816 Καὶ
1176 2761 1353 2827 πάλιν,
1377 2763 1620 2818 Παιδίον
1637 2764 1925 2835 ἐγεννήθη
1947 2764 2109 2834 ἡμῖν,

516 2840 647 2907 υίὸς
692 2842 791 2896 καί
826 2843 1003 2912 ἐδόθη
1048 2844 1229 2913 ἡμῖν·
1295 2846 1385 2899 καὶ
1432 2847 1620 2912 πάλιν,
1674 2845 2095 2910 Ἐξενίεύσεται

511 2924 732 2992 ῥάϐδος
767 2927 836 2979 ἐκ
876 2924 987 2993 τῆς
1016 2925 1183 2994 ῥίζης
1219 2927 1436 2981 Ἰεσσαὶ
1459 2966 1473 2990 ,
1516 2928 1616 2981 καί
1649 2927 1832 2993 ἄνθος
1877 2928 1945 2980 ἐκ
1984 2925 2095 2994 τῆς

511 3007 680 3075 ῥίζης
696 3008 1080 3077 ἀναϐήσεται.
1135 3010 1192 3062 ῗΟ
1221 3010 1279 3063 δὲ
1326 3010 1537 3081 Βαροὺχ
1563 3013 1591 3063 ό
1624 3012 1682 3065 έν
1722 3011 1959 3083 Ἱερεμίᾳ
1992 3028 2093 3081 φη-

522 3089 607 3143 σίν
627 3107 640 3119 ·
701 3087 889 3157 Οὗτος
921 3094 954 3145 ό
986 3090 1131 3156 Θεὸς
1166 3091 1362 3160 ἡμῶν·
1415 3095 1488 3146 οὐ
1514 3093 1945 3163 λογισθήσεται
1974 3092 2096 3146 ἓτε-

513 3189 625 3240 ρος
657 3172 807 3243 πρὸς
835 3175 1023 3232 αὐτόν
1044 3190 1057 3204 ’
1085 3174 1294 3243 ἐξεῦρε
1321 3175 1528 3229 πᾶσαν
1559 3175 1704 3231 ὀδόν
1735 3175 2093 3245 ἐπιστήμης,

524 3255 625 3309 καί
675 3255 900 3310 ἔδωκεν
934 3255 1128 3325 αὐτὴν
1176 3258 1375 3312 Ἰακὼϐ
1412 3257 1492 3324 τῷ
1532 3259 1707 3313 ¹παιδί
1750 3258 1972 3321 αὑτοῦ..
2001 3258 2099 3312 καί

537 3338 774 3407 Ἰσραὴλ
805 3337 1277 3411 τῷιὴγτιπημένῳ
1322 3341 1424 3397 ὑπ’
1454 3344 1659 3398 αὑτοῦ.
1705 3344 1867 3398 Μετὰ
1914 3342 2101 3397 ταῦτα

522 3420 621 3474 ἐπὶ
662 3419 772 3490 τῆς
818 3421 934 3491 τῆς
978 3421 1166 3493 ὤφθη,
1205 3423 1306 3478 καὶ
1351 3424 1474 3492 τοῖς
1509 3425 1842 3494 ἀνθρώποις
1882 3443 2102 3480 συναν-

523 3503 810 3573 εστράφη.
841 3508 952 3560 Καὶ
970 3509 999 3560 6
1014 3506 1174 3561 Δαυῒδ
1200 3508 1299 3579 τὴν
1323 3507 1585 3581 ἕνσαρκον
1604 3508 1769 3562 αὐτοῦ
1802 3509 2102 3580 παρουσίαν

524 3586 700 3657 δηλῶν
746 3587 930 3659 ἔλεγε’
983 3590 1395 3657 Καταϐήσεται
1436 3593 1517 3659 ὡς
1547 3593 1723 3660 ὑετὸς
1753 3591 1857 3646 ἐπὶ
1885 3593 2100 3658 πόκον,

528 3671 627 3725 καί
658 3673 800 3727 ὡσεί
845 3673 1086 3743 σταγὼν
1115 3675 1155 3743 η
1210 3674 1516 3737 στάζουσα
1543 3677 1641 3730 ἐπὶ
1679 3675 1796 3745 τὴν
1835 3674 1980 3746 γῆν,
2022 3678 2104 3730 ὅτι

527 3753 767 3825 ἀψοφητὶ
809 3759 902 3811 καὶ
941 3758 1231 3831 ἀταράχως
1274 3760 1355 3823 είς
1399 3760 1499 3832 τὴν
1536 3761 1751 3833 μήτραν
1791 3760 2105 3833 εἰσελήλυθε

528 3837 626 3909 τὴν
661 3841 1012 3915 παρθενικήν.
1910 3881 1927 3893 .

600 3935 660 3994 6'.
694 3938 832 3992 Ἀλλ’
865 3940 964 3994 οὐκ
994 3941 1194 4013 ἤρκεσε
1222 3942 1392 3996 ταῦτα
1424 3943 1604 4013 μόνον,
1647 3941 1784 3996 ἀλλά
1810 3942 1903 3995 καὶ
1930 3959 2108 4014 παρα-

530 4023 838 4094 γενόμενος,
881 4026 966 4079 ἵνα
996 4027 1069 4098 μὴ
1100 4025 1326 4097 νομισθῇ
1375 4026 1644 4095 φαντασία
1678 4025 1739 4078 1'6
1780 4026 2068 4096 γενόμενον
2088 4063 2104 4088 ,

532 4105 594 4158 οὐ
640 4110 704 4178 τῇ
749 4107 866 4176 ὄψει
909 4107 1065 4178 μόνον
1114 4109 1396 4162 πιστοῦται
1441 4108 1502 4161 τὸ
1543 4111 1792 4180 πρᾶγμα,
1836 4109 1972 4164 ἀλλά
2014 4109 2109 4164 καὶ

533 4187 712 4258 χρόνῳ
755 4187 973 4257 πολλῷ,
999 4189 1095 4242 καὶ
1138 4189 1216 4258 τῷ
1261 4190 1349 4243 διά
1388 4189 1604 4244 πάντων
1650 4191 1823 4245 ἔλθεῖν
1866 4190 1972 4245 τῶν
2017 4192 2111 4244 ἀνα

535 4268 845 4339 θρωπίνων.
876 4271 949 4323 Οὐ
976 4270 1085 4341 γάρ
1125 4271 1311 4335 ἁπλῶς
1351 4274 1431 4337 είς
1478 4272 1764 4344 ἄνθρωπον
1803 4273 2111 4344 εἰσέρχεται

488 4354 491 4355 ⁷
535 4351 944 4423 ἀπηρτισμένον
976 4354 1071 4407 καὶ
1120 4353 1563 4426 πεπληρωμένον,
1599 4355 1714 4408 ἀλλ’
1770 4358 1850 4419 εἰς
1895 4357 2112 4427 μήτραν

537 4433 891 4506 παρθενικὴν,
918 4436 1058 4491 ὥστε
1090 4437 1186 4491 καὶ
1217 4439 1606 4508 κυοφορήσεως
1644 4439 1738 4493 καὶ
1766 4439 1939 4492 τόκων
1983 4440 2115 4493 ἀνα-

540 4517 794 4589 σχέσθαι,
830 4520 925 4574 καὶ
972 4520 1460 4592 γαλακτοτροφίας,
1503 4523 1599 4575 καὶ
1649 4516 1968 4593 αὐξήσεως,
2019 4522 2115 4576 καὶ

535 4598 617 4668 τῷ
658 4602 822 4670 μήκει
847 4602 940 4657 τοῦ
983 4604 1176 4675 χρόνου
1216 4606 1313 4659 καὶ
1352 4609 1417 4678 τῇ
1463 4606 1696 4676 διαφορᾷ
1735 4605 1845 4658 τῶν
1884 4604 2115 4676 ἡλικιῶν

539 4682 766 4737 ἀπασῶν
790 4685 1162 4741 πιστώσασθαι
1190 4689 1252 4741 τὸ
1269 4689 1579 4760 γενόμενον.
1600 4691 1708 4743 Καὶ
1727 4688 1851 4742 οὐδὲ
1883 4687 2116 4742 ἐνταῦθα

539 4767 751 4822 ἵσταται
798 4769 866 4823 τὰ
903 4771 1002 4843 τῆς
1033 4772 1356 4840 ἀποδείξεως
1417 4775 1609 4844 μόνον,
1662 4774 1798 4828 ἀλλά
1847 4774 1943 4828 καὶ
1995 4771 2115 4844 [22]

541 4850 849 4921 περιφέρων
874 4852 972 4924 τὴν
999 4853 1206 4926 σάρκα,
1240 4856 1463 4926 ἀφίησιν
1494 4856 1662 4926 αὐτὴν
1688 4856 1754 4909 τά
1772 4856 1872 4926 τῆς
1903 4855 2116 4923 φύσεως

542 4929 897 5002 ἐλαττώματα
923 4936 1232 5007 ὑπομεῖναι,
1254 4937 1348 4990 καὶ
1374 4939 1629 5008 πεινῆσαι
1658 4940 1750 4991 καὶ
1769 4937 1991 5009 διψῆσαι
2022 4939 2116 4993 καὶ

542 5014 875 5086 καθευδῆσαι
908 5020 1001 5071 καὶ
1040 5023 1301 5073 κοπιάσαι
1324 5037 1338 5051 ·
1360 5020 1510 5085 τέλος
1534 5021 1627 5074 καὶ
1652 5021 1745 5075 ἐπὶ
1768 5020 1858 5074 τὸν
1889 5022 2117 5093 σταυρὸν

544 5099 858 5170 ἐρχόμενος,
892 5102 1115 5170 ἀφίησιν
1147 5102 1316 5174 αὐτὴν
1342 5104 1409 5158 τά
1428 5103 1529 5173 τῆς
1550 5103 1750 5175 σαρκὸς
1779 5104 1986 5159 παθεῖν.
2020 5104 2120 5158 Διά

545 5181 654 5253 γάρ
678 5181 837 5235 τοῦτο
874 5184 969 5236 καὶ
1005 5185 1223 5252 κρουνοὶ
1269 5186 1629 5257 κατεφέροντο
1657 5186 1894 5258 ἱδρώτων
1923 5187 1983 5252 ἐξ
2020 5189 2119 5241 a6-

544 5266 666 5336 τῖς.
695 5266 791 5320 καὶ
844 5267 1075 5334 ἄγγελος
1110 5268 1400 5339 ηὑρίσκετο
1432 5269 1600 5340 αὐτὴν
1651 5269 1958 5340 διακρατῶν
1982 5312 1996 5336 ,
2026 5270 2121 5324 καὶ

544 5350 791 5409 λυπεῖται
820 5350 914 5402 καὶ
940 5349 1198 5419 ἀδημονεί
1218 5367 1232 5382 ο
1262 5351 1356 5403 καὶ
1383 5352 1491 5420 γὰρ
1516 5352 1644 5422 πρὶν
1666 5352 1698 5420 ἦ
1720 5352 1891 5406 ταῦτα
1922 5355 2118 5416 εἰπεῖν,

548 5433 711 5503 φησίν
734 5450 749 5465 ο
789 5433 863 5488 Ἠ
904 5433 1074 5503 ψυχή
1098 5450 1217 5502 μου
1255 5432 1624 5502 τετάρακται,
1658 5436 1758 5488 καὶ
1790 5436 2123 5502 περίλυπός

547 5513 719 5568 ἐστιν
744 5515 853 5581 ἕως
893 5516 1171 5571 θανάτου.
1205 5517 1267 5570 Εἰ
1299 5511 1392 5570 οὖν
1436 5516 1641 5571 τούτων
1678 5518 1930 5572 ἁπάντων
1971 5535 2124 5587 γενο-

553 5595 727 5664 μένων
757 5597 816 5650 τὸ
838 5598 1070 5668 πονηρὸν
1096 5599 1190 5653 τοῦ
1221 5599 1462 5654 διαϐόλου
1484 5600 1658 5670 στόμα
1687 5601 1774 5654 διὰ
1800 5602 2122 5671 Μαρκίωνος

551 5678 645 5731 τοῦ
700 5680 959 5733 Ποντικοῦ
1007 5685 1100 5736 καὶ
1140 5685 1516 5750 Οὐαλεντίνου,
1562 5689 1656 5740 καὶ
1689 5689 1991 5757 Μανιχαέου
2028 5687 2121 5742 τοῦ

616 5783 645 5816 ⁸
682 5786 800 5845 Reg.
836 5789 863 5836 6
884 5788 1098 5851 ἀόρατος,
1127 5797 1178 5841 εἰ
1210 5792 1331 5844 infra
1349 5795 1546 5857 ἀόρατος
1569 5797 1725 5847 deest.
1814 5867 1817 5870 γ

3680 401 3767 458 53

2178 520 2410 590 Πέρσου,
2446 520 2540 573 καὶ
2570 518 2773 589 ἑτέρων
2814 518 3074 573 πλειόνων
3106 516 3370 587 αἱρέσεων
3397 516 3770 591 ἐπεχείρησεν

2173 617 2470 686 ἀνατρέψαι
2505 616 2596 669 τὸν
2625 616 2753 683 περὶ
2781 615 2883 686 τῆς
2921 611 3232 684 οἰκονομίας
3252 614 3433 683 λόγον,
3456 615 3552 668 καὶ
3583 615 3769 685 ήχησε

2178 709 2474 777 σατανικήν
2508 724 2630 761 τινα
2655 706 2795 777 ⁹ήχὴν
2822 706 3019 775 λέγων,
3049 706 3132 759 ὅτι
3152 704 3273 759 οὐδὲ
3305 703 3770 776 ἔσαρκώθη,οῠδὲ

2178 801 2353 870 σάρκα
2383 798 2756 870 περιεϐάλετο,
2792 797 2927 851 ἀλλά
2957 796 3176 868 δόκησις
3206 796 3366 851 τοῦτο
3397 791 3466 868 ἦν
3496 797 3593 849 καὶ
3619 812 3770 864 φαν-

2177 890 2355 951 τασία,
2385 890 2479 943 καὶ
2518 887 2694 960 σκηνὴ
2736 887 2833 941 καὶ
2876 887 3186 958 ὑπόκρισις,
3217 886 3394 941 καίτοι
3424 885 3536 940 τῶν
3566 885 3769 941 παθῶν

2181 979 2447 1050 βοώντων,
2481 978 2574 1033 τοῦ
2611 979 2845 1032 θανάτου
2867 1020 2883 1045 ,
2913 976 3009 1031 τοῦ
3041 978 3217 1046 τάφου
3242 1019 3258 1042 ,
3291 977 3391 1047 τῆς
3431 976 3629 1047 πείνης
3660 992 3675 1007 ⁸
3709 975 3770 1029 εἰ.

2183 1071 2345 1140 μηδὲν
2377 1069 2582 1123 τούτων
2608 1069 2853 1137 ἐγεγόνει
2872 1108 2887 1130 ,
2920 1067 3037 1133 πῶς
3079 1069 3139 1121 οὐ
3175 1066 3354 1136 πολλῷ
3390 1066 3553 1120 πλέον
3579 1067 3607 1118 6
3639 1065 3769 1119 διά-

2180 1158 2331 1222 ϐολος
2354 1158 2421 1212 τὰ
2440 1158 2649 1229 πονηρὰ
2676 1156 2850 1212 ταῦτα
2870 1157 3158 1228 ἁνέσπειρε
3178 1157 3277 1227 τῆς
3292 1154 3545 1219 ἀσεϐείας
3560 1156 3771 1225 δόγμα-

2178 1265 2274 1312 τα;
2305 1245 2404 1298 Διά
2434 1264 2515 1299 τοι
2540 1246 2718 1309 τοῦτο,
2752 1243 2942 1316 ὥσπερ
2975 1246 3281 1314 ὲπείνησεν.
3306 1244 3497 1317 ὥσπερ
3529 1243 3771 1297 ἐκαθεύ-

2179 1336 2363 1407 δησεν,
2394 1334 2580 1406 ὥσπερ
2596 1335 2907 1399 ἐκοπίασεν,
2924 1334 3113 1406 ὥσπερ
3130 1335 3352 1405 ἔφαγεν,
3374 1336 3565 1407 ὥσπερ
3583 1334 3767 1399 ἔπιεν,

2180 1427 2323 1481 οὓτω
2358 1428 2451 1481 καὶ
2499 1428 2727 1481 θάνατον
2762 1429 3129 1498 παραιτεῖται,
3172 1428 3233 1480 τὸ
3282 1426 3622 1497 ἀνθρώπινον
3675 1429 3771 1481 ἔν-

2180 1518 2547 1589 δεικνύμενος,
2584 1519 2678 1571 καὶ
2709 1518 2808 1589 τὴν
2834 1518 3121 1571 ἀσθένειαν
3149 1519 3248 1586 τῆς
3279 1517 3493 1586 φύσεως
3528 1517 3628 1587 τὴν
3658 1517 3767 1570 οὑκ

2182 1612 2343 1680 ἀνεχο
2350 1609 2518 1680 μένην
2532 1609 2759 1672 ἀπαθῶς
2777 1611 3156 1681 ἀπορραγῆναι
3177 1612 3274 1679 τῆς
3295 1608 3576 1681 παρούσης
3591 1606 3765 1678 ζωῆς.

2183 1701 2247 1753 Εἰ
2278 1700 2385 1771 γάρ
2414 1699 2576 1769 μηδὲν
2604 1699 2808 1753 τούτων
2835 1700 3066 1771 εἰρήκει.
3089 1695 3235 1769 εἶχεν
3275 1699 3340 1752 ἂν
3372 1701 3565 1764 εἰπεῖν,
3598 1700 3681 1752 ὅτι
3712 1699 3771 1751 εί

2183 1791 2466 1862 ἄνθρωπος
2503 1786 2604 1861 ἦν,
2635 1789 2741 1843 ἔδει
2786 1790 2946 1844 αὑτὸν
2980 1790 3174 1843 παθεῖν
3208 1790 3275 1843 τά
3312 1789 3407 1843 τοῦ
3447 1788 3766 1861 ἀνθρώπου.

2184 1881 2319 1934 Τίνα
2354 1881 2411 1934 δέ
2445 1883 2559 1935 ἐστι
2598 1880 2802 1948 ταῦτα;
2830 1882 2904 1935 Τὸ
2937 1882 3200 1951 μέλλοντα
3243 1881 3630 1953 σταυροῦσθαι,
3668 1881 3770 1935 καὶ

2184 1972 2385 2045 δειλιᾷν
2429 1974 2522 2026 καὶ
2559 1974 2829 2044 ἀγωνιᾷν,
2873 1974 2967 2026 καὶ
3012 1973 3086 2044 μὴ
3139 1972 3367 2035 ἀπαθῶς
3411 1973 3770 2043 ἀπορρήγνυ-

2187 2063 2311 2117 σθαι
2335 2064 2437 2133 τῆς
2466 2064 2746 2135 παρούσης
2782 2063 2924 2135 ζωῆς
2945 2080 2959 2093 ·
2994 2067 3060 2136 τῇ
3091 2064 3250 2133 φύσει
3276 2063 3386 2134 γὰρ
3430 2063 3671 2131 ἔγκειται
3703 2063 3770 2117 16

2186 2155 2407 2226 φίλτρον
2433 2156 2496 2210 16
2537 2158 2663 2226 περὶ
2695 2156 2763 2211 τὰ
2817 2158 3095 2228 παρόντα·
3128 2157 3218 2210 διά
3261 2174 3345 2209 τοι
3391 2156 3549 2209 τοῦτο
3595 2156 3771 2222 δεῖξαι

2189 2248 2507 2320 βουλόμενος
2547 2248 2722 2320 ἀληθῆ
2759 2249 2859 2319 τῆς
2884 2248 3081 2321 σαρκὸς
3100 2248 3199 2320 τήν
3216 2249 3527 2320 περιϐολὴν,
3547 2249 3638 2301 καὶ
3668 2248 3775 2319 τὴν

2186 2341 2494 2410 οἰκονομίαν
2527 2338 2935 2403 πιστώσασθαι,
2969 2338 3107 2409 μετά
3160 2338 3364 2408 πολλῆς
3391 2338 3490 2407 τῆς
3544 2338 3773 2392 ἀποδεί-

2190 2431 2324 2497 ξεως
2361 2432 2429 2484 τά
2456 2430 2602 2499 πάθη
2631 2429 2815 2501 γυμνά
2854 2428 3193 2499 προτίθησιν.
3232 2424 3327 2491 Εἷς
3367 2429 3465 2498 μὲν
3490 2427 3583 2484 οὖν
3606 2429 3774 2499 λόγος

2188 2516 2373 2587 οὗτος·
2404 2522 2520 2574 ἔστι
2553 2520 2609 2573 δὲ
2649 2522 2742 2573 καὶ
2785 2520 2970 2590 ἔτερος
3002 2520 3192 2573 τούτου
3239 2520 3340 2572 οὐκ
3376 2519 3629 2573 ἐλάττων.
3671 2520 3774 2584 Τίς

2188 2612 2247 2667 δὲ
2292 2603 2487 2676 0610;;
2523 2610 2971 2681 Παραγενόμενος
2995 2611 3023 2663 6
3053 2610 3307 2681 Χριστὸς,
3345 2613 3524 2665 πᾶσαν
3564 2612 3770 2682 ἀρετὴν

2191 2701 2480 2757 παιδεῦσαι
2506 2702 2635 2764 τοὺς
2687 2700 3007 2773 ἀνθρώπους
3030 2700 3303 2755 ἐϐούλετο·
3330 2704 3360 2755 6
3404 2703 3461 2756 δὲ
3496 2702 3772 2756 παιδεύων

2191 2793 2252 2845 οὐ
2289 2791 2434 2861 λόγῳ
2488 2790 2647 2861 μόνον
2677 2790 2938 2857 διδάσκει,
2964 2789 3100 2844 ἀλλά
3148 2792 3243 2844 καὶ
3287 2790 3464 2863 ἔργῳο
3497 2791 3633 2863 αὕτη
3660 2792 3777 2864 γὰρ

2194 2884 2228 2953 ή
2261 2880 2459 2953 ἀρίστη
2490 2880 2809 2934 διδασκαλία
2837 2881 2953 2933 ἔοτὶ
2969 2879 3063 2933 τοῦ
3094 2879 3455 2944 διδάσκοντος.
3503 2882 3655 2934 Ἐπεὶ
3676 2883 3776 2936 καὶ

2196 2972 2532 3044 κυϐερνήτης
2572 2970 2964 3043 παρακαθίζων
2991 2971 3081 3025 τὸν
3108 2971 3374 3045 μαθητὴν.
3402 2972 3638 3027 δείκνυσι
3670 2975 3775 3044 μὲν

2198 3066 2346 3137 αὑτῴ
2378 3066 2497 3129 πῶς
2526 3065 2746 3136 κατέχει
2786 3066 2913 3128 τοὺς
2956 3064 3168 3127 οἴακας,
3218 3064 3541 3136 προστίθησι
3569 3066 3627 3119 δὲ
3676 3067 3777 3121 καὶ

2196 3156 2356 3227 λόγον
2386 3156 2464 3228 τῷ
2494 3156 2661 3228 ἔργῳ,
2681 3159 2775 3211 καὶ
2798 3155 2922 3209 οὕτε
2947 3156 3093 3225 λέγει
3119 3156 3299 3226 μόνον,
3329 3155 3452 3210 οὔτε
3481 3157 3775 3229 ἐργάζεται

2201 3249 2392 3321 μόνον’
2421 3249 2619 3321 ὁμοίως
2659 3251 2753 3303 καὶ
2786 3248 3065 3319 οἰκοδόμος
3116 3249 3477 3319 παραστήσας
3520 3249 3613 3302 τὸν
3650 3245 3776 3313 μέλ.

2198 3344 2358 3397 λοντα
2387 3343 2518 3413 παρ’
2557 3340 2721 3396 αύτοῦ
2758 3340 3051 3412 μανθάνειν
3094 3340 3210 3404 πῶς
3246 3343 3424 3410 τοῖχος
3468 3339 3778 3408 ὑφαίνεται.

2199 3435 2437 3488 δείκνυσι
2479 3434 2578 3505 μὲν
2610 3433 2760 3505 αὑτῷ
2796 3432 2886 3488 διὰ
2913 3431 3007 3486 τοῦ
3052 3433 3238 3504 ἔργου,
3269 3432 3508 3485 δείκνυσι
3541 3431 3596 3484 δὲ
3629 3431 3779 3502 αὐτῷ

2203 3528 2297 3580 καὶ
2332 3527 2420 3581 διά
2450 3525 2545 3580 τοῦ
2587 3525 2780 3593 λόγουσ
2813 3523 3072 3587 ὡσαύτως
3111 3523 3204 3577 καὶ
3239 3523 3501 3593 ὑφάντης,
3531 3523 3623 3576 καὶ
3658 3540 3776 3576 ποι·

2203 3620 2411 3690 κιλτὴς,
2442 3618 2537 3671 καὶ
2575 3616 2889 3688 χρυσοχόος,
2935 3616 3029 3668 καὶ
3081 3613 3450 3686 χαλκοτύπος,
3485 3615 3578 3668 καὶ
3629 3615 3782 3668 πᾶσα

2202 3709 2364 3779 τέχνη
2406 3707 2493 3761 διά
2527 3706 2703 3774 λόγων
2740 3721 2800 3757 τε
2831 3706 2926 3758 καὶ
2964 3703 3140 3777 ἔργων
3173 3704 3287 3775 ἔχει
3316 3703 3407 3756 τὸν
3438 3703 3781 3758 διδάσκοντα.

2217 3800 2370 3857 Ἐπεὶ
2395 3796 2488 3854 οὖν
2519 3800 2614 3854 καὶ
2644 3798 2804 3862 αὐτὸς
2824 3797 3154 3867 παρεγένετο
3184 3796 3472 3850 παιδεῦσαι
3498 3796 3646 3867 ἡμᾶς
3679 3797 3786 3852 11d-

2208 3910 2306 3946 σαν
2324 3892 2543 3965 ἀρετὴν,
2559 3890 2647 3946 διὰ
2668 3888 2824 3943 τοῦτο
2845 3889 2938 3942 καὶ
2961 3886 3108 3956 λέγει
3127 3886 3196 3941 τά
3214 3886 3482 3957 πρακτέα,
3500 3887 3594 3941 καὶ
3617 3889 3784 3941 ποιεῖ.

2219 3986 2280 4039 '0
2304 3986 2412 4057 γὰρ
2445 3983 2726 4051 ποιήσας,
2753 3981 2915 4052 φησὶ,
2946 3980 3042 4034 καί
3077 3978 3326 4044 διδάξας
3345 4017 3359 4043 ,
3392 3975 3573 4044 οὗτος
3594 3979 3789 4048 μέγας

2208 4076 2576 4145 κληθήσεται
2595 4074 2666 4128 ἐν
2693 4072 2768 4141 τῇ
2808 4071 3096 4139 βασιλείᾳ
3126 4067 3246 4124 τῶν
3269 4068 3561 4138 οὐρανῶν.
3587 4070 3789 4123 Σκόπει

2209 4170 2301 4225 δέ·
2360 4167 2642 4221 ἐκέλευσεν
2684 4161 2824 4217 εἶναι
2848 4162 3277 4232 ταπεινόφρονας
3321 4160 3415 4214 καὶ
3446 4164 3659 4230 πραεῖς,
3694 4162 3793 4215 καὶ

2210 4260 2414 4324 ἐδίδαξε
2441 4258 2530 4312 διὰ
2572 4255 2679 4309 τῶν
2721 4253 3000 4327 ῥημάτων.
3036 4253 3181 4322 Ὅρα
3225 4251 3345 4315 πῶς
3381 4251 3521 4305 αύτά
3545 4252 3791 4309 παιδεύει

2212 4353 2305 4407 καὶ
2328 4350 2416 4403 διὰ
2448 4347 2554 4403 τῶν
2608 4346 2965 4418 πραγμάτων.
2998 4342 3183 4396 Εἰπὼν
3234 4340 3365 4414 γὰρ,
3417 4342 3707 4410 Μακάριοι
3736 4347 3796 4398 οι

2212 4440 2433 4511 πτωχοί
2462 4438 2541 4505 τῷ
2563 4437 2874 4506 πνεύματι,
2904 4436 3183 4505 μακάριοι
3209 4437 3263 4487 οἰ
3292 4434 3529 4503 πραεῖς,
3552 4435 3798 4490 δείκνυσι

2215 4535 2331 4599 πῶς
2378 4531 2517 4587 αὐτά
2573 4531 2655 4584 δεῖ
2705 4527 3025 4598 κατορθοῦν.
3060 4527 3185 4591 Πῶς
3240 4523 3331 4582 οὖν
3382 4527 3587 4593 ἐδίδαξε
3620 4546 3637 4596 ;

2214 4625 2408 4682 Λαϐὼν
2457 4624 2662 4678 λέντιον
2693 4619 2945 4685 διέζωσεν
2989 4619 3185 4675 ἑαυτὸν
3204 4660 3218 4684 ,
3244 4621 3338 4674 καὶ
3367 4619 3519 4690 ἔνιψε
3548 4620 3658 4674 τῶν
3699 4638 3792 4692 μα·

2217 4717 2393 4790 θητῶν
2419 4717 2545 4780 τοὺς
2574 4715 2760 4777 πόδας.
2784 4713 2848 4766 Τί
2888 4712 3092 4781 ταύτης
3133 4711 3249 4764 ἴσον
3292 4711 3391 4781 τῆς
3431 4727 3796 4783 ταπεινοφρο-

2220 4812 2423 4883 σύνης;
2456 4809 2569 4864 Οὐκ
2600 4808 2682 4861 ἔτι
2729 4806 2838 4877 γὰρ
2883 4804 2974 4860 διά
3015 4805 3125 4858 τῶν
3167 4805 3341 4873 λόγων
3385 4804 3542 4874 μόνον
3592 4803 3799 4874 ταύτην

2221 4902 2484 4965 παιδεύει,
2514 4899 2651 4955 ἀλλά
2674 4899 2771 4952 καὶ
2808 4897 2897 4950 διά
2928 4895 3039 4950 τῶν
3072 4895 3270 4968 ἔργων.
3300 4895 3471 4949 Πάλιν
3498 4894 3595 4965 τὴν
3624 4895 3800 4966 πραόρ

2219 5013 2356 5066 τητα
2389 4994 2484 5051 xal
2522 4992 2621 5064 τὴν
2645 4988 2996 5055 ἀνεξικακίαν
3037 4987 3279 5041 διδάσκει
3321 4987 3410 5040 διὰ
3452 4985 3562 5040 τῶν
3599 4986 3799 5056 ἔργων.

2220 5085 2377 5150 Πῶς;
2417 5080 2752 5157 Ἑρραπίσθη
2790 5078 2944 5149 παρά
2982 5078 3079 5132 τοῦ
3110 5077 3296 5130 δούλου
3343 5075 3439 5129 τοῦ
3477 5075 3803 5147 ἀρχιερέως,

2221 5177 2314 5233 καί
2343 5191 2538 5247 φησιν*
2567 5176 2637 5229 Εἰ
2679 5172 2795 5243 μὲν
2837 5169 3036 5237 κακῶς
3072 5169 3373 5236 ἐλάλησα,
3411 5168 3808 5237 μαρτύρησον

2223 5268 2356 5337 περὶ
2388 5267 2493 5321 τοῦ
2521 5264 2740 5319 κακοῦ*
2776 5264 2830 5316 εἰ
2854 5260 2923 5314 δὲ
2943 5259 3161 5325 καλῶς,
3191 5259 3249 5312 τί
3281 5276 3360 5327 με
3396 5257 3618 5324 δέρεις;
3651 5255 3806 5311 Ἐκέο

2225 5353 2411 5405 λευσεν
2440 5346 2695 5419 εὔχεσθαι
2724 5346 2865 5417 ὑπὲρ
2892 5344 3003 5399 τῶν
3035 5341 3245 5415 ἐχθρῶν
3265 5359 3280 5374 ο
3317 5339 3481 5396 πάλιν
3517 5340 3612 5393 καὶ
3647 5338 3801 5393 τοῦτο

2222 5441 2310 5495 6:6
2352 5440 2459 5493 τῶν
2498 5438 2675 5511 ἔργων
2709 5433 2981 5489 παιδεύει’
3012 5432 3221 5495 ἀναϐἀς
3247 5429 3355 5501 γὰρ
3390 5432 3449 5483 ὲν
3474 5429 3553 5500 τῷ
3588 5428 3808 5500 σταυρῷ

2224 5523 2391 5592 λέγει·
2420 5521 2631 5589 Πάτερ,
2663 5520 2813 5588 ἄφες
2844 5516 3049 5581 αὐτοῖς
3079 5531 3092 5544 ·
3123 5517 3195 5569 οὐ
3232 5513 3341 5584 γὰρ
3364 5512 3565 5567 οἴδασι
3588 5512 3646 5564 τί
3673 5528 3806 5565 ποι-

2226 5608 2386 5661 οῦσι.
2433 5608 2641 5676 Ὥσπερ
2677 5598 2770 5657 οὖν
2805 5600 3091 5654 ἐκέλευσεν
3125 5597 3401 5667 εὔχεσθαι,
3423 5595 3563 5648 οὕτω
3599 5595 3692 5648 καὶ
3711 5595 3811 5647 αὐ-

2227 5693 2313 5757 τὸς
2351 5689 2596 5762 εὔχεται,
2631 5687 2688 5741 σὲ
2738 5683 3004 5739 παιδεύων
3050 5679 3305 5749 εὔχεσθαι
3357 5680 3457 5735 οὐκ
3495 5678 3654 5740 αὐτὸς
3693 5678 3811 5732 ἀτο-
