4106 6424
270 364 343 420 ετ
969 348 1035 405 IN
1076 344 1302 409 ILLUD,
1345 340 1597 408 mres,
1639 338 1698 393 Si
1736 332 2085 392 POSSIBILE
2128 332 2281 401 usr,
2325 330 2718 393 'rnsxsmr,
2766 330 2919 385 me.
3094 334 3099 338 δ
3504 333 3572 390 ss

264 474 594 546 indigebant.
642 467 828 539 Cogita
857 477 1087 532 namque
1110 459 1267 531 quale
1316 455 1442 511 illud
1494 452 1650 508 fuerit
1686 449 1871 505 audire

266 582 334 622 ac
374 542 584 622 discere
633 562 800 616 Deum
850 554 1176 611 incll‘abilem
1197 593 1211 619 ,
1244 545 1709 617 incorruptibilem
1730 585 1745 607 ,
1778 542 1871 612 qui

264 672 443 727 neque
512 652 711 724 percipi
784 655 967 703 mente
1011 650 1243 715 potest,
1297 654 1397 694 nec
1438 635 1607 691 oculis
1680 633 1868 697 cerni,

266 763 368 803 nec
406 747 516 801 ullo
552 743 713 798 modo
763 733 1144 808 comprehendi
1178 772 1195 798 ,
1240 729 1399 799 Cujus
1449 728 1501 780 in
1544 740 1698 778 manu
1753 730 1870 776 sunt

265 843 397 911 ﬁnes
452 848 598 893 terra
665 833 857 907 (Psal.
915 831 1004 887 94.
1057 827 1175 898 4),
1228 825 1325 891 Qui
1372 822 1575 893 respicit
1630 831 1867 880 terram,

265 910 314 987 et
379 947 491 986 eam
534 927 812 996 tremefecit
847 965 861 990 ,
919 923 1004 993 qui
1044 919 1204 991 tangit
1248 925 1442 970 montes
1473 954 1490 980 ,
1519 921 1565 968 ct
1612 910 1867 983 funiigant

270 1022 459 1094 (Psal.
501 1021 624 1075 l0'5.
673 1018 744 1074 '52
760 1015 804 1090 ),
852 1013 1005 1083 cujus
1045 1005 1507 1079 attemperationis
1535 1009 1867 1057 momentum

269 1090 373 1171 nec
392 1115 507 1185 ipsa
527 1109 815 1168 Gherubim
845 1106 986 1162 ferre
1016 1107 1322 1173 potuerunt,
1361 1095 1456 1153 sed
1486 1092 1740 1165 oppansis
1767 1090 1868 1144 alis

242 1211 434 1297 ,facies
450 1206 785 1264 occultarum
807 1218 823 1269 ;
853 1199 995 1255 hunc
1020 1197 1111 1268 qui
1139 1204 1378 1250 mentem
1398 1202 1614 1244 omnem
1641 1198 1870 1253 exsupe-

268 1311 387 1369 rat,
441 1309 766 1367 omnemque
810 1291 976 1346 vincit
1021 1287 1430 1359 cogitationem,
1492 1274 1870 1350 przetermissis

267 1391 478 1464 angelis
496 1430 513 1458 ,
546 1365 1264 1457 archangelisomnibusque
1288 1371 1593 1429 caelestibus
1615 1383 1681 1423 ac
1706 1365 1869 1436 spiri-

274 1462 508 1539 tualibus
533 1480 640 1535 illis
670 1475 974 1540 virtutibus,
998 1470 1267 1525 hominem
1294 1465 1407 1520 fieri
1431 1462 1704 1529 dignatum
1725 1471 1866 1523 exse,

267 1586 596 1642 carnemque
634 1569 703 1624 de
734 1577 873 1623 terra
908 1572 963 1619 et
1002 1562 1113 1617 luto
1158 1557 1442 1614 formatam
1472 1548 1826 1620 assumpsisse
1849 1587 1866 1609 ,

272 1676 434 1738 atque
460 1665 514 1719 in
538 1662 836 1733 virgineum
868 1654 1080 1712 venisse
1109 1661 1317 1707 uterum
1341 1690 1355 1712 ,
1396 1655 1451 1701 et
1490 1657 1680 1699 novem
1710 1655 1868 1695 men-

271 1731 409 1812 sium
436 1753 610 1824 spatio
629 1731 688 1805 in
716 1758 905 1804 ventre
927 1745 1088 1800 fuisse
1111 1748 1398 1812 gestatum,
1417 1736 1554 1790 lacte
1584 1731 1865 1793 nutritum,

271 1857 328 1906 et
350 1849 583 1903 humana
605 1850 796 1898 cuncta
825 1840 1101 1895 tolerasse.
1130 1831 1390 1902 Quoniam
1422 1829 1583 1898 igitur
1612 1823 1747 1878 adeo
1770 1819 1869 1875 fuit

272 1940 521 1998 mirabile
546 1936 691 2008 quod
725 1934 959 1989 futurum
1000 1936 1147 1994 erat,
1197 1935 1254 1980 ut
1303 1924 1464 1980 etiam
1493 1920 1619 1975 dum
1662 1917 1813 1971 licret
1838 1927 1867 1967 a

273 2036 457 2091 multis
482 2032 705 2088 minime
732 2027 1065 2089 crederetur,
1088 2021 1321 2093 primum
1339 2014 1554 2087 quidem
1584 2008 1870 2080 prophetas

273 2128 341 2185 ad
393 2129 499 2182 hoc
543 2125 717 2195 ipsum
762 2104 1193 2175 annuntiandun'i'
1227 2106 1521 2180 praemisit,
1570 2110 1730 2171 atque
1767 2098 1871 2152 hoc

273 2218 447 2291 ipsum
496 2186 800 2287 palriarcha
840 2206 1163 2280 prwdiccbat
1200 2202 1284 2256 his
1327 2196 1505 2253 verbis
1554 2201 1710 2248 utens
1743 2207 1757 2243 :
1792 2186 1872 2243 De

274 2311 499 2383 germine
539 2302 843 2366 ascendisti,
897 2297 976 2368 ﬁli
1020 2296 1121 2359 mi;
1151 2291 1395 2347 recubans
1421 2282 1656 2341 dorinisti
1700 2290 1754 2335 ut
1792 2278 1870 2333 leo

274 2370 435 2472 (Gen.
463 2397 555 2454 49.
582 2396 663 2465 9).
692 2392 912 2449 Hesaias
942 2397 1120 2442 autem
1149 2402 1162 2438 :
1194 2382 1328 2437 Ecce
1352 2380 1495 2450 virgo
1534 2376 1586 2429 in
1610 2381 1750 2427 utero
1780 2370 1874 2423 lia-

275 2458 426 2554 iebit,
450 2498 499 2543 et
516 2488 676 2556 pariet
695 2484 882 2551 filium,
902 2489 946 2533 et
971 2475 1215 2532 vocabunt
1233 2487 1415 2527 nomen
1437 2469 1546 2540 ejus
1567 2458 1872 2518 Emmanuel

275 2579 483 2653 (flesai.
509 2578 564 2632 7.
596 2576 708 2646 14).
736 2574 801 2628 Et
820 2570 943 2625 alibi
962 2581 1148 2623 rursus
1171 2582 1185 2618 :
1209 2562 1441 2617 Vidimus
1465 2573 1579 2612 cum
1599 2556 1868 2626 infantem,

275 2641 527 2742 lamquam
551 2641 772 2721 radicem
796 2666 848 2716 in
877 2669 1012 2715 terra
1050 2654 1238 2712 sitienti
1281 2650 1484 2724 (Hesai.
1508 2648 1597 2703 55.
1625 2643 1705 2717 2).
1733 2641 1874 2697 Ter-

275 2778 389 2818 ram
416 2774 545 2816 vero
570 2757 840 2811 sitientem
864 2761 1076 2806 uterum
1116 2746 1245 2801 dicit
1267 2742 1564 2813 virgineum
1590 2778 1605 2805 ,
1634 2749 1700 2790 eo
1730 2730 1872 2804 quod

276 2852 509 2909 hominis
535 2864 720 2906 semen
750 2861 856 2901 non
878 2839 1204 2910 susceperit,
1233 2850 1407 2906 neque
1447 2831 1648 2889 coitum
1676 2827 1747 2883 sit
1774 2840 1872 2880 ex-

276 2953 491 3015 pertus,
517 2939 611 2995 sed
644 2938 845 3007 absque
872 2931 1124 3002 coniugio
1154 2929 1305 2983 illum
1338 2921 1628 2996 pepererit.
1654 2918 1720 2972 Et
1750 2929 1872 2971 rur-

276 3007 404 3099 sus,
451 3031 593 3088 Puer
643 3041 790 3083 natus
835 3034 907 3081 est
950 3022 1124 3086 nobis,
1177 3018 1317 3090 ﬁlius
1349 3024 1398 3069 et
1442 3013 1591 3065 datus
1623 3020 1692 3065 est
1732 3007 1874 3062 nobis

279 3125 483 3197 (Hesai.
514 3122 568 3179 9.
596 3121 678 3191 6),
733 3126 823 3186 ct,
855 3114 1152 3188 Egredietur
1172 3110 1314 3181 virga
1339 3107 1402 3162 de
1427 3103 1599 3159 radice
1626 3100 1802 3165 Iesse,
1826 3107 1875 3153 et

276 3189 373 3287 ‘ﬂos
405 3215 469 3269 de
504 3189 675 3268 radice
703 3211 815 3277 eius
855 3207 1090 3263 ascendet
1118 3201 1268 3276 (Hes.
1300 3200 1388 3254 ll.
1424 3196 1491 3267 Ι).
1542 3194 1612 3249 Et
1663 3189 1871 3247 Baruch

276 3308 417 3380 apud
434 3307 720 3365 Jcremiam
744 3321 758 3358 :
785 3301 883 3355 Hic
904 3298 1041 3354 Deus
1061 3304 1250 3361 noster,
1268 3308 1371 3345 non
1386 3285 1720 3344 cestimabitur
1738 3283 1873 3336 alius

278 3411 461 3472 praeter
492 3415 623 3453 eum.
656 3394 857 3449 Invenit
893 3386 1092 3448 omnem
1116 3387 1253 3443 viam
1278 3381 1599 3452 disciplinae,
1650 3386 1696 3432 et
1739 3373 1876 3429 dedit

277 3466 388 3547 eam
409 3488 572 3544 Iacob
598 3502 754 3559 puero
774 3500 888 3552 suo,
919 3492 966 3537 et
986 3477 1153 3535 Israel
1174 3477 1354 3531 dilecto
1381 3488 1492 3525 suo.
1520 3468 1647 3523 Post
1688 3467 1794 3521 Ita'c
1823 3466 1873 3518 in

279 3585 425 3638 terris
450 3583 584 3636 visus
608 3588 711 3645 est,
738 3586 785 3633 ct
811 3593 924 3630 cum
952 3570 1236 3627 hominibus
1257 3571 1579 3621 conversatus
1612 3569 1683 3613 est
1724 3557 1871 3632 (Bar.

279 3679 335 3733 '5.
368 3672 584 3744 36—38).
634 3669 795 3726 David
822 3669 985 3724 etiam
1009 3665 1297 3719 adventum
1326 3658 1442 3728 ejus
1465 3656 1517 3710 in
1548 3667 1711 3709 carne
1733 3666 1874 3720 pra:—

280 3770 467 3824 dicans
489 3742 564 3820 ait
594 3782 608 3819 :
638 3760 915 3817 Descemlet
954 3759 1083 3812 sicut
1130 3752 1301 3826 pluvia
1342 3751 1395 3802 in
1436 3746 1614 3809 vellus,
1660 3752 1705 3797 et
1747 3742 1874 3795 sicut

280 3855 597 3913 stillicidium
630 3851 832 3907 stillans
860 3863 1010 3915 super
1051 3854 1236 3898 terram
1276 3837 1450 3913 (Psal.
1496 3837 1585 3890 7t.
1625 3832 1715 3903 6),
1743 3846 1877 3901 quo-

282 3954 423 4007 niam
448 3949 650 4019 absque
670 3943 894 4012 strepitu
922 3943 973 3994 in
1007 3937 1299 4007 virgineum
1329 3941 1537 3987 uterum
1568 3923 1741 3981 venit.

352 4066 405 4120 4.
442 4061 694 4123 Marcion,
722 4053 1040 4116 Valentinus,
1082 4057 1129 4103 et
1160 4044 1474 4102 Manicltazns
1502 4033 1876 4093 Incarnationis

282 4147 1001 4227 oppugnatoresrefelluntur;
1039 4141 1199 4194 altera
1236 4136 1367 4191 ratio
1405 4148 1495 4187 cur
1542 4128 1799 4201 passiones
1831 4131 1876 4177 et

282 4219 493 4315 aliain.
516 4219 749 4300 Christus
773 4239 824 4292 in
854 4252 907 4291 se
932 4226 1391 4303 susi.eperit.——At
1418 4239 1524 4279 non
1554 4219 1878 4276 sutTecerunt

285 4342 401 4396 hinc
426 4332 764 4394 solummodo
795 4329 872 4406 (a)
894 4372 909 4396 ,
945 4327 1038 4383 sed
1066 4333 1120 4380 et
1146 4337 1266 4379 cum
1294 4318 1622 4377 advenisset,
1655 4326 1724 4367 ne
1771 4325 1873 4381 pu-

286 4440 489 4488 taretur
512 4442 633 4484 esse
662 4400 973 4495 phantasma
999 4414 1140 4487 quod
1165 4412 1346 4477 ﬁebat,
1375 4423 1484 4463 non
1515 4413 1732 4475 aspectu
1762 4400 1877 4452 solo

286 4539 397 4578 rem
425 4517 736 4575 credibilem
768 4511 978 4575 reddit,
1012 4502 1362 4562 verumetiam
1398 4498 1568 4553 multo
1598 4504 1839 4562 tempore
1860 4530 1873 4554 ,

285 4612 533 4682 quodque
569 4624 666 4680 per
688 4607 921 4661 humana
952 4606 1140 4658 cuncta
1170 4591 1497 4650 transiverit.
1524 4588 1709 4657 Neque
1731 4584 1874 4639 enim

286 4674 500 4774 quoquo
524 4674 684 4754 modo
724 4696 775 4748 in
804 4693 1075 4748 hominem
1107 4687 1400 4758 perlectum
1429 4691 1590 4750 atque
1633 4674 1875 4745 comple-

288 4802 400 4849 tum
429 4790 593 4853 venit,
624 4787 718 4843 sed
747 4786 800 4839 in
829 4792 1038 4837 uterum
1087 4774 1304 4847 virginis
1333 4771 1449 4826 :sic
1500 4776 1558 4823 ut
1606 4767 1765 4821 etiam
1824 4763 1875 4817 in

286 4884 441 4938 vulva
467 4886 790 4952 gestaretur,
839 4882 892 4929 et
923 4881 1133 4943 partum
1175 4866 1484 4926 sustineret,
1516 4867 1572 4915 et
1598 4856 1752 4912 lactis
1776 4854 1877 4908 ali-

289 4948 551 5039 mentum,
583 4980 637 5027 et
664 4970 1075 5029 incrementum,
1105 4976 1169 5017 ac
1199 4974 1295 5030 per
1322 4953 1578 5025 temporis
1602 4948 1875 5021 prolixita-

289 5075 419 5131 tem,
440 5037 786 5131 omniumque
811 5055 1176 5113 diversitatem
1206 5058 1445 5112 natatum,
1485 5042 1627 5115 quod
1653 5037 1879 5110 gereba-

291 5168 378 5215 tur
397 5154 651 5213 credibile
672 5151 939 5208 redderet.
964 5146 1100 5215 Quin
1123 5158 1191 5199 ne
1208 5141 1314 5209 bac
1333 5137 1544 5209 quidem
1568 5131 1881 5202 probatione

290 5256 573 5306 contentus
604 5243 724 5306 fuit,
752 5240 847 5297 sed
873 5248 929 5294 et
969 5251 1186 5293 carnem
1210 5228 1613 5290 circumferens,
1642 5238 1760 5281 eam
1789 5236 1882 5275 na-

291 5352 422 5396 tura:
452 5337 655 5408 perpeti
678 5332 996 5389 detrimenta
1027 5325 1311 5399 permittit,
1335 5331 1391 5377 et
1418 5319 1624 5375 esurire
1649 5324 1706 5371 et
1732 5313 1883 5368 sitire

288 5444 342 5487 ct
368 5430 602 5485 dormire
642 5434 699 5481 et
737 5421 941 5493 fatigari
973 5439 987 5474 :
1015 5429 1285 5491 postremo
1340 5413 1500 5470 etiam
1547 5409 1613 5463 ad
1668 5420 1881 5462 crucem

291 5524 515 5579 veniens
551 5518 677 5576 sinit
720 5531 840 5569 eam
869 5527 990 5582 quae
1027 5509 1207 5566 carnis
1262 5511 1387 5561 sunt
1434 5500 1563 5572 pati.
1594 5499 1885 5567 Propterea

289 5627 523 5682 namque
551 5619 606 5666 et
625 5615 789 5680 guttae
811 5602 1024 5658 sudoris
1047 5615 1112 5655 es
1144 5598 1234 5652 illa
1262 5593 1544 5660 cadebant,
1575 5596 1632 5646 et
1662 5585 1887 5657 angelus

348 5794 425 5859 (a)
474 5790 680 5842 stl'ertur
702 5788 784 5839 hic
803 5784 943 5838 locus
966 5783 1015 5832 in
1039 5779 1216 5833 eodem
1237 5775 1447 5829 Concilio
1480 5781 1534 5823 γι
1565 5768 1886 5825 (ecumenloo.

1981 461 2099 503 eam
2129 444 2462 501 couilortasac
2490 444 2775 514 reperitur,
2824 453 2878 499 et
2927 443 3185 510 tristatur,
3239 453 3294 500 et
3352 453 3576 500 incestus

1979 548 2081 594 est.
2105 538 2259 593 Prius
2282 538 2448 603 enim,
2480 553 2641 607 quam
2680 537 2794 592 haec
2842 538 3067 602 diceret,
3097 538 3170 591 ait
3199 553 3212 588 :
3253 538 3437 591 Anima
3464 554 3575 592 mea

1979 630 2179 684 turbata
2199 639 2291 695 est,
2323 637 2369 683 et
2398 629 2554 683 tristis
2580 638 2651 682 est
2685 645 2842 699 usque
2875 630 2943 682 ad
2973 642 3184 683 mortem
3215 633 3233 698 (
3260 629 3445 683 Matth.
3479 630 3572 685 26.

1979 721 2107 792 58).
2154 721 2209 777 Si
2239 722 2381 777 enim
2413 720 2498 775 his
2523 721 2772 775 omnibus
2811 721 2996 790 gestis,
3045 722 3335 790 malignum
3365 736 3426 776 os
3453 720 3571 775 dia-

1978 812 2086 869 boli
2138 827 2233 883 per
2282 812 2607 867 Marcionem
2646 811 2947 878 Ponticum,
3002 819 3057 865 et
3103 809 3464 875 Valentinum,
3519 819 3573 865 et

1977 902 2328 972 Manichceum
2347 903 2587 970 Persam,
2611 910 2665 958 ct
2683 902 2815 957 alios
2830 902 3006 972 plures
3036 901 3303 956 Incresum
3324 911 3575 956 auctores

1978 1010 2281 1052 sermonem
2296 994 2363 1050 de
2383 993 2780 1064 dispensatione
2797 990 2870 1065 (a)
2887 994 3077 1063 potuit,
3095 1000 3352 1063 quantum
3372 992 3422 1045 in
3443 992 3573 1062 ipsis

1980 1093 2118 1153 erat,
2136 1084 2471 1149 subvertere,
2488 1094 2542 1140 et
2559 1085 2848 1140 satanicam
2868 1098 3051 1139 vocem
3063 1082 3259 1151 emisit,
3278 1092 3336 1137 ut
3350 1082 3571 1145 diceret,

1979 1191 2103 1232 eum
2138 1192 2312 1247 neque
2335 1178 2664 1232 incarnatum
2695 1192 2835 1243 esse,
2866 1192 3038 1247 neque
3065 1190 3281 1231 carnem
3307 1175 3569 1243 induisse,

1977 1267 2075 1324 sed
2105 1270 2337 1340 Speciem
2370 1269 2420 1324 id
2450 1269 2733 1341 quamdam
2765 1268 2948 1335 luisse,
2979 1268 3318 1338 phantasma,
3349 1269 3573 1324 simula-

1981 1361 2177 1416 tionem
2223 1376 2287 1416 ac
2316 1361 2536 1416 mimum
2570 1379 2583 1416 :
2614 1362 2823 1416 tametsi
2870 1361 3165 1430 passiones,
3212 1368 3268 1415 et
3315 1375 3481 1424 mors,
3515 1369 3571 1415 et

1978 1454 2302 1524 sepulcrum,
2338 1463 2392 1509 et
2441 1455 2608 1511 fames
2652 1455 3009 1510 reclamarent
3052 1470 3070 1510 :
3122 1455 3166 1509 si
3219 1454 3352 1508 nihil
3383 1457 3573 1508 horum

1976 1546 2308 1617 contigisset,
2330 1562 2508 1603 nonne
2532 1547 2698 1602 multo
2724 1547 2955 1617 amplius
2975 1546 3219 1603 diabolus
3247 1546 3361 1601 haec
3387 1546 3572 1617 impie-

1980 1641 2101 1690 tatis
2152 1637 2379 1705 pcssima
2429 1638 2676 1709 dogmata
2724 1638 3164 1694 disseminasset?
3213 1637 3574 1706 Quamobrem

1977 1729 2115 1784 sicut
2134 1729 2376 1793 esurivit,
2400 1731 2538 1785 sicut
2569 1730 2816 1799 fatigatus
2843 1738 2943 1794 est,
2978 1730 3116 1785 sicut
3141 1728 3413 1796 dormivit,
3438 1728 3575 1784 sicut

1978 1821 2338 1887 manducavit,
2371 1822 2509 1877 sicut
2550 1821 2701 1888 bibit,
2731 1823 2809 1877 sic
2856 1831 2910 1878 et
2955 1831 3182 1877 mortem
3237 1830 3466 1887 recusat,
3520 1821 3572 1876 id

1976 1912 2123 1981 quod
2161 1921 2243 1967 est
2296 1913 2584 1967 lunnanum
2635 1913 2946 1977 ostendens,
2991 1922 3046 1968 et
3086 1912 3444 1968 inﬁrmitatem
3473 1928 3574 1966 na-

1977 2010 2133 2067 tura,
2157 2019 2275 2073 quae
2304 2004 2459 2058 avelli
2488 2018 2547 2060 se
2582 2019 2612 2058 a
2643 2005 2891 2074 prmscnti
2923 2005 3028 2059 vita
3075 2004 3193 2059 sine
3242 2002 3428 2059 dolore
3467 2017 3573 2059 non

1978 2095 2201 2165 patitur.
2230 2095 2362 2150 Nam
2388 2095 2432 2151 si
2456 2096 2587 2151 nihil
2606 2096 2794 2152 horum
2815 2096 3061 2162 dixisset,
3083 2095 3573 2167 potuissetdicere:

1977 2185 2032 2241 Si
2065 2186 2227 2241 homo
2250 2197 2385 2254 erat,
2416 2188 2700 2258 Oportebat
2722 2204 2844 2243 eum
2874 2186 2982 2257 pati
3013 2203 3133 2258 qua:
3158 2187 3389 2242 hominis
3427 2197 3572 2242 sunt.

1978 2275 2235 2345 Quzenam
2260 2286 2437 2334 autem
2469 2279 2555 2333 illa
2582 2279 2745 2334 sunt?
2780 2277 2847 2335 Ut
2872 2277 3122 2333 nimirum
3144 2276 3234 2347 qui
3260 2276 3574 2347 crucifigen-

1979 2365 2078 2421 dus
2105 2374 2245 2430 erat,
2277 2366 2594 2423 formidaret
2623 2377 2677 2424 et
2696 2370 2888 2423 anxius
2914 2375 3088 2434 esset,
3117 2382 3216 2423 nec
3245 2368 3361 2423 sine
3389 2366 3579 2422 dolore

1978 2470 2008 2509 a
2037 2458 2289 2527 prtescnti
2325 2458 2432 2513 vita
2472 2459 2821 2524 avelleretur;
2852 2459 3114 2529 siquidem
3157 2458 3345 2513 insitus
3372 2467 3454 2513 est
3476 2473 3573 2511 na.

1981 2557 2113 2604 turre
2143 2564 2297 2603 amor
2343 2550 2685 2620 praesentium
2716 2565 2732 2604 2
2766 2559 3044 2619 propterea
3071 2564 3191 2604 cum
3221 2565 3408 2605 verum
3452 2564 3574 2604 €856

1979 2641 2156 2694 carnis
2206 2639 2575 2694 indumentum
2606 2639 2767 2694 vellet
2799 2639 3102 2705 ostendere,
3132 2655 3194 2695 ac
3213 2639 3572 2711 dispensatio-

1979 2747 2101 2785 nem
2126 2730 2437 2787 credibilem
2470 2729 2716 2794 reddere,
2747 2730 2909 2784 multa
2939 2744 3059 2785 cum
3106 2730 3567 2786 demonstratione

1981 2822 2261 2891 passiones
2304 2822 2445 2891 ipsas
2472 2820 2641 2877 nudas
2668 2822 2963 2891 proposuit.
2987 2822 3054 2876 Et
3080 2826 3194 2875 h:rc
3231 2821 3444 2891 quidem
3472 2838 3573 2878 una

1980 2923 2062 2969 est
2088 2913 2223 2968 ratio
2251 2931 2265 2967 :
2296 2913 2392 2968 sed
2422 2921 2476 2969 ct
2495 2913 2660 2967 altera
2678 2911 2921 2982 quaedam
2949 2922 3031 2967 est
3053 2912 3223 2967 nihilo
3244 2911 3344 2966 ista
3372 2912 3568 2967 minor.

1982 3004 2110 3060 ll;ec
2135 3020 2378 3076 quaenam
2426 3004 2546 3060 est?
2599 3003 2903 3059 Adveniens
2930 3003 3176 3059 Christus
3208 3018 3425 3059 omnem
3462 3004 3575 3059 vir-

1984 3102 2149 3149 tntcm
2197 3095 2443 3150 homines
2492 3094 2687 3149 docere
2716 3093 2965 3149 volebat:
2994 3103 3047 3147 at
3068 3093 3113 3149 is
3140 3094 3229 3165 qui
3279 3092 3438 3149 docet
3470 3109 3576 3149 non

1983 3185 2147 3240 verbo
2178 3184 2348 3240 solum
2403 3183 2496 3239 sed
2527 3185 2685 3239 etiam
2734 3199 2901 3255 opere
2953 3184 3164 3238 instruit
3196 3201 3209 3236 :
3238 3185 3353 3240 hrcc
3381 3185 3577 3255 quippe

1982 3275 2218 3331 ductoris
2248 3277 2449 3346 optima
2475 3286 2558 3332 est
2593 3276 2858 3332 doctrina.
2911 3276 3351 3347 Quandoquidem
3381 3277 3572 3347 guber-

1985 3379 2138 3423 nator
2184 3384 2395 3439 quoque
2438 3368 2564 3423 dum
2609 3369 2925 3439 discipulum
2963 3368 3207 3433 collocat,
3266 3384 3371 3438 quo
3422 3378 3581 3439 pacto

1982 3461 2189 3516 clavum
2232 3469 2440 3528 tractet,
2480 3461 2736 3526 ostendit,
2791 3473 2838 3515 et
2865 3460 3021 3515 simul
3052 3460 3202 3530 operi
3233 3459 3453 3515 verbum
3481 3461 3565 3514 ad-

1977 3551 2172 3623 jungit,
2211 3561 2265 3608 et
2308 3568 2479 3623 neque
2506 3552 2740 3622 loquitur
2796 3550 3187 3618 tantummodo,
3239 3566 3410 3621 neque
3461 3560 3583 3606 tan-

1984 3644 2261 3698 tummodo
2285 3654 2537 3714 operatur
2570 3662 2583 3698 :
2617 3644 2728 3713 pari
2751 3644 2956 3698 ratione
2994 3658 3114 3696 cum
3147 3642 3378 3698 medium
3405 3643 3574 3697 addu-

1982 3736 2054 3790 cit
2096 3752 2241 3800 enm,
2273 3752 2429 3806 quem
2460 3736 2525 3791 ad
2557 3734 2937 3792 exstruendum
2978 3751 3187 3789 murum
3219 3735 3574 3790 instructurus

1983 3837 2068 3882 est
2119 3827 2464 3893 architectus,
2491 3826 2647 3880 docet
2698 3825 2843 3880 illum
2875 3840 3059 3895 Opere,
3093 3824 3250 3879 docet
3288 3833 3339 3878 et
3370 3824 3569 3878 verbo:

1985 3919 2231 3973 similiter
2251 3927 2304 3973 et
2334 3925 2509 3972 textor
2537 3925 2592 3972 et
2620 3914 2847 3987 phrygio
2889 3924 2943 3970 et
2971 3914 3086 3969 auri
3137 3913 3302 3981 lusor,
3327 3922 3381 3969 et
3425 3915 3573 3970 faber

1984 4013 2206 4068 aerarius
2235 4019 2289 4067 et
2310 4010 2484 4065 omnis
2510 4008 2723 4071 artifex.
2746 4024 2866 4064 cum
2895 4006 3074 4062 verbis
3098 4005 3274 4073 docet,
3306 4014 3416 4060 tum
3439 4021 3574 4076 ope-

1985 4106 2155 4161 ribus.
2182 4103 2407 4173 Quando
2437 4103 2597 4173 igitur
2621 4111 2675 4156 et
2704 4100 2817 4171 ipse
2844 4113 2941 4154 nos
2965 4097 3033 4154 ad
3077 4112 3292 4153 omnem
3324 4098 3573 4153 virtutem

1986 4199 2341 4253 instructurus
2365 4194 2605 4264 advenit,
2657 4200 2936 4263 propterea
2963 4200 3017 4246 et
3043 4205 3162 4262 qua:
3189 4189 3427 4246 facienda
3454 4198 3577 4244 sunt

1985 4293 2134 4358 dicit,
2163 4300 2217 4347 et
2243 4292 2356 4361 ipse
2382 4288 2604 4360 peragit.
2638 4285 2739 4351 Qui
2777 4286 2908 4339 enim
2939 4284 3132 4353 fecerit,
3170 4283 3360 4353 inquit,
3412 4293 3458 4336 et
3484 4282 3577 4335 do-

1985 4386 2163 4452 cuerit,
2196 4385 2276 4438 hic
2299 4398 2512 4453 magnus
2542 4379 2799 4434 vocabitur
2822 4378 2874 4431 in
2903 4392 3057 4449 regno
3086 4375 3324 4429 caelorum
3349 4372 3575 4444 (Matth.

1985 4478 2041 4534 5.
2067 4477 2133 4533 l9
2154 4475 2305 4547 ).Sic
2346 4485 2526 4529 autem
2556 4487 2670 4528 rem
2694 4469 2935 4540 expende
2966 4485 2979 4521 :
3004 4466 3231 4521 humiles
3257 4474 3311 4519 ut
3334 4480 3576 4520 essemus

1987 4584 2051 4625 ac
2079 4568 2236 4622 mites
2266 4566 2539 4637 przecepit,
2571 4571 2628 4618 et
2665 4561 2845 4616 verbis
2869 4558 3050 4621 docuit
3081 4575 3095 4612 :
3131 4556 3251 4612 vide
3292 4571 3399 4627 quo
3421 4567 3580 4624 pacto

1988 4670 2042 4716 et
2067 4658 2228 4713 rebus
2259 4657 2386 4728 ipsis
2413 4655 2500 4709 illa
2548 4650 2809 4708 docuerit.
2837 4649 2971 4705 Cum
2997 4647 3137 4703 enim
3166 4647 3406 4713 dixisset,
3435 4646 3577 4699 Beati

1999 4762 2252 4817 pauperes
2279 4754 2493 4814 spiritu,
2527 4744 2837 4799 beatimites
2853 4736 3275 4818 (Mattlt.5.5.4).
3293 4756 3401 4810 quo
3424 4750 3582 4809 put'ln

2000 4838 2093 4893 illa
2132 4836 2440 4908 praestanda
2485 4836 2617 4899 sint,
2670 4834 2904 4890 indicat.
2944 4831 3193 4898 Quonam
3234 4846 3396 4901 ergo
3420 4842 3581 4902 pacto

2000 4929 2231 4986 docuit?
2262 4929 2399 4983 Cum
2437 4929 2741 4998 accepisset
2788 4928 3042 4987 linteum,
3079 4922 3366 4994 przecinxit
3406 4922 3489 4988 se,
3524 4930 3578 4976 et

2003 5019 2137 5074 lavit
2161 5018 2324 5090 pedes
2353 5018 2749 5088 discipulorum
2774 5015 2960 5083 (Joan.
2982 5014 3068 5067 15.
3094 5012 3150 5068 4.
3181 5010 3255 5081 5).
3279 5010 3422 5076 Quid
3448 5027 3574 5068 cum

1989 5117 2089 5172 hac
2115 5112 2416 5169 humilitate
2457 5105 2685 5163 conferri
2716 5100 2928 5175 potest?
2953 5100 3068 5154 Non
3095 5098 3237 5154 enim
3259 5097 3370 5167 jam
3403 5095 3580 5151 verbis

1991 5217 2195 5264 tantum
2221 5203 2363 5259 illam
2388 5200 2564 5263 docet,
2585 5210 2771 5252 verum
2802 5192 2961 5248 etiam
2987 5188 3256 5259 operibus.
3279 5187 3582 5240 Mansuetu-

1991 5302 2169 5358 dinem
2195 5310 2382 5353 rursus
2408 5301 2464 5349 et
2495 5288 2804 5362 patientiam
2848 5284 3004 5340 docet
3035 5280 3306 5352 operibus.
3331 5277 3574 5343 Quonam

1990 5391 2186 5467 pacto?
2212 5390 2374 5459 Alapa
2398 5396 2688 5457 percussus
2710 5388 2792 5435 est
2817 5393 2848 5433 a
2878 5390 3034 5433 servo
3080 5370 3366 5443 pontiﬁcis,
3387 5375 3440 5420 ct
3466 5367 3572 5419 ait:

1996 5458 2057 5544 -Si
2079 5483 2281 5559 quidem
2320 5458 2458 5536 male
2484 5479 2720 5547 loquutus
2748 5487 2880 5535 sum,
2922 5463 3260 5521 testimonium
3289 5458 3492 5532 perliibe
3520 5458 3581 5510 de

1993 5548 2130 5637 malo
2156 5596 2175 5634 :
2202 5579 2247 5634 si
2293 5584 2460 5631 autem
2486 5573 2626 5635 bene,
2653 5566 2775 5637 quid
2809 5577 2888 5617 me
2910 5558 3063 5614 cadis
3094 5553 3281 5627 (Joan.
3318 5552 3401 5608 l8.
3432 5548 3580 5621 275)?

1986 5670 1994 5705 ἶ
2061 5696 2134 5760 (a)
2166 5701 2236 5743 De
2256 5683 2644 5760 Dispensatione.
2666 5679 2758 5727 hoc
2775 5680 2870 5745 est,
2888 5672 2952 5720 de
2976 5664 3321 5738 incarnatione.
3334 5675 3483 5735 quam
3511 5664 3590 5715 vel

2530 5758 2545 5760 λ
2567 5751 2592 5760 »ι
2717 5752 2792 5760 --ι-
2816 5735 3015 5760 Ι...η1υιιιί
3044 5730 3259 5760 hrum...”
3278 5725 3363 5760 “1L

1996 5725 2695 5823 neig‘iixziii;
2713 5725 2797 5801 ex;
2815 5725 3021 5784 licabant
3044 5726 3261 5778 bteretici
3278 5725 3365 5776 illi;
