4106 6434
525 267 594 323 59
1241 262 1298 318 5.
1338 260 1619 318 JOANNIS
1655 260 2132 318 CHRYSOSTOMI
2171 260 2495 320 ARCHIEP.
2536 265 3074 326 CONSTANTINOP.
3751 281 3825 336 ιο

523 385 630 440 Pro
670 381 901 437 inimicis
930 394 1084 435 orare
1130 378 1417 448 prmeepit:
1452 390 1634 430 rursus
1665 374 1765 428 hoc
1792 375 1951 429 etiam
1991 389 2117 444 ope-

522 475 670 530 ribus
695 473 855 529 docet
884 491 900 527 :
927 487 1046 526 cum
1077 471 1217 524 enim
1261 473 1312 522 in
1340 483 1551 522 erucem
1583 467 1933 532 ascendisset,
1957 467 2112 529 dixit,

525 565 702 630 Pater,
733 565 926 619 dimitte
947 565 1047 618 illis
1070 579 1203 628 ;non
1228 563 1358 614 enim
1380 562 1545 614 sciunt
1580 561 1703 630 quid
1732 557 1968 631 faciunt(
1984 559 2112 612 Luc.

520 656 611 710 2'5.
635 656 702 710 54
724 655 762 724 ).
787 654 858 710 Ut
887 653 1045 722 igitur
1074 651 1323 721 praecepit
1361 659 1419 704 ut
1437 663 1734 715 oraremus,
1785 649 1862 704 sic
1899 657 1954 703 et
1996 655 2118 702 orat

522 749 658 816 ipse,
701 755 860 814 teque
887 744 1044 798 docet
1069 757 1246 808 orare,
1285 757 1408 796 eum
1446 757 1544 797 nec
1576 742 1689 812 ipse
1715 740 2016 796 dimittendi
2046 741 2118 795 sit

523 846 782 907 petestate
820 836 1126 890 destitutus.
1161 835 1423 903 Praecepit
1463 850 1668 902 rursus,
1698 843 1755 888 ut
1792 835 1857 890 iis
1899 835 2116 905 quinos

519 931 748 985 oderunt
788 927 1246 994 benefacercmus,
1298 941 1361 981 ac
1399 927 1468 981 dc
1516 926 1618 980 illis
1655 926 1872 997 quinos
1910 926 2115 980 calum-

521 1021 736 1076 niantur
769 1019 906 1074 bene
942 1033 1274 1072 mereremur
1308 1015 1532 1088 (Matth.
1553 1017 1605 1072 5.
1631 1017 1698 1071 41
1720 1016 1778 1086 ):
1809 1015 1909 1070 hoc
1934 1023 2113 1070 autem

517 1124 683 1179 Opere
711 1110 826 1180 ipso
855 1109 1144 1178 complevit
1171 1125 1184 1160 :
1213 1108 1477 1178 siquidem
1505 1121 1571 1162 ex
1593 1104 1794 1162 ludatis
1839 1107 2114 1162 dazmones

517 1199 740 1269 expulit,
772 1215 800 1254 a
834 1200 1026 1270 quibus
1052 1208 1335 1270 correptus
1365 1214 1394 1253 a
1427 1199 1674 1254 daemone
1716 1199 2110 1270 appellabatur,

519 1301 901 1360 persequentes
947 1305 1007 1345 se
1055 1289 1336 1346 beneliciis
1397 1289 1738 1356 cumulabat,
1798 1290 2114 1345 insidiantes

515 1382 710 1446 alebat,
743 1375 1056 1452 cruciligere
1084 1381 1327 1436 Voleutes
1370 1379 1436 1435 ad
1490 1397 1711 1450 regnum
1745 1395 1906 1435 manu
1945 1380 2109 1435 duee-

515 1475 625 1528 hat.
664 1475 871 1528 Rursus
915 1473 982 1529 ad
1029 1472 1322 1544 discipulos
1361 1473 1613 1528 dicebat:
1646 1472 1823 1528 Nolite
1859 1473 2115 1542 possidere

513 1581 722 1629 aurum,
776 1579 935 1634 neque
989 1574 1273 1636 argentum,
1340 1580 1500 1636 neque
1551 1566 1814 1636 pecuniam
1863 1566 1918 1617 in
1968 1564 2112 1618 sonis

515 1655 933 1728 uestris(1llatth.
962 1657 1048 1712 l0.
1078 1658 1149 1726 9)
1176 1698 1190 1722 ,
1223 1667 1282 1711 ut
1322 1657 1386 1711 ad
1418 1667 1786 1728 paupertatem
1820 1657 2066 1712 incitaret
2093 1674 2108 1712 :

517 1747 620 1802 hoc
667 1763 855 1803 rursus
899 1748 1150 1819 operibus
1199 1748 1444 1814 docebat,
1493 1764 1615 1802 cum
1657 1749 1728 1803 ita
1759 1749 2110 1819 loqueretur:

528 1841 713 1912 Vulpes
744 1846 912 1913 foveas
952 1841 1174 1907 habent,
1213 1853 1259 1895 et
1295 1841 1519 1895 volucres
1561 1839 1674 1894 cteli
1722 1841 1868 1894 nidos
1895 1855 1914 1894 :
1945 1838 1992 1893 F
1994 1840 2111 1894 ilius

513 1945 684 1988 autent
721 1933 941 1986 hominis
966 1946 1068 1986 non
1118 1933 1264 1986 habet
1303 1933 1388 1986 ubi
1429 1942 1580 2002 caput
1630 1932 1835 1986 reclinet
1881 1930 2107 2003 (Matth.

513 2025 567 2080 8.
595 2023 705 2094 20)
742 2041 755 2077 :
781 2039 953 2094 neque
975 2035 1158 2078 mensa
1189 2023 1261 2076 illi
1285 2033 1422 2088 erat,
1455 2037 1560 2076 non
1583 2021 1796 2088 domus,
1828 2037 1934 2076 non
1965 2019 2110 2074 aliud

513 2115 640 2186 quid
666 2132 803 2184 luam
848 2115 1158 2186 ejusmodi:
1205 2128 1312 2168 non
1367 2113 1509 2184 quod
1559 2128 1759 2184 egenus
1811 2124 1974 2179 esset,
2015 2112 2110 2168 sed

513 2210 653 2276 quod
707 2209 950 2263 homines
995 2208 1062 2262 ad
1107 2207 1247 2262 hanc
1290 2207 1638 2262 insistendum
1681 2207 1821 2261 viam
1852 2205 2106 2261 erudiret.

514 2302 625 2357 Hac
677 2302 923 2356 nimirum
974 2302 1183 2355 ratione
1224 2299 1453 2354 docebat
1496 2299 1616 2353 illos
1645 2314 1821 2352 orare.
1856 2297 2113 2351 Dicebant

516 2394 678 2463 igitur
724 2393 844 2447 illi:
893 2391 1038 2446 Doce
1085 2407 1176 2444 nos
1225 2405 1372 2444 orare
1407 2389 1572 2461 (Luc.
1623 2390 1711 2445 11.
1769 2385 1859 2460 1).
1909 2387 2111 2443 Idcirco

513 2489 674 2540 etiam
723 2493 860 2550 orat,
893 2492 950 2537 ut
975 2491 1029 2538 et
1073 2481 1151 2536 illi
1189 2481 1396 2536 discant
1422 2494 1596 2536 orare.
1629 2478 1736 2535 Sed
1769 2494 1875 2534 non
1905 2488 2109 2534 tantum

511 2591 689 2642 orare,
717 2574 1088 2640 verumetiam,
1117 2587 1223 2643 quo
1245 2582 1399 2642 pacto
1420 2571 1680 2627 deberent
1700 2587 1877 2635 orare,
1902 2570 2110 2626 discere

512 2670 630 2725 illos
663 2667 898 2738 Oportuit
922 2684 936 2720 :
963 2673 1243 2736 propterea
1290 2678 1484 2733 nempe
1511 2662 1728 2717 tradidit
1751 2672 1805 2717 et
1858 2663 1962 2718 illis
1991 2676 2111 2717 ora—

512 2761 710 2812 tionem
742 2758 792 2810 itt
823 2756 937 2810 iure
965 2755 1126 2809 verba
1155 2761 1467 2822 conceptam
1496 2769 1509 2806 :
1546 2752 1701 2806 Pater
1725 2762 1914 2818 noster,
1937 2753 2022 2822 qui
2057 2768 2110 2806 es

509 2855 563 2905 in
603 2851 758 2913 ctelis,
808 2847 1150 2915 sanetiﬁcetur
1191 2861 1374 2899 nomen
1403 2853 1565 2897 tuum.
1613 2843 1857 2896 Adveniat
1898 2859 2110 2914 regnum

510 2957 674 2998 tuum.
705 2941 820 2995 Fiat
840 2941 1070 2995 voluntas
1100 2947 1216 3002 tua,
1240 2939 1368 2991 sicut
1403 2937 1455 2989 in
1483 2935 1609 2990 ctelo
1630 2945 1674 2990 et
1704 2936 1755 2988 in
1801 2945 1954 2989 terra.
1997 2933 2110 2988 Pa-

511 3053 625 3090 nem
647 3043 875 3088 nostrum
910 3030 1260 3102 quotidianum
1304 3028 1371 3082 da
1407 3027 1550 3082 nobis
1579 3027 1747 3084 hodie.
1799 3026 1865 3080 Et
1914 3026 2110 3084 dimitte

510 3127 653 3182 nobis
692 3125 860 3179 debita
896 3133 1090 3188 nostra,
1113 3122 1240 3174 sicut
1271 3129 1316 3174 et
1349 3137 1440 3174 nos
1478 3119 1777 3173 dimittimus
1799 3117 2110 3177 debitoribus

511 3218 722 3274 nostris.
750 3216 815 3270 Et
842 3232 904 3270 ne
933 3231 1023 3269 nos
1045 3214 1255 3268 inducas
1281 3214 1332 3268 in
1356 3213 1720 3283 lentationem(
1752 3207 1833 3265 Ib.
1859 3229 1910 3270 υ.
1941 3215 2104 3286 2.4),

509 3315 612 3369 hoc
665 3321 787 3378 est,
841 3313 894 3366 in
949 3309 1264 3381 periculum,
1320 3309 1373 3363 in
1425 3307 1664 3363 insidias.
1693 3306 1918 3379 Quando
1949 3309 2108 3378 igitur

506 3419 664 3460 orare
704 3402 894 3474 jussit,
939 3400 1024 3455 Ne
1066 3417 1157 3454 nos
1196 3399 1409 3454 inducas
1459 3399 1511 3452 in
1568 3402 1914 3466 tentationem,
1965 3399 2104 3455 istud

508 3498 684 3567 ipsum
714 3495 889 3565 reipsa
918 3493 1078 3548 docet
1116 3492 1237 3546 illos
1256 3533 1272 3557 ,
1301 3491 1429 3546 dum
1460 3490 1556 3559 ait,
1585 3491 1764 3559 Pater,
1802 3493 1844 3547 si
1869 3493 2107 3564 possibile

506 3597 600 3654 est,
627 3595 849 3641 transeat
865 3602 896 3638 a
925 3601 1004 3638 me
1028 3585 1165 3638 calix
1191 3584 1302 3648 iste,
1333 3583 1462 3640 dum
1485 3599 1671 3640 omnes
1688 3595 1903 3639 sanctos
1922 3585 2100 3651 docet,

506 3693 576 3733 ne
596 3677 847 3748 periculis
865 3691 984 3730 sese
1009 3675 1280 3745 objieiaut,
1307 3691 1480 3746 neque
1509 3690 1569 3730 se
1590 3675 1892 3746 przecipites
1920 3685 2097 3745 agant,

505 3769 598 3826 sed
627 3767 878 3824 insultum
917 3767 1344 3825 adversariorum
1392 3776 1721 3838 exspectent,
1779 3783 2102 3837 omnemque

505 3861 871 3918 fortitudinem
902 3874 1012 3932 pne
1062 3876 1120 3917 se
1172 3859 1346 3916 ferant
1374 3877 1387 3913 :
1421 3875 1526 3914 non
1558 3871 1733 3915 tamen
1763 3869 1820 3913 ut
1846 3859 1944 3928 ipsi
1979 3875 2102 3929 pro-

501 3949 701 4021 siliant,
751 3967 918 4025 seque
969 3956 1175 4022 priores
1222 3952 1375 4006 malis
1421 3951 1694 4019 objiciant.
1726 3951 1865 4016 Quid
1897 3950 2000 4004 ita?
2034 3950 2102 4005 Ut

503 4044 756 4100 nimirum
778 4043 1131 4099 humilitatem
1157 4043 1366 4109 doceat,
1415 4051 1468 4097 et
1495 4057 1643 4097 vana:
1667 4043 1850 4113 gloria:
1876 4044 2100 4099 crimine

503 4130 716 4191 liberet.
748 4135 917 4201 Quam
947 4131 1108 4188 etiam
1136 4132 1203 4188 ob
1223 4147 1435 4187 causam
1461 4133 1545 4188 hic
1568 4149 1800 4203 quoque,
1828 4133 1953 4189 dum
1985 4134 2100 4189 luce

507 4226 736 4292 diceret,
787 4225 992 4290 Abiens,
1046 4223 1402 4294 inquit,oravit
1453 4221 1672 4295 (Matth.
1722 4224 1814 4278 26.
1872 4225 1997 4295 59),
2045 4234 2100 4280 et

506 4325 787 4389 postquam
836 4327 1061 4381 orasset,
1093 4317 1164 4371 ita
1193 4316 1328 4371 dixit
1377 4315 1668 4386 discipulis,
1717 4316 1839 4371 Non
1868 4319 2098 4387 potuistis

500 4427 604 4465 una
626 4411 751 4464 hora
771 4411 979 4481 vigilare
1007 4410 1239 4463 mecum?
1277 4406 1510 4479 Vigilate,
1541 4420 1587 4463 et
1615 4419 1772 4476 orate,
1804 4427 1867 4464 ne
1900 4411 2098 4464 intretis

2226 375 2279 428 in
2314 377 2636 432 Imitationem
2666 376 2785 450 (Ib.
2817 399 2864 436 υ.
2889 382 2978 437 40.
3021 383 3081 438 41
3109 383 3150 453 ).
3185 384 3346 443 Vides
3382 396 3441 444 ut
3492 404 3600 446 non
3641 393 3819 449 solum

2225 475 2364 532 oret,
2413 468 2504 523 sed
2533 471 2692 524 ctiam
2745 471 3068 529 admoneat?
3114 475 3342 547 Spiritus
3382 482 3520 536 enim
3559 495 3825 554 promptus

2223 567 2318 621 est,
2366 559 2554 627 inqttit,
2605 577 2724 615 caro
2771 573 2939 618 autem
2975 566 3179 635 inﬁrma
3209 565 3389 639 (Ibid.
3453 585 3499 624 tt.
3557 575 3681 645 41).
3709 577 3822 631 Hoc

2221 654 2400 700 autem
2444 648 2674 716 dicebat,
2726 660 2783 705 ut
2811 668 2878 707 ex
2919 669 3104 709 eorum
3145 657 3321 713 anima
3371 659 3563 716 fastum
3607 679 3822 720 omnem

2221 737 2533 810 depelleret,
2568 751 2624 796 ut
2647 759 2740 798 eos
2770 749 3016 815 superbia
3051 749 3323 818 liberaret,
3372 752 3606 811 humiles
3633 758 3825 812 redde.—

2221 841 2325 896 ret,
2358 847 2420 886 ae
2467 834 2740 890 modestos
2777 836 3032 893 efficeret.
3075 840 3229 908 Quod
3271 842 3434 913 igitur
3468 861 3562 901 eos
3617 851 3823 918 precari

2219 923 2417 981 docere
2445 929 2677 996 volebat,
2733 929 2836 985 hoc
2866 941 2921 986 et
2969 932 3083 1002 ipse
3133 935 3450 1004 precabatur
3490 938 3821 1008 humanitus,

2221 1032 2326 1071 non
2359 1019 2650 1074 secundum
2677 1022 3012 1080 divinitatem
3045 1025 3167 1097 (est
3191 1029 3333 1084 enim
3355 1033 3530 1088 omnis
3556 1037 3826 1105 passionis

2219 1126 2410 1181 expers
2454 1113 2722 1185 Numen),
2755 1117 2850 1172 sed
2881 1120 3168 1176 secundum
3212 1123 3617 1183 humanitatem.
3650 1130 3823 1187 Porro

2220 1213 2277 1257 ut
2299 1219 2396 1259 nos
2430 1221 2585 1261 orare
2605 1207 2842 1276 doceret,
2875 1212 3081 1279 orabat,
3109 1225 3160 1269 et
3187 1229 3400 1286 semper
3414 1234 3660 1288 quserere
3687 1223 3824 1278 libe-

2219 1294 2327 1347 rari
2382 1310 2412 1348 a
2458 1297 2608 1351 malis
2637 1315 2650 1352 :
2679 1302 2820 1369 quod
2853 1302 2898 1355 si
2950 1303 3064 1357 fieri
3096 1317 3359 1375 nequeat,
3389 1323 3490 1375 eo,
3523 1310 3663 1379 quod
3710 1313 3824 1369 Deo

2218 1385 2390 1439 visum
2463 1387 2641 1455 fuerit,
2700 1400 2981 1472 contentos
3033 1409 3173 1451 esse.
3235 1397 3524 1469 Propterea
3574 1403 3821 1472 dicebat,
3889 1386 3893 1387 ί

2231 1474 2584 1533 Verumtamen
2617 1498 2714 1536 non
2767 1465 2895 1537 sicut
2931 1502 3023 1556 ego
3061 1488 3194 1554 volo,
3235 1490 3325 1542 sed
3344 1465 3492 1545 ‘St'cul
3517 1502 3570 1546 tu
3596 1465 3821 1564 (Matth.

2216 1567 2308 1622 96.
2337 1570 2440 1638 59)
2471 1587 2484 1622 :
2515 1586 2619 1625 non
2643 1572 2785 1642 quod
2817 1575 2915 1628 alia
2957 1576 3204 1631 voluntas
3251 1579 3368 1648 ejus
3408 1591 3571 1646 esset,
3620 1594 3675 1639 et
3716 1585 3822 1644 alia

2219 1659 2424 1726 Patris;
2457 1662 2548 1718 sed
2583 1673 2639 1718 ut
2695 1665 2937 1722 homines
2985 1667 3227 1736 doceret,
3269 1673 3515 1741 quamvis
3568 1685 3822 1743 aestuent,

2215 1757 2458 1824 quamvis
2528 1765 2800 1824 tremant,
2870 1763 3114 1829 quamvis
3171 1764 3405 1830 pericula
3461 1766 3821 1835 immineant,

2217 1846 2462 1916 quamvis
2512 1847 2581 1902 ab
2626 1849 2726 1904 hac
2773 1851 2877 1904 vita
2922 1853 3091 1905 nolint.
3136 1853 3314 1920 avelli,
3370 1857 3599 1927 propriae
3639 1867 3823 1917 tamen

2215 1938 2472 1993 voluntati
2528 1940 2620 1994 Dei
2691 1944 2943 2011 pra-ferre
3003 1944 3329 2000 voluntatem
3379 1964 3393 1999 :
3441 1948 3584 2018 quod
3637 1955 3825 2024 utique

2217 2030 2414 2086 Paulus
2470 2031 2694 2087 edoctus
2740 2049 2919 2104 agere,
2974 2044 3258 2106 utrumque
3306 2053 3471 2108 opere
3524 2046 3823 2112 praestitit:

2219 2135 2340 2174 nam
2371 2129 2426 2176 et
2473 2124 2790 2179 tentationes
2815 2141 2843 2178 a
2870 2142 2928 2180 se
2959 2128 3244 2196 postulavit
3291 2135 3549 2198 amoveri,
3580 2150 3700 2190 cum
3749 2137 3824 2195 ita

2216 2210 2422 2267 diceret
2453 2231 2465 2266 :
2495 2209 2712 2285 Pmpter
2753 2217 2890 2287 quod
2935 2228 3008 2271 ter
3037 2216 3317 2276 Dominum
3345 2227 3519 2295 rogavi
3562 2225 3648 2296 (2.
3695 2227 3821 2281 Cor.

2218 2300 2303 2354 12.
2330 2301 2400 2372 8)
2429 2318 2442 2355 :
2471 2311 2525 2357 et
2565 2305 2817 2374 quoniam
2869 2307 2980 2362 Deo
3008 2308 3180 2365 visum
3228 2327 3335 2366 non
3367 2323 3468 2380 est,
3503 2315 3692 2386 inquit,
3723 2317 3825 2372 Id-

2215 2397 2350 2450 circo
2375 2396 2574 2466 placide
2601 2401 2861 2470 acquiesco
2887 2403 2941 2460 in
2965 2403 3370 2474 inﬁrmitatibus,
3399 2411 3450 2464 in
3473 2414 3821 2479 contumeliis,

2215 2487 2267 2539 in
2312 2491 2778 2558 persequutt'onibus
2816 2491 2932 2567 (Ib.
2960 2513 3009 2551 υ.
3039 2497 3163 2569 10).
3196 2497 3358 2554 Forte
3381 2516 3510 2556 vero
3551 2519 3656 2558 non
3682 2507 3822 2562 satis

2215 2588 2458 2645 apertum
2480 2588 2581 2645 est,
2610 2584 2755 2654 quod
2774 2585 2968 2642 dicitur
2993 2605 3006 2640 :
3040 2588 3218 2658 itaque
3243 2590 3574 2647 manifestius
3605 2609 3634 2648 a
3658 2594 3824 2652 nobis

2215 2667 2490 2723 reddetur.
2545 2670 2725 2730 Multis
2777 2676 3122 2734 obsidebatur
3169 2682 3421 2750 periculis
3467 2683 3702 2748 Paulus,
3761 2699 3822 2745 et

2214 2758 2423 2829 orabat,
2441 2776 2510 2819 ne
2527 2766 2777 2834 periculis
2793 2767 3134 2837 objiceretur.
3157 2771 3374 2826 Audivit
3399 2789 3526 2844 ergo
3541 2775 3819 2833 Christum

2213 2846 2478 2906 dicentem
2508 2871 2521 2907 :
2557 2854 2750 2925 Sit/ﬁcit
2781 2857 2869 2910 tibi
2892 2860 3057 2928 gratia
3077 2875 3228 2914 mea:
3264 2863 3420 2916 virtus
3445 2865 3578 2920 enim
3623 2883 3735 2920 mea
3760 2868 3820 2923 in

2214 2937 2509 3010 inﬁmitate
2558 2946 2820 3015 perﬁcitur
2866 2948 2984 3018 (ΙΙ).
3035 2965 3081 3003 υ.
3129 2951 3222 3021 9).
3278 2952 3566 3025 Postquam
3617 2958 3816 3028 igitur,

2215 3049 2460 3104 qumnam
2493 3045 2637 3092 esset
2666 3038 2759 3094 Dei
2789 3041 3050 3107 voluntas,
3077 3047 3313 3114 agnovit,
3342 3056 3452 3102 tum
3475 3051 3815 3109 voluntatem

2213 3140 2364 3181 suam
2381 3126 2635 3199 deinceps
2657 3130 2749 3186 Dei
2769 3133 3027 3188 voluntati
3044 3135 3290 3205 subjecit.
3323 3138 3448 3195 H:rc
3473 3140 3630 3212 igitur
3661 3153 3815 3198 utra-

2212 3229 2316 3287 que
2334 3230 2428 3287 per
2446 3221 2741 3276 orationem
2769 3222 2924 3278 istam
2945 3224 3146 3292 docuit,
3177 3236 3233 3282 ut
3260 3245 3430 3299 neque
3445 3232 3693 3301 periculis
3711 3251 3813 3291 nos

2211 3307 2545 3377 obiiciamus,
2571 3311 2664 3366 sed
2709 3321 2762 3368 et
2791 3329 3008 3370 oremus
3035 3331 3102 3371 ne
3139 3317 3190 3372 in
3235 3333 3299 3374 ea
3349 3319 3645 3378 incidamus
3677 3343 3691 3378 :
3724 3324 3812 3380 sin

2210 3408 2388 3453 autem
2439 3412 2538 3454 nos
2565 3400 2878 3471 invaserint,
2927 3421 2989 3461 ea
3027 3409 3291 3477 patienter
3317 3409 3567 3476 feramus,
3592 3429 3655 3468 ac
3683 3429 3812 3484 pro-

2211 3493 2343 3562 pria:
2365 3493 2628 3549 voluntati
2659 3495 2751 3550 Dei
2775 3498 3100 3556 voluntatem
3134 3502 3497 3570 praaferamus.
3529 3505 3660 3574 Qum
3681 3523 3808 3563 cum

2209 3583 2278 3638 ita
2330 3585 2485 3641 nobis
2534 3587 2805 3656 explorata
2860 3590 2987 3654 sint,
3028 3606 3262 3660 oremus,
3315 3605 3371 3649 ut
3423 3612 3711 3667 numquam
3751 3601 3807 3656 in

2211 3678 2557 3732 tentationem
2591 3680 2850 3736 intremus
2877 3699 2890 3736 :
2922 3685 3064 3754 quod
3117 3686 3162 3740 si
3218 3687 3538 3760 quandoque
3568 3691 3806 3748 intrave-

2208 3767 2396 3835 rimus,
2433 3770 2597 3824 Deum
2619 3787 2916 3840 precemur,
2949 3783 3010 3829 ut
3039 3775 3192 3830 nobis
3214 3779 3520 3845 patientiam
3556 3789 3610 3834 et
3655 3781 3806 3837 forti-

2209 3859 2445 3913 tudinem
2483 3861 2755 3932 largiatur,
2782 3863 3053 3935 ipsiusque
3082 3866 3404 3922 voluntatem
3435 3871 3578 3924 omni
3607 3880 3806 3927 nostra:

2207 3951 2463 4006 voluntati
2495 3955 2862 4023 praeferamus.
2905 3956 2995 4012 Sic
3040 3957 3182 4012 enim
3216 3958 3324 4025 lict,
3358 3967 3417 4014 ut
3456 3962 3617 4016 vitam
3663 3977 3804 4032 prae-

2205 4052 2414 4100 sentem
2437 4060 2559 4100 cum
2600 4048 2885 4102 securitate
2913 4051 3288 4120 trausigamus,
3343 4061 3398 4106 et
3449 4051 3622 4107 futura
3663 4055 3802 4110 bona

2205 4149 2633 4206 consequamur:
2660 4153 2888 4208 quorum
2929 4155 3025 4195 nos
3045 4153 3320 4211 compotes
3352 4143 3466 4198 fieri
3505 4145 3798 4216 contingat,

2193 4227 2372 4296 gratia
2401 4238 2456 4282 et
2486 4228 2810 4300 benignitate
2841 4231 3046 4285 Domini
3088 4234 3251 4288 nostri
3279 4233 3402 4288 Iesu
3428 4234 3647 4299 Christi,
3677 4250 3799 4290 cum

2203 4334 2309 4388 quo
2328 4319 2493 4386 Patri,
2510 4336 2611 4374 una
2629 4338 2751 4377 cum
2765 4323 2962 4391 Spiritu
2979 4333 3164 4378 saneto
3179 4325 3367 4394 gloria,
3385 4326 3688 4396 imperium,
3709 4329 3802 4381 lto-

2205 4425 2326 4476 nor,
2353 4427 2492 4466 nunc
2521 4423 2574 4467 et
2599 4428 2830 4484 semper,
2851 4423 2904 4469 et
2932 4413 2984 4468 in
3017 4417 3210 4470 saaeula
3233 4419 3570 4472 seculorum.
3603 4418 3796 4473 Amen.

531 4608 3767 4659 ΝΜ

1623 4899 1700 4956 IN
1742 4902 2167 4964 CONCIONEM
2215 4904 2669 4979 SEQUENTEM

600 5096 834 5154 Homilia
865 5099 931 5154 de
967 5101 1207 5176 Angusta
1243 5112 1397 5176 porta
1445 5112 1498 5162 et
1538 5104 1606 5163 de
1639 5103 1899 5165 Oratione
1939 5105 2214 5168 Dontinica
2258 5111 2459 5169 nullam
2510 5127 2620 5187 pne
2659 5128 2718 5174 se
2757 5112 2866 5174 fert
2906 5124 3114 5186 notant,
3144 5131 3205 5176 cr
3243 5131 3350 5190 qua
3387 5117 3469 5177 vel
3504 5126 3765 5192 tempatis

525 5212 608 5274 cal
629 5217 818 5284 :ulum,
853 5220 933 5274 vel
969 5221 1072 5275 loci
1106 5223 1158 5276 in
1190 5238 1298 5291 quo
1330 5225 1509 5278 habita
1555 5236 1638 5280 est
1681 5238 2060 5296 argumentum
2088 5228 2287 5284 dueere
2338 5235 2630 5301 possimus.
2683 5235 2795 5291 l-loc
2844 5252 3012 5290 umtm
3048 5247 3198 5291 certo
3247 5238 3428 5292 dicere
3469 5241 3616 5301 licet.
3640 5257 3764 5296 eam

523 5328 917 5399 Chrysostomo
952 5333 1165 5402 dignam
1194 5350 1334 5398 esse,
1375 5337 1602 5409 ejusque
1629 5341 1751 5410 styli
1786 5350 2018 5395 tesseras
2060 5343 2110 5394 in
2144 5357 2205 5396 ea
2239 5361 2344 5397 non
2381 5346 2574 5400 dubias
2603 5350 2951 5416 deprehendi,
2979 5365 3136 5406 secus
3171 5366 3332 5421 quam
3366 5356 3625 5423 opinatur
3660 5354 3767 5407 lla-

527 5442 693 5497 lesius
722 5445 774 5497 in
801 5446 941 5501 notis
966 5445 1254 5503 Savilianis
1287 5465 1336 5519 p.
1371 5452 1495 5515 725,
1527 5454 1618 5522 qui
1665 5456 2017 5521 pronuntiare
2055 5470 2222 5512 ausus
2259 5470 2380 5527 est,
2417 5470 2604 5516 contra
2647 5455 2896 5531 opusculi
2933 5466 3260 5536 γνησιότητα
3296 5481 3358 5519 ex
3399 5468 3521 5538 styli
3566 5484 3768 5537 genere

525 5559 812 5625 scrupulos
837 5561 990 5614 oriri.
1025 5559 1132 5616 Nos
1160 5574 1348 5616 contra
1383 5579 1490 5616 non
1533 5565 1730 5636 stylum
1769 5569 1929 5621 modo
1963 5570 2358 5640 Chrysostomi,
2393 5585 2577 5643 tropos
2600 5585 2655 5630 et
2685 5576 2877 5632 orandi
2916 5580 3136 5634 modum
3183 5583 3270 5637 hic
3306 5581 3636 5647 invenimus,
3669 5585 3765 5640 sed

525 5668 687 5724 etiam
719 5672 836 5728 loca
867 5673 987 5729 aliis
1015 5675 1388 5746 Chrysostomi
1424 5679 1582 5735 dictis
1609 5695 1869 5752 perquam
1903 5685 2140 5752 similia;
2173 5697 2231 5742 ut
2261 5698 2341 5745 est
2367 5690 2495 5744 illud
2527 5707 2674 5747 num.
2700 5693 2755 5762 2,
2787 5694 2876 5750 ubi
2913 5697 2980 5752 de
3015 5698 3261 5768 corporis
3298 5702 3519 5756 humani
3547 5706 3759 5760 consti-
