4106 6436
503 694 526 789 ‘I

551 278 609 332 41

1277 280 1332 334 S.
1375 279 1661 337 JOANNIS
1697 280 2177 339 CHRYSOSTOMI
2215 285 2537 345 AIKCIIIEP.
2573 289 3126 351 CONSTANTIXOP.

3745 302 3817 358 42

592 414 3802 450 ___________.._______________________________

624 558 738 632 [25]
775 558 914 629 Περὶ
952 558 1059 613 τοῦ
1088 558 1233 613 κατὰ
1280 559 1429 612 Θεὸν
1463 558 1905 645 πολιτεύεσθαι,
1945 558 2042 613 καί
2086 561 2173 640 είς
2205 561 2515 645 τὸηΣτενὴ
2559 566 2593 634 ἡ
2628 563 2791 645 πύλη.
2840 568 2937 621 ναὶ
2997 568 3070 623 τὰ
3098 568 3281 638 ἑξῆς·
3319 571 3419 626 καί
3465 572 3748 645 ἑρμηνεία

1132 654 1139 659 ο
1717 634 1826 697 τῆς
1851 634 2200 699 προσευχῆς
2232 634 2360 696 τοῦ,
2390 634 2582 705 ,Πάτερ
2621 634 2798 704 ἡμῶν.

581 832 648 887 α’.
681 833 866 901 nam;
899 830 996 902 μὲν
1031 829 1384 886 θεοπνεύστου
1408 831 1632 904 Γραφῆς
1663 834 1697 903 ἡ
1721 831 2026 901 ἀνάγνωσις
2045 834 2130 902 γί-

547 937 696 974 νεται
745 923 859 984 τοῖς
905 921 1265 991 προσέχουσιν
1310 920 1589 984 εὐσεϐείας
1630 920 1963 990 ἐπίγνωσις·
1991 924 2025 993 ἡ
2071 921 2129 975 δέ

547 1011 719 1082 σεπτὴ
744 1011 854 1063 τῶν
879 1011 1225 1079 Εὑαγγελίων
1261 1010 1448 1082 γραφὴ
1477 1012 1824 1083 ὑψηλοτέρων
1852 1011 1970 1065 ἐστὶ
1986 1012 2131 1067 διδα-

541 1100 767 1171 γμάτων
825 1101 1097 1173 ὑπεροχή·
1155 1101 1222 1155 τὰ
1259 1102 1367 1173 γὰρ
1423 1104 1482 1155 ἐν
1540 1102 1723 1167 αὑτοῖς
1772 1105 2127 1175 ἐμφερόμενα

540 1192 697 1261 λόγια
748 1192 976 1262 ὑψίστου
1023 1194 1301 1259 Βασιλέως
1357 1194 1594 1265 ὑπάρχει
1628 1194 1993 1265 θεσπίσματα.
2037 1196 2127 1250 Διὸ

541 1284 632 1336 καὶ
655 1283 859 1355 φοϐερά
885 1302 968 1347 τις
996 1284 1290 1353 ἠπείληται
1321 1285 1542 1349 κόλασις
1574 1287 1688 1349 τοῖς
1715 1285 1790 1357 μὴ
1823 1285 2125 1355 φυλάττου-

540 1394 625 1434 σιν
658 1375 902 1447 ἀκριϐῶς
927 1375 997 1430 τὰ
1020 1378 1111 1430 ὑπ’
1148 1378 1315 1431 αὐτοῦ
1344 1378 1628 1450 εἰρημένα.
1655 1379 1718 1431 Εί
1752 1378 1861 1450 γάρ
1892 1378 2000 1432 τῶν
2032 1379 2124 1432 ἐπὶ

537 1467 644 1537 γῆς
669 1468 945 1538 ἀρχόντων
966 1470 994 1520 6
1014 1468 1364 1539 παραϐαίνων
1383 1470 1506 1532 τοὺς
1529 1469 1723 1539 νόμους
1750 1470 2123 1541 ἀπαραίτητον

540 1559 832 1628 ὑφίσταται
858 1559 1099 1621 κόλασιν,
1131 1561 1280 1630 πόσῳ
1309 1560 1508 1630 μᾶλλον
1528 1561 1821 1632 ἀφορήτοις
1847 1560 2123 1632 ἐκδοθήσε-

535 1666 627 1701 ται
662 1648 913 1719 βασάνοις
944 1650 971 1702 6
1016 1648 1110 1702 τοῦ
1141 1650 1466 1721 ἐπουρανίου
1510 1652 1781 1705 Δεσπότου
1814 1651 2022 1704 ἀθετῶν
2050 1652 2120 1706 τὰ

538 1756 643 1810 προ
660 1739 940 1813 ,τάγματα
962 1756 976 1803 ;
1017 1740 1173 1794 Ἐπεὶ
1204 1737 1297 1795 οὖν
1332 1740 1503 1811 μέγας
1529 1741 1676 1794 ἐστὶν
1700 1742 1728 1793 6
1756 1740 1856 1811 τῆς
1879 1742 2117 1812 ἀπροσε-

534 1828 653 1895 ξίας
701 1830 962 1893 κίνδυνος,
1006 1829 1142 1901 μετὰ
1194 1830 1394 1902 πολλῆς
1441 1831 1725 1902 ἀκριϐείας
1754 1831 2116 1902 προσέχωμεν

534 1922 600 1991 τῇ
634 1919 897 1989 ἀκροάσει
918 1920 1026 1973 τῶν
1054 1920 1256 1990 ἀρτίως
1281 1921 1737 1990 ἀναγνωσθέντων
1764 1923 1897 1992 ἡμῖν
1931 1924 1995 1975 ἐκ
2019 1922 2113 1976 τοῦ

534 2011 862 2080 Εὑαγγελίου
902 2011 1183 2082 ῥημάτων.
1220 2012 1353 2064 Τίνα
1398 2011 1456 2065 δὲ
1501 2011 1676 2065 ταῦτά
1710 2013 1863 2077 ἐστι;
1896 2012 2110 2081 Στενὴ,

532 2104 717 2173 φησὶν,
740 2104 778 2170 τ’]
801 2104 987 2170 πύλη,
1020 2102 1120 2157 καί
1158 2102 1513 2173 τεθλιμμένη
1548 2105 1586 2171 ή
1613 2103 1753 2169 ὁδὸς
1782 2102 1818 2170 ἡ
1849 2102 2115 2172 ἀπάγουδ-

529 2208 611 2244 σα
642 2195 729 2257 εἱς
756 2191 872 2259 τὴν
894 2190 1045 2258 («uir
1064 2204 1079 2221 ·
1110 2190 1209 2244 καὶ
1234 2192 1425 2260 ὀλίγοι
1445 2189 1604 2244 εἰσίν
1628 2192 1683 2242 οί
1725 2189 2116 2257 εὑρίσκοντες

529 2283 742 2347 αίιτήν.
773 2283 883 2335 Καὶ
917 2281 1080 2335 πάλιν
1100 2295 1114 2310 ·
1150 2280 1413 2337 Elateia
1443 2282 1482 2349 ’ἡ
1516 2281 1704 2346 πύλη,
1736 2278 1836 2334 καὶ
1864 2280 2117 2348 εὐρύχω-

528 2387 631 2436 ρος
657 2369 695 2436 ἠ
729 2369 871 2435 όδὸς
903 2369 942 2436 ὴ
976 2367 1301 2445 ἀπάγουσα
1341 2370 1429 2435 είς
1474 2368 1590 2437 τὴν
1626 2367 1925 2423 ἀπώλειαν
1953 2406 1969 2434 ,
2014 2368 2114 2423 καὶ

528 2460 748 2515 πολλοί
777 2462 936 2513 εἰσιν
964 2462 1018 2514 οι
1043 2460 1410 2530 διερχόμενοι
1450 2460 1526 2513 δι’
1552 2460 1766 2529 αὐτῆς.

594 2574 814 2628 Τούτων
867 2573 978 2643 ἐγὼ
1024 2574 1265 2646 συνεχῶς
1319 2573 1532 2630 ἀκούων
1589 2574 1700 2629 τῶν
1752 2574 1951 2644 λόγων,
2016 2573 2113 2631 καὶ

529 2666 631 2720 τῶν
659 2664 961 2738 ἀνθρώπων
991 2666 1093 2738 τὴν
1138 2668 1231 2720 ἐπὶ
1256 2666 1326 2720 τά
1370 2668 1575 2738 μάταια
1604 2666 1819 2738 βλέπων
1853 2669 2109 2740 σπουδὴν,

524 2758 641 2812 λίαν
669 2756 934 2828 θαυμάζω
956 2757 1067 2809 τῶν
1087 2759 1206 2829 είρη
1216 2757 1392 2828 μένων
1413 2758 1513 2830 τὴν
1534 2757 1789 2828 ἀλήθειαν
1808 2770 1834 2799 ι
1856 2787 1872 2806 ι
1901 2760 2112 2824 Πάντες

525 2849 627 2920 γὰρ
649 2848 737 2903 διά
759 2849 859 2920 τῆς
889 2847 1146 2912 πλατείας
1181 2848 1485 2918 βαδίζουσιν
1529 2849 1671 2914 ὁδοῦ,
1709 2849 1911 2915 πάντες
1938 2854 2019 2916 είς
2040 2852 2110 2905 τά

523 2938 766 3008 παρόντα
789 2939 1055 3010 κεχήνασι
1085 2939 1408 3011 πράγματα,
1440 2940 1536 2994 καὶ
1558 2939 1665 2992 τῶν
1691 2940 1992 3011 μελλόντων
2019 2944 2111 2997 οὑ-

524 3030 711 3083 δέποτε
729 3028 1100 3100 λαμϐάνουσιν
1128 3029 1366 3084 ἔννοιαν·
1396 3030 1511 3085 ἀλλ’
1544 3034 1624 3095 εἰς
1654 3034 1752 3103 μὲν
1798 3031 1897 3097 τὰς
1922 3050 2111 3106 σωμαο

523 3118 683 3183 τικάς
737 3118 1072 3183 ἀπολαύσεις
1129 3120 1490 3183 ἀδιαλείπτως
1542 3122 1874 3192 ἐπείγονται,
1924 3124 2022 3188 τάς
2052 3125 2108 3178 δὲ

523 3207 697 3276 ψυχὰς
738 3206 900 3262 ἐῶσιν
930 3209 987 3261 ἐν
1010 3207 1154 3280 λιμῷ
1186 3211 1592 3281 κατατήκεσθαι
1612 3230 1624 3242 ’
1663 3214 1755 3267 καὶ
1791 3217 1961 3287 μυρία
1986 3216 2107 3270 καθ’

521 3295 757 3373 ἐκάστην
808 3299 1025 3372 ἡμέραν
1065 3301 1436 3372 λαμϐάνοντες
1482 3304 1808 3376 τραύματα,
1841 3307 2104 3362 οὐδέποτε

521 3388 771 3461 αἴσθησιν
805 3390 985 3460 έχουσι
1007 3391 1115 3446 τῶν
1148 3394 1207 3445 ἐν
1236 3388 1318 3456 οἷς
1347 3395 1453 3447 είσι
1474 3394 1660 3449 κακῶν
1682 3413 1694 3424 ·
1732 3398 1827 3451 καὶ
1864 3398 1971 3453 τῶν
2006 3400 2105 3470 μὲν

525 3480 610 3534 τοῦ
641 3481 890 3554 σώματος
909 3483 1071 3537 ἕνεκα
1107 3485 1471 3556 παθημάτων,
1517 3487 1748 3557 φοιτῶσι
1789 3488 1929 3561 πρὸς
1973 3491 2104 3554 τοὺς

522 3572 689 3628 ταῦτα
720 3573 1143 3646 θεραπεύοντας·
1200 3579 1293 3631 καί¹
1335 3580 1534 3644 αὐτοὺς
1567 3582 1624 3636 δὲ
1660 3581 1884 3649 τούτους
1914 3585 2098 3639 οἴκαδε

519 3665 998 3737 παραπέμπονται,
1029 3670 1121 3722 καὶ
1149 3669 1376 3741 μισθοὺς
1401 3674 1731 3745 παρέχουσιν
1757 3677 1838 3731 δτι
1868 3679 2101 3749 μάλιστα

431 3833 435 3838 _
518 3754 818 3823 πλείστους,
850 3759 944 3812 καὶ
971 3761 1261 3832 καρτερίαν
1294 3763 1697 3822 ἐπιδείκνυνται
1748 3768 1972 3843 πολλὴν,
2004 3773 2101 3826 καὶ

517 3847 614 3918 τῆς
646 3848 899 3903 ἐπιπόνου
933 3850 1231 3921 θεραπείας
1274 3854 1579 3926 ἀνέχονται,
1619 3858 1705 3912 ἶνα
1737 3861 1837 3931 τὴν
1884 3862 2097 3917 ἐκείνου

515 3937 701 4005 ὑγείαν
722 3940 1038 4011 ὠνήσωνται
1063 3956 1078 3971 ⁶
1110 3942 1210 4014 τῆς
1240 3943 1297 3995 δὲ
1327 3943 1503 4016 ψυχῆς
1530 3948 1717 4012 κακῶς
1748 3949 2099 4021 διακειμένης

515 4027 797 4090 παντελῶς
827 4028 1111 4098 ἀμελοῦσι,
1135 4031 1229 4083 καὶ
1250 4030 1349 4102 τὴν
1370 4032 1687 4105 ἀξιέραστον
1711 4036 1883 4109 αὑτῆς
1913 4039 2098 4106 ὑγείαν

515 4115 699 4168 λαϐεῖν
743 4117 804 4169 οὑ
855 4118 1236 4184 σπουδάζουσι,
1285 4120 1460 4174 καίτοι
1497 4125 1682 4192 σαφῶς
1720 4127 2093 4198 ἐπιστάμενοι,

514 4205 597 4259 ὅτι
631 4205 693 4258 τὸ
723 4206 823 4276 μὲν
854 4206 1011 4277 σῶμα
1032 4207 1225 4279 θνητόν
1258 4210 1374 4263 ἐστι
1403 4213 1497 4265 καὶ
1531 4215 1792 4289 ἐπίκηρον
1814 4258 1829 4282 ,
1861 4219 1957 4271 καὶ
1982 4223 2096 4285 τοῖς

514 4293 751 4363 ἐαρινοῖς
800 4296 1118 4366 προσέοικεν
1169 4298 1419 4352 ἄνθεσιν·
1475 4302 1676 4371 ὁμοίως
1710 4305 1818 4374 γὰρ
1865 4309 2096 4375 ἐκείνοις

514 4386 838 4457 μαραίνεται
899 4389 996 4443 καὶ
1045 4389 1346 4456 σὸέννυται,
1381 4394 1473 4446 καὶ
1503 4393 1678 4467 φθορᾷ
1719 4401 2091 4470 παραδίδοται·

512 4475 607 4547 τὴν
633 4476 689 4531 δέ
720 4478 897 4550 ψυχὴν
930 4481 1106 4556 ἴσασιν
1126 4480 1397 4555 ἀθανασίᾳ
1421 4487 1808 4559 τετιμημένην,
1844 4492 1938 4545 καὶ
1971 4494 2091 4548 κατ’

510 4565 694 4643 είκόνα
718 4564 869 4619 θείαν
900 4570 1291 4642 γεγενημένην,
1324 4573 1416 4625 καὶ
1444 4574 1537 4627 τοῦ
1562 4573 1698 4640 ζῶον
1724 4584 2091 4655 πεπιστευμέ-

509 4674 607 4727 νην
639 4657 764 4719 τοὺς
791 4656 1001 4721 οἴακας.
1040 4660 1215 4732 Ὅπερ
1250 4662 1360 4734 γάρ
1400 4665 1547 4720 ἐστιν
1595 4670 1808 4741 ἡνίοχος
1844 4672 2050 4746 ἅρματι
2075 4716 2089 4741 ,

505 4747 604 4835 καὶ
645 4746 982 4820 κυϐερνήτης
1010 4751 1200 4823 πλοίῳ,
1242 4757 1336 4808 καὶ
1372 4760 1628 4825 μουσικὸς
1660 4763 1896 4835 ὀργάνῳ,
1934 4767 2091 4822 τοῦτο

508 4834 645 4891 εἶναι
678 4838 755 4909 τῷ
787 4841 960 4913 γηΐνῳ
1004 4843 1179 4915 τούτῳ
1208 4847 1391 4901 σκεύει
1423 4849 1519 4920 τὴν
1557 4851 1735 4926 ψυχὴν
1766 4857 1794 4909 6
1844 4858 2089 4930 πλάστης

508 4929 918 5003 ἐνομοθέτησεν.
950 4933 1096 5007 Αὕτη
1125 4937 1233 5009 γὰρ
1255 4940 1471 5010 κατέχει
1499 4943 1599 5007 τὰς
1628 4947 1804 5015 ἡνίας,
1835 4967 1926 5003 και
1951 4929 2093 5005 κινεῖ

506 5020 576 5073 τὰ
613 5019 868 5090 πηδάλια,
901 5026 1115 5090 καὶτὰς
1142 5030 1335 5100 χορδὰς
1370 5032 1749 5105 ἀνακρούεται,
1785 5040 1877 5091 καὶ
1907 5036 1965 5094 εὖ
1992 5043 2089 5112 μὲν

505 5108 665 5162 τοῦτο
706 5112 1042 5181 πράττουσα,
1092 5117 1152 5170 τὸ
1185 5123 1555 5191 παναρμόνιον
1599 5126 1698 5198 τῆς
1725 5128 1925 5199 ἀρετῆς
1957 5108 2089 5185 ἀνα-

503 5199 761 5271 κρούεται
790 5202 952 5272 μέλος
972 5220 985 5234 ·
1014 5206 1142 5259 ὅταν
1173 5209 1229 5260 δέ
1264 5211 1296 5282 ἢ
1336 5212 1545 5287 χαλάσῃ
1568 5217 1694 5280 τοὺς
1724 5218 2014 5289 φθόγγους,
2052 5221 2085 5293 ἢ

503 5290 622 5363 [26]
650 5291 888 5365 διατείνῃ
925 5296 1068 5366 πέρα
1104 5299 1199 5352 τοῦ
1233 5301 1463 5367 δέοντος,
1495 5307 1587 5359 καὶ
1614 5310 1680 5378 τῇ
1712 5308 1873 5383 τέχνῃ
1904 5314 1996 5366 καὶ
2016 5290 2083 5385 τῇ

502 5380 738 5453 ἁρμονίᾳ
781 5384 1112 5454 λυμαίνεται.
1186 5390 1402 5463 Ταύτης
1458 5395 1637 5449 τοίνυν
1691 5380 1987 5468 ἀμελοῦσιν

501 5469 689 5522 πολλοὶ
744 5473 852 5527 τῶν
902 5478 1204 5549 ἀνθρώπων
1229 5524 1243 5542 ,
1300 5484 1393 5536 καὶ
1423 5486 1544 5538 οὑδὲ
1597 5488 1856 5560 βραχείας
1911 5493 2083 5562 αὑτὴν

503 5557 818 5625 ἐπιμελείας
849 5565 1114 5632 ἀξιοῦσιν,
1166 5572 1279 5622 ἀλλ’
1323 5574 1537 5629 ἅπαντα
1573 5578 1672 5649 τῆς
1721 5578 1868 5650 ζωῆς
1902 5582 2082 5636 αὑτῶν

565 5666 1322 5756 ξῶν-εἶρημένων
1344 5688 1428 5744 τήν
1449 5689 1685 5747 ἀλήθειαν.
1712 5693 1819 5742 Duo
1834 5700 2079 5756 postrema

507 5725 655 5772 verba
681 5728 860 5783 desunt
892 5737 939 5784 in
965 5725 1138 5785 Μοτρῇ

2231 837 2321 890 τὸν
2348 837 2536 907 χρόνον
2561 840 2645 902 εἰς
2663 839 2761 903 τὰς
2788 843 3104 912 σωματικὰς
3126 846 3477 902 ἀναλίσκουσι
3501 852 3810 921 φροντίδαςι

2230 930 2341 984 Καὶ
2365 933 2415 984 οί
2465 932 2565 1003 μὲν
2589 934 2684 987 τὸν
2727 935 2835 988 τῶν
2857 938 3126 992 ναυτίλων
3179 940 3513 1003 ἀσπάζονται
3542 943 3685 1012 βίον,
3720 946 3817 999 καὶ

2230 1022 2435 1094 κύμασι
2476 1026 2570 1079 καὶ
2620 1026 2893 1098 πνεύμασι
2927 1030 3212 1102 μάχονται,
3259 1033 3360 1103 τὴν
3394 1034 3542 1105 ζωὴν
3591 1036 3813 1089 καὶτὸν

2229 1114 2456 1171 θάνατον
2491 1119 2609 1189 μεθ’
2639 1121 2846 1174 ἑαυτῶν
2880 1126 3288 1195 περιφέροντες,
3325 1127 3420 1179 καὶ
3446 1128 3546 1191 τάς
3572 1129 3675 1199 τῆς
3706 1147 3814 1183 σω-

2226 1205 2421 1277 τηρίας
2464 1208 2684 1271 ἐλπίδας
2716 1210 2773 1263 ἐν
2813 1210 3021 1279 ὀλίγαις
3055 1214 3232 1268 σανίσι
3271 1217 3626 1287 κατέχοντες·
3673 1221 3723 1272 οί
3754 1220 3814 1272 δὲ

2224 1290 2315 1348 τὸν
2345 1297 2443 1367 τῆς
2471 1299 2774 1366 γεωπονίας
2802 1301 3150 1372 ἀναδέχονται
3185 1304 3405 1375 ἱδρῶτα,
3438 1306 3564 1377 βοῦς
3602 1309 3811 1381 ἀροτῆ-

2228 1402 2326 1458 ρας
2365 1385 2710 1456 ζευγνύντες,
2747 1391 2841 1444 καὶ
2870 1392 2972 1463 τὴν
3021 1394 3123 1463 γῆν
3170 1395 3553 1467 ἀροτριῶντες,
3588 1400 3684 1451 καὶ
3713 1398 3812 1453 νῦν

2226 1477 2326 1548 μὲν
2357 1480 2668 1551 σπείροντες
2696 1482 2791 1535 καὶ
2814 1481 3137 1554 θερίζοντες,
3170 1486 3265 1540 νῦν
3296 1486 3352 1539 δέ
3375 1488 3698 1557 φυτεύοντες
3713 1490 3813 1543 καὶ

2221 1569 2550 1639 τρυγῶντες,
2585 1571 2680 1623 καὶ
2708 1571 2855 1636 ἄπας
2876 1574 3059 1639 αὐτοῖς
3079 1577 3107 1628 6
3135 1576 3326 1648 χρόνος
3353 1578 3492 1648 μετά
3505 1581 3604 1651 τῆς
3623 1581 3813 1635 τοιαύ-

2220 1674 2321 1730 της
2354 1660 2527 1713 ὁδεύει
2571 1660 2949 1734 ταλαιπωρίας
2972 1681 2986 1696 ·
3031 1667 3081 1718 οί
3122 1666 3181 1722 δέ
3211 1667 3309 1733 τὰς
3338 1672 3604 1743 ἐμπορίας
3637 1674 3810 1747 ἐπέρ-

2220 1767 2405 1820 χονται
2436 1752 2486 1816 b,
2510 1753 2606 1806 καὶ
2634 1753 2774 1827 ὑπὲρ
2797 1753 3002 1810 τούτων
3029 1757 3128 1823 τὰς
3154 1761 3213 1813 ἐν
3245 1764 3315 1832 γῇ
3354 1777 3414 1815 τε
3440 1763 3533 1816 καὶ
3565 1763 3808 1839 θαλάττῃ

2219 1843 2497 1897 ποιοῦνται
2525 1844 2856 1916 ἀποδημίας,
2893 1848 2986 1902 καὶ
3015 1849 3112 1920 τῆς
3138 1852 3346 1915 οἰκείας
3376 1852 3475 1924 τὴν
3502 1852 3814 1929 ἀλλοδαπὴν

2225 1934 2555 2004 προτιμῶσι,
2583 1937 2678 1990 κα)⁵
2709 1940 2965 2010 πατρίδα,
3001 1942 3096 1994 καὶ
3122 1942 3304 2010 γένος,
3343 1946 3435 1997 καὶ
3473 1945 3681 2014 φίλους,
3706 1949 3811 2003 καὶ

2216 2022 2519 2097 όμοζύγους
2564 2029 2702 2099 μετὰ
2767 2030 2972 2085 παίδων
3021 2034 3562 2105 καταλιμπάνοντες,
3604 2039 3808 2108 ὀλίγων

2218 2118 2380 2173 ἕνεκα
2414 2118 2622 2193 κερδῶν
2655 2123 2754 2193 τὴν
2786 2123 2945 2195 ξένην
2979 2124 3334 2190 ἀσπάζονται.
3366 2129 3475 2181 Καὶ
3502 2129 3555 2182 τί
3588 2130 3670 2185 δεῖ
3692 2132 3808 2185 πάο

2219 2220 2317 2268 σας
2338 2205 2661 2275 καταλέγειν
2705 2206 2805 2271 τάς
2838 2209 3051 2279 τέχνας,
3081 2209 3148 2274 ἀς
3175 2214 3294 2274 ταῖς
3325 2213 3538 2284 χρείαις
3568 2214 3662 2268 τοῦ
3694 2214 3809 2271 σῶ-

2219 2304 2391 2357 ματος
2415 2287 2635 2361 ἐξεῦρον
2657 2290 2706 2343 οἱ
2728 2290 2825 2345 ἀνθ
2835 2308 3024 2363 ρωποι,
3059 2295 3116 2345 ἐν
3153 2287 3239 2357 αἷς
3263 2294 3678 2365 διημερεύοντες
3705 2300 3810 2352 καὶ

2214 2369 2738 2444 διανυκτερεύοντες,
2771 2374 2872 2443 τὴν
2903 2374 3001 2445 μὲν
3034 2375 3241 2431 ἐκείνου
3263 2377 3558 2450 θεραπείαν
3588 2381 3807 2448 ἑαυτοῖς

2217 2455 2651 2526 περιποιοῦνται,
2675 2456 2774 2528 τὴν
2802 2457 2859 2510 δὲ
2888 2458 3065 2529 ψυχὴν
3099 2459 3408 2532 ὑπερορῶσι
3436 2462 3707 2516 πεινῶσάν
3740 2482 3809 2518 τε

2214 2538 2309 2591 καὶ
2335 2537 2576 2608 διψῶσαν
2625 2540 2721 2594 καὶ
2750 2541 3051 2611 αὐχμῶσαν
3097 2543 3191 2597 καὶ
3241 2545 3523 2615 ῥυπῶσαν,
3568 2546 3661 2600 καὶ
3694 2548 3810 2602 ὑπὸ

2218 2620 2426 2692 μυρίων
2471 2621 2868 2694 ἐνοχλουμένην
2925 2625 3145 2693 κακῶν;
3205 2629 3315 2681 Καὶ
3375 2629 3515 2701 μετά
3570 2630 3810 2698 πολλοὺς

2218 2704 2447 2776 ἱδρῶτας
2481 2707 2577 2760 καὶ
2628 2706 2828 2771 πόνους
2887 2708 3008 2762 οὑδέ
3044 2706 3107 2763 τὸ
3152 2708 3346 2781 θνητὸν
3378 2712 3539 2783 σῶμα
3567 2713 3809 2769 θανάτου

2214 2790 2461 2858 κρεῖττον
2513 2789 2856 2861 ἐργάζονται,
2912 2792 3007 2845 καὶ
3038 2791 3137 2863 τὴν
3187 2793 3454 2848 ἀθάνατον
3512 2796 3649 2866 μετά
3703 2800 3808 2854 τοῦ

2213 2868 2409 2941 θνητοῦ
2438 2874 2560 2937 ταῖς
2582 2872 2871 2937 ἀθανάτοις
2890 2874 3252 2932 ὑποϐάλλουσι
3275 2879 3583 2949 τιμωρίαις.

2286 2955 2351 3026 β’.
2369 2954 2469 3008 Διά
2489 2956 2648 3010 τοῦτο
2678 2957 2797 3011 λίαν
2817 2957 3215 3032 ὀλοφυρόμενος
3242 2962 3342 3033 τὴν
3363 2974 3428 3013 πε
3438 2962 3807 3035 ρικεχυμένην

2210 3038 2435 3107 ἄγνοιαν
2472 3042 2593 3103 ταῖς
2620 3039 2729 3093 τῶν
2752 3040 3054 3113 ἀνθρώπων
3085 3042 3305 3113 ψυχαῖς,
3339 3045 3433 3098 καὶ
3470 3046 3566 3117 τῆς
3596 3047 3804 3101 ἐπικει-

2214 3122 2382 3193 μένης
2422 3123 2607 3187 αὑτοῖς
2654 3123 2851 3194 ἀχλύος
2883 3123 2983 3195 τὴν
3018 3127 3330 3199 παχύτητα,
3362 3128 3662 3200 ἐϐουλόμην
3699 3132 3803 3201 μὲν

2210 3204 2390 3275 εὑρεῖν
2422 3205 2654 3259 σκοπιάν
2682 3224 2803 3261 τινα
2821 3207 3033 3279 ὑψηλὴν
3050 3209 3510 3266 ὑπώεικνύουσάν
3551 3230 3643 3284 μοι
3667 3215 3801 3269 πάνο

2208 3305 2276 3341 τα
2308 3289 2376 3341 τά
2398 3288 2504 3341 τῶν
2530 3289 2832 3361 ἀνθρώπων
2867 3291 3019 3360 γένη·
3055 3292 3360 3366 ἐϐουλόμην
3399 3296 3456 3349 δέ
3485 3298 3578 3349 καὶ
3611 3299 3801 3369 φωνῆς

2205 3373 2408 3441 τυχεῖν,
2441 3371 2619 3425 πάντα
2670 3373 3043 3446 περιηχούσης
3092 3375 3164 3429 τά
3215 3378 3448 3449 πέρατα,
3481 3381 3574 3432 καί⁵
3626 3383 3801 3434 πᾶσιν

2205 3452 2480 3526 ἀρκούσης
2520 3457 2633 3518 τοῖς
2661 3457 2754 3509 ἐπὶ
2800 3460 2899 3526 τῆς
2931 3458 3054 3529 γῆς,
3092 3460 3185 3512 καὶ
3213 3462 3404 3531 στῆναι
3449 3462 3544 3515 καὶ
3572 3462 3799 3534 βοῆσαι,

2206 3537 2302 3591 καὶ
2358 3537 2454 3609 τὴν
2481 3539 2770 3611 Δαυῖδικὴν
2818 3541 3037 3614 ἐκείνην
3074 3545 3379 3615 ἀνακράξαι
3424 3548 3627 3618 φωνήν·
3673 3548 3797 3602 Υἱοὶ

2204 3621 2549 3690 ἀνθρώπων.
2579 3622 2689 3689 ἕως
2718 3624 2863 3678 πότε
2884 3626 3280 3696 ,ϐαρυκάρδιοι
3302 3644 3322 3694 ;
3350 3629 3437 3682 ἵνα
3463 3630 3516 3683 τί
3543 3632 3797 3699 ἀγαπᾶτε

2205 3707 2545 3780 ματαιότητα
2560 3710 2654 3762 καὶ
2682 3708 2895 3780 ζητεῖτε
2920 3709 3138 3780 ψεῦδος,
3164 3713 3541 3785 προτιμῶντες
3567 3715 3677 3770 τῶν
3708 3719 3792 3771 οὑο

2204 3789 2403 3860 ρανίων
2451 3791 2519 3844 τά
2564 3792 2930 3871 φθειρόμενα;
2967 3793 3113 3859 Ἕως
3151 3797 3282 3850 πότε
3323 3798 3449 3862 τοὺς
3480 3792 3795 3871 ὀφθαλμοὺς

2204 3872 2391 3941 μύετε,
2440 3873 2534 3926 καὶ
2566 3875 2635 3928 τὰ
2666 3870 2781 3929 ὦτα
2811 3876 2988 3946 βύετε,
3044 3880 3139 3933 καὶ
3175 3881 3273 3952 τῆς
3298 3880 3449 3945 θείας
3477 3870 3669 3955 φωνῆς
3690 3884 3792 3938 οὑκ

2199 3955 2451 4022 ἀκούετε,
2485 3959 2586 4029 τῆς
2618 3959 2740 4013 καθ’
2769 3960 3007 4032 ἑκάστην
3037 3964 3254 4035 ἡμέραν
3281 3963 3512 4035 βοῶσης·
3541 3967 3790 4030 Αίτεῒτε,

2201 4038 2297 4091 καί
2309 4039 2629 4107 δοθήσεται
2646 4044 2806 4112 ὑμῖν,
2821 4044 3060 4111 ζητεῖτε,
3081 4046 3181 4100 καὶ
3197 4047 3506 4115 εὑρήσετε,
3522 4051 3792 4116 κρούετε,

2200 4122 2300 4176 καί
2324 4124 2711 4194 ἀνοιγήσεται
2740 4127 2881 4197 ὑμῖν
2901 4145 2914 4158 ·
2946 4127 3067 4195 πᾶς
3084 4130 3195 4198 γὰρ
3226 4134 3257 4184 ό
3284 4130 3464 4185 αἰτῶν
3475 4131 3787 4201 λαμϐάνει,

2198 4206 2298 4260 καὶ
2331 4209 2364 4260 ό
2397 4205 2584 4275 ζητῶν
2615 4211 2903 4276 εὑρίσκει,
2935 4211 3031 4265 καὶ
3064 4210 3143 4277 τῷ
3167 4214 3445 4280 κρούοντι
3471 4214 3789 4283 ἀνοιγήσε-

2197 4305 2323 4355 ται;
2368 4290 2588 4362 Ἐπειδὴ
2633 4292 2691 4344 δέ
2732 4310 2876 4356 τινες
2922 4293 3275 4365 ἀτελέστερον
3311 4296 3647 4367 διακείμενοι
3690 4301 3789 4353 καὶ

2199 4372 2334 4439 πρὸς
2363 4371 2429 4425 τά
2453 4372 2678 4443 βιωτικά
2699 4375 2898 4445 μᾶλλον
2921 4377 3239 4447 ἐπιρρεπῶς
3278 4376 3512 4447 ἔχοντες,
3551 4381 3642 4432 καὶ
3670 4385 3785 4446 τοῖς

2197 4453 2547 4526 φιλοσάρκοις
2569 4459 3032 4527 ἐνηδυπαθοῦντες
3073 4459 3375 4531 λογισμοῖς,
3412 4461 3473 4514 οὐ
3510 4461 3783 4534 καθηκόν-

2193 4553 2305 4600 τως
2344 4538 2623 4593 ποιοῦνται
2669 4540 2769 4605 τὰς
2797 4542 3061 4612 αἰτήσεις,
3119 4543 3309 4596 τούτου
3362 4543 3523 4615 χάριν
3551 4546 3581 4598 ὀ
3606 4548 3785 4611 κοινὸς

2196 4620 2476 4692 Δεσπότης
2511 4622 2680 4693 εὑχῆς
2708 4625 2842 4693 ἡμῖν
2876 4623 3226 4679 διδασκαλίαν
3255 4626 3556 4691 ὑπέδειξεν,
3588 4628 3781 4683 είπιῖιν·

2199 4704 2384 4759 ’Ὅταν
2407 4708 2856 4776 προσεύχησθε,
2898 4706 2986 4777 μὴ
3014 4709 3459 4780 βαττολογεῖτε,
3493 4710 3699 4783 ὥσπερ
3726 4717 3784 4768 οι

2193 4790 2439 4844 ἐθνικοί·
2467 4791 2718 4845 δοκοῦσι
2742 4791 2873 4861 γὰρ,
2905 4793 2992 4845 ὅτι
3029 4794 3099 4848 ἐν
3123 4793 3200 4863 τῇ
3215 4798 3552 4868 πολυλογίᾳ
3578 4797 3785 4855 αὐτῶν

2192 4873 2797 4939 εἰσακουσθήσονται·
2826 4874 3177 4945 βαττολογίαν
3188 4878 3471 4949 ὀνομάζων
3489 4878 3589 4950 τὴν
3611 4880 3783 4947 φλυα-

2194 4954 2340 5035 ρίαν,
2384 4955 2485 5026 τὴν
2541 4955 2630 5009 διὰ
2684 4956 2894 5012 πολλῶν
2944 4959 3042 5029 μὲν
3070 4959 3247 5028 λόγων
3301 4963 3778 5035 προσφερομένην,

2192 5033 2459 5106 ὠφελείας
2476 5037 2532 5090 δὲ
2560 5038 2741 5108 πάσης
2766 5040 3162 5113 ἐστερημένην.

2275 5118 2678 5175 Ύπαινίττεται
2701 5123 2903 5188 τοίνυν,
2922 5123 3285 5194 ἀπαγορεύων
3307 5125 3406 5197 τὴν
3422 5127 3778 5198 βαττολογίαν

2192 5199 2221 5254 6
2246 5201 2469 5273 Κύριος,
2502 5203 2578 5275 μὴ
2607 5205 2805 5275 χρῆναι
2827 5209 2953 5270 τοὺς
2992 5208 3465 5280 προσευχομένους
3495 5214 3670 5265 αἰτεῖν
3704 5214 3775 5267 τά

2194 5285 2385 5354 ῥέοντα
2413 5286 2507 5339 καὶ
2534 5286 2900 5357 ἀπολλύμενα·
2945 5287 3019 5361 μὴ
3048 5288 3300 5360 σώματος
3326 5291 3659 5366 ὡραιότητα,
3677 5297 3776 5366 τὴν

2191 5367 2297 5420 ὑπὸ
2316 5368 2508 5438 χρόνου
2539 5370 2966 5441 μαραινομένην,
3005 5373 3101 5426 καὶ
3129 5374 3235 5428 ὑπὸ
3258 5374 3417 5428 νόσου
3440 5376 3773 5449 δαπανωμέ-

2193 5467 2313 5519 νην,
2342 5452 2435 5504 καὶ
2481 5453 2584 5505 ὑπὸ
2632 5453 2864 5508 θανάτου
2902 5456 3341 5528 καλυπτομένην·
3391 5459 3634 5515 τοιοῦτον
3664 5462 3777 5534 γάρ

2189 5533 2252 5587 τὸ
2310 5536 2622 5606 σωματικὸν
2669 5537 2884 5604 κάλλος.
2937 5541 3131 5604 ’Ἄνθος
3181 5542 3328 5594 ἐστὶν
3385 5533 3770 5614 ὀλιγοχρόνιον,

2246 5696 2435 5775 b.1313“;
2455 5703 2775 5774 μετέρχονται.
2827 5704 2963 5756 Unus
3006 5719 3097 5756 ms.
3139 5720 3252 5756 mox
3295 5708 3378 5757 καὶ
3416 5713 3501 5769 τῆς
3529 5713 3779 5775 ἡμεδαπῆς

2185 5760 2271 5819 τήν
2292 5760 2577 5821 ἀλλοδαπήνξ
