4106 6426
352 335 417 390 Η
1050 337 1136 395 DE
1178 335 1503 392 ANGUS'I‘A
1538 332 1790 401 PORTA,
1829 332 1916 387 ΕΤ
1961 335 2024 389 lN
2062 330 2461 389 ORATlONEM
2504 326 2904 386 DOMINICAM.
3528 319 3595 377 l2

331 857 411 897 ns
453 850 883 896 ius'rrruutvoa
926 845 1267 895 sucu-smne
1312 846 1490 889 DEUM
1560 844 1727 897 νισι-Α,
1778 842 1856 884 ετ
1912 837 1974 882 ιη
2033 833 2247 889 ILLUD,
2304 832 2586 877 sucus“
2645 834 2761 878 us'r
2829 833 3031 879 roum
3103 818 3367 901 (Matth.
3397 822 3461 883 7.
3495 821 3626 903 tt),

1053 948 1220 992 ETC.:
1268 948 1422 990 lTEM
1459 940 1839 989 EXPLICATIO
1882 932 2245 991 OBATIONIS,
2291 932 2496 976 parun
2539 933 2779 978 uos'rsn
2823 915 2936 998 (α).

402 1173 453 1228 Ι.
482 1171 670 1228 Omnis
695 1169 986 1241 Scriptura:
1011 1168 1267 1224 divinitus
1300 1165 1570 1235 inspirata:
1607 1160 1765 1217 lectio
1799 1154 1917 1212 ani-

330 1280 477 1318 mum
507 1262 881 1318 adhibentibus
905 1260 1008 1330 piae
1036 1258 1310 1329 religionis
1342 1255 1584 1310 notitiam
1606 1250 1762 1306 alfert
1790 1262 1918 1303 :ve-

329 1354 567 1412 neranda
599 1364 780 1410 autem
808 1352 1202 1423 evangeliorum
1226 1348 1500 1418 Scriptura
1530 1340 1917 1415 prazstantiori-

330 1448 431 1502 bus
463 1445 798 1500 documentis
832 1443 1081 1499 excellit:
1105 1456 1225 1512 qua:
1266 1439 1410 1495 enim
1450 1438 1503 1492 in
1537 1451 1601 1491 ea
1626 1432 1919 1489 efferuntur

326 1535 494 1600 dicta,
521 1535 757 1605 supremi
801 1534 962 1604 Regis
998 1540 1124 1588 sunt
1164 1530 1399 1586 oracula.
1441 1525 1800 1596 Quamobrem
1828 1523 1915 1590 iis,

322 1628 415 1699 qui
440 1626 584 1683 dicta
608 1625 726 1696 eius
750 1632 996 1680 accurate
1016 1639 1120 1678 non
1143 1621 1498 1683 observarint,
1526 1616 1783 1674 horribile
1811 1614 1915 1669 im-

328 1718 529 1789 pendet
554 1714 956 1787 supplicium.Si
982 1714 1126 1769 enim
1153 1713 1220 1778 is,
1242 1712 1333 1783 qui
1352 1722 1686 1766 terrenorum
1717 1704 1914 1776 princi-

324 1827 455 1882 pum
526 1809 673 1881 leges
738 1807 1146 1878 transgreditur,
1211 1802 1635 1877 indeprecabiles
1697 1799 1919 1857 omnino

324 1918 518 1974 pmnas
552 1902 662 1957 luet
693 1918 707 1954 :
736 1908 938 1972 quanto
963 1899 1131 1970 magis
1155 1897 1245 1969 qui
1274 1896 1505 1953 ca-lestis
1532 1892 1744 1949 Domini
1768 1891 1917 1962 jussa

323 1996 628 2061 detrectat,
675 1991 1027 2048 intolerandis
1068 1989 1389 2046 cruciatibus
1438 1984 1737 2041 afﬁcietur?
1782 1982 1916 2052 Quia

323 2088 491 2157 igitur
528 2100 780 2157 magnum
817 2092 901 2139 est
944 2082 1162 2138 incuria:
1206 2080 1524 2152 periculum,
1557 2092 1765 2133 summa
1793 2090 1917 2130 cum

323 2176 599 2248 diligentia
622 2175 841 2246 jamjam
870 2173 1023 2229 lectis
1050 2171 1408 2227 attendamus.
1435 2170 1566 2237 Qua:
1591 2176 1715 2224 sunt
1737 2174 1917 2222 autem

324 2266 450 2323 illa?
486 2268 709 2339 Augusta
735 2274 828 2329 est,
860 2264 1051 2335 inquit,
1083 2271 1251 2336 porta,
1277 2273 1323 2319 et
1340 2272 1482 2316 arcta
1508 2261 1613 2327 via,
1641 2274 1757 2333 qua:
1779 2258 1919 2312 ducit

323 2359 391 2414 ad
430 2358 585 2412 vitam
615 2373 635 2412 .'
663 2365 709 2411 et
753 2356 904 2427 pauci
947 2355 1205 2410 inveniunt
1248 2371 1360 2408 eam
1387 2351 1601 2426 (Matth.
1620 2352 1675 2418 7,
1709 2350 1822 2421 14.)
1852 2349 1920 2404 ΕΙ.

325 2466 517 2508 rursus
545 2449 714 2505 :Lata
747 2457 818 2503 est
863 2457 1028 2519 porta,
1058 2455 1104 2501 et
1147 2446 1372 2517 spatiosa
1411 2444 1511 2509 via,
1533 2458 1649 2515 qute
1685 2441 1823 2495 ducit
1850 2443 1919 2494 ad

325 2542 661 2611 perditionem
681 2579 698 2604 ,
726 2546 774 2593 et
794 2534 941 2592 multi
961 2544 1078 2591 sunt
1100 2534 1189 2604 qui
1209 2540 1468 2589 transeunt
1506 2547 1595 2603 per
1629 2545 1759 2585 eam.
1806 2526 1916 2599 (Ib.

323 2648 371 2685 υ.
406 2631 526 2701 ιδ.)

393 2722 641 2792 Corporis
689 2737 812 2777 cura
847 2720 1005 2775 animi
1049 2734 1187 2775 curre
1224 2715 1592 2790 postponenda.
1614 2742 1689 2755 ——
1714 2713 1917 2770 Horum

321 2831 425 2889 ego
456 2814 709 2885 frequens
732 2813 944 2869 auditor
975 2811 1287 2875 verborum,
1312 2810 1695 2878 hominumque
1744 2805 1919 2862 studia

323 2920 558 2964 cernens
583 2905 829 2960 inanibus
855 2904 910 2959 in
935 2903 1096 2959 rebus
1123 2902 1314 2972 posita,
1345 2901 1608 2956 dictorum
1638 2898 1917 2954 veritatem

322 2999 675 3057 vehementer
700 2996 956 3051 admiror.
984 2994 1186 3051 Omnes
1213 2992 1412 3063 quippe
1440 2992 1491 3046 in
1519 2990 1624 3045 lata
1667 2988 1918 3060 gradiun-

324 3101 412 3145 tur
430 3089 540 3154 via,
562 3101 752 3145 omnes
770 3086 934 3143 rebus
955 3084 1161 3140 inhiant
1189 3082 1562 3154 praesentibus,
1592 3079 1919 3135 futurorum-

322 3197 428 3253 que
459 3179 839 3251 cogitationem
862 3191 1148 3248 numquam
1167 3174 1491 3243 suscipiunt;
1515 3173 1611 3229 sed
1635 3171 1702 3227 ad
1725 3184 1918 3242 corpo-

324 3288 448 3330 reas
487 3272 786 3341 voluptates
829 3284 951 3324 cum
1009 3268 1211 3337 impetu
1273 3263 1594 3335 assidueque
1651 3262 1916 3326 feruntur,

324 3365 537 3420 animas
562 3376 691 3419 vero
709 3374 838 3416 suas
862 3359 1047 3415 sinunt
1075 3357 1218 3414 fame
1246 3356 1662 3421 contabescere;
1687 3367 1921 3424 cumque

323 3454 625 3512 innumeris
671 3452 908 3524 quotidie
942 3450 1252 3506 vulneribus
1289 3448 1687 3511 confodiantur,
1728 3461 1918 3503 eorum

324 3549 377 3603 in
406 3546 603 3618 quibus
623 3553 905 3601 versantur
924 3542 1185 3599 malorum
1214 3542 1418 3598 nullum
1446 3539 1646 3596 habent
1666 3552 1915 3595 sensum:

324 3655 388 3695 ac
411 3638 507 3711 qui
536 3637 589 3693 in
617 3635 890 3706 corporeis
905 3633 1310 3706 aegritudinibus
1336 3632 1403 3688 ad
1432 3631 1671 3688 medicos
1697 3630 1916 3696 adeunt,

324 3732 474 3801 ipsos
509 3729 727 3785 domum
764 3735 1019 3793 evocant,
1045 3725 1539 3796 amplissimamque
1580 3722 1686 3777 illis
1710 3736 1920 3776 merce-

324 3824 450 3879 dem
478 3821 798 3886 retribuunt,
825 3817 1162 3875 tolerantiam
1191 3832 1320 3873 vero
1345 3830 1611 3871 summam
1637 3812 1914 3876 exhibent,

325 3928 383 3974 et
410 3916 742 3972 curationem
763 3912 1029 3969 sustinent
1056 3911 1405 3975 laboriosam,
1424 3923 1534 3980 quo
1558 3905 1916 3963 valetudinem

325 4015 727 4079 consequantur
764 4004 1044 4075 corporis;
1077 4003 1151 4058 illi
1180 4044 1195 4070 ,
1224 4002 1440 4073 inquam
1458 4042 1473 4067 ,
1502 3999 1645 4055 male
1672 3997 1916 4053 affectam

324 4103 561 4160 animam
605 4112 830 4172 prorsus
875 4097 1169 4168 uegligunt,
1202 4094 1666 4166 expetendamque
1691 4090 1807 4162 ejus
1831 4103 1918 4144 sa-

326 4195 547 4251 nitatem
584 4198 955 4254 contemnunt,
980 4189 1103 4244 licet
1145 4188 1310 4258 probe
1348 4185 1518 4242 sciant
1547 4199 1742 4255 corpus
1771 4197 1918 4237 mor-

327 4286 433 4343 tale
454 4293 511 4341 et
535 4282 867 4353 corruptioni
896 4280 1186 4337 obnoxium
1215 4294 1356 4346 esse,
1383 4276 1671 4348 vernisque
1696 4274 1920 4331 ﬂoribus

324 4375 606 4433 consimile
629 4389 642 4427 :
665 4372 884 4444 perinde
903 4371 1044 4427 enim
1068 4369 1369 4434 marcescit,
1394 4368 1769 4438 exstinguitur,
1798 4380 1921 4420 cor—

327 4467 594 4536 rumpitur
618 4466 887 4530 ;animam
928 4477 1058 4518 vero
1107 4460 1505 4516 immortalitate
1531 4458 1830 4530 praeditam,
1864 4463 1920 4512 et

326 4561 392 4617 ad
419 4560 703 4632 imaginem
736 4558 834 4614 Dei
866 4556 1088 4622 factam,
1117 4554 1202 4611 cui
1229 4553 1537 4610 concredita
1562 4560 1689 4608 sunt
1713 4551 1919 4605 anima-

327 4654 394 4710 lis
421 4651 663 4722 corporis
690 4647 1067 4721 gubernacula.
1099 4644 1252 4713 Quod
1286 4645 1430 4701 enim
1460 4654 1543 4699 est
1582 4642 1766 4712 auriga
1796 4656 1918 4722 cur-

330 4746 438 4809 rui,
466 4744 793 4815 gubernator
837 4739 990 4806 navi,
1014 4737 1251 4793 musicus
1280 4736 1658 4800 instrumento,
1687 4718 1919 4803 idipsum

327 4838 454 4893 huic
490 4845 705 4891 terreno
746 4831 963 4887 vasculo
1004 4845 1125 4885 esse
1172 4829 1403 4884 animam
1447 4826 1699 4896 praecepit
1727 4822 1917 4894 Opifex

326 4930 440 4986 llle.
471 4927 595 4984 Haec
621 4926 857 4981 habenas
886 4931 1051 4987 tenet,
1080 4925 1287 4977 clavum
1319 4919 1646 4981 moderatur,
1679 4929 1733 4972 et
1754 4916 1917 4971 chor-

325 5021 423 5075 das
473 5014 845 5089 pulsatzquod
884 5029 1006 5070 cum
1054 5013 1285 5068 scienter
1329 5011 1486 5073 facit,
1537 5009 1917 5064 suavissimum

327 5111 536 5168 virtutis
554 5108 732 5166 reddit
756 5115 1074 5162 concentum
1105 5122 1118 5158 :
1150 5119 1271 5159 eum
1300 5112 1477 5158 autem
1519 5101 1604 5158 vel
1653 5100 1921 5156 remiserit

328 5220 509 5271 sonos,
543 5201 627 5256 vel
668 5199 957 5255 intenderit
984 5197 1102 5268 plus
1154 5212 1312 5266 quam
1353 5203 1620 5265 oporteat,
1652 5205 1706 5250 et
1749 5202 1919 5249 artem

328 5307 381 5350 et
420 5295 752 5351 harmoniam
796 5288 1097 5345 labefactat.
1128 5287 1296 5358 llnjus
1335 5303 1465 5358 ergo
1504 5287 1697 5342 anima:
1736 5300 1918 5341 curam

325 5389 585 5458 abjiciunt
625 5385 777 5441 multi
813 5383 1100 5450 mortales,
1128 5396 1226 5436 nec
1256 5381 1475 5436 minima
1515 5380 1733 5451 quidem
1776 5379 1917 5434 illam

328 5494 455 5535 cura
484 5479 808 5550 dignantur;
839 5478 933 5532 sed
966 5483 1135 5531 totum
1162 5475 1283 5530 vita:
1310 5484 1521 5545 tempus
1550 5475 1602 5528 in
1631 5488 1922 5542 corporeas

328 5569 717 5627 sollicitudines
743 5566 1080 5637 impendunt.
1107 5566 1281 5636 Atque
1311 5564 1363 5621 hi
1391 5565 1606 5637 quidem
1645 5566 1921 5621 nauticum

332 5685 467 5802 ωςέ
499 5681 675 5736 collata
711 5694 825 5733 cum
856 5687 966 5732 Mss.
993 5680 1154 5745 Regiis
1178 5678 1299 5732 1965
1321 5686 1375 5731 et
1396 5678 1537 5742 πω,
1562 5686 1616 5733 et
1645 5679 1925 5733 Colbertiuo

668 5844 942 5908 Pnaon.
991 5844 1106 5905 Gn.
1162 5843 1259 5909 LI.

1787 1066 2183 1085 -ἒ-

2019 1149 2143 1203 vitae
2173 1162 2344 1218 genus
2373 1146 2788 1216 amplectuntur,
2820 1160 2885 1201 ac
2911 1161 3031 1204 cum
3070 1148 3315 1206 ﬂuctibus
3350 1159 3406 1208 et
3443 1154 3621 1209 ventis

2021 1245 2336 1295 concertant
2371 1252 2385 1290 ;
2423 1239 2584 1291 vitam
2634 1248 2969 1308 mortemque
3011 1253 3193 1295 secum
3247 1255 3465 1312 semper
3514 1257 3622 1299 una

2020 1328 2494 1394 circumferentes,
2523 1343 2784 1399 spemque
2810 1329 2997 1385 salutis
3032 1339 3196 1386 totam
3231 1333 3439 1405 exiguis
3475 1350 3628 1391 com-

2032 1421 2308 1475 mittentes
2331 1418 2523 1474 tabulis
2547 1435 2561 1473 :
2584 1418 2655 1473 illi
2678 1418 3017 1491 agricultura:
3042 1422 3271 1479 sudores
3301 1426 3623 1497 suscipiunt,

2021 1511 2189 1568 boves
2217 1519 2397 1566 aratro
2436 1509 2700 1581 jungunt,
2734 1518 2931 1566 terram
2968 1511 3197 1578 sulcant,
3231 1529 3373 1571 nunc
3406 1498 3624 1573 semen-

2021 1611 2130 1658 tem
2174 1602 2403 1670 iaciunt,
2458 1616 2602 1657 nunc
2653 1603 3084 1658 metuntzmodo
3137 1605 3401 1676 plantant,
3463 1609 3626 1665 modo

2022 1696 2306 1753 vindemia!
2322 1695 2453 1751 dant
2471 1711 2726 1767 operam;
2754 1705 2809 1753 et
2836 1696 2938 1753 hac
2962 1697 3017 1752 in
3048 1699 3264 1755 miseria
3286 1709 3454 1757 totum
3486 1712 3626 1759 tem-

2020 1803 2119 1860 pus
2147 1787 2493 1842 emetiuntur.
2536 1787 2644 1842 Alii
2699 1796 3053 1844 mercaturam
3102 1789 3334 1858 adeunt,
3369 1802 3424 1849 et
3463 1809 3525 1850 ea
3556 1795 3626 1851 de

2019 1893 2180 1934 causa
2231 1886 2378 1933 terra
2424 1877 2664 1949 marique
2713 1881 3139 1950 peregrinantur,
3168 1882 3402 1939 alienum
3448 1885 3623 1941 solum

2022 1982 2121 2025 suo
2168 1968 2528 2024 anteferentes
2548 2010 2564 2036 ,
2595 1969 2845 2040 patriam,
2873 1985 3063 2040 genus,
3094 1972 3315 2038 amicos,
3346 1974 3623 2048 coniuges,

2022 2058 2221 2115 liberos
2242 2058 2568 2129 relinquunt,
2593 2058 2880 2131 exiguique
2899 2060 3030 2115 lucri
3056 2074 3216 2117 causa
3244 2063 3473 2120 libenter
3501 2082 3626 2137 per-

2023 2157 2231 2221 agrant.
2279 2149 2385 2205 Sed
2439 2150 2566 2221 quid
2614 2151 2806 2205 attinet
2856 2160 3001 2206 artes
3040 2166 3230 2208 omnes
3279 2170 3621 2223 enumerare,

2028 2255 2162 2311 quas
2204 2240 2257 2295 in
2290 2255 2443 2297 usum
2485 2240 2730 2312 corporis
2768 2242 3059 2298 commenti
3101 2252 3227 2298 sunt
3272 2244 3540 2315 homines,
3569 2248 3621 2302 in

2022 2333 2217 2405 quibus
2253 2333 2341 2390 die
2385 2342 2654 2405 noctuque
2690 2343 2991 2401 versantes,
3026 2349 3213 2391 curam
3243 2338 3486 2407 corporis
3520 2339 3623 2395 sibi

2021 2423 2340 2493 suscipiunt,
2369 2424 2605 2479 animam
2635 2438 2763 2480 vero
2812 2424 3115 2495 despiciunt
3162 2427 3509 2496 esurientem,
3546 2430 3623 2485 si-

2022 2514 2263 2580 tientem,
2287 2514 2644 2585 squalentem,
2667 2514 2919 2571 sordibus
2941 2516 3214 2586 fmdatam,
3246 2521 3621 2593 sexcentisque

2019 2609 2270 2680 agitatam
2297 2608 2590 2665 aerumnis?
2611 2607 2876 2665 Caeterum
2905 2620 3024 2680 post
3049 2617 3226 2667 tantos
3252 2612 3375 2668 illos
3398 2613 3623 2671 sudores

2021 2701 2342 2773 laboresque
2392 2702 2626 2759 mortale
2654 2717 2849 2772 corpus
2888 2717 2919 2756 a
2961 2712 3136 2759 morte
3184 2719 3290 2760 non
3327 2705 3619 2771 vindicant,

2019 2795 2366 2866 animamque
2394 2795 2753 2852 immortalem
2782 2811 2906 2851 cum
2923 2796 3135 2853 mortali
3162 2811 3390 2870 corpore
3407 2802 3625 2857 aeternis

2022 2888 2300 2959 suppliciis
2328 2887 2639 2960 subjiciunt.

2180 2979 2404 3035 Tantam
2432 2994 2533 3051 ego
2560 2979 2868 3035 mortalium
2892 2980 3086 3036 animis
3115 2981 3339 3038 oﬂ'usam
3362 2983 3617 3055 ignoran-

2023 3070 2171 3140 tiam,
2201 3071 2647 3143 ingruentemque
2674 3071 2805 3142 ipsis
2826 3072 3046 3128 densam
3078 3074 3359 3145 caliginem
3387 3065 3636 3146 deﬂens,

2022 3162 2212 3219 vellem
2241 3163 2425 3233 utique
2443 3163 2727 3218 sublimem
2745 3163 3033 3233 quamdam
3060 3165 3300 3235 reperire
3324 3168 3620 3237 speculam,

2021 3269 2141 3324 quas
2170 3255 2419 3310 universa
2449 3252 2580 3309 mihi
2614 3254 2893 3309 hominum
2935 3270 3129 3326 genera
3175 3258 3346 3313 oculis
3385 3259 3620 3331 subjice-

2022 3354 2104 3402 ret
2124 3362 2138 3402 :
2157 3361 2453 3417 vocemque
2468 3346 2584 3401 dari
2602 3343 2755 3413 mihi,
2776 3361 2896 3416 qum
2909 3354 3087 3417 posset
3105 3346 3173 3402 ab
3189 3347 3452 3403 universis
3467 3359 3626 3409 terra:

2023 3437 2219 3493 finibus
2236 3437 2501 3505 exaudiri,
2537 3446 2596 3492 ιιι
2623 3436 2932 3493 Davidicum
2961 3437 3110 3494 illum
3142 3451 3332 3493 sonum
3359 3438 3573 3495 ederem
3606 3460 3622 3496 :

2024 3529 2151 3585 Filii
2176 3530 2437 3586 hominum
2454 3573 2467 3596 ,
2494 3546 2746 3602 nsquequo
2775 3530 2917 3601 gravi
2958 3529 3158 3585 corde?
3181 3542 3235 3585 ut
3255 3531 3378 3603 quid
3402 3533 3615 3605 diligitis

2020 3622 2328 3689 vanitatem,
2376 3633 2424 3676 et
2467 3621 2692 3692 queritis
2735 3619 3053 3675 mendacium
3084 3619 3255 3693 (Psal.
3284 3621 3341 3689 ι,
3372 3623 3463 3694 5)?
3483 3623 3611 3679 dum

2022 3721 2233 3768 terrena
2255 3710 2576 3778 caelestibus,
2605 3719 2953 3782 temporanca
2979 3711 3217 3779 aeternis,
3248 3713 3614 3783 corruptibilis

2022 3793 2517 3873 incorruptibilibus
2553 3799 2899 3871 anteponitis.
2926 3800 3218 3871 Usquequo
3244 3803 3433 3857 oculos
3471 3803 3621 3858 clau-

2019 3895 2168 3964 ditis,
2194 3909 2354 3950 aures
2383 3892 2666 3957 obturatis,
2694 3892 3042 3961 divinamque
3071 3891 3212 3945 illam
3237 3906 3424 3947 vocem
3442 3895 3621 3964 quoti~

2004 3982 2108 4045 “die
2132 3988 2453 4043 clamantem
2483 4000 2590 4040 non
2630 3983 2824 4039 auditis
2858 3999 2873 4037 :
2920 3982 3101 4050 Petite,
3126 3992 3175 4037 et
3210 3982 3416 4039 dabitur
3460 3986 3615 4052 vobis,

2019 4081 2248 4152 quaerite,
2267 4090 2314 4135 et
2339 4077 2636 4145 invenietis;
2655 4076 2872 4149 pulsate,
2890 4086 2938 4130 et
2956 4075 3215 4146 aperietur
3234 4076 3371 4131 vobis
3394 4075 3611 4147 (Matth.

2023 4174 2076 4239 7,
2108 4171 2202 4244 7)?
2234 4169 2414 4225 Omnis
2435 4171 2567 4223 enim
2593 4170 2682 4234 qui
2710 4166 2850 4237 petit,
2880 4165 3066 4236 accipit
3086 4179 3105 4228 ,°
3127 4174 3174 4219 et
3194 4167 3281 4234 qui
3306 4166 3509 4236 quaerit,
3538 4167 3620 4221 iu-

2020 4264 2174 4328 venit,
2197 4270 2241 4315 et
2262 4260 2488 4332 pulsanti
2507 4259 2760 4330 aperietur
2781 4255 2887 4330 (Ib.
2916 4273 2965 4312 v.
3037 4256 3118 4328 8).
3152 4255 3285 4325 Quia
3311 4272 3443 4312 vero
3483 4273 3620 4315 non-

2024 4355 2155 4410 nulli
2187 4353 2616 4424 imperfectiores
2640 4359 2785 4415 sunt,
2814 4358 2867 4405 et
2889 4349 2953 4402 ad
2979 4348 3258 4404 saecularia
3290 4350 3474 4418 proni,
3498 4364 3617 4405 car-

2023 4445 2342 4514 nalibusque
2396 4440 2806 4513 cogitationibus
2861 4439 3173 4509 indulgent,
3225 4453 3330 4494 non
3396 4455 3460 4495 ea
3508 4456 3613 4513 qua

2023 4543 2299 4606 oporteret
2354 4533 2565 4589 ratione
2614 4544 2800 4602 preces
2848 4516 3282 4586 adhibentzideo
3319 4536 3621 4589 communis

2022 4626 2261 4683 omnium
2285 4624 2543 4680 Dominus
2571 4621 2820 4693 precandi
2856 4621 3009 4676 nobis
3030 4619 3258 4677 formam
3290 4625 3619 4696 praescripsit

2023 4718 2209 4775 dicens
2251 4733 2264 4770 :
2315 4713 2529 4770 Orontes
2567 4722 2757 4781 autem,
2805 4711 2962 4767 nolite
3004 4715 3220 4767 multaut
3268 4715 3444 4784 loqui,
3489 4718 3621 4771 sicut

2024 4812 2209 4867 ethnici
2235 4827 2253 4864 :
2275 4819 2454 4880 putant
2481 4808 2635 4871 enim,
2662 4806 2800 4877 quod
2834 4806 2886 4859 in
2932 4805 3252 4877 multiloquio
3286 4808 3622 4862 exaudientur

2026 4903 2239 4978 (Matth.
2267 4902 2320 4961 6.
2350 4903 2407 4973 7)
2437 4921 2450 4956 :
2475 4900 2865 4972 multiloquimn
2889 4914 3084 4954 vocans
3117 4899 3444 4968 futilitatem,
3475 4904 3610 4958 mul-

2025 4997 2250 5053 titudine
2297 4996 2581 5051 verborum
2624 4993 3028 5055 redundantem,
3066 4991 3400 5064 utilitatequc
3426 5008 3618 5051 caren-

2025 5105 2157 5151 tetu.

2102 5182 2442 5239 Pulchritudo
2483 5183 2744 5254 corporis,
2791 5199 2971 5255 resque
3016 5192 3229 5239 terrente
3272 5201 3423 5253 quant
3468 5186 3628 5254 ﬂuxa:

2025 5278 2145 5332 sint.
2170 5277 2409 5333 Omnium
2437 5275 2748 5346 dispensatio
2784 5273 2895 5331 Deo
2930 5276 3293 5331 committenda
3335 5276 3625 5331 -—-Subin—

2027 5370 2173 5426 dicat
2218 5369 2378 5441 igitur
2427 5367 2717 5433 Dominus,
2764 5366 2891 5422 dum
2936 5367 3309 5437 mutiloquium
3354 5366 3629 5436 prohibet,

2033 5477 2140 5516 non
2170 5467 2419 5532 oportere
2447 5474 2564 5525 eos,
2599 5459 2687 5530 qui
2717 5468 3021 5528 precantur,
3052 5455 3193 5511 ﬂuxa
3223 5465 3277 5511 et
3301 5459 3617 5529 corruptibi-

2033 5552 2100 5607 lia
2159 5549 2431 5622 postulare
2478 5565 2492 5603 :
2549 5565 2655 5603 non
2704 5545 2947 5617 corporis
3000 5543 3474 5614 pulchritudinem,
3508 5560 3628 5619 quae

2034 5652 2275 5711 tempore
2315 5640 2627 5705 marcescit,
2658 5647 2711 5693 et
2753 5636 2946 5693 morbo
2990 5634 3360 5703 labefactatur,
3384 5637 3623 5694 demum-

2036 5749 2140 5806 quc
2171 5742 2343 5788 morte
2375 5729 2601 5789 deletur.
2633 5728 2777 5785 Talis
2823 5741 3054 5799 namque
3101 5735 3187 5782 est
3227 5728 3471 5800 corporis
3514 5731 3633 5802 ραι.

3211 5846 3252 5906 3
