4106 6432
500 321 560 373 i3
1263 319 1314 377 S.
1361 319 1638 377 JOANNlS
1675 317 2149 376 CllRYSOSTOlll
2187 318 2509 378 ARCHIEP.
2551 321 3088 382 CONSTANTINOP.
3733 333 3802 388 l4

496 437 767 502 clu-itudo,
821 437 920 492 ﬂos
975 436 1195 491 minimc
1245 434 1543 499 diuturnus,
1574 433 1664 504 qui
1701 432 1994 504 pauxillum
2027 432 2080 486 in

497 529 796 599 juventutis
827 543 953 584 vere
993 526 1166 591 ﬂoret,
1199 525 1294 582 sed
1347 525 1495 581 brevi
1546 524 1802 594 temporis
1857 524 2086 580 decursu

497 622 876 690 corrumpitur.
907 621 961 676 Si
989 621 1108 690 quis
1135 633 1262 673 vero
1290 616 1640 672 substantiam
1663 616 1779 687 ejus
1807 615 2088 685 explorare

498 713 648 778 velit,
681 722 806 768 tunc
839 712 986 766 illum
1019 711 1185 781 magis
1214 708 1478 779 despuere
1516 709 1737 778 poterit.
1766 706 1910 762 Nihil
1941 708 2086 760 enim

494 804 642 860 aliud
689 814 792 868 est,
817 817 974 869 quam
1017 801 1229 871 pituita,
1271 799 1488 870 sanguis
1529 807 1583 854 et
1634 797 1848 866 humor,
1877 798 2088 868 cibique

495 895 668 948 mansi
689 893 894 965 chylus.
917 891 1051 947 llinc
1079 892 1221 946 enim
1249 890 1412 956 oculi,
1443 903 1616 960 genae,
1643 903 1819 953 nares,
1844 887 2086 958 superci-

496 985 586 1050 lia,
618 984 781 1051 labia,
814 993 1091 1053 totumque
1119 997 1316 1053 corpus
1343 981 1593 1052 irrigatur
1622 996 1637 1034 :
1665 994 1785 1050 quae
1809 980 1853 1034 si
1880 978 2088 1033 desinat

494 1075 752 1146 irrigatio,
788 1076 874 1128 illa
920 1073 1110 1128 forma:
1147 1082 1398 1128 venustas
1446 1085 1667 1142 prorsus
1711 1070 1937 1126 desinet.
1970 1069 2087 1124 N..=n

493 1168 838 1238 pecuniarum
885 1167 1182 1231 facultates,
1211 1181 1331 1236 qua:
1373 1180 1630 1236 aquarum
1680 1164 1848 1219 instar
1897 1162 2085 1218 ﬂuvia-

491 1261 620 1316 lium
664 1258 892 1316 inﬂuunt
921 1269 975 1314 et
1007 1258 1270 1323 deﬂuunt,
1301 1267 1357 1314 et
1378 1273 1520 1313 nunc
1549 1257 1615 1311 ad
1644 1257 1822 1324 illum,
1851 1271 1995 1311 nunc
2021 1256 2086 1310 ad

496 1353 652 1408 Ilium
682 1353 1018 1408 transiliunt:
1043 1367 1162 1423 quae
1204 1365 1569 1422 possessorem
1612 1348 1842 1420 fugiunt,
1865 1357 1918 1405 et
1946 1347 2086 1419 apud

491 1458 550 1499 se
574 1442 854 1514 diligentes
872 1457 1090 1498 manere
1116 1448 1367 1497 recusant
1398 1457 1412 1494 :
1440 1439 1778 1495 insidiatores
1801 1453 1928 1494 vero
1951 1437 2087 1492 mul-

492 1545 576 1591 tos
605 1535 824 1598 habent,
857 1535 1048 1600 tineas,
1079 1533 1244 1599 fures,
1268 1532 1646 1603 schphantas,
1679 1531 1943 1598 incendia,
1964 1545 2088 1586 nau-

491 1629 679 1699 fragia,
708 1627 970 1684 bellorum
999 1627 1268 1692 incursus,
1298 1626 1614 1697 populorum
1646 1625 1953 1690 seditiones,
1988 1623 2084 1678 do-

489 1721 834 1774 mesticorum
876 1718 1178 1789 nequitias,
1210 1716 1695 1788 chirograpborum
1741 1715 2080 1779 amissiones,

490 1809 573 1865 vel
621 1808 957 1875 additioues,
992 1809 1393 1864 imminutiones
1427 1824 1441 1861 :
1470 1809 1680 1880 aliaque
1726 1807 1892 1862 multa
1913 1849 1929 1873 ,
1964 1823 2084 1879 qute

490 1902 834 1975 pecuniarum
887 1911 1129 1957 amantes
1169 1899 1427 1956 invadunt
1467 1899 1813 1956 detrimenta.
1840 1897 1958 1954 Non
1997 1898 2083 1954 di-

487 1997 743 2068 gnitatum
773 1996 1083 2066 potentiam,
1116 2010 1237 2065 qua:
1265 2002 1319 2048 et
1345 1993 1458 2064 ipsa
1485 1993 1650 2048 multa
1698 1993 1839 2064 parit
1868 1993 2077 2048 incom-

488 2087 676 2152 moda,
728 2086 1142 2141 sollicitudinum
1194 2085 1393 2152 tabem,
1444 2083 1708 2139 insomnia
1755 2085 2077 2154 frequentia,

487 2179 786 2234 invidorum
821 2177 1060 2245 insidias,
1096 2177 1433 2232 inimicorum
1471 2175 1924 2244 machinamenta,
1953 2176 2080 2231 sub-

485 2273 662 2328 dolam
713 2271 984 2327 rhetorum
1035 2271 1316 2342 argutiam,
1368 2286 1487 2342 quae
1539 2271 1855 2342 compositis
1900 2273 2080 2329 verbis

483 2366 763 2422 veritatem
811 2365 1195 2429 circumvenit,
1233 2362 1606 2434 judicihusque
1658 2362 1789 2433 ipsis
1826 2379 2076 2433 magnum

483 2457 776 2528 periculum
819 2465 986 2511 creat.
1035 2455 1170 2511 Sunt
1214 2455 1379 2521 enim,
1403 2463 1531 2509 sunt
1560 2469 1747 2509 revera
1776 2455 2076 2525 multiloqui

486 2549 584 2602 viri
630 2546 804 2613 multi,
843 2555 896 2602 et
937 2545 1177 2601 futilibus
1227 2545 1470 2600 instructi
1519 2545 1730 2611 verbis,
1757 2547 1848 2616 qui
1879 2546 1994 2602 haec
2021 2557 2076 2602 et

479 2637 674 2692 similia
696 2652 725 2690 a
760 2636 868 2691 Deo
891 2637 1260 2690 universorum
1290 2635 1579 2706 postulant,
1611 2651 1926 2707 eorumque,
1954 2653 2074 2707 quae

479 2745 605 2784 vere
634 2737 756 2783 sunt
784 2727 945 2791 bona,
976 2727 1178 2781 nullam
1217 2727 1476 2781 rationem
1506 2725 1726 2781 habent.
1755 2728 1918 2797 Atqui
1953 2743 2070 2783 me-

479 2823 658 2877 dicum
705 2819 1222 2874 medicamentorum
1273 2833 1426 2872 usum
1465 2833 1573 2872 non
1613 2819 1799 2888 {egroti
1849 2817 2070 2887 docent,

477 2913 574 2969 sed
616 2912 692 2979 hi,
723 2911 1065 2981 quantumvis
1086 2909 1254 2964 durus
1301 2909 1666 2980 molestusque
1691 2910 1759 2964 sit
1779 2911 2074 3002 curatiqpis

477 3005 690 3069 modus,
730 3017 848 3072 qua:
892 3001 960 3056 ab
1011 3001 1104 3055 illo
1149 2999 1446 3056 oﬂ‘eruntur
1493 3003 1780 3056 sustinent.
1831 2997 2070 3073 Itemque

477 3095 890 3166 gubernatorem
921 3107 1030 3146 non
1053 3101 1298 3148 vectores
1343 3091 1533 3162 iubent
1576 3092 1679 3147 hoc
1718 3092 1878 3149 illove
1908 3093 2069 3150 modo

363 3219 394 3238 ι
478 3190 691 3243 clavum
723 3196 942 3253 tenere,
981 3194 1035 3240 et
1079 3186 1254 3241 navim
1293 3187 1558 3258 dirigere;
1587 3187 1680 3243 sed
1729 3187 1782 3243 in
1819 3189 2067 3246 tabulatis

477 3281 759 3346 sedentes,
795 3279 936 3334 illius
987 3279 1226 3350 peritiae,
1267 3294 1374 3334 non
1430 3278 1593 3336 modo
1637 3281 1888 3337 secundis
1932 3298 2064 3338 ven-

479 3373 585 3440 tis,
641 3370 738 3426 sed
801 3371 964 3426 etiam
1027 3379 1276 3426 extremo
1337 3371 1617 3443 ingruente
1670 3373 1907 3442 periculo
1946 3390 2068 3432 sese

473 3463 833 3519 committunt.
909 3462 1011 3517 Uni
1073 3472 1277 3517 tantum
1351 3463 1496 3530 Deo,
1549 3464 1639 3534 qui
1712 3480 1832 3536 quae
1910 3468 2066 3524 nobis

474 3557 623 3612 utilia
669 3565 1074 3626 Opportunaque
1117 3565 1244 3610 sunt
1293 3563 1538 3610 accurate
1573 3557 1742 3622 novit,
1797 3556 1873 3612 illi
1927 3559 2066 3614 male

473 3645 648 3704 feriati
707 3645 951 3699 homines
1005 3643 1200 3700 cedere
1266 3645 1554 3711 nesciunt,
1611 3645 1706 3701 sed
1761 3647 2063 3718 perniciosa

475 3738 627 3811 quasi
661 3737 810 3793 utilia
841 3737 1140 3808 postulant,
1164 3736 1384 3807 perinde
1426 3747 1587 3809 atque
1627 3749 1891 3810 aegrotus,
1912 3742 2002 3813 qui
2032 3757 2060 3797 a

448 3814 686 3888 'medico
714 3831 874 3902 petit,
905 3845 1012 3886 nou
1067 3844 1130 3885 ea
1174 3846 1296 3902 quae
1349 3831 1594 3888 morbum
1647 3832 1938 3903 depellant,
1966 3834 2063 3890 sed

472 3937 592 3993 qua:
639 3921 918 3977 materiam
971 3920 1115 3976 illam
1163 3920 1336 3975 morbi
1393 3931 1617 3977 matrem
1671 3922 1840 3978 alant.
1863 3923 2061 3979 Verum

471 4015 711 4069 medicus
749 4012 945 4067 infirmi
974 4027 1162 4082 preces
1194 4027 1299 4067 non
1327 4013 1576 4080 admittit,
1606 4014 1700 4070 sed
1732 4017 1942 4073 etiamsi
1987 4017 2063 4072 la-

471 4112 800 4174 crymantem
838 4101 1307 4172 ingementemque
1358 4103 1556 4172 videat,
1593 4105 1726 4161 artis
1779 4105 2063 4180 prtecteptis

471 4194 867 4265 obtemperabit
889 4193 1088 4266 potius,
1116 4211 1275 4265 quam
1307 4195 1450 4252 illius
1479 4195 1721 4254 ﬂectatur
1761 4200 2012 4272 lacrymis
2044 4218 2058 4255 :

471 4293 694 4356 tumque
724 4284 917 4340 medici
945 4284 1432 4356 inobsequentiam,
1463 4303 1566 4342 non
1593 4288 2057 4359 inhumanitatem,

471 4377 565 4434 sed
622 4375 1009 4432 humanitatem
1055 4391 1332 4432 vocamus.
1367 4377 1565 4433 Contra
1614 4395 1744 4434 vero
1781 4381 1826 4436 si
1857 4393 2062 4453 :cgroto

470 4483 675 4524 morem
706 4474 876 4538 gerat,
893 4467 1117 4539 ejusque
1137 4467 1394 4538 voluptati
1427 4468 1773 4540 obsequatur,
1794 4471 2062 4531 hostiliter

468 4576 592 4616 cum
630 4559 722 4614 illo
761 4559 897 4630 agit;
923 4559 1004 4615 sin
1032 4560 1316 4626 renitatur,
1342 4561 1565 4632 ejusque
1586 4563 1929 4633 cupiditatem
1958 4581 2059 4636 op-

468 4658 697 4722 pugnet,
732 4649 1096 4704 misericordia
1117 4661 1275 4720 atque
1299 4651 1584 4707 clementia
1615 4653 1796 4710 utitur.
1829 4654 1917 4711 Sic
1943 4658 2058 4712 ani-

469 4759 677 4798 marum
719 4753 1018 4798 nostrarum
1049 4742 1322 4810 Medicus,
1349 4761 1466 4814 quae
1520 4746 1680 4800 noxia
1720 4746 1892 4803 futura
1933 4759 2060 4805 sunt

466 4833 773 4905 petentibus
797 4849 1088 4903 numquam
1113 4833 1340 4889 dederit.
1366 4835 1546 4906 Neque
1568 4837 1709 4890 enim
1730 4849 1911 4908 patres
1934 4854 2058 4909 pro-

470 4929 535 4985 lis
579 4936 824 4984 amantes
853 4925 976 4981 ﬂliis
1013 4927 1189 4982 adhuc
1241 4927 1448 4982 tenellis
1491 4927 1696 4998 gladios
1737 4939 1828 4985 aut
1863 4931 2056 5002 ignitos

463 5017 728 5074 carbones
769 5017 1105 5088 petentibus,
1138 5034 1386 5088 umquam
1428 5021 1766 5089 porrexerint
1810 5039 1824 5075 :
1859 5030 2056 5077 norunt

462 5113 608 5169 enim
663 5111 777 5167 hate
828 5111 1027 5166 damno
1075 5109 1250 5166 futura
1305 5127 1426 5168 esse
1475 5112 1518 5168 si
1549 5113 1778 5168 dentur:
1813 5115 2054 5169 nonnulli

459 5223 588 5262 vero
636 5207 688 5260 in
744 5213 1038 5259 extremam
1086 5204 1320 5274 prolapsi
1370 5203 1716 5267 dementiam,
1751 5221 1854 5261 non
1894 5206 2054 5261 modo

459 5296 702 5367 corporis
732 5295 1203 5368 pulchritudinem,
1231 5295 1461 5362 divitias,
1496 5299 1788 5366 potentiam
1819 5307 2048 5353 ecetera-

458 5403 561 5456 que
599 5387 653 5441 id
700 5403 868 5458 genus
909 5387 978 5444 ab
1030 5387 1400 5443 universorum
1451 5389 1558 5444 Deo
1615 5389 1913 5458 postulant;
1956 5391 2051 5446 sed

461 5477 624 5531 etiam
645 5477 872 5533 inimicis
901 5479 1014 5534 suis
1041 5481 1424 5549 imprecantur,
1456 5481 1704 5550 ipsosque
1728 5481 1900 5549 ptenis
1923 5497 2051 5549 sup-

463 5566 729 5635 plicioque
756 5568 894 5624 affici
924 5580 1147 5639 rogant:
1176 5581 1227 5624 et
1255 5586 1413 5640 quem
1452 5570 1550 5623 sibi
1587 5571 1873 5639 propitium
1903 5571 2052 5626 beni-

461 5672 733 5725 gnumque
763 5675 882 5714 esse
925 5669 1228 5730 precantur,
1263 5661 1492 5716 inimicis
1516 5663 1772 5717 immitem
1803 5663 2049 5718 inhuma-

467 5763 698 5817 numque
729 5767 848 5806 esse
889 5760 1187 5822 peroptant.
1219 5753 1350 5819 Quae
1376 5757 1553 5810 omnia
1582 5755 1842 5813 Dominus
1879 5758 2050 5829 repri-

2203 449 2351 488 mere
2395 447 2813 505 pracoecupans,
2867 436 3260 508 multiloquium
3306 447 3488 504 vetat,
3532 439 3800 513 docetque

2200 523 2326 594 quid
2357 524 2428 578 sit
2471 525 2523 578 in
2565 525 2809 580 oratione
2851 524 3137 582 dicendum
3173 547 3186 582 :
3216 543 3281 584 ac
3306 531 3491 600 paucis
3515 533 3696 589 verbis
3724 535 3794 588 ad

2193 630 2408 671 omnem
2463 616 2712 672 virtutem
2761 616 3042 672 instituit:
3088 619 3175 674 illa
3216 621 3414 693 quippe
3467 624 3632 681 verba
3683 643 3792 683 non

2195 705 2355 760 modo
2411 705 2657 762 doctrina
2711 709 2776 762 ad
2828 710 3157 778 precandum
3201 722 3345 779 sunt,
3378 715 3476 770 sed
3517 717 3678 774 etiam
3725 719 3792 775 sd

2193 798 2485 866 perfectam
2510 800 2673 854 vitam
2698 799 2982 855 institutio.

2265 891 2318 946 3.
2351 887 2530 945 Oratio
2565 890 2820 945 dominica
2843 893 3051 962 ejusque
3078 895 3392 965 explanatio.
3422 928 3494 938 —
3531 898 3791 967 Qutenam

2192 989 2368 1037 autem
2397 981 2484 1036 illa
2515 982 2643 1049 sint,
2676 992 2730 1038 et
2759 982 2880 1052 quis
2909 998 3100 1039 eorum
3132 1001 3346 1056 sensus,
3375 988 3791 1061 diligentissime

2193 1073 2560 1142 exquiramus,
2588 1088 2759 1144 eaque
2786 1083 3059 1145 tamquam
3087 1075 3299 1134 divinas
3325 1079 3472 1151 leges
3495 1096 3603 1137 non
3628 1083 3792 1138 dubi-

2194 1171 2370 1217 tanter
2416 1163 2770 1220 observemus
2811 1182 2823 1218 :
2862 1164 3022 1220 Pater
3066 1180 3255 1236 noster,
3315 1172 3401 1241 qui
3451 1188 3506 1228 es
3554 1175 3608 1228 in
3649 1176 3791 1230 culis

2193 1253 2406 1324 (Matth.
2439 1254 2492 1311 6.
2525 1255 2578 1311 9.
2609 1257 2768 1328 sqq.).
2803 1256 2850 1311 0
2877 1267 3130 1328 quantam
3173 1273 3299 1330 erga
3347 1261 3596 1319 homines
3630 1264 3790 1320 beni-

2190 1347 2446 1418 gnitatem
2468 1349 2483 1402 l
2512 1363 2548 1404 o
2570 1357 2823 1420 quantam
2843 1349 3120 1422 dignitatis
3142 1354 3546 1412 excellentiam!
3580 1358 3781 1430 Ecquis

2191 1453 2370 1493 sermo
2409 1439 2512 1494 erit
2555 1439 2620 1495 ad
2670 1441 2869 1512 gratias
2916 1450 3186 1498 tantorum
3240 1443 3503 1501 bonorum
3548 1448 3788 1521 largitori

2189 1529 2426 1599 agendas
2466 1530 2638 1584 satis?
2667 1531 2983 1602 Perpende,
3015 1532 3244 1601 dilecte,
3275 1543 3380 1592 tua:
3414 1553 3656 1611 meaeque
3692 1557 3790 1597 na-

2192 1631 2323 1677 turae
2349 1622 2603 1678 vilitatem
2634 1640 2648 1676 :
2679 1633 2920 1681 scrutare
2953 1628 3330 1697 cognationem
3354 1670 3369 1696 ,
3403 1639 3632 1699 terram,
3669 1635 3787 1704 pul-

2182 1729 2370 1767 verem
2391 1754 2405 1778 ,
2435 1713 2605 1768 lutum
2628 1755 2643 1780 ,
2687 1715 2912 1771 laterem
2933 1755 2950 1782 ,
2985 1717 3264 1772 cinerem:
3295 1734 3326 1775 e
3370 1729 3511 1776 terra
3554 1737 3788 1793 namque

2187 1803 2370 1871 eflicti,
2403 1805 2455 1860 in
2488 1813 2686 1860 terram
2731 1805 2947 1862 demum
2979 1808 3318 1865 resolvimur.
3348 1810 3442 1866 His
3482 1817 3784 1884 perpensis,

2188 1897 2560 1954 inscrutabiles
2579 1899 2774 1954 divina:
2789 1915 2915 1972 erga
2938 1915 3035 1956 nos
3061 1901 3402 1973 benignitatis
3422 1904 3635 1961 divitias
3655 1922 3781 1964 cum

2185 1998 2405 2058 stupore
2429 1989 2709 2044 considera
2743 2007 2756 2042 :
2789 1990 2932 2060 quod
2963 1991 3174 2046 Patrem
3199 1992 3348 2048 illum
3380 2009 3574 2051 vocare
3596 1995 3784 2067 jussus

2185 2083 2279 2149 sis,
2318 2090 2564 2138 terrenus
2609 2081 2916 2149 caelestem,
2948 2084 3191 2140 mortalis
3239 2085 3618 2155 immortalem,
3659 2103 3784 2145 cor-

2186 2173 2450 2242 ruptibilis
2496 2172 2998 2243 incorruptibilem,
3058 2185 3438 2244 temporaneus
3491 2186 3780 2246 mternum,

2183 2265 2272 2333 qui
2305 2263 2419 2320 heri
2443 2273 2532 2318 aut
2567 2280 2738 2334 nuper
2765 2264 2933 2320 lutum
2976 2281 3118 2333 eras,
3151 2281 3274 2322 eum
3313 2268 3404 2338 qtti
3433 2277 3557 2324 ante
3581 2271 3780 2327 saecula

2185 2355 2330 2409 Deus
2355 2363 2490 2410 erat.
2521 2354 2771 2410 Profecto
2792 2370 2898 2410 non
2931 2355 2999 2412 ad
3031 2357 3176 2412 illam
3204 2356 3400 2413 frustra
3425 2359 3777 2417 emittendam

2182 2462 2367 2503 vocem
2396 2447 2618 2504 edoctus
2639 2463 2698 2503 es
2730 2464 2745 2514 ;
2783 2449 2879 2505 sed
2910 2458 2967 2504 ut
2989 2449 3057 2505 ad
3088 2450 3257 2518 illam,
3285 2467 3445 2521 quam
3476 2452 3654 2524 lingua
3687 2464 3778 2510 tua

2182 2540 2426 2610 protulit,
2456 2540 2629 2596 Patris
2653 2541 3092 2612 appellationem,
3123 2545 3423 2599 reverentia
3451 2553 3775 2613 commotus,

2179 2633 2296 2704 ejus
2321 2635 2703 2705 benignitatem
2745 2634 3482 2706 imiteriszquemadmodutn
3529 2637 3655 2692 alibi
3686 2637 3777 2693 di-

2177 2727 2250 2780 cit
2277 2741 2290 2779 :
2319 2723 2497 2780 Estote
2537 2726 2726 2780 similes
2771 2724 2949 2781 Patris
2989 2728 3142 2781 vestri
3158 2768 3172 2792 ,
3200 2727 3286 2797 qui
3325 2728 3378 2781 in
3407 2729 3543 2782 caelis
3567 2737 3659 2792 est,
3686 2731 3776 2799 qui

2177 2814 2334 2868 solent
2356 2831 2500 2869 suum
2528 2817 2650 2870 orin'
2671 2818 2796 2888 facit
2820 2834 2972 2885 super
2992 2819 3153 2872 malos
3177 2827 3224 2870 st
3247 2816 3424 2884 bonos,
3453 2828 3500 2873 et
3526 2820 3657 2890 pluit
3682 2837 3774 2874 stt-

2177 2922 2267 2977 per
2281 2907 2450 2974 justas
2489 2916 2537 2962 et
2575 2899 2794 2979 injusltﬁ
2847 2909 3060 2982 (Matth.
3094 2910 3147 2966 5.
3178 2910 3294 2979 45).
3329 2910 3444 2966 Non
3473 2921 3648 2982 potest
3673 2912 3775 2969 be-

2177 2999 2396 3069 nignum
2450 2999 2615 3055 Deum
2655 3000 2868 3056 Patrem
2906 3002 3178 3072 appellare
3217 3004 3460 3074 quisquis
3498 3013 3581 3059 est
3605 3005 3775 3063 feroci

2175 3087 2470 3159 immitique
2491 3091 2671 3145 animo
2691 3108 2702 3143 :
2724 3105 2897 3162 neque
2914 3092 3056 3147 enim
3073 3102 3256 3147 servat
3271 3092 3388 3147 illas
3405 3094 3772 3165 benignitatis,

2173 3197 2292 3252 quae
2316 3181 2368 3236 in
2400 3182 2596 3239 caalesti
2624 3183 2782 3240 Patre
2809 3193 2915 3253 est,
2947 3194 3198 3251 tesseras,
3229 3185 3324 3241 sed
3355 3186 3408 3241 in
3443 3185 3666 3242 ferinam
3699 3202 3766 3244 se

2172 3275 2406 3346 speciem
2451 3277 2853 3344 transmutavit,
2880 3286 3043 3348 atque
3085 3293 3116 3332 a
3149 3279 3327 3334 divina
3374 3278 3464 3334 illa
3493 3280 3774 3338 nobilitate

2172 3364 2390 3433 excidit,
2415 3366 2713 3422 secundum
2731 3367 2861 3423 illud
2887 3367 3054 3423 David
3081 3367 3284 3423 dictum
3319 3386 3332 3423 :
3368 3367 3540 3424 Homo
3576 3385 3691 3425 cum
3711 3372 3770 3425 in

2171 3457 2367 3513 honore
2401 3467 2546 3525 esset,
2579 3475 2680 3514 non
2722 3460 2970 3514 intellexit
2999 3476 3017 3514 :
3046 3470 3368 3531 comparatus
3416 3469 3489 3515 est
3520 3462 3773 3532 jumentis

2169 3547 2525 3620 insipientibus
2543 3591 2559 3616 ,
2589 3559 2636 3603 et
2681 3549 2864 3604 similis
2903 3549 3072 3619 factus
3101 3561 3172 3604 est
3211 3550 3315 3605 illis
3339 3549 3509 3622 (Psal.
3534 3551 3624 3618 48,
3645 3553 3768 3623 il).

2170 3640 2382 3695 Etenim
2412 3640 2502 3711 qui
2532 3649 2590 3694 ut
2612 3649 2796 3696 taurus
2827 3641 2992 3696 insilit
3019 3649 3074 3696 et
3094 3640 3316 3706 invadit,
3341 3642 3596 3698 utasinus
3617 3644 3771 3700 calce

2170 3731 2312 3796 ferit,
2348 3739 2406 3786 ut
2429 3731 2668 3788 camelos
2698 3731 2907 3803 injuriae
2933 3733 3197 3801 meminit,
3228 3742 3286 3788 ut
3319 3747 3479 3789 ursus
3507 3742 3684 3802 vorat,
3708 3746 3771 3792 ut

2171 3825 2330 3894 lupus
2363 3825 2539 3894 rapit,
2569 3832 2627 3881 ut
2655 3825 2899 3897 scorpius
2937 3824 3144 3896 pungit,
3173 3825 3400 3881 subdole
3424 3826 3533 3896 agit
3555 3835 3612 3881 ut
3639 3826 3766 3880 vul-

2169 3929 2283 3984 pes,
2318 3914 2491 3969 hinnit
2512 3915 2578 3969 ad
2601 3914 2829 3971 feminas
2849 3917 3022 3971 instar
3055 3916 3176 3987 equi
3203 3917 3489 3984 emissarii,
3517 3917 3608 3988 qui
3637 3932 3764 3987 pos-

2169 4008 2239 4061 sit
2283 4007 2497 4078 dignam
2543 4007 2652 4063 ﬂlio
2694 4023 2884 4065 vocem
2925 4009 3208 4075 emittere,
3236 4009 3555 4080 Patremque
3592 4011 3765 4069 Deum

2169 4102 2532 4172 compellare?
2557 4103 2725 4171 Quem
2763 4104 2904 4159 hunc
2947 4104 3106 4176 igitur
3133 4106 3428 4161 vocemus?
3460 4105 3765 4161 Feramne?

2170 4194 2238 4248 At
2261 4192 2391 4249 fera:
2422 4209 2534 4250 uno
2580 4210 2646 4250 ex
2686 4197 3016 4252 enumeratis
3049 4196 3180 4251 vitio
3220 4196 3490 4266 laborant,
3516 4197 3603 4253 hic
3632 4213 3766 4254 vero

2168 4286 2346 4340 omnia
2378 4285 2540 4342 simul
2564 4288 2926 4357 complectens
2945 4331 2959 4354 ,
2991 4287 3202 4344 feritate
3231 4290 3468 4359 ipsarum
3493 4290 3766 4346 eﬂ‘eratior

2167 4386 2269 4432 est.
2299 4377 2500 4448 Ecquid
2523 4378 2644 4434 dico
2674 4379 2888 4434 feram?
2916 4379 3028 4435 fera
3059 4382 3247 4451 quavis
3271 4381 3511 4437 deterior
3537 4383 3625 4438 ille
3653 4393 3762 4440 est.

2167 4469 2378 4526 Etenim
2417 4470 2540 4526 ferte
2575 4472 2701 4527 licet
2734 4481 2924 4528 natura
2963 4488 3058 4527 sua
3099 4473 3336 4529 immites
3365 4475 3492 4542 sint,
3524 4475 3762 4532 humana

2169 4571 2344 4618 tamen
2381 4573 2497 4618 arte
2539 4565 2748 4620 cicures
2798 4565 2932 4620 fiunt
2975 4575 3028 4620 et
3071 4578 3490 4622 mansuescunt:
3522 4569 3610 4624 hic
3631 4585 3764 4625 vero

2167 4653 2350 4720 homo,
2379 4655 2469 4726 qui
2497 4657 2710 4712 insitam
2736 4658 2839 4712 illis
2865 4674 2896 4713 a
2921 4668 3109 4713 natura
3138 4659 3403 4716 feritatem
3433 4663 3485 4716 in
3518 4677 3764 4719 mansne.

2165 4748 2426 4816 tudinem,
2450 4765 2572 4821 qua:
2595 4761 2781 4805 contra
2807 4752 3018 4807 illarum
3048 4763 3294 4809 naturam
3317 4764 3424 4822 est,
3441 4767 3759 4824 commutat,

2163 4855 2321 4910 quam
2345 4844 2743 4900 excusationem
2767 4844 3002 4914 habebit,
3025 4847 3114 4917 qui
3134 4847 3355 4902 inditam
3381 4849 3480 4904 sibi
3505 4863 3534 4904 a
3566 4859 3758 4908 natura

2165 4935 2628 4991 mansuetudinem
2655 4937 2706 4991 in
2741 4936 3003 4992 feritatem
3038 4947 3245 4994 natum
3285 4956 3396 4995 sua:
3422 4942 3753 4998 contrariam

2163 5028 2449 5094 convertit,
2483 5038 2536 5082 et
2564 5029 2706 5100 quod
2736 5038 2852 5085 erat
2881 5039 3072 5086 natura
3108 5031 3278 5086 ferum
3299 5075 3312 5095 ,
3340 5034 3472 5088 mite
3499 5033 3759 5102 reddidit,

2164 5131 2224 5171 se
2261 5132 2392 5172 vero
2424 5128 2610 5172 natura
2652 5120 2860 5187 mitem,
2890 5119 3060 5176 ferum
3091 5121 3311 5176 effecit?
3338 5131 3394 5177 et
3421 5125 3514 5195 qui
3545 5124 3761 5181 leonem

2165 5206 2372 5277 mitigat
2401 5210 2844 5280 tractabilemque
2873 5210 3020 5278 facit,
3062 5213 3193 5267 iram
3219 5229 3370 5268 suam
3402 5215 3560 5271 leone
3584 5218 3763 5272 reddit

2165 5300 2679 5356 intractabiliorem?
2702 5305 2770 5356 At
2798 5307 2850 5357 ln
2875 5305 3029 5360 leone
3057 5305 3165 5359 duo
3194 5317 3317 5360 sunt
3350 5307 3760 5378 impedimenta,

2162 5392 2302 5461 qund
2350 5393 2394 5446 is
2441 5394 2646 5448 ratione
2671 5405 2872 5459 careat,
2904 5407 2958 5449 et
2984 5396 3126 5466 quod
3165 5407 3485 5452 exnteror-um
3517 5399 3760 5453 omnium

2163 5483 2230 5534 sit
2263 5482 2626 5539 ferocissimus
2656 5504 2669 5539 :
2701 5496 2757 5540 et
2783 5497 2960 5542 tamen
3001 5505 3095 5558 per
3124 5489 3383 5544 divinitus
3415 5489 3637 5544 inditam
3670 5504 3760 5544 sa-

2165 5575 2416 5644 pientiam
2451 5577 2676 5634 ferinam
2715 5579 2857 5634 illam
2893 5590 3114 5651 superat
3155 5592 3436 5649 naturam;
3471 5599 3657 5640 verum
3689 5586 3758 5651 is,

2161 5669 2250 5739 qui
2301 5669 2354 5723 in
2393 5669 2518 5726 feris
2569 5679 2812 5728 naturam
2861 5675 3063 5741 vineit,
3095 5675 3146 5730 in
3188 5677 3366 5746 seipse
3394 5689 3444 5732 et
3481 5689 3684 5734 natura:
3709 5693 3758 5732 et

2165 5763 2419 5843 prepositi
2472 5763 2752 5818 voluntarii
2796 5768 2990 5822 bonum
3029 5767 3202 5836 perdit
3237 5786 3248 5821 :
3281 5771 3513 5842 dumque
3546 5776 3688 5830 leon:
3706 5789 3760 5827 tn
