4106 6424
309 371 381 429 ,ιδ
975 358 1061 414 οε
1099 355 1426 414 ANGUSTA
1470 353 1726 418 ponm,
1761 349 1849 405 ET
1891 348 1955 403 IN
1993 348 2400 408 ORATIONEM
2443 316 2850 411 nummum.
3486 361 3555 415 ιρι

303 476 441 549 πρὸς
464 476 643 545 ὀλίγον
675 473 774 544 μέν
803 472 1126 545 φαινόμενον
1160 472 1237 544 τῷ
1272 472 1389 543 ἔαρι
1426 484 1451 512 ιι
1475 470 1576 542 τῆς
1603 469 1875 539 νεότητος.

303 560 421 635 [27]
446 562 564 631 μετ’
600 556 780 625 ὀλίγον
829 556 887 610 δέ
918 555 1271 628 φθειρόμενον
1298 556 1404 609 ὑπὸ
1431 554 1529 625 τῆς
1552 554 1756 635 χρόνουὲ
1775 567 1882 635 πα-

302 632 605 714 λαιότητος.
639 641 702 694 Εἰ
726 639 782 693 δέ
810 640 904 692 xu).
943 639 1043 709 τὴν
1072 638 1375 692 ὑπόστασιν
1396 636 1562 692 αὐτοῦ
1591 652 1677 699 τις
1700 632 1883 698 ἐξετά-

304 730 419 787 ζειν
466 724 661 787 ἐθέλοι,
691 722 816 776 τότε
871 721 1031 775 πλέον
1064 720 1231 774 αὑτοῦ
1268 719 1551 775 διαπτύειν
1573 718 1879 787 δυνήσεται.

305 809 475 864 Οὐδὲν
503 810 610 878 γὰρ
631 806 820 877 ἕτερόν
849 806 1018 870 ἐστιν,
1048 804 1082 875 ἢ
1113 803 1332 876 φλέγμα
1357 803 1453 857 xu).
1481 796 1621 872 αἷμα
1645 802 1738 853 καὶ
1761 797 1884 870 ρεῦ-

308 909 384 963 μα
400 892 496 945 καὶ
515 888 722 962 τροφῆς
744 886 1181 959 διαμασηθείσης
1222 885 1400 957 χυλός.
1444 886 1540 939 Ἐκ
1563 883 1754 938 τούτου
1776 881 1885 953 γὰρ

304 976 399 1028 καὶ
421 973 715 1043 ὀφθαλμοὶ,
768 971 866 1025 καὶ
913 972 1158 1041 παρειαί,
1191 970 1288 1023 καὶ
1326 971 1490 1040 ῥῖνες,
1531 967 1624 1021 καὶ
1660 964 1884 1036 ὀφρύες,

304 1059 397 1113 καὶ
422 1056 598 1129 χείλη,
621 1055 715 1109 xu).
740 1054 858 1109 ὅλον
884 1053 1170 1124 ἀρδεύεται
1197 1050 1258 1106 τὸ
1286 1051 1465 1124 σῶμα*
1497 1052 1600 1107 κᾶν
1633 1051 1885 1121 ἐπιλείψῃ

306 1144 437 1197 ποτὲ
468 1144 502 1214 ή
531 1139 737 1194 τούτων
774 1137 984 1209 ἀρδεία,
1018 1135 1386 1207 συνεπιλείψει
1416 1137 1635 1200 πάντως
1662 1137 1758 1191 xu).
1790 1135 1886 1189 τοῦ

302 1225 601 1300 προσώπου
631 1225 664 1294 ἡ
711 1221 1008 1293 εὐμορφία.
1049 1221 1150 1292 ιΜὴ
1201 1218 1429 1274 πλοῦτον
1463 1220 1763 1292 χρημάτων
1793 1219 1888 1273 τὸν

305 1309 428 1364 καθ’
457 1307 754 1378 ὁμοιότητα
783 1303 895 1359 τῶν
935 1302 1216 1375 ποταμίων
1251 1304 1459 1358 ὑδάτων
1481 1303 1804 1374 ἐπιρρέοντά
1825 1318 1888 1356 τε

304 1392 398 1445 xu).
417 1388 805 1462 μεταρῤέοντα,
824 1386 923 1440 xu).
937 1385 1032 1439 νῦν
1062 1386 1160 1456 μὲν
1177 1384 1328 1457 παρὰ
1342 1385 1552 1450 τοῦτον,
1574 1385 1668 1438 νῦν
1683 1386 1739 1439 δὲ
1758 1384 1886 1456 παρ’

304 1475 515 1527 ἐκεῖνον
537 1470 793 1540 πηδῶντα
804 1469 854 1535 δ,
868 1469 1107 1533 καὶτοὺς
1131 1469 1458 1540 κατέχοντας
1486 1467 1775 1537 φεύγοντα,
1795 1468 1889 1522 xu).

301 1559 416 1620 τοῖς
440 1554 687 1624 φιλοῦσιν
726 1554 890 1608 αὑτὸν
920 1553 1263 1625 παραμένειν
1303 1552 1403 1605 οὐκ
1427 1552 1771 1623 ἀνεχόμενον,
1796 1553 1889 1605 καὶ

309 1639 541 1711 μυρίους
557 1636 876 1701 ἐπιϐούλους
892 1636 1105 1708 ἔχοντα,
1124 1634 1223 1690 xu).
1234 1634 1402 1704 σῆτας
1413 1674 1426 1699 ,
1446 1635 1540 1689 καὶ
1550 1634 1772 1706 λῃστὰς,
1795 1634 1890 1688 καὶ

304 1722 673 1790 συκοφάντας,
707 1721 802 1774 xu).
824 1720 1222 1790 ἐμπρησμοὺς,
1253 1719 1348 1772 xu).
1375 1719 1631 1788 ναυάγια,
1668 1720 1762 1771 xu).
1795 1735 1890 1772 πο-

302 1806 485 1877 λέμων
501 1804 748 1874 ἐφόδους,
766 1803 863 1856 xu).
886 1802 1075 1874 δήμων
1098 1802 1517 1866 ἐπαναστάσεις,
1541 1802 1635 1855 καὶ
1662 1817 1891 1873 κακουρ-

303 1889 430 1957 γίας
454 1886 707 1951 οἰκετῶν,
735 1886 830 1940 καὶ
860 1885 1209 1956 γραμμάτων
1237 1885 1572 1956 ἀφαιρέσεις,
1601 1883 1695 1939 καὶ
1720 1901 1889 1956 προσ-

302 1972 502 2044 θήκας,
526 1972 622 2026 καὶ
648 1967 930 2041 μειώσεις,
968 1969 1065 2022 xu).
1090 1968 1258 2023 τᾶλλα
1288 1970 1390 2022 ὅσα
1418 1970 1531 2032 τοῖς
1559 1968 1729 2039 ἐρῶσι
1753 1986 1891 2040 χρη-

306 2054 497 2127 μάτων
519 2052 625 2107 ύπὸ
669 2051 771 2122 τῆς
818 2051 1201 2122 φιλοπλουτίας
1255 2050 1545 2119 ἐπιφύεται
1577 2050 1744 2104 δεινά.
1798 2052 1889 2123 Μή

302 2136 625 2191 δυναστείαν
650 2135 999 2206 ἀξιωμάτων·
1025 2133 1194 2187 πολλὰ
1226 2133 1334 2204 γὰρ
1360 2134 1452 2187 καὶ
1477 2132 1648 2207 ταύτῃ
1671 2134 1892 2204 ἀλγεινά

303 2220 674 2292 παραφύεται,
709 2217 1009 2290 φροντίδων
1056 2217 1361 2287 τηκεδόνες,
1413 2218 1711 2288 ἀγρυπνίαι
1770 2235 1893 2271 συν-

303 2307 475 2377 εχεῖς,
522 2303 812 2357 ἐπιϐουλαὶ
838 2300 993 2372 παρά
1020 2301 1127 2354 τῶν
1168 2300 1526 2369 φθονούντων,
1560 2302 1893 2356 κατασκευαὶ

303 2389 460 2459 παρά
496 2386 603 2440 τῶν
635 2384 1264 2456 μισούντων,στωμυλία
1286 2386 1531 2458 ρητόρων
1557 2387 1669 2450 τοῖς
1703 2404 1893 2440 κατευ-

303 2471 737 2541 γλωττισμένοις
783 2468 966 2537 λόγοις
1015 2467 1431 2523 ὑποκλέπτουσα
1477 2468 1576 2539 τὴν
1635 2470 1892 2541 ἀλήθειαν

304 2553 398 2606 xu).
428 2553 598 2606 πολὺν
618 2554 732 2617 τοῖς
769 2551 1047 2617 δικάζουσι
1100 2550 1436 2623 προξενοῦσα
1463 2552 1724 2606 κίνδυνον.
1773 2553 1893 2606 Εἰσὶ

302 2635 435 2717 γάρ,
470 2636 583 2689 εἰσὶ
629 2634 947 2706 βαττολόγοι
988 2634 1150 2698 τινές,
1191 2635 1283 2687 καὶ
1321 2635 1689 2706 ματαιολόγοι,
1719 2634 1893 2689 ταῦτά

303 2738 361 2773 τε
428 2721 528 2774 καὶ
570 2718 639 2773 τὰ
680 2718 906 2773 τοιαῦτα
950 2718 1098 2790 παρὰ
1144 2718 1239 2770 τοῦ
1292 2718 1427 2771 Θεοῦ
1474 2717 1583 2771 τῶν
1624 2719 1761 2773 ὅλων
1809 2722 1893 2773 αἰ-

301 2802 549 2866 τοῦντες,
583 2803 680 2854 καὶ
720 2801 828 2854 τῶν
856 2801 1026 2864 ὅντως
1073 2800 1292 2868 ἀγαθῶν
1337 2800 1532 2854 οὐδένα
1582 2802 1894 2873 ποιούμενοι

310 2885 496 2954 λόγον.
515 2885 625 2938 Καὶ
647 2884 739 2937 τὸν
764 2883 863 2955 μὲν
891 2883 1073 2955 ίατρὸν
1094 2884 1193 2954 οὐχ
1216 2885 1265 2936 οί
1281 2884 1566 2947 νοσοῦντες
1584 2883 1893 2938 διδάσκουσι

307 2971 418 3021 τῶν
472 2966 784 3039 φαρμάκων
842 2966 941 3038 τὴν
986 2966 1213 3037 χρῆσιν,
1264 2965 1398 3019 ἀλλά
1451 2966 1559 3019 τῶν
1607 2968 1696 3020 ὑπ’
1729 2966 1893 3021 αὐτοῦ

307 3051 778 3123 προσφερομένων
807 3050 1090 3120 ἀνέχονται
1135 3049 1317 3120 μόνον,
1353 3050 1456 3103 κᾶν
1504 3050 1759 3115 ἐπίπονος
1868 3053 1897 3104 6

302 3134 404 3205 τῆς
440 3134 743 3206 θεραπείας
766 3134 989 3204 τρόπος
1021 3131 1117 3186 xu).
1144 3132 1235 3185 τὸν
1251 3133 1591 3204 κυϐερνήτην
1630 3135 1676 3186 οί
1707 3132 1891 3188 πλέον·

303 3234 393 3282 τες
423 3217 488 3270 ού
526 3214 811 3269 κελεύουσι
843 3215 1065 3268 τοίωσδε
1106 3214 1359 3285 κατέχειν
1392 3215 1518 3279 τοὺς
1553 3215 1765 3281 οἴακας,
1801 3218 1897 3269 xu).

302 3303 365 3354 τὸ
406 3301 617 3369 σκάφος
668 3298 889 3363 ἰθύνειν,
940 3298 1054 3352 ἀλλ’
1106 3298 1202 3350 ἐπὶ
1245 3297 1355 3351 τῶν
1410 3299 1896 3370 καταστρωμάτων

305 3384 631 3455 καθήμενοι,
668 3384 765 3455 τῆς
800 3381 1011 3435 ἐκείνου
1037 3382 1346 3452 ἐπιστήμης
1374 3381 1677 3452 ἀνέχονται,
1705 3383 1765 3435 οὐ
1796 3382 1897 3452 μόο

304 3485 398 3521 νον
422 3466 486 3531 ἐξ
513 3466 713 3536 ούρίων
746 3464 1056 3536 φερόμενοι,
1089 3461 1225 3519 ἀλλά
1258 3464 1465 3518 καὶτὸν
1504 3463 1734 3536 ἔσχατον
1761 3467 1898 3519 ὑπο-ι

311 3551 567 3622 μένοντες
597 3549 869 3602 κίνδυνον·
895 3548 973 3620 τῷ
994 3548 1112 3619 Θεῷ
1132 3548 1188 3601 δέ
1218 3548 1400 3619 μόνον,
1426 3548 1505 3619 τῷ
1529 3549 1591 3602 τὸ
1620 3551 1897 3621 συμφέρον

306 3638 444 3705 ἡμῖν
468 3633 713 3705 ἀκριϐῶς
746 3632 1095 3703 ἐπισταμένῳ
1109 3631 1332 3697 διδόναι,
1358 3634 1406 3685 οί
1439 3633 1540 3697 τάς
1562 3634 1765 3704 φρένας
1798 3652 1898 3687 κα-

308 3719 422 3781 κῶς
450 3717 787 3786 διακείμενοι
833 3718 1181 3787 παραχωρεῖν
1209 3716 1308 3768 ούκ
1350 3715 1654 3786 ἀνέχονται,
1683 3716 1796 3770 ἀλλ’
1822 3718 1899 3770 αίο

307 3800 499 3854 τοῦσιν
529 3799 604 3862 ὡς
632 3798 885 3869 ὠφέλιμα
911 3798 980 3851 τὰ
1004 3796 1243 3869 ὀλέθρια,
1273 3798 1461 3869 ὅμοιον
1488 3798 1767 3863 ποιοῦντες
1800 3801 1898 3871 ἀρ-

313 3885 530 3957 ρώστῳ,
561 3882 652 3936 τὸν
694 3883 877 3953 ίατρὸν
907 3881 1091 3934 δοῦναι
1141 3881 1290 3950 αύτῷ
1320 3881 1746 3952 παρακαλοῦντι,
1801 3882 1900 3953 οὐχ

309 3971 412 4026 ὅσα
440 3969 561 4022 λύει
587 3967 685 4039 τὴν
713 3968 891 4029 νόσον,
910 3966 1026 4020 ἀλλ’
1050 3969 1151 4021 ὅσα
1171 3967 1364 4039 τρέφει
1385 3966 1483 4038 τὴν
1517 3965 1651 4037 ὕλην
1682 3968 1781 4040 τήν
1800 3968 1901 4038 τῆς

310 4057 472 4107 νόσου
507 4053 739 4124 μητέρα.
790 4052 928 4107 Ἀλλ’
974 4053 1075 4105 ούκ
1119 4052 1367 4119 ἀνέξεται
1405 4054 1434 4106 6
1472 4054 1654 4124 ἰατρὸς
1682 4054 1781 4125 τῆς
1807 4054 1899 4107 τοῦ

312 4140 618 4211 κάμνοντος
658 4136 891 4199 ἱκεσίας,
918 4136 1054 4191 ἀλλά
1097 4135 1198 4190 κᾶν
1223 4135 1525 4206 δακρύοντα
1556 4136 1643 4210 ἴδῃ
1673 4138 1768 4190 καὶ
1793 4138 1902 4191 ὀλο-

314 4224 643 4295 φυρόμενον,
686 4221 766 4291 τῷ
794 4222 943 4292 νόμῳ
991 4221 1092 4290 τῆς
1136 4220 1337 4292 τέχνης
1369 4221 1652 4275 ἀκολουθεῖ
1682 4222 1900 4292 μᾶλλον,

316 4309 349 4378 ἦ
386 4308 499 4369 τοῖς
525 4305 719 4358 τούτου
741 4305 1004 4377 δάκρυσιν
1037 4306 1468 4375 ἐπικάμπτεται,
1499 4305 1593 4360 xu)
1618 4304 1715 4376 τὴν
1741 4305 1900 4358 ἀπ;ί-

317 4390 471 4443 θειαν
500 4390 602 4442 οὐκ
630 4388 1049 4459 ἀπανθρωπίαν,
1085 4387 1221 4441 ἀλλά
1271 4387 1679 4460 φιλανθρωπίαν
1715 4390 1907 4459 όνομάο

317 4473 507 4543 ζομεν·
536 4471 862 4540 πειθόμενος
881 4471 981 4541 μὲν
1007 4471 1115 4542 γάρ
1147 4470 1224 4540 τῷ
1254 4471 1517 4535 νοσοῦντι,
1552 4475 1644 4526 καὶ
1668 4471 1736 4525 τὰ
1768 4471 1904 4543 πρὸς

317 4556 511 4627 ἡδονὴν
527 4554 904 4625 χαριζόμενος,
923 4554 991 4607 τά
1008 4554 1281 4624 πολεμίων
1296 4555 1375 4617 εἰς
1405 4555 1566 4607 αὑτὸν
1591 4554 1900 4626 ἐργάζεταν

317 4638 631 4693 ἀντιτείνων
645 4638 703 4691 δὲ
732 4638 906 4709 αύτῷ,
935 4639 1030 4692 xu).
1048 4641 1112 4707 τῇ
1138 4638 1403 4710 ἐπιθυμίᾳ
1429 4639 1758 4709 μαχόμενος,
1772 4639 1906 4711 ἐλέῳ

318 4725 585 4796 κέχρηται
613 4725 707 4777 xu).
743 4722 1146 4793 φιλανθρωπίᾳ*
1165 4720 1306 4774 οὕτω
1335 4722 1430 4773 καὶ
1453 4721 1600 4774 ὁτῶν
1618 4722 1904 4792 ἡμετέρων

317 4809 509 4879 ψυχῶν
546 4810 728 4879 ίατρός
755 4808 856 4861 οὐκ
876 4806 1128 4875 ἀνέχεται
1151 4803 1334 4859 δοῦναι
1363 4807 1478 4869 τοῖς
1498 4805 1709 4858 αἰτοῦσι
1741 4807 1806 4857 τὰ
1827 4807 1906 4870 είς

324 4891 532 4965 βλάϐην
562 4896 747 4956 αὐτοῖς
769 4891 1023 4961 ἐσόμενα.
1053 4887 1190 4943 Οὔτε
1221 4888 1330 4958 γάρ
1356 4888 1406 4940 οἱ
1432 4887 1771 4961 φιλόστοργοι
1798 4905 1908 4942 πα-

321 4976 480 5047 τέρες
522 4980 635 5040 τοῖς
675 4974 873 5045 κομιδῇ
914 4972 1131 5043 νηπίοις
1175 4972 1452 5044 μαχαίρας
1486 4971 1833 5042 ἐπιζητοῦσιν
1871 4973 1906 5044 ἢ

321 5060 493 5132 σωρὸς
524 5060 826 5133 ἄνθρακας,
865 5057 1077 5127 ὀρέγειν
1093 5056 1395 5126 ἀνέχονται’
1420 5056 1691 5127 ίσασιγάρ
1721 5056 1907 5125 σαφῶς

324 5142 593 5215 θλαϐεράν
632 5143 820 5205 αὐτοῖς
868 5136 1035 5193 οὖσαν
1062 5138 1161 5210 τὴν
1199 5138 1458 5210 τοιαύτην
1487 5140 1653 5193 δόσιν’
1682 5141 1825 5204 τινὲς
1850 5141 1906 5194 δὲ

320 5228 431 5282 τῶν
479 5231 560 5293 εἰς
612 5228 851 5298 ἐσχάτην
884 5223 1111 5292 ἀλογίαν
1138 5225 1597 5290 ἐκπεπτωκότων,
1631 5226 1693 5278 ού
1747 5226 1908 5295 μόνον

323 5310 570 5383 σώματος
603 5310 938 5383 ὡραιότητα,
975 5308 1069 5361 καὶ
1128 5307 1379 5371 πλοῦτον,
1436 5310 1533 5363 xu).
1567 5308 1904 5375 δυναστείαν,

317 5395 417 5448 xu).
436 5396 537 5450 ὃσα
565 5393 794 5448 τοιαῦτα
841 5391 996 5463 παρὰ
1046 5390 1144 5443 τοῦ
1174 5392 1281 5444 τῶν
1304 5391 1442 5445 ὅλων
1475 5391 1611 5445 Θεοῦ
1639 5393 1904 5458 αἰτοῦσιν,

321 5477 706 5552 ἀλλὰκαὶ
734 5480 844 5541 τοῖς
865 5476 1079 5549 ἐχθροῖς
1104 5474 1284 5531 αὐτῶν
1317 5475 1651 5546 ἐπαρῶνται,
1678 5478 1771 5531 καί
1786 5494 1908 5531 τινα

323 5563 586 5633 τιμωρίαν
612 5561 975 5632 ἐπενεχθῆναι
1010 5560 1194 5623 αὐτοῖς
1230 5560 1554 5627 ἱκετεύουσι,
1585 5562 1677 5614 καὶ
1697 5562 1757 5615 ὃν
1781 5564 1908 5615 ἐαυ-

387 5648 409 5677 ⁸
439 5645 521 5696 δῖε
545 5646 643 5697 duo
665 5660 783 5695 mss.
812 5645 986 5706 More},
1004 5680 1016 5700 .
1054 5649 1109 5692 et
1136 5642 1288 5692 Savil.
1314 5644 1364 5692 in
1386 5657 1539 5706 marg.
1569 5650 1726 5695 recte.
1752 5644 1908 5696 Savil.

322 5705 374 5757 in
400 5714 538 5759 textu
563 5715 614 5758 el
638 5720 766 5757 unus
789 5708 910 5770 ἀέρι.
937 5704 1046 5755 Mox
1072 5712 1310 5770 lregmsg.
1341 5704 1642 5770 φθειρόμενον
1661 5706 1773 5762 ὑπὸ,
1799 5709 1909 5770 orh-

320 5772 357 5819 ιι
393 5782 508 5834 νει-ο
533 5770 813 5834 φαινόμενον
837 5767 1113 5829 perperam.
1158 5767 1388 5834 Sav_i|.__i_u
1422 5767 1589 5834 fugit-3.
1621 5769 1903 5834 ἀφανιζόμε-

319 5847 416 5879 νον.
441 5829 506 5894 Ῐᾼξς
527 5827 640 5894 dua
662 5827 943 5894 dequpriluf
981 5841 1182 5894 prursuq
1197 5827 1400 5894 _similia
1422 5827 1574 5878 habds
1598 5827 1743 5890 supra
1766 5827 1898 5879 om

328 5897 350 5943 ι
378 5895 432 5939 ad
452 5889 769 5943 Théudorum
793 5891 983 5950 lapsum
1006 5902 1137 5938 num.
1165 5889 1223 5938 15

388 5955 415 5991 δ
434 5953 530 6005 Δὶἱὶ
553 5952 736 6004 ἐκεῖνον
756 5951 1012 6016 φοιτῶντα.

1984 467 2095 530 τοῖς
2130 467 2335 539 ἥμερον
2361 462 2501 543 εἶναι
2540 468 2637 523 καὶ
2667 467 3049 539 φιλάνθρωπον
3078 464 3346 539 εὔχονται,
3373 470 3561 526 τοῦτον

1982 555 2095 615 τοῖς
2111 552 2327 624 ἐχθροῖς
2343 552 2617 624 ἀνήμερον
2643 551 2898 620 γενέσθαι
2926 552 3022 605 καὶ
3048 551 3416 623 ἀπάνθρωπον
3446 553 3565 624 βού-

1985 636 2187 691 λονται.
2222 634 2410 693 Ταῦτα
2463 637 2642 692 τοίνυν
2699 640 2727 692 ό
2759 637 3038 707 Δεσπότης
3093 637 3561 707 προαναστέλλων,

1985 721 2277 791 παρεγγυᾷ
2313 721 2412 790 μὲν
2444 720 2518 791 μὴ
2550 720 2911 791 βαττολογεῖν·
2945 720 3186 776 διδάσκει
3227 720 3282 775 δὲ
3308 721 3430 775 τίνα
3456 719 3565 791 χρὴ

1984 804 2163 873 λέγειν
2188 806 2244 858 ἐν
2264 808 2331 876 τῇ
2366 808 2667 878 προσευχῇ,
2694 803 2790 859 καὶ
2826 806 2884 859 ἐν
2913 804 3112 874 ὀλίγοις
3142 797 3350 875 ῥήμασι
3383 807 3566 859 πᾶσαν

1986 889 2185 961 ἀρετὴν
2200 890 2535 945 ἐκπαιδεύει’
2554 890 2613 943 οὐ
2635 890 2796 961 μόνον
2811 888 2918 961 γάρ
2931 888 3098 959 εὐχῆς
3118 890 3236 941 ἐστι
3249 887 3567 943 διδασκαλία

1986 974 2168 1026 ἐκεῖνα
2189 973 2257 1028 τά
2278 974 2344 1046 ρή
2356 974 2673 1045 ματα,ἀλλά
2701 974 2795 1028 καὶ
2818 973 2932 1044 βίου
2961 973 3166 1027 τελείου
3194 972 3564 1041 παιδαγωγία.

2056 1057 2266 1122 γ’.Τίνα
2294 1056 2683 1122 δέέστιταῦτα,
2711 1057 2907 1122 καὶτίς
2930 1058 2962 1128 ή
2987 1056 3190 1110 τούτων
3204 1056 3403 1119 ἔννοια,
3429 1054 3567 1125 μετὰ

1988 1141 2189 1210 πολλῆς
2210 1142 2496 1215 ἀκριϐείας
2523 1141 2892 1212 ἐξετάσωμεν,
2923 1140 3018 1194 xu)
3050 1140 3127 1202 ὡς
3164 1140 3342 1201 θείους
3368 1138 3568 1208 νόμους

1987 1224 2246 1292 ἀσφαλῶς
2278 1227 2629 1296 τηρήσωμεν.
2660 1223 2852 1292 Πάτερ
2883 1221 3071 1292 ἡμῶν,
3098 1225 3130 1277 ὀ
3161 1222 3231 1275 ἐν
3252 1220 3377 1288 τοῖς
3399 1222 3569 1289 οὐρα⁴

1987 1306 2137 1373 νοῖς.
2160 1307 2226 1359 Ὢ
2255 1306 2397 1377 πόση
2421 1307 2522 1377 τῆς
2549 1306 2958 1378 φιλανθρωπίας
2973 1306 3007 1376 ἡ
3035 1304 3135 1358 ύπε
3145 1304 3338 1375 ρϐολήί
3366 1301 3565 1371 ῶπόση

1987 1390 2086 1460 τῆς
2117 1389 2427 1462 φιλοτιμίας
2446 1391 2480 1460 ἡ
2507 1389 2780 1461 ὑπεροχήί
2810 1391 2958 1450 ποῖος
2990 1387 3214 1459 ἀρκέσει
3244 1385 3400 1455 λόγος
3433 1385 3569 1458 πρὸς

1988 1475 2339 1553 εὐχαριστίαν
2380 1473 2473 1528 τοῦ
2529 1473 2769 1527 τοσαῦτα
2811 1470 3150 1544 πηγάζοντος
3183 1472 3314 1541 ἡμῖν
3348 1469 3566 1538 ἀγαθά;

1989 1558 2294 1628 Σκόπησον,
2322 1557 2597 1628 ἀγαπητέ,
2642 1557 2740 1627 τῆς
2772 1556 2870 1627 σῆς
2909 1556 3001 1609 xu).
3037 1555 3136 1625 τῆς
3177 1554 3320 1624 ἐμῆς
3356 1553 3569 1620 φύσεως

1987 1641 2087 1704 τὴν
2136 1641 2431 1705 εὐτέλειαν,
2485 1640 2775 1711 ἐρεύνησον
2814 1641 2912 1708 τὴν
2948 1637 3284 1707 συγγένειαν.
3314 1634 3411 1706 τὴν
3443 1635 3567 1705 γῆν,

1989 1724 2079 1778 τὸν
2106 1725 2253 1797 χοῦν,
2288 1726 2380 1779 τὸν
2411 1725 2603 1797 πηλὸν,
2644 1724 2745 1794 τὴν
2781 1721 3022 1782 πλίνθον,
3061 1721 3163 1792 τὴν
3203 1720 3416 1773 σποδόν·
3463 1719 3571 1772 ἀπὸ

1989 1808 2096 1878 γάρ
2128 1810 2228 1879 τῆς
2251 1811 2353 1878 γῆς
2381 1808 2823 1871 διαπλασθέντες,
2866 1806 3027 1862 πάλιν
3057 1807 3137 1868 είς
3170 1805 3269 1875 τὴν
3288 1805 3391 1875 γῆν
3430 1805 3572 1874 μετά

1989 1892 2142 1956 τέλος
2168 1893 2493 1962 ἀναλύομεν.
2518 1892 2704 1946 Ταῦτα
2731 1887 2825 1944 οὖν
2852 1890 3112 1961 ἐννοήσας
3145 1887 3450 1957 ὲκπλάγηθι
3479 1888 3571 1941 τὸν

1990 1974 2391 2046 ἀνεξιχνίαστον
2419 1975 2645 2028 πλοῦτον
2664 1974 2765 2045 τῆς
2793 1973 2994 2044 πολλῆς
3021 1972 3149 2043 περὶ
3166 1973 3198 2042 ἡ
3206 1972 3312 2041 μᾶς
3326 1970 3418 2024 τοῦ
3436 1970 3570 2024 Θεοῦ

1992 2058 2346 2130 ἀγαθότητος,
2377 2059 2459 2112 ὅτι
2488 2058 2708 2129 Πατέρα
2740 2056 2926 2110 καλεῖν
2976 2054 3356 2126 προσετάχθης
3384 2054 3568 2118 αὑτὸν,

1991 2144 2019 2196 ὁ
2044 2144 2229 2213 γήῖνος
2254 2142 2345 2197 τὸν
2363 2135 2634 2214 οὐράνιον,
2667 2142 2696 2193 6
2725 2139 2916 2210 θνητὸς
2931 2137 3023 2192 τὸν
3038 2137 3325 2201 ἀθάνατον,
3356 2139 3384 2191 6
3408 2135 3574 2208 φθαρσ

1991 2226 2082 2289 τὸς
2113 2226 2203 2280 τὸν
2241 2225 2537 2298 ἄφθαρτον,
2573 2225 2602 2276 ό
2628 2223 2967 2296 πρόσκαιρος
2990 2220 3081 2275 τὸν
3105 2220 3344 2284 αίώνιον,
3381 2221 3409 2272 6
3444 2218 3572 2289 χθὲς

1993 2311 2087 2363 xu).
2120 2308 2313 2380 πρώην
2359 2309 2551 2381 πηλὸς,
2598 2308 2689 2363 τὸν
2719 2308 2849 2361 ϐντα
2883 2306 2989 2378 πρὸ
3029 2306 3138 2359 τῶν
3175 2304 3385 2358 αἰώνων
3415 2303 3570 2357 Θεόν.

2006 2392 2145 2445 Ἀλλ’
2166 2393 2227 2446 ού
2254 2392 2430 2463 μάτην
2449 2390 2732 2462 ἐδιδάχθης
2759 2387 2965 2461 ταύτην
2989 2387 3208 2457 ἀφιέναι
3234 2387 3334 2457 τὴν
3364 2384 3571 2455 φωνὴν,

1991 2480 2105 2533 ἀλλ’
2138 2480 2224 2532 ἵνα
2281 2478 2381 2549 τὴν
2430 2477 2533 2531 ὑπὸ
2569 2478 2667 2546 τῆς
2711 2474 2959 2545 γλώττης
3018 2490 3112 2527 σου
3158 2468 3576 2544 προφερομένην

1992 2562 2085 2616 τοῦ
2110 2562 2324 2633 Πατρὸς
2352 2561 2648 2631 ὀνομασίαν
2695 2557 3036 2628 αἰδούμενος,
3083 2559 3224 2627 μιμῇ
3255 2555 3422 2610 αὑτοῦ
3474 2555 3575 2625 τὴν

1994 2647 2324 2716 άγαθότητα,
2352 2645 2426 2708 ώς
2463 2644 2556 2697 xu).
2609 2642 2843 2712 ἀλλαχοῦ
2877 2657 3030 2711 φησιο
3085 2639 3344 2693 Γίνεσθε
3384 2638 3574 2706 ὅμοιοι

1992 2731 2097 2784 τοῦ
2122 2729 2350 2797 Πατρός
2374 2728 2541 2796 ὑμῶν
2577 2726 2683 2780 τοῦ
2715 2725 2785 2780 ἐν
2817 2723 3115 2792 οἰιρανοῒς,
3146 2721 3235 2775 ὅτι
3263 2721 3371 2775 τὸν
3399 2721 3575 2790 ἣλιον

1992 2814 2178 2867 αὑτοῦ
2211 2812 2529 2867 ἀνατέλλει
2579 2809 2675 2863 ἐπὶ
2702 2807 3006 2877 πονηροὺς
3032 2806 3127 2860 καὶ
3160 2804 3440 2875 ἀγαθοὺς,
3476 2807 3577 2859 καί

1989 2899 2196 2968 βρέχει
2245 2896 2346 2951 ἐπὶ
2394 2895 2664 2961 δικαίους
2692 2892 2790 2949 καὶ
2808 2892 3076 2955 ἀδίκους.
3107 2891 3184 2945 Ού
3211 2889 3435 2945 δύναται
3467 2891 3577 2960 γὰρ

1995 2984 2214 3054 Πατέρα
2244 2981 2429 3036 καλεῖν
2452 2979 2545 3033 τὸν
2569 2977 2949 3050 φιλάνθρωπον
2987 2975 3120 3029 Θεὸν
3150 2976 3177 3028 6
3206 2975 3303 3047 τὴν
3351 2974 3578 3046 γνώμην

1995 3065 2133 3135 ἔχων
2165 3063 2407 3137 θηριώδη
2435 3062 2529 3116 καὶ
2560 3060 2955 3132 ἀπάνθρωπον·
2987 3059 3108 3113 οὐδὲ
3129 3059 3432 3130 γὰρ’σώζει
3453 3059 3578 3123 τοὺς

1995 3150 2348 3220 χαρακτῆρας
2376 3148 2499 3210 τοὺς
2527 3148 2585 3200 ἐν
2615 3145 2693 3217 τῷ
2720 3155 2741 3185 ο
2767 3142 3074 3215 ἐπουρανίῳ
3098 3143 3275 3213 Πατρὶ
3307 3142 3579 3212 ἀγαθότη-

1994 3249 2109 3296 τος,
2148 3232 2263 3286 ἀλλ’
2302 3234 2382 3295 είς
2407 3231 2467 3285 τὸ
2495 3230 2758 3301 θηριῶδες
2783 3222 2920 3290 εἶδος
2940 3226 3131 3280 ἐαυτὸν
3164 3225 3576 3296 μετεμόρφωσε,

1998 3320 2091 3373 καὶ
2113 3318 2210 3388 τῆς
2245 3317 2433 3388 θεϊκῆς
2467 3315 2745 3384 εὐγενείας
2771 3313 3016 3378 ἐξέπεσε,
3055 3310 3198 3365 κατὰ
3235 3311 3297 3363 τὺ
3341 3309 3446 3365 ὑπὸ
3484 3308 3578 3362 τοῦ

1996 3402 2159 3456 Δαυῒδ
2186 3404 2305 3473 είρη
2316 3402 2491 3473 μένον·
2514 3403 2857 3467 Ἀνθρωπος
2877 3395 3100 3465 ἐντιμῇ
3115 3396 3200 3449 ῶν
3225 3397 3297 3451 οὺ
3320 3393 3577 3462 συνῆκε,

2000 3484 2507 3555 παρασυνεϐλήθη
2547 3483 2669 3548 τοῖς
2705 3480 2956 3549 κτήνεοί
2992 3480 3118 3544 τοῖς
3152 3478 3452 3544 ἀνοήτοις,
3481 3478 3580 3530 καὶ

1997 3570 2261 3639 ὡμοιώθη
2294 3568 2516 3634 αὐτοῖς.
2549 3568 2717 3620 Ὅταν
2748 3565 2856 3637 γάρ
2888 3582 2973 3627 τις
3006 3564 3203 3634 σκιρτᾷ
3228 3563 3325 3633 μέν
3351 3561 3426 3625 ώς
3458 3561 3584 3615 ταῦο

2004 3669 2116 3721 ρος,
2142 3650 2372 3722 λακτίζῃ
2408 3650 2472 3703 ⁷δέ
2512 3649 2587 3712 ὡς
2607 3649 2747 3713 ὄνος,
2775 3650 3084 3719 μνησικακῇ
3127 3646 3183 3700 δὲ
3212 3646 3286 3710 ὡς
3313 3645 3580 3716 κάμηλος,

2002 3735 2096 3788 xu).
2128 3734 2515 3804 γαστριμαργῇ
2541 3731 2639 3802 μὲν
2667 3731 2740 3793 ώς
2773 3731 2995 3801 ἄρκτος,
3031 3728 3254 3803 ἁρπάζῃ
3295 3729 3350 3782 δὲ
3380 3729 3454 3791 ώς
3486 3728 3584 3781 λύο

2000 3834 2113 3881 κος,
2137 3817 2346 3887 πλήττῃ
2371 3814 2428 3868 δὲ
2449 3814 2521 3877 ώς
2538 3813 2815 3884 σκορπίος,
2843 3812 3071 3876 ὕπουλος
3086 3813 3143 3867 δέ
3224 3813 3298 3876 ὡς
3331 3811 3577 3880 ἀλώπηξ,

1999 3900 2296 3972 χρεμετίζῃ
2321 3900 2377 3953 δὲ
2408 3898 2501 3952 ἐπὶ
2535 3894 2782 3964 γυναιξὶν
2801 3895 2876 3957 ὡς
2914 3895 3080 3958 ἵππος
3109 3894 3444 3966 θηλυμανὴς,
3461 3895 3581 3958 πῶς

2000 3984 2220 4038 δύναται
2248 3985 2277 4036 6
2318 3981 2557 4043 τοιοῦτος
2600 3979 2699 4050 τὴν
2748 3976 2850 4048 υἰῷ
2900 3978 3217 4048 πρέπουσαν
3259 3978 3582 4048 ἀναπέμψαι

2002 4067 2207 4139 φωνὴν,
2240 4066 2337 4120 xu).
2381 4063 2601 4135 Πατέρα
2640 4062 2833 4116 ἐαυτοῦ
2858 4061 3043 4115 καλεῖν
3078 4061 3168 4115 τὸν
3189 4060 3356 4122 Θεὸν;
3401 4062 3466 4115 Τί
3487 4058 3583 4115 οὖν

2002 4148 2361 4221 ὀνομάζεσθαι
2408 4147 2512 4219 χρὴ
2570 4146 2662 4200 τὸν
2698 4144 2971 4209 τοιοῦτον;
3029 4143 3259 4216 Θηρίον;
3309 4142 3474 4197 Ἀλλά
3514 4143 3585 4198 τὰ

2004 4236 2167 4309 θηρία
2193 4235 2274 4288 ἐνὶ
2296 4233 2503 4288 τούτων
2543 4232 2652 4287 τῶν
2697 4222 3095 4300 ἐλαττωμάτων
3142 4230 3452 4301 κατέχεται’
3492 4225 3584 4284 οῦ-
3626 4236 3633 4243 ’

2002 4307 2095 4378 τος
2140 4314 2198 4368 δὲ
2225 4314 2401 4368 πάντα
2431 4309 2753 4379 συναγαγὼν
2804 4311 2861 4362 ἐν
2884 4308 3083 4378 ἐαυτῷ,
3109 4309 3201 4361 xu).
3235 4308 3331 4378 τῆς
3359 4307 3586 4360 ἐκείνων

2004 4394 2229 4462 ἀλογίας
2287 4391 2510 4459 γέγονεν
2550 4389 2908 4461 ἀλογώτερος.
2947 4388 3057 4441 Καὶ
3091 4387 3144 4440 τί
3187 4386 3331 4455 λέγω
3365 4386 3581 4456 Θηρίονς

2004 4473 2205 4547 Θηρίου
2231 4472 2431 4534 παντὸς
2454 4469 2833 4541 χαλεπώτερός
2862 4470 3011 4521 ἐστιν
3038 4468 3335 4529 ὀτοιοῦτος.
3370 4465 3584 4517 Ἐκεῖνα

2010 4544 2247 4624 μὲνγὰρ,
2288 4551 2466 4604 καίτοι
2494 4549 2636 4603 κατά
2663 4549 2823 4616 φύσιν
2854 4548 3019 4619 ἄγρια
3054 4545 3205 4607 ὄντα,
3237 4544 3583 4624 ἀνθρωπίνης

2005 4616 2387 4686 ἀπολαύσαντα
2417 4629 2632 4698 τέχνης,
2660 4628 2843 4700 ἥμερα
2873 4616 3131 4689 πολλάκις
3159 4624 3387 4693 γίνεται·
3432 4616 3586 4687 οὗτος

2005 4715 2081 4775 δὲ.
2112 4712 2398 4783 ἅνθρωπος
2429 4710 2524 4772 ῶν,
2545 4710 2639 4763 καὶ
2659 4709 2754 4778 τὴν
2793 4705 3015 4760 ἐκείνων
3041 4703 3340 4783 ἀγριότητα
3373 4704 3470 4774 τὴν
3496 4720 3585 4783 xu-

2006 4793 2075 4847 τά
2104 4781 2264 4860 φύσιν
2316 4791 2397 4853 εἰς
2443 4789 2541 4859 τὴν
2585 4787 2900 4857 ἡμερότητα
2938 4781 3256 4854 μεταϐαλὼν
3290 4782 3388 4852 τὴν
3435 4781 3586 4852 παρά

2009 4870 2192 4941 φύσιν,
2220 4866 2377 4922 ποίαν
2423 4866 2535 4932 ἕξει
2583 4865 2905 4933 ἀπολογίαν,
2933 4863 3031 4935 τὴν
3061 4861 3253 4915 ἐαυτοῦ
3304 4861 3587 4932 πραότητα

2006 4938 2105 5021 τὴν
2138 4947 2279 5002 κατά
2310 4946 2470 5015 φύσιν
2503 4948 2580 5011 εἰς
2613 4945 2911 5017 ἀγριότητα
2955 4943 3165 5009 ἐξάγων
3193 4939 3289 5012 τὴν
3315 4939 3465 5011 παρά
3490 4938 3586 5009 φύ-

2010 5018 2115 5094 σιν,
2140 5027 2234 5081 καὶ
2250 5027 2310 5080 τὸ
2332 5028 2428 5098 μὲν
2460 5024 2650 5096 ἄγριον
2678 5024 2838 5095 φύσει
2868 5023 3033 5076 ποιῶν
3050 5024 3087 5093 ᾗ
3097 5039 3160 5092 με
3168 5038 3281 5093 ρον,
3316 5020 3508 5074 ἑαυτὸν
3530 5018 3588 5073 δέ

2006 5108 2099 5162 τὸν
2124 5105 2239 5179 [9.9]
2265 5107 2467 5178 ἥμερον
2495 5105 2654 5176 φύσει
2683 5103 2852 5157 ποιῶν
2886 5103 3107 5173 ἀγριονς
3141 5100 3235 5179 xu).
3271 5098 3459 5179 λέοντα
3491 5098 3589 5179 μέν

2007 5176 2388 5249 τιθασσεύων,
2416 5186 2510 5238 xu).
2551 5179 2811 5255 χειροήθη
2846 5180 3037 5246 ποιῶν,
3077 5180 3169 5232 τὸν
3191 5178 3248 5232 δὲ
3283 5178 3452 5249 θυμὸν
3497 5176 3589 5255 τὸν
3677 5181 3681 5184 ’

2011 5267 2141 5320 ἴδιον
2169 5265 2383 5327 λέοντος
2430 5254 2858 5325 κατασκευάζων
2899 5258 2926 5298 ά
2976 5258 3339 5329 ἀγριώτερον;
3394 5254 3590 5309 Καίτοι

2009 5348 2125 5399 ἐκεῖ
2148 5344 2241 5397 δύο
2279 5345 2395 5397 ἐστὶ
2421 5341 2740 5411 κωλύματα.
2773 5339 2868 5392 καὶ
2888 5337 2948 5391 τὸ
2974 5336 3236 5406 λογισμοῦ
3263 5332 3588 5404 ἐστερῆσθαι

2006 5425 2068 5478 τὸ
2109 5423 2315 5494 θηρίον,
2361 5423 2453 5475 xu)
2482 5421 2542 5473 τὸ
2574 5420 2789 5474 πάντων
2818 5416 2956 5469 εἶναι
3011 5413 3440 5494 θυμωδέστεροψ
3471 5411 3587 5494 ἀλλ’

2007 5490 2271 5575 ὅμως-διὰ
2300 5504 2399 5573 τῆς
2443 5500 2595 5571 παρὰ
2637 5498 2733 5552 τοῦ
2767 5496 2902 5552 Θεοῦ
2940 5491 3197 5575 ,δοθείσης
3239 5490 3451 5575 σοφίας,
3495 5490 3591 5575 xu).

2007 5569 2105 5654 τῆς
2151 5569 2447 5654 θηριώδους
2501 5569 2840 5651 περιγίνεται
2881 5573 3117 5654 φύσεως.
3160 5572 3327 5654 Ku)
3356 5572 3448 5654 ἐπί
3481 5569 3590 5624 τῶν

2009 5649 2337 5737 θηρίων-τὴν
2357 5662 2517 5732 φύσιν
2539 5649 2726 5720 νικῶν,
2753 5659 2838 5726 ἐφ’
2866 5652 3065 5737 ἐαυτοῦ
3086 5651 3224 5737 μετὰ
3250 5649 3591 5737 τῆς-φύσεως

2010 5728 2103 5798 καί
2136 5743 2197 5795 τὸ
2236 5728 2336 5810 τῆς
2367 5728 2740 5810 προαιρέσεως
2771 5733 3034 5788 ἀπόλλυσι
3066 5733 3248 5786 καλόν·
3280 5732 3375 5785 xu).
3400 5728 3593 5783 λέοντα

2075 5829 2097 5886 ς
2122 5826 2257 5886 Lege
2273 5824 2382 5878 τοὺς
2398 5838 2507 5886 χαρ.
2538 5827 2622 5876 τῆς
2642 5820 2690 5867 ἐν
2716 5820 2802 5882 τῷ.
2828 5817 2965 5886 Ευετ.

2076 5885 2098 5925 θ
2143 5874 2252 5935 Μξς.
2296 5874 2431 5933 ἴδιος
2456 5874 2642 5937 λέοντος
2664 5874 2868 5929 κατασκ.
2898 5877 2949 5926 In
2994 5878 3166 5927 Morel.
3195 5884 3248 5929 ει
3282 5875 3430 5928 Savil.
3463 5874 3597 5924 λέον-

2009 5966 2090 6004 τος
2139 5953 2301 6008 dccsl,
2328 5946 2414 5995 sed
2442 5944 2502 5995 ad
2524 5942 2703 5993 seriem
2734 5943 2984 6005 pertinere
3021 5941 3233 5992 videtur.
