4106 6424
316 424 380 482 ιε’»
1027 430 1115 487 DE
1155 431 1472 491 ANGUSTA
1516 435 1767 507 PORTA,
1810 438 1900 495 ET
1937 437 2006 495 1N
2043 439 2444 498 ORATIONEM
2485 441 2884 501 DOMINICAM’.
3553 446 3619 499 liti

311 542 439 598 facit
460 541 764 612 hominem,
789 557 851 600 se
872 559 936 600 ex
966 543 1183 603 homine
1198 512 1402 604 iactum
1427 564 1547 605 esse
1578 550 1790 607 leonem
1818 567 1915 623 pro

314 635 488 691 nihilo
516 634 665 692 ducit
697 654 712 692 :
744 637 820 692 illi
849 653 967 709 qure
1011 652 1174 710 supra
1219 650 1464 697 naturam
1506 653 1631 699 sunt
1655 645 1913 714 impertit,

313 727 418 781 sibi
471 743 593 798 quae
632 740 823 784 contra
878 738 1119 786 naturam
1166 741 1291 787 sunt
1335 732 1604 789 adsciscit.
1638 734 1919 803 Quomodo

320 821 483 891 igitur
521 820 644 875 talis
667 836 794 877 cum
819 822 909 889 sit,
943 822 1113 878 Deum
1150 824 1345 893 poterit
1369 826 1641 896 appellare
1667 827 1918 882 Patrem?

316 910 574 982 Quisquis
595 912 755 983 igitur
779 929 904 984 erga
929 914 1233 983 proximum
1254 917 1401 972 mitis
1424 916 1796 990 bumanusque
1811 930 1914 987 εει,

318 1003 521 1074 quique
565 1003 618 1058 in
658 1018 716 1058 se
748 1014 1031 1074 peccantes
1061 1021 1168 1060 non
1199 1006 1496 1073 ulciscitur,
1521 1008 1617 1065 sed
1642 1009 1919 1067 beneﬁciis

320 1093 548 1165 injurias
588 1094 688 1150 sibi
735 1095 910 1151 illatas
946 1107 1290 1166 rcmunerat,
1324 1100 1372 1155 is
1406 1100 1452 1155 si
1482 1101 1647 1157 Deum
1686 1103 1921 1173 appellet

320 1187 562 1254 Patrem,
583 1203 691 1243 non
746 1204 874 1245 reus
916 1189 1115 1261 agitur.
1163 1190 1434 1250 Orationis
1479 1195 1584 1249 vim
1635 1195 1919 1267 diligenter

319 1279 569 1346 adverte,
596 1280 867 1350 quomodo
895 1281 1050 1337 nobis
1080 1291 1323 1339 mutuum
1355 1299 1594 1342 amorem
1621 1287 1916 1358 prmcipiat,

319 1378 485 1442 atque
518 1373 756 1428 caritatis
784 1373 977 1430 affectu
996 1390 1185 1431 omnes
1212 1377 1528 1450 conjungal.
1560 1379 1748 1452 Neque
1773 1381 1917 1436 enim

315 1464 506 1519 dicere
526 1463 702 1535 jussit,
733 1465 892 1522 Pater
920 1466 1016 1534 mi,
1047 1467 1140 1538 qui
1192 1484 1252 1524 es
1300 1468 1359 1535 in
1411 1470 1594 1539 caelis;
1642 1472 1736 1528 sed
1765 1472 1920 1528 Pater

321 1566 513 1623 noster,
542 1558 627 1627 qui
649 1575 703 1613 cs
728 1558 781 1613 in
806 1560 944 1615 cwlis
968 1575 988 1626 ;
1015 1572 1073 1616 ut
1098 1562 1277 1618 edocti
1307 1578 1407 1620 nos
1441 1579 1781 1622 communem
1823 1566 1919 1622 ha-

321 1647 454 1704 bere
485 1648 731 1717 Patrem,
767 1648 1061 1707 fraternam
1089 1661 1277 1710 mutuo
1303 1653 1735 1713 benevolentiam
1765 1658 1922 1715 exhi-

321 1739 566 1796 beamus.
595 1740 797 1799 Deinde
844 1757 943 1798 nos
992 1744 1220 1800 instituit
1243 1755 1301 1801 ut
1335 1756 1535 1803 terram
1566 1753 1915 1823 terrenaque‘

321 1830 715 1901 relinquamus,
766 1846 868 1888 nec
907 1834 1133 1891 terrenis
1173 1834 1462 1903 inhiemus,
1491 1838 1587 1894 sed
1628 1842 1920 1912 assumptis

322 1920 451 1976 ﬁdei
476 1922 599 1988 alis,
624 1938 723 1993 per
750 1938 932 1980 aerem
964 1925 1210 1987 volemus
1244 1928 1556 2001 aetheraque
1578 1932 1921 1988 transcenda-

321 2027 476 2082 mus,
506 2022 562 2069 et
590 2029 748 2086 quem
780 2030 1036 2072 vocamus
1063 2018 1278 2075 Patrem
1305 2036 1634 2091 quaeramus,
1661 2023 1921 2096 jubctque

320 2105 526 2172 dicere,
558 2103 716 2160 Pater
757 2115 945 2172 noster,
979 2108 1068 2179 qui
1109 2126 1160 2164 es
1195 2111 1247 2165 in
1275 2112 1433 2178 aclis,
1466 2128 1574 2169 non
1604 2116 1748 2185 quod
1780 2116 1920 2174 Deus

323 2196 379 2252 in
404 2197 553 2253 cadis
578 2206 786 2254 tantum
820 2200 911 2267 sit,
944 2200 1038 2257 sed
1071 2210 1128 2257 ut
1172 2218 1273 2259 nos
1302 2204 1356 2260 in
1383 2215 1524 2261 terra
1555 2207 1821 2265 volutatos
1850 2209 1916 2266 ad

319 2288 514 2344 caelum
563 2290 955 2361 respiciendum
1000 2293 1250 2363 inducat,
1298 2297 1560 2370 nobisque
1608 2300 1905 2358 caelestium

319 2378 589 2435 bonorum
617 2380 1012 2451 pulchritudine
1035 2384 1314 2442 illustratis
1341 2387 1397 2442 id
1414 2388 1677 2459 conferat,
1708 2398 1768 2447 ut
1790 2406 1922 2448 con-

323 2472 655 2543 cupiscentia
685 2482 866 2531 nostra
893 2484 1002 2532 tota
1028 2492 1096 2534 eo
1126 2479 1453 2536 traducatur.

398 2562 451 2618 4.
478 2561 780 2620 Secundam
817 2566 1011 2624 deinde
1035 2568 1328 2626 clausulam
1356 2572 1540 2643 adjicit
1570 2591 1585 2628 :
1618 2575 1922 2646 Sanetiﬁcc—

322 2664 408 2708 tur
448 2672 630 2710 nomen
678 2665 837 2712 tuum.
883 2658 960 2715 Ne
985 2660 1105 2731 quis
1143 2677 1271 2717 vero
1312 2663 1626 2734 insipienter
1652 2666 1922 2723 existimet

323 2746 762 2804 sanctiﬁcationis
798 2751 1160 2807 accessionem
1202 2753 1312 2809 Deo
1356 2755 1599 2824 attribui,
1627 2756 1754 2812 dum
1784 2757 1922 2815 dici-

325 2844 436 2904 tur,
468 2836 832 2908 Sanctiﬁcetur
870 2857 1053 2897 nomen
1099 2851 1239 2897 tuum
1271 2860 1291 2900 :
1317 2857 1536 2903 sanetus
1571 2849 1713 2903 enim
1744 2859 1847 2919 est,
1870 2860 1924 2906 et

322 2930 547 2986 omnino
594 2942 833 3000 sanctus,
883 2943 938 2989 et
981 2946 1288 2993 sanctorum
1340 2940 1726 2997 sanctissimus.
1774 2943 1925 3001 lianc

324 3031 505 3077 autem
534 3022 634 3093 ipsi
664 3024 877 3081 laudem
921 3027 1153 3085 oll‘erunt
1179 3029 1482 3101 Seraphim,
1514 3034 1593 3091 sic
1622 3034 1922 3094 incessabili

327 3128 461 3170 voce
488 3116 824 3173 clamantes:
853 3118 1098 3189 Sanctus,
1157 3135 1393 3191 sanctus,
1432 3136 1636 3183 sanctus
1672 3127 1926 3188 Dominus

326 3206 559 3264 Sabaoth
590 3226 610 3266 :
637 3211 841 3282 plenum
860 3223 933 3269 est
952 3216 1134 3271 calum
1162 3228 1209 3273 et
1231 3230 1365 3275 terra
1392 3221 1556 3292 gloria
1580 3224 1689 3294 ejus
1714 3223 1924 3297 (Hesoi.

325 3299 383 3355 6.
413 3302 495 3374 3).
518 3302 625 3361 Sed
650 3306 1100 3377 quemadmodum
1130 3312 1189 3381 ii,
1229 3315 1318 3385 qui
1345 3331 1502 3387 reges
1529 3318 1927 3376 acclamationi-

326 3392 428 3448 bus
455 3397 753 3467 excipiunt,
791 3415 855 3456 ac
878 3401 1054 3474 Reges
1079 3403 1540 3481 imperatoresque
1568 3423 1779 3481 vocant,
1817 3431 1924 3473 non

328 3485 437 3542 illis
466 3488 520 3543 id
549 3490 847 3547 attribuunt
872 3495 1014 3565 quod
1042 3511 1149 3551 non
1190 3497 1407 3566 habent,
1437 3500 1531 3558 sed
1555 3503 1697 3574 quod
1728 3505 1928 3563 habent

326 3578 575 3636 laudibus
614 3582 922 3639 celebrant:
951 3586 1022 3642 ita
1069 3596 1125 3643 et
1155 3603 1253 3645 nos
1284 3605 1389 3646 non
1436 3606 1576 3660 eam,
1603 3610 1723 3665 qua:
1749 3596 1923 3667 absit,

327 3671 664 3757 sanctitatem
694 3675 804 3732 Deo
828 3676 1104 3735 oﬁ'crimus
1129 3695 1251 3737 cum
1279 3682 1532 3752 dicimus,
1566 3687 1928 3759 Sanctiﬁcetur

328 3779 513 3818 nomen
540 3774 702 3836 tuum,
745 3769 839 3826 sed
881 3785 1021 3840 eam,
1063 3789 1182 3844 quae
1212 3776 1372 3843 inest,
1416 3777 1659 3835 laudibus
1685 3782 1926 3838 celebra-

328 3874 452 3913 mus
484 3876 498 3913 :
527 3876 648 3915 nam
694 3862 844 3931 illud,
894 3862 1290 3937 Sancti/iactor,
1336 3869 1566 3942 idipsum
1614 3884 1700 3930 est
1743 3875 1925 3946 quod,

326 3951 675 4019 gloriﬁcetur.
709 3953 820 4012 Hac
848 3956 1026 4028 itaque
1059 3973 1192 4016 voce
1220 3960 1498 4031 docemur,
1532 3972 1590 4020 ut
1616 3966 1775 4021 vitam
1805 3982 1929 4023 cum

328 4042 526 4099 virtute
552 4043 835 4113 ducamus,
864 4058 919 4104 ut
945 4065 1063 4105 eam
1092 4050 1337 4109 videntes
1366 4053 1631 4120 homines,
1661 4059 1927 4115 caelestem

329 4133 547 4191 Patrem
574 4148 819 4194 nostrum
863 4141 1186 4212 gloriﬁcent,
1214 4154 1274 4201 ut
1299 4146 1425 4203 alibi
1465 4149 1661 4206 dicitur
1691 4170 1703 4205 :
1738 4151 1930 4209 Luceat

328 4223 422 4278 lux
467 4236 628 4281 vestra
664 4246 837 4284 coram
874 4232 1178 4306 hontinilms,
1223 4246 1277 4291 ut
1323 4239 1525 4295 videant
1567 4260 1720 4313 opera
1766 4256 1929 4301 vestra

329 4319 479 4381 bona,
508 4329 556 4375 et
598 4322 878 4393 glori/irent
919 4325 1129 4383 Patrem
1175 4341 1411 4397 vestrum,
1462 4336 1550 4404 qui
1591 4337 1643 4391 in
1681 4340 1818 4394 cwlis
1856 4351 1928 4396 est

328 4408 542 4479 (Matth.
575 4412 628 4468 5.
661 4415 774 4488 16).
803 4416 994 4474 Postea
1025 4421 1316 4480 edocemur
1343 4425 1543 4494 dicere,
1578 4430 1822 4486 Adveniat
1842 4450 1925 4489 re-

324 4521 485 4575 gnum
524 4517 667 4562 tuum
695 4528 715 4563 :
747 4513 1207 4581 perturbationum
1265 4521 1627 4591 corporalium
1683 4529 1926 4595 oppressi

327 4599 626 4670 tyrannide,
659 4611 713 4658 et
743 4607 1012 4661 sexcentis
1040 4610 1394 4666 tentationum
1432 4614 1714 4672 insultibus
1753 4618 1925 4690 impe-

324 4692 431 4760 titi,
462 4694 554 4751 Dei
586 4712 754 4768 regno
800 4714 1044 4771 egemus,
1081 4712 1138 4759 ut
1178 4716 1454 4775 peccatum
1505 4725 1610 4765 non
1655 4722 1841 4783 regnet
1872 4714 1923 4770 in

322 4787 537 4842 mortali
580 4804 807 4861 corpore
853 4805 1039 4851 nostro
1081 4794 1259 4867 (Rom.
1296 4799 1349 4855 6.
1383 4800 1505 4872 12),
1541 4802 1610 4857 ita
1653 4812 1711 4859 nt
1755 4805 1826 4859 illi
1870 4805 1923 4862 in

319 4877 704 4947 cupiditatibus
754 4882 1145 4956 obsequamur,
1201 4897 1366 4960 utque
1416 4908 1522 4948 non
1578 4894 1925 4953 exhibeamus

320 4967 565 5026 membra
599 4983 789 5030 nostra
831 4990 979 5031 arma
1025 4979 1323 5051 iniquitatis
1365 4994 1606 5053 peccato,
1650 4987 1744 5042 sed
1773 4987 1925 5043 exhi-

318 5060 544 5119 beamus
571 5078 723 5121 arma
762 5066 988 5137 iustitiae
1017 5070 1149 5140 Deo,
1177 5082 1232 5128 et
1260 5073 1392 5146 Regi
1422 5077 1741 5144 saeculorum
1787 5081 1926 5136 mili-

319 5163 514 5211 tentus.
546 5158 628 5213 Ad
659 5159 774 5216 haec
801 5163 961 5218 etiam
1002 5163 1282 5233 docemur,
1314 5183 1383 5222 ne
1412 5180 1730 5240 praesentem
1758 5174 1920 5229 vitam

317 5248 498 5319 magni
526 5248 804 5320 iaciamus,
863 5257 959 5311 sed
1002 5260 1284 5326 przesentia
1324 5259 1702 5333 despiciamus,
1746 5264 1920 5322 futura

316 5358 472 5410 vero,
522 5353 708 5416 utpote
745 5351 1015 5405 manentia
1072 5354 1536 5424 concupiscamus,
1585 5368 1639 5413 et
1693 5374 1918 5429 regnum

314 5434 449 5490 illud
475 5453 780 5507 qumramus
820 5442 1058 5512 cmleste,
1087 5457 1482 5518 neruumque,
1513 5465 1613 5505 nec
1643 5454 1921 5520 prazsenti-

311 5526 417 5581 bus
451 5529 812 5601 voluptatibus
841 5532 1181 5604 ltmreamus;
1225 5554 1332 5593 non
1364 5541 1549 5596 forma:
1592 5557 1877 5613 corporum
1902 5586 1916 5610 ,

312 5635 424 5675 non
455 5624 693 5691 pecunia:
721 5626 795 5692 vi,
842 5643 947 5682 non
977 5630 1374 5698 possessionum
1409 5632 1768 5702 abundantizc,
1813 5652 1918 5692 non

307 5727 641 5783 getnmarum
672 5719 1100 5788 magniﬁcentiae,
1135 5737 1240 5776 non
1270 5722 1461 5778 aedium
1489 5726 1783 5794 splendori,
1812 5742 1919 5784 non

304 5805 554 5875 imperiis
582 5816 638 5862 et
664 5809 982 5865 militaribus
1007 5812 1360 5881 praefecturis,
1386 5829 1492 5871 non
1517 5834 1787 5888 purpurae,
1813 5836 1918 5879 non

378 5896 397 5929 ⁸
430 5898 503 5947 sic
526 5911 697 5950 omnes
724 5908 828 5952 Mss.
855 5901 973 5952 Editi
994 5914 1113 5953 vero
1136 5916 1231 5954 non
1255 5904 1456 5966 habent,
1481 5916 1780 5975 lei'i'enmpoc.
1834 5926 1839 5932 ‘

2030 553 2341 623 diademati,
2371 570 2476 611 non
2504 556 2741 628 opsoniis
2770 566 2825 613 et
2867 557 3026 613 lautis
3061 548 3262 628 epulis,
3291 572 3464 629 neque
3508 559 3625 615 aliis

2024 645 2185 714 qnibu
2197 645 2355 701 slibet
2382 661 2593 713 eorum,
2634 664 2753 718 quae
2780 664 2975 705 sensus
3022 658 3237 705 nostros
3267 651 3508 706 inescare
3534 666 3618 704 so-

2024 735 2170 802 lent;
2201 734 2296 792 sed
2332 736 2398 791 iis
2425 738 2676 794 omnibus
2702 739 2879 795 valere
2898 740 3085 811 jussis,
3119 755 3343 811 regnum
3369 741 3624 796 cazlorum

2024 825 2390 883 indesinenter
2405 840 2741 899 appetamus.
2762 830 2912 886 Hanc
2927 847 3057 887 vero
3078 834 3324 887 virtutem
3328 843 3621 911 postquam

2024 934 2123 975 nos
2161 919 2362 987 docuit,
2408 922 2589 979 dicere
2622 922 2777 994 jubet
2808 941 2822 977 :
2854 923 2974 978 Fiat
3011 924 3241 979 voluntas
3287 934 3374 978 tua
3401 926 3531 979 sicut
3570 925 3624 979 in

2023 1012 2146 1067 caelo
2169 1022 2215 1066 et
2244 1014 2297 1067 in
2324 1025 2480 1072 terra.
2505 1015 2790 1086 Postquam
2810 1017 2953 1071 enim
2978 1015 3133 1072 nobis
3154 1016 3452 1072 futurorum
3475 1032 3624 1072 amo-

2023 1119 2137 1158 rem
2164 1104 2373 1173 indidit,
2404 1122 2612 1162 necnon
2648 1108 2795 1178 regni
2835 1108 3067 1165 ca-lestis
3092 1110 3578 1180 concupiscentiam
3604 1151 3619 1176 ,

2026 1194 2129 1251 hoc
2162 1196 2475 1253 vulneratos
2500 1198 2771 1255 desiderio
2798 1201 2864 1255 ad
2898 1201 3012 1257 haec
3036 1201 3261 1258 dicenda
3305 1211 3620 1272 comparat,

2026 1287 2149 1343 Fiat
2174 1290 2408 1346 uoluntas
2436 1300 2544 1361 tua,
2572 1292 2703 1346 sicut
2746 1293 2800 1347 in
2823 1294 2948 1349 ctelo
2974 1305 3020 1348 et
3047 1294 3101 1349 in
3130 1303 3282 1349 terra.
3318 1295 3390 1349 Da
3422 1295 3575 1350 nobis
3603 1335 3620 1362 ,

2024 1379 2216 1451 inquit,
2267 1379 2534 1449 Domine,
2583 1390 2643 1437 ut
2686 1383 2956 1440 caelestem
3004 1384 3150 1440 illam
3195 1385 3317 1440 vita:
3359 1386 3621 1440 rationem

2024 1488 2333 1544 sequamur,
2362 1483 2421 1530 ut
2447 1490 2532 1543 ea,
2556 1491 2674 1546 quae
2706 1484 2761 1531 tu
2793 1477 2894 1543 vis,
2920 1492 3018 1533 nos
3043 1478 3201 1533 etiam
3222 1477 3467 1534 velimus.
3496 1477 3624 1549 Opi-

2025 1564 2196 1621 tulare
2223 1564 2384 1637 igitur
2406 1566 2566 1623 debili
2591 1567 2886 1624 voluntatis
2915 1568 3211 1640 proposito,
3243 1569 3385 1640 quod
3415 1584 3476 1625 ea
3504 1584 3624 1640 qua:

2018 1656 2178 1727 jubes
2203 1656 2422 1730 exsequi
2452 1659 2621 1729 cupit,
2668 1658 2765 1750 sed
2792 1660 3036 1730 corporis
3075 1659 3386 1716 inﬁrmitate
3417 1674 3624 1731 praepe-

2024 1749 2169 1807 ditur
2200 1768 2213 1805 :
2247 1752 2459 1823 porrige
2488 1767 2703 1807 manum
2744 1767 2964 1809 currere
3011 1752 3227 1823 quidem
3273 1752 3578 1809 volentibus
3606 1794 3621 1820 ,

2025 1842 2119 1898 sed
2148 1843 2215 1898 ad
2248 1843 2657 1899 claudicandum
2697 1843 2915 1900 coactis.
2950 1845 3062 1900 Alis
3091 1845 3346 1900 instructa
3393 1852 3476 1900 est
3503 1844 3624 1899 ani-

2025 1948 2136 2000 ma,
2165 1934 2260 1990 sed
2302 1934 2446 1990 illam
2491 1950 2620 1992 caro
2655 1951 2871 2007 gravem
2902 1936 3065 1993 efﬁcit
3094 1954 3109 2003 ;
3143 1936 3260 1993 haec
3283 1936 3348 1992 ad
3388 1937 3624 1992 cariestia

2026 2027 2182 2083 velox
2210 2037 2313 2096 est,
2364 2029 2454 2084 illa
2490 2045 2619 2085 vero
2664 2031 2840 2101 gravis
2885 2039 2941 2085 et
2981 2030 3048 2086 ad
3097 2040 3304 2086 terrena
3350 2031 3621 2101 proclivis.

2026 2121 2181 2177 Adsit
2203 2121 2363 2178 modo
2383 2122 2639 2177 auxilium
2665 2132 2834 2189 tuum,
2862 2133 2917 2179 et
2941 2139 3024 2188 ea,
3052 2138 3172 2194 qum.
3198 2123 3316 2180 ﬁeri
3338 2139 3442 2178 non
3466 2138 3625 2194 posse

2025 2214 2294 2281 videntur,
2330 2213 2502 2270 facilia
2532 2213 2780 2273 evadent.
2808 2214 2930 2270 Fiat
2958 2215 3118 2288 igitur
3137 2216 3368 2271 uoluntas
3388 2224 3475 2270 tua
3492 2216 3624 2270 sicut

2025 2308 2079 2362 in
2108 2309 2231 2363 calo
2257 2318 2303 2363 et
2331 2309 2385 2363 in
2410 2318 2566 2364 terra.

2097 2400 2152 2455 5.
2183 2400 2322 2469 Quia
2350 2414 2481 2455 vero
2526 2410 2725 2457 terram
2762 2407 3167 2467 commemorat,
3215 2407 3375 2471 atque
3417 2399 3502 2466 iis,
3532 2400 3631 2471 qui

2027 2507 2090 2547 ex
2117 2501 2259 2547 terra
2304 2493 2566 2561 procreati
2593 2501 2739 2557 sunt,
2782 2493 2835 2547 in
2867 2492 3061 2563 illaque
3099 2501 3383 2547 versantur
3408 2499 3625 2547 terreno

2025 2582 2204 2639 amicti
2246 2598 2493 2654 corpore,
2533 2584 2853 2655 congruenti
2875 2584 2997 2639 cibo
3023 2593 3108 2640 est
3131 2599 3284 2654 opus,
3318 2584 3624 2639 necessario

2026 2674 2299 2746 subiunxit
2325 2694 2338 2731 :
2370 2675 2566 2731 Panem
2594 2685 2822 2731 nostrum
2841 2677 3372 2747 supersubstantialem
3394 2677 3461 2730 da
3482 2676 3625 2730 nobis

2028 2771 2195 2825 hodie.
2227 2770 2429 2826 Panem
2472 2770 3040 2841 supersubstantialem
3082 2780 3265 2841 petere
3303 2771 3483 2841 jussit,
3515 2786 3622 2825 non

2028 2863 2079 2917 in
2106 2861 2551 2919 delectamentum
2585 2904 2601 2930 ,
2632 2860 2728 2918 sed
2771 2863 2824 2917 in
2850 2861 3185 2929 alimentum,
3226 2862 3368 2934 quod
3415 2862 3627 2919 decedit

2028 2953 2094 3010 de
2112 2969 2336 3024 corpore
2361 2956 2638 3025 supplens,
2657 2963 2712 3011 et
2732 2955 2999 3011 interitum
3028 2972 3094 3011 ex
3114 2954 3253 3012 fame
3280 2956 3512 3011 futurum
3534 2956 3618 3012 de-

2030 3045 2256 3116 pellens.
2297 3044 2411 3101 Non
2442 3047 2728 3103 instructas
2757 3047 2981 3116 dapibus
3008 3063 3224 3104 mensas
3256 3048 3297 3116 ί,
3325 3064 3430 3104 non
3467 3064 3608 3119 opso

2031 3137 2116 3192 nia
2144 3138 2313 3207 varia,
2357 3153 2464 3193 non
2509 3137 2768 3194 delicatos
2817 3136 3141 3195 ferculorum
3171 3150 3477 3211 apparatus,
3520 3157 3627 3197 non

2030 3231 2292 3303 pistorum
2336 3231 2585 3296 artiﬁcia,
2630 3248 2736 3288 non
2781 3232 2904 3288 vina
2947 3232 3116 3290 odore
3163 3233 3543 3302 demulceutia,
3574 3245 3629 3290 et

2029 3341 2150 3397 quae
2189 3325 2293 3381 alia
2332 3326 2566 3396 palatum
2595 3325 2889 3393 delectant,
2918 3336 3159 3383 ventrem
3187 3338 3435 3393 onerant,
3470 3344 3628 3382 mcu-

2034 3428 2142 3474 tem
2169 3419 2479 3487 obscurant,
2528 3427 2582 3475 et
2625 3418 2836 3489 corpori
2882 3419 3025 3474 vires
3067 3417 3269 3475 addunt
3314 3428 3370 3473 ut
3412 3420 3627 3475 insultet

2032 3511 2245 3575 animze,
2285 3525 2347 3565 ac
2378 3510 2582 3581 pullum
2633 3510 2832 3581 auriga:
2873 3509 3106 3566 reddunt
3160 3509 3467 3565 indocilem.
3513 3510 3629 3567 Non

2032 3601 2148 3658 hmo
2176 3609 2235 3656 ut
2274 3616 2556 3673 poscamus
2584 3605 2757 3658 oratio
2799 3601 2999 3667 docuit,
3029 3601 3124 3657 sed
3156 3600 3636 3673 Supersubstautia-

2033 3697 2130 3750 lem
2152 3711 2355 3765 panem,
2382 3693 2437 3749 id
2453 3703 2557 3761 est,
2585 3693 2675 3764 qui
2703 3694 2756 3749 in
2781 3694 3134 3749 substantiam
3150 3693 3395 3765 corporis
3417 3695 3630 3754 transit,

2031 3801 2259 3857 eamque
2285 3784 2605 3841 conﬁrmare
2634 3794 2830 3858 potest.
2866 3785 3017 3840 liutxc
3046 3801 3173 3841 vero
3202 3800 3397 3856 panem
3427 3800 3533 3841 non
3561 3785 3626 3840 ad

2034 3880 2257 3935 multum
2286 3894 2547 3935 annorum
2577 3894 2856 3934 numerum
2902 3889 3085 3948 petere
3120 3878 3386 3948 jnbemur,
3417 3878 3511 3932 sed
3537 3878 3628 3946 qui

2032 3971 2098 4027 ad
2128 3971 2444 4027 hodiernum
2473 3979 2675 4027 tantum
2706 3969 2847 4026 diem
2875 3970 3005 4026 satis
3033 3970 3102 4025 sit
3132 3987 3146 4024 :
3178 3968 3354 4024 Nolite
3383 4011 3398 4036 ,
3433 3969 3626 4039 inquit,

2032 4066 2233 4121 solliciti
2259 4081 2367 4120 esse
2391 4065 2444 4119 in
2470 4065 2745 4120 crastinum
2779 4063 2989 4136 (Matth.
3029 4062 3085 4121 6.
3116 4062 3233 4134 54).
3258 4061 3367 4118 Cur
3387 4063 3530 4118 enim
3560 4061 3630 4119 de

2032 4159 2270 4213 crastino
2293 4158 2414 4228 quis
2441 4158 2700 4213 sollicitus
2729 4157 2820 4222 sit,
2862 4156 2953 4227 qui
2994 4171 3101 4213 non
3130 4156 3301 4225 ipsum
3344 4156 3486 4211 diem
3512 4170 3630 4211 cra-

2032 4252 2229 4307 stinum
2262 4259 2411 4306 certo
2450 4251 2664 4306 visurus
2689 4251 2798 4314 sit;
2830 4250 2925 4306 sed
2966 4250 3059 4322 qui
3100 4250 3340 4306 laborem
3365 4250 3626 4322 suscipit,

2033 4342 2262 4399 fructum
2284 4358 2391 4400 non
2413 4342 2693 4413 decerpit?
2725 4342 2777 4397 In
2802 4342 2912 4398 Deo
2938 4343 3099 4413 igitur
3124 4341 3371 4398 ﬁduciam
3399 4343 3625 4411 colloca,

2035 4435 2134 4503 Qui
2159 4436 2248 4491 dat
2292 4453 2457 4491 escam
2497 4436 2637 4492 omni
2681 4436 2826 4490 carni
2870 4434 3041 4506 (Psal.
3075 4435 3197 4490 155.
3242 4433 3359 4504 25).
3404 4432 3505 4503 Qui
3535 4435 3628 4490 tibi

2030 4543 2228 4598 corpus
2271 4527 2454 4594 dedit,
2495 4527 2836 4596 animamque
2880 4525 3178 4595 inspiravit,
3226 4535 3385 4595 teque
3430 4526 3628 4582 animal

2033 4620 2291 4677 rationale
2333 4619 2631 4687 constituit,
2659 4628 2821 4689 atque
2844 4619 3024 4674 omnia
3071 4617 3163 4673 tibi
3191 4618 3330 4674 bona
3358 4626 3484 4673 ante
3514 4617 3627 4672 for-

2030 4714 2320 4770 mationem
2361 4711 2700 4783 praeparavit,
2732 4710 3002 4782 quomodo
3034 4720 3086 4765 te
3125 4711 3412 4766 formatum
3439 4726 3626 4781 asper-

2030 4806 2261 4873 nabitur,
2308 4806 2410 4873 Qui
2454 4804 2613 4861 solem
2653 4820 2803 4860 suum
2844 4804 2970 4858 oriri
3013 4803 3135 4875 facit
3179 4819 3334 4876 super
3373 4804 3535 4858 malos
3581 4811 3628 4857 et

2028 4896 2207 4966 bonos,
2239 4906 2284 4952 et
2315 4897 2443 4968 pluit
2468 4912 2621 4967 super
2639 4898 2809 4971 justas
2837 4904 2884 4950 et
2912 4897 3127 4966 injustas
3159 4895 3369 4967 (Matth.
3403 4896 3455 4952 5.
3487 4895 3579 4966 45)
3605 4897 3629 4950 't

2030 4990 2166 5046 lluic
2191 4990 2354 5062 igitur
2394 4988 2441 5045 si
2481 4987 2649 5056 ﬁdas,
2688 4986 3060 5060 quotidianum
3107 4995 3308 5043 tantum
3339 5002 3502 5059 posce
3530 4988 3626 5043 ali-

2029 5092 2291 5150 mentum,
2320 5082 2397 5137 illi
2426 5082 2647 5138 crastini
2674 5097 2855 5160 curam
2885 5082 3146 5153 relinque,
3176 5081 3625 5154 quemadmodum

2026 5185 2083 5229 et
2108 5175 2293 5231 beatus
2335 5172 2503 5229 David
2543 5172 2680 5229 dixit
2707 5190 2720 5229 :
2747 5171 2901 5228 Iacto
2940 5190 3094 5245 super
3136 5172 3409 5229 Dominum
3450 5191 3627 5229 curam

2027 5277 2188 5335 tuam,
2217 5277 2264 5322 et
2290 5267 2402 5338 ipse
2429 5277 2478 5322 te
2500 5268 2714 5322 cnutriet
2741 5265 2917 5338 (Psal.
2947 5267 3036 5323 54.
3063 5265 3181 5338 25).
3211 5266 3285 5322 ita
3311 5282 3432 5321 eum
3463 5282 3624 5336 supe-

2027 5361 2259 5418 rioribus
2304 5360 2484 5418 verbis
2524 5377 2829 5433 supremam
2875 5359 3265 5432 philosophiam
3308 5359 3620 5426 docuisset,

2024 5472 2223 5528 gnarus
2255 5457 2370 5512 ﬁeri
2410 5471 2516 5511 non
2545 5470 2726 5526 posse,
2760 5464 2817 5510 ut
2845 5470 2944 5511 nos
2988 5452 3234 5509 homines
3261 5451 3473 5506 mortali
3503 5467 3622 5507 cor-

2028 5563 2159 5619 pore
2194 5546 2507 5603 circumdati
2536 5563 2641 5602 non
2681 5547 2957 5613 cadamus,
2987 5544 3148 5599 etiam
3186 5543 3288 5599 hoc
3315 5543 3495 5599 dicere
3520 5545 3621 5598 do-

2026 5642 2136 5697 cuit
2164 5657 2178 5695 :
2211 5638 2279 5694 Et
2303 5640 2495 5694 dimitte
2522 5638 2664 5693 nobis
2692 5637 2858 5693 debita
2885 5646 3083 5703 nostra,
3108 5634 3236 5690 sicut
3259 5644 3306 5690 et
3332 5652 3422 5689 nos
3448 5635 3620 5689 dimit-

2028 5735 2181 5789 timus
2205 5733 2510 5788 debitoribus
2533 5731 2734 5785 uostris.
2761 5730 2883 5784 Tria
2914 5729 3073 5785 simul
3101 5728 3237 5783 bona
3269 5728 3416 5783 hisce
3445 5729 3621 5784 verbis

2095 5849 2111 5880 ⁸
2148 5852 2250 5896 nuo
2273 5853 2400 5907 Mss.,
2431 5855 2521 5894 non
2546 5855 2732 5895 mensas
2753 5841 3056 5894 luxuriantes
3079 5846 3127 5894 et
3148 5840 3213 5892 ad
3240 5839 3520 5904 voluptatem
3541 5843 3622 5905 [u-

2028 5932 2137 5971 rere
2154 5918 2395 5983 facientes.
