4106 6432
507 429 574 484 47
1232 424 1288 480 S.
1330 420 1612 477 JOANNIS
1649 420 2130 478 CHRYSUSTOMI
2169 422 2493 479 ARClllEP.
2538 423 3086 481 CONSTANTINOP.
3747 430 3823 482 48

509 552 762 608 mreratur
795 559 809 598 :
838 557 931 596 cos
963 541 1053 612 qui
1083 539 1146 594 ad
1184 553 1451 594 summum
1494 536 1703 591 virtutis
1729 534 1950 606 gradum
1986 551 2110 605 per-

508 643 770 690 venerunt
815 635 880 690 de
911 649 970 690 se
1008 632 1350 689 mediocriter
1395 631 1595 686 sentire
1633 629 1819 696 docet,
1847 628 2106 698 jubetque

509 735 654 780 recte
683 725 836 780 factis
882 740 987 779 non
1019 723 1311 789 conlidere,
1356 721 1451 777 sed
1481 720 1766 776 formidare
1815 729 1972 790 atque
2001 729 2106 773 tre-

511 835 662 874 mere
707 819 1099 888 praeteritorum
1145 831 1411 872 memores
1449 825 1792 886 peccatorum
1827 831 1838 866 :
1873 812 2014 883 quod
2052 822 2107 868 et

507 912 718 966 divinus
768 909 967 966 Paulus
998 909 1142 974 facit,
1177 917 1299 979 post
1345 917 1604 963 sexcenta
1655 907 1912 976 przeclare
1959 913 2105 976 gesta

507 1005 732 1058 dicens:
763 1003 1016 1069 Quoniam
1058 1001 1286 1056 Christus
1314 999 1466 1055 Iesus
1503 1000 1637 1052 venit
1663 999 1719 1052 in
1749 997 1996 1052 mundum.
2039 997 2107 1051 ad

504 1095 804 1149 saluandam
831 1101 1128 1164 peccatores,
1156 1108 1369 1163 quorum
1391 1091 1582 1161 primus
1607 1106 1697 1161 ego
1722 1107 1832 1144 sum
1864 1089 1938 1161 (1.
1971 1087 2102 1143 Tim.

504 1188 556 1241 1.
591 1186 704 1258 15).
735 1185 848 1240 Νοη
903 1185 1056 1251 dixit,
1091 1185 1248 1239 Eram
1277 1224 1292 1248 ,
1321 1182 1438 1250 sed,
1464 1181 1595 1238 Sum
1623 1223 1638 1246 ,
1671 1192 1990 1252 praesentem
2047 1197 2107 1236 se

503 1295 717 1350 semper
761 1277 1057 1334 facinorum
1091 1277 1404 1333 memoriam
1454 1276 1654 1331 habere
1683 1275 2008 1346 signiﬁcans.
2039 1273 2106 1329 Iis

503 1372 664 1442 igitur
688 1371 781 1442 qui
810 1371 860 1426 in
889 1384 1143 1440 supremo
1171 1369 1384 1424 virtutis
1417 1367 1585 1438 gradu
1615 1375 1761 1433 sunt,
1794 1381 1858 1422 ex
1889 1365 2107 1420 humili-

506 1472 614 1519 tate
642 1462 862 1518 tutelam
895 1477 992 1532 per
1021 1461 1139 1516 haec
1183 1459 1345 1516 verba
1376 1458 1632 1529 paravit?
1665 1473 1758 1511 eos
1783 1465 1985 1520 autem,
2017 1456 2106 1526 qui

506 1563 628 1626 post
655 1553 907 1624 baptismi
934 1553 1157 1624 gratiam
1183 1551 1315 1622 lapsi
1347 1559 1492 1617 sunt,
1525 1549 1590 1605 de
1616 1549 1787 1605 salute
1821 1547 2108 1618 desperare

502 1660 600 1700 sua
626 1659 732 1700 non
762 1645 908 1708 sinit,
941 1643 1034 1698 sed
1065 1643 1224 1699 docet
1263 1641 1331 1697 ab
1361 1641 1658 1697 animarum
1689 1637 1897 1694 medico
1925 1647 2107 1708 petere

502 1739 675 1794 venia:
703 1737 960 1794 remedia.
992 1736 1074 1792 Ad
1105 1737 1222 1791 hmo
1260 1713 1420 1791 vero.
1433 1733 1781 1789 humanitatis
1809 1731 2104 1787 doctrinam

504 1832 760 1902 suggerit.
786 1831 911 1886 Vult
933 1830 1076 1886 enim
1095 1844 1195 1885 nos
1215 1828 1374 1884 mites
1393 1842 1518 1897 erga
1546 1840 1640 1882 eos
1659 1840 1800 1891 esse,
1819 1824 1905 1895 qui
1937 1824 2107 1894 culpas

503 1932 630 1980 sunt
653 1923 891 1987 obnoxii,
916 1929 970 1977 et
999 1921 1313 1992 injuriarum
1343 1919 1498 1975 nobis
1525 1917 1789 1972 illatarum
1831 1916 2108 1970 immemo-

504 2029 616 2083 res,
647 2023 704 2070 ut
732 2031 826 2085 per
853 2015 1064 2070 veniam
1097 2013 1226 2083 ipsis
1253 2012 1432 2066 datam
1463 2019 1517 2066 et
1545 2025 1642 2065 nos
1670 2009 1880 2065 veniam
1911 2023 2106 2064 conse-

506 2114 863 2176 quamurzet
913 2105 1010 2175 ipsi
1035 2112 1336 2175 prazeuntes
1390 2102 1732 2174 benignitatis
1783 2100 2000 2158 modum
2053 2109 2110 2157 et

511 2215 818 2255 mensuram
870 2198 1158 2254 all'eramus
1191 2215 1205 2252 :
1239 2206 1442 2252 tantum
1485 2196 1630 2250 enim
1650 2195 1889 2265 recipere
1929 2203 2111 2264 postu-

506 2292 699 2356 lamus,
730 2300 987 2362 qnantum
1037 2290 1285 2361 proximo
1331 2289 1505 2360 largiti
1551 2303 1738 2344 sumus
1767 2305 1781 2341 :
1809 2298 1863 2343 et
1908 2297 2106 2342 tantam

509 2383 720 2436 veniam
767 2397 1036 2454 rogamus,
1079 2391 1333 2452 quantam
1366 2380 1700 2437 debitoribus
1738 2379 2106 2436 concedimus.

508 2475 836 2546 Insuper-que
865 2476 1044 2532 dicere
1071 2476 1347 2543 docemur,
1382 2475 1448 2530 Et
1479 2493 1541 2530 ne
1561 2492 1654 2530 nos
1683 2475 1894 2529 inducas
1921 2475 1973 2528 in
1998 2483 2110 2528 ten-

508 2567 770 2632 tationem,
796 2550 887 2621 sed
905 2566 1064 2621 libera
1092 2584 1183 2621 nos
1209 2584 1241 2620 a
1261 2565 1416 2621 malo.
1435 2566 1594 2621 Multa
1611 2582 1839 2637 namque
1864 2565 2018 2622 nobis
2043 2581 2108 2621 ex

503 2655 700 2712 diaboli
715 2671 877 2728 opera
891 2653 1156 2711 accedunt
1173 2654 1339 2710 tristia
1356 2673 1370 2709 :
1388 2655 1688 2714 multaitem
1705 2672 1766 2712 ex
1783 2656 2108 2726 hominibus,

505 2750 590 2806 vel
631 2752 808 2822 palam
827 2751 1048 2813 inlestis,
1065 2749 1141 2803 vel
1163 2749 1294 2804 clam
1313 2749 1702 2806 insidiantibus.
1725 2751 1930 2818 Corpus
1946 2750 2105 2804 etiam

2218 535 2378 590 modo
2399 546 2583 592 contra
2605 537 2838 591 animam
2865 537 3146 608 insurgens
3161 554 3324 610 grave
3345 541 3600 600 damnum
3630 545 3818 612 infert;

2215 626 2374 684 modo
2403 627 2566 684 variis
2606 627 2939 684 debilitatum
2969 631 3189 699 morbis,
3220 631 3435 690 dolores
3469 636 3626 692 nobis
3653 648 3820 708 atque

2213 721 2498 791 languores
2543 721 2699 792 parit.
2733 721 2915 792 Itaque
2956 739 3076 777 cum
3117 725 3279 778 multa
3325 735 3380 781 et
3411 729 3558 782 varia
3591 743 3686 785 nos
3719 747 3820 784 un-

2213 813 2376 884 dique
2403 815 2573 869 tristia
2601 814 2934 883 adoriantur,
2964 816 3118 870 abiis
3145 818 3391 873 omnibus
3414 831 3471 874 ut
3499 816 3818 885 liberemur,

2213 920 2242 958 a
2277 905 2385 960 Deo
2413 906 2783 961 universorum
2828 917 3012 977 petere
3057 908 3404 962 instituimur.
3438 909 3556 980 Ipso
3583 927 3821 982 namque

2214 997 2422 1053 vindice
2451 997 2669 1054 sedatur
2693 999 2868 1054 omnis
2899 1008 3211 1069 tempestas,
3243 999 3431 1056 ﬂuctus
3472 1003 3522 1056 in
3551 1004 3818 1072 tranquil-

2216 1090 2416 1146 litatem
2444 1091 2674 1157 cedunt;
2709 1093 3081 1164 malignusquc
3109 1093 3198 1149 ille
3229 1094 3543 1163 pudefactus
3561 1096 3816 1164 discedit,

2213 1181 2661 1252 quemadmodum
2705 1184 2832 1238 olim
2877 1184 3077 1238 relictis
3129 1184 3453 1250 hominibus,
3505 1186 3571 1241 ad
3620 1203 3817 1256 porcos

2213 1276 2460 1331 discessit
2488 1293 2500 1329 :
2536 1292 2711 1348 neque
2739 1286 2915 1332 tamen
2949 1277 3076 1332 illud
3120 1278 3352 1349 injussus
3397 1279 3574 1335 facere
3603 1291 3686 1336 est
3715 1299 3816 1336 au-

2212 1386 2321 1426 sus.
2351 1371 2452 1438 Qui
2481 1387 2608 1426 vero
2633 1387 2700 1426 ne
2732 1372 2783 1425 in
2817 1386 3010 1442 porcos
3032 1371 3247 1443 quidem
3276 1382 3595 1444 potestatem
3625 1373 3816 1440 liabet,

2211 1477 2318 1533 quo
2348 1471 2503 1534 pacto
2531 1462 2774 1517 homines
2802 1463 3082 1532 pervigiles
3114 1464 3400 1534 animoque
3423 1473 3814 1535 temperantes,

2215 1554 2308 1609 Dei
2337 1566 2517 1624 septas
2557 1554 2826 1625 prmsidio,
2853 1554 2944 1624 qui
2982 1569 3103 1610 eum
3137 1554 3336 1626 Regem
3364 1570 3485 1611 esse
3527 1572 3681 1610 suum
3713 1572 3818 1625 pu-

2214 1655 2347 1713 tant,
2393 1647 2608 1701 vincere
2658 1646 2870 1716 possit?
2916 1646 3253 1717 Quapropter
3301 1647 3352 1701 in
3400 1646 3507 1702 line
3553 1650 3818 1704 orationis

2214 1738 2306 1794 Dei
2339 1753 2584 1808 regnum,
2630 1739 2883 1794 virtutem
2911 1748 2966 1793 et
2994 1740 3282 1808 potentiam
3322 1739 3558 1795 ostendit
3582 1740 3769 1796 dicens
3800 1760 3815 1797 :

2215 1829 2470 1896 Quoniam
2505 1841 2644 1884 tuum
2683 1841 2756 1886 est
2787 1848 2995 1904 regnum
3039 1842 3085 1886 et
3113 1842 3330 1901 potestas
3357 1843 3404 1886 et
3441 1833 3606 1904 gloria
3634 1834 3687 1886 in
3718 1849 3816 1888 sa-

2213 1922 2350 1988 cula,
2383 1939 2532 1976 amen
2561 1923 2660 1994 (a).
2708 1922 2840 1990 Hoc,
2885 1924 3075 1994 inquit,
3108 1924 3205 1979 abs
3236 1932 3287 1979 te
3309 1933 3453 1994 peto,
3485 1923 3577 1994 qui
3607 1934 3656 1978 te
3689 1925 3817 1979 novi

2214 2013 2416 2085 Regem
2458 2015 2716 2081 omnium,
2747 2024 2953 2070 interno
2980 2015 3260 2086 pra'ditum
3298 2015 3542 2084 imperio,
3570 2015 3660 2084 qui
3691 2029 3817 2070 om-

2214 2107 2322 2172 nia,
2354 2121 2702 2178 qua‘cnmque
2747 2107 2898 2172 velis,
2942 2115 3114 2177 potes,
3157 2116 3210 2161 et
3249 2105 3418 2176 gloria
3448 2104 3819 2160 circumdatur:

2213 2213 2295 2261 es,
2327 2213 2486 2268 quam
2517 2214 2675 2254 nemo
2701 2199 2872 2265 possit
2897 2197 3125 2254 auferre.
3159 2199 3265 2253 Pro
3311 2198 3394 2253 his
3424 2207 3599 2253 autem
3631 2199 3817 2253 omni-

2214 2289 2313 2345 bus
2340 2291 2540 2360 gratias
2581 2303 2804 2360 agamus
2833 2290 2916 2356 ei,
2963 2289 3051 2360 qui
3093 2303 3193 2343 nos
3240 2289 3401 2343 tantis
3443 2287 3692 2358 dignatus
3731 2297 3818 2343 est

2213 2381 2409 2448 bonis;
2442 2383 2565 2452 quia
2621 2382 2721 2451 ipsi
2767 2382 3016 2438 convenit
3061 2381 3237 2437 onmis
3279 2381 3445 2452 gloria
3473 2422 3488 2447 ,
3539 2380 3716 2437 honor
3761 2391 3819 2438 et

2215 2474 2520 2543 imperium,
2569 2474 2734 2542 Patri,
2766 2473 2900 2528 Filio
2946 2481 3000 2529 et
3047 2474 3268 2545 Spiritui
3317 2482 3525 2537 sancto,
3569 2489 3714 2530 nunc
3757 2485 3818 2532 et

2215 2578 2450 2634 semper,
2475 2572 2531 2619 et
2557 2564 2608 2618 in
2638 2564 2833 2619 smcula
2863 2565 3205 2620 saeculorum.
3235 2565 3429 2620 Amen.

2277 2698 2350 2762 (α)
2383 2706 2493 2748 Haec
2517 2706 2762 2762 postrema
2797 2697 3027 2757 clausula,
3068 2711 3178 2762 quas
3203 2699 3344 2748 abest
3367 2711 3395 2748 a
3418 2697 3637 2762 Vulgata,
3663 2697 3715 2749 in
3738 2698 3816 2746 Bi~

2213 2759 2528 2811 bliis'Graacis
2551 2759 2751 2823 legitur.

1994 3473 2342 3534 MONITUM

614 3691 764 3747 llanc
791 3693 1070 3748 homiliam
1103 3708 1209 3750 non
1241 3692 1538 3764 publicavit
1576 3691 1843 3748 llenricus
1885 3692 2157 3761 Savilius;
2199 3691 2293 3750 sed
2334 3691 2483 3760 prior
2519 3705 2584 3747 ex
2626 3689 2866 3745 tenebris
2905 3704 2969 3743 cx
3016 3703 3124 3743 uno
3164 3698 3373 3743 tantum
3411 3687 3610 3743 Codice
3639 3687 3780 3742 eruit

538 3803 744 3861 Fronto
796 3805 1046 3863 Ducas-us.
1079 3806 1243 3874 Anni,
1275 3823 1385 3880 quo
1415 3807 1596 3863 habita
1644 3805 1762 3862 haec
1801 3804 1925 3871 fuit,
1950 3803 2321 3875 temporisque
2353 3814 2564 3871 notam,
2614 3821 2734 3861 meo
2785 3803 3014 3874 judicio,
3049 3819 3158 3858 non
3211 3801 3432 3858 dubiam
3474 3803 3784 3872 suppedth

537 3919 961 3992 Chrysostomus
990 3924 1046 3979 in
1074 3925 1320 3992 exordio,
1353 3941 1476 3982 cum
1510 3927 1586 3981 ait
1625 3940 1685 3980 se
1727 3941 1898 3997 nuper
1923 3926 1992 3981 de
2025 3924 2352 3996 Paralytico,
2401 3926 2495 3998 qui
2529 3926 2690 3982 annis
2739 3925 2960 3994 triginta
3008 3930 3132 3978 octo
3179 3921 3491 3977 inﬁrmitate
3532 3919 3786 3975 detentus

537 4033 735 4103 luerat,
767 4055 1075 4096 sermonem
1111 4042 1375 4098 habuisse
1407 4060 1422 4098 :
1457 4043 1548 4098 ubi
1580 4059 1698 4098 eam
1735 4057 2043 4098 memorare
2069 4058 2297 4114 prorsus
2324 4044 2538 4099 videtur
2571 4043 2874 4108 homiliam,
2909 4057 3073 4113 quam
3105 4052 3296 4096 contra
3329 4040 3616 4094 Anomazos
3644 4038 3779 4092 duo-

535 4149 802 4204 decimam
851 4153 1136 4222 posuimus
1175 4153 1346 4210 Tomo
1374 4155 1416 4209 l.
1445 4155 1502 4210 In
1546 4156 1635 4210 illa
1670 4155 1872 4226 quippe
1921 4164 2111 4212 contra
2155 4157 2452 4212 Anomoeos
2489 4155 2760 4226 praecipue
2807 4154 3002 4226 agitur,
3041 4151 3397 4221 exemploque
3438 4146 3719 4220 paralytici
3749 4160 3780 4199 a

535 4266 726 4322 morbo
757 4266 965 4322 liberati
995 4270 1258 4338 aqualem
1291 4280 1526 4340 paternae
1547 4271 1669 4327 Filii
1701 4281 2020 4343 potestatem
2051 4280 2444 4328 commonstrat
2469 4269 2526 4325 S.
2561 4270 2794 4336 doctor;
2825 4268 2958 4340 quin
2993 4268 3156 4323 etiam
3192 4275 3252 4321 ut
3295 4265 3416 4319 Filii
3451 4280 3574 4320 cum
3619 4263 3780 4319 Patre

533 4382 891 4452 aequalitatem
931 4391 1162 4448 asserat,
1201 4383 1346 4440 hunc
1381 4383 1656 4456 Evangelii
1695 4385 1900 4451 locum,
1946 4383 2111 4440 Pater
2145 4402 2287 4440 meus
2324 4401 2486 4455 usque
2525 4385 2678 4438 niodo
2717 4392 2985 4454 operatur,
3019 4391 3068 4436 et
3107 4396 3198 4450 ego
3238 4395 3442 4448 operor,
3481 4379 3782 4448 explanan-

531 4499 660 4552 dum
693 4501 938 4569 suscipit.
976 4499 1113 4558 Hinc
1142 4502 1305 4558 etiam
1338 4501 1484 4558 aliud
1516 4511 1896 4573 argumentum
1926 4501 2192 4568 eruimus,
2229 4518 2339 4571 quo
2369 4502 2632 4574 probatur
2663 4503 2804 4556 hanc
2837 4499 3115 4555 homiliam
3157 4497 3345 4568 paucis
3377 4506 3500 4567 post
3531 4495 3676 4549 illam
3709 4495 3780 4550 de

537 4611 648 4666 alio
671 4613 964 4684 paralytico
991 4615 1184 4671 diebus
1215 4616 1616 4686 pronuntiatam
1648 4615 1855 4680 fuisse;
1887 4615 1940 4668 in
1969 4614 2069 4667 hac
2100 4614 2244 4667 enim
2279 4627 2498 4683 quoque
2527 4615 2593 4670 de
2632 4613 2750 4668 Filii
2783 4627 2906 4668 cum
2945 4611 3103 4668 Patre
3145 4611 3453 4682 aequalitate
3478 4609 3687 4678 aliquot
3720 4607 3774 4661 in

1915 5091 2414 5176 HOMILIA

509 5277 570 5322 IN
623 5275 1070 5322 PARALYTICUM
1118 5269 1238 5317 PER
1281 5270 1540 5316 TBGTUM
1584 5268 1930 5323 DEMISSUM,
1978 5268 2148 5322 QUOD
2193 5269 2318 5313 NON
2363 5268 2464 5312 ειτ
2505 5267 2670 5322 ιιιις,
2701 5265 2783 5308 ΒΕ
2814 5263 2940 5317 QUO
2989 5263 3155 5306 APUD
3198 5259 3492 5304 JOA‘NNEM
3529 5258 3797 5315 AGITUB;

1519 5413 1732 5466 DEQUE
1776 5411 1927 5454 FILII
1973 5413 2105 5456 CUM
2150 5414 2355 5456 PATBE
2400 5409 2838 5465 EQUALITATE.

2041 5553 2305 5610 dﬂﬂﬁy

589 5692 634 5745 1.
674 5692 804 5747 Cum
837 5691 890 5744 in
921 5688 1269 5760 paralyticum
1295 5685 1442 5756 juxta
1492 5683 1747 5754 piscinam
1791 5682 1843 5737 in
1870 5681 2010 5738 lecto
2031 5680 2114 5749 ja-

518 5790 724 5834 contem
756 5794 926 5848 nuper
952 5777 1342 5841 incidissemus,
1375 5776 1597 5831 multum
1628 5783 1680 5828 et
1705 5774 1976 5842 ingentem
2002 5772 2114 5828 the-

520 5883 732 5926 saurum
779 5869 1102 5937 invenimus,
1133 5882 1242 5924 non
1269 5878 1460 5925 terram
1493 5869 1826 5936 cl'l'odientcs,
1859 5868 1950 5925 sed
1997 5867 2112 5938 ejus

2225 5677 2388 5733 animi
2431 5689 2587 5731 sensa
2638 5683 2935 5729 scrutantes
2967 5691 2979 5726 :
3009 5672 3314 5727 thesaurum
3369 5668 3668 5724 invenimus
3712 5681 3818 5723 non

2221 5785 2409 5825 aurum
2437 5779 2490 5823 et
2515 5766 2781 5839 pretiosos
2809 5764 3013 5834 lapides
3051 5763 3435 5828 continentem,
3462 5759 3554 5815 sed
3587 5758 3820 5814 toleran-

2222 5864 2368 5930 tiam,
2402 5856 2817 5932 philosophiam,
2853 5857 3185 5926 pattcntiam,
3216 5865 3268 5912 et
3299 5853 3520 5909 multam
3550 5852 3604 5908 in
3649 5850 3821 5907 Deum
