4106 6436
422 392 493 444 Π
1243 387 1308 442 ΙΝ
1348 387 1850 446 PARALYTICUM
1895 388 2250 445 DEMISSUM
2292 388 2425 445 PER
2467 389 2770 448 TECTUM.
3628 392 3699 445 48

423 511 626 581 ἄκρους
657 509 755 581 τὴν
782 507 986 580 ἀρετὴν
1017 509 1346 580 μετριότητα
1372 509 1611 562 διδάσκει
1647 508 2011 580 φρονήματος,

421 601 518 648 καὶ
557 592 990 664 παρακελεύεται
1034 591 1109 663 μὴ
1154 591 1374 664 θαρρεῖν
1418 595 1530 655 τοῖς
1569 591 2010 664 κατορθώμασιν,

419 675 560 732 άλλά
585 676 812 730 δεδιέναι
842 675 937 728 καὶ
970 675 1194 746 τρέμειν
1241 676 1336 729 καὶ
1373 675 1481 730 τῶν
1520 673 1800 746 προτέρων
1833 677 2015 748 ἀμαρα-

419 761 676 832 τημάτων
703 757 1059 831 μνημονεύειν
1079 773 1092 787 ·
1116 759 1193 822 ὡς
1217 759 1308 812 καὶ
1335 760 1365 812 ὁ
1391 759 1676 823 θεσπέσιος
1703 761 1846 812 ποιεῖ
1875 757 2015 813 Παῦ-

419 844 532 909 λος,
559 843 696 914 μετά
730 842 900 912 μυρία
945 840 1341 913 κατορθώματα
1377 841 1582 910 λέγων’
1622 842 1744 896 Ὅτι
1786 841 2015 909 Ἰησοῦς

421 926 677 992 Χριστὸς
709 921 898 995 ἦλθεν
932 927 1020 990 εἰς
1064 924 1173 979 τὸν
1213 926 1447 994 κόσμον
1485 924 1874 995 ἁμαρτωλοὺς
1898 925 2016 979 σῶ-

419 1030 547 1077 σαι,
580 1005 668 1066 ὧν
697 1008 929 1079 πρῶτός
953 1011 1072 1079 εἰμι
1115 1008 1262 1079 ἐγώ·
1295 1011 1395 1064 οὐκ
1445 1005 1618 1074 εἶπεν,
1664 1009 1835 1081 ήμην,
1876 1009 2011 1077 ἀλλ’,

425 1103 580 1170 εἰμι,
627 1093 839 1157 δεικνὺς
887 1093 970 1146 ὅτι
1011 1092 1287 1148 ἄπαυστον
1333 1089 1447 1163 εἶχε
1494 1092 1602 1147 τῶν
1638 1092 2014 1165 εἰργασμένων

425 1182 526 1250 τὴν
549 1177 790 1247 μνήμην.
827 1176 952 1239 Τοῖς
993 1175 1092 1247 μέν
1137 1170 1230 1229 οῦν
1279 1176 1468 1248 ἄκροις
1520 1175 1617 1247 τὴν
1666 1176 1867 1246 ἀρετὴν
1906 1175 2015 1229 ἀπὺ

424 1257 528 1328 τῆς
557 1257 1054 1330 ταπεινοφροσύνης
1082 1258 1382 1328 ἀσφάλειαν
1412 1258 1498 1312 διὰ
1540 1258 1747 1311 τούτων
1775 1257 1882 1312 τῶν
1920 1258 2011 1311 λό-

421 1360 536 1410 γων
567 1343 982 1413 ἐμηχανήσατο·
1017 1343 1142 1406 τοὺς
1179 1343 1235 1396 δὲ
1260 1341 1593 1406 πταίσαντας
1630 1342 1769 1413 μετὰ
1799 1341 1895 1414 τὴν
1919 1341 2013 1396 τοῦ

424 1425 582 1495 ἀγίου
609 1425 980 1497 βαπτίσματος
1018 1425 1178 1498 χάριν
1216 1427 1314 1480 οὐκ
1352 1425 1574 1495 ἀφίησιν
1614 1425 2013 1495 ἀπογινώσκειν

424 1514 526 1582 τῆς
554 1511 760 1563 ἑαυτῶν
787 1511 1083 1580 σωτηρίας,
1113 1509 1230 1563 ἀλλ’
1267 1510 1437 1562 αἰτεῖν
1461 1508 1699 1562 διδάσκει
1737 1509 1888 1581 παρά
1916 1509 2011 1564 τοῦ

427 1592 616 1666 ἰατροῦ
657 1593 766 1646 τῶν
811 1593 999 1664 ψυχῶν
1037 1595 1137 1664 τῆς
1168 1592 1414 1662 ἀφέσεως
1452 1591 1522 1647 τὰ
1558 1593 1841 1664 φάρμακα.
1869 1594 2011 1664 Πρὸς

421 1678 480 1734 δὲ
533 1677 770 1742 τούτοις,
815 1678 908 1730 καὶ
955 1675 1363 1748 φιλανθρωπίας
1399 1675 1743 1730 διδασκαλίαν
1786 1679 1816 1732 ὁ
1857 1677 2012 1745 λόγος

425 1760 754 1815 ὑποτίθεται.
802 1759 1058 1813 Βούλεται
1099 1760 1207 1830 γὰρ
1241 1761 1387 1831 ἡμᾶς
1429 1761 1669 1832 ἡμέρους
1711 1756 2010 1832 εἶναιπερὶ

424 1843 552 1907 τοὺς
582 1841 933 1906 ὑπευθύνους,
966 1842 1375 1913 ἀμνησικάκους
1424 1843 1551 1915 περὶ
1579 1845 1704 1908 τοὺς
1748 1845 1827 1909 εἰς
1863 1845 2012 1916 ἡμᾶς

426 1924 900 1996 πλημμελοῦντας,
928 1927 1021 1978 καὶ
1047 1927 1110 1998 τῇ
1136 1927 1264 1997 περὶ
1294 1925 1514 1990 τούτους
1548 1927 1846 1998 συγγνώμῃ
1882 1929 2010 1980 ἐαυ-

424 2011 538 2072 τοῖς
566 2008 851 2080 δωρεῖσθαι
878 2007 1227 2080 συγγνώμην,
1259 2010 1351 2063 καὶ
1377 2010 1523 2079 ἡμᾶς
1563 2010 1760 2074 αὐτοὺς
1788 2028 2011 2083 προεισ-

427 2092 614 2163 φέρειν
660 2091 759 2162 τῆς
798 2091 1206 2163 φιλανθρωπίας
1249 2091 1316 2146 τά
1360 2093 1554 2165 μέτρα.
1600 2092 1862 2146 Τοσοῦτον
1904 2093 2012 2164 γάρ

427 2173 684 2245 αἰτοῦμεν
716 2174 919 2241 λαϐεῖν,
961 2176 1085 2229 ὅσον
1124 2177 1234 2238 τοῖς
1277 2175 1506 2246 πλησίον
1546 2175 1877 2247 παρέχομεν,
1917 2178 2010 2230 καὶ

427 2255 695 2328 τοσαύτης
746 2256 1000 2329 ἀξιοῦμεν
1053 2257 1382 2330 συγγνώμης
1439 2261 1620 2330 τυχεῖν
1647 2299 1662 2322 ,
1711 2259 1842 2329 ὅσην
1900 2263 2012 2324 τοῖς

428 2338 706 2405 ὀφείλουσι
761 2339 1098 2413 δωρούμεθα.
1154 2341 1298 2413 Πρὸς
1362 2339 1571 2404 τούτοις
1609 2341 2010 2414 ἐκελεύσθημεν

427 2422 627 2491 λέγειν,
657 2423 768 2478 Kal
804 2423 892 2493 μὴ
946 2425 1295 2494 εἰσενέγκῃς
1328 2425 1487 2495 ἡμᾶς
1525 2428 1615 2492 εἰς
1654 2426 2009 2496 πειρασμὸν,

430 2507 592 2560 ἀλλὰ
633 2505 823 2572 ῥῦσαι
857 2507 1014 2578 ἡμᾶς
1060 2509 1180 2564 ἀπὸ
1212 2509 1319 2563 τοῦ
1348 2509 1635 2578 πονηροῦ.
1678 2509 1856 2563 Πολλά
1913 2511 2012 2580 μὲν

431 2591 540 2663 γὰρ
582 2592 713 2662 ἡμῖν
759 2593 824 2646 ἐκ
869 2591 1180 2663 διαϐολικῆς
1213 2593 1489 2664 ἐνεργείας
1526 2593 1875 2664 προσγίνεται
1921 2593 2012 2647 λυ-

430 2673 617 2746 πηρά,
680 2675 847 2730 πολλά
885 2675 942 2729 δὲ
985 2678 1079 2730 καὶ
1130 2675 1188 2743 ἐξ
1235 2675 1566 2748 ἀνθρώπων,
1630 2677 1663 2746 ἢ
1718 2676 2012 2748 προφανῶς

2117 510 2548 581 ἐπηρεαζόντων,
2583 510 2615 580 ἦ
2648 507 2871 578 ἀφανῶς
2897 521 2923 551 α
2961 505 3441 560 ἐπιϐουλευόντων.
3500 507 3608 560 Καὶ
3641 508 3700 560 τὸ

2118 601 2277 672 σῶμα
2304 599 2434 652 ποτὲ
2491 598 2589 667 μὲν
2642 598 3069 667 ἐπανιστάμενον
3116 598 3180 667 τῇ
3229 595 3408 666 ψυχῇ,
3460 596 3700 668 χαλεπὴν

2118 681 2409 755 ἐργάζεται
2452 681 2686 752 βλάϐην·
2739 681 2868 734 ποτὲ
2902 680 2961 732 δὲ
3004 679 3366 741 παντοδαποῖς
3398 678 3685 750 ἀρρωστή-

2120 783 2252 837 μασι
2306 769 2629 836 περιπῖπτον
2683 764 2870 826 ὀδύνας
2915 765 3046 832 ἡμῖν
3093 763 3342 831 ἐπιφέρει
3398 762 3492 814 καὶ
3535 761 3706 832 ἀχθη-

2115 849 2291 914 δόνας.
2335 849 2551 920 Ἐπειδὴ
2580 850 2756 902 τοίνυν
2809 846 2974 900 πολλά
3012 845 3106 898 καὶ
3144 843 3376 914 διάφορά
3425 845 3541 896 ἐστι
3570 843 3692 896 πολ-

2116 933 2339 1002 λαχόθεν
2389 932 2798 1004 προσπίποντα
2851 927 3106 1000 λυπηρὰ,
3164 926 3514 996 ἐδιδάχθημεν
3552 925 3705 996 παρὰ

2114 1016 2207 1070 τοῦ
2255 1016 2388 1070 Θεοῦ
2433 1015 2540 1069 τῶν
2590 1015 2726 1067 ὅλων
2769 1015 2938 1066 αἰτεῖν
2974 1013 3074 1082 τὴν
3105 1009 3308 1064 τούτων
3361 1008 3697 1078 ἀπαλλαγὴν.

2115 1099 2288 1153 Αὑτοῦ
2341 1099 2448 1168 γὰρ
2497 1097 2886 1168 ἐπαμύνοντος,
2947 1096 3094 1148 πᾶσα
3134 1093 3232 1164 μὲν
3278 1091 3698 1146 κατασϐέννυται

2117 1182 2274 1254 ζάλη,
2305 1185 2333 1236 ὁ
2360 1182 2417 1235 δὲ
2461 1181 2664 1236 κλύδων
2701 1183 2779 1243 εἰς
2821 1178 3061 1250 γαλήνην
3090 1177 3428 1250 μεθίσταται,
3454 1175 3546 1228 καὶ
3573 1174 3702 1227 ὐπο-

2115 1269 2283 1338 χωρεϊ
2313 1263 2763 1339 κατῃσχυμμένος
2789 1265 2817 1316 ὁ
2849 1263 3100 1332 πονηρὸς,
3134 1259 3384 1332 καθάπερ
3415 1259 3544 1311 ποτέ
3576 1256 3702 1320 τοὺς

2114 1348 2434 1420 ἀνθρώπους
2478 1346 2818 1401 καταλείπων
2854 1344 2993 1398 κατά
3023 1345 3132 1397 τῶν
3165 1342 3362 1413 χοίρων
3403 1339 3697 1412 ἐχώρησεν,

2114 1431 2234 1485 οὐδέ
2264 1433 2437 1484 ἐκεῖνο
2492 1429 2711 1498 ποιῆσαι
2743 1428 3017 1498 τολμήσας
3048 1425 3170 1496 δίχα
3199 1425 3293 1478 τοῦ
3325 1422 3697 1483 κελεύσαντος.

2125 1517 2185 1568 '0
2212 1513 2268 1567 δὲ
2298 1512 2440 1567 κατά
2477 1513 2674 1583 χοίρων
2726 1510 2973 1576 ἐξουσίαν
3015 1509 3115 1562 οὐκ
3147 1507 3306 1578 ἔχων,
3348 1506 3466 1570 πῶς
3495 1503 3698 1576 ἀνθρώ·

2116 1615 2232 1651 πων
2273 1595 2653 1669 ἐγρηγορότων
2697 1595 2792 1648 καί¹
2831 1594 3129 1665 νηφόντων,
3162 1593 3254 1644 καὶ
3300 1590 3406 1644 ὑπὸ
3441 1588 3576 1643 Θεοῦ
3603 1605 3693 1657 φυ-

2114 1680 2478 1751 λαττομένων,
2507 1680 2602 1733 καὶ
2635 1678 2752 1751 [52]
2787 1677 3011 1749 βασιλέα
3038 1679 3234 1730 οἰκεῖον
3259 1672 3575 1744 ἡγουμένων
3604 1671 3697 1725 αύο

2115 1765 2206 1819 τὸν
2241 1763 2509 1836 κρατῆσαι
2534 1763 2818 1834 δυνήσεται
2843 1779 2858 1828 ;
2895 1760 2992 1814 Διά
3017 1759 3174 1814 τοῦτο
3211 1759 3305 1812 καὶ
3327 1757 3406 1827 τῷ
3434 1755 3574 1808 τέλει
3603 1753 3702 1824 τῆς

2117 1848 2444 1920 προσευχῆς,
2474 1847 2565 1900 τοῦ
2595 1845 2730 1899 Θεοῦ
2768 1845 2864 1917 τὴν
2909 1843 3184 1914 βασιλείαν
3227 1842 3320 1896 καὶ
3347 1839 3444 1910 τὴν
3474 1837 3702 1907 δύναμιν

2118 1934 2210 1986 καὶ
2256 1932 2354 2002 τὴν
2393 1929 2548 1996 δόξαν
2583 1929 2882 1993 ὑπέδειξεν,
2919 1925 3115 1980 εἰπών’
3151 1926 3274 1978 Ὅτι
3313 1923 3430 1978 σοῦ
3466 1923 3636 1976 ἐστιν
3666 1923 3704 1987 ἢ

2113 2001 2404 2079 ,ϐασιλεία
2434 2013 2531 2066 καί
2567 2013 2604 2080 ἠ
2635 2011 2888 2080 δύναμις
2917 2008 3015 2064 καί
3043 2009 3079 2075 ὴ
3110 2007 3259 2072 δόξα
3291 2009 3377 2072 εἰς
3402 2003 3544 2070 τοὺς
3572 2001 3703 2056 αἰῶ⁸

2119 2115 2248 2161 νας.
2277 2090 2488 2163 Ἀμήν.
2517 2093 2702 2148 Ταῦτα
2737 2092 2864 2163 γὰρ,
2893 2092 3076 2163 φησὶν,
3105 2091 3241 2145 αἰτῶ
3285 2087 3435 2160 παρά
3465 2088 3580 2150 σοῦ,
3623 2085 3706 2138 ὅτι

2115 2175 2235 2234 οἶδά
2260 2195 2319 2232 σε
2349 2177 2571 2248 βασιλέα
2606 2176 2841 2242 πάντων,
2869 2175 3084 2230 αἰώνιον
3114 2171 3453 2244 κεκτημένον
3482 2168 3703 2242 κράτος,

2115 2263 2209 2316 καὶ
2242 2262 2419 2317 πάντα
2449 2260 2745 2331 δυνάμενον
2809 2261 3020 2328 ὅσαπερ
3065 2258 3130 2311 ἂν
3179 2255 3360 2328 θέλῃς,
3411 2254 3502 2308 καὶ
3546 2249 3704 2315 δόξαν

2113 2345 2450 2417 κεκτημένον
2497 2343 2875 2413 ἀναφαίρετον.
2913 2341 3083 2412 ’Υπὲρ
3121 2338 3177 2392 δὲ
3214 2338 3418 2391 τούτων
3453 2333 3705 2389 ἀπάντων

2113 2427 2597 2500 εὐχαριστήσωμεν
2630 2425 2708 2496 τῷ
2744 2425 3012 2479 τοσούτων
3045 2424 3194 2494 ἡμᾶς
3232 2421 3522 2488 ἀξιώσαντι
3562 2419 3702 2485 ἀγα-

2109 2511 2237 2571 θῶν.
2266 2511 2347 2564 ὅτι
2381 2509 2534 2579 αύτῷ
2573 2509 2776 2578 πρέπει
2810 2509 2959 2562 πᾶσα
2997 2507 3144 2571 δόξα,
3173 2505 3306 2576 τιμὴ
3343 2505 3438 2556 καὶ
3481 2502 3701 2572 κράτος,

2109 2593 2184 2662 τῷ
2218 2594 2414 2664 Πατρὶ,
2448 2592 2543 2645 καὶ
2569 2591 2648 2661 τῷ
2683 2591 2817 2660 Υἰῷ.
2855 2591 2948 2643 καὶ
2987 2589 3067 2659 τῷ
3104 2588 3246 2658 ἀγίῳ
3283 2587 3582 2656 Πνεύματι,
3610 2581 3704 2635 νῦν

2110 2676 2202 2730 καὶ
2230 2675 2336 2740 ἀεὶ,
2366 2674 2459 2728 καὶ
2493 2676 2572 2738 εἰς
2596 2674 2721 2737 τοὺς
2748 2672 2951 2736 αἰῶνας
2973 2671 3081 2726 τῶν
3105 2669 3338 2725 αἰώνων.
3379 2669 3573 2740 Ἀμήν.

502 2832 524 2861 ⁸
562 2831 693 2891 Ilaec,
720 2832 1071 2894 ἐπηρεαζόντων
1094 2833 1122 2888 ἢ
1151 2832 1356 2894 ἀφανῶς,
1403 2833 1585 2882 desunt
1631 2835 1678 2881 in
1709 2834 1883 2892 editis;
1928 2833 2017 2882 sed

2115 2837 2286 2882 bentur
2309 2833 2360 2880 in
2383 2843 2502 2880 mss.

442 3116 3682 3161 Μ

957 3476 1055 3535 AD
1093 3474 1468 3535 HOMILIAM
1504 3475 1583 3532 IN
1630 3470 2172 3532 PARALYTICUM
2217 3471 2368 3532 PER
2411 3471 2713 3532 TECTUM
2757 3469 3162 3532 DEMISSUM.

437 3712 597 3780 locis,
634 3712 758 3768 licet
782 3711 976 3778 obiter,
1009 3710 1169 3766 verba
1207 3707 1356 3764 facit.
1386 3707 1502 3774 Qun
1554 3723 1614 3762 re
1657 3707 1896 3762 maxime
1937 3721 2240 3770 movemur,
2274 3713 2334 3759 ut
2373 3704 2478 3758 hoc
2517 3703 2828 3764 exordium.
2863 3704 2994 3758 Cum
3029 3705 3081 3756 in
3129 3704 3491 3775 paralyticum
3523 3705 3689 3773 juxta

437 3833 694 3900 piscinam
727 3831 782 3884 in
813 3829 946 3883 lecto
968 3827 1225 3898 iacentem
1252 3841 1416 3896 nuper
1442 3822 1828 3887 incidissemus,
1866 3820 2090 3874 multum
2137 3828 2185 3874 et
2224 3819 2480 3888 ingentem
2533 3817 2835 3870 thesaurum
2884 3817 3199 3880 invenimus,
3245 3818 3312 3872 de
3345 3817 3433 3870 illa
3463 3817 3688 3872 bomilia

439 3952 494 4006 in
525 3951 887 4022 Paralyticum
921 3949 1138 4019 triginta
1177 3961 1441 4002 annorum
1472 3939 1942 4012 Constantinopoli
1976 3954 2122 3996 anno
2157 3937 2260 3994 398
2292 3935 2476 3991 habita
2519 3935 2926 4007 intelligendum
2961 3951 3284 3991 censeamus
3309 3951 3324 3987 :
3351 3944 3516 4005 atque
3548 3936 3687 3991 adeo

439 4071 579 4124 hanc
611 4067 890 4122 homiliam
915 4063 968 4118 in
999 4061 1360 4133 Paralyticum
1392 4073 1488 4130 per
1517 4064 1715 4112 tectum
1749 4055 2050 4110 demissum
2083 4053 2273 4125 paucis
2301 4059 2424 4121 post
2459 4050 2653 4105 diebus
2687 4049 2993 4120 eodemque
3029 4064 3174 4103 anno
3208 4047 3686 4118 Constantinopoli

438 4182 678 4237 habitam
721 4185 1050 4233 statuamus.
1081 4173 1139 4228 In
1193 4173 1296 4230 hac
1341 4186 1506 4243 porro
1553 4168 1817 4224 concione
1862 4166 2110 4238 pluribus
2145 4165 2484 4220 demonstrat
2525 4159 2969 4231 Chrysostomus,
3043 4159 3410 4230 cvangelistas
3463 4159 3600 4214 inter
3628 4175 3687 4214 se

437 4295 674 4349 maxime
702 4290 1048 4357 consentire;
1081 4289 1334 4359 buncque
1359 4285 1715 4358 paralyticum
1749 4299 1844 4354 per
1873 4281 2084 4350 tegulas
2115 4277 2438 4342 demissum,
2490 4274 2766 4329 diversum
2807 4289 2928 4329 esse
2963 4278 3031 4328 at)
3077 4289 3164 4338 co,
3201 4275 3293 4346 qui
3335 4275 3489 4346 juxta
3525 4274 3689 4344 pisci-

437 4427 560 4466 nam
589 4409 823 4480 jacebat.

507 4522 886 4595 lnterprctatio
922 4519 1113 4577 Latina
1143 4529 1223 4576 est
1256 4518 1552 4575 Frontonis
1577 4516 1781 4572 Ducaei.

1869 5069 2260 5157 OMIAIA

427 5257 530 5323 Εἰς
554 5255 660 5310 τὸν
697 5253 1105 5325 παραλυτικὸν
1135 5253 1234 5310 διὰ
1274 5253 1382 5322 τῆς
1408 5254 1630 5324 στέγης
1667 5253 2072 5324 χαλασθέντα,
2113 5254 2201 5306 ὅτι
2231 5254 2341 5307 οὐκ
2366 5250 2549 5318 αὐτός
2575 5251 2746 5306 ἐστιν
2775 5254 2811 5307 ό
2839 5252 2998 5322 παρὰ
3029 5253 3108 5319 τῷ
3138 5253 3374 5322 Ἰωάννῃ
3407 5256 3703 5321 κείμενος·

1298 5345 1395 5399 καὶ
1422 5347 1554 5416 περὶ
1584 5345 1693 5414 τῆς
1721 5346 1823 5401 τοῦ
1849 5347 1980 5401 Υἱοῦ
2010 5345 2161 5414 πρὸς
2189 5346 2294 5399 τὸν
2323 5343 2552 5411 Πατέρα
2580 5345 2876 5412 ἰσότητος.

497 5665 567 5720 α’.
595 5665 984 5737 ῐῐεριτυχόντες
1021 5664 1210 5736 πρῴην
1261 5663 1338 5733 τῷ
1381 5659 1732 5730 παραλυτικῷ
1761 5659 1884 5727 περὶ
1914 5659 2011 5729 τὴν
2120 5658 2218 5727 τὴν
2250 5656 2486 5711 διάνοιαν
2515 5655 2679 5709 αὐτοῦ
2710 5655 3102 5725 διασκάψαντες
3123 5669 3134 5683 ⁸
3164 5639 3478 5726 εὑρήκαμεν
3505 5655 3706 5728 θησαυ-

430 5750 813 5822 κολυμϐήθραν
846 5752 936 5804 ἐπὶ
966 5751 1060 5820 τῆς
1100 5750 1286 5820 κλίνης
1315 5747 1568 5818 κειμένῳ,
1607 5745 1770 5798 πολὺν
1802 5741 1890 5796 καὶ
1917 5745 2012 5813 μὲ-

2120 5741 2214 5811 ρὺν
2241 5742 2360 5811 οὐχὶ
2390 5739 2651 5810 ἀργύριον
2679 5738 2867 5808 ἔχοντα
2907 5738 3001 5791 καὶ
3033 5739 3252 5809 χρυσίον
3295 5739 3384 5790 καὶ
3415 5737 3592 5804 λίθους
3618 5758 3701 5794 τι·

433 5851 530 5906 μιν
556 5836 869 5907 εὑρήκαμεν
900 5833 1190 5906 θησαυρὸν,
1219 5832 1336 5902 οὐχὶ
1360 5833 1461 5901 γῆν
1489 5828 1849 5900 διορύξαντες,
1876 5826 2010 5880 άλλά
2120 5825 2294 5896 μίους,
2329 5824 2464 5879 ἀλλὰ
2497 5822 2791 5894 καρτερίαν
2822 5825 2916 5878 καὶ
2949 5823 3262 5894 φιλοσοφίαν
3300 5823 3392 5877 καὶ
3430 5822 3702 5894 ύπομονὴν
