4106 6508
449 400 525 457 ΛΟ
1153 398 1210 456 S.
1252 397 1538 455 JOANNIS
1574 393 2072 454 CHRYSOSTOMI
2107 392 2422 451 ARCHIEP.
2462 392 3009 452 CONSTANTINOP.
3645 390 3717 448 60

446 514 543 568 καὶ
572 512 771 585 πολλὴν
794 513 893 585 τὴν
918 513 1052 587 πρὸς
1087 513 1172 567 τὸν
1203 513 1339 569 Θεὸν
1371 513 1580 578 ἐλπίδα,
1607 512 1644 584 ﬂ
1673 511 1871 577 παντὸς
1893 528 2024 583 χρυ-

446 604 566 658 σίου
599 607 694 659 καὶ
719 606 901 677 πάσης
929 605 1191 676 εὐπορίας
1215 606 1333 658 ἐστὶ
1361 604 1685 676 τιμιωτέρα.
1704 604 1764 657 '0
1795 605 1891 674 μὲν
1916 603 2026 675 γάρ

445 697 706 769 αίσθητδς
752 696 980 761 πλοῦτος
1021 697 1115 750 καὶ⁵
1157 696 1372 767 λῃστῶν
1405 696 1719 761 ἐπιϐουλαῖς
1895 696 2028 768 πρό-

446 805 665 854 κειται,
709 789 805 844 καὶ
845 789 1194 858 συκοφαντῶν
1238 789 1494 859 πόμασι,
1542 789 1638 843 καὶ
1680 788 2027 860 τοιχωρύχων

445 878 604 949 χερσὶ
652 878 746 931 καὶ
789 876 1014 930 οἰκετῶν
1065 876 1448 950 κακουργίαις,
1494 876 1590 929 καὶ
1636 875 1763 928 ὅταν
1811 874 2028 928 ἅπαντα

447 969 619 1024 ταῦτα
658 968 919 1040 διαφύγῃ,
945 968 1065 1022 τότε
1094 970 1207 1033 τοῖς
1237 968 1595 1038 κεκτημένοις
1642 966 1901 1037 μέγιστον
1931 966 2028 1018 ἐπ-

446 1059 569 1127 άγει
609 1058 868 1123 πολλάκις
901 1058 991 1112 τὸν
1027 1057 1267 1130 ὄλεθρον,
1298 1056 1584 1128 βασκάνων
1612 1055 1924 1126 ὀφθαλμοὺς
1951 1053 2030 1107 δι-

447 1149 698 1222 εγείρων,
723 1151 818 1204 καὶ
850 1150 1077 1222 μυρίους
1115 1151 1179 1203 ἐκ
1206 1150 1399 1203 τούτου
1421 1148 1623 1202 τίκτων
1650 1145 1948 1218 χειμῶνας.
1965 1144 2026 1198 '0

444 1242 502 1296 δέ
529 1242 897 1316 πνευματικὸς
930 1242 1158 1306 πλοῦτος
1186 1242 1405 1306 ἁπάσας
1442 1239 1644 1303 ταύτας
1672 1238 1892 1308 διέφυγε
1925 1235 2026 1300 τάς

443 1333 638 1398 λαϐὰς.
669 1335 764 1389 καὶ
794 1334 975 1406 πάσης
1017 1333 1282 1407 ἐπηρείας
1333 1333 1481 1386 ἐστὶν
1530 1330 1805 1401 ἀνώτερος
1849 1326 2026 1382 τοιαύ-

442 1442 565 1496 της,
599 1426 695 1479 καὶ
727 1424 944 1497 λῃστῶν
974 1426 1068 1479 καὶ
1088 1422 1437 1495 τοιχωρύχων
1472 1421 1567 1475 καὶ
1600 1420 1888 1491 βασκάνων
1931 1418 2027 1472 καὶ⁵

446 1515 800 1586 συκοφαντῶν
838 1515 935 1569 καὶ
962 1514 1129 1569 αὐτοῦ
1160 1512 1478 1583 καταγελῶν
1504 1512 1599 1566 τοῦ
1624 1510 1873 1565 θανάτου.
1894 1509 2028 1563 Οὐδὲ

443 1606 555 1679 γὰρ
586 1606 804 1678 θανάτῳ
827 1605 1209 1675 διαξεύγνυται
1232 1605 1328 1659 τοῦ
1358 1603 1719 1675 κεκτημένου,
1749 1600 1888 1656 ἀλλά
1909 1600 2028 1654 τότε

449 1698 687 1771 μάλιστα
731 1697 1114 1769 ἀσφαλεστέρα
1159 1698 1195 1768 ή
1245 1695 1439 1767 κτῆσις
1481 1693 1644 1749 αὐτοῦ
1691 1695 1806 1757 τοῖς
1847 1692 2028 1764 ἔχουσι

446 1788 677 1856 γίνεται,
706 1789 802 1842 καὶ
842 1787 1233 1858 συναποδημεῖ,
1268 1785 1361 1840 καὶ
1407 1783 1841 1856 συμμεθίσταται
1893 1780 2030 1854 πρὸς

446 1878 873 1952 τὴνμέλλουσαν
903 1877 1068 1951 ζωήν,
1095 1878 1190 1931 καὶ
1231 1877 1529 1947 συνήγορος
1560 1874 1772 1943 γίνεται
1819 1871 2032 1943 θαυμα-

451 1971 596 2034 στὸς,
625 1965 706 2034 οἷς
752 1969 819 2025 ἂν
860 1971 978 2023 ἐκεῖ
1019 1967 1362 2040 συναπέλθῃ,
1394 1967 1490 2021 καὶ
1536 1966 1664 2020 ῖλεω
1710 1963 2032 2037 καθίστησιν

450 2064 634 2125 αὐτοῖς
665 2061 757 2117 τὸν
783 2060 1093 2126 δικάζοντα.

519 2152 723 2208 Τοῦτον
754 2153 848 2207 καὶ
877 2153 1037 2224 ήμεῖς
1080 2150 1173 2206 τὸν
1217 2148 1445 2205 πλοῦτον
1497 2147 1636 2220 μετά
1687 2143 1890 2217 πολλῆς
1932 2146 2032 2216 τῆς

448 2242 730 2312 δαψιλείας
784 2242 1098 2314 εὑρήκαμεν
1145 2240 1204 2293 ἐν
1247 2241 1313 2309 τῇ
1352 2237 1447 2292 τοῦ
1493 2235 1866 2308 παραλυτικοῦ
1907 2251 2035 2288 κατ-

447 2328 833 2402 ορωρυγμένον
885 2327 1054 2399 ψυχῇ.
1104 2326 1215 2380 Καὶ
1258 2326 1537 2398 μάρτυρες
1586 2325 1744 2395 ὑμεῖς
1788 2324 1839 2377 οί
1894 2323 2034 2392 μετά

448 2422 652 2494 πολλῆς
683 2420 846 2475 αὑτὸν
878 2418 1304 2490 ἐξαντλήσαντες
1336 2418 1436 2489 τῆς
1480 2415 1813 2487 προθυμίας,
1842 2416 1904 2469 οὐ
1943 2431 2033 2469 κε-

448 2510 721 2573 νώσαντες
748 2510 826 2564 δέ.
856 2507 1092 2579 Τοιαύτη
1125 2506 1233 2580 γὰρ
1266 2507 1300 2575 ἠ
1334 2504 1427 2559 τοῦ
1464 2502 1833 2575 πνευματικοῦ
1865 2501 2029 2555 πλού-

448 2621 544 2658 του
570 2602 732 2672 φύσις
754 2618 769 2634 ο
793 2601 892 2664 τὰς
919 2598 1028 2653 τῶν
1056 2599 1262 2653 ὑδάτων
1291 2594 1576 2668 ἐπιρροίας
1601 2596 1869 2666 μιμεῖται,
1898 2592 2032 2664 μᾶλ-

447 2696 540 2750 λον
582 2695 639 2749 δέ
672 2695 769 2749 καὶ
797 2692 1022 2746 ἐκείνων
1052 2691 1179 2760 νικᾷ
1204 2689 1305 2759 τὴν
1343 2686 1626 2756 ἀφθονίαν,
1657 2685 1777 2739 τότε
1804 2683 2029 2739 πλεονά-

447 2785 617 2850 ζουσα
671 2782 893 2855 μᾶλλον,
927 2781 1056 2834 ὅταν
1103 2779 1332 2841 πολλοὺς
1379 2777 1480 2849 ἔχῃ
1524 2779 1652 2840 τοὺς
1697 2775 2033 2847 ἀρυομένους

446 2875 640 2946 αὐτήν.
673 2875 767 2936 Εἰς
791 2873 903 2945 γάρ
937 2872 1035 2943 τὴν
1074 2872 1303 2925 ἑκάστου
1328 2868 1504 2939 ψυχὴν
1541 2866 1745 2932 είσιὼν,
1787 2868 1848 2921 οὐ
1880 2867 2037 2939 μερί-

448 2965 623 3031 ζεται,
653 2964 775 3018 οὑδέ
801 2964 1138 3027 ἐλαττοῦται,
1159 2961 1274 3015 ἀλλ’
1292 2960 1585 3032 ὁλόκληρος
1614 2959 1828 3030 ἑκάστῳ
1855 2977 2034 3030 παρα-

448 3055 733 3125 γινόμενος
765 3053 1037 3116 ἀνάλωτος
1065 3052 1214 3123 μένει
1234 3050 1518 3123 διηνεκῶς,
1548 3050 1802 3104 οὐδέποτε
1833 3048 2034 3103 ἐπιλεί-

450 3161 572 3198 πειν
605 3143 901 3214 δυνάμενος
922 3158 937 3173 σ
972 3141 1001 3195 δ
1027 3142 1092 3213 δὴ
1137 3141 1233 3195 καὶ
1264 3140 1384 3195 τότε
1421 3140 1723 3195 συνέϐαινε.
1749 3140 2033 3194 Τοσούτων

449 3238 558 3309 γάρ
596 3235 961 3290 ἐπιπεσόντων
999 3233 1077 3305 τῷ
1108 3231 1387 3305 θησαυρῷ,
1422 3234 1516 3286 καὶ
1545 3232 1763 3287 πάντων
1790 3231 1861 3287 τά
1892 3232 2035 3286 κατά

448 3329 678 3400 δύναμιν
697 3326 1013 3399 ἀρυομένων
1037 3325 1247 3380 ἐκεῖθεν
1267 3341 1283 3356 ·
1316 3326 1412 3380 καὶ
1437 3325 1492 3378 τί
1519 3325 1662 3395 λέγω
1691 3325 1819 3397 περὶ
1853 3325 2030 3396 ὑμῶν,

448 3418 582 3473 ὅπου
612 3433 674 3488 γε
710 3417 770 3484 ἐξ
809 3415 1018 3470 ἐκείνου
1046 3413 1139 3468 τοῦ
1187 3413 1378 3486 χρόνου
1417 3413 1578 3486 μέχρι
1623 3413 1722 3485 τῆς
1752 3412 2034 3486 παρούσης

449 3512 663 3585 ἡμέρας
699 3511 926 3584 μυρίους
955 3511 1189 3581 ποιήσας
1228 3509 1516 3578 εὐπόρους,
1562 3508 1656 3562 ἐπὶ⁵
1697 3508 1797 3579 τῆς
1826 3507 2033 3572 οίκείας

448 3602 782 3673 τελειότητος
819 3603 1002 3674 μένεις
1033 3601 1125 3671 Μὴ
1158 3600 1338 3655 τοίνυν
1364 3601 1743 3672 ἀποκάμωμεν
1769 3600 1906 3673 πρὸς
1932 3600 2034 3672 τὴν

452 3695 830 3764 πνευματικὴν
854 3692 1057 3765 ταύτην
1084 3691 1344 3765 εὐπορίαν
1361 3709 1376 3723 ο
1405 3677 1521 3746 ἀλλ’
1543 3692 1666 3746 ὅσον
1693 3691 1919 3748 δυνατὸν
1938 3694 2032 3747 καὶ

449 3781 546 3837 νῦν
588 3781 1023 3853 ἐξαντλήσωμεν,
1058 3781 1153 3835 καὶ
1188 3781 1389 3852 ἴδωμεν
1418 3779 1798 3852 φιλάνθρωπον
1827 3783 2032 3837 Δεσπό-

448 3891 571 3945 την,
601 3873 802 3944 ίδωμεν
830 3873 1155 3945 καρτερικὸν
1186 3871 1426 3943 οίκέτην.
1450 3872 1756 3944 Τριάκοντα
1783 3873 1915 3943 γοῦν
1938 3878 2032 3929 καὶ

448 3965 594 4021 ὀκτὼ
620 3966 715 4037 ἐτη
749 3967 1034 4039 ἀρρωστίᾳ
1065 3965 1309 4019 παλαίων
1340 3965 1546 4036 ἀνιάτῳ
1570 3966 1665 4018 καὶ
1702 3966 2033 4037 μαστιζόμε-

448 4075 539 4123 νος
562 4058 848 4130 διηνεκῶς,
868 4057 969 4110 οὐκ
990 4056 1371 4128 ἐδυσχέρανεν,
1404 4056 1505 4109 οὐκ
1527 4056 1708 4128 ἀφῆκε
1735 4059 1802 4128 ρῆ
1811 4075 1886 4128 μα
1907 4059 2033 4129 βλά-

451 4165 688 4220 σφημον,
722 4148 782 4200 οὐ
818 4147 1165 4218 κατηγόρησε
1199 4145 1293 4199 τοῦ
1323 4146 1703 4217 πεποιηκότος,
1737 4148 1874 4202 ἀλλά
1905 4166 2032 4218 γεν-

449 4241 617 4304 ναίως
645 4239 741 4293 καὶ
767 4238 905 4311 μετά
931 4238 1131 4308 πολλῆς
1160 4238 1256 4310 τῆς
1289 4237 1589 4303 ἐπιεικείας
1616 4239 1715 4312 τὴν
1749 4242 2033 4314 συμφοράν

451 4332 647 4405 ἐφερεν
689 4329 922 4401 ἐκείνην.
954 4329 1062 4382 Καὶ
1094 4328 1257 4382 πόθεν
1287 4327 1447 4382 τοῦτο
1486 4329 1680 4400 δῆλον;
1718 4333 1882 4403 φησίν
1901 4350 1915 4364 ·
1940 4334 2034 4387 οὐ-

448 4425 538 4481 δὲν
560 4425 668 4496 γὰρ
692 4423 820 4495 περὶ
850 4421 949 4492 τῆς
970 4420 1082 4474 ἀνω
1110 4419 1258 4491 ζωῆς
1282 4419 1445 4474 αὐτοῦ
1477 4421 1662 4492 σαφῶς
1685 4425 1835 4495 ήμᾶς
1858 4425 2032 4480 ἐδίδα-

452 4518 544 4585 ξεν
570 4519 604 4588 ἡ
636 4515 848 4588 Γραφὴ,
877 4514 992 4567 ἀλλ’
1023 4513 1104 4567 ὅτι
1143 4513 1243 4585 μὲν
1272 4514 1564 4585 τριάκοντα
1594 4515 1738 4568 ὀκτὼ
1764 4515 1860 4586 ἔτη
1888 4513 2033 4589 εἶχεν

447 4611 509 4662 ἐν
554 4610 622 4681 τῇ
667 4606 920 4677 ἀσθενείᾳ
960 4602 1148 4672 αὑτοῦ,
1179 4604 1336 4675 δῆλον
1385 4604 1673 4677 ἐποίησενο
1709 4608 1790 4661 ὅτι
1835 4608 1893 4663 δὲ
1932 4610 2032 4665 οὐκ

449 4699 825 4771 ἐδυσχέρανεν,
849 4697 971 4752 οὐδὲ
997 4696 1395 4768 ⁴ινιγανάκτησεν,
1429 4699 1549 4752 οὐδὲ
1594 4702 2029 4773 ἁπεδυσπέτησε,

449 4790 608 4845 τοῦτο
637 4789 822 4844 οὐκέτι
850 4789 1212 4861 προσέθηκεν.
1243 4791 1353 4843 Καὶ
1396 4789 1503 4861 μὴν
1546 4793 1643 4845 καὶ
1690 4793 1847 4847 τοῦτο
1873 4795 2032 4867 δῆλον

450 4882 725 4952 ἐποίησεν,
749 4882 802 4937 εί
822 4898 907 4944 τις
933 4880 1175 4952 ἀκριϐῶς
1197 4881 1475 4952 προσέχοι,
1501 4883 1594 4936 καὶ
1622 4884 1696 4955 μὴ
1717 4886 2029 4958 παρέργως,

453 4974 588 5046 μηδὲ
614 4972 996 5036 ἀπλῶς.”οταν
1018 4972 1125 5043 γάρ
1148 4972 1383 5045 ἀκούσῃς
1408 4974 1491 5028 ὅτι
1513 4977 1792 5031 ἐπιστάντι
1812 4980 2032 5052 Χριστῷ

448 5066 546 5120 καὶ
593 5066 694 5119 οὐκ
728 5063 841 5118 ὄντι
889 5065 1184 5135 γνωρίμῳ,
1233 5065 1347 5118 ἀλλ’
1376 5065 1646 5139 ἀνθρώπῳ
1691 5072 2031 5144 νομιζομένῳ

446 5158 609 5229 ψιλῷ,
644 5157 781 5228 μετά
810 5155 1079 5225 τοσαύτης
1104 5156 1404 5220 ἐπιεικείας
1434 5156 1705 5227 διελέγετο
1733 5163 1904 5233 αὐτῷ,
1937 5166 2031 5219 καὶ

447 5249 549 5320 τὴν
585 5245 895 5318 ἔμπροσθεν
923 5243 1086 5302 αὐτοῦ
1123 5245 1441 5316 φιλοσοφίαν
1479 5247 1685 5322 δυνήσῃ
1709 5248 2026 5307 θεάσασθαι.

448 5339 671 5393 Είπόντι
712 5337 822 5408 γάρ
853 5335 1021 5408 αὐτῷ,
1056 5335 1262 5404 Θέλεις
1298 5337 1473 5407 ὑγιὴς
1513 5339 1826 5409 γενέσθακ
1877 5344 2029 5400 οὐδὲν

449 5423 604 5483 εἶπεν
649 5422 759 5482 οἷον
803 5426 952 5492 εἰκὸς
998 5421 1089 5498 ἦν,
1134 5425 1215 5480 ὅτι
1254 5427 1418 5499 Ὁρᾷς
1470 5444 1537 5497 με
1586 5431 2030 5502 παραλελυμένον

448 5519 639 5590 χρόνον
663 5517 917 5572 τοσοῦτον
949 5517 1368 5589 κατακείμενον,
1399 5520 1494 5572 καὶ
1521 5521 1733 5592 ἐρωτᾷς
1763 5524 1811 5576 εί
1844 5524 2032 5595 βούλο-

451 5626 551 5679 μαι
585 5609 838 5677 γενέσθαι
871 5610 1063 5681 ὑγιής;
1096 5608 1402 5679 ἐπεμϐῆναι
1437 5627 1538 5680 μου
1567 5615 1678 5675 τοῖς
1708 5618 1898 5679 κακοῖς
1929 5613 2028 5688 ἦλ-

455 5694 570 5757 θες,
598 5698 874 5761 ὀνειδίσαι,
906 5700 1000 5752 καὶ
1024 5699 1417 5766 καταγελάσαι,
1449 5702 1543 5755 καὶ
1576 5705 1909 5774 κωμῳδῆσαι
1930 5708 2030 5779 τὴν

457 5790 774 5863 συμφοράνς
823 5789 988 5844 Οὐδὲν
1018 5789 1137 5862 [54]
1169 5789 1406 5847 τοιοῦτον
1428 5793 1549 5848 οὐδέ
1583 5790 1754 5866 εἶπεν,
1788 5795 1909 5852 οὐδὲ
1935 5799 2021 5853 ἐν-

2129 509 2371 581 ενόησεν,
2397 510 2535 565 ἀλλά
2583 512 2703 582 μετ’
2737 508 3070 571 ἐπιεικείας
3102 507 3210 562 Ναὶ
3230 548 3245 574 ,
3282 507 3477 578 Κύριε,
3523 511 3716 582 φησίν,

2126 602 2188 654 Εἰ
2218 601 2275 654 δὲ
2308 601 2449 672 μετά
2475 601 2774 674 τριάκοντα
2803 598 2951 654 ὀκτὼ
2978 599 3074 670 ἐτη
3114 598 3259 653 οὑτω
3296 600 3471 669 πρᾶος
3500 594 3591 670 ἦν,
3619 596 3713 652 οὖ-

2124 708 2233 755 τως
2284 692 2532 764 ἐπιεικὴς
2555 733 2571 759 ,
2627 691 2728 762 τῆς
2780 691 3026 755 εὐτονίας
3071 690 3219 762 αὐτῷ
3272 689 3714 761 καταδληθείσης

2122 782 2344 855 ἀπάσης
2379 784 2474 838 καὶ
2518 784 2618 855 τῆς
2662 783 2946 855 δυνάμεως
2989 782 3100 838 τῶν
3128 782 3426 855 λογισμῶν,
3457 782 3719 853 ἐννόησον

2123 874 2309 927 ὁποῖον
2334 874 2481 938 είκδς
2507 868 2647 928 εἶναι
2671 873 2860 927 τοῦτον
2889 876 2948 928 ἐν
2983 877 3099 938 τοῖς
3129 874 3434 946 προοιμίοις
3463 873 3573 927 τῶν
3603 873 3716 927 δει-

2123 964 2404 1019 νῶν.Ἴστε
2447 964 2558 1037 γάρ
2601 965 2775 1037 δήπου
2819 966 3042 1031 πάντες,
3068 967 3154 1021 δτι
3203 967 3303 1037 οὐχ
3350 965 3552 1037 ὁμοίως
3604 964 3714 1017 είσὶ

2124 1055 2441 1129 δυσάρεστοι
2471 1057 2520 1110 οί
2546 1058 2826 1122 νοσοῦντες
2867 1060 2925 1112 ἐν
2969 1059 3114 1131 ἀρχῇ
3141 1058 3241 1129 τῆς
3268 1057 3580 1130 ἀρρωστίας
3614 1057 3715 1111 καὶ⁵

2126 1148 2323 1202 πολλοῦ
2351 1149 2634 1220 προϊόντος
2662 1148 2757 1203 τοῦ
2782 1149 2976 1221 χρόνου
2999 1167 3010 1180 ·
3029 1150 3152 1203 τότε
3183 1147 3293 1221 γὰρ
3322 1149 3557 1221 μάλιστα
3581 1149 3716 1202 δυσ-

2126 1242 2307 1311 χερεῖς
2330 1240 2572 1309 γίνονται
2604 1241 2656 1295 οί
2694 1242 2997 1307 νοσοῦντες,
3031 1242 3160 1297 ὅταν
3190 1243 3271 1306 είς
3302 1242 3475 1313 μῆκος
3539 1240 3716 1312 ἐπιδῷ

2125 1331 2187 1385 τὸ
2222 1332 2455 1404 νόσημα,
2485 1333 2607 1387 τότε
2635 1334 2801 1387 πᾶσιν
2830 1334 3114 1405 ἀφόρητοι.
3133 1333 3191 1388 '0
3218 1334 3275 1387 δέ
3306 1332 3444 1405 μετά
3471 1332 3717 1387 τοσαῦτα

2127 1420 2222 1493 ἐτη
2246 1420 2389 1475 οὓτω
2417 1421 2744 1493 φιλοσοφῶν,
2773 1422 2946 1486 οὑτως
2973 1423 3311 1491 ἀνεξικάκως
3339 1421 3713 1493 ἀποκρινόμε-

2125 1528 2237 1578 νος,
2259 1510 2483 1583 εὔδηλον
2504 1515 2587 1568 ὅτι
2618 1514 2714 1568 καὶ
2743 1515 2835 1569 τὸν
2865 1514 3174 1587 ἔμπροσθεν
3197 1515 3386 1586 χρόνον
3418 1514 3558 1586 μετά
3583 1514 3717 1566 πολ-

2125 1603 2224 1675 λῆς
2245 1606 2346 1674 τῆς
2380 1604 2728 1677 εὐχαριστίας
2750 1607 2850 1677 τὴν
2877 1604 3164 1677 συμφορὰν
3189 1604 3384 1677 ἔφερεν
3416 1604 3654 1674 ἐκείνην.

2196 1695 2385 1751 Ταῦτα
2426 1692 2522 1752 οὖν
2570 1699 2666 1753 καὶ
2694 1699 2857 1770 ἡμεῖς
2891 1696 3232 1768 λογιζόμενοι
3276 1695 3574 1768 μιμώμεθα
3613 1696 3715 1767 τὴν

2128 1787 2405 1860 ὑπομονὴν
2448 1787 2545 1842 τοῦ
2590 1789 2911 1843 συνδούλου·
2961 1786 3123 1859 ἱκανὴ
3167 1788 3277 1859 γὰρ
3319 1789 3354 1859 ή
3405 1786 3715 1859 παράλυσις

2127 1880 2335 1934 ἐκείνου
2375 1881 2477 1944 τὰς
2512 1880 2788 1953 ἡμετέρας
2818 1881 3135 1950 ἐπισφίγξαι
3160 1880 3338 1952 ψυχάς
3356 1898 3371 1912 ·
3400 1879 3577 1943 οὐδεὶς
3602 1879 3715 1951 γὰρ

2126 1973 2270 2026 οὕτω
2318 1972 2525 2044 νωθρὸς
2570 1974 2665 2027 καὶ
2713 1973 3068 2045 παρειμένος,
3107 1972 3183 2036 ὡς
3223 1971 3285 2025 τὺ
3339 1969 3569 2043 μέγεθος
3613 1970 3714 2042 τῆς

2131 2067 2416 2136 συμφορᾶς
2446 2065 2707 2136 ἐννοήσας
2734 2064 2970 2135 ἐκείνης,
3011 2063 3088 2137 μὴ
3118 2064 3296 2118 πάντα
3335 2064 3599 2132 γενναίως
3626 2063 3716 2116 ἐν-

2130 2158 2313 2224 εγκεῖν
2338 2155 2404 2209 τά
2435 2154 2851 2227 προσπίπτοντα
2879 2154 3045 2221 δεινὰ,
3086 2153 3187 2208 κᾶν
3214 2154 3469 2208 ἀπάντων
3501 2154 3715 2224 ἀφορη-

2129 2247 2325 2319 τότερα
2441 2246 2579 2302 Οὔτε
2620 2247 2729 2319 γὰρ
2768 2250 2802 2320 ή
2833 2248 3012 2317 ὑγίεια
3037 2245 3205 2302 αὐτοῦ
3237 2247 3415 2318 μόνον,
3440 2245 3577 2301 ἀλλά
3615 2246 3714 2300 καὶ

2131 2339 2164 2409 ή
2192 2339 2347 2403 νόσος
2377 2342 2642 2411 μεγίστης
2674 2342 2806 2411 ήμῖν
2838 2339 3106 2408 ὠφελείας
3134 2340 3357 2409 γέγονεν
3380 2338 3562 2393 αίτία·
3589 2338 3626 2408 ἦ
3651 2354 3715 2391 τε

2130 2430 2240 2502 γὰρ
2277 2431 2541 2505 θεραπεία
2570 2433 2707 2505 πρὸς
2737 2432 3045 2501 δοξολογίαν
3071 2431 3167 2486 τοῦ
3190 2431 3462 2485 Δεσπότου
3494 2432 3587 2484 καὶ
3611 2429 3716 2494 τάς

2132 2521 2244 2575 τῶν
2274 2522 2583 2576 ἀκουόντων
2609 2522 2799 2594 ήγειρε
2835 2521 3039 2593 ψυχάς·
3071 2523 3105 2593 ἡ
3130 2540 3190 2575 τε
3220 2522 3375 2586 νόσος
3398 2521 3496 2574 καὶ
3530 2522 3565 2591 ἠ
3607 2521 3716 2592 ἀρ’

2133 2613 2340 2683 ρωστία
2362 2614 2498 2686 πρὸς
2517 2614 2795 2685 ὑπομονὴν
2817 2614 2962 2686 ὑμᾶς
2983 2614 3191 2687 ἧλειψε,
3212 2615 3309 2668 καὶ
3331 2614 3468 2686 πρὸς
3485 2614 3577 2667 τὸν
3599 2614 3716 2667 ίσον

2130 2707 2476 2778 παρεκάλεσε
2504 2706 2667 2778 ζῆλον
2687 2722 2701 2737 °
2730 2706 2931 2777 μᾶλλον
2951 2707 3008 2760 δὲ
3032 2706 3127 2761 καὶ
3152 2707 3321 2776 αὐτὴν
3345 2705 3440 2760 τοῦ
3457 2704 3595 2759 Θεοῦ
3614 2705 3717 2778 τὴν

2131 2797 2541 2871 φιλανθρωπίαν
2569 2798 2889 2864 ἐνεδείξατο.
2921 2799 3033 2852 Καὶ
3061 2798 3169 2870 γὰρ
3192 2799 3324 2854 αὐτὸ
3347 2798 3408 2852 τὸ
3438 2798 3716 2871 παραδοῦ-

2129 2903 2219 2940 ναι
2242 2886 2470 2958 τοιούτῳ
2498 2889 2786 2959 νοσήματι,
2816 2888 2910 2941 καὶ
2932 2887 3025 2941 τὸν
3053 2889 3243 2959 χρόνον
3267 2889 3503 2942 ἐκτεῖναι
3528 2887 3719 2941 τοσοῦ-

2128 2993 2220 3031 τον
2247 2976 2346 3048 τὴν
2372 2978 2700 3050 ἀρρωστίαν,
2718 2978 2991 3050 μεγίστης
3015 2978 3345 3050 κηδεμονίας
3365 2979 3503 3033 ἐστί.
3530 2978 3719 3033 Καθά-

2130 3083 2239 3139 περ
2266 3067 2373 3139 γάρ
2402 3069 2695 3139 χρυσοχόος
2718 3071 2797 3134 είς
2822 3071 3188 3143 χωνευτήριον
3213 3069 3468 3143 ἐμϐαλὼν
3491 3073 3718 3145 χρυσίον

2133 3159 2296 3230 μέχρι
2320 3159 2579 3214 τοσούτου
2605 3160 2894 3233 ἐπιτρέπει
2926 3161 3314 3233 βασανίζεσθαι
3341 3163 3418 3235 τῷ
3442 3166 3719 3239 πυρὶ,ἐως

2130 3247 2197 3303 ἂν
2228 3248 2313 3321 ῐδῃ
2336 3250 2628 3322 γενόμενον
2663 3250 3049 3322 καθαρώτερον
3068 3269 3081 3283 ·
3114 3251 3258 3306 οὕτω
3285 3252 3349 3323 δὴ
3378 3255 3473 3308 καὶ⁴
3513 3256 3541 3308 ὀ
3583 3255 3720 3320 Θεὸς

2134 3340 2296 3413 μέχρι
2321 3341 2578 3396 τοσούτου
2605 3341 2702 3405 τὰς
2726 3342 2834 3397 τῶν
2863 3342 3167 3414 ἀνθρώπων
3184 3343 3363 3414 ψυχάς
3387 3345 3610 3417 ἀφίησιν
3631 3346 3721 3414 ἐξ·

2130 3433 2419 3500 ετάξεσθαι
2468 3436 2527 3489 ἐν
2575 3435 2789 3502 δεινοῖς,
2824 3434 2929 3499 ἕως
2960 3435 3026 3489 ἂν
3051 3435 3317 3505 γένωνται
3352 3436 3590 3510 καθαραὶ
3623 3440 3721 3493 καὶ⁸

2129 3524 2371 3590 διειδεῖς,
2408 3527 2502 3580 καὶ
2547 3525 2748 3596 πολλὴν
2797 3526 2907 3579 ἀπὸ
2955 3526 3055 3596 τῆς
3102 3525 3334 3597 βασάνου
3373 3528 3575 3601 ταύτης
3618 3531 3721 3603 τήν

2129 3617 2398 3686 ὠφέλειαν
2430 3617 2865 3689 καρπωσάμεναι
2883 3632 2898 3649 ⁸
2926 3618 3068 3673 ὥστε
3093 3617 3188 3671 καὶ
3212 3617 3371 3672 τοῦτο
3398 3622 3722 3694 εὐεργεσίας

2130 3705 2271 3772 εἶδός
2298 3712 2415 3763 ἐστι
2443 3708 2506 3761 τὸ
2537 3709 2817 3779 μέγιστον.

2203 3801 2267 3873 β’.
2298 3800 2390 3872 Μὴ
2420 3800 2599 3854 τοίνυν
2628 3801 3007 3872 θορυσώμεθα,
3040 3805 3175 3877 μηδὲ
3195 3806 3468 3879 ἀλύωμεν,
3486 3824 3721 3880 πειρασ-

2134 3892 2250 3964 μῶν
2272 3891 2654 3963 ἐμπιπτόντων
2672 3894 2822 3963 ἡμῖν.
2844 3893 2907 3946 Εἰ
2928 3894 3033 3966 γὰρ
3062 3898 3089 3949 ὁ
3107 3897 3394 3967 χρυσοχόος
3424 3893 3527 3950 εἶδε
3556 3898 3721 3952 πόσον

2134 3983 2234 4052 μὲν
2255 3982 2476 4052 ἀφιέναι
2503 3984 2561 4035 ἐν
2581 3985 2648 4055 τῇ
2675 3983 2893 4055 καμίνῳ
2912 3985 3105 4057 χρόνον
3125 3988 3207 4041 δεῖ
3230 3989 3289 4041 τὸ
3315 3990 3558 4059 χρυσίον,
3585 3991 3720 4043 πότε

2130 4075 2188 4129 δὲ
2211 4075 2546 4140 ἀνασπάσαι,
2576 4077 2672 4131 καὶ
2695 4077 2797 4130 οὐκ
2821 4077 3014 4149 ἀφίησι
3043 4079 3206 4152 μέχρι
3227 4082 3321 4135 τοῦ
3349 4082 3720 4153 διαφθαρῆναι

2132 4166 2229 4219 καὶ
2278 4166 2703 4239 κατακαυθῆναι⁸
2740 4169 2921 4240 μένειν
2967 4172 3027 4225 ἐν
3057 4170 3137 4242 τῷ
3165 4174 3327 4245 πυρί·
3362 4173 3544 4245 πολλῷ
3576 4174 3717 4245 μᾶλ-

2131 4255 2224 4310 λον
2248 4258 2277 4311 ὁ
2297 4257 2430 4323 Θεὸς
2454 4258 2612 4313 τοῦτο
2644 4259 2956 4327 ἐπίσταται,
2989 4264 3081 4318 καὶ
3112 4265 3239 4318 ὅταν
3275 4264 3360 4338 ἴδῃ
3397 4266 3716 4338 καθαρωτέ-

2136 4367 2263 4420 ρους
2284 4352 2626 4421 γενομένους,
2656 4353 2852 4424 ἀφίησι
2878 4354 2985 4408 τῶν
3012 4358 3355 4427 πειρασμῶν,
3376 4358 3516 4412 ὥστε
3540 4359 3614 4430 μὴ
3638 4359 3719 4430 τῷ

2135 4438 2464 4512 πλεονασμῷ
2496 4443 2603 4496 τῶν
2631 4443 2817 4497 κακῶν
2852 4444 3307 4517 ύποσκελισθῆναι
3346 4448 3440 4500 καὶ
3479 4466 3719 4503 καταπε-

2134 4533 2265 4586 σεῖν.
2298 4530 2390 4601 Μὴ
2411 4532 2591 4587 τοίνυν
2618 4534 3076 4605 δυσχεραίνωμεν.
3105 4537 3239 4608 μηδὲ
3267 4539 3714 4610 μικροψυχῶμεν,

2132 4621 2352 4676 ἐπειδάν
2385 4640 2435 4676 τι
2480 4624 2587 4678 τῶν
2613 4625 2889 4697 ἀδοκήτων
2920 4627 3166 4698 ἐμπέσῃ’
3198 4629 3334 4683 ἀλλά
3372 4634 3717 4702 παραχωρῶ-

2138 4730 2237 4783 μεν
2285 4713 2363 4785 τῷ
2405 4714 2581 4770 ταῦτα
2627 4716 2766 4786 μετὰ
2813 4717 3098 4787 ἀκριϐείας
3129 4720 3310 4785 εἰδότι,
3351 4721 3456 4784 ἕως
3486 4721 3553 4774 ἂν
3590 4722 3716 4792 βού-

2133 4803 2296 4868 λοιτο,
2326 4805 2532 4876 πυροῦν
2558 4808 2656 4878 τὴν
2680 4806 2918 4862 διάνοιαν
2946 4809 3045 4879 τὴν
3073 4810 3347 4882 ἡμετέραν
3364 4828 3378 4843 σ
3409 4814 3717 4883 συμφερόν-

2130 4913 2240 4960 τως
2268 4896 2377 4968 γάρ
2400 4896 2560 4951 τοῦτο
2591 4901 2734 4951 ποιεῖ
2775 4900 2870 4953 καὶ
2907 4900 3001 4953 ἐπὶ
3029 4901 3206 4971 κέρδει
3243 4902 3350 4957 τῶν
3384 4903 3713 4975 πειραζομέ-

2132 5005 2239 5042 νων
2246 5029 2258 5040 .

2202 5078 2303 5132 Διά
2340 5079 2497 5134 τοῦτο
2531 5081 2695 5151 σοφός
2732 5100 2815 5147 τις
2858 5088 3115 5157 παραινεῖ
3144 5085 3347 5155 λέγων·
3386 5087 3626 5154 Τέκνον,
3663 5093 3717 5143 ει

2134 5170 2441 5241 προσέρχῃ
2474 5171 2791 5228 δουλεύειν
2822 5174 2903 5241 τῷ
2935 5176 3076 5242 Θεῷ,
3106 5178 3433 5247 ἐτοίμασον
3462 5179 3577 5247 τὴν
3599 5183 3718 5248 ψυ-

2133 5263 2257 5337 χήν
2300 5277 2417 5318 σου
2462 5266 2546 5331 εὶς
2598 5268 2954 5336 πειρασμὸν,
3006 5269 3267 5323 εὔθυνον
3309 5269 3425 5336 τὴν
3467 5270 3717 5340 καρδίαν

2134 5368 2272 5419 σου,
2304 5356 2399 5408 καί
2438 5356 2831 5426 κορτέρησον,
2870 5360 2968 5414 καὶ
3002 5359 3089 5430 μὴ
3124 5362 3405 5428 σπεύσῃς
3439 5363 3510 5415 ὲν
3535 5360 3717 5432 καιρῷ

2131 5444 2459 5515 ἐπαγωγῆς.
2501 5447 2662 5520 Αὐτῷ
2712 5448 3138 5522 παραχώρησον,
3190 5453 3374 5521 φησὶν,
3420 5453 3713 5507 ἁπάντων·

2131 5530 2239 5589 οἶδε
2271 5538 2381 5607 γάρ
2406 5538 2648 5609 ἀκριϐῶς
2678 5539 2806 5594 πότε
2833 5541 2982 5611 ήμᾶς
3012 5541 3301 5596 ἀνελέσθαι
3327 5542 3391 5595 ἐκ
3423 5543 3523 5613 τῆς
3545 5544 3715 5615 καμί-

2132 5642 2223 5678 νου
2257 5626 2337 5679 δεῖ
2361 5628 2472 5680 τῶν
2505 5631 2712 5686 κακῶν.
2748 5632 2869 5705 Χρὴ
2909 5634 3091 5688 τοίνυν
3120 5633 3271 5704 αὐτῷ
3305 5634 3584 5705 πανταχοῦ
3619 5655 3717 5691 πα·

2138 5721 2421 5788 ραχωρεῖν.
2457 5720 2552 5773 καὶ
2594 5721 2683 5774 διὰ
2731 5724 2932 5788 παντὸς
2981 5726 3347 5796 εὐχαριστεῖν,
3397 5727 3492 5779 καὶ
3541 5728 3716 5783 πάντα

2139 5802 2325 5876 φέρειν
2349 5803 2470 5879 [55]
2501 5807 2876 5882 εὐγνωμόνως,
2908 5813 3010 5870 κάν
3045 5814 3327 5887 εὐεργετῇ,
3359 5815 3463 5871 κᾶν
3490 5815 3713 5891 κολάζῃ»
