4106 6434
316 371 384 425 49
1227 360 1291 416 IN
1331 359 1822 418 PARALYTICUM
1865 360 2204 418 DEMISSUM
2245 362 2380 419 PER
2421 363 2722 424 TECTUM.
3537 363 3606 418 50

307 495 484 550 spem,
512 493 629 550 qua:
655 491 790 534 auro
814 475 1007 548 quovis
1031 485 1090 532 et
1109 475 1256 532 lucro
1281 477 1469 547 quovis
1491 485 1572 532 est
1597 475 1903 546 pretiosior.

309 571 441 627 Nam
475 569 720 625 sensibus
757 569 974 640 quidem
1006 568 1258 638 subjecta:
1285 567 1483 622 divitiae
1530 569 1796 623 latronum
1825 567 1906 620 in-

309 662 489 727 sidiis,
520 660 972 732 sycophantarum
1003 659 1218 730 linguis,
1247 660 1507 729 parietum
1546 657 1907 728 perfossornm

311 755 597 821 manibus,
649 764 702 809 et
747 753 1070 807 famulorum
1116 752 1411 808 sceleribus
1457 762 1584 806 sunt
1624 751 1908 816 obnoxiae;

310 861 542 917 cumque
567 847 747 900 omnia
780 847 878 900 ista
895 833 1201 916 biiugcrint,
1231 855 1342 899 tum
1365 845 1656 898 maximam
1681 843 1914 899 dominis

313 939 610 1010 perniciem
638 937 947 1009 frequenter
969 946 1271 1000 accersunt,
1299 937 1426 992 dum
1455 936 1754 991 invidorum
1783 951 1913 990 ocu-

315 1032 394 1086 los
426 1031 686 1095 excitant,
712 1037 768 1084 ct
795 1030 1025 1100 pericula
1052 1035 1243 1084 creant
1268 1028 1546 1083 innumera
1571 1045 1583 1081 :
1609 1027 1915 1098 spirituales

315 1134 495 1178 autem
526 1122 730 1178 divitia:
760 1121 1043 1192 petitiones
1073 1122 1200 1176 istas
1244 1135 1432 1176 onmes
1461 1120 1738 1190 ell‘ngiunt,
1769 1128 1825 1174 et
1850 1119 1918 1173 ab

318 1217 530 1287 injuriis
574 1217 693 1272 istis
737 1216 987 1270 omnibus
1033 1221 1160 1269 sunt
1199 1230 1488 1279 immunes,
1531 1229 1593 1268 ac
1641 1215 1873 1268 latrones
1899 1253 1914 1278 ,

322 1310 588 1380 parietum
635 1308 988 1378 perfossores,
1037 1307 1279 1370 invidos,
1321 1305 1700 1376 sycophantas,
1747 1304 1918 1374 ipsam

317 1403 552 1473 denique
581 1412 808 1456 mortem
827 1407 1202 1471 aSpernantur.
1225 1398 1341 1453 Non
1364 1399 1504 1453 enim
1527 1396 1725 1452 domini
1747 1405 1918 1450 morte

317 1495 670 1556 divelluntur,
695 1494 787 1550 sed
812 1503 922 1548 tum
952 1493 1182 1548 maxime
1210 1492 1371 1546 tutior
1397 1491 1452 1549 (it
1479 1491 1711 1548 dominis
1734 1504 1920 1548 earum

323 1587 598 1658 possessio
631 1606 644 1641 :
675 1601 797 1642 cum
847 1586 951 1645 illis
997 1586 1426 1658 peregrinantur,
1475 1593 1531 1642 ct
1573 1586 1641 1640 ad
1689 1585 1919 1640 futuram

319 1680 680 1753 commigrent
695 1678 876 1746 vitam,
897 1687 1134 1749 patronze
1156 1679 1288 1733 fiuut
1314 1679 1523 1734 illorum
1547 1679 1774 1743 eximia,
1798 1694 1920 1733 cum

322 1775 523 1845 quibus
553 1774 680 1830 illuc
709 1772 1076 1836 discesserint.
1107 1782 1162 1828 et
1203 1773 1330 1844 ipsis
1360 1773 1646 1844 pr0pitium
1685 1771 1921 1842 judicem

324 1865 578 1923 reddunt.
720 1927 724 1930 g

397 1956 764 2027 Spiritualittm
812 1972 968 2026 opum
1033 1966 1218 2010 natura
1280 1956 1444 2028 qualis
1488 1957 1588 2020 sit;
1643 1953 1925 2026 Paralytici

324 2058 520 2118 quanta
545 2048 720 2102 virtus.
748 2077 821 2088 -—-
849 2048 954 2103 llas
982 2047 1287 2116 invenimus
1310 2062 1408 2102 nos
1450 2063 1662 2118 quoque
1714 2047 1926 2101 divitias

327 2139 619 2194 admodum
649 2140 896 2210 copiosas
926 2139 978 2193 in
1011 2140 1288 2212 paralytici
1321 2148 1500 2194 mente
1537 2137 1814 2201 defossas;
1845 2148 1923 2191 tc-

329 2242 442 2289 stcs
480 2248 572 2288 vos
592 2233 744 2300 estis,
775 2233 868 2304 qui
894 2249 1103 2289 summa
1133 2249 1256 2289 cum
1299 2233 1463 2288 animi
1510 2232 1787 2287 alacritate
1808 2231 1926 2286 illas

328 2327 583 2394 eruistis;
613 2342 713 2382 nec
743 2336 918 2382 tamen
948 2327 1266 2383 evacuastis.
1291 2326 1436 2382 Talis
1455 2325 1650 2396 quippe
1675 2325 1927 2394 spiritua-

330 2419 462 2474 lium
495 2428 574 2475 est
603 2433 764 2488 opum
789 2428 973 2473 natura
1009 2437 1022 2473 :
1054 2417 1288 2473 influxus
1330 2433 1587 2488 aquarum
1630 2415 1926 2480 imitantur,

331 2510 413 2564 vel
436 2512 620 2582 potius
647 2510 852 2565 illarum
883 2511 1092 2581 copiam
1120 2511 1360 2577 vincunt,
1396 2519 1613 2581 tumque
1642 2509 1810 2580 magis
1831 2525 1929 2564 cx-

333 2601 581 2665 uberant,
627 2617 747 2656 cum
790 2601 970 2672 plures
1021 2601 1238 2668 fuerint,
1278 2617 1307 2655 a
1357 2603 1553 2672 quibus
1589 2602 1926 2656 hauriuntur.

338 2693 479 2748 Dum
506 2694 649 2748 enim
700 2694 752 2748 in
798 2693 1057 2765 cujusque
1101 2695 1340 2749 animum
1388 2694 1777 2765 ingrediuntur,
1824 2708 1930 2747 non

333 2786 668 2848 dividuntur.
693 2801 791 2842 nec
814 2787 1224 2854 imminuuntur,
1239 2786 1334 2843 sed
1363 2786 1430 2841 ad
1458 2785 1696 2858 singulos
1714 2786 1934 2855 integra:

333 2878 657 2946 adveniunt,
701 2887 756 2933 et
802 2877 940 2949 apud
989 2893 1084 2934 eos
1125 2888 1383 2950 perpetuo
1427 2886 1707 2932 morantur
1749 2877 1936 2931 incon-

334 2981 590 3042 sumptae,
620 2985 720 3026 nec
747 2970 979 3026 deficere
1010 2979 1235 3041 possunt
1277 2984 1526 3041 umquam
1560 2988 1574 3025 :
1606 2969 1748 3040 quod
1775 2967 1932 3022 nimi-

336 3079 458 3118 rum
488 3074 596 3117 tum
623 3062 782 3117 etiam
812 3062 1013 3118 evenit.
1037 3063 1170 3117 Cum
1211 3063 1355 3118 enim
1385 3071 1491 3117 tam
1539 3063 1691 3117 multi
1734 3063 1786 3117 in
1813 3061 1934 3119 the-

335 3170 557 3212 saurum
577 3157 878 3222 inciderint,
897 3167 1148 3214 etomnes
1166 3156 1287 3212 inde
1308 3173 1403 3228 pro
1422 3157 1621 3212 viribus
1639 3156 1933 3212 hauserint:

338 3249 469 3319 quid
498 3264 598 3319 ego
621 3249 686 3304 de
708 3250 863 3304 vobis
917 3249 1106 3320 loquor
1127 3292 1142 3317 ,
1190 3265 1312 3304 cum
1354 3266 1420 3305 ex
1463 3250 1553 3306 illo
1599 3260 1841 3319 tempore
1869 3248 1936 3304 ad

341 3341 488 3396 hunc
509 3357 677 3414 usque
702 3341 843 3397 diem
873 3343 1182 3398 innumeros
1209 3343 1584 3414 locupletarit,
1618 3352 1673 3398 et
1720 3343 1939 3416 integri-

342 3443 508 3489 tatem
535 3449 686 3489 suam
710 3435 973 3489 retineat?
994 3435 1070 3490 Ne
1102 3435 1260 3507 igitur
1275 3436 1607 3505 spiritualem
1632 3435 1771 3491 hunc
1791 3453 1943 3506 quzco

342 3535 488 3579 stum
510 3534 779 3581 sectantes
806 3525 1192 3598 defatigemur,
1223 3527 1317 3582 sed
1347 3538 1603 3596 quantum
1657 3528 1710 3581 in
1759 3536 1939 3582 nostra

344 3627 611 3687 potestate
629 3620 788 3674 silum
822 3620 944 3686 erit,
972 3635 1112 3673 nunc
1131 3620 1292 3675 etiam
1316 3619 1647 3686 hauriamus,
1679 3637 1741 3674 ac
1761 3620 1944 3674 vidca-

346 3724 469 3765 mus
493 3709 771 3765 Dominum
808 3711 1094 3781 benignum
1116 3753 1130 3777 ,
1161 3711 1436 3767 videamus
1480 3720 1536 3767 et
1581 3727 1796 3767 servum
1845 3727 1940 3780 pa-

353 3803 596 3858 tientem.
618 3803 854 3874 Triginta
881 3803 1076 3873 quippe
1096 3812 1150 3858 et
1179 3811 1301 3858 octo
1327 3819 1497 3857 annos
1540 3818 1660 3857 cum
1693 3802 1942 3857 immedi-

347 3895 509 3949 cabili
541 3895 728 3950 morbo
758 3895 1120 3962 conflictatus,
1150 3910 1214 3951 ac
1244 3904 1502 3966 perpetuo
1549 3894 1940 3962 diverberatus,

351 4005 458 4044 non
488 4004 632 4061 argre
663 3989 801 4053 tulit,
827 4005 938 4044 non'
958 3990 1325 4059 blasphemum
1350 3989 1570 4045 verbum
1599 3991 1797 4056 emisit,
1832 4007 1937 4045 non

349 4082 662 4138 Creatorem
683 4083 971 4148 accusavit,
996 4084 1089 4140 scd
1122 4084 1387 4154 patienter
1415 4085 1772 4140 calamitatem
1802 4084 1945 4140 illam

351 4185 404 4229 et
435 4175 600 4230 multa
625 4190 747 4230 cum
778 4175 939 4230 animi
971 4178 1220 4246 :rquitatc
1247 4176 1529 4232 tolerabat.
1555 4177 1709 4233 Unde
1736 4194 1864 4232 vero
1895 4177 1945 4232 id

352 4269 604 4322 constat?
656 4269 798 4324 dicet
851 4270 1084 4338 aliquis:
1117 4285 1290 4340 neque
1329 4271 1471 4324 cnim
1515 4271 1583 4326 de
1625 4272 1948 4340 praecedenti

353 4361 476 4430 ejus
499 4361 600 4416 vita
631 4361 776 4416 clare
801 4361 1070 4432 Scriptura
1100 4378 1200 4419 nos
1221 4362 1421 4430 docuit,
1458 4363 1554 4420 sed
1581 4380 1702 4420 cum
1736 4365 1948 4436 triginta

356 4461 481 4507 octo
499 4468 670 4508 annos
697 4454 872 4524 egisse
899 4455 950 4509 in
980 4455 1285 4512 infirmitate
1306 4472 1400 4512 sua
1431 4457 1761 4531 declaravit(
1791 4459 1946 4513 Joan.

358 4545 410 4600 5.
449 4545 506 4616 5)
535 4562 548 4598 :
580 4546 722 4616 quod
751 4558 929 4602 autem
960 4563 1065 4602 non
1112 4564 1254 4619 mgre
1282 4551 1484 4616 tulerit,
1511 4565 1610 4606 nec
1649 4551 1953 4622 indignatus

358 4637 459 4701 sit,
520 4639 1094 4708 nequestomachatus,
1153 4639 1254 4696 hoc
1308 4657 1413 4697 non
1470 4640 1672 4697 diserte
1727 4642 1950 4698 addidit.

360 4729 612 4784 Attamen
643 4728 746 4784 hoc
784 4731 944 4785 etiam
995 4732 1388 4799 subindicavit,
1425 4734 1468 4788 si
1509 4735 1628 4804 quis
1673 4735 1956 4806 diligenter

359 4824 617 4889 attendat,
648 4832 702 4879 et
726 4840 834 4879 non
866 4825 1222 4896 perfunctorie
1250 4837 1305 4882 et
1331 4827 1788 4882 oscitanter.Cum
1811 4829 1954 4883 enim

361 4919 516 4974 audis
544 4934 689 4985 eum,
714 4919 1060 4975 accedentem
1085 4920 1379 4987 Christum,
1403 4922 1492 4991 qui
1521 4931 1679 4976 notus
1721 4922 1818 4990 ipsi
1849 4938 1954 4977 non

365 5018 500 5075 erat,
525 5010 618 5065 sed
651 5009 826 5065 nudus
855 5012 1014 5066 homo
1037 5011 1340 5081 putabatur,
1367 5022 1508 5066 tanta
1553 5027 1673 5067 cum
1699 5012 1956 5067 modestia

363 5117 481 5158 esse
502 5102 854 5172 alloquutum,
875 5102 1261 5172 pra‘cetlcntem
1287 5104 1445 5158 etiam
1480 5102 1618 5158 illius
1640 5103 1956 5174 probitatem

365 5210 427 5248 ac
454 5193 849 5265 philosophiam
885 5196 1082 5264 poteris
1112 5204 1375 5265 spectare.
1401 5194 1532 5248 Nam
1563 5210 1683 5248 cum
1706 5195 1753 5249 ei
1789 5193 1959 5248 dixis-

365 5299 469 5358 scl,
503 5289 590 5345 Vis
617 5309 772 5346 sanus
802 5292 961 5362 ﬁeri?
992 5291 1122 5346 nihil
1148 5291 1254 5345 tale
1301 5291 1454 5354 dixit,
1486 5291 1644 5360 quale
1671 5290 1962 5346 verisimile

367 5393 482 5439 erat
526 5400 648 5440 eum
701 5384 967 5439 dicturum
1000 5402 1013 5438 :
1045 5385 1208 5440 Vides
1256 5399 1344 5438 me
1387 5382 1619 5453 paralysi
1665 5381 1963 5437 resolutum

369 5485 476 5531 tam
507 5478 762 5534 diuturno
796 5487 1036 5548 tempore
1056 5478 1259 5549 jacere,
1289 5488 1344 5532 ct
1372 5479 1693 5546 interrogas,
1720 5491 1848 5530 num
1879 5489 1966 5530 sa-

371 5587 472 5625 nus
501 5571 616 5626 fieri
647 5571 843 5627 velim?
873 5572 1063 5627 venisti
1097 5580 1152 5625 ut
1191 5571 1325 5626 meis
1366 5570 1520 5624 malis
1559 5569 1878 5632 insultares,
1907 5575 1968 5620 ut

372 5664 746 5732 exprobrares,
781 5661 1054 5730 irridcrcs,
1077 5673 1130 5718 ct
1161 5663 1519 5717 subsannares
1559 5659 1916 5715 calamitatem
1942 5657 1967 5710 ?

373 5756 511 5814 Nihil
541 5757 731 5812 horum
775 5771 948 5826 neque
970 5755 1123 5820 dixit,
1157 5769 1330 5824 neque
1363 5753 1651 5824 cogitavit,
1709 5750 1802 5806 scd
1846 5764 1967 5802 cum

377 5851 623 5917 atquilatc
669 5848 856 5915 animi,
907 5845 1140 5918 Profecto
1193 5845 1408 5900 Domine
1439 5887 1451 5913 ,
1485 5844 1671 5914 inquit.
1723 5839 1875 5910 Quod
1923 5840 1968 5896 si

2028 509 2153 568 post
2177 505 2345 552 annos
2385 495 2508 540 octo
2549 493 2603 539 et
2653 482 2868 554 triginta
2898 482 3034 540 adeo
3079 481 3245 550 mitis,
3273 480 3408 536 adeo
3429 480 3604 534 mode-

2019 600 2137 644 stus
2167 596 2304 650 erat,
2335 598 2456 639 cum
2478 594 2666 634 omnes
2695 577 2766 630 illi
2798 576 2937 630 vires
2985 589 3048 629 ac
3083 572 3246 628 robur
3285 570 3451 626 animi
3504 571 3610 624 Ira.

2019 693 2164 737 ctum
2190 695 2253 735 ac
2283 675 2617 733 debilitatum
2640 678 2802 734 esset,
2838 666 3013 735 cogita
3045 664 3254 735 qualem
3287 663 3434 717 illum
3451 662 3616 715 fuisse

2019 776 2088 830 sit
2110 769 2405 843 probabile,
2457 779 2580 820 cum
2626 759 2765 815 mala
2817 766 3020 812 tantum
3071 755 3392 825 inciperent.
3437 751 3618 807 Nostis

2019 868 2215 938 quippe
2239 876 2426 917 omnes
2451 873 2558 912 non
2591 856 2661 909 ita
2687 868 2858 923 a‘gros
2890 851 3040 905 initio
3077 848 3247 903 morbi
3277 861 3396 902 esse
3438 859 3620 899 moro-

2021 972 2131 1023 sos,
2165 963 2223 1009 ut
2249 969 2370 1009 cum
2399 951 2624 1006 multum
2678 944 2934 1017 temporis
2974 942 3212 1011 elapsum
3266 938 3424 993 fuerit
3453 953 3466 989 :
3501 945 3613 989 tum

2022 1049 2167 1106 enim
2197 1045 2462 1118 przecipuc
2482 1039 2729 1096 dil'iicilcs
2759 1034 2945 1106 a-groti
2989 1033 3142 1098 fiunt,
3173 1046 3295 1086 cum
3331 1026 3617 1083 inﬁrmitas

2023 1141 2075 1196 in
2103 1141 2317 1210 longum
2343 1146 2551 1204 tempus
2581 1129 2900 1192 cxcreveril,
2952 1136 3061 1181 tum
3094 1123 3344 1179 omnibus
3382 1129 3508 1176 sunt
3535 1121 3615 1172 in-

2023 1231 2349 1289 tolerabiles.
2382 1228 2481 1296 Qui
2505 1240 2632 1280 vero
2660 1231 2778 1293 post
2806 1230 2879 1276 tot
2903 1233 3072 1274 annos
3095 1218 3164 1272 ita
3188 1214 3618 1288 philosophatur,

2025 1327 2096 1380 ita
2126 1324 2388 1395 patienter
2428 1316 2738 1388 respondet,
2769 1313 2910 1368 haud
2955 1311 3199 1375 dubium,
3241 1309 3370 1381 quin
3417 1323 3619 1378 pra-cc-

2024 1420 2166 1476 dcnti
2186 1432 2398 1488 quoque
2416 1424 2656 1484 tempore
2677 1425 2798 1466 cum
2819 1406 3079 1478 frequenti
3097 1407 3386 1476 gratiarum
3404 1402 3618 1456 actione

2025 1512 2381 1572 calamitatem
2411 1507 2554 1566 illam
2588 1502 2916 1566 toleraverit.

2101 1610 2230 1674 Qua:
2255 1607 2448 1660 utilitas
2473 1620 2536 1658 ea:
2563 1600 2772 1656 historia
2807 1593 3086 1670 Paralytici
3113 1591 3387 1654 derivetur;
3415 1604 3622 1657 compa-

2027 1710 2206 1756 rantur
2235 1697 2524 1768 aﬂlictioues
2554 1710 2667 1748 cum
2711 1692 2938 1761 fornace.
2981 1716 3051 1729 —-
3083 1685 3206 1740 "rec
3231 1682 3396 1756 igitur
3426 1687 3478 1737 ct
3521 1693 3617 1735 nos

2028 1809 2150 1848 cum
2183 1792 2362 1845 animo
2405 1799 2591 1842 nosno
2638 1794 2971 1856 reputantes,
3021 1779 3269 1838 conservi
3313 1773 3622 1848 patientiam

2032 1887 2304 1941 imitemur
2337 1899 2349 1934 :
2384 1879 2580 1936 sufficit
2610 1881 2750 1934 enim
2778 1873 2844 1932 ad
2873 1884 3081 1930 nostras
3130 1873 3336 1926 animas
3363 1868 3622 1924 corroho-

2033 1977 2227 2032 randas
2257 1975 2398 2028 illius
2424 1970 2685 2043 paralysis
2718 1987 2731 2024 :
2757 1983 2854 2024 nec
2900 1967 3038 2021 ullus
3081 1973 3163 2018 est
3191 1962 3328 2017 adeo
3355 1960 3578 2030 supinus
3606 2001 3622 2022 ,

2031 2081 2085 2126 et
2113 2067 2341 2140 paralysi
2391 2065 2680 2129 resolutus,
2711 2072 2770 2116 ut
2797 2061 2840 2114 si
2875 2059 3194 2114 calamitatis
3224 2055 3365 2108 illius
3395 2051 3629 2122 gravita-

2033 2170 2140 2216 tem
2172 2161 2352 2213 animo
2386 2158 2580 2221 volvat,
2607 2171 2711 2209 non
2743 2153 2944 2216 omnia,
2986 2167 3104 2220 quze
3135 2146 3420 2203 inciderint
3440 2187 3454 2210 ,
3488 2143 3626 2197 mala

2034 2253 2298 2324 patienter
2353 2249 2508 2316 ferat,
2562 2247 2687 2302 licet
2739 2241 3152 2299 intolerabiliora
3208 2238 3316 2292 sint
3357 2234 3627 2291 omnibus.

2034 2344 2166 2400 Nam
2213 2357 2384 2413 neque
2435 2339 2638 2396 Sanitas
2667 2337 2783 2406 ejus
2811 2346 3038 2396 tantum,
3083 2329 3178 2386 sed
3206 2330 3368 2385 etiam
3413 2324 3632 2379 morbus

2038 2436 2323 2491 maximam
2356 2432 2511 2486 nobis
2542 2430 2751 2500 peperit
2776 2427 3057 2482 utilitatem
3094 2436 3250 2478 :cum
3283 2418 3398 2489 ejus
3424 2415 3632 2471 sanatio

2036 2528 2101 2581 ad
2128 2522 2533 2596 glorificandum
2559 2519 2841 2575 Dominum
2865 2520 3073 2570 animos
3097 2511 3398 2567 attditorum
3430 2507 3633 2562 excita-

2036 2622 2126 2689 rit,
2147 2629 2203 2677 et
2223 2618 2442 2673 morbus
2468 2624 2627 2686 atque
2651 2612 2933 2668 infirmitas
2977 2609 3042 2663 ad
3070 2607 3377 2678 patientiam
3425 2618 3519 2658 vos
3551 2603 3632 2655 in-

2037 2711 2319 2776 struxerit,
2373 2716 2428 2763 et
2457 2707 2522 2760 ad
2577 2705 2805 2760 similem
2847 2702 3018 2756 zelum
3065 2699 3342 2752 cohortata
3394 2694 3486 2756 sit,
3526 2693 3635 2745 imo

2041 2820 2168 2860 vero
2191 2804 2359 2871 ipsam
2384 2814 2595 2870 quoque
2624 2797 2716 2852 Dei
2766 2793 3144 2864 benignitatem
3175 2785 3488 2842 ostenderit.
3523 2782 3634 2836 lloc

2039 2900 2184 2955 enim
2217 2897 2412 2966 ipsum,
2459 2891 2602 2963 quod
2629 2898 2789 2944 tantze
2825 2886 2972 2940 illum
3005 2881 3262 2952 ohjeccrit
3309 2875 3633 2949 a-gritndini,

2041 2990 2168 3046 etin
2197 2997 2400 3042 tantam
2444 2982 2700 3053 temporis
2749 2977 3108 3050 prolixitatem
3149 2971 3509 3026 infirmitatem
3539 2981 3636 3020 ειη

2045 3081 2297 3145 tenderit,
2327 3077 2575 3132 maximae
2625 3073 2880 3128 indicium
2931 3077 3016 3124 est
3057 3061 3452 3120 sollicitudinis.
3503 3057 3636 3114 Nam

2043 3169 2490 3244 quemadmodum
2521 3181 2641 3222 cum
2673 3165 2726 3219 in
2748 3160 3116 3218 conﬂatoriam
3141 3156 3412 3210 fornacem
3435 3149 3642 3205 aurifex

2043 3240 2232 3318 aurum
2264 3261 2525 3330 injeccrit,
2562 3255 2760 3312 tamdiu
2789 3253 2857 3308 ab
2884 3253 3004 3322 igne
3027 3250 3154 3305 illud
3178 3243 3471 3303 examinari
3489 3240 3638 3306 sinit,

2045 3369 2326 3426 quousque
2357 3351 2543 3422 purius
2584 3347 2777 3403 viderit
2820 3343 3058 3400 evasisse
3087 3359 3100 3395 :
3125 3340 3198 3393 ita
3245 3350 3457 3408 quoque
3501 3333 3642 3386 Deus

2048 3423 2251 3501 tamdiu
2298 3443 2574 3497 hominum
2615 3438 2824 3492 animas
2879 3431 3090 3504 probari
3140 3430 3298 3484 malis
3347 3423 3640 3496 permittit,

2046 3553 2324 3609 quousque
2353 3551 2499 3606 purae
2529 3535 2680 3598 fiant,
2730 3545 2793 3584 ac
2832 3524 3157 3598 splendidre,
3212 3521 3409 3575 tnnltan
3433 3531 3551 3609 que-
3575 3529 3642 3567 ex

2049 3606 2136 3685 illa
2164 3606 2534 3698 exploratione
2577 3623 2858 3677 utilitatem
2912 3613 3268 3687 perceperint.
3313 3609 3496 3678 Itaque
3541 3606 3642 3658 hoc

2047 3737 2260 3794 quoque
2288 3717 2668 3775 beneficentia;
2684 3727 2854 3784 genus
2876 3720 2958 3766 est
2985 3707 3299 3764 maximum.

2120 3790 2186 3867 ἓξ
2217 3811 2293 3865 Nc
2319 3810 2593 3863 turbemur
2625 3806 2804 3875 igitur,
2836 3815 2968 3856 neve
2995 3799 3174 3852 animo
3202 3793 3568 3856 concidamus,
3598 3790 3642 3844 si

2050 3902 2264 3976 quando
2294 3901 2616 3957 lentatioues
2659 3910 2757 3950 nos
2789 3891 3102 3948 invaserint.
3151 3887 3208 3941 Si
3253 3887 3396 3941 enim
3437 3881 3642 3936 aurifex

2052 3974 2222 4064 novit,
2255 4001 2454 4066 quanto
2482 4001 2726 4061 tempore
2764 3983 3059 4053 dcrelinqui
3109 3994 3297 4034 aurum
3337 3979 3389 4030 in
3423 3974 3643 4028 fornace

2053 4064 2358 4154 conveniat,
2387 4094 2442 4140 et
2463 4080 2678 4154 quando
2707 4077 2939 4141 extrahi,
2966 4089 3141 4144 neque
3171 4070 3296 4125 sinit
3327 4081 3562 4136 cousque
3589 4064 3641 4118 in

2057 4187 2177 4256 igne
2211 4195 2514 4244 remanere,
2549 4185 2608 4231 ut
2653 4177 3028 4240 corrumpatur
3055 4177 3110 4223 et
3151 4172 3402 4220 exuratur
3431 4177 3446 4212 :
3479 4158 3648 4212 multo

2058 4252 2227 4345 magis
2251 4272 2300 4327 id
2335 4272 2445 4326 Deo
2487 4277 2672 4323 notum
2695 4273 2798 4328 cst,
2831 4271 3030 4318 etcum
3061 4256 3307 4329 puriorcs
3334 4252 3502 4308 factos
3528 4263 3649 4304 esse

2059 4342 2349 4428 nosvvidet,
2381 4363 2707 4418 tentationcs
2729 4355 2972 4416 remittit,
2999 4369 3066 4408 ne
3100 4350 3360 4406 malorum
3393 4342 3650 4411 multipli-

2058 4460 2271 4515 catione
2296 4455 2704 4526 sopplantemur
2731 4458 2784 4505 ct
2809 4445 3174 4503 concidamus.
3201 4441 3276 4494 Ne
3307 4438 3466 4508 igitur=
3505 4449 3649 4526 aegre

2061 4551 2320 4612 feramus,
2351 4525 2451 4601 nec
2479 4545 2720 4598 animum
2744 4535 3192 4608 despondeamns,
3237 4531 3278 4586 si
3307 4527 3433 4600 quid
3471 4525 3646 4593 inopi-

2063 4652 2244 4698 natum
2275 4638 2532 4694 acciderit
2571 4654 2582 4690 :
2617 4633 2711 4688 sed
2743 4632 2790 4686 ei
2839 4629 3242 4700 permittamus,
3273 4623 3365 4694 qui
3403 4627 3652 4675 accurate

2063 4739 2160 4792 ista
2196 4733 2362 4793 novit.
2392 4725 2715 4799 utquamdiu
2744 4723 2994 4788 voluerit,
3024 4720 3254 4774 animam
3289 4724 3523 4769 nostram
3550 4726 3648 4765 ex-

2064 4833 2253 4898 purget
2283 4843 2297 4879 :
2324 4823 2530 4879 utiliter
2573 4817 2715 4874 enim
2756 4815 2809 4869 id
2837 4813 2965 4885 agit,
2996 4811 3127 4867 etin
3171 4825 3286 4864 rem
3328 4819 3514 4861 eorum
3562 4801 3654 4872 qui

2062 4929 2356 4978 tentantur.

2135 5015 2265 5070 Cum
2300 5010 2495 5066 medico
2527 5018 2574 5062 et
2628 5016 2772 5076 patre
2820 5008 3146 5073 comparatur
3192 4995 3368 5059 Deus;
3409 4989 3659 5045 auxilium

2065 5107 2248 5179 gratia:
2272 5103 2458 5157 divinae
2476 5098 2907 5154 necessarium—
2921 5094 3090 5158 Quam
3110 5089 3179 5145 ob
3199 5101 3415 5142 causam
3444 5081 3659 5152 sapiens

2067 5172 2282 5267 quidam
2302 5192 2577 5255 admonet,
2606 5188 2792 5242 dicens
2826 5203 2839 5240 :
2875 5183 2998 5248 Fili,
3029 5182 3071 5235 si
3111 5178 3320 5232 accedas
3350 5175 3416 5226 ad
3439 5172 3661 5226 servien-

2069 5265 2193 5343 dum
2218 5287 2456 5350 Domino,
2491 5297 2729 5354 praepara
2751 5280 2975 5331 animam
3004 5285 3144 5329 tuam
3190 5271 3258 5324 ad
3298 5265 3618 5321 tentationem
3642 5277 3661 5327 ,'

2070 5381 2232 5452 dirige
2256 5395 2342 5434 cor
2380 5388 2542 5439 tuum,
2573 5384 2620 5429 et
2649 5372 2843 5428 sustine
2871 5385 2890 5424 :
2910 5378 2956 5422 et
2982 5383 3045 5421 ne
3088 5363 3292 5436 festines
3339 5359 3392 5411 in
3442 5365 3662 5452 tempore

2069 5447 2316 5528 illationis
2347 5467 2526 5540 (Eccli.
2547 5465 2600 5519 2.
2627 5465 2678 5532 1,
2696 5463 2772 5534 2).
2793 5459 3008 5523 Omnia,
3046 5455 3235 5525 inquit,
3264 5451 3338 5505 illi
3368 5447 3618 5518 permitte
3645 5463 3660 5500 :

2073 5565 2240 5636 probe
2265 5561 2529 5632 siquidem
2550 5557 2719 5624 novit,
2743 5552 2956 5624 quando
2981 5563 3078 5604 nos
3103 5563 3132 5602 e
3159 5545 3373 5599 fornace
3403 5540 3662 5594 malorum

2073 5635 2322 5726 expediat
2349 5652 2486 5706 erui.
2512 5646 2874 5717 Quamobrem
2906 5642 2980 5696 illi
3011 5639 3206 5708 ubique
3222 5635 3416 5690 cedere
3432 5639 3664 5726 oportet,

2075 5721 2424 5816 ac'perpetuo
2450 5743 2649 5813 gratias
2695 5749 2872 5806 agere,
2905 5741 3062 5804 atque
3088 5727 3264 5786 omnia
3314 5738 3468 5794 aequo
3488 5721 3668 5775 animo

2077 5813 2238 5903 ferre,
2268 5813 2381 5893 sive
2403 5831 2646 5892 conferat
2679 5829 2934 5886 bcnelicia
2958 5867 2972 5896 ,
3019 5825 3131 5883 sive
3158 5821 3373 5895 puniat,
3413 5831 3535 5875 cum
3567 5813 3669 5871 hoc
