4106 6486
485 377 543 433 51
1202 378 1258 434 S.
1299 377 1577 434 JOANNIS
1605 377 2088 433 CllliYSOSTOMl
2130 377 2446 433 AliClllEl’.
2489 381 3013 438 CONSTAN‘i‘lNUf’.
3691 395 3768 451 δτι

485 509 698 563 quoque
746 508 916 564 genus
957 494 1027 548 sit
1075 494 1340 548 beneficii.
1386 493 1516 548 Nam
1555 503 1610 548 et
1658 493 1931 560 medicus,
1965 510 2069 548 non

486 600 608 638 cum
637 583 778 638 lavat
803 583 997 649 stilum,
1030 593 1081 637 et
1105 583 1290 645 nutrit,
1322 592 1482 652 atque
1517 581 1583 636 ad
1620 583 1867 637 viridaria
1894 582 2073 638 educit

488 687 748 746 a'grotum
779 693 792 728 :
821 675 912 729 sed
937 683 990 728 ct
1019 691 1138 728 cum
1172 675 1277 728 nrit
1297 683 1352 728 et
1371 684 1537 735 secat,
1564 675 1674 743 pari
1719 674 1926 729 ratione
1956 690 2071 729 tne-

485 767 638 822 dicus
664 778 746 821 est
776 785 790 821 :
824 777 876 821 et
911 776 1064 836 pater
1103 782 1207 820 non
1254 765 1414 820 modo
1459 781 1580 820 cum
1627 765 1737 820 filio
1772 766 2103 832 blanditur,‘

488 859 580 913 sed
603 859 761 914 etiam
794 873 914 912 cum
937 874 1058 913 eum
1090 857 1238 927 pellit
1265 873 1328 911 ex
1361 857 1563 912 :edibus
1586 866 1640 911 et
1666 873 1786 912 cum
1812 858 2070 925 increpat,

487 965 549 1005 ac
573 947 750 1019 flagris
779 949 960 1014 credit,
994 950 1108 1019 pari
1143 950 1349 1003 ratione
1383 955 1532 1017 pater
1555 958 1669 1011 est,
1701 963 1872 1019 neque
1899 949 2074 1002 minus

485 1056 642 1109 quam
673 1056 792 1094 cum
828 1039 1025 1095 laudat.
1058 1040 1192 1094 Cum
1221 1041 1380 1110 igitur
1405 1040 1672 1109 intelligas
1694 1040 1915 1094 medicis
1956 1055 2073 1093 om-

486 1130 644 1184 nibus
697 1130 1136 1200 indulgentiorem
1175 1145 1317 1196 esse,
1375 1145 1438 1185 ac
1491 1130 1684 1198 majori
1730 1130 1922 1184 affectu
1977 1145 2074 1185 nos

490 1222 652 1275 Deum
687 1216 956 1291 prosequi,
990 1221 1097 1274 noli
1131 1221 1341 1276 curiose
1369 1221 1639 1291 inquirere
1661 1262 1675 1287 ,
1710 1237 1883 1290 neque
1913 1209 2076 1275 ratio-

487 1330 606 1368 nem
634 1314 701 1367 ab
722 1329 788 1368 eo
816 1315 968 1385 exige
989 1315 1314 1378 curationis;
1349 1314 1445 1368 sed
1479 1315 1591 1369 sive
1625 1330 1869 1368 recreare
1897 1315 2076 1368 volne-

486 1409 573 1474 rit,
603 1409 715 1463 sive
736 1410 944 1478 punire,
966 1407 1032 1462 ad
1067 1416 1348 1477 utrumque
1369 1408 1570 1478 pariter
1598 1417 1810 1477 paratos
1843 1422 1939 1462 nos
1977 1423 2072 1461 ex-

487 1497 1099 1567 hibeamuszsiquidem
1151 1513 1244 1566 per
1304 1507 1586 1567 utrumque
1638 1498 1792 1552 nobis
1846 1498 2076 1552 restituit

486 1589 789 1652 Sanicitem,
833 1599 886 1642 et
930 1603 1026 1643 nos
1073 1589 1172 1643 sibi
1225 1589 1831 1659 reconciliatzcumque
1867 1590 2075 1644 noverit

490 1677 685 1748 quibus
710 1677 946 1748 indigeat
979 1679 1205 1748 quisque
1244 1690 1506 1745 nostrum,
1558 1690 1612 1734 et
1663 1681 1785 1750 quid
1835 1681 2076 1736 conferat

488 1769 701 1838 cuique,
729 1777 906 1838 etquo
933 1769 1142 1827 tandem
1176 1769 1334 1824 modo
1373 1770 1665 1824 servandus
1716 1771 1820 1836 sit,
1858 1770 1959 1825 hac
1991 1771 2072 1825 via

491 1875 588 1915 nos
612 1859 702 1914 ille
725 1858 956 1915 deducit.
987 1859 1284 1930 Sequamur
1309 1860 1470 1931 igitur
1489 1876 1596 1931 quo
1621 1861 1708 1916 ille
1741 1863 2071 1931 przeceperit,

491 1966 662 2020 neque
691 1959 874 2006 exacte
893 1951 1176 2021 quidquam
1203 1952 1558 2022 disquiramus
1575 1995 1590 2019 ,
1614 1953 1726 2008 sive
1744 1969 1840 2024 per
1862 1954 2072 2024 planam

493 2052 547 2096 et
575 2041 816 2107 facilem,
846 2043 960 2097 sive
999 2058 1094 2112 per
1126 2042 1398 2097 difficilem
1428 2058 1779 2114 aSperamqne
1819 2045 1955 2097 viam
1989 2045 2075 2098 in-

491 2133 684 2189 cedere
704 2135 944 2204 jusserit,
973 2134 1422 2205 quemadmodum
1445 2143 1499 2190 et
1525 2135 1680 2190 istmn
1703 2137 2074 2208 paralyticum.

494 2222 670 2279 Unum
703 2225 860 2294 igitur
884 2224 987 2280 hoc
1013 2224 1106 2280 fuit
1137 2241 1306 2295 genus
1327 2225 1713 2294 beneficentim,
1762 2228 1904 2298 quod
1933 2239 2078 2284 tanto

492 2326 730 2384 tempore
754 2316 983 2372 animam
1013 2321 1128 2386 ejus
1156 2318 1413 2387 purgarit,
1432 2330 2080 2389 eamquetamquamcor:-

494 2405 718 2460 flatorim
747 2406 956 2460 cuidam
1002 2406 1205 2462 fornaci
1238 2408 1587 2462 tentationum
1635 2409 1933 2478 probationi
1974 2418 2080 2463 tra-

493 2497 897 2553 diderit:aliud
944 2508 1121 2554 autem
1173 2499 1342 2554 nihilo
1387 2499 1610 2555 inferius
1660 2504 1780 2566 isto,
1831 2501 1972 2571 quod
2026 2503 2079 2556 in

493 2587 624 2658 ipsis
657 2589 1039 2644 tentationibus
1068 2589 1142 2643 illi
1167 2590 1416 2657 adfuerit,
1452 2591 1785 2662 multumque
1826 2593 2075 2647 solatium

495 2683 567 2736 illi
596 2683 902 2752 prrcbuerit.
927 2684 1046 2753 Ipse
1076 2691 1213 2747 erat,
1238 2685 1323 2754 qui
1351 2684 1660 2739 continebat
1703 2700 1827 2740 eum
1854 2725 1868 2748 ,
1913 2694 1968 2740 et
2006 2701 2082 2741 re-

496 2775 719 2842 tinebat,
745 2791 1069 2845 manumque
1087 2776 1415 2847 porrigebat,
1435 2793 1607 2847 neque
1633 2777 1824 2833 collabi
1851 2779 2080 2833 sinebat.

493 2868 626 2923 Cum
674 2877 850 2922 autem
910 2867 1080 2937 ipsum
1129 2866 1294 2922 fuisse
1340 2869 1513 2933 audis,
1561 2868 1668 2922 noli
1724 2869 2076 2940 paralyticum

494 2958 654 3013 laude
680 2958 906 3028 privare,
934 2973 1032 3013 nec
1059 2959 1205 3013 illum
1231 2974 1328 3013 nec
1349 2959 1507 3013 alium
1531 2957 1798 3013 hominem
1817 2962 2080 3030 quemvis,

498 3050 587 3120 qui
616 3059 848 3104 tentetur
868 3058 920 3104 et
946 3051 1206 3119 patienter
1229 3049 1382 3104 ferat.
1411 3049 1760 3116 Quantumvis
1784 3051 1924 3105 enim
1943 3067 2084 3121 saepe

502 3141 963 3214 philosophemur,
993 3143 1236 3212 quamvis
1261 3145 1498 3198 omnium
1534 3143 1892 3198 robustissimi
1919 3145 2086 3200 simus

501 3251 563 3288 ac
590 3233 924 3299 validissimi,
967 3233 1012 3287 si
1066 3233 1210 3288 illius
1244 3235 1380 3289 absit
1409 3235 1686 3297 auxilium,
1721 3251 1788 3290 ne
1827 3235 2084 3290 mediocri

499 3326 712 3397 quidem
743 3327 1038 3397 poterimus
1063 3326 1340 3382 tentationi
1369 3327 1640 3382 resistere.
1672 3327 1775 3383 Sed
1818 3329 1944 3398 quid
1987 3343 2088 3398 ego

501 3418 573 3474 de
598 3416 754 3474 nobis
785 3418 976 3473 vilibus
1005 3430 1054 3474 et
1087 3418 1310 3488 abjectis
1337 3419 1568 3490 loquor?
1591 3418 1743 3474 Licet
1784 3419 1980 3474 Paulus
2020 3421 2089 3475 sit

500 3508 693 3579 aliquis
717 3518 805 3563 aut
832 3509 1044 3573 Petrus,
1075 3509 1196 3564 licet
1221 3509 1448 3564 Jacohus
1469 3519 1560 3563 aut
1582 3509 2089 3572 Joannes,suhsidio

504 3599 704 3657 caelesti
731 3600 967 3670 privatus
1021 3600 1175 3655 facile
1217 3601 1464 3665 vincitur,
1507 3611 1560 3656 et
1611 3601 2006 3670 supplantatur,
2036 3610 2091 3656 et

504 3692 758 3747 concidit.
802 3692 883 3747 Ad
928 3691 1044 3748 haec
1072 3694 1248 3748 omnia
1284 3694 1478 3749 tuenda
1509 3694 1658 3749 vobis
1686 3695 1879 3749 Christi
1924 3695 2091 3764 ipsius

506 3797 666 3839 voces
710 3784 948 3839 recitabo
983 3803 996 3839 :
1025 3783 1284 3854 siquidem
1314 3785 1474 3841 Petro
1500 3785 1632 3840 dixit
1664 3805 1678 3841 :
1709 3786 1840 3840 Ecce
1884 3798 2090 3843 satanas

497 3877 740 3948 expetivit
752 3877 1333 3941 vos,utcribraretsicut
1345 3880 1607 3935 triticum:
1623 3889 1668 3933 ct
1697 3897 1788 3949 ego
1812 3884 1984 3950 rogavi
1997 3897 2089 3951 pro

507 3979 574 4032 te,
609 3977 664 4021 ut
690 3983 788 4021 non
816 3969 1018 4037 deﬁciat
1038 3969 1164 4036 ﬁdes
1192 3979 1277 4023 tua
1305 3970 1452 4040 (Luc.
1477 3969 1567 4024 22.
1594 3971 1681 4024 51.
1707 3970 1819 4040 ⁵52).
1841 3971 1976 4037 Quid
2007 3982 2092 4026 est

507 4059 782 4114 cribrare?
812 4059 1125 4122 Abducere,
1149 4059 1582 4126 circumducere,
1633 4062 1938 4129 exagitare,
1972 4078 2090 4118 mo-

505 4163 654 4207 vere.
679 4158 986 4215 concutere,
1036 4150 1310 4216 divexare,
1368 4151 1507 4206 sicut
1559 4152 1611 4206 in
1663 4153 1727 4206 iis
1756 4168 1874 4222 quae
1916 4155 2092 4209 cribro

507 4241 868 4294 ventilentur:
902 4251 957 4295 at
1003 4256 1103 4310 ego
1145 4241 1479 4309 cohibebam,
1538 4242 1732 4313 inquit,
1786 4244 2091 4316 intelligens

511 4346 841 4400 nequaquam
900 4347 1056 4401 posse
1106 4347 1200 4386 vos
1250 4335 1594 4388 tentationem
1649 4336 2090 4402 sustinere;cum

504 4421 649 4475 enim
672 4421 764 4488 ait,
797 4420 878 4475 Ne
904 4421 1108 4491 deﬁciat
1135 4423 1263 4490 ﬁdes
1291 4433 1399 4487 tua,
1435 4425 1534 4478 hoc
1558 4425 1837 4495 significat,
1858 4427 2090 4484 futurum

508 4515 692 4583 fuisse,
743 4526 801 4570 ut
844 4516 974 4572 fides
1023 4517 1140 4586 ejus
1183 4517 1461 4587 deficeret,
1512 4520 1555 4573 si
1608 4520 1699 4576 ille
1740 4523 2088 4591 permisisset.

509 4604 662 4673 Quod
683 4607 726 4660 si
757 4605 945 4662 Petrus
965 4606 1200 4663 fervidus
1244 4618 1451 4663 amator
1475 4609 1670 4664 Christi
1696 4653 1710 4679 ,
1743 4611 1830 4682 qui
1861 4614 2091 4667 animam

511 4713 663 4753 suam
690 4698 884 4753 millies
905 4714 1000 4768 pro
1029 4701 1144 4769 ipso
1173 4702 1440 4771 exposuit,
1469 4703 1663 4773 quique
1712 4719 1922 4774 semper
1969 4715 2093 4761 ante

509 4797 706 4844 cetum
739 4789 1342 4860 prosilitapostolorum,
1373 4803 1424 4847 et
1455 4792 1686 4847 beatusa
1717 4795 1970 4865 magistro
1995 4811 2092 4851 suo

510 4879 849 4949 prtedicatur,
879 4879 1103 4950 ideoque
1154 4881 1341 4937 Petrus
1371 4883 1668 4953 appellatus
1695 4894 1797 4949 est,
1836 4885 1978 4956 quod
2010 4887 2091 4940 in-

508 4983 770 5023 eoncussa
805 4977 861 5024 et
895 4971 1209 5025 immutabili
1238 4971 1340 5026 fide
1365 4972 1618 5042 praeditus
1646 4982 1824 5040 esset,
1856 4975 2093 5044 dejectus

512 5059 716 5123 fuisset,
740 5068 794 5114 et
818 5075 845 5112 a
872 5059 1206 5116 eanfessione
1232 5063 1534 5127 excidisset,
1553 5065 1619 5130 si,
1644 5073 1896 5135 quantum
1911 5067 2090 5134 vellet,

512 5158 722 5204 tentare
744 5150 954 5206 diabolo
971 5149 1211 5207 Christus
1232 5155 1580 5223 permisisset,
1596 5159 1714 5226 quis
1740 5158 1874 5211 alius
1894 5158 2094 5228 absque

511 5239 655 5295 illius
675 5241 872 5295 auxilio
901 5244 1092 5311 poterit
1126 5260 1377 5314 umquam
1411 5247 1699 5302 resistere?
1723 5247 1984 5314 Quocirca
2015 5250 2095 5302 di-

509 5334 586 5387 cit
614 5333 776 5388 etiam
824 5333 1043 5400 Paulus,
1071 5333 1264 5389 Fidelis
1295 5335 1449 5403 Deus,
1491 5338 1577 5404 qui
1632 5354 1730 5391 non
1768 5340 1985 5408 patietur
2010 5355 2093 5392 ros

515 5425 694 5476 tentari
714 5440 871 5494 supra
899 5424 972 5487 id,
993 5426 1128 5496 quod
1148 5427 1351 5494 potestis
1377 5443 1396 5481 :
1423 5428 1510 5482 sed
1525 5429 1674 5498 faciet
1693 5445 1804 5481 cum
1826 5430 2095 5483 tentatiane

515 5522 828 5580 proventum,
862 5525 915 5566 ut
942 5516 1143 5584 possitis
1171 5517 1416 5570 sustinere
1442 5517 1462 5587 (
1489 5519 1534 5572 l.
1565 5517 1680 5572 Cor.
1715 5519 1797 5573 l0.
1831 5517 1952 5588 15).
1979 5519 2093 5574 Νοιι

515 5603 660 5656 enim
685 5611 910 5670 tantum,
945 5607 1132 5674 inquit,
1160 5623 1316 5676 supra
1345 5609 1484 5663 vires
1525 5609 1706 5664 inferri
1750 5613 2093 5666 tentationem

519 5707 624 5744 non
649 5694 795 5757 sinit,
826 5695 918 5748 sed
947 5701 1106 5750 etiam
1152 5700 1202 5752 in
1236 5700 1346 5768 ipsa
1373 5717 1492 5771 qua:
1537 5718 1631 5772 pro
1661 5704 1863 5758 ratione
1905 5706 2094 5760 virium

517 5783 819 5852 adhibetur,
864 5802 960 5842 nos
989 5800 1292 5846 sustentans
1332 5793 1500 5862 adest,
1534 5805 1589 5850 et
1637 5813 1732 5850 nos
1762 5798 2089 5862 corroborat,

2180 509 2302 549 cum
2335 510 2430 549 nos
2463 497 2666 565 priores
2695 513 2812 566 qua:
2845 508 3144 554 nostrarum
3197 511 3320 558 sunt
3361 507 3590 575 partium
3628 525 3764 564 con-

2179 585 2480 652 tulerimus,
2510 589 2737 656 exempli
2761 603 2942 655 causa,
2974 589 3302 648 alacritatem
3326 597 3510 661 animi,
3533 613 3680 668 spem
3707 603 3765 655 in

2179 677 2372 744 ipsum,
2399 678 2686 747 gratiarum
2709 681 2995 746 actionem,
3027 682 3389 748 tolerantiam,
3428 687 3764 755 patientiam.

2178 767 2359 834 Neque
2407 777 2609 822 tantum
2653 768 2704 822 in
2759 770 3030 839 periculis,
3061 788 3179 841 qu;
3225 774 3366 830 vires
3419 789 3628 832 nostras
3669 795 3769 835 ex-

2178 788 2359 834 tveque
2407 788 2609 822 tantum
2654 788 2704 822 ιιι
2759 788 3030 839 perlcuus,
3061 788 3128 841 qu
3225 790 3366 830 Vtres
3419 789 3628 832 nostras
3669 795 3768 835 ex-

2177 861 2393 925 cedunt,
2418 860 2510 915 sed
2539 862 2589 915 in
2620 862 2745 929 ipsis
2767 863 2925 917 etiam
2951 880 3068 933 quze
3100 788 3204 920 ego
3237 868 3498 924 excedunt
3517 913 3532 935 ,
3561 872 3768 927 caelesti

2177 953 2376 1005 auxilio
2408 951 2724 1021 indigemus,
2771 962 2826 1007 ut
2866 969 3127 1023 generose
3175 960 3436 1024 possimus
3474 959 3766 1018 obsistere.

2177 1043 2448 1112 Siquidem
2471 1044 2596 1098 alibi
2637 1059 2850 1113 quoque
2878 1047 3006 1100 dicit
3041 1065 3055 1100 :
3087 1047 3233 1102 Sicut
3265 1049 3523 1104 abundant
3560 1055 3768 1123 passio-

2178 1152 2264 1188 nes
2293 1133 2480 1190 Christi
2501 1137 2553 1188 in
2575 1135 2734 1200 nobis,
2762 1137 2834 1189 ita
2862 1145 2908 1190 et
2935 1154 3026 1206 per
3047 1136 3300 1193 Christum
3326 1139 3550 1195 abundat
3575 1159 3766 1197 conso-

2178 1228 2300 1281 latio
2331 1237 2524 1295 nostra,
2556 1237 2610 1282 ut
2639 1245 2730 1282 nos
2755 1230 3008 1298 possimus
3037 1229 3289 1285 consolari
3310 1249 3414 1295 eos,
3436 1237 3522 1302 qui
3542 1235 3596 1288 in
3623 1238 3769 1290 omni

2180 1336 2415 1388 pressura
2440 1328 2578 1385 sunt,
2625 1336 2713 1388 per
2741 1320 3140 1374 exhortationem
3162 1363 3176 1386 ,
3218 1339 3318 1392 qua
3363 1325 3690 1379 exhortamur
3717 1337 3769 1380 et

2177 1412 2276 1480 ipsi
2304 1427 2336 1463 a
2368 1409 2472 1464 Deo
2496 1409 2570 1479 (ἓ.
2603 1408 2721 1465 Cor.
2751 1411 2800 1464 i.
2834 1412 2887 1466 5.
2916 1412 2992 1482 4).
3022 1411 3202 1481 Itaque
3239 1414 3284 1468 is
3311 1415 3472 1469 etiam
3503 1416 3590 1485 qui
3622 1417 3769 1472 hunc

2177 1502 2484 1557 consolatus
2505 1513 2609 1568 est,
2638 1503 2750 1573 ipse
2772 1505 2968 1572 estqui
3011 1505 3356 1560 tentationem
3398 1509 3638 1576 permisit
3677 1511 3765 1562 in-

2177 1595 2324 1650 ferri.
2361 1595 2490 1650 Vide
2516 1603 2695 1650 autem
2720 1605 2836 1664 post
2856 1597 3184 1652 curationem
3219 1607 3470 1667 quantam
3499 1599 3768 1655 sollicitu-

2177 1686 2357 1740 dinem
2389 1701 2496 1755 pra:
2516 1701 2576 1741 se
2597 1687 2748 1741 ferat.
2783 1685 2965 1756 Neque
2993 1687 3134 1741 enim
3169 1687 3257 1742 illo
3271 1687 3492 1744 dimisso
3515 1692 3762 1758 recessit,

2177 1787 2229 1831 at
2255 1786 2530 1847 postquam
2563 1777 2710 1830 illum
2736 1776 2958 1832 offendit
2986 1777 3036 1830 in
3066 1777 3285 1845 templo,
3308 1780 3406 1845 ait,
3451 1777 3580 1834 Ecce
3603 1797 3766 1836 sanus

2177 1861 2340 1931 factus
2361 1877 2430 1925 es,
2461 1861 2563 1914 noli
2593 1861 2813 1930 amplius
2843 1877 3066 1928 peccare,
3094 1877 3156 1914 ne
3190 1861 3408 1915 deterius
3449 1861 3538 1916 tibi
3569 1862 3771 1934 aliquid

2178 1952 2434 2020 contingat
2465 1949 2646 2024 (Joan.
2676 1952 2729 2006 5.
2766 1950 2876 2021 M).
2903 1951 2959 2006 Si
2988 1952 3129 2006 enim
3159 1951 3297 2020 quod
3323 1951 3447 2008 odio
3468 1969 3764 2024 proseque-

2179 2051 2349 2105 retur,
2381 2041 2555 2112 puniri
2570 2042 2916 2110 permisisset,
2942 2057 3044 2095 non
3067 2051 3117 2096 te
3145 2042 3441 2109 liberasset,
3468 2058 3572 2099 non
3606 2045 3659 2099 in
3677 2047 3767 2100 fu-

2182 2141 2357 2188 turum
2394 2134 2797 2187 communiisset
2829 2150 2842 2186 :
2874 2131 3015 2201 quod
3053 2140 3231 2187 autem
3261 2132 3408 2200 dicit,
3446 2133 3526 2188 Ne
3549 2134 3772 2192 deterius

2181 2224 2271 2278 tibi
2294 2224 2490 2292 aliquid
2508 2224 2783 2295 contingat,
2814 2223 3007 2278 indicat
3028 2238 3150 2279 eum
3180 2222 3368 2278 futuris
3389 2225 3770 2280 malisobviam

2183 2315 2284 2369 ire.
2318 2315 2558 2370 Morbum
2589 2315 2816 2385 depulit,
2851 2324 2905 2370 et
2928 2329 3180 2385 angorem
3213 2329 3319 2369 non
3341 2314 3582 2387 depulit:
3611 2320 3772 2390 διιειὶ-

2184 2405 2419 2460 tudinem
2450 2406 2646 2475 abegit,
2674 2414 2728 2460 et
2753 2415 2951 2462 metum
2998 2421 3105 2460 non
3145 2405 3344 2476 abegit,
3389 2415 3446 2461 ut
3489 2407 3772 2464 immotum

2183 2506 2396 2553 maneat
2439 2497 2757 2553 beneficium
2805 2498 2946 2568 quod
2974 2505 3059 2552 est
3086 2497 3356 2551 collatum.
3404 2497 3516 2553 Hoc
3561 2501 3770 2569 providi

2183 2597 2266 2644 est
2287 2588 2501 2654 medici,
2527 2597 2583 2643 ut
2613 2603 2720 2644 non
2750 2589 3030 2657 praesentia
3079 2596 3282 2646 tantum
3330 2593 3467 2647 mala
3492 2592 3725 2662 depellat
3751 2635 3768 2660 ,

2183 2683 2278 2738 sed
2307 2692 2361 2739 et
2379 2682 2601 2738 adversa
2624 2683 2798 2738 futura
2823 2694 3120 2754 prtecaveat
3149 2704 3162 2740 :
3191 2687 3332 2756 quod
3355 2687 3532 2756 utique
3552 2685 3681 2740 fecit
3710 2694 3769 2739 et

2185 2775 2450 2840 Christus,
2478 2775 2604 2830 dum
2633 2777 3021 2844 prazteritorum
3053 2779 3310 2833 memoria
3344 2778 3511 2848 ipsius
3535 2776 3770 2831 animam

2186 2865 2539 2921 confirmavit.
2582 2866 2712 2920 Nam
2740 2868 2991 2936 quoniam
3029 2867 3118 2923 ubi
3161 2870 3602 2940 praeterierintea
3648 2883 3772 2938 qua:

2187 2956 2340 3011 nobis
2367 2957 2665 3012 molestiam
2693 2959 3046 3024 exhibebant,
3076 2959 3233 3014 simul
3277 2976 3463 3016 eorum
3510 2959 3771 3014 memoria

2187 3061 2330 3115 smpe
2357 3047 2628 3114 dilabitur,
2654 3050 2793 3119 quod
2824 3050 2991 3118 ipsam
3021 3060 3330 3120 perpetuam
3355 3051 3485 3106 velit
3510 3063 3731 3104 manere
3752 3091 3768 3112 ,

2191 3141 2333 3205 Noli,
2361 3140 2548 3210 inquit,
2597 3141 2817 3212 amplius
2859 3158 3084 3212 peccare,
3121 3159 3184 3197 ne
3223 3142 3439 3198 deterius
3463 3142 3550 3195 tibi
3577 3141 3774 3211 aliquid

2188 3235 2466 3303 contingat.

2259 3325 2311 3379 5.
2343 3325 2523 3394 Neque
2559 3339 2685 3379 vero
2723 3340 2790 3380 ex
2821 3323 2923 3380 hoc
2955 3326 3126 3381 solum
3157 3325 3543 3396 providentiam
3569 3324 3687 3394 ejus
3712 3334 3770 3380 et

2191 3417 2490 3486 anpiitatem
2514 3415 2636 3471 licet
2665 3416 2875 3481 intueri,
2906 3416 3000 3472 sed
3027 3417 3238 3486 exipsa,
3257 3432 3373 3487 quae
3400 3417 3608 3472 videtur
3627 3430 3772 3483 esse,

2193 3505 2576 3576 increpatione.
2608 3505 2738 3561 Nam
2765 3515 2976 3577 peccata
3000 3507 3215 3577 quidem
3241 3509 3356 3577 ejus
3384 3521 3489 3562 non
3522 3507 3771 3576 propala-

2191 3599 2266 3650 vit
2297 3639 2312 3662 ,
2353 3597 2447 3652 sed
2474 3613 2595 3651 eum
2628 3608 2842 3667 propter
2869 3608 3083 3666 peccata
3120 3613 3331 3668 passum
3363 3611 3482 3653 esse
3505 3611 3624 3667 quae
3649 3611 3773 3667 pas-

2192 3703 2284 3742 sus
2333 3698 2414 3742 est
2447 3729 2460 3752 ,
2506 3687 2787 3742 indicavit:
2819 3704 2936 3758 qua:
2975 3704 3103 3743 vero
3132 3695 3318 3743 essent
3354 3699 3568 3758 peccata
3601 3729 3618 3755 ,
3665 3705 3774 3744 non

2195 3779 2474 3835 indicavit:
2507 3795 2678 3850 neque
2705 3780 2854 3844 dixit,
2876 3780 2984 3836 Hoc
3011 3791 3064 3835 et
3084 3781 3212 3835 illud
3243 3782 3468 3851 peccasti
3495 3822 3512 3846 ,
3553 3796 3726 3850 neque
3754 3821 3770 3843 ,

2195 3871 2252 3924 In
2295 3873 2394 3925 hoc
2421 3880 2476 3926 et
2518 3872 2569 3925 in
2614 3871 2704 3925 illo
2748 3871 3015 3941 dellquisti
3043 3913 3060 3938 ,
3097 3871 3191 3926 sed
3221 3887 3326 3927 uno
3355 3871 3580 3942 simplici
3611 3873 3775 3927 verbo

2195 3963 2245 4017 id
2273 3964 2579 4032 exprimens
2601 4003 2618 4030 ,
2663 3961 2789 4018 Noli
2829 3964 3048 4034 amplius
3071 3980 3276 4034 peccare
3298 4004 3312 4029 ,
3349 3973 3659 4033 tantumque
3688 3964 3773 4018 di-

2193 4069 2322 4110 cens
2353 4095 2369 4120 ,
2401 4055 2541 4125 quod
2562 4055 2628 4110 ad
2656 4071 2776 4110 eum
2803 4056 3196 4110 admonendum
3229 4055 3584 4111 necessarium
3608 4065 3720 4110 erat
3753 4095 3770 4120 ,

2195 4145 2584 4215 diligentiorem
2631 4146 2776 4200 illum
2831 4145 3062 4200 reddidit
3108 4145 3163 4200 in
3212 4145 3444 4199 futurum
3471 4185 3487 4211 ,
3531 4154 3584 4199 et
3612 4144 3777 4215 ipsius

2197 4239 2523 4308 patientiam,
2553 4238 2911 4293 fortitudinem
2931 4280 2944 4304 ,
2978 4253 3042 4293 ac
3064 4238 3452 4308 phi|050phiam
3480 4236 3635 4291 nobis
3659 4252 3775 4291 om-

2196 4345 2316 4384 nem
2348 4329 2627 4398 patefecit,
2673 4344 2792 4384 cum
2833 4327 2907 4382 illi
2937 4330 3306 4384 necessitatem
3338 4327 3588 4398 imposuit
3610 4336 3772 4381 totam

2195 4420 2549 4475 calamitatem
2576 4435 2724 4475 suam
2753 4419 3058 4490 quiritando
3084 4418 3388 4488 divulgandi
3409 4459 3422 4479 ,
3450 4433 3513 4472 ac
3541 4417 3771 4471 studium

2198 4528 2350 4568 suum
2385 4512 2696 4568 ostendendi
2725 4534 2737 4568 :
2764 4511 2896 4566 Dum
2920 4513 3061 4566 venio
3083 4512 3216 4564 enim
3250 4527 3340 4581 ego
3359 4552 3373 4575 ,
3405 4509 3536 4563 alius
3563 4518 3679 4561 ante
3702 4524 3778 4560 me

2196 4605 2450 4660 descendit
2475 4605 2496 4677 (
2521 4604 2676 4658 Joan.
2708 4605 2760 4660 5.
2787 4605 2819 4658 7
2847 4603 2900 4675 );
2928 4611 3138 4674 peccata
3170 4617 3296 4656 vero
3330 4617 3434 4655 non
3463 4598 3774 4670 propalavit.

2197 4698 2343 4753 Sicut
2367 4699 2507 4754 enim
2535 4713 2631 4752 nos
2660 4697 2911 4766 obtegere
2935 4705 3115 4750 nostra
3145 4694 3388 4748 volumus
3415 4734 3429 4758 ,
3453 4691 3530 4745 sic
3558 4700 3613 4745 et
3641 4690 3776 4744 Dens

2197 4791 2364 4845 multo
2411 4791 2578 4860 magis
2624 4803 2782 4858 quam
2818 4802 2916 4842 nos
2939 4801 3128 4858 :quam
3158 4784 3229 4839 ob
3261 4797 3476 4841 causam
3516 4792 3570 4836 et
3597 4795 3776 4837 coram

2197 4882 2442 4938 omnibus
2481 4879 2799 4934 medicinam
2847 4878 3006 4943 fecit,
3036 4873 3458 4930 adhortationem
3506 4880 3682 4924 autem
3725 4879 3779 4924 et

2198 4978 2477 5031 consilium
2503 4974 2746 5046 privatim
2777 4972 3012 5026 adhibet.
3069 4969 3370 5039 Numquam
3399 4965 3540 5020 enim
3569 4965 3778 5034 evulgat

2200 5077 2413 5138 peccata
2445 5076 2649 5130 nostra,
2677 5065 2775 5119 nisi
2804 5063 2940 5118 forte
2967 5062 3012 5116 si
3039 5061 3250 5132 quando
3273 5075 3371 5114 nos
3404 5057 3596 5112 viderit
3622 5057 3768 5111 nullo

2197 5175 2380 5213 eorum
2437 5171 2595 5212 sensu
2636 5155 2796 5212 afﬁci.
2850 5153 2978 5209 Nam
3029 5162 3084 5208 et
3125 5167 3244 5207 cum
3276 5150 3437 5206 dicit:
3469 5147 3780 5202 Esurientem

2199 5268 2276 5305 me
2304 5252 2518 5314 vidistis,
2551 5261 2596 5303 et
2624 5265 2725 5303 non
2752 5248 2984 5311 aluistis,
3013 5256 3059 5298 et
3085 5244 3353 5308 sitientem,
3382 5251 3542 5295 etnon
3567 5239 3777 5308 putastis

2202 5343 2410 5414 (.llatth.
2429 5343 2518 5397 23.
2543 5341 2636 5410 l2)
2657 5383 2670 5405 ,
2704 5349 2982 5409 propterea
3010 5337 3139 5390 dicit
3165 5335 3215 5388 in
3245 5332 3490 5401 prmsenti
3517 5341 3779 5399 tempore,

2203 5451 2268 5489 ne
2299 5433 2434 5489 forte
2481 5434 2532 5486 in
2574 5431 2751 5486 futuro
2797 5429 2961 5484 verba
3004 5431 3118 5481 haec
3157 5425 3455 5480 audiamus.
3509 5421 3735 5477 Minatur
3765 5462 3780 5485 ,

2201 5527 2412 5597 cvulgat
2459 5525 2511 5578 in
2544 5524 2640 5577 hac
2671 5523 2774 5575 vita
2811 5564 2823 5584 ,
2855 5537 2921 5576 ne
2945 5521 2998 5574 in
3029 5519 3118 5573 illa
3149 5519 3358 5586 evulget
3389 5557 3404 5582 ,
3433 5513 3785 5585 quemadmo.

2202 5620 2327 5673 dum
2357 5629 2411 5674 et
2431 5617 2778 5673 Ninivitarum
2802 5616 3068 5670 civitatem
3098 5629 3156 5668 se
3192 5614 3424 5667 minatus
3453 5620 3532 5666 est
3561 5625 3786 5665 eversa-

2204 5726 2341 5774 rum,
2373 5720 2429 5764 ut
2450 5726 2553 5764 non
2576 5718 2858 5764 everteret.
2904 5707 2958 5762 Si
2987 5708 3128 5762 enim
3160 5716 3375 5776 peccata
3412 5705 3572 5762 vellet
3599 5711 3782 5758 nostra

2208 5801 2472 5868 publicare
2497 5842 2510 5868 ,
2541 5814 2871 5869 nequaquam
2895 5814 2952 5854 se
2981 5796 3373 5869 publicaturum
3414 5792 3738 5866 praedixisset
3768 5808 3781 5854 ;
