4106 6424
472 334 535 391 Ei
1389 340 1454 396 IN
1491 343 1906 400 PARALYTH‘A
1940 343 1988 397 Μ
2027 344 2029 353 ⁴

2132 342 2375 429 ιιιεευιι
2413 346 2546 404 PER
2586 349 2890 408 meum.
3656 363 3729 418 εει

467 453 592 507 ἐπεὶ
611 452 705 507 καὶ
724 452 882 508 τοῦτο
899 454 1216 527 εὐεργεσίας
1237 457 1381 512 ἐστὶν
1407 455 1566 524 εἶδος.
1589 462 1699 516 Καὶ
1727 462 1837 534 γὰρ
1871 461 2053 533 ἰατρὸς

467 543 567 614 οὐχ
594 546 722 600 ὅταν
754 545 905 619 λούῃ,
934 549 1028 602 καὶ
1054 550 1247 623 τρέφῃ,
1272 551 1365 603 καί
1392 554 1471 615 εἰς
1498 552 1856 623 παραδείσους
1881 554 2051 626 ἐξάγῃ

465 635 560 691 τὸν
588 637 865 708 κάμνοντα
898 640 1078 710 μόνον,
1113 640 1226 694 ἀλλ’
1257 642 1384 695 ὅταν
1416 643 1512 697 καί⁸
1545 643 1696 715 καίῃ,
1730 644 1825 697 καὶ
1853 644 2045 717 τέμνῃ.

464 727 669 799 ὁμοίως
710 731 861 784 ἐστὶν
893 731 1106 803 ἰατρόςη
1139 733 1233 786 καὶ
1262 732 1447 804 πατὴρ
1480 731 1579 803 οὑχ
1611 735 1739 787 ὅταν
1773 733 2048 805 θεραπεύῃ

461 821 558 874 τὸν
604 820 718 876 υἱὸν
767 822 946 892 μόνον,
973 822 1110 878 ἀλλά
1146 826 1240 878 καὶ
1270 825 1400 880 ὅταν
1423 824 1660 898 ἐκϐάλλῃ
1705 825 1804 895 τῆς
1849 827 2045 894 οἰκίας,

464 914 561 967 καὶ
596 914 725 967 ὅταν
763 914 1014 987 ἐπιτιμᾷ,
1050 916 1143 969 καὶ
1174 917 1430 991 μαστίζῃ,
1461 918 1664 988 ὁμοίως
1694 918 1813 971 ἐστὶ
1845 918 2045 990 πατὴρ,

465 1006 561 1058 καὶ
603 1006 702 1076 οὐχ
739 1000 927 1078 ἦττον,
957 1007 989 1078 ἢ
1023 1009 1152 1061 ὅταν
1183 1010 1397 1079 ἐπαινῇ.
1426 1007 1597 1072 Εἰδὼς
1622 1010 1800 1063 τοίνυν
1833 1010 1915 1064 ὅτι
1955 1011 2049 1064 καί¹

466 1097 667 1168 ἰατρῶν
696 1096 951 1151 ἀπάντων
982 1097 1461 1169 φιλοστοργότερος
1485 1101 1513 1152 6
1537 1099 1690 1163 Θεὸς,
1722 1099 1795 1170 μὴ
1824 1116 2046 1172 περιερ-

462 1188 655 1256 γάζου,
685 1188 819 1259 μηδὲ
847 1190 1072 1243 ἀπαίτει
1100 1190 1199 1254 τὰς
1228 1190 1459 1254 εὐθύνας
1477 1189 1639 1244 αὑτὸν
1659 1191 1756 1261 τῆς
1785 1190 2046 1263 ἰατρείας,

459 1282 580 1335 ἀλλ’
605 1281 672 1336 ἀν
714 1299 774 1335 τε
829 1282 1034 1336 ἀνεῖναι
1088 1282 1367 1353 βούληται,
1411 1284 1477 1339 ἀν
1531 1300 1592 1337 τε
1643 1283 1868 1355 κολάζῃ,
1913 1284 2049 1355 πρὸς

461 1372 702 1441 ἑκάτερα
752 1371 954 1441 ὁμοίως
1003 1372 1338 1444 παρέχωμεν
1379 1372 1637 1437 ἑαυτούς’
1677 1374 1743 1427 δι’
1771 1373 2047 1443 ἑκατέρων

459 1466 573 1538 γὰρ
622 1467 755 1539 πρὸς
793 1466 981 1535 ὑγείαν
1012 1467 1161 1537 ἡμᾶς
1191 1466 1475 1533 ἐπανάγει,
1521 1464 1616 1518 καί
1649 1464 1783 1537 πρὸς
1825 1464 1925 1536 τὴν
1968 1466 2048 1517 ol-

460 1560 680 1613 κείωσιν
710 1559 810 1629 τὴν
839 1557 1056 1621 ἐαυτοῦ,
1085 1559 1181 1612 καὶ
1205 1554 1344 1612 οἶδεν
1369 1551 1443 1611 ὧν
1468 1556 1696 1621 ἕκαστος
1725 1556 1914 1627 χρείαν
1935 1555 2046 1626 έχο-

462 1667 587 1721 μεν,
615 1651 709 1704 καὶ
740 1650 793 1704 τί
824 1649 1102 1720 συμφέρον
1132 1648 1369 1719 ἐκάστῳ,
1404 1646 1501 1702 καὶ
1534 1646 1651 1712 πῶς
1676 1647 1772 1701 καὶ
1797 1647 1904 1701 τίνι
1928 1647 2046 1716 τρό-

458 1759 548 1813 πῳ
595 1742 832 1813 σωθῆναι
882 1741 981 1807 δεῖ,
1024 1740 1119 1794 καί⁵
1168 1739 1374 1809 ταύτην
1421 1740 1569 1810 ἡμᾶς
1612 1738 1734 1807 ἄγει
1760 1736 1857 1809 τὴν
1900 1737 2039 1792 ὁδόν.

472 1833 765 1904 Ἐπώμεθα
794 1831 973 1887 τοίνυν
1000 1825 1162 1903 οἷπερ
1199 1830 1266 1885 ἂν
1298 1830 1462 1895 0616;
1492 1829 1711 1902 κελεύῃ,
1746 1830 1840 1885 καὶ
1875 1829 2042 1901 μηδὲν

456 1921 961 1994 ἀκριϐολογώμεθα,
995 1920 1107 1975 εἴτε
1145 1921 1237 1976 διὰ
1289 1920 1480 1992 ῥᾳδίας
1517 1920 1612 1975 καί
1659 1920 1903 1987 εὐκόλου,
1931 1921 2042 1974 εἴτε

454 2013 545 2067 διά
574 2013 817 2084 χαλεπῆς
850 2013 945 2067 καί
982 2013 1320 2085 τραχυτέρας
1364 2011 1486 2066 όδοῦ
1525 2011 1759 2083 βαδίζειν
1788 2012 1999 2066 κελεύοι
2022 2027 2038 2044 ο

446 2106 645 2181 ⁸ὥσπερ
687 2102 780 2160 οὖν
819 2104 913 2159 καὶ
946 2105 1041 2159 τὸν
1080 2104 1390 2176 παράλυτον
1435 2104 1751 2159 τοῦτον.Ἒν
1802 2104 1901 2175 μὲν
1945 2098 2039 2159 οὖν

451 2197 613 2253 τοῦτο
643 2196 958 2269 εὐεργεσίας
989 2193 1128 2261 εῖδος
1160 2193 1229 2270 ἦν
1252 2197 1313 2251 16
1342 2196 1520 2268 χρόνῳ
1546 2194 1788 2266 τοσούτῳ
1814 2196 1913 2267 τὴν
1935 2196 2039 2266 ψυ-

451 2290 557 2362 χὴν
574 2289 737 2343 αὐτοῦ
763 2289 1063 2362 καθαίρειν,
1088 2289 1276 2360 ὥσπερ
1302 2290 1656 2362 χωνευτηρίῳ
1676 2291 1785 2343 τινὶ
1813 2291 1880 2361 τῇ
1907 2306 2037 2360 πυρ-

449 2378 584 2432 ώσει
633 2379 742 2432 τῶν
790 2377 1113 2450 πειρασμῶν
1160 2378 1329 2449 αὐτὴν
1381 2377 1728 2449 παραδόνταο
1756 2377 1944 2450 ἓτερον
1976 2377 2033 2431 δὲ

448 2470 551 2524 οὐκ
579 2468 798 2525 ἔλαττον
838 2462 1051 2535 τούτου,
1084 2468 1147 2522 16
1175 2469 1270 2523 καὶ
1321 2470 1380 2523 ἐν
1420 2470 1602 2534 αὐτοῖς
1632 2471 1887 2541 παρεῖναι
1922 2471 2033 2533 τοῖς

451 2563 798 2634 πειρασμοῖς,
824 2561 921 2616 καὶ
945 2559 1146 2632 πολλὴν
1183 2558 1333 2630 αὐτῷ
1363 2559 1625 2631 παρέχειν
1651 2559 1749 2631 τὴν
1777 2576 2033 2630 παραμυ-

448 2655 594 2709 θίαν.
623 2653 795 2717 Αὐτὸς
825 2648 895 2725 ἦν
922 2655 950 2705 6
978 2651 1289 2723 διακρατῶν
1332 2650 1491 2705 αὑτὸν
1521 2650 1616 2705 καὶ
1649 2651 1906 2721 συνέχων,
1938 2650 2031 2704 καὶ

446 2747 609 2817 χεῖρα
632 2744 860 2815 ὀρέγων,
893 2744 988 2798 καὶ
1032 2743 1135 2797 οὐκ
1185 2743 1367 2811 ἀφιεὶς
1414 2743 1938 2797 καταπεσεῖν.”Οταν
1971 2741 2029 2795 δέ

447 2834 687 2907 ἀκούσῃς
710 2836 791 2888 ὅτι
815 2834 976 2897 αὐτὸς
995 2829 1085 2905 ἦν,
1109 2832 1183 2904 μὴ
1206 2834 1590 2905 ἀποστερήσῃς
1609 2831 1715 2886 τῶν
1738 2832 2030 2904 ἐγκωμίων

443 2924 540 2979 τὸν
573 2923 898 2998 παράλυτον,
930 2927 1067 2996 μήτε
1086 2926 1310 2992 ἐκεῖνον,
1339 2926 1475 2996 μήτε
1502 2923 1662 2978 ἀλλον
1686 2924 1808 2979 τινά
1832 2941 2026 2996 πειρα-

447 3016 673 3088 ζόμενον
699 3015 981 3087 ἄνθρωπον
1014 3017 1108 3070 καὶ
1137 3016 1527 3087 καρτεροῦντα.
1553 3015 1672 3070 Κάν
1696 3015 1804 3086 γὰρ
1832 3017 2028 3088 μυριά-

444 3123 536 3171 κις
560 3107 953 3179 φιλοσοφῶμεν,
989 3107 1091 3162 κᾶν
1122 3108 1377 3162 ἁπάντων
1395 3102 1547 3178 ὦμεν
1576 3109 1912 3180 ἰσχυρότεροι
1934 3109 2026 3161 καὶ

443 3194 819 3268 δυνατώτεροι,
864 3198 963 3267 τῆς
1009 3198 1137 3269 παρ’
1165 3196 1329 3250 αὑτοῦ
1376 3199 1549 3268 ῥοπῆς
1582 3198 1862 3271 ἀπούσης,
1906 3198 2027 3253 οὐδὲ

446 3287 584 3359 πρὸς
611 3288 703 3341 τὸν
728 3289 959 3360 τυχόντα
980 3290 1297 3360 ἀντιστῆναι
1323 3289 1667 3361 δυνησόμεθα
1698 3290 2026 3362 πειρασμόν.

444 3380 556 3434 Καὶ
577 3379 630 3432 τί
663 3378 805 3449 λέγω
827 3381 956 3453 περί
974 3384 1006 3453 ἡ
1016 3380 1132 3451 μῶν
1160 3380 1267 3434 τῶν
1295 3380 1529 3435 εὐτελῶν
1557 3382 1651 3435 καὶ
1675 3381 2025 3455 ἀπερῥιμμέ-

441 3487 577 3538 νων;
611 3471 731 3526 Κᾶν
763 3470 871 3541 γὰρ
905 3470 1114 3534 Παῦλός
1142 3488 1225 3535 τις
1246 3466 1300 3544 ᾗ,
1320 3472 1413 3525 καὶ
1438 3471 1663 3542 Πέτρος,
1695 3470 1798 3525 κᾶν
1840 3472 2021 3525 ἰάκωο

440 3563 558 3628 δος,
591 3562 694 3617 κᾶν
733 3564 1005 3636 Ἰωάννης,
1037 3563 1137 3635 τῆς
1183 3563 1389 3618 ἀνωθεν
1425 3562 1675 3634 βοηθείας
1718 3563 2022 3635 ἀποστερη-

440 3655 559 3719 θείς
587 3655 864 3727 ἐλέγχεται
891 3657 1105 3729 ῥᾳδίως,
1135 3656 1231 3710 καὶ
1262 3653 1695 3719 ὑποσκελίζεται,
1726 3654 1820 3709 καὶ
1848 3671 2020 3708 κατα-

439 3747 649 3803 πίπτει.
696 3750 807 3803 Καὶ
837 3749 978 3821 ὑπὲρ
1003 3748 1208 3803 τούτων
1237 3746 1402 3801 06106
1434 3746 1527 3801 106
1568 3744 1803 3818 Χριστοῦ
1835 3747 2018 3817 φωνὴν

438 3839 569 3909 ὑμῖν
597 3839 1018 3910 ἀναγνώσομαι·
1077 3838 1156 3911 τῷ
1202 3838 1313 3910 γὰρ
1345 3838 1540 3909 Πέτρῳ
1568 3836 1761 3908 φησίν·
1808 3836 1954 3890 Ἰδοὺ
1985 3839 2019 3890 ό

435 3930 709 3998 Σατανᾶς
739 3931 1030 4002 ᾐτήσατο,
1062 3932 1165 3987 ἵνα
1210 3929 1462 4000 σινιάσῃ
1493 3929 1649 4000 ὑμᾶς
1675 3932 1756 3997 ὡς
1787 3930 1894 4011 τὸν
1923 3929 2017 3984 σῖ-

435 4038 573 4077 τοι·⁹
614 4021 774 4093 κάγὼ
814 4021 1069 4091 ἐδεήθην
1104 4022 1239 4091 περὶ
1266 4022 1403 4089 σοῦ,
1450 4024 1551 4079 ἵνα
1585 4022 1672 4093 μὴ
1718 4023 1938 4092 ἐκλίπῃ
1972 4022 2011 4091 ἡ

432 4118 637 4184 πίστις
661 4132 798 4171 σου.
836 4117 903 4171 Τί
938 4119 1076 4184 ἐστι,
1106 4116 1376 4181 σινιάσαι;
1424 4116 1698 4185 ’Δγαγεῖν,
1743 4132 2013 4188 περιαγα-

430 4211 570 4278 γεῖν,
605 4205 886 4273 σαλεῦσαι,
908 4208 1148 4279 κινῆσαι,
1175 4206 1513 4279 διαδονῆσαι,
1545 4206 1851 4277 βασανίσαι,
1875 4206 2012 4278 ὅπερ

428 4301 526 4355 ἐπὶ
574 4299 682 4353 τῶν
736 4298 1190 4371 κοσκινιζομένων
1237 4300 1479 4369 γίνεται·
1514 4298 1629 4352 ἀλλ’
1656 4297 1787 4368 ἐγὼ,
1822 4299 2007 4370 φησὶν,

428 4390 684 4462 ἐπέσχον,
712 4390 866 4454 είδὼς
893 4392 976 4444 611
1004 4390 1097 4444 16v
1124 4390 1429 4462 πειρασμὸν
1459 4390 1702 4459 ἐνεγκεῖν
1743 4390 1805 4443 06
1846 4389 2008 4444 δύνα-

430 4481 525 4535 σθε
544 4498 560 4514 ο
588 4482 652 4535 16
687 4483 798 4553 γὰρ
827 4482 1029 4535 εἰπεῖν’
1064 4481 1189 4536 Ἵνα
1208 4479 1295 4550 μὴ
1329 4480 1554 4549 ἐκλίπῃ
1578 4481 1616 4549 ὴ
1643 4481 1847 4548 πίστις
1867 4495 2006 4545 σου,

424 4570 716 4645 δηλοῦντός
760 4573 930 4638 ἐστιν,
974 4573 1057 4626 ὅτι
1108 4573 1157 4625 εἰ
1210 4571 1605 4644 συνεχώρησεν,
1653 4572 1896 4640 ἐξέλιπεν
1941 4572 2008 4627 ἂν

425 4662 593 4718 06106
617 4667 650 4735 ή
679 4665 882 4729 πίστις.
912 4665 975 4719 Εἰ
1015 4665 1074 4718 δὲ
1119 4664 1325 4736 Πέτρος
1361 4664 1390 4716 6
1422 4664 1624 4738 θερμὸς
1651 4664 1886 4738 ἐραστὴς
1912 4666 2005 4720 τοῦ

424 4755 661 4828 Χριστοῦ
701 4755 797 4810 καὶ
832 4755 929 4826 τὴν
971 4754 1151 4829 ψυχὴν
1199 4755 1340 4827 ὑπὲρ
1368 4755 1533 4810 αὐτοῦ
1583 4757 1837 4828 μυριάκις
1883 4758 2007 4811 ἐπιο

420 4846 568 4912 δοὺς,
595 4849 691 4903 καὶ
733 4848 1027 4920 προπηδῶν
1073 4848 1161 4903 ἀεὶ
1191 4847 1289 4902 τοῦ
1318 4846 1479 4919 χοροῦ
1520 4848 1630 4901 τῶν
1667 4849 2001 4915 ἀποστόλων,

2160 460 2304 529 ἡμᾶς
2332 463 2424 515 καὶ
2463 466 2798 536 συγκροτῶν,
2830 467 2957 521 ὅταν
2985 469 3145 539 ἡμεῖς
3174 469 3438 541 πρότερον
3479 473 3547 527 τὰ
3598 479 3728 549 παρ’

2153 553 2362 608 ἑαυτῶν
2405 558 2826 629 είσενέγκωμεν,
2868 556 2979 615 οἷον
3022 564 3352 636 προθυμίαν,
3399 570 3586 625 ἐλπίδα
3632 574 3730 644 τὴν

2152 645 2233 707 εἰς
2278 646 2459 708 αὐτὸν,
2497 649 2866 722 εὐχαριστίαν,
2899 654 3212 725 καρτερίαν,
3247 656 3546 732 ὑπομονήν.
3587 662 3727 715 Οὔτε

2152 735 2259 805 γὰρ
2292 734 2451 806 μόνον
2479 739 2536 791 ἐν
2569 742 2678 803 τοῖς
2712 741 2853 812 ὑπὲρ
2884 741 3114 813 δύναμιν
3149 744 3431 813 κινδύνοις,
3462 749 3598 803 ἀλλά
3632 754 3732 806 καὶ

2152 827 2210 879 ἐν
2254 829 2435 893 αὐτοῖς
2479 832 2590 895 τοῖς
2639 832 2781 887 κατά
2823 833 3052 906 δύναμιν
3093 836 3192 908 τῆς
3246 839 3451 894 ἄνωθεν
3498 841 3732 914 δεόμεθα

2152 916 2423 988 βοηθείας,
2456 923 2504 975 εἰ
2538 922 2825 994 μέλλοιμεν
2866 925 3088 981 ἑστάναι
3119 929 3381 997 γενναίως
3401 948 3414 962 ·
3446 935 3540 987 καί⁸
3568 935 3731 989 ἀλλα-

2150 1010 2245 1080 χοῦ
2293 1012 2401 1084 γάρ
2444 1031 2576 1086 φησι
2595 1032 2609 1045 '
2661 1017 2866 1083 Καθὼς
2913 1023 3260 1088 περισσεύει
3302 1024 3375 1078 τὰ
3411 1024 3730 1097 παθήματα

2148 1099 2406 1167 Χριστοῦ
2433 1105 2522 1169 εἰς
2563 1102 2738 1173 ἡμᾶς,
2782 1106 2935 1161 οὕτω
2983 1107 3079 1163 διὰ
3103 1111 3210 1166 τοῦ
3241 1114 3493 1181 Χριστοῦ
3519 1132 3726 1185 περισ-

2149 1191 2316 1245 σεύει
2356 1193 2456 1246 καὶ
2502 1195 2539 1262 ἡ
2586 1194 2967 1266 παράκλησις
2998 1199 3190 1269 ἡμῶν,
3216 1204 3304 1269 εὶς
3328 1204 3396 1257 τὸ
3430 1206 3728 1264 δύνασθαι

2147 1280 2306 1351 ἡμᾶς
2350 1285 2724 1353 παρακαλεῖν
2768 1288 2913 1355 τοὺς
2958 1289 3028 1343 ἐν
3066 1289 3232 1362 πάσῃ
3261 1294 3464 1363 θλίψει
3494 1296 3592 1351 διὰ
3617 1298 3727 1367 τῆς

2148 1371 2603 1440 παρακλήσεως,
2628 1368 2704 1445 ἧς
2730 1379 3231 1448 παρακαλούμεθα
3258 1382 3426 1434 αὐτοί
3462 1382 3580 1436 ὑπὸ
3619 1384 3727 1438 τοῦ

2151 1458 2491 1513 Θεοῦ.Ὥστε
2522 1462 2616 1516 καί
2643 1464 2671 1516 ό
2694 1462 2882 1518 τοῦτον
2912 1466 3305 1536 παρακαλέσας
3334 1470 3493 1535 αὑτός
3524 1474 3669 1526 ἐστιν
3698 1476 3726 1527 6

2146 1548 2236 1603 τὸν
2271 1553 2572 1623 πειρασμὸν
2599 1556 2960 1627 συγχωρήσας
2990 1558 3515 1633 ἐπενεχθῆναι.”Ορα
3543 1563 3599 1617 δὲ
3631 1566 3724 1618 καί

2148 1641 2286 1711 μετά
2324 1645 2424 1714 τὴν
2460 1643 2756 1717 θεραπείαν
2785 1647 2958 1719 πόσην
2984 1650 3308 1721 κηδεμονίαν
3338 1653 3720 1711 ἐπιδείκνυται.

2145 1723 2221 1777 Οὐ
2247 1723 2357 1797 γὰρ
2379 1726 2537 1795 ἀφεὶς
2566 1729 2727 1784 αὑτὸν
2750 1731 3011 1802 ἀπῆλθεν,
3038 1732 3150 1787 ἀλλ’
3177 1734 3351 1806 εὑρὼν
3374 1738 3536 1794 αὑτὸν
3561 1743 3617 1795 ἐν
3646 1743 3724 1815 τῷ

2148 1814 2278 1888 ἱερῷ
2309 1834 2475 1888 φησιν
2492 1836 2505 1849 °
2528 1819 2649 1875 Ἴδε
2676 1820 2851 1892 ὑγιὴς
2881 1822 3148 1894 γέγονας,
3167 1826 3377 1895 μηκέτι
3400 1814 3719 1901 ἁμάρτανε.

2144 1907 2244 1960 ἵνα
2284 1906 2371 1977 μὴ
2416 1908 2618 1979 χεζοόν
2647 1912 2705 1964 τί
2730 1928 2827 1965 σοι
2853 1911 3110 1983 γένηται.
3138 1917 3199 1971 Εἰ
3225 1920 3333 1991 γὰρ
3383 1922 3557 1991 μισῶν
3600 1942 3723 1980 συν·-

2143 1996 2386 2069 εχώρησε
2413 2000 2509 2072 τὴν
2532 2002 2773 2068 κόλασιν,
2796 2004 2897 2057 οὐκ
2924 2004 2990 2059 ἃν
3019 2005 3350 2078 ἀπήλλαξεν,
3372 2012 3473 2066 οὑκ
3498 2010 3564 2068 ἂν
3587 2014 3721 2087 πρὸς

2140 2087 2202 2141 16
2236 2089 2426 2159 μέλλον
2451 2090 2790 2162 ἠσφαλίσατο
2806 2109 2821 2122 ·
2850 2093 2913 2147 16
2935 2093 2991 2147 δὲ
3023 2094 3201 2166 λέγειν
3220 2114 3234 2128 ο
3266 2098 3392 2154 Ἵνα
3407 2099 3495 2172 μὴ
3517 2103 3722 2172 χεῖρόν

2138 2179 2199 2234 τί
2229 2197 2328 2235 σοι
2366 2181 2631 2253 γένηται,
2656 2183 2725 2237 τὰ
2760 2185 3023 2255 μέλλοντά
3052 2190 3169 2243 ἐστι
3198 2194 3720 2262 προαναστέλλοντος

2136 2270 2513 2330 δεινά.”Ελυσε
2551 2278 2650 2346 τὴν
2679 2277 2852 2345 νόσον,
2884 2280 2979 2333 καί⁸
3006 2281 3107 2334 οὐκ
3133 2280 3289 2336 ἔλυσε
3318 2284 3415 2356 τὴν
3436 2286 3676 2355 ἀγωνίαν
3699 2305 3714 2320 ⁸

2135 2364 2382 2438 ἀπήλασε
2414 2365 2517 2439 τὴν
2540 2368 2872 2441 ἀρρωστίαν,
2905 2371 2998 2425 καὶ
3017 2373 3114 2425 οὐκ
3138 2373 3387 2445 ἀπήλασε
3414 2376 3506 2431 τὸν
3530 2379 3713 2448 φόϐον,

2136 2455 2275 2510 ὥστε
2304 2458 2563 2531 ἀκίνητον
2597 2456 2737 2515 εἶναι
2763 2461 2860 2533 τὴν
2881 2464 3180 2536 γενομένην
3202 2466 3715 2539 εὑεργεσίαν.Τοῦτο

2136 2550 2319 2623 ίατροῦ
2352 2553 2710 2625 κηδεμονικοῦ
2743 2555 2817 2629 μὴ
2842 2557 2911 2610 τά
2935 2558 3176 2629 παρόντα
3195 2559 3343 2615 λύειν
3370 2562 3551 2633 μόνον,
3578 2565 3713 2621 ἀλλὰ

2133 2643 2398 2713 καὶπρὸς
2445 2643 2515 2698 τὰ
2566 2645 2829 2717 μέλλοντα
2874 2647 3300 2717 ἀσφαλίζεσθαι,
3352 2653 3489 2724 ὅπερ
3540 2655 3634 2709 καὶ
3681 2659 3711 2710 6

2132 2733 2368 2804 X91016;
2412 2734 2635 2806 ἐποίησε
2683 2740 2749 2808 τῇ
2796 2739 2983 2809 μνήμῃ
3015 2737 3124 2792 τῶν
3159 2740 3535 2811 παρελθόντων
3583 2763 3712 2817 067-

2131 2824 2341 2896 κροτῶν
2374 2827 2583 2881 ἐκείνου
2614 2827 2711 2899 τὴν
2742 2827 2941 2901 ψυχήν.
2978 2829 3193 2903 Ἐπειδὴ
3229 2831 3337 2904 γὰρ
3369 2833 3710 2890 ἀπελθόντων

2128 2914 2238 2968 τῶν
2282 2915 2591 2971 όδυνώντων
2632 2919 2799 2990 ἡμᾶς,
2834 2918 3233 2991 συναπέρχεται
3280 2922 3374 2975 καὶ
3424 2925 3457 2995 ἡ
3518 2926 3707 2997 μνήμη

2130 3007 2408 3074 πολλάκις,
2440 3009 2760 3080 βουλόμενος
2803 3009 2972 3082 αὐτὴν
3019 3009 3202 3083 μένειν
3254 3012 3495 3086 διηνεκῆ,
3533 3018 3664 3090 φησί
3690 3037 3704 3050 ·

2127 3100 2352 3169 Μηκέτι
2399 3101 2697 3173 ἁμάρτανε
2720 3144 2734 3170 ,
2769 3104 2869 3158 ἵνα
2909 3102 2996 3174 μὴ
3042 3104 3245 3175 χεῖρόν
3290 3107 3350 3161 τί
3388 3123 3489 3164 σοι
3533 3110 3708 3182 γένη-

2126 3209 2240 3246 ται.
3183 3230 3187 3234 .

2196 3284 2268 3354 γ’.
2294 3286 2407 3340 Οὐκ
2425 3285 2534 3340 ἀπὸ
2552 3286 2741 3341 τούτου
2762 3288 2818 3341 δὲ
2841 3290 3003 3362 μόνον
3023 3292 3116 3364 τὴν
3138 3294 3393 3364 πρόνοιαν
3416 3295 3581 3349 06106
3612 3298 3706 3352 καί

2124 3375 2220 3448 τὴν
2247 3378 2551 3434 ἐπιείκειαν
2586 3380 2750 3433 06106
2791 3382 2937 3438 ἔστιν
2986 3383 3133 3452 ἰδεῖν,
3172 3385 3309 3440 ἀλλὰ
3337 3388 3432 3440 καὶ
3468 3387 3577 3442 ἀπὸ
3602 3389 3703 3442 06-

2122 3469 2224 3540 τῆς
2263 3474 2363 3542 τῆς
2397 3470 2659 3543 δοκούσης
2700 3468 2840 3528 εἶναι
2868 3477 3257 3550 ἐπιτιμήσεως.
3283 3479 3418 3534 Οὐδὲ
3460 3479 3569 3551 γὰρ
3617 3480 3703 3548 ἐξα

2122 3560 2468 3632 επόμπευσεν
2494 3564 2660 3618 αὐτοῦ
2689 3564 2757 3619 τὰ
2790 3566 3184 3640 ἁμαρτήματα,
3235 3568 3349 3622 ἀλλ’
3370 3570 3450 3623 ὅτι
3502 3570 3601 3640 μὲν
3631 3570 3702 3625 δι’

2122 3651 2494 3723 ἁμαρτήματα
2532 3653 2755 3720 ἔπαθεν,
2787 3658 2931 3727 ἀπερ
2960 3656 3182 3724 ἔπαθεν,
3220 3654 3370 3713 εἴπεο
3398 3662 3519 3714 τίνα
3547 3661 3604 3715 δὲ
3632 3658 3699 3734 ἦν

2117 3741 2185 3795 τά
2215 3743 2585 3817 ἁμαρτήματα
2628 3746 2730 3800 οὐκ
2780 3747 3216 3821 ἐδήλωσεν,·ούδὲ
3242 3748 3385 3816 εἶπε,
3425 3751 3500 3804 Τὸ
3524 3752 3697 3807 καὶτὸ

2118 3831 2385 3905 ἥμαρτες,
2432 3835 2576 3898 οὐδὲ,
2607 3837 2681 3890 Τὸ
2731 3839 2825 3893 καὶ
2882 3839 2947 3894 16
2973 3839 3426 3913 ἐπλημμέλησας,
3477 3842 3590 3895 ἀλλ’
3620 3842 3699 3897 ἐνὶ

2117 3923 2258 3997 ψιλῷ
2286 3928 2489 3999 ῥήματι
2514 3927 2672 3981 τοῦτο
2698 3928 3071 4001 ἐνδειξάμενος
3094 3931 3173 4002 τῷ
3194 3944 3209 3959 ⁸
3246 3932 3468 4000 Μηκέτι
3513 3932 3697 4002 ἀμάρ-

2116 4034 2282 4082 τανε,
2314 4019 2407 4071 καὶ
2451 4016 2701 4072 τοσοῦτον
2755 4016 2945 4085 εἰπὼν,
2986 4020 3109 4074 ὅσον
3153 4021 3461 4093 ἀναμνῆσαι
3511 4023 3693 4093 μόνον,

2120 4107 2532 4187 σπουδαιότερον
2567 4108 2730 4162 αὑτὸν
2758 4108 2893 4177 πρὸς
2932 4108 2993 4162 16
3031 4108 3223 4181 μέλλον
3254 4111 3567 4182 εἰργάσατο,
3600 4115 3695 4168 καὶ

2114 4201 2213 4272 τὴν
2259 4200 2358 4273 μὲν
2401 4200 2677 4273 ὑπομονὴν
2705 4200 2871 4254 06106
2909 4201 3003 4255 καὶ
3032 4203 3133 4274 τὴν
3165 4203 3420 4276 ἀνδρείαν
3461 4207 3554 4259 καὶ
3593 4207 3692 4279 τὴν

2115 4292 2430 4364 φιλοσοφίαν
2472 4294 2651 4348 πᾶσαν
2678 4293 2843 4366 δήλην
2871 4293 3001 4366 ἡμῖν
3025 4294 3279 4367 ἐποίησεν
3321 4297 3401 4360 είς
3443 4298 3693 4371 ἀνάγκην

2110 4385 2273 4440 αὑτὸν
2302 4386 2648 4457 καταστήσας
2678 4383 2773 4439 τοῦ
2805 4387 2985 4439 πᾶσαν
3008 4387 3420 4458 ἐκτραγῳδῆσαι
3439 4389 3538 4460 τὴν
3559 4408 3693 4462 συμ-

2112 4475 2303 4547 φορὰν,
2342 4477 2436 4531 καὶ
2464 4477 2565 4547 τὴν
2608 4476 2843 4548 σπουδὴν
2886 4476 3288 4547 ἐπιδειξάμενος
3329 4477 3426 4549 τὴν
3457 4480 3685 4534 ἑαυτοῦ⁹

2122 4570 2219 4623 Ἐν
2248 4561 2297 4636 ᾧ
2325 4569 2453 4639 γὰρ,
2486 4569 2670 4640 φησὶν,
2700 4567 2814 4639 ἐγὼ
2857 4568 3121 4638 ἔρχομαι,
3156 4570 3345 4637 ἄλλος
3387 4571 3498 4640 πρὸ
3540 4571 3687 4642 ἐμοῦ

2108 4661 2444 4716 καταϐαίνει
2467 4675 2484 4694 ο
2517 4659 2587 4714 τά
2624 4660 2681 4714 δέ
2724 4660 3095 4732 ἁμαρτήματα
3125 4661 3227 4716 οὐκ
3254 4661 3681 4734 ἐξεπόμπευσεν.

2108 4752 2319 4825 Ὥσπερ
2347 4752 2453 4824 γὰρ
2485 4752 2644 4824 ἡμεῖς
2672 4751 2977 4823 βουλόμεθα
3011 4754 3077 4807 τά
3104 4754 3350 4827 ἡμέτερα
3396 4757 3685 4822 0601110125-

2108 4842 2252 4908 σθαι,
2277 4841 2418 4896 οῦτω
2466 4842 2559 4895 καὶ
2607 4844 2636 4895 6
2683 4841 2817 4905 Θεὸς
2868 4841 3048 4913 πολλῷ
3080 4843 3244 4898 πλέον
3287 4844 3320 4916 ἢ
3370 4847 3559 4917 ἡμεῖς·
3595 4845 3687 4901 διὰ

420 4940 516 4993 καὶ
562 4938 715 5011 παρά
764 4940 856 4993 τοῦ
899 4934 1233 4993 Διδασκάλου
1276 4939 1731 5010 μακαριζόμενος,
1777 4940 1871 4994 καὶ
1913 4939 2002 4996 διὰ
2103 4934 2262 4988 τοῦτο
2288 4932 2386 5006 τήν
2412 4933 2512 5004 μὲν
2542 4933 2837 5006 θεραπείαν
2862 4934 2955 4988 ἐπὶ
2986 4935 3203 4990 πάντων
3240 4937 3553 5009 ἐποιήσατο,
3584 4940 3689 5013 τὴν

421 5027 576 5082 τοῦτο
590 5028 797 5100 Πέτρος
813 5027 1055 5099 κληθεὶς,
1073 5028 1261 5101 ἐπειδὴ
1278 5028 1532 5083 ἄσειστον
1561 5025 1674 5101 εἷχε
1692 5031 1787 5083 καὶ
1805 5032 2000 5103 ἀπερί-

2103 5027 2159 5081 δὲ
2204 5028 2523 5099 παραίνεσιν
2570 5026 2604 5099 ἢ
2656 5026 2756 5099 τὴν
2804 5026 3114 5101 συμϐουλήν
3145 5030 3388 5084 κατιδίαν
3423 5036 3677 5088 ποιεῖται.

415 5137 647 5192 τρεπτον
695 5122 795 5193 τὴν
845 5122 1047 5185 πίστιν,
1076 5121 1279 5193 ἠνέχθη
1325 5121 1392 5175 ἂν
1450 5123 1543 5176 καὶ
1580 5122 1680 5194 τῆς
1705 5123 1998 5193 ὁμολογίας
2100 5118 2366 5172 Οὐδέποτε
2413 5117 2522 5190 γὰρ
2567 5117 2726 5190 ήμῶν
2776 5119 3114 5191 ὲκπομπεύει
3158 5122 3227 5175 τὰ
3272 5123 3677 5194 ἁμαρτήματα,

415 5210 695 5279 ἐξέπεσεν,
719 5214 767 5266 εἰ
793 5211 1171 5284 συνεχώρησεν
1197 5216 1225 5267 6
1251 5212 1484 5285 Χριστος
1513 5213 1591 5286 τῷ
1619 5214 1849 5287 διαϐόλῳ
1878 5231 1995 5270 πει-
2099 5210 2239 5281 πλὴν
2266 5212 2315 5265 εἰ
2346 5211 2421 5282 μή
2451 5227 2579 5264 ποτε
2613 5210 2710 5264 ἴδοι
2739 5210 3083 5284 ἀναισθήτως
3114 5213 3336 5285 ἔχοντας
3362 5214 3498 5287 πρὸς
3515 5216 3675 5271 αὐτά.

415 5303 581 5374 ράσαι
626 5304 750 5358 ὅσον
796 5304 1073 5374 ἠϐούλετο,
1103 5304 1186 5369 τίς
1230 5304 1416 5376 ἕτερος
1464 5304 1658 5374 στῆναι
1705 5290 2011 5379 δυνήσεται
2096 5304 2206 5357 Καὶ
2231 5302 2339 5374 γὰρ
2365 5304 2492 5357 ὅταν
2520 5302 2680 5374 λέγει’
2712 5303 3018 5358 Πεινῶντά
3057 5322 3135 5375 με
3172 5306 3380 5370 εἴδετε,
3415 5307 3511 5358 καὶ
3564 5308 3676 5361 οὐκ

414 5394 581 5465 χωρὶς
605 5394 707 5465 τῆς
739 5394 902 5449 αὑτοῦ
940 5395 1221 5466 βοηθείας;
1252 5395 1350 5450 Διά
1377 5394 1492 5468 [36]
1527 5395 1683 5451 10610
1718 5398 1813 5452 καὶ
1841 5398 1992 5452 Παῦ-
2096 5394 2214 5469 [57]
2243 5394 2533 5464 ἐθρέψατε
2559 5412 2571 5424 ο
2602 5396 2701 5450 καὶ
2737 5395 3027 5466 διψῶντα,
3061 5398 3162 5451 καὶ
3196 5400 3308 5451 οὐκ
3335 5398 3673 5461 ἐποτίσατε,

410 5483 500 5549 λός
544 5502 678 5556 φησι
697 5500 710 5514 ⁸
746 5486 972 5551 Πιστὸς
998 5485 1067 5540 δὲ
1094 5488 1127 5540 ό
1157 5487 1324 5553 Θεὸς,
1355 5487 1422 5555 ὃς
1468 5490 1581 5543 οὐκ
1621 5488 1789 5544 ἐάσει
1836 5489 1992 5561 ὑμᾶς
2091 5486 2178 5540 διὰ
2203 5484 2361 5539 τοῦτο
2379 5484 2524 5554 λέγει
2559 5485 2698 5539 κατά
2719 5487 2808 5539 τὸν
2829 5487 3070 5557 παρόντα
3095 5487 3304 5557 καιρὶν,
3332 5488 3414 5541 ἵνα
3440 5490 3513 5559 μὴ
3536 5491 3675 5549 κατά

409 5578 806 5647 πειρασθῆναι
843 5576 996 5646 ὑπὲρ
1023 5578 1054 5631 ὃ
1086 5577 1371 5642 δύνασθε,
1401 5578 1562 5634 ἀλλὰ
1584 5579 1825 5647 ποιήσει
1868 5582 1992 5636 σὺν
2091 5579 2182 5633 τὸν
2233 5578 2497 5650 μέλλοντα
2566 5575 2770 5630 τούτων
2820 5574 3183 5648 ἀκουσώμεθα
3228 5579 3336 5633 τῶν
3392 5582 3666 5651 ῥημάτων.

409 5666 489 5735 τῷ
520 5668 831 5740 πειρασμῷ
854 5668 952 5723 καί
974 5668 1089 5737 τὴν
1105 5670 1357 5724 ἔκϐασιν
1375 5668 1482 5724 τοῦ
1511 5670 1807 5728 δύνασθαι
1834 5674 1988 5742 ὑμᾶς
2103 5671 2357 5737 Ἀπειλεῖ,
2396 5668 2733 5740 ὲκπομπεύει
2767 5668 3021 5735 ἐνταῦθα,
3045 5669 3133 5724 ἵνα
3191 5671 3265 5744 μὴ
3313 5674 3674 5746 ἐκπομπεύσῃ

408 5761 777 5830 ὑπενεγκεῖν.
810 5762 885 5815 06
923 5761 1084 5830 μόνον
1134 5760 1261 5832 γὰρ,
1309 5762 1461 5832 φησὶ,
1493 5764 1796 5834 πειρασμὸν
1845 5765 1985 5835 ὑπὲρ
2093 5766 2234 5819 ἐκεῖ’
2261 5763 2452 5833 ὥσπερ
2486 5757 2578 5816 οῦν
2605 5761 2698 5815 καὶ
2721 5762 3093 5832 καταστρέψαι
3119 5763 3206 5820 διὰ
3226 5764 3378 5818 τοῦτο
3408 5765 3671 5837 ⁴ᾗπείλησε

406 5853 634 5922 δύναμιν
663 5853 763 5906 οὐκ
791 5852 1017 5922 ἀφίησιν
1052 5853 1425 5924 ἐπενεχθῆναι,
1458 5853 1593 5908 ἀλλὰ
1632 5856 1725 5907 καί
1755 5856 1810 5908 ἐν
1840 5857 1986 5926 αὐτῷ
2092 5854 2191 5924 τὴν
2217 5853 2320 5906 τῶν
2349 5851 2646 5904 Νινευιτῶν
2676 5852 2850 5918 πόλιν,
2870 5853 2957 5907 ἵνα
2979 5854 3053 5926 μὴ
3077 5856 3446 5928 καταστρέψῃ.
3476 5857 3534 5909 Εἰ
3562 5856 3672 5927 γὰρ

410 5942 485 6013 τῷ
532 5940 671 5997 κατὰ
721 5938 952 6010 δύναμιν
1005 5940 1325 6013 ἐπειγομένῳ
1357 5942 1583 6014 πάρεστι
1611 5943 1982 6010 διαϐαστάζων
2092 5946 2348 6017 ἠϐούλετο
2389 5944 2730 6014 δημοσιεύειν
2759 5945 2917 6019 ἡμῶν
2951 5949 3017 6003 τὰ
3051 5950 3436 6023 ἁμαρτήματα,
3466 5951 3564 6005 οὐκ
3602 5948 3675 6004 ἂν
