4106 6478
375 362 447 415 53
1278 364 1342 420 IN
1382 364 1870 422 PARALYTICUM
1915 362 2266 422 DEMISSUM
2307 363 2440 421 PER
2481 364 2788 422 TECTUM.
3611 362 3683 416 54

373 481 481 551 jam
511 495 636 534 vero
659 480 858 535 idcirco
884 480 1139 550 praedicit,
1169 492 1225 537 ut
1253 483 1776 552 publicationisiliius
1801 493 1966 548 metu,

374 575 420 627 si
453 574 627 628 minus
658 573 904 643 supplicii
927 583 1072 628 metu
1089 575 1352 644 castigati,
1372 577 1549 630 omnia
1573 575 1964 646 abstergamus.

378 668 491 722 Hoc
515 675 571 722 et
609 667 663 720 in
706 667 974 735 baptismo
1003 666 1096 722 ﬁt:
1140 667 1404 736 siquidem
1434 668 1501 722 ad
1530 683 1790 737 aquarum
1820 667 1968 721 lava-

370 773 524 813 crum
544 757 813 811 hominem
840 756 1077 819 deducit,
1102 772 1200 812 nec
1215 757 1304 811 ulli
1327 759 1444 825 ejus
1466 767 1680 828 peccata
1701 758 1968 827 patefacit:

373 847 471 902 sed
503 847 704 902 donum
749 846 966 916 quidem
1010 846 1351 903 ntatiifestum
1399 848 1648 903 erunibus
1676 847 1851 903 reddit
1878 856 1973 914 ,ιιι

373 949 599 995 notum:
634 949 851 1008 peccata
881 954 1008 993 vero
1039 948 1240 1008 praeter
1266 955 1326 995 se
1346 949 1400 995 et
1423 941 1622 1010 ipsum,
1654 941 1738 994 cui
1776 940 1972 995 remis-

370 1031 455 1086 sio
485 1030 755 1094 tribuitur,
794 1045 951 1085 nemo
969 1032 1106 1086 alius
1125 1033 1291 1087 novit.
1320 1033 1431 1087 Hoc
1454 1041 1509 1088 et
1535 1033 1586 1086 in
1621 1034 1722 1088 isto
1751 1033 1968 1089 accidit:

371 1121 726 1192 reprehensio
750 1123 968 1177 remotis
995 1123 1210 1178 arbitris
1235 1122 1539 1188 adhibetur,
1566 1123 1673 1178 imo
1702 1139 1831 1179 vero
1866 1139 1970 1177 non

374 1215 724 1284 reprehensio
749 1223 951 1269 tantum
971 1256 986 1279 ,
1015 1215 1109 1271 sed
1131 1225 1184 1271 et
1201 1217 1473 1271 excusatio
1494 1216 1736 1288 quaedam
1760 1227 1841 1272 est
1858 1216 1973 1273 haec

372 1310 550 1362 oratio
573 1351 589 1372 ,
620 1309 774 1379 quasi
801 1309 870 1364 ob
899 1317 1097 1364 tantam
1127 1309 1328 1364 illatam
1353 1309 1696 1364 afﬁictionem
1723 1326 1781 1364 se
1811 1325 1971 1364 excu-

370 1409 540 1465 saret,
572 1401 726 1467 eique
743 1399 970 1466 diceret,
993 1411 1048 1454 et
1073 1400 1397 1471 signiﬁcaret
1424 1417 1528 1456 non
1555 1411 1774 1464 temere,
1800 1417 1973 1470 neque

371 1489 576 1545 frustra
609 1492 927 1560 permissum
950 1507 1069 1546 esse
1090 1533 1104 1556 ,
1137 1500 1194 1546 ut
1221 1493 1334 1562 ipse
1377 1501 1524 1547 tanto
1555 1502 1798 1562 tempore
1832 1492 1972 1547 afﬂi-

370 1592 594 1652 geretur
618 1625 632 1648 ,
663 1591 884 1653 peccata
919 1582 970 1636 in
999 1583 1312 1638 memoriam
1340 1584 1418 1638 illi
1449 1585 1739 1650 revocavit,
1767 1596 1820 1640 et
1846 1600 1972 1640 cau-

371 1687 490 1727 sam
523 1673 731 1742 aperuit
762 1673 1104 1728 inﬁrmitatis.
1131 1674 1257 1729 Cum
1283 1675 1425 1730 enim
1454 1718 1469 1741 ,
1495 1677 1684 1747 inquit,
1709 1676 1974 1731 invenisset

369 1778 489 1815 eum
512 1764 564 1815 in
592 1765 811 1833 templo,
842 1764 973 1818 dixit
1003 1765 1118 1819 illi:
1150 1765 1277 1820 Noli
1298 1767 1521 1837 amplius
1549 1786 1774 1838 peccare,
1804 1786 1865 1822 ne
1887 1773 1973 1822 de-

373 1855 533 1906 terius
554 1854 642 1907 tibi
667 1856 861 1926 aliquid
897 1858 1154 1928 contingat
1180 1857 1357 1928 (Joan.
1380 1860 1428 1915 5.
1460 1861 1572 1927 ll).

451 1945 653 2000 Transit
701 1947 768 2000 ad
817 1949 1146 2019 posteriorem
1191 1949 1589 2021 Paralylicnm;
1641 1952 1976 2022 Evangelislw

374 2055 480 2093 non
502 2041 630 2092 inter
662 2056 716 2093 se
757 2049 1005 2110 pugnant.
1051 2040 1187 2106 Quid
1216 2042 1280 2095 sit
1322 2042 1517 2096 diversa
1544 2042 1682 2114 loqui
1702 2054 1748 2096 et
1773 2054 1975 2097 contra—

373 2129 802 2196 ria.—Quaudo
835 2131 994 2201 igitur
1019 2146 1082 2187 ex
1112 2133 1274 2202 priori
1303 2133 1600 2205 paralytico
1627 2144 1830 2190 tantum
1856 2136 1966 2190 fru-

372 2230 521 2276 ctum
542 2221 875 2292 collegimus,
906 2237 1003 2292 age
1019 2222 1128 2292 jam
1147 2222 1215 2276 ad
1235 2224 1457 2278 alterum
1486 2226 1648 2280 etiam
1672 2226 1971 2292 veniamus,

372 2313 446 2368 de
470 2328 576 2384 quo
602 2311 739 2382 apud
760 2312 1064 2368 Matthteum
1091 2314 1264 2384 agitur
1290 2315 1311 2386 (
1337 2315 1519 2370 Matth.
1545 2317 1579 2372 9
1612 2317 1653 2387 ).
1680 2317 1813 2372 Nam
1843 2327 1898 2373 et
1923 2319 1972 2372 in

375 2405 715 2460 metallorum
746 2402 941 2460 fodinis
969 2405 1056 2459 ubi
1083 2407 1203 2476 quis
1221 2407 1339 2476 plus
1369 2408 1483 2462 auri
1517 2409 1778 2478 repererit
1811 2449 1826 2476 ,
1869 2409 1976 2464 illic

373 2496 562 2551 ell'odit
586 2511 770 2551 rursus
796 2513 809 2550 :
839 2506 894 2551 et
915 2497 1111 2552 multus
1133 2498 1334 2552 scimus
1363 2514 1570 2566 eorum,
1591 2500 1679 2568 qui
1703 2499 1975 2570 negligi-n-

375 2596 461 2642 ter
485 2587 744 2658 legerunt,
775 2601 938 2642 unum
967 2595 1019 2641 et
1062 2587 1306 2641 eumdem
1348 2603 1468 2643 esse
1497 2597 1684 2659 putare
1711 2590 1970 2660 paralyti-

375 2693 526 2744 cum,
556 2679 624 2733 de
654 2693 761 2749 quo
787 2677 926 2748 apud
952 2690 1181 2748 quatuor
1207 2680 1563 2749 evangelistas
1589 2681 1781 2750 agitur.
1814 2682 1972 2750 Atqui

379 2786 487 2826 non
516 2780 598 2826 est
627 2770 788 2826 idem.
820 2771 1178 2839 Quamobrem
1211 2772 1400 2843 erigite
1429 2789 1523 2828 vos
1556 2814 1571 2838 ,
1602 2788 1666 2828 ac
1693 2773 1976 2844 diligenter

373 2865 654 2921 attendite.
701 2865 884 2937 Neque
922 2867 1064 2922 enim
1115 2866 1184 2923 de
1219 2868 1377 2922 rebus
1423 2868 1726 2924 trivialibus
1752 2868 1977 2938 quaestio

375 2959 608 3014 habetur
627 3000 643 3026 ,
672 2958 766 3015 sed
784 2969 838 3014 et
857 2959 1113 3015 adversus
1134 2959 1359 3029 gentiles
1386 2969 1438 3014 et
1462 2959 1719 3016 adversus
1738 2959 1977 3029 Judmos,

375 3059 434 3106 et
458 3052 714 3106 adversus
744 3051 942 3106 multos
967 3051 1252 3106 haereticos
1293 3050 1437 3106 utilis
1469 3051 1584 3106 haec
1622 3052 1726 3106 erit
1756 3052 1929 3106 oratio
1958 3093 1975 3119 ,

377 3143 469 3197 ubi
503 3143 829 3198 conveniens
870 3143 1064 3198 solutio
1094 3142 1256 3197 fuerit
1283 3141 1484 3197 addita.
1517 3141 1648 3196 Nam
1684 3150 1737 3198 et
1773 3142 1842 3197 ita
1887 3159 1977 3197 re~

382 3236 722 3306 prehendunt
748 3251 935 3291 omnes
956 3237 1311 3307 evangelistas
1335 3245 1602 3306 tamquam
1627 3236 1766 3292 inter
1792 3255 1848 3292 se
1871 3255 1971 3306 pu-

377 3337 610 3400 gnantes
649 3344 713 3383 ac
756 3329 1115 3385 dissonantes.
1148 3328 1308 3399 Atqui
1338 3343 1443 3384 non
1471 3329 1541 3384 ita
1573 3344 1661 3384 res
1688 3344 1747 3384 se
1774 3329 1932 3384 habet
1961 3369 1978 3396 ,

379 3420 550 3475 absit:
596 3420 722 3474 licet
765 3418 996 3475 diversae
1033 3435 1274 3491 personae
1310 3419 1448 3488 sint,
1492 3435 1594 3475 una
1629 3431 1710 3475 est
1749 3419 1980 3490 Spiritus

377 3510 568 3584 gratia,
600 3527 702 3584 qua
733 3512 990 3583 cujusque
1014 3513 1192 3567 anima
1225 3522 1504 3568 movetur:
1535 3525 1590 3568 at
1631 3514 1717 3568 ubi
1744 3513 1976 3583 Spiritus

378 3616 465 3662 est
487 3607 659 3678 gratia
690 3649 705 3673 ,
737 3605 933 3661 caritas
958 3647 972 3671 ,
1005 3606 1252 3678 gaudium
1283 3647 1299 3672 ,
1331 3621 1466 3676 pax;
1497 3606 1698 3662 bellum
1724 3621 1830 3661 non
1859 3615 1943 3662 est
1962 3648 1978 3674 ,

381 3712 486 3753 nec
513 3697 814 3763 discordia,
865 3711 964 3752 nec
991 3711 1164 3767 pugna
1190 3738 1206 3758 .
1251 3711 1350 3752 nec
1380 3697 1490 3751 ulla
1529 3697 1826 3752 contentio.
1863 3697 1980 3766 Quo

383 3789 596 3845 tandem
637 3791 793 3861 igitur
827 3799 982 3860 pacto
1008 3788 1346 3844 manifestum
1393 3789 1680 3846 reddemus
1706 3789 1848 3843 hunc
1874 3804 1978 3843 non

381 3898 504 3940 esse
528 3883 676 3937 illum
707 3883 1054 3954 paralyticum
1071 3923 1085 3946 ,
1112 3881 1208 3938 sed
1224 3882 1450 3938 alterum
1477 3881 1545 3936 ab
1571 3881 1664 3935 illo
1684 3881 1981 3936 diversum?

383 3977 462 4030 Ex
490 3975 668 4030 multis
690 3974 899 4029 indiciis
923 3989 1044 4029 cum
1075 3974 1175 4028 loci
1207 3983 1316 4029 tum
1349 3973 1626 4044 temporis,
1657 3981 1710 4028 et
1735 3973 1978 4028 occasio-

383 4081 509 4122 num
538 4108 554 4129 ,
586 4073 640 4120 et
661 4065 763 4120 diei
790 4106 806 4131 ,
843 4074 898 4120 et
924 4080 991 4120 ex
1017 4064 1178 4120 modo
1205 4065 1500 4120 curationis
1531 4107 1546 4130 ,
1577 4065 1722 4121 etab
1749 4065 1980 4119 adventu

384 4157 574 4213 medici
607 4200 623 4226 ,
674 4167 728 4213 ct
758 4158 874 4228 ejus
898 4159 987 4228 qui
1015 4169 1232 4213 curatus
1265 4169 1348 4213 est
1377 4158 1686 4214 solitudine.
1710 4158 1847 4226 Quid
1870 4167 1981 4213 tum

385 4250 606 4321 postea?
632 4249 777 4305 dicet
800 4250 1028 4320 aliquis:
1054 4265 1176 4305 nam
1205 4259 1260 4306 et
1287 4249 1390 4304 alia
1418 4251 1565 4320 signa
1596 4265 1776 4306 nonne
1798 4249 1980 4305 diver-

384 4358 441 4396 sa
459 4343 664 4397 ratione
694 4341 844 4396 multi
865 4342 1210 4412 evangelista:
1238 4341 1564 4396 narrarunt?
1591 4343 1661 4397 At
1683 4342 1824 4398 enim
1839 4341 1982 4397 aliud

381 4445 467 4490 est
496 4435 708 4492 diverse
738 4451 956 4491 narrare
990 4477 1003 4500 ,
1032 4435 1174 4490 aliud
1200 4435 1471 4490 contrario
1493 4435 1687 4490 modo:
1721 4435 1982 4506 siquidem

387 4527 516 4582 illud
547 4528 932 4582 dissonantiam
959 4528 1160 4583 nullam
1187 4527 1352 4598 gignit
1383 4536 1474 4581 aut
1504 4543 1735 4598 pugnam
1762 4544 1775 4582 :
1801 4528 1852 4582 in
1884 4527 1987 4582 hoc

386 4634 516 4673 vero
535 4618 677 4689 quod
709 4627 792 4674 est
821 4634 928 4688 pne
955 4619 1223 4686 manibus,
1253 4619 1416 4673 multa
1437 4629 1659 4688 apparet
1685 4634 1984 4690 repugnau-

389 4713 458 4764 tia
493 4753 510 4778 ,
543 4712 643 4765 nisi
681 4712 910 4766 alterum
936 4727 1056 4767 esse
1082 4711 1397 4768 ostendatur
1426 4712 1477 4765 in
1507 4711 1710 4781 piscina
1735 4712 1986 4782 paralyti-

389 4820 512 4859 cum
543 4847 557 4870 ,
587 4820 747 4874 quam
779 4805 823 4860 is
843 4845 858 4869 ,
892 4804 958 4860 de
987 4819 1094 4875 quo
1125 4815 1236 4860 tres
1261 4805 1605 4874 evangelista:
1630 4804 1982 4871 scripserunt.

390 4899 563 4967 Atque
591 4905 648 4950 ut
677 4896 983 4967 intelligatis
1019 4897 1146 4968 quid
1190 4896 1260 4952 sit
1290 4895 1502 4950 diverse
1533 4904 1587 4949 ct
1610 4895 1736 4964 quid
1759 4902 1976 4949 eontra-

390 4989 470 5042 ric.
495 4989 675 5059 loqui:
704 5005 842 5044 unus
869 5005 934 5044 ex
964 4990 1309 5060 evangelistis
1344 4990 1479 5045 dixit
1504 5004 1718 5044 crucem
1747 4998 1988 5059 portasse

390 5079 682 5146 Christum,
703 5081 840 5135 alter
864 5091 1043 5137 autem
1066 5081 1338 5137 Simonem
1359 5081 1708 5153 Cyrenmum:
1734 5081 1836 5135 hoc
1861 5096 1990 5136 vero

393 5157 1041 5228 contrarietatem'nullam
1059 5173 1244 5244 gignit,
1261 5183 1352 5227 aut
1379 5187 1628 5244 pugnam.
1653 5171 1755 5240 Qui
1787 5181 1985 5242 potest,

391 5263 584 5333 inquit,
619 5279 724 5318 non
747 5277 868 5319 esse
893 5265 1240 5330 contrarium,
1277 5272 1488 5334 portare
1515 5272 1571 5318 et
1600 5278 1706 5318 non
1734 5263 1988 5333 portare?

392 5358 528 5424 Quia
579 5358 832 5412 nimirum
885 5370 1169 5428 utrumque
1212 5357 1425 5412 accidit.
1473 5357 1689 5412 Etcum
1731 5356 1992 5411 exiisscnt

393 5451 606 5520 quidem
647 5466 713 5505 ex
760 5450 1013 5522 prtetorio
1042 5491 1057 5516 ,
1091 5450 1324 5519 portavit
1349 5447 1632 5504 Christus:
1662 5463 1784 5502 cum
1810 5456 1990 5501 autem

392 5541 601 5610 longius
643 5541 914 5612 progressi
956 5550 1140 5596 essent
1165 5582 1180 5608 ,
1236 5540 1420 5596 Simon
1453 5539 1520 5593 ab
1565 5538 1656 5592 illo
1699 5537 1910 5606 accepit
1938 5545 1992 5591 et

394 5633 531 5686 tulit.
564 5633 772 5688 Rursus
797 5632 863 5687 de
886 5632 1183 5687 latronibus
1213 5646 1352 5685 unus
1400 5629 1614 5702 quidem
1645 5629 1720 5683 ait
1755 5627 1890 5684 duos
1913 5629 1992 5696 ip-

391 5741 508 5778 sum
542 5724 947 5795 blasphemasse
982 5765 996 5789 ,
1034 5724 1167 5777 alter
1185 5739 1314 5778 vero
1338 5766 1353 5790 ,
1390 5738 1552 5776 unum
1594 5720 1993 5793 compescuisse

391 5816 541 5874 illum
570 5822 660 5891 qui
703 5819 1010 5874 accusabat.
1059 5816 1164 5874 Sed
1205 5831 1377 5890 neque
1416 5815 1518 5872 hoc
1547 5829 1732 5872 rursus
1755 5824 1836 5869 est
1863 5828 1994 5868 con-

2083 484 2326 538 trarium.
2367 482 2504 550 Quid
2547 484 2656 538 ita?
2705 484 2966 552 Quoniam
3027 484 3112 538 hic
3148 498 3356 554 quoque
3395 494 3679 554 utrumque

2077 577 2269 631 accidit
2302 617 2317 641 ,
2347 587 2505 647 atque
2551 577 2704 630 initio
2733 578 2948 646 quidem
2983 588 3209 647 uterque
3237 577 3480 647 improbe
3507 593 3568 632 se
3589 593 3677 646 μορ

2079 667 2262 721 rebat:
2306 679 2488 737 postea
2519 683 2646 723 vero
2675 686 2794 722 cum
2819 668 2953 723 facta
2982 679 3164 724 essent
3207 669 3462 723 miracula
3487 709 3502 734 ,
3533 678 3675 723 terra

2077 769 2243 827 mota,
2270 771 2434 829 petrae
2460 763 2644 815 scissae
2674 803 2688 826 ,
2723 770 2777 815 et
2798 762 2874 814 sol
2907 761 3254 815 absconditus
3279 803 3295 826 ,
3327 761 3462 815 alter
3489 776 3677 815 eorum

2078 865 2372 906 conversus
2407 862 2461 907 et
2490 853 2782 907 modestior
2807 863 2890 906 est
2920 851 3091 906 factus
3112 895 3126 916 ,
3153 861 3208 906 et
3230 851 3547 906 cruciﬁxum
3581 867 3676 921 ag-

2081 942 2227 994 novit
2251 983 2265 1002 .
2295 942 2517 1013 ejusque
2561 958 2781 1014 regnum
2805 941 3090 996 confessus
3111 953 3212 996 est.
3243 941 3375 996 Nam
3427 956 3495 995 ne
3539 939 3678 995 forte

2079 1035 2414 1089 existimares
2440 1037 2758 1090 necessitate
2785 1035 3011 1104 quadam
3051 1049 3116 1088 ac
3153 1034 3202 1088 vi
3232 1033 3508 1102 cujusdam
3535 1033 3677 1086 intus

2079 1143 2200 1182 eum
2235 1127 2555 1197 impellentis
2591 1127 2693 1181 boc
2730 1129 2841 1181 ﬁeri
2872 1168 2887 1193 ,
2921 1143 3054 1181 neve
3082 1125 3357 1181 dubitares
3387 1166 3402 1192 ,
3439 1125 3584 1179 illum
3623 1126 3675 1178 in

2079 1235 2238 1274 cruce
2271 1221 2363 1273 tibi
2388 1221 2606 1274 exhibet
2638 1223 2868 1289 priorem
2901 1220 3075 1274 adhuc
3109 1219 3504 1288 improbitatem
3546 1219 3675 1272 reti-

2081 1321 2318 1377 nentem,
2344 1322 2398 1366 ut
2427 1327 2686 1381 agnoscas
2713 1329 2834 1366 eum
2863 1323 3054 1382 sponte
3076 1321 3235 1381 atque
3264 1327 3292 1365 a
3323 1326 3381 1365 se
3409 1311 3524 1380 ipso
3552 1325 3668 1364 mu-

2082 1413 2248 1458 tntum
2282 1445 2295 1468 ,
2331 1403 2529 1473 Deique
2578 1403 2745 1472 gratia
2793 1403 3044 1458 donatum
3093 1403 3163 1456 ita
3216 1403 3492 1458 meliorem
3549 1416 3676 1456 eva-

2081 1496 2238 1549 sisse.

2150 1587 2204 1640 4.
2249 1586 2363 1640 Alia
2389 1600 2598 1656 quoque
2628 1585 2789 1639 multa
2830 1584 3092 1655 ejusmodi
3126 1599 3188 1639 ex
3205 1583 3501 1654 Evangeliis
3526 1584 3676 1638 colli-

2085 1691 2213 1746 gere
2243 1677 2397 1740 licet,
2444 1692 2565 1746 qua:
2610 1677 2855 1730 videntur
2894 1676 3252 1745 suspicionem
3287 1674 3484 1730 habere
3519 1691 3676 1744 repu-

2085 1769 2317 1838 gnantia:
2347 1787 2358 1822 :
2383 1769 2474 1822 sed
2502 1768 2644 1822 nulla
2669 1777 2848 1822 tamen
2875 1776 2956 1822 est
2978 1766 3347 1836 repugnantia,
3370 1766 3462 1820 sed
3486 1776 3538 1821 et
3559 1783 3678 1834 quac

2080 1863 2149 1917 ab
2173 1863 2295 1928 hoc,
2328 1871 2382 1915 et
2407 1878 2524 1931 qua:
2559 1861 2626 1915 ab
2657 1861 2748 1914 illo
2778 1859 2917 1914 dicta
2948 1869 3090 1924 sunt,
3121 1869 3407 1913 evenerunt
3435 1859 3676 1913 :tamelsi

2088 1971 2193 2008 non
2224 1954 2412 2008 eadem
2443 1954 2572 2008 hora
2601 1995 2617 2020 ,
2650 1963 2701 2007 et
2732 1969 2869 2008 unus
2909 1952 3137 2023 primum
3184 1951 3310 2006 illud
3347 1951 3516 2013 dixit,
3546 1952 3680 2006 alter

2083 2045 2205 2100 i'lnd
2233 2045 2524 2101 secundum
2551 2063 2565 2099 :
2593 2054 2648 2098 at
2670 2045 2770 2098 hoc
2790 2044 2908 2098 loco
2940 2043 3069 2097 nihil
3102 2052 3184 2096 est
3207 2043 3333 2108 tale,
3367 2042 3458 2096 sed
3489 2057 3676 2097 eorum

2083 2137 2399 2190 indiciorum
2434 2135 2716 2190 multitudo
2741 2176 2756 2202 ,
2788 2151 2905 2204 qua:
2935 2143 3114 2188 notata
3151 2143 3275 2188 sunt
3299 2175 3315 2199 ,
3346 2134 3408 2186 iis
3433 2175 3448 2198 ,
3472 2132 3561 2202 qui
3595 2142 3680 2186 ut—

2084 2243 2318 2297 cumque
2350 2228 2584 2281 animum
2615 2226 2944 2281 adverterint
2965 2267 2979 2290 ,
3011 2224 3245 2279 ostendit
3285 2223 3509 2277 alterum
3541 2222 3682 2276 lnmc

2091 2322 2256 2373 luisse
2279 2362 2292 2384 ,
2322 2328 2373 2373 et
2402 2320 2628 2373 alterum
2677 2317 2844 2371 illum.
2891 2316 3074 2386 Neque
3109 2330 3238 2370 vero
3269 2314 3553 2368 mediocris
3581 2314 3680 2367 ista

2081 2427 2202 2467 esse
2230 2421 2406 2484 potest
2435 2411 2820 2467 demonstratio
2863 2409 2928 2463 ad
2972 2407 3300 2478 probandum
3327 2405 3681 2475 evangelistas

2087 2504 2226 2557 inter
2255 2518 2313 2556 se
2344 2503 2666 2566 consentire,
2698 2516 2804 2556 non
2837 2515 3095 2571 pugnare.
3131 2498 3188 2554 Si
3229 2499 3370 2552 enim
3413 2497 3550 2552 idem
3580 2499 3641 2552 sit
3661 2540 3676 2562 ,

2082 2609 2274 2664 magna
2303 2608 2477 2663 pugna
2514 2611 2526 2646 :
2559 2593 2639 2646 sin
2668 2603 2845 2646 autem
2893 2592 3030 2645 alter
3072 2599 3155 2645 est
3199 2590 3320 2655 ille,
3353 2589 3558 2644 sublata
3599 2598 3681 2644 est

2082 2686 2258 2741 omnis
2282 2685 2564 2740 dubitatio.

2158 2777 2353 2844 Quibus
2403 2778 2782 2848 distinguantur
2823 2775 2924 2828 duo
2957 2774 3282 2845 Paralytici;
3321 2773 3590 2827 incisiones
3635 2783 3681 2828 et

2082 2868 2306 2922 ustione:
2327 2867 2634 2922 medicorum
2665 2877 3025 2939 comparantur
3053 2882 3164 2919 cum
3187 2865 3448 2919 curatione
3472 2865 3586 2918 ista.
3611 2894 3683 2905 —-

2087 2964 2201 3030 Age
2232 2961 2392 3031 igitur
2420 2975 2611 3015 causas
2636 2960 2778 3029 ipsas
2818 2972 3182 3029 proponamus
3201 2997 3217 3023 ,
3248 2956 3440 3026 quibus
3468 2955 3682 3010 adducti

2085 3050 2315 3108 dicimus
2332 3051 2471 3105 hunc
2495 3052 2639 3104 illum
2658 3065 2763 3103 non
2800 3064 2940 3104 esse.
2962 3049 3216 3114 Quantam
3237 3049 3338 3102 illac
3357 3063 3515 3116 porro
3535 3049 3682 3103 sunt?

2091 3143 2187 3197 Ille
2213 3151 2430 3197 sanatur
2459 3141 2832 3212 Jerosolymis,
2862 3141 2948 3195 hic
2975 3155 3103 3194 vero
3134 3141 3184 3194 in
3211 3139 3605 3211 Capharnaum,
3629 3152 3685 3198 et

2091 3236 2182 3291 ille
2211 3232 2427 3306 quidem
2463 3233 2612 3304 juxta
2663 3233 2920 3305 piscinam
2966 3247 3223 3304 aquarum
3251 3274 3265 3298 ,
3294 3234 3394 3290 iste
3421 3242 3598 3289 autem
3630 3237 3683 3290 in

2092 3329 2323 3398 quodam
2355 3329 2602 3383 cubiculo
2626 3369 2640 3394 ,
2691 3342 2818 3383 ecce
2867 3327 3120 3382 indicium
3149 3343 3178 3380 a
3213 3328 3330 3382 loco
3364 3345 3377 3380 :
3410 3335 3568 3396 atque
3593 3326 3685 3382 ille

2094 3419 2313 3490 quidem
2338 3420 2388 3472 in
2412 3419 2502 3474 die
2532 3420 2668 3474 festo
2690 3461 2706 3486 ,
2732 3433 2860 3474 ecce
2895 3433 2925 3472 a
2976 3418 3229 3488 temporis
3253 3416 3559 3472 conditione
3588 3434 3601 3470 :
3631 3428 3685 3472 et

2092 3509 2188 3565 ille
2212 3509 2426 3580 quidem
2454 3512 2666 3580 triginta
2697 3517 2752 3563 et
2776 3519 2898 3564 octo
2921 3521 3091 3562 annos
3121 3506 3346 3562 habebat
3374 3507 3425 3560 in
3455 3505 3683 3560 inﬁrmi-

2088 3609 2196 3656 tate
2226 3617 2322 3657 sua
2349 3616 2366 3666 ;
2393 3601 2462 3656 de
2495 3602 2594 3656 hoc
2623 3610 2804 3657 autem
2828 3600 2960 3655 nihil
2993 3601 3095 3656 tale
3126 3600 3448 3670 evangelista
3481 3609 3680 3664 narrat,

2089 3710 2216 3750 ecce
2257 3709 2287 3748 a
2337 3704 2580 3764 tempore
2611 3713 2623 3749 :
2653 3704 2706 3748 et
2747 3696 2837 3750 ille
2875 3693 3088 3763 quidem
3122 3695 3173 3747 in
3198 3692 3420 3747 sabbato
3464 3700 3684 3745 sanatus

2092 3795 2195 3848 est,
2220 3800 2346 3839 ecce
2367 3799 2396 3838 a
2417 3785 2504 3839 die
2537 3803 2550 3838 :
2584 3785 2627 3839 si
2655 3785 2797 3838 enim
2826 3785 2876 3838 in
2905 3785 3126 3838 sabbato
3152 3783 3334 3836 fuisset
3361 3781 3445 3836 hic
3471 3796 3680 3852 quoque

2087 3889 2311 3932 sanatus
2335 3918 2350 3942 ,
2385 3891 2559 3947 neque
2586 3875 2638 3931 id
2671 3875 2924 3930 tacuisset
2948 3875 3228 3928 Mattbzeus
3252 3915 3268 3940 ,
3307 3887 3477 3943 neque
3511 3872 3682 3927 Judaei

2087 3968 2177 4038 qui
2219 3967 2448 4022 aderant
2477 4007 2492 4033 ,
2535 3965 2867 4036 quievisscnt
2894 3982 2906 4018 :
2935 3965 3022 4034 qui
3052 3963 3196 4018 enim
3235 3962 3394 4016 etiam
3423 3969 3531 4015 tum
3559 3976 3682 4015 cum

2090 4063 2180 4117 ille
2207 4063 2258 4115 in
2291 4061 2513 4115 sabbato
2538 4068 2757 4114 sanatus
2789 4073 2894 4112 non
2927 4067 3008 4112 est
3029 4098 3043 4121 ,
3075 4056 3231 4110 aliam
3266 4055 3336 4109 ob
3362 4069 3576 4108 causatn
3605 4055 3684 4108 in-

2088 4154 2293 4226 dignati
2333 4162 2492 4218 sunt,
2534 4153 2702 4207 multo
2728 4152 2898 4221 magis
2945 4149 2990 4204 si
3031 4165 3060 4202 a
3102 4157 3340 4216 tempore
3379 4145 3499 4200 data
3541 4154 3687 4200 esset

2089 4263 2215 4304 ansa
2241 4245 2689 4318 reprehendendi,
2712 4257 3043 4314 nequaquam
3055 4239 3320 4312 jactandis
3341 4240 3393 4294 in
3414 4239 3684 4294 Christum

2089 4339 2552 4396 criminationibus
2598 4337 2985 4408 pepercissent.
3025 4336 3202 4404 Atque
3239 4333 3324 4386 hic
3361 4330 3573 4400 quidem
3618 4332 3683 4386 ad

2090 4433 2366 4494 Christum
2393 4431 2654 4495 defertur,
2687 4429 2754 4484 ad
2784 4429 2933 4484 illum
2961 4435 3138 4481 autem
3167 4423 3412 4479 Christus
3435 4417 3639 4478 accedit
3667 4465 3684 4492 ,

2091 4533 2146 4580 et
2178 4524 2250 4578 illi
2279 4524 2454 4578 nullus
2480 4529 2598 4577 erat
2627 4519 2787 4574 homo
2812 4518 2900 4588 qui
2927 4515 3202 4586 suppetias
3227 4513 3393 4568 ferret
3421 4532 3435 4567 :
3473 4513 3705 4574 Domine,

2091 4619 2257 4684 enim,
2290 4617 2498 4684 inquit,
2532 4613 2786 4668 hominem
2814 4627 2916 4665 non
2946 4608 3103 4663 habeo
3132 4607 3320 4678 (Joan.
3349 4608 3402 4662 5.
3436 4607 3508 4678 7)
3542 4624 3556 4660 :
3589 4607 3687 4662 iste

2093 4722 2223 4762 vero
2245 4706 2440 4764 multos
2470 4704 2697 4758 habebat
2742 4701 3068 4772 propinquos
3093 4741 3108 4766 ,
3133 4699 3225 4770 qui
3267 4708 3322 4754 et
3363 4713 3458 4768 per
3489 4707 3684 4753 tectum

2095 4800 2240 4854 illum
2288 4799 2642 4855 demiserunt.
2699 4795 2766 4849 Et
2817 4794 2958 4848 illius
3010 4791 3227 4862 quidem
3280 4801 3405 4846 ante
3456 4794 3687 4845 animam

2093 4906 2287 4960 corpus
2312 4889 2550 4943 correxit
2583 4903 2597 4942 :
2627 4885 2894 4956 siquidem
2935 4899 3056 4938 cum
3088 4883 3233 4952 prius
3262 4882 3546 4952 paralysim
3573 4881 3692 4950 ejus

2095 4991 2359 5046 sanasset,
2393 4978 2586 5034 deinde
2615 4977 2780 5042 dixit,
2817 4975 2951 5029 Ecce
2972 4991 3127 5029 sanus
3151 4977 3315 5043 factus
3341 4989 3392 5027 es
3410 5013 3427 5038 ,
3456 4973 3559 5026 noli
3585 4989 3694 5025 ant-

2096 5071 2231 5142 plius
2273 5085 2484 5142 peccare
2543 5083 2562 5123 :
2619 5067 2705 5122 hic
2743 5073 2922 5121 autem
2963 5079 3068 5120 non
3116 5065 3186 5119 ita
3217 5082 3229 5118 :
3258 5062 3352 5119 sed
3390 5077 3509 5117 cum
3549 5064 3693 5132 prius

2095 5163 2288 5218 anima:
2320 5163 2460 5216 illius
2489 5159 2785 5215 medicatus
2820 5165 2999 5223 esset;
3022 5156 3094 5210 ait
3119 5155 3261 5211 enim
3290 5155 3389 5226 ipsi
3417 5172 3430 5208 :
3459 5154 3689 5222 Conﬁde,

2096 5258 2207 5327 fili,
2252 5258 2574 5312 remittuntur
2614 5253 2701 5308 tibi
2748 5261 2955 5324 peccata
2998 5261 3085 5305 tua
3143 5247 3355 5320 (Matth.
3383 5247 3437 5303 9.
3465 5245 3546 5315 2),
3577 5255 3692 5298 tum

2097 5347 2292 5404 deinde
2321 5346 2606 5417 paralysim
2638 5344 2866 5398 sanavit.
2897 5342 3057 5396 llunc
3085 5339 3244 5409 igitur
3265 5337 3409 5391 illum
3441 5348 3549 5388 non
3575 5347 3696 5388 esse

2098 5443 2244 5498 clare
2281 5439 2437 5496 nobis
2463 5455 2528 5494 ex
2561 5437 2646 5492 bis
2673 5445 2756 5494 est
2788 5436 3213 5491 demonstratum
3246 5448 3258 5482 :
3287 5428 3395 5498 jam
3421 5434 3598 5480 autem
3628 5424 3695 5478 ad

2105 5537 2276 5605 ipsum
2313 5530 2637 5588 narrationis
2667 5529 2873 5584 initium
2903 5522 3220 5581 veniendmn
3257 5528 3376 5584 est,
3413 5533 3476 5574 ac
3507 5516 3694 5572 viden-

2099 5628 2251 5690 dum,
2280 5639 2385 5696 quo
2407 5632 2564 5694 pacto
2593 5621 2736 5676 hunc
2759 5628 2813 5674 et
2835 5632 2941 5687 quo
2968 5622 3121 5686 pacto
3142 5613 3289 5666 illum
3313 5608 3513 5665 sauarit
3535 5607 3695 5664 Chri-

2109 5730 2225 5775 stus
2247 5759 2263 5785 ,
2296 5728 2349 5774 et
2380 5733 2478 5773 cur
2520 5714 2734 5770 diversa
2779 5711 2986 5767 ratione
3015 5726 3030 5763 :
3061 5723 3155 5762 cur
3190 5706 3332 5762 hunc
3357 5705 3410 5759 in
3437 5703 3696 5766 sabbato.

2103 5813 2254 5867 illum
2282 5825 2387 5866 non
2415 5808 2469 5864 in
2495 5805 2718 5862 sabbato
2736 5843 2754 5876 ,
2785 5811 2840 5859 et
2865 5801 2930 5858 ad
2960 5802 3109 5857 illum
3137 5800 3252 5872 ipse
3281 5797 3482 5854 venerit
3509 5835 3526 5865 ,
3554 5797 3689 5853 hunt
