4106 6438
478 323 546 379 55
1224 334 1284 395 Β.
1325 336 1603 396 JOANNIS
1639 340 2117 401 CllRYSOSTOMl
2168 349 2486 409 AllClllEP.
2531 357 3073 423 CONSTANTINOP.
3716 383 3787 440 56

482 446 662 495 autem
689 446 1083 514 exspectaverit
1102 447 1167 502 ad
1188 465 1246 504 se
1266 450 1481 517 deferri,
1509 463 1562 508 et
1587 470 1745 525 quam
1769 459 1837 511 ob
1861 473 2077 513 causam

482 531 621 586 illius
647 538 858 604 eorpori
897 539 1074 606 prius,
1118 541 1272 610 hujus
1303 558 1428 598 vero
1465 545 1656 600 animae
1690 548 1834 617 prius
1866 550 2078 606 medea-

483 631 591 676 tur.
634 623 820 695 Neque
864 629 1005 682 enim
1052 638 1251 685 temere
1292 642 1384 687 aut
1422 635 1538 690 sine
1577 651 1738 692 causa
1780 639 1877 694 ista
1910 639 2074 709 facit,

485 727 608 768 cum
639 717 851 785 sapiens
881 719 949 772 sit
969 727 1022 773 et
1049 722 1321 788 providus.
1352 723 1704 784 Attendamus
1727 729 1902 800 igitur,
1921 748 2075 787 eum-

486 819 588 873 que
636 807 937 864 medentem
986 815 1430 882 contemplemur.
1463 816 1518 873 Si
1547 821 1688 874 enim
1727 836 1846 877 cum
1884 825 2074 881 medici

482 897 764 962 quemdam
811 911 1025 965 secant,
1075 913 1330 972 uruutve,
1379 917 1471 962 aut
1503 909 1608 966 alio
1642 913 1869 983 quodam
1915 915 2076 971 modo

481 989 777 1043 mutilatum
809 1001 860 1045 et
890 991 1220 1050 debilitatum
1251 999 1508 1067 incidunt,
1539 1017 1602 1058 ac
1629 1005 1930 1062 membrum
1953 1024 2072 1064 am-

479 1089 685 1146 putant,
720 1083 870 1137 multi
899 1093 1003 1139 tam
1029 1103 1229 1155 :rgrum
1252 1105 1410 1160 quam
1435 1094 1698 1150 medicum
1725 1098 2074 1156 circumstant

481 1169 579 1224 ista
627 1171 945 1242 facientem,
977 1179 1144 1233 multo
1192 1184 1360 1252 magis
1407 1199 1503 1240 nos
1541 1185 1642 1243 hoc
1689 1188 1806 1245 loco
1833 1190 1886 1245 id
1916 1207 2074 1262 agere

480 1272 713 1331 oportet,
745 1279 942 1336 quanto
965 1277 1019 1322 et
1050 1271 1289 1326 medicus
1311 1275 1502 1345 major,
1536 1288 1590 1333 et
1616 1281 1830 1349 gravior
1855 1284 2073 1340 morbus

481 1363 562 1407 est
583 1394 597 1420 ,
627 1357 714 1424 qui
740 1374 843 1410 non
869 1371 984 1414 arte
1011 1359 1242 1417 humana
1264 1405 1279 1430 ,
1313 1366 1408 1421 sed
1435 1369 1602 1438 gratia
1629 1371 1804 1426 divina
1831 1387 2066 1431 curatur.

473 1449 648 1517 Atque
699 1449 802 1504 illic
845 1453 1060 1521 quidem
1106 1457 1296 1526 pellem
1347 1462 1616 1517 concisam
1658 1478 1880 1522 cernere
1912 1468 2070 1535 licet,

473 1554 529 1593 sa
540 1542 680 1595 niem
700 1543 800 1596 dell
810 1554 1043 1614 uentem,
1071 1552 1403 1618 putredinem
1421 1565 1750 1625 evacuatam,
1769 1574 1831 1614 ac
1849 1562 2069 1617 multam

478 1632 778 1688 molestiam
803 1652 868 1691 ex
901 1638 993 1693 illo
1019 1641 1233 1697 allatam
1263 1649 1574 1716 spectaculo
1599 1651 1884 1718 sustinere,
1915 1653 2068 1709 dolo-

475 1738 696 1794 remque
728 1742 831 1780 non
867 1729 1192 1787 mediocrem
1219 1743 1273 1789 et
1293 1752 1567 1806 angorem,
1590 1755 1746 1810 quem
1780 1759 1884 1798 non
1913 1745 2072 1800 modo

476 1814 757 1870 vulnerum
786 1829 1104 1889 conspectus
1125 1866 1139 1890 ,
1171 1825 1262 1880 sed
1293 1842 1479 1882 eorum
1507 1830 1666 1884 etiam
1687 1873 1702 1897 ,
1731 1833 2072 1902 qui‘uruutur

472 1916 826 1976 secanturque
846 1951 861 1976 ,
907 1914 1174 1970 cruciatus
1205 1917 1366 1972 inurit
1397 1935 1412 1972 :
1444 1921 1624 1975 nullus
1652 1924 1795 1978 enim
1827 1935 1911 1980 est
1934 1928 2070 1982 adeo

473 2010 675 2052 Saxeus
700 2039 712 2064 ,
743 2010 800 2054 ut
827 2017 948 2057 eum
977 2005 1082 2060 illis
1106 2049 1122 2073 ,
1156 2009 1242 2078 qui
1275 2010 1395 2064 talia
1429 2013 1701 2081 patiuntur
1725 2058 1738 2080 ,
1768 2016 2065 2085 adstiterit,

473 2104 538 2143 ac
560 2089 914 2150 lamentantes
944 2097 1228 2169 audiverit,
1259 2119 1363 2157 non
1390 2116 1813 2176 commoveatur,
1845 2111 2070 2167 confun-

474 2180 632 2236 datur
657 2225 670 2243 ,
713 2193 768 2238 et
801 2186 1069 2257 ingentem
1099 2193 1281 2248 animo
1313 2197 1578 2267 concipiat
1607 2214 1895 2256 maerorem
1930 2221 1943 2256 :
1976 2219 2066 2259 ve-

477 2285 774 2331 rumtamen
803 2280 871 2335 ob
899 2285 1176 2351 spectandi
1197 2287 1540 2356 cupiditatem
1563 2289 1679 2348 hmc
1700 2297 1874 2348 omnia
1903 2297 2068 2350 susti-

476 2381 687 2424 nemus.
722 2369 817 2427 Hic
841 2383 1019 2429 autem
1046 2375 1174 2431 nihil
1205 2379 1306 2434 tale
1332 2396 1554 2438 cernere
1585 2383 1727 2448 licet,
1763 2401 1868 2441 non
1891 2387 2065 2455 ignem

476 2457 774 2525 admoveri,
797 2477 899 2517 non
924 2465 1121 2521 ferrum
1146 2472 1407 2542 immergi,
1433 2488 1536 2528 non
1559 2477 1872 2545 sanguinem
1897 2480 2061 2546 fundi,

471 2565 576 2602 non
615 2566 814 2621 :rgrum
859 2557 1124 2626 cruciari,
1165 2577 1270 2615 non
1299 2563 1577 2620 lamentari
1615 2568 1709 2621 :in
1740 2585 1899 2625 causa
1940 2587 2068 2627 vero

469 2649 552 2694 est
579 2642 768 2698 medici
799 2647 1056 2715 sapientia
1078 2690 1094 2714 ,
1127 2665 1246 2720 qua:
1276 2654 1435 2708 nullis
1463 2656 1658 2728 indiget
1695 2659 1854 2714 rebus
1880 2671 2066 2716 exter-

473 2731 577 2792 nis.
611 2733 704 2788 sed
734 2735 845 2804 ipsa
873 2736 1072 2794 sufficit
1097 2742 1218 2798 sibi.
1252 2742 1522 2810 Siquidem
1554 2750 1751 2804 suflicit
1778 2759 1980 2807 tantum
2011 2762 2067 2808 ut

471 2823 733 2892 imperet,
764 2837 817 2880 ct
844 2831 1021 2883 ennda
1051 2834 1187 2887 mala
1215 2835 1500 2902 pelluntur.
1535 2838 1718 2910 Neque
1746 2857 1872 2897 vero
1893 2843 2064 2898 admi-

471 2917 676 2972 ratione
697 2918 913 2989 dignum
944 2921 1047 2977 hoc
1072 2935 1150 2978 est
1174 2966 1188 2989 ,
1217 2927 1357 2994 quod
1390 2937 1534 2984 tanta
1563 2929 1812 2988 facilitate
1840 2935 2064 2990 medici-

470 3023 592 3061 nam
621 3007 812 3077 faciat,
854 3014 946 3068 sed
979 3015 1120 3084 quod
1146 3017 1262 3072 sine
1291 3019 1478 3075 dolore
1501 3063 1516 3085 ,
1547 3037 1646 3078 nec
1675 3024 1832 3079 ullam
1865 3028 2064 3083 inoles-

468 3100 596 3154 tiam
626 3099 815 3155 afferat
857 3102 919 3157 iis
960 3105 1048 3174 qui
1080 3117 1353 3163 curantur.
1378 3110 1603 3179 Quando
1646 3114 1804 3184 igitur
1826 3126 1880 3172 et
1903 3119 2066 3174 mira-

469 3189 646 3244 culum
673 3192 844 3262 majus
860 3203 913 3249 et
929 3197 1196 3266 copiosior
1215 3201 1497 3268 medicina,
1527 3215 1580 3261 et
1595 3205 1662 3261 ab
1683 3211 1825 3263 omni
1853 3211 2063 3268 tristitia

470 3284 722 3338 immunis
753 3290 1144 3355 spectatoribus
1173 3294 1416 3365 voluptas
1444 3298 1683 3365 offertur,
1713 3317 1810 3372 age
1835 3303 2062 3374 diligen-

472 3383 557 3429 ter
579 3387 853 3434 curantem
882 3380 1151 3438 Christum
1175 3395 1497 3456 spcctcnms.
1523 3389 1592 3445 Et
1619 3397 1890 3450 ascendens
1905 3396 2062 3453 Jesus

466 3469 518 3520 in
539 3469 822 3524 nauiculam
839 3475 1201 3544 transfretavit,
1227 3488 1273 3532 et
1297 3482 1426 3534 venit
1451 3483 1502 3535 in
1527 3485 1776 3540 civitatem
1801 3503 1965 3542 suam.
1996 3487 2061 3544 Et

469 3573 582 3613 ecce
610 3560 898 3616 obtulerunt
944 3563 1022 3618 illi
1060 3570 1400 3639 paralyticum
1427 3573 1681 3642 jacentem
1719 3578 1771 3631 in
1817 3578 1942 3632 lecto
1973 3589 2061 3634 :et

465 3649 642 3704 videns
669 3651 822 3707 Iesus
853 3655 1007 3723 ﬁdem
1045 3658 1248 3714 illorum
1285 3662 1414 3716 dixit
1443 3665 1726 3741 paralytico
1759 3684 1778 3723 :
1809 3668 2020 3739 Conﬁde
2041 3712 2057 3738 ,

461 3740 573 3807 ﬁli,
607 3744 931 3800 remittuntur
977 3751 1068 3803 tibi
1122 3764 1332 3819 peccata
1392 3765 1482 3809 tua
1536 3756 1764 3826 (Matth.
1807 3760 1856 3815 9.
1904 3761 1950 3813 l.
1981 3762 2057 3831 2).

469 3832 795 3889 Centurione
849 3838 1060 3909 quidem
1119 3842 1395 3902 inferiores
1434 3854 1578 3916 sunt,
1621 3850 1797 3918 quoad
1855 3850 2055 3919 ﬁdem,

467 3921 559 3976 illo
585 3936 762 3981 autem
807 3930 856 3982 in
910 3933 1106 3999 piscina
1139 3934 1353 4003 jacente
1395 3939 1686 4009 paralytico
1729 3944 2055 4011 superiores.

467 4010 600 4066 Nam
651 4017 742 4071 ille
788 4021 1002 4087 quidem
1042 4039 1216 4093 neque
1254 4025 1520 4081 medicum
1559 4030 1758 4096 traxit,
1793 4010 1966 4102 neque
1993 4033 2058 4088 ad

463 4104 728 4161 medicum
760 4110 910 4164 duxit
933 4123 1228 4183 aegrotum;
1257 4118 1350 4171 sed
1381 4128 1646 4189 tamquam
1678 4121 1744 4176 ad
1774 4123 1938 4178 Deum
1965 4140 2058 4180 ac-

463 4199 661 4266 cessit,
712 4209 767 4256 et
808 4205 921 4259 ait:
956 4205 1051 4260 Dic
1099 4208 1246 4262 uerbo
1283 4220 1479 4264 tantum
1502 4253 1516 4278 ,
1549 4222 1595 4266 et
1637 4215 1899 4268 sanabitur
1935 4233 2060 4286 puer

462 4303 604 4343 metu
626 4293 770 4361 (Luc.
794 4291 843 4346 7.
869 4294 935 4365 7).
960 4293 1050 4350 Isti
1072 4311 1199 4351 vero
1220 4299 1480 4354 medicum
1505 4301 1556 4355 in
1580 4303 1724 4358 aedes
1748 4320 1853 4358 non
1884 4314 2055 4363 traxe-

459 4390 621 4448 runt,
654 4391 708 4437 et
737 4384 788 4438 in
819 4384 921 4441 hoc
949 4388 1250 4445 centurioni
1291 4402 1415 4447 sunt
1440 4395 1705 4464 aequales;
1734 4397 1829 4452 sed
1857 4415 2054 4470 aegrum

457 4475 756 4532 attulerunt
783 4478 850 4532 ad
880 4482 1166 4550 medicum,
1195 4485 1320 4540 etin
1351 4485 1453 4542 hoc
1476 4499 1599 4543 sunt
1629 4490 1883 4558 minores,
1913 4492 2054 4562 quod

463 4580 571 4619 non
604 4567 853 4637 dixerint,
889 4572 985 4627 Dic
1010 4575 1156 4630 rerbo
1186 4588 1400 4633 tantum.
1435 4580 1530 4635 lllo
1555 4583 1767 4652 quidem
1793 4595 1940 4640 certe
1966 4587 2054 4655 qui

458 4657 528 4709 ad
572 4658 828 4726 hiscinam
862 4663 1073 4733 jacebat
1106 4671 1274 4725 multo
1304 4681 1428 4726 sunt
1459 4673 1543 4727 isti
1571 4675 1856 4743 meliores,
1887 4677 2055 4747 siqui-

456 4749 578 4802 dem
624 4752 710 4806 ille
745 4753 909 4822 dicit,
939 4756 1174 4827 Domine,
1217 4763 1469 4818 hominem
1500 4783 1600 4820 non
1640 4767 1831 4835 habeo,
1863 4781 1918 4823 ut
1938 4788 2055 4824 cum

457 4841 656 4895 turbata
680 4847 833 4915 fuerit
853 4865 1004 4917 aqua,
1026 4853 1190 4906 mittat
1215 4872 1291 4908 me
1310 4857 1360 4909 in
1385 4858 1629 4926 piscinam
1661 4860 1839 4931 (Joan.
1867 4863 1918 4916 5.
1959 4864 2012 4935 7)
2035 4882 2048 4918 :

459 4929 543 4983 isti
599 4948 728 4988 vero
774 4936 942 4992 nihilo
1003 4941 1241 5012 indigere
1286 4944 1557 5002 Christum
1610 4929 1893 5020 sciebant,
1945 4972 2050 5010 non

454 5019 645 5090 aquis,
696 5039 801 5079 non
843 5030 1044 5097 piscina
1067 5075 1082 5097 ,
1117 5051 1220 5090 non
1249 5037 1352 5092 alia
1399 5055 1456 5094 re
1499 5043 1741 5114 quapiam
1770 5063 1784 5098 :
1813 5056 2051 5103 attamen

452 5110 701 5170 Christus
733 5134 836 5174 non
867 5125 1195 5182 centurionis
1222 5137 1423 5185 tantum
1453 5148 1694 5202 puerum,
1721 5139 1812 5193 sed
1835 5141 2051 5195 ethunc

452 5215 506 5260 et
552 5207 700 5263 illum
736 5213 928 5269 morbo
975 5216 1250 5288 liberavit;
1297 5239 1474 5295 neque
1504 5226 1635 5283 dixit
1666 5246 1680 5282 :
1709 5231 2050 5303 Quandoqui-

451 5296 571 5352 dem
600 5299 760 5357 fidem
783 5304 1022 5361 obtulisti
1049 5309 1311 5368 minorem
1336 5357 1348 5379 ,
1374 5317 1703 5374 curationem
1734 5324 1934 5392 pariter
1953 5339 2046 5377 ac-

451 5389 618 5458 cipies
649 5395 779 5451 :sed
805 5412 926 5453 cum
959 5401 1215 5473 majorem
1245 5407 1572 5466 exhibuisset
1600 5452 1614 5476 ,
1654 5429 1775 5468 cum
1807 5415 2049 5471 laudibus

449 5489 500 5533 et
536 5485 751 5540 coronis
781 5503 902 5544 eum
928 5493 1158 5562 dimisit,
1186 5497 1369 5554 dicens
1405 5519 1417 5555 :
1456 5499 1636 5571 Neque
1662 5505 1714 5558 in
1741 5504 1907 5560 Israel
1931 5518 2048 5560 tan-

462 5581 564 5625 tam
587 5577 740 5643 ﬁdem
770 5581 937 5638 inveni
966 5585 1096 5657 (Luc
1121 5591 1170 5643 7.
1203 5591 1280 5662 9).
1317 5592 1452 5648 Eum
1483 5611 1632 5661 vero,
1666 5598 1754 5667 qui
1785 5600 2045 5656 minorem

453 5679 613 5729 quam
647 5669 734 5724 ille
757 5671 916 5728 ﬁdem
956 5677 1249 5748 obtulerat,
1282 5686 1429 5740 nullo
1453 5687 1610 5742 modo
1643 5688 1911 5746 laudavit:
1940 5710 2043 5748 non

451 5763 628 5812 tamen
653 5762 881 5822 sanitate
912 5769 1159 5838 privavit,
1189 5777 1282 5830 scd
1315 5793 1411 5832 nec
1441 5779 1611 5848 illum,
1643 5783 1729 5852 qui
1762 5784 1959 5839 nullam
1986 5785 2050 5840 li-

2186 461 2306 518 dem
2352 466 2688 526 exhibuerat.
2725 473 2922 532 Verum
2953 481 3400 547 quemadmodum
3432 488 3625 545 medici
3661 507 3783 548 eum

2187 556 2432 612 eumdem
2459 563 2704 618 morbum
2723 578 2933 634 curent,
2961 584 2990 624 a
3013 573 3326 641 quibusdam
3350 591 3564 636 centum
3589 597 3784 642 aureos

2186 646 2476 719 accipiunt,
2506 653 2573 707 ab
2599 655 2718 710 aliis
2747 659 3156 733 quinquaginta,
3185 666 3252 720 ab
3278 669 3398 725 aliis
3424 675 3728 744 pauciores,
3751 697 3781 733 a

2183 739 2500 808 quibusdam
2533 745 2662 802 nihil
2689 751 2899 818 penitus
2930 755 3046 810 :sic
3089 759 3340 814 nimirum
3381 739 3438 817 et
3478 739 3727 824 Christus
3751 785 3782 822 a

2182 838 2494 893 centurione
2524 841 2735 910 quidem
2766 847 2988 901 multam
3015 858 3069 904 et
3090 850 3402 909 immensam
3437 856 3595 913 fidem
3623 875 3783 917 acce-

2181 926 2291 995 pit,
2321 928 2389 982 ab
2426 929 2525 985 hoc
2551 941 2728 988 autem
2773 937 3034 994 minorem
3060 982 3076 1008 ,
3103 941 3172 996 ab
3199 943 3292 998 illo
3323 961 3454 1003 vero
3494 952 3780 1021 nequidcm

2182 1018 2509 1076 mediocrem
2533 1067 2547 1090 ,
2577 1033 2631 1079 et
2661 1035 2836 1082 tamen
2863 1045 3050 1086 omnes
3083 1037 3310 1092 sanavit.
3335 1036 3443 1092 Cur
3461 1018 3608 1111 igitu—t
3636 1043 3782 1101 hunc

2179 1128 2393 1185 quoque
2415 1121 2504 1188 qui
2545 1121 2677 1176 nihil
2712 1125 3050 1196 contulerat,
3081 1130 3342 1188 beneﬁcio
3371 1135 3621 1207 dignatus
3649 1141 3779 1196 est?

2181 1206 2333 1274 Quod
2364 1226 2469 1266 non
2498 1228 2607 1282 prae
2631 1217 2794 1272 nimia
2823 1221 3178 1293 negligentia,
3222 1241 3320 1282 nec
3349 1228 3417 1284 ob
3437 1206 3639 1287 anima:
3658 1242 3779 1289 stu-

2180 1311 2387 1366 porem,
2415 1303 2509 1357 sed
2537 1305 2679 1374 quod
2701 1306 2974 1364 Christum
2999 1312 3216 1369 minime
3239 1326 3440 1383 nosset,
3467 1320 3780 1393 nullumque

2180 1405 2401 1458 parvum
2433 1405 2522 1449 aut
2555 1412 2806 1467 maguum
2834 1400 2902 1456 de
2929 1401 3020 1455 illo
3043 1405 3358 1461 miraculum
3387 1409 3676 1478 audiissct,
3708 1417 3776 1467 ll-

2178 1482 2300 1538 dem
2348 1501 2454 1541 non
2493 1489 2819 1546 exhibuerit.
2851 1493 3053 1550 Idcirco
3080 1512 3209 1567 ergo
3240 1499 3449 1554 veniam
3493 1503 3724 1558 obtinuit
3759 1523 3774 1559 :

2177 1576 2316 1646 quod
2341 1588 2394 1632 et
2425 1581 2654 1637 obscure
2679 1583 2920 1641 indicans
2940 1589 3264 1658 evangelista
3295 1590 3430 1645 dixit
3454 1611 3465 1645 :
3493 1591 3771 1650 Nesciebat

2175 1670 2308 1723 enim
2335 1672 2448 1740 quis
2486 1684 2614 1728 esset
2641 1674 2820 1746 (Joan.
2845 1678 2896 1732 5.
2929 1677 3030 1752 15)
3054 1721 3068 1746 ,
3103 1695 3286 1736 verum
3321 1699 3387 1738 ex
3415 1694 3634 1754 aspectu
3656 1688 3779 1743 solo

2177 1764 2326 1818 illum
2359 1769 2593 1836 agnovit,
2624 1785 2746 1824 cum
2772 1771 2822 1826 in
2848 1772 3023 1842 ipsum
3056 1774 3247 1830 iterum
3278 1776 3482 1832 incidit.

2247 1857 2301 1911 5.
2342 1858 2567 1927 Quidam
2600 1861 2762 1932 igitur
2785 1863 2970 1920 dicunt
2995 1865 3135 1920 hunc
3161 1877 3402 1923 curatum
3434 1869 3616 1938 fuisse,
3647 1887 3774 1927 cum

2177 1947 2275 2017 illi,
2303 1951 2392 2018 qui
2418 1950 2747 2018 obtulerant,
2777 1955 3133 2012 credidissent
3171 1967 3375 2014 tantum
3406 1977 3418 2013 :
3448 1961 3539 2016 sed
3565 1977 3668 2017 non
3699 1964 3772 2018 ita

2173 2050 2276 2096 est.
2315 2040 2502 2097 Viden:
2523 2045 2665 2099 enim
2694 2047 2848 2116 ﬁdem
2879 2047 3109 2116 illorum,
3145 2065 3249 2104 non
3281 2066 3465 2106 eorum
3497 2054 3584 2124 qui
3609 2056 3774 2110 obtu-

2177 2132 2357 2188 lerunt
2381 2143 2609 2204 tantum,
2643 2138 2738 2193 sed
2763 2147 2816 2193 et
2840 2139 3004 2210 ipsius
3025 2141 3113 2211 qui
3143 2141 3353 2196 oblatus
3379 2152 3478 2196 est.
3511 2143 3646 2212 Quid
3676 2145 3779 2215 igi-

2173 2225 2294 2277 tur?
2318 2225 2489 2282 altero
2513 2228 2766 2284 credente
2791 2230 2926 2286 alter
2954 2248 3057 2285 non
3081 2232 3344 2287 sanatur?
3370 2233 3514 2290 dicet
3547 2235 3767 2306 aliquis.

2174 2317 2290 2372 Non
2319 2319 2567 2390 equidem
2596 2321 2850 2388 arbitror,
2882 2323 2980 2378 uisi
3013 2322 3151 2379 forte
3175 2325 3220 2378 si
3243 2323 3328 2380 vel
3357 2334 3574 2395 prepter
3593 2326 3774 2382 :etatis

2174 2411 2636 2480 immaturitatem,
2663 2415 2746 2470 vel
2768 2415 2836 2470 ob
2854 2415 3070 2470 nimiam
3097 2417 3457 2473 infirmitatem
3480 2419 3773 2477 destitutus

2175 2502 2379 2556 viribus
2420 2504 2644 2560 credere
2674 2517 2918 2576 nequeat.
2966 2507 3246 2574 Quomodo
3274 2509 3433 2580 igitur
3462 2510 3515 2565 in
3541 2511 3770 2568 historia

2170 2591 2509 2659 Chananeus,
2540 2594 2745 2666 inquit,
2775 2597 3002 2652 credidit
3030 2599 3245 2669 quidem
3276 2611 3463 2666 mater,
3500 2603 3605 2657 filia
3638 2619 3771 2658 vero

2171 2691 2356 2736 Sanata
2379 2684 2504 2738 est?
2533 2695 2587 2740 et
2611 2700 2733 2740 cum
2760 2688 3005 2742 centurio
3036 2687 3225 2745 fuisset
3264 2691 3602 2758 incredulus,
3632 2708 3772 2764 quo-

2171 2775 2330 2830 modo
2361 2791 2492 2846 puer
2517 2779 2772 2845 surrexit,
2803 2788 2858 2834 et
2884 2780 3062 2835 salvus
3089 2782 3305 2836 evasit?
3334 2783 3484 2850 Quod
3514 2785 3764 2840 nimirum

2169 2865 2390 2920 credere
2419 2865 2640 2921 minime
2669 2878 2889 2937 possent
2911 2870 3120 2940 ingrati.
3153 2870 3288 2925 Audi
3320 2887 3448 2927 sane
3474 2873 3598 2943 quid
3625 2873 3768 2929 Cha-

2168 2971 2353 3011 nantea
2400 2958 2565 3015 dicit:
2599 2958 2740 3013 Filia
2780 2978 2890 3015 mea
2934 2963 3066 3016 male
3103 2979 3136 3016 a
3165 2962 3416 3016 dtemonio
3455 2975 3680 3029 vexatur,
3717 2975 3768 3020 et

2167 3065 2301 3101 nunc
2341 3049 2541 3119 quidem
2594 3051 2728 3104 cadit
2775 3053 2828 3106 in
2876 3069 3060 3122 aquam
3083 3094 3099 3121 ,
3135 3069 3270 3106 nunc
3310 3064 3480 3109 autem
3515 3056 3568 3110 in
3597 3057 3766 3127 ignem

2167 3140 2248 3211 ((ι)
2279 3141 2490 3214 (Matth.
2535 3143 2620 3198 l5.
2655 3143 2746 3214 22)
2788 3161 2801 3197 :
2836 3145 2925 3200 illa
2955 3161 3083 3201 vero
3111 3146 3372 3216 vertigine
3401 3147 3672 3217 laborans,
3711 3159 3767 3204 et

2164 3246 2194 3284 a
2222 3231 2466 3288 dat-mone
2509 3244 2787 3304 correpta,
2819 3251 3046 3306 qua-que
3091 3251 3379 3307 numquam
3418 3239 3614 3293 mentis
3651 3253 3765 3294 sua:

2167 3336 2387 3392 compos
2417 3338 2538 3379 esse
2566 3335 2792 3394 poterat,
2819 3341 2991 3398 neque
3017 3342 3144 3382 sana
3173 3342 3316 3397 esse,
3340 3344 3445 3400 quo
3471 3339 3624 3401 pacto
3641 3346 3766 3386 cre-

2164 3414 2293 3470 dere
2323 3415 2620 3486 potuisset?

2241 3505 2424 3560 Fidem
2450 3509 2666 3562 ostendit
2698 3507 3002 3580 Paralytici.
3030 3541 3103 3552 —
3127 3511 3192 3568 Ut
3219 3512 3377 3583 igitur
3395 3513 3533 3583 apud
3554 3513 3766 3570 Chana-

2165 3612 2334 3651 nzram
2361 3640 2376 3663 ,
2418 3598 2497 3653 sic
2528 3608 2581 3654 et
2615 3600 2755 3670 apud
2799 3604 3206 3671 centurionem;
3241 3605 3293 3660 in
3321 3605 3524 3661 aedibus
3548 3606 3764 3675 jacebat

2165 3705 2319 3759 puer,
2350 3691 2440 3761 qui
2471 3706 2572 3746 nec
2593 3693 2706 3762 ipse
2727 3704 2949 3749 noverat
2975 3695 3269 3761 Christum,
3300 3713 3472 3767 neque
3497 3699 3617 3768 quis
3639 3707 3763 3754 tan-

2168 3783 2289 3838 dem
2317 3794 2496 3850 esset,
2541 3785 2628 3856 qui
2655 3786 2914 3856 potuisset
2952 3787 3112 3857 igitur
3139 3789 3188 3843 ei
3211 3805 3369 3859 quem
3408 3805 3514 3843 non
3541 3801 3763 3846 noverat

2163 3875 2417 3942 credere,
2445 3884 2498 3930 et
2522 3878 2674 3944 cujus
2707 3877 3000 3946 periculum
3043 3879 3244 3934 nullum
3268 3879 3499 3934 fecerat?
3527 3883 3758 3937 Atenim

2163 3966 2231 4020 dc
2263 3965 2365 4019 hoc
2389 3964 2571 4020 dicere
2600 3966 2741 4021 istud
2783 3983 2889 4022 non
2923 3969 3045 4023 licet
3079 3987 3093 4023 :
3123 3971 3383 4040 siquidem
3409 3973 3633 4028 credidit
3661 3989 3761 4043 pa-

2163 4057 2434 4128 ralyticus.
2469 4056 2622 4113 Unde
2651 4058 2703 4113 id
2729 4061 2976 4114 constat?
3007 4061 3084 4115 Ex
3126 4061 3242 4129 ipso
3288 4063 3480 4128 modo,
3513 4079 3620 4133 quo
3664 4065 3762 4119 ad.

2163 4149 2360 4204 ductus
2389 4162 2495 4208 est.
2520 4151 2705 4222 Neque
2731 4153 2873 4208 enim
2905 4152 3030 4208 illud
3052 4155 3342 4210 oscitanter
3364 4156 3548 4213 audias
3568 4200 3583 4224 ,
3615 4158 3758 4228 quod

2162 4241 2494 4298 demiserunt
2524 4258 2646 4298 eum
2684 4259 2778 4313 per
2803 4253 2999 4300 tectum
3029 4264 3040 4297 :
3066 4246 3160 4301 sed
3185 4262 3306 4301 cum
3347 4249 3526 4303 animo
3549 4258 3641 4305 tuo
3668 4265 3760 4305 re-

2163 4343 2286 4401 puta
2313 4375 2327 4399 ,
2374 4345 2631 4404 quantum
2663 4335 2732 4389 sit
2760 4345 3018 4406 aegrotum
3047 4336 3097 4391 id
3135 4338 3240 4406 pati
3276 4347 3585 4394 contentum
3613 4356 3755 4398 esse.

2165 4423 2339 4480 Probe
2369 4425 2630 4497 siquidem
2663 4427 2834 4481 nostis
2864 4428 2999 4482 adeo
3025 4430 3394 4498 pusillanimes
3420 4446 3485 4485 ac
3511 4447 3758 4490 morosos

2163 4533 2336 4587 aegros
2362 4535 2503 4585 esse,
2533 4529 2592 4574 ut
2623 4519 2917 4575 ministeria
2953 4537 3071 4591 quae
3091 4522 3390 4590 jacentibus
3422 4524 3472 4578 in
3496 4524 3634 4579 lecto
3663 4525 3760 4581 de-

2160 4607 2435 4676 feruntur,
2469 4626 2839 4682 saepenumero
2865 4612 3246 4676 adversentur,
3287 4613 3578 4685 malintque
3608 4631 3757 4670 mor—

2163 4704 2352 4758 borum
2381 4703 2598 4759 dolores
2639 4703 2877 4772 pcrferre
2901 4747 2915 4768 ,
2957 4720 3114 4774 quam
3147 4706 3417 4760 molestias
3443 4722 3628 4762 eorum
3666 4708 3757 4777 qui

2159 4794 2413 4863 adjuvant
2463 4796 2747 4851 sustinere.
2805 4795 2909 4850 Isle
2952 4811 3080 4851 vero
3127 4806 3180 4850 ct
3221 4811 3285 4850 ex
3335 4797 3538 4852 mdibus
3574 4799 3756 4868 egredi

2159 4895 2442 4939 contentus
2471 4893 2607 4950 erat,
2633 4895 2689 4939 et
2713 4901 2805 4954 per
2832 4885 3005 4940 forum
3039 4886 3262 4956 ingredi,
3289 4902 3408 4940 cum
3432 4897 3753 4956 gestaretur,

2165 4990 2329 5046 seque
2353 4984 2430 5030 tot
2463 4976 2817 5045 prmseutibus
2848 4976 3154 5032 hominibus
3183 4979 3487 5033 OSteudcre.
3523 4979 3613 5035 Est
3655 4980 3756 5034 hoc

2157 5067 2316 5121 etiam
2342 5067 2395 5121 in
2426 5083 2575 5122 more
2604 5069 2835 5138 positum
2867 5076 3208 5138 aegrotorum,
3245 5068 3325 5141 [ut
3354 5086 3459 5124 non
3487 5069 3638 5124 facile
3659 5086 3755 5123 ve.

2157 5158 2256 5212 lint
2282 5158 2450 5213 ullum
2477 5174 2589 5213 sua:
2619 5159 2946 5229 argritudinis
2973 5175 3094 5214 esse
3122 5158 3335 5233 testem]
3369 5176 3383 5213 ε
3417 5161 3494 5215 sic
3515 5169 3573 5214 ut
3603 5162 3755 5215 multi

2157 5251 2444 5306 maluerint
2469 5253 2711 5322 oppressi
2740 5252 2939 5305 morbis
2967 5252 3202 5317 interire,
3235 5268 3393 5322 quam
3420 5253 3750 5308 calamitates

2155 5357 2280 5399 suas
2302 5343 2572 5416 detegere.
2619 5345 2809 5399 Διηοη
2854 5345 2923 5399 ita
2968 5360 3109 5415 mger
3137 5346 3265 5409 iste,
3301 5360 3487 5399 verum
3514 5360 3635 5401 cum
3664 5361 3754 5399 re-

2157 5435 2356 5505 pletum
2385 5436 2589 5490 videret
2620 5437 2908 5500 theatrum,
2949 5436 3125 5491 aditus
3157 5437 3507 5502 interclusos,
3541 5445 3750 5505 portum

2156 5528 2477 5598 obseptum,
2516 5543 2610 5597 per
2650 5535 2846 5582 tectum
2893 5529 3100 5583 demitti
3143 5539 3428 5584 contentus
3460 5529 3576 5583 fuit.
3602 5530 3752 5584 Adeo

2153 5620 2327 5675 Solcrs
2349 5629 2432 5674 cst
2463 5635 2633 5683 amor,
2664 5627 2718 5674 et
2745 5619 2982 5690 locuples
3009 5621 3224 5674 caritas.
3257 5620 3389 5674 Nam
3417 5620 3507 5690 qui
3533 5620 3748 5691 qua-rit,

2219 5796 2291 5857 (τι)
2327 5797 2406 5844 Hic
2431 5795 2651 5859 qumdam
2676 5796 2952 5858 adjiciuntur
2991 5809 3052 5845 (rx
3079 5797 3240 5846 Matth.
3275 5799 3344 5845 17.
3376 5797 3449 5846 ll.
