4106 6424
308 309 376 365 55
1181 308 1247 362 IN
1280 307 1776 365 PARALYTICUM
1819 308 1857 363 D

1970 312 2171 372 leUM
2211 317 2346 378 PER
2386 323 2693 382 TECTUM.
3498 331 3566 387 5'6

301 426 353 477 δὲ
379 425 623 495 ἀνέμεινε
655 421 790 494 πρὸς
825 423 987 478 αὐτὸν
1019 425 1367 498 κομισθῆναι,
1400 428 1495 481 καλ⁸
1518 426 1608 481 διὰ
1633 428 1687 482 τί
1725 428 1867 482 ἐκεί-

300 527 387 562 νου
425 510 522 579 μὲν
558 507 618 561 τὺ
661 508 820 579 σῶμα
864 508 1151 580 πρότερον,
1204 509 1392 564 τούτου
1425 510 1485 564 δὲ
1542 511 1639 582 τὴν
1691 512 1872 582 ψυχὴν

298 594 556 664 πρότερον
608 593 776 647 ίᾶται.
813 593 889 645 Οὐ
945 592 1052 665 γὰρ
1109 592 1296 658 ἀπλῶς
1362 594 1484 647 οὐδέ
1531 595 1657 665 εἰκῆ
1696 593 1868 648 ταῦτα

296 680 454 745 ποιεῖ,
488 674 645 746 σοφὸς
694 676 772 730 ὢν
807 678 901 731 καὶ
945 678 1323 750 προνοητικός.
1370 678 1735 750 Προσέχωμεν
1765 677 1872 731 τοί-

294 778 406 825 νυν,
442 763 537 815 καὶ¹
562 760 760 832 ἴδωμεν
789 761 952 814 αὐτὸν
987 760 1378 834 θεραπεύοντα.
1411 763 1472 815 Εί
1501 761 1609 832 γὰρ
1640 760 1734 814 ἐπὶ
1761 760 1873 813 τῶν

299 845 513 915 ίατρῶν,
559 844 780 900 ἐπειδὰν
828 843 1117 915 τέμνωσιν,
1154 845 1188 917 ἢ
1237 845 1487 908 καίωσιν,
1525 843 1558 915 ἢ
1603 843 1697 896 καὶ
1725 841 1871 913 ἄλλῳ

294 930 478 1001 τρόπῳ
510 928 908 1000 πεπηρωμένον
936 928 1031 982 καὶ
1079 928 1483 1001 ἐξησθενηκότα
1525 927 1871 997 ἀνατέμνων-

294 1028 400 1078 ται,
429 1011 523 1065 καὶ
545 1011 925 1083 κατατέμνωσι
958 1009 1138 1082 μέλος,
1171 1012 1356 1066 πολλοὶ
1376 1008 1867 1084 περιστοιχίζονται

293 1098 381 1155 τόν
419 1115 479 1151 τε
527 1098 811 1169 ἄρρωστον
844 1096 937 1150 καὶ
987 1096 1083 1150 τὸν
1126 1095 1302 1150 ταῦτα
1354 1095 1611 1151 ποιοῦντα
1660 1094 1864 1166 ἰατρὸν,

294 1181 470 1253 πολλῷ
511 1179 712 1251 μᾶλλον
742 1182 893 1251 ἡμᾶς
931 1178 1169 1234 ἐνταῦθα
1196 1178 1355 1233 τοῦτο
1401 1181 1578 1233 ποιεῖν
1606 1177 1733 1250 χρὴ,
1758 1178 1869 1248 ὅσῳ

293 1268 383 1322 καὶ
408 1267 587 1339 ίατρὺς
617 1264 841 1337 μείζων,
876 1265 971 1319 καὶ
1002 1264 1065 1318 16
1097 1265 1310 1336 νόσημα
1341 1262 1744 1335 χαλεπώτερον,
1767 1261 1868 1314 οὐκ

292 1352 601 1424 ἀνθρωπίνῃ
624 1350 812 1421 τέχνῃ,
856 1349 994 1403 ἀλλά
1028 1348 1147 1421 θείᾳ
1189 1347 1628 1421 κατορθούμενον
1659 1346 1863 1418 χάριτι.

293 1438 461 1491 Κάκεῖ
486 1437 585 1507 μὲν
634 1437 728 1489 καὶ
764 1435 944 1507 δέρμα
992 1433 1140 1488 ἔστιν
1191 1433 1319 1488 ἰδεῖν
1369 1435 1724 1504 τεμνόμενον,
1773 1432 1868 1485 καὶ

293 1520 462 1591 ίχῶρα
493 1519 708 1591 ῥέοντα,
746 1519 838 1572 καὶ
864 1516 1129 1589 σηπεδόνα
1160 1516 1506 1588 κινουμένην,
1538 1515 1631 1569 καὶ
1664 1513 1865 1586 πολλὴν

287 1604 472 1675 ἀηδίαν
500 1602 611 1657 ἀπὸ
638 1600 737 1672 τῆς
765 1601 997 1673 θεωρίας
1025 1600 1387 1672 ἐγγινομένην
1425 1601 1739 1670 ὑπομεῖναι,
1770 1598 1866 1652 καὶ

289 1686 482 1758 πολλὴν
531 1686 726 1757 ὀδύνην
756 1686 851 1739 καὶ
883 1685 1081 1755 λύπην,
1127 1683 1226 1737 οὐκ
1258 1685 1367 1738 ἀπὸ
1404 1684 1505 1754 τῆς
1546 1683 1724 1753 ὅψεως
1754 1682 1864 1736 τῶν

285 1769 612 1843 τραυμάτων
645 1769 826 1840 μόνον,
853 1768 990 1821 ἀλλά
1029 1767 1123 1821 καὶ
1151 1766 1259 1821 ἀπὸ
1297 1766 1399 1837 τῆς
1439 1766 1730 1838 ἀλγηδόνος
1756 1764 1864 1819 τῶν

286 1854 587 1924 καιομένων
634 1852 728 1906 καὶ
770 1851 878 1905 τῶν
929 1849 1311 1921 τεμνομένωνο
1347 1850 1520 1914 οὐδεὶς
1562 1851 1669 1923 γὰρ
1719 1848 1864 1903 οὕτω

284 1938 501 2004 λίθινος,
565 1938 641 2002 ὡς
687 1936 977 2010 παρεστὼς
1030 1937 1145 1998 τοῖς
1200 1933 1375 1988 ταῦτα
1432 1937 1721 2006 πάσχουσι,
1771 1936 1863 1989 καὶ

285 2022 493 2078 ἀκούων
533 2020 917 2086 όλολυζόντων,
961 2018 1081 2089 οὐχὶ
1114 2017 1476 2083 κατακλᾶται,
1522 2020 1618 2073 καὶ
1648 2021 1864 2089 συγχεῖ-

284 2125 387 2173 ται,
418 2108 513 2161 καὶ
546 2105 749 2177 πολλὴν
782 2107 848 2176 τῇ
880 2104 1024 2175 ψυχῇ
1068 2102 1281 2173 δέχεται
1309 2104 1409 2175 τὴν
1439 2104 1677 2175 ἀθυμίαν
1698 2122 1710 2134 ·
1745 2104 1859 2157 ἀλλ’

283 2192 425 2262 ὅμως
453 2191 548 2245 διὰ
591 2191 690 2263 τὴν
725 2190 1021 2261 ἐπιθυμίαν
1053 2193 1153 2262 τῆς
1195 2191 1428 2263 θεωρίας
1471 2188 1645 2243 ταῦτα
1681 2187 1862 2240 πάντα

284 2274 644 2345 ὐπομένομεν.
691 2272 953 2327 Ἐνταῦθα
980 2274 1037 2327 δέ
1069 2274 1219 2328 οὐδὲν
1257 2273 1496 2327 τοιοῦτον
1528 2271 1673 2326 ἐστιν
1709 2270 1858 2335 ἰδεῖν,

282 2356 339 2409 οὐ
370 2356 481 2429 πῦρ
513 2357 946 2428 προσαγόμενον,
974 2358 1033 2409 οὐ
1064 2357 1281 2428 σίδηρον
1315 2354 1732 2427 βαπτιζόμενον,
1762 2353 1860 2424 οὐχ

281 2434 413 2510 αἷμα
446 2441 594 2511 ῥέον,
634 2441 694 2493 οὐ
728 2441 820 2494 τὸν
853 2440 1131 2513 κάμνοντα
1162 2439 1517 2511 ὀδυνώμενον,
1546 2438 1647 2492 οὐκ
1678 2435 1861 2490 ὀλολύ-

282 2520 466 2585 ζοντασ
501 2523 568 2576 τὸ
600 2524 657 2577 δέ
687 2522 881 2588 αἴτιον,
921 2526 955 2594 ή
997 2525 1158 2593 σοφία
1188 2524 1283 2577 τοῦ
1313 2521 1675 2595 ἰατρεύοντος,
1712 2521 1861 2573 οὐδε-

280 2604 363 2669 νὸς
387 2605 622 2678 δεομένη
644 2606 849 2660 τούτων
874 2607 982 2661 τῶν
1006 2607 1227 2672 ἔξωθεν,
1253 2606 1370 2660 ἀλλ’
1400 2606 1539 2677 αὐτὴ
1569 2607 1735 2674 ἐαυτῇ
1764 2605 1859 2656 αὐ-

277 2689 483 2761 τάρκης
514 2687 669 2746 οὖσα.
716 2691 903 2761 Ἀρκεῖ
924 2689 1031 2761 γάρ
1052 2689 1305 2753 ἐπιτάξαι
1339 2688 1518 2759 μόνον,
1556 2688 1649 2741 καὶ
1681 2688 1859 2742 πάντα

277 2770 461 2826 λύεται
490 2772 562 2826 τὰ
585 2773 752 2828 δεινά.
787 2774 863 2828 Οὐ
892 2773 1052 2827 τοῦτο
1083 2772 1142 2826 δέ
1170 2775 1287 2827 ἐστι
1328 2772 1388 2825 τὸ
1419 2770 1855 2844 θαυμαζόμενον,

276 2854 353 2909 ὅτι
386 2856 511 2926 μετ’
563 2856 812 2921 εὐκολίας
852 2857 1125 2929 τοσαύτης
1162 2858 1398 2910 ποιεῖται
1444 2855 1544 2928 τὴν
1593 2855 1857 2924 ἰατρείαν,

274 2937 388 2992 ἀλλ’
410 2940 501 2993 ὅτι
526 2940 622 2994 καὶ
645 2941 950 3006 ἀνωδύνως,
977 2941 1165 2995 οὐδένα
1191 2941 1353 2996 πόνον
1380 2940 1600 3009 ἐπάγων
1628 2941 1741 3002 τοῖς
1768 2937 1858 2992 θε-

276 3024 691 3094 ραπευομένοις.
733 3025 887 3078 Ἐπεὶ
935 3022 1028 3080 οὖν
1070 3025 1163 3078 καὶ
1194 3024 1377 3095 μεῖζον
1404 3022 1466 3076 τὺ
1518 3021 1725 3093 θαῦμα,
1765 3021 1860 3075 καὶ

278 3105 552 3178 πλείωνή
602 3107 887 3181 θεραπεία,
934 3108 1029 3163 καὶ
1073 3107 1287 3180 καθαρά
1331 3106 1513 3177 πάσης
1563 3105 1858 3177 ἀθυμίαςή

275 3187 433 3261 ἡδονὴ
487 3193 601 3254 τοῖς
635 3190 948 3263 θεωμένοις,
982 3192 1118 3264 φέρε
1160 3190 1298 3264 μετά
1341 3189 1627 3261 ἀκριϐείας
1654 3187 1861 3242 θεασώ-

280 3273 414 3341 μεθα
433 3274 812 3346 θεραπεύοντα
825 3276 916 3330 τὸν
932 3276 1187 3348 Χριστόν.
1208 3275 1316 3330 Καὶ
1338 3275 1523 3344 ἐμϐὰς
1541 3275 1629 3340 εὶς
1645 3272 1861 3327 πλοῖον

275 3353 618 3426 διεπέρασε,
655 3360 754 3413 καὶ
789 3356 977 3431 ἦλθεν
1024 3362 1112 3426 εις
1150 3358 1312 3414 ἰδίαν
1349 3357 1551 3423 πόλιν,
1587 3359 1683 3411 καὶ
1730 3356 1859 3411 ἰδοὺ

276 3442 707 3513 προσήνεγκαν
735 3444 896 3511 αὐτῷ
938 3442 1347 3513 παραλυτικὸν
1377 3442 1476 3495 ἐπὶ
1514 3442 1732 3509 κλίνης
1755 3442 1861 3505 βε-

274 3523 609 3594 βλημένον,
656 3528 755 3582 καὶ
784 3527 928 3582 ἰδὼν
953 3531 987 3583 ό
1020 3527 1252 3597 Ἰησοῦς
1282 3526 1399 3593 τὴν
1422 3526 1635 3580 πίστιν
1662 3524 1861 3579 αὐτῶν

274 3602 405 3662 εἷπε
434 3606 522 3674 τῷ
568 3610 982 3680 παραλυτικῷ·
1019 3609 1256 3680 Θάρσει,
1283 3609 1521 3674 τέκνον,
1564 3607 1864 3677 ἀφέωνταί

279 3706 376 3745 σοι
409 3696 470 3747 al
504 3693 782 3763 ἁμαρτίαι
820 3709 959 3750 σου.
996 3695 1102 3749 Τοῦ
1139 3695 1237 3766 μὲν
1266 3694 1660 3765 ἑκατοντάρχου
1702 3692 1861 3745 ἐλάτ-

276 3790 402 3838 τους
440 3776 552 3830 είσὶ
571 3778 712 3832 κατά
738 3778 837 3850 τὴν
871 3778 1072 3845 πίστιν,
1104 3777 1199 3831 τοῦ
1229 3776 1286 3830 δέ
1316 3778 1373 3830 ἐν
1402 3779 1470 3847 τῇ
1503 3775 1862 3847 κολυμϐήθρᾳ

278 3857 524 3927 μείζους.
566 3860 803 3926 Ἐκεῖνος
837 3862 935 3932 μὲν
956 3861 1065 3933 γὰρ
1096 3859 1219 3915 οὔτε
1247 3859 1339 3914 τὸν
1369 3860 1553 3931 ἰατρὸν
1588 3860 1856 3923 εἵλκυσεν,

275 3941 401 3995 οὔτε
453 3943 546 3997 τὸν
605 3946 884 4016 ἄρρωστον
918 3946 1055 4017 πρὸς
1106 3945 1198 3999 τὸν
1244 3945 1427 4015 ἰατρὸν
1472 3945 1711 4016 ήγαγενο
1747 3943 1863 3998 ἀλλ’

276 4026 350 4088 ὼς
380 4024 503 4097 Θεῷ
557 4028 850 4098 προσῆλθε,
891 4029 985 4083 καί
1032 4044 1228 4101 φησιν·
1266 4026 1416 4082 Εἰπὲ
1446 4028 1610 4097 λόγῳ
1644 4028 1858 4097 μόνον,

275 4107 373 4160 καί
410 4110 719 4176 ἰαθήσεται
750 4115 783 4166 ό
810 4112 951 4181 παῖς
972 4129 1112 4183 μου.
1151 4104 1310 4166 οὗτοι
1333 4111 1389 4165 δέ
1420 4112 1512 4166 τὸν
1548 4111 1648 4183 μὲν
1680 4112 1862 4181 ίατρὸν

276 4194 354 4255 είς
392 4192 493 4264 τὴν
526 4194 704 4249 οίκὶαν
754 4195 851 4267 οὐχ
882 4196 1155 4262 εἵλκυσαν,
1204 4196 1298 4250 καλ⁵
1334 4195 1478 4267 κατὰ
1520 4195 1679 4249 τοῦτό
1724 4197 1861 4249 είσιν

277 4275 381 4329 [σοι
400 4275 480 4348 τῷ
499 4266 875 4350 ἑκατοντάρχῃ
895 4297 908 4309 ·
932 4280 1023 4333 τὸν
1041 4280 1097 4333 δέ
1112 4274 1393 4352 ἄρρωστον
1407 4266 1553 4351 ’πρὸς
1569 4279 1659 4333 τὸν
1682 4282 1764 4333 ίατ
1772 4279 1862 4351 ρὸν

276 4360 567 4431 ἐκόμισαν,
599 4362 694 4415 καὶ
740 4363 881 4416 κατὰ
932 4362 1089 4416 τοῦτό
1127 4366 1267 4416 είσιν
1321 4362 1598 4427 ἐλάττους,
1631 4364 1713 4416 ὅτι
1764 4366 1864 4416 οὐκ

275 4439 454 4508 εἷπον,
488 4445 639 4500 Εἰπὲ
664 4449 823 4515 λόγῳ
838 4447 1050 4515 μόνον.
1087 4446 1194 4500 Τοῦ
1229 4447 1412 4519 μέντοι
1442 4447 1696 4518 κειμένου
1727 4446 1860 4501 πολύ

277 4526 527 4599 βελτίους
555 4521 720 4584 οὗτοι.
768 4531 1005 4594 Ἐκεῖνος
1037 4531 1133 4601 μὲν
1168 4528 1285 4602 [40]
1313 4531 1423 4602 γὰρ
1456 4530 1626 4601 λέγει’
1657 4528 1859 4598 Κύριε,

277 4610 598 4680 ἄνθρωπον
629 4615 739 4667 οὐκ
767 4612 907 4681 ἔχω,
940 4615 1062 4679 ἵνα,
1096 4613 1243 4668 ὅταν
1272 4613 1540 4682 ταραχθῇ
1581 4612 1647 4666 τὸ
1681 4613 1858 4682 ὕδωρ,

270 4693 447 4761 ,ϐάλῃ
487 4710 566 4764 με
588 4698 677 4763 εις
704 4696 822 4763 τὴν
848 4696 1305 4766 κολυμϐήθραν
1342 4689 1488 4749 οὗτοι
1519 4696 1575 4750 δὲ
1618 4697 1859 4768 ᾔδεισαν,

276 4777 359 4829 ὅτι
392 4772 546 4832 οὐδὲν
571 4778 758 4851 δεῖτῷ
800 4780 1040 4851 Χριστῷ,
1082 4780 1180 4850 οὐχ
1218 4779 1445 4844 ὑδάτων,
1478 4781 1539 4832 οὐ
1587 4779 1864 4852 κολυμϐή-

276 4861 436 4933 θρας,
460 4864 560 4916 οὐκ
588 4862 748 4917 ἄλλου
781 4864 1022 4918 τοιούτου
1053 4865 1197 4928 τινός
1221 4883 1235 4897 ο
1263 4864 1376 4918 ἀλλ’
1400 4865 1549 4935 ὅμως
1572 4866 1601 4917 6
1627 4865 1860 4937 Χριστὸς

277 4951 402 5020 οὐχὶ
449 4950 540 5005 τὸν
576 4950 671 5004 τοῦ
706 4953 1105 5025 ἑκατοντάρχου
1143 4953 1322 5023 μόνον,
1353 4952 1489 5007 ἀλλά
1532 4955 1628 5006 καὶ
1674 4954 1861 5008 τοῦτον

276 5040 532 5093 κάκεῖνον
568 5040 678 5092 τῶν
709 5040 1035 5112 νοσημάτων
1068 5040 1363 5112 ἀπήλλαξε,
1408 5042 1501 5094 κει)⁵
1538 5043 1638 5095 οὐκ
1670 5039 1822 5097 εἶπεν
1843 5058 1858 5073 °

291 5122 516 5196 Ἐπειδὴ
530 5126 713 5181 πίστιν
726 5124 991 5186 ἐλάττονα
1010 5131 1412 5199 προσήνεγκας,
1448 5130 1543 5182 καὶ
1571 5130 1669 5202 τήν
1699 5131 1862 5203 θερα-

276 5214 442 5267 πείαν
485 5214 747 5280 ὡσαύτως
793 5215 974 5289 λήψῃ·
1017 5217 1154 5272 ἀλλὰ
1186 5219 1277 5272 τὸν
1325 5217 1549 5288 μείζονα
1593 5221 1862 5287 ἐπιδειξά-

279 5318 445 5371 μενον
502 5303 617 5373 μετ’
650 5304 938 5375 ἐγκωμίων
969 5305 1062 5360 καὶ
1098 5306 1378 5376 στεφάνων
1425 5308 1749 5378 ἀπέπεμψεν
1782 5313 1861 5364 εί-

276 5386 399 5443 πών
420 5406 434 5421 ο
462 5388 613 5445 Οὐδὲ
632 5391 701 5444 ἐν
722 5388 803 5456 τῷ
839 5390 1076 5461 Ἰσραὴλ
1098 5394 1403 5462 τοσαύτην
1426 5397 1635 5450 πίστιν
1657 5392 1855 5465 εὖρον.

277 5477 385 5532 Τὸν
413 5478 471 5533 δέ
499 5479 757 5534 ἐλάττονα
799 5485 1308 5553 προσενεγκάμενον
1349 5486 1558 5537 ἐκείνου
1602 5486 1701 5539 οὐκ
1728 5486 1862 5558 ἐπῄ-

276 5581 439 5619 νεσεν
464 5567 636 5631 οὐδὲν,
672 5570 732 5622 οὐ
784 5570 895 5641 μὴν
934 5571 1033 5642 τῆς
1076 5572 1265 5640 ὑγείας
1312 5572 1706 5644 ἀπεστέρησεν,
1743 5574 1859 5628 ἀλλ’

273 5653 398 5706 οὐδὲ
422 5654 624 5711 ἐκεῖνον
644 5658 736 5712 τὸν
756 5659 1014 5731 οὐδεμίαν
1037 5660 1441 5732 ἐπιδειξάμενον
1463 5664 1665 5718 πίστιν.
1699 5664 1858 5719 Ἀλλά

277 5741 532 5817 καθάπερ
577 5748 751 5819 ἰατροὶ
784 5749 845 5801 τὸ
875 5749 1003 5802 αὐτὸ
1036 5749 1250 5821 νόσημα
1281 5750 1673 5820 θεραπεύοντες
1707 5756 1856 5825 παρὰ

1984 434 2084 503 μὲν
2116 437 2223 491 τῶν
2258 439 2453 495 ἑκατὸν
2474 444 2762 514 χρυσίνους
2794 444 3006 511 ἔλαϐον,
3042 447 3189 520 παρὰ
3217 449 3271 502 δέ
3303 449 3411 505 τῶν
3440 450 3570 522 ἡμί-

1982 542 2114 590 σεις,
2150 528 2300 600 παρὰ
2322 530 2429 585 τῶν
2458 532 2740 599 ἐλάσσους,
2777 536 2906 606 παρ’
2938 536 3097 591 ἐνίων
3130 538 3185 591 δέ
3214 537 3364 593 οὐδὲν
3392 537 3528 603 ὅλως
3548 554 3563 569 ’

1978 616 2120 670 οὕτω
2143 617 2206 689 δὴ
2243 620 2336 673 καὶ
2360 621 2389 673 6
2417 623 2673 694 Χριστὸς,
2707 626 2857 697 παρὰ
2891 628 2989 697 μὲν
3019 628 3113 680 τοῦ
3162 629 3566 701 ἑκατοντάρχου

1980 710 2178 783 πολλὴν
2206 714 2300 767 καὶ
2331 713 2537 785 ἄφατον
2582 715 2800 783 ἐδέξατο
2849 718 3052 784 πίστιν,
3088 719 3240 791 παρὰ
3270 718 3326 773 δὲ
3374 721 3564 776 τούτου

1976 802 2256 868 ἐλάττονα,
2308 809 2439 880 παρ’
2488 810 2696 863 ἐκείνου
2727 809 2785 864 δὲ
2824 810 2944 864 οὐδέ
2971 812 3072 880 τὴν
3119 812 3411 883 τυχοῦσαν,
3458 815 3555 868 καὶ⁵

1975 896 2125 967 ὅμως
2151 897 2397 964 ἅπαντας
2428 899 2786 973 ἐθεράπευσε.
2819 902 2974 966 Τίνος
3009 899 3101 957 οὖν
3129 904 3314 958 ἐνεκεν
3346 905 3440 959 καὶ
3469 905 3563 958 τὸν

1975 988 2128 1045 οὐδὲν
2177 992 2550 1047 καταϐαλόντα
2586 995 2684 1065 τῆς
2736 995 3058 1065 εὐεργεσίας
3113 995 3379 1066 ὴξίωσεν;
3434 997 3559 1050 Ὀτι

1975 1079 2096 1134 οὐδὲ
2122 1082 2271 1153 παρά
2306 1084 2600 1155 ρᾳθυμίαν,
2629 1086 2752 1138 οὐδὲ
2781 1087 2930 1157 παρά
2962 1087 3318 1159 ἀναισθησίαν
3350 1076 3551 1160 ψυχῆς.

1974 1171 2111 1226 ἀλλά
2142 1174 2293 1246 παρὰ
2323 1176 2383 1229 τὸ
2425 1177 2639 1245 ἀγνοεῖν
2674 1176 2766 1230 τὸν
2794 1179 3027 1250 Χριστὸν
3058 1179 3153 1233 καὶ
3188 1180 3356 1252 μηδὲν
3393 1180 3560 1252 μηδέ-

1976 1281 2104 1318 ποτε
2137 1266 2274 1337 μήτε
2323 1266 2516 1339 μικρὸν
2552 1269 2687 1340 μήτε
2722 1270 2863 1340 μέγα
2892 1271 3189 1342 ἀκηκοέναι
3230 1274 3360 1343 περὶ
3388 1269 3557 1326 αὐτοῦ

1974 1354 2180 1427 θαῦμα,
2204 1357 2305 1429 τὴν
2333 1358 2514 1412 πίστιν
2543 1361 2644 1413 οὐκ
2669 1358 2999 1426 ἐπεδείξατο.
3027 1363 3125 1416 Διά
3158 1362 3315 1417 τοῦτο
3335 1358 3426 1417 οὖν
3460 1362 3556 1416 καὶ

1975 1444 2304 1518 συγγνώμης
2336 1447 2646 1518 άπήλαυσεν
2665 1461 2679 1476 ·
2707 1448 2845 1522 ὅπερ
2870 1445 2962 1503 οὖν
2989 1452 3082 1504 καὶ
3110 1453 3138 1503 6
3163 1449 3554 1519 εὐαγγελιστὴς

1973 1533 2345 1604 αἰνιττόμενος
2373 1534 2559 1603 ἔλεγεν
2576 1553 2590 1567 ο
2608 1535 2761 1589 Οὐδέ
2779 1537 2888 1606 γὰρ
2920 1538 3071 1607 ᾔδει,
3094 1537 3265 1604 ὅστις
3285 1537 3430 1590 ποτὲ
3450 1533 3549 1606 ἦν,

1972 1623 2086 1678 ἀλλ’
2116 1624 2176 1690 ἐξ
2212 1626 2387 1695 ὅψεως
2420 1628 2580 1681 αὐτὸν
2613 1629 2782 1700 μόνης
2823 1629 3059 1700 ἐπέγνω,
3091 1631 3180 1683 ὅτε
3213 1632 3277 1683 ἐκ
3299 1629 3550 1699 δευτέρου

1975 1717 2282 1787 συνέτυχεν.

2041 1809 2103 1865 ε’.
2145 1809 2301 1874 Τινὲς
2333 1811 2431 1882 μὲν
2461 1805 2554 1864 οὗν
2588 1829 2769 1881 φασιν,
2800 1813 2882 1867 ὅτι
2909 1812 3017 1866 τῶν
3071 1812 3556 1883 προσενεγκάντων

1971 1903 2381 1956 πιστευσάντων
2442 1904 2623 1974 μόνον,
2666 1897 2821 1968 οὗτος
2869 1903 3262 1978 ἐθεραπεύετο·
3314 1904 3425 1959 ἀλλ’
3455 1906 3556 1958 οὐκ

1975 1995 2090 2049 ἔστι
2113 1994 2291 2049 τοῦτο.
2335 1995 2504 2051 Ἰδὼν
2530 1997 2638 2067 γὰρ
2676 1994 2793 2064 τὴν
2821 1998 3031 2050 πίστιν
3060 1996 3278 2061 αὐτῶν,
3306 1996 3426 2067 οὐχὶ
3447 1996 3555 2049 τῶν

1970 2089 2451 2158 προσενεγκάντων
2496 2088 2678 2159 μόνον,
2721 2088 2859 2142 ἀλλά
2896 2090 2990 2142 καλ⁸
3030 2088 3124 2142 τοῦ
3165 2086 3553 2160 προσενεχθέν-

1967 2197 2079 2243 τος.
2111 2181 2176 2233 Τί
2205 2176 2332 2245 οὖν;
2373 2181 2563 2250 ἐτέρου
2615 2180 3002 2244 πιστεύσαντος
3056 2180 3243 2251 ἕτερος
3283 2179 3343 2231 οὐ
3392 2176 3552 2248 θερα-

1970 2274 2224 2338 πεύεται;
2264 2273 2447 2345 φησίν.
2481 2276 2595 2328 Οὐκ
2634 2273 2806 2343 ἔγωγε
2837 2267 3010 2344 οἶμαι,
3045 2271 3182 2341 πλὴν
3216 2272 3264 2323 εἱ
3320 2271 3390 2343 μή
3418 2287 3470 2322 τι
3512 2267 3546 2339 ἢ

1967 2364 2055 2419 διὰ
2089 2365 2303 2435 ήλικίας
2336 2366 2533 2436 ἄωρον,
2579 2365 2612 2437 ἢ
2659 2365 2747 2420 διὰ
2781 2363 3226 2436 ὑπερϐάλλουσαν
3264 2360 3554 2414 ἀσθένειαν

1967 2456 2246 2521 ἀδυνάτως
2279 2457 2391 2527 ἔχει
2427 2459 2563 2529 πρὸς
2604 2458 2665 2512 τὸ
2700 2456 3009 2511 πιστεῦσαι.
3053 2456 3177 2520 Πῶς
3198 2451 3291 2508 οὖν
3336 2454 3427 2506 ἐπὶ
3453 2452 3548 2521 τῆς

1965 2546 2302 2611 Χαναναίας,
2335 2549 2522 2618 φησὶν,
2570 2549 2857 2602 ἐπίστευσε
2889 2550 2989 2619 μὲν
3031 2550 3066 2619 ή
3107 2550 3311 2619 μήτηρ,
3362 2545 3547 2617 ἐθεραο

1967 2647 2166 2700 πεύετο
2188 2646 2245 2699 δὲ
2278 2649 2311 2718 ή
2342 2647 2588 2719 θυγάτηρ
2613 2665 2627 2714 ;
2661 2649 2754 2703 καὶ
2794 2648 2890 2702 τοῦ
2918 2647 3316 2718 ἑκατοντάρχου
3341 2645 3398 2699 δέ
3421 2646 3550 2698 ἀπι-

1969 2745 2267 2816 στήσαντος
2318 2743 2436 2809 πῶς
2482 2747 2511 2799 6
2575 2748 2698 2809 παῖς
2757 2745 3036 2809 ἀνίστατο,
3081 2744 3175 2797 καὶ
3227 2740 3550 2807 διεσώζετος

1970 2843 2096 2896 Ὀτι
2138 2844 2238 2897 οὐκ
2266 2843 2529 2914 ἠδύναντο
2559 2842 2835 2897 πιστεύειν
2874 2844 2923 2896 οἱ
2948 2840 3251 2904 νοσοῦντες.
3286 2840 3553 2892 ’Ἄκουσον

1966 2936 2059 2995 οὖν
2087 2942 2141 2994 τί
2176 2958 2340 3012 φησιν
2367 2944 2401 3013 ἡ
2451 2943 2760 2997 Χαναναία⁸
2809 2944 2880 2997 'II
2905 2940 3167 3011 θυγάτηρ
3202 2956 3319 3009 μου
3352 2935 3548 3001 κακῶς

1967 3035 2377 3107 δαιμονίζεται,
2419 3038 2517 3092 καί
2553 3037 2699 3092 ποτὲ
2732 3037 2852 3108 μὲν
2908 3038 3102 3094 πίπτει
3146 3038 3233 3101 είς
3269 3034 3335 3089 τὸ
3373 3033 3550 3101 ὕδωρ,

1968 3133 2114 3187 ποτὲ
2160 3134 2225 3188 δὲ
2257 3138 2344 3200 εις
2375 3136 2443 3188 τὸ
2479 3135 2628 3202 πῦρ·
2677 3135 2710 3205 ή
2742 3133 2799 3188 δέ
2845 3133 3185 3204 σκοτουμένη
3219 3132 3314 3187 καὶ
3342 3131 3550 3201 δαιμω-

1967 3233 2136 3301 νῶσα,
2173 3235 2268 3288 καὶ
2300 3234 2434 3305 μηδὲ
2475 3236 2532 3288 ἐν
2577 3236 2742 3304 ἑαυτῇ
2779 3233 3051 3304 δυναμένη
3102 3231 3357 3302 γενέσθαι
3398 3230 3551 3295 ποτὲ,

1971 3331 2110 3402 μηδέ
2146 3332 2485 3400 ὑγιαίνουσα,
2522 3332 2641 3394 πῶς
2673 3331 2737 3385 ἂν
2759 3331 2998 3401 ἠδυνήθη
3026 3327 3349 3393 πιστεῦσαις

2051 3428 2138 3493 Ὠς
2165 3425 2258 3483 οὖν
2287 3431 2380 3483 ἐπὶ
2402 3430 2501 3501 τῆς
2525 3428 2857 3492 Χαναναίας,
2888 3426 3031 3480 οὕτω
3063 3425 3157 3479 καὶ
3182 3423 3275 3479 ἐπὶ
3304 3422 3398 3477 τοῦ
3425 3424 3555 3476 ἐκα-

1968 3527 2265 3599 τοντάρχου
2286 3544 2301 3559 ’
2336 3529 2393 3582 ἐν
2423 3512 2488 3599 τῇ
2523 3526 2671 3600 οἰκίᾳ
2699 3526 2960 3598 ἐϐέϐλητο
2998 3524 3027 3577 6
3058 3525 3208 3587 παῖς,
3242 3521 3361 3576 οὐδέ
3391 3520 3554 3583 αὐτὸς

1970 3624 2125 3689 εἰδὼς
2174 3626 2264 3679 τὸν
2294 3625 2551 3698 Χριστὸν,
2612 3625 2733 3679 οὐδέ
2781 3626 2931 3688 ὅστις
2983 3622 3116 3677 ποτέ
3160 3616 3250 3694 ῆν,
3303 3620 3417 3683 πῶς
3460 3614 3555 3671 οὖν

1968 3722 2170 3792 ἥμελλε
2202 3721 2279 3793 τῷ
2313 3722 2660 3793 ἀγνοουμένφ
2701 3721 2997 3785 πιστεύειν,
3038 3721 3134 3776 καὶ¹
3165 3712 3227 3773 οὗ
3284 3716 3553 3790 μηδεμίαν

1968 3817 2181 3872 οὐδέπω
2223 3820 2419 3889 πεῖραν
2461 3818 2709 3890 είλήφει;
2756 3818 2895 3871 Ἀλλ’
2925 3819 3026 3871 οὐκ
3056 3818 3150 3871 ἐπὶ
3192 3816 3385 3869 τούτου
3435 3814 3553 3867 ἔστι

1967 3917 2126 3971 τοῦτο
2156 3918 2359 3969 εἰπεῖν·
2411 3916 2527 3971 ἀλλ’
2572 3916 2892 3971 ἐπίστευσεν
2929 3918 2957 3970 6
3004 3914 3334 3987 παράλυτος.
3380 3911 3554 3965 Πόθεν

1968 4014 2127 4069 τοῦτο
2168 4013 2327 4085 δῆλον
2354 4031 2368 4079 ;
2415 4015 2534 4068 Ἀπ’
2571 4013 2736 4069 αὐτοῦ
2766 4012 2858 4067 τοῦ
2893 4012 3098 4085 τρόπου
3128 4014 3228 4083 τῆς
3260 4025 3551 4082 προσαγω-

1968 4113 2094 4183 γῆς.
2118 4113 2209 4183 Μὴ
2242 4112 2350 4182 γὰρ
2380 4111 2444 4181 δὴ
2476 4111 2663 4175 ἁπλῶς
2697 4110 2958 4181 ἀκούσῃς,
2993 4112 3076 4164 ὅτι
3108 4110 3356 4179 καθῆκαν
3385 4107 3552 4175 αὐτὸν

1968 4210 2056 4263 διὰ
2099 4209 2192 4264 τοῦ
2244 4209 2497 4278 στέγους·
2546 4208 2661 4262 ἀλλ’
2694 4209 2970 4281 ἐννόησον,
3017 4208 3143 4262 ὅσον
3183 4207 3331 4261 ἐστὶν
3368 4207 3553 4279 ἀρρω-

1972 4307 2200 4360 στοῦντα
2242 4306 2404 4360 τοῦτο
2451 4303 2645 4360 παθεῖν
2698 4304 3012 4376 ἀνέχεσθαι.
3052 4306 3196 4358 ’Ἰστε
3240 4302 3350 4373 γὰρ
3379 4302 3558 4373 δήπου

1972 4400 2086 4473 [41]
2114 4401 2292 4465 τοῦτο,
2331 4402 2413 4455 ὅτι
2449 4400 2592 4455 οὕτω
2640 4401 2965 4472 μικρόψυχοι
3002 4400 3097 4454 καὶ
3123 4399 3441 4469 δυσάρεστοι
3471 4413 3555 4449 νο-

1972 4496 2191 4561 σοῦντές
2219 4499 2379 4561 εἰσιν,
2405 4496 2480 4561 ὡς
2508 4496 2604 4550 καὶ
2636 4495 2735 4560 τὰς
2766 4497 2859 4549 ἐπὶ
2887 4495 3076 4564 κλίνης
3106 4493 3403 4564 θεραπείας
3431 4492 3549 4545 δια-

1969 4592 2258 4664 κρούεσθαι
2282 4592 2563 4655 πολλάκις,
2592 4592 2683 4645 καὶ
2715 4591 2987 4663 αἱρεῖσθαι
3013 4590 3112 4653 τάς
3132 4590 3239 4644 ἀπὸ
3260 4591 3368 4643 τῶν
3388 4606 3549 4659 νοση-

1973 4691 2157 4759 μάτων
2196 4689 2381 4758 φέρειν
2425 4688 2636 4751 ὀδύνας.
2684 4686 2718 4757 ἢ
2756 4687 2855 4758 τὴν
2896 4686 3005 4741 ἀπὸ
3032 4687 3139 4741 τῶν
3187 4685 3556 4758 βοηθημάτων

1970 4788 2263 4860 ὑπομένειν
2290 4787 2605 4859 ἐπάχθειαν.
2644 4781 2814 4851 Οὗτος
2842 4787 2900 4841 δέ
2935 4787 3030 4840 καὶ
3072 4786 3174 4855 τῆς
3207 4785 3551 4851 οἰκίαςηπρο-

1968 4886 2144 4940 ελθεῖν
2168 4886 2448 4957 ἠνέσχετο,
2481 4885 2574 4939 καὶ
2610 4888 2690 4949 είς
2735 4884 2941 4956 ἀγορὰν
2986 4884 3244 4956 ἐμϐαλεῖν
3278 4882 3534 4953 βασταζό-

1971 5002 2153 5056 μενος,
2179 4986 2275 5039 καὶ
2299 4984 2569 5037 τοσούτων
2592 4980 2873 5054 παρόντων
2899 4982 3092 5037 ἐαυτὸν
3129 4981 3411 5046 ἐπιδεῖξαι.
3440 4979 3551 5034 Καὶ

1967 5083 2126 5138 τοῦτο
2152 5083 2208 5137 δὲ
2253 5082 2372 5147 ἔθος
2412 5085 2526 5146 τοῖς
2551 5079 2924 5153 ἀρῤωστοῦσιν
2973 5079 3343 5144 ἐναποθανεῖν,
3371 5078 3407 5150 ἥ
3446 5078 3555 5142 τὰς

1968 5179 2174 5245 οἰκείας
2215 5178 2518 5249 ἐκκαλύψαι
2548 5178 2853 5249 συμιροράς.
2898 5176 3037 5231 Ἀλλ’
3072 5178 3171 5248 οὐχ
3202 5179 3229 5231 6
3269 5178 3556 5249 ἄρρωστος

1968 5273 2121 5342 οὗτος
2169 5277 2360 5341 οὕτως,
2396 5276 2511 5330 ἀλλ’
2558 5275 2679 5329 ἰδὼν
2716 5275 2777 5329 τὸ
2826 5274 3054 5346 θέατρον
3096 5270 3550 5345 πεπληρωμένον.

1967 5377 2065 5441 τὰς
2113 5375 2350 5439 εἰσόδους
2394 5372 2933 5444 ἀποτετειχισμένας,
2967 5372 3063 5425 τὸν
3104 5370 3296 5441 λιμένα
3344 5368 3545 5421 ἀποκεο

1969 5471 2306 5542 κλεισμένον,
2345 5471 2433 5524 διὰ
2479 5470 2573 5524 τοῦ
2623 5470 2846 5538 στέγους
2890 5468 3148 5536 ἠνέσχετο
3186 5463 3547 5534 χαλασθῆναι.

1968 5568 2154 5633 Οὕτως
2177 5568 2482 5640 εὐμήχανον
2502 5570 2530 5621 6
2561 5567 2741 5630 πόθος,
2768 5566 2861 5619 καί
2885 5562 3115 5633 εὔπορον
3137 5564 3171 5633 ή
3201 5562 3410 5635 ἀγάπη.
3434 5564 3546 5616 Καὶ

1965 5666 2074 5738 γάρ
2101 5666 2129 5718 6
2151 5664 2329 5737 ζητῶν
2359 5664 2624 5735 εὑρίσκει,
2660 5663 2753 5715 καὶ
2786 5659 2863 5731 τῷ
2893 5657 3141 5731 κρούοντι
3172 5659 3549 5729 ἀνοιγήσεται.

1966 5764 2079 5818 Οὐκ
2140 5758 2259 5815 εἷπε
2311 5760 2445 5826 πρὸς
2476 5760 2602 5822 τοὺς
2648 5757 3025 5827 προσήκοντας
3077 5752 3260 5824 αὐτῷ·
3318 5751 3382 5804 Τί
3418 5765 3549 5804 ποτε
