4106 6432
513 308 583 364 57
1152 306 1217 366 8.
1256 306 1544 364 JOANNIS
1584 304 2082 363 CIIRYSOSTOMI
2121 305 2441 362 ARCIIIEP.
2481 305 3030 364 CONSTANTINOP.
3713 302 3788 362 58

509 417 671 471 τοῦτό
705 420 880 481 ἐστινς
915 417 967 471 τί
1011 417 1361 491 θορυϐεῖσθες
1391 418 1443 471 τί
1482 418 1539 470 δέ
1572 416 1896 485 ἐπείγεσθες
1939 416 2097 468 Ἀναο

516 503 776 578 σχῶμεθα
831 502 1129 574 κενωθῆναι
1190 501 1250 554 16
1303 502 1608 572 δωμάτιον,
1668 498 1985 568 διαλυθῆναι
2038 497 2099 550 τὸ

518 590 778 660 θέατρον·
832 587 1281 656 ἀναχωρήσουσιν
1314 585 1365 637 οἱ
1414 583 1840 653 συνειλεγμένοι.
1876 580 2100 652 δυνησό-

524 672 662 739 μεθα
712 667 957 722 κατιδίαν
1005 668 1149 737 αύτῷ
1206 666 1539 738 προσελθεῖν,
1580 664 1675 717 κα.)⁵
1726 665 1853 735 περὶ
1897 662 2099 717 τούτων

522 751 1005 809 ἀνακοινώσασθαι.
1053 749 1118 803 Τί
1152 750 1234 803 δεῖ
1279 749 1496 802 πάντων
1537 748 1786 820 ὁρώντων
1817 750 1897 811 είς
1935 746 2099 818 μέσον

522 837 849 907 προτεθῆναι
892 835 992 897 τὰς
1033 832 1173 902 ἐμὰς
1209 831 1515 902 συμφοράς.
1549 832 1645 884 καὶ
1678 830 1885 885 ἀνωθεν
1930 828 2099 901 χαλᾶ-

524 922 667 975 σθαι.
716 919 808 972 καὶ
849 918 1215 988 ἀσχημονεῖνς
1267 913 1486 967 Τούτων
1535 914 1686 968 οὐδὲν
1718 916 1926 978 ἐκεῖνος
1976 912 2100 966 οῦτε

524 1002 659 1071 πρὸς
690 1000 906 1062 ἑαυτὸν,
936 999 1061 1053 οὗτε
1088 999 1224 1069 πρὸς
1250 998 1375 1060 τοὺς
1411 997 1738 1066 κομίζοντας
1766 991 1940 1061 εἶπεν,
1968 995 2103 1050 ἀλλά

523 1085 726 1154 κόσμον
775 1079 913 1137 εἶναι
951 1082 1168 1151 ἐνόμιζε
1208 1080 1270 1133 16
1311 1080 1593 1151 μάρτυρας
1638 1078 1927 1143 τοσούτους
1957 1079 2106 1150 ποιή-

524 1166 719 1219 σασθαι
760 1165 860 1234 τῆς
910 1163 1104 1217 ἑαυτοῦ
1153 1162 1472 1232 θεραπείας.
1506 1162 1621 1216 Οὐκ
1670 1162 1779 1215 ἀπὸ
1812 1160 2001 1215 τούτου
2047 1159 2107 1214 δὲ

525 1249 684 1320 μόνον
708 1247 873 1300 αὐτοῦ
902 1247 1000 1318 τὴν
1034 1246 1215 1300 πίστιν
1245 1241 1311 1316 ἦν
1339 1245 1489 1307 ἰδεῖν,
1528 1244 1665 1298 ἀλλά
1690 1244 1897 1298 2161616
1924 1242 2105 1297 αὐτῶν

522 1332 630 1385 τῶν
662 1331 754 1385 τοῦ
801 1329 1037 1401 Χριστοῦ
1090 1328 1371 1399 ῥημάτων.
1419 1327 1636 1398 Ἐπειδὴ
1682 1327 1792 1397 γάρ
1832 1326 2103 1397 ἐχαλάσθη

524 1414 619 1469 καὶ
646 1412 1014 1484 προσηνέχθη,
1043 1410 1208 1482 φησὶν
1234 1408 1382 1480 αὐτῷ
1402 1412 1430 1463 6
1453 1410 1686 1480 Χριστός
1707 1428 1720 1440 ·
1748 1409 1984 1475 Θάρσει,
2015 1408 2106 1461 τέο

523 1512 696 1561 uror,
736 1493 1035 1564 ἀφέωνταί
1064 1510 1161 1547 σοι
1195 1496 1255 1546 al
1274 1491 1569 1561 ἁμαρτίαι.
1603 1492 1712 1544 Καὶ
1731 1490 1904 1545 ταῦτα
1943 1487 2107 1542 ἀκού-

526 1597 627 1645 σας
661 1580 763 1633 ούκ
815 1578 1215 1649 ἠγανάκτησεν,
1272 1578 1372 1631 οὐκ
1421 1577 1799 1650 ἐδυσχέρανεν,
1846 1576 1947 1630 οὐκ
1986 1572 2106 1628 εἷπε

528 1665 666 1736 πρὸς
686 1664 779 1717 τὸν
808 1662 993 1734 ίατρόν
1016 1680 1029 1694 ·
1062 1665 1128 1721 Τί
1159 1678 1290 1715 ποτε
1320 1661 1478 1715 τοῦτό
1520 1663 1705 1724 ἐστιν;
1739 1660 1925 1730 ἕτερον
1944 1654 2108 1726 ἦλθον

526 1747 930 1819 θεραπευθῆναι
965 1745 1157 1808 πάθος,
1195 1746 1289 1799 καὶ
1322 1745 1513 1816 ἕτερον
1559 1744 1722 1807 αὐτὸς
1782 1742 2105 1815 θεραπεύεις

528 1829 732 1897 Σκῆψις
756 1828 929 1881 ταῦτα
974 1826 1070 1879 καὶ
1112 1826 1404 1897 πρόφασις,
1439 1827 1535 1879 καὶ
1577 1825 1864 1889 ἀσθενείας
1902 1842 2110 1895 προκα-

526 1912 806 1982 λύμματα.
852 1910 1151 1981 Ἀμαρτίας
1192 1909 1370 1978 άφίεις
1401 1910 1497 1973 τάς
1529 1909 1627 1980 ούχ
1657 1909 1976 1980 ὁρωμένας
2004 1910 2109 1962 Οὑ-

526 1994 615 2047 δὲν
644 1992 848 2047 τούτων
875 1992 976 2045 οὐκ
1012 1987 1185 2056 εἶπεν,
1222 1992 1323 2046 οὐκ
1361 1993 1671 2063 ἐνενόησεν
1707 1991 1821 2045 ἀλλ’
1848 1991 2108 2060 ἀνέμενεν

528 2076 839 2147 ἐπιτρέπων
890 2075 981 2128 τὸν
1034 2074 1216 2147 ἰατρὸν
1270 2073 1377 2145 ὁδῷ
1428 2074 1737 2146 χρήσασθαι
1786 2072 2108 2144 θεραπείας,

527 2156 710 2231 ἧσπερ
733 2158 1002 2212 ἐϐούλετο.
1030 2157 1129 2210 Διά
1150 2156 1308 2210 τοῦτο
1336 2157 1431 2210 καὶ
1457 2160 1485 2211 6
1514 2156 1749 2227 Χριστὸς
1780 2157 1881 2209 οὐκ
1900 2154 2109 2226 ἀπῆλθε

529 2242 667 2310 πρὸς
712 2239 895 2303 αὑτὸν,
935 2239 1049 2292 ἀλλ’
1080 2239 1362 2310 ἀνέμεινεν
1401 2239 1565 2294 αὐτὸν
1615 2238 1810 2299 ἐλθεῖν,
1844 2237 1929 2291 ἵνα
1981 2239 2109 2290 ἐπι-

528 2324 675 2397 δείξῃ
721 2322 887 2377 αὐτοῦ
928 2322 1027 2395 τὴν
1072 2323 1253 2376 πίστιν
1286 2324 1441 2376 πᾶσι.
1471 2323 1562 2392 Μὴ
1606 2322 1715 2393 γὰρ
1752 2321 1849 2374 οὐκ
1879 2320 2112 2391 ἠδύνατο

528 2409 629 2478 τὴν
676 2406 878 2459 εἴσοδον
929 2408 1152 2477 ποιῆσαι
1214 2403 1471 2472 εῦκολον;
1516 2404 1655 2457 Ἀλλ’
1706 2405 1854 2457 οὐδὲν
1906 2402 2111 2456 τούτων

529 2488 805 2556 ἐποίησεν.
840 2488 926 2540 ῖνα
946 2489 1111 2540 πᾶσιν
1143 2486 1309 2539 αὐτοῦ
1335 2486 1433 2557 τὴν
1459 2488 1698 2557 σπουδὴν
1730 2486 1993 2558 ἐπιδείξῃ,
2017 2484 2111 2538 καὶ

528 2570 628 2641 τὴν
659 2570 885 2635 ζέουσαν
935 2568 1137 2622 πίστιν.
1180 2568 1447 2639 Καθάπερ
1478 2569 1586 2640 769
1609 2570 1745 2638 πρὸς
1780 2569 1986 2620 ἐκεῖνον
2019 2566 2111 2619 τὸν

528 2654 824 2725 τριάκοντα
843 2650 986 2705 ὀκτὼ
1004 2651 1101 2722 ἔτη
1130 2651 1323 2721 ἔχοντα
1345 2651 1510 2722 ἀπῄει
1529 2652 1617 2704 διά
1641 2652 1702 2704 16
1736 2649 1941 2721 μηδένα
1964 2646 2113 2719 αύτῷ

530 2737 820 2807 παρεῖναιο
873 2734 1018 2789 οῦτω
1051 2735 1259 2796 τοῦτον,
1309 2734 1498 2805 ἐπειδὴ
1551 2732 1781 2793 πολλοὺς
1826 2728 1940 2803 εἶχε
1985 2734 2114 2796 τοὺς

532 2819 930 2890 προσήκοντας,
978 2816 1261 2887 ἀνέμεινεν
1291 2816 1465 2869 ἐλθεῖν
1499 2815 1631 2886 πρὸς
1675 2814 1856 2880 αὑτὸν,
1890 2815 1977 2867 ἵνα
2017 2815 2114 2867 καὶ⁸

531 2901 723 2954 τούτου
754 2900 851 2970 τὴν
877 2899 1059 2953 πίστιν
1090 2899 1290 2970 ποιήσῃ
1324 2898 1488 2969 δήλην
1514 2898 1604 2950 διὰ
1633 2896 1724 2950 τοῦ
1757 2897 2115 2967 προσενεχθῆ-

536 3000 646 3045 ναι,
672 2982 926 3034 κάκείνου
959 2980 1057 3051 τὴν
1090 2980 1323 3051 ἐρημίαν
1355 2982 1505 3050 ἡμᾶς
1532 2979 1719 3053 διδάξῃ
1744 2978 1832 3033 διά
1853 2978 1949 3033 τοῦ
1978 2979 2115 3049 πρὸς

536 3065 698 3121 αὑτὸν
727 3062 1003 3129 ἀπελθεῖν,
1043 3062 1139 3116 καὶ
1185 3062 1375 3116 τούτου
1427 3063 1527 3133 τὴν
1575 3061 1810 3133 σπουδὴν
1860 3061 2114 3115 κάκείνου

534 3151 637 3219 τὴν
669 3146 949 3216 ὑπομονὴν
970 3145 1250 3216 ἐκκαλύψῃ
1281 3147 1437 3208 πᾶσι,
1472 3147 1565 3199 καὶ
1597 3145 1831 3214 μάλιστα
1853 3146 1967 3208 τοῖς
1992 3145 2115 3198 τότε

538 3229 827 3302 παροῦσιν.
863 3228 1080 3300 Ἐπειδὴ
1114 3228 1223 3300 γὰρ
1266 3228 1518 3282 είώοασιν
1569 3227 1811 3281 Ἰουδαῖοι
1856 3227 2116 3297 βάσκανοι

537 3329 682 3373 τινες
711 3313 806 3366 καὶ
835 3310 1212 3382 μισάνθρωποι
1239 3313 1359 3375 ταῖς
1384 3309 1492 3363 τῶν
1519 3309 1746 3381 πλησίον
1774 3309 2115 3381 εὐεργεσίαις

539 3395 775 3466 φθονεῖν,
811 3395 905 3449 καὶ
936 3394 1032 3450 νῦν
1064 3394 1172 3448 ἀπὸ
1195 3393 1291 3448 τοῦ
1323 3393 1517 3465 καιροῦ
1547 3396 1661 3457 τοῖς
1694 3393 1964 3464 θαύμασιν
1993 3395 2116 3446 ἐπι-

543 3480 805 3550 σκήπτειν
842 3477 1112 3546 λέγοντες,
1154 3477 1236 3530 ὅτι
1271 3479 1329 3531 ἐν
1374 3474 1629 3547 σαϐϐάτῳ
1671 3475 1985 3547 θεραπεύει,
2020 3475 2117 3530 νῦν

539 3562 597 3615 δὲ
631 3561 739 3615 ἀπὸ
778 3560 872 3614 τοῦ
929 3560 1043 3630 βίου
1078 3559 1185 3615 τῶν
1230 3559 1699 3630 εὐεργετουμένων
1740 3558 2022 3628 λέγοντες·
2050 3561 2119 3613 El

542 3640 622 3713 ἦν
651 3642 961 3712 προφήτης
993 3638 1190 3709 οὗτος,
1228 3640 1357 3712 ᾕδει
1396 3641 1488 3708 τίς
1514 3637 1649 3712 ἦνή
1681 3640 1835 3710 γυνὴ
1859 3642 1896 3710 ἠ
1932 3641 2117 3695 ἀπτο-

541 3725 695 3797 μένη
728 3724 933 3779 αὐτοῦ’
960 3724 1060 3778 υύκ
1101 3724 1324 3791 εἰδότες,
1363 3724 1445 3778 ὅτι
1477 3722 1662 3796 ίατροῦ
1702 3724 1936 3795 μάλιστα
1961 3722 2119 3778 τοῦτό

545 3811 662 3863 ἐστι
699 3808 761 3862 16
808 3810 921 3872 τοῖς
962 3808 1332 3881 άρῥωστοῦσιν
1377 3806 1795 3878 ἀναμίγνυσθαι,
1828 3808 1923 3861 καὶ
1969 3806 2121 3879 παρά

542 3892 668 3955 τοὺς
689 3889 977 3955 νοσοῦντας
1004 3891 1089 3945 ἀεὶ
1110 3889 1415 3960 φαίνεσθαι,
1443 3889 1580 3944 ἀλλά
1609 3890 1683 3961 μὴ
1711 3893 1902 3959 φυγεῖν
1923 3890 2121 3955 αὐτοὺς

540 3972 680 4043 μηδέ
727 3974 1036 4044 ἀποπηδᾷν.
1078 3974 1255 4044 Ὅπερ
1286 3968 1379 4025 οῦν
1422 3972 1515 4026 καὶ⁵
1552 3972 1688 4043 πρὸς
1726 3973 1968 4037 ἐκείνους
2007 3971 2119 4046 [42]

548 4057 963 4126 ἀποτεινόμενος
993 4054 1206 4123 ἐλεγενο
1240 4056 1322 4109 υῠ
1346 4055 1557 4123 χρείαν
1581 4054 1833 4124 ἔχουσιν
1852 4058 1905 4109 οί
1936 4057 2123 4127 ὑγιαί-

548 4152 760 4202 νοντες
804 4135 1026 4205 ίατροῦ,
1063 4137 1197 4190 ἀλλ’
1230 4140 1284 4189 οί
1325 4134 1524 4201 κακῶς
1561 4135 1829 4204 ἔχοντες.
1873 4138 1991 4192 Ἱνα
2029 4135 2122 4193 οὖν

554 4218 631 4288 μὴ
673 4218 741 4271 τὰ
768 4218 908 4272 αὺτά
940 4217 1101 4272 πάλιν
1136 4217 1428 4287 ἐγκαλῶσι,
1452 4218 1715 4290 πρότερον
1743 4218 2016 4274 δείκνυσιν
2046 4221 2123 4286 ὡς

588 4301 691 4368 ξιοι
723 4302 822 4373 τῆς
852 4300 1147 4372 θεραπείας
1191 4301 1328 4355 εἰσὶν
1359 4302 1409 4354 οἱ
1450 4302 1765 4372 προσιόντες
1792 4301 1880 4357 διά
1910 4304 2008 4375 τὴν
2034 4304 2123 4357 πί·

549 4402 691 4447 στιν,
724 4386 789 4457 ἣν
817 4385 1204 4440 ἐκδείκνυνται.
1238 4384 1336 4439 Διά
1371 4383 1528 4439 τοῦτο
1573 4385 1826 4440 κάκείνου
1867 4387 1967 4460 τὴν
1995 4390 2124 4459 ἐρη-

551 4468 702 4539 μίαν.
731 4470 826 4523 καῖ
871 4467 1060 4522 τούτου
1094 4469 1192 4540 τὴν
1216 4468 1445 4533 ζέουσαν
1483 4468 1665 4523 πίστιν
1699 4470 1794 4522 καὶ
1818 4470 2123 4542 προθυμίαν

551 4550 721 4615 ἔδειξε
746 4568 761 4582 ·
813 4550 901 4603 διά
936 4550 1094 4605 τοῦτο
1131 4553 1337 4607 ἐκεῖνον
1390 4551 1490 4623 μὲν
1526 4554 1583 4606 ἐν
1636 4551 1890 4623 σαϐϐάτῳ
1933 4552 2122 4626 ἐθερά-

548 4649 740 4697 πευσε,
759 4631 947 4685 τοῦτον
966 4634 1023 4687 δέ
1048 4635 1147 4687 οὐκ
1163 4635 1220 4687 ἐν
1233 4633 1491 4707 σαϐϐάτῳ
1511 4649 1524 4663 ·
1560 4634 1648 4698 ἶν’,
1675 4635 1801 4690 ὅταν
1820 4637 1935 4708 ῖδῃς
1951 4639 2045 4690 καὶ
2067 4639 2125 4690 ἐν

548 4714 905 4787 ἐτέρᾳήμέρᾳ
920 4715 1281 4785 ἐγκαλοῦντας
1301 4719 1394 4771 καὶ
1412 4718 1776 4788 ἐπιτιμῶντας
1791 4720 1868 4790 τῷ
1882 4722 1924 4773 Χ
1934 4720 2121 4791 ριστῷ.

556 4796 752 4867 μάθῃς,
783 4798 865 4850 ὅτι
901 4798 997 4850 καὶ
1038 4799 1160 4851 τότε
1189 4799 1251 4851 ού
1276 4798 1364 4852 διά
1395 4799 1496 4870 τὴν
1530 4799 1626 4853 τοῦ
1663 4801 1829 4873 νόμου
1872 4805 2123 4875 παρατή-

512 4946 525 4955 Ἂ
555 4894 713 4948 ρησιν
744 4878 1048 4940 ἐνεκάλουν.
1076 4879 1213 4933 ἀλλά
1239 4880 1337 4950 τὴν
1375 4881 1584 4934 οἰκείαν
1610 4881 1907 4951 βασκανίαν
1937 4886 2125 4957 φέρειν

552 4960 653 5013 οὐκ
703 4959 934 5030 ἔχοντες.
974 4961 1072 5015 Διά
1112 4961 1165 5015 τί
1196 4961 1252 5014 δέ
1292 4963 1394 5016 οὐκ
1444 4963 1539 5017 ἐπὶ
1571 4962 1631 5016 τὸ
1672 4965 1774 5037 τὴν
1821 4968 2125 5037 παράλυσιν

550 5041 789 5114 ὀρθῶσαι
818 5045 1081 5117 πρότερον
1100 5038 1283 5116 ἦλθεν,
1309 5043 1450 5099 ἀλλά
1462 5061 1615 5117 φησι·
1637 5045 1875 5115 Θάρσει,
1892 5050 2128 5119 τέκνον,

550 5119 853 5189 ἀφέωνταί
865 5124 1052 5177 σουαί
1066 5123 1363 5193 ἁμαρτίαις
1389 5125 1496 5176 Καὶ
1517 5124 1672 5179 τοῦτο
1694 5128 1896 5201 σῷδρα
1921 5132 2120 5202 σοφῶς.

554 5202 663 5256 Καὶ
688 5202 797 5286 γάρ
827 5205 940 5266 τοῖς
961 5206 1170 5286 ,ἰατροῖς
1191 5204 1309 5268 ἐθος
1340 5206 1456 5259 ἐστὶ
1484 5207 1559 5277 μὴ
1586 5209 1847 5282 πρότερον
1866 5213 1935 5266 τὰ
1960 5216 2119 5286 voci]-

557 5300 705 5355 ματα
736 5284 905 5349 λύειν,
947 5284 1084 5338 ἀλλά
1113 5285 1212 5350 τὰς
1251 5286 1435 5357 πηγὰς
1476 5289 1655 5344 αὐτῶν
1698 5292 1958 5363 ἀναιρεῖν.
1999 5284 2125 5351 Οἷον

555 5364 817 5451 πολλάκις
899 5367 1004 5451 ὑπὸ
1054 5367 1290 5451 πονηροῦ
1352 5370 1524 5440 χυμοῦ
1581 5374 1676 5427 καὶ
1729 5375 2123 5451 διεφθαρμένου

552 5450 833 5534 ῥεύματος
867 5450 1266 5534 ἐνοχλουμένων
1304 5452 1620 5523 ὀφθαλμῶν,
1664 5457 1823 5525 ἀφεὶς
1865 5461 1895 5513 6
1930 5450 2125 5534 16196.;

552 5531 651 5612 τὴν
682 5531 940 5585 νοσοῦσαν
984 5533 1316 5606 θεραπεῦσαι
1354 5534 1544 5607 κόρην,
1583 5537 1681 5608 τῆς
1723 5540 1966 5612 κεφαλῆς
1998 5531 2126 5598 ἐπε.

555 5610 847 5762 ξιλήσατο,
876 5614 1002 5668 ἔνθα
1027 5618 1061 5686 ή
1108 5616 1233 5687 ῥίζα
1262 5618 1356 5672 καὶ
1395 5619 1428 5690 ή
1482 5620 1632 5691 πηγὴ
1665 5622 1765 5692 τῆς
1810 5610 2124 5697 ἀρρωστίας

591 5706 622 5743 ν
688 5691 833 5747 οὕτω
871 5696 963 5748 καὶ
996 5699 1025 5750 6
1078 5699 1310 5762 Χριστὸς
1344 5700 1587 5762 ἐποίησε,
1634 5702 1732 5762 τὴν
1773 5707 1955 5762 πηγὴν
1995 5710 2122 5762 ἀνα-

591 5706 648 5743 ν·
688 5691 833 5747 οὕτω
871 5696 963 5748 καὶ
996 5699 1025 5750 6
1078 5699 1310 5769 Χριστὸς
1344 5700 1587 5773 ἐποίησε,
1634 5691 1732 5776 τήν
1773 5691 1955 5778 πηγῆν
1995 5710 2122 5763 ἁνα-

2209 415 2416 469 ατέλλει
2454 417 2563 470 τῶν
2593 417 2777 471 κακῶν
2815 419 3100 489 πρότερον.
3145 417 3301 489 Πηγὴ
3334 417 3443 491 769
3474 418 3667 474 κακῶν
3691 421 3791 475 καὶ

2208 508 2336 579 ῥίζα
2362 510 2456 561 καὶ
2489 511 2674 582 μήτηρ
2708 511 2926 565 πάντων
2953 511 3072 564 ἐστὶ
3104 510 3203 581 τῆς
3233 510 3508 581 ἁμαρτίας
3538 510 3574 583 ἡ
3603 510 3790 580 φύσις.

2207 595 2357 668 Αῦτη
2390 598 2458 651 τά
2504 600 2734 670 σώματα
2757 600 2916 672 ήμῶν
2963 599 3262 672 παραλύει’
3294 599 3435 671 αῦτη
3471 600 3572 662 τάς
3596 600 3795 666 νόσους

2207 687 2403 757 ἐπάγει
2425 704 2441 721 ο
2462 690 2547 744 διὰ
2568 690 2725 743 τοῦτο
2740 692 2834 744 καὶ
2850 690 3087 745 ἐνταῦθά
3101 706 3261 760 φησι·
3289 689 3529 759 Θάρσει,
3547 690 3789 757 τέκνον,

2208 779 2505 849 ἀφέωνταί
2547 800 2665 837 σου
2712 785 2771 837 αι
2820 783 3126 854 ἁμαρτίαν
3174 784 3335 838 κάκεῖ
3378 800 3578 855 φησιν·
3632 785 3794 840 ἰδιγὺ

2208 873 2384 943 ὑγιὴς
2413 874 2686 945 γέγονας,
2725 876 2937 945 μηκέτι
2976 876 3301 947 ἁμάρτανε,
3340 877 3441 929 Ira
3468 874 3555 945 μὴ
3585 877 3798 946 χεῖρόν

2210 967 2267 1019 τί
2296 981 2391 1020 σοι
2416 968 2677 1036 γένηται,
2709 968 2884 1040 δηλῶν
2922 970 3276 1040 ἀμφοτέροις.
3309 968 3394 1022 ὅτι
3426 966 3486 1033 ἐξ
3539 968 3796 1041 ἁμαρτη-

2213 1055 2397 1125 μάτων
2429 1057 2728 1130 ἐτέχθησαν
2775 1054 2936 1114 αῦται
2974 1062 3030 1113 αἱ
3069 1060 3237 1114 νόσοι.
3270 1061 3380 1114 Καὶ
3423 1062 3482 1114 ἐν
3512 1062 3658 1132 ἀρχῇ
3694 1062 3793 1114 καὶ

2211 1144 2269 1196 ἐν
2299 1145 2605 1216 προοιμίοις
2637 1147 2737 1219 τῆς
2781 1149 3014 1213 κτίσεως
3046 1149 3106 1217 ἐξ
3136 1150 3411 1222 ἁμαρτίας
3456 1152 3490 1221 ή
3524 1151 3680 1215 νόσος
3709 1152 3794 1213 είς

2210 1235 2271 1289 16
2299 1234 2393 1289 106
2426 1237 2566 1292 Κάῖν
2593 1239 2905 1310 κατέσκηψε
2937 1240 3117 1311 σῶμα.
3142 1242 3251 1296 Καὶ
3276 1242 3387 1314 γάρ
3418 1244 3627 1305 ἐκεῖνος
3651 1241 3797 1313 μετά

2211 1328 2311 1397 τὴν
2354 1329 2789 1398 ἀδελφοκτονίαν,
2834 1332 2975 1401 μετά
3011 1331 3112 1404 τὴν
3157 1333 3502 1404 παρανομίαν
3549 1334 3792 1403 ἐκείνην,

2211 1420 2333 1474 τότε
2367 1421 2642 1494 παρελύθη
2687 1423 2748 1476 τὸ
2783 1423 2962 1495 σῶμα.
2995 1425 3069 1478 T6
3097 1424 3205 1497 γάρ
3230 1426 3455 1497 τρέμειν
3483 1426 3635 1480 οὐδὲν
3672 1424 3798 1479 ιτε-

2215 1511 2308 1583 ρόν
2329 1513 2474 1565 ἐστιν
2511 1512 2545 1583 ἢ
2578 1514 2900 1583 παράλυσις.
2934 1515 3045 1569 Καὶ
3081 1515 3192 1587 769
3223 1516 3351 1569 ὅταν
3380 1518 3414 1587 ή
3454 1516 3516 1569 16
3549 1516 3687 1582 ζῶον
3709 1517 3796 1569 οίο

2215 1602 2518 1673 κονομοῦσα
2575 1603 2804 1677 δύναμις
2854 1606 3219 1679 ἀσθενεστέρα
3290 1608 3546 1679 γένηται,
3605 1607 3798 1678 οὐκέτι

2214 1695 2485 1766 δυναμένη
2513 1696 2691 1750 πάντα
2714 1696 3095 1761 διαϐαστάζειν
3120 1700 3188 1753 16
3216 1698 3372 1770 μέλη,
3398 1698 3623 1769 ἀφίησιν
3652 1699 3799 1753 αὐτά

2214 1785 2315 1855 τῆς
2342 1786 2547 1851 οίκείας
2575 1788 2852 1857 προνοίας,
2874 1784 2993 1843 εἶτα
3029 1790 3365 1862 χαλασθέντα
3391 1794 3573 1845 ἐκεῖνα
3596 1792 3793 1863 τρέμει

2217 1876 2311 1930 καὶ
2336 1877 2711 1950 περιφέρεται.

2285 2016 2359 2082 ς’.
2378 2016 2551 2073 Τοῦτο
2564 2017 2661 2073 καὶ
2681 2012 2890 2079 Παῦλος
2913 2016 3177 2088 ἐδήλωσεν
3196 2031 3212 2047 ’
3229 2017 3502 2090 ἁμαρτίαν
3533 2018 3642 2088 γάρ
3669 2033 3806 2071 τινα

2216 2105 2527 2176 Κορινθίοις
2568 2107 2815 2175 ἐγκαλῶν
2869 2121 3038 2179 φησι⁶
3090 2110 3194 2164 Διὰ
3238 2111 3416 2166 τοῦτο
3448 2110 3668 2166 πολλοὶ
3723 2111 3805 2165 ἐν

2216 2196 2359 2265 ὑμῖν
2377 2197 2653 2265 ἀσθενεῖς
2680 2199 2776 2253 καὶ
2804 2200 3096 2270 ἄρρωστοι
3113 2219 3127 2234 ·
3162 2202 3251 2256 διὰ
3286 2204 3445 2258 τοῦτο
3483 2205 3576 2257 καὶ
3603 2207 3633 2258 6
3662 2201 3803 2275 Χρι-

2219 2288 2343 2351 στὸς
2388 2290 2652 2361 πρότερον
2684 2291 2785 2361 τὴν
2821 2294 3001 2348 αἰτίαν
3035 2295 3250 2366 ἀναιρεῖ
3294 2294 3405 2349 τῶν
3449 2288 3663 2358 κακῶν,
3697 2296 3807 2349 καὶ

2218 2380 2406 2444 εἰπὼν,
2436 2381 2674 2451 Θάρσει,
2699 2385 2933 2451 τέκνον,
2949 2385 3247 2456 ἀφέωνταί
3266 2403 3382 2443 σου
3404 2390 3464 2442 al
3494 2388 3802 2457 ἁμαρτίαι,

2217 2475 2498 2545 ἀνίστησιν
2530 2475 2695 2529 αὑτοῦ
2728 2475 2789 2529 16
2831 2476 3105 2549 φρόνημα,
3145 2479 3402 2552 διεγείρει
3452 2478 3801 2551 καταϐεϐλη-

2223 2569 2390 2639 μένην
2420 2569 2520 2640 τήν
2547 2569 2729 2639 ψυχήν
2749 2586 2762 2600 ’
2794 2572 2823 2624 6
2844 2570 2952 2641 γὰρ
2973 2571 3129 2640 λόγος
3158 2570 3320 2642 ἔργον
3345 2573 3577 2641 ἐγίνετο,
3600 2571 3695 2627 καὶ
3717 2573 3806 2635 είς

2219 2659 2279 2713 16
2312 2662 2550 2725 συνειδὸς
2587 2661 2843 2716 εἰσελθὼν
2881 2664 3053 2734 αὐτῆς
3089 2667 3293 2736 ἥπτετο
3341 2666 3439 2735 τῆς
3468 2666 3669 2737 ψυχῆς,
3698 2666 3807 2720 καὶ

2220 2753 2403 2805 πᾶσαν
2448 2753 2686 2821 ἀγωνίαν
2719 2753 2992 2818 ἐξέϐαλεν.
3023 2756 3188 2811 υύδέν
3238 2756 3349 2829 769
3380 2756 3555 2821 οὕτως
3594 2756 3803 2829 ήδονὴν

2221 2845 2384 2909 ποιεῖ,
2425 2844 2520 2898 καὶ
2545 2844 2775 2916 παρέχει
2807 2844 3029 2919 θαρῥεῖν
3069 2846 3145 2913 ὼς
3175 2847 3238 2901 16
3275 2847 3441 2919 μηδὲν
3468 2846 3665 2902 ἐαυτοῦ
3705 2863 3808 2901 κα-

2219 2937 2493 3006 τηγορεῖν.
2527 2935 2763 3005 Θάρσει,
2790 2937 3026 3002 τέκνον,
3049 2937 3345 3008 ἀφέωνταί
3374 2952 3492 2994 σου
3512 2941 3573 2993 al
3609 2939 3806 3007 ἁμαρ-

2221 3027 2359 3081 τίαι.
2391 3027 2564 3081 Ὅπου
2593 3030 2701 3100 γάρ
2747 3029 3159 3102 ἁμαρτημάτων
3203 3028 3418 3100 ἀφεσις,
3460 3031 3579 3083 ἐκεῖ
3627 3031 3809 3084 υίοθε-

2225 3114 2335 3169 σία.
2388 3113 2546 3169 Οὕτω
2580 3116 2711 3185 γοῦν
2751 3118 2847 3171 καὶ
2880 3119 3040 3189 ἡμεῖς
3095 3119 3158 3171 ού
3214 3119 3480 3191 πρότερον
3522 3118 3808 3191 δυνάμεθα

2224 3206 2449 3261 καλέσαι
2482 3207 2720 3279 Πατέρα,
2756 3208 2862 3272 ἕως
2893 3210 2952 3262 ἐν
2975 3211 3042 3281 τῇ
3072 3209 3426 3282 κολυμϐήθρᾳ
3457 3210 3566 3263 τῶν
3593 3210 3810 3264 ὑδάτων

2222 3297 2331 3352 τῶν
2360 3298 2531 3367 άγίων
2554 3299 2945 3372 ἀπνιψὼμεθα
2974 3301 3040 3355 16
3054 3302 3447 3374 ἁμαρτήματα.
3478 3301 3648 3355 Ὅταν
3670 3301 3809 3371 γοῦν

2223 3389 2436 3443 ἐκεῖθεν
2471 3388 2786 3461 ἀνέλθωμεν
2816 3390 2878 3446 16
2910 3392 3147 3465 πονηρὸν
3190 3394 3366 3446 ἐκεῖνο
3411 3391 3630 3465 φορτίον
3666 3393 3811 3447 ἀπο-

2226 3480 2461 3552 θέμενοι,
2492 3482 2612 3537 τότε
2640 3483 2890 3555 λέγομεν,
2911 3484 3101 3554 Πάτερ
3126 3483 3317 3556 ἡμῶν,
3348 3489 3381 3540 ὁ
3399 3485 3471 3539 ἐν
3488 3484 3611 3552 τοῖς
3634 3486 3812 3553 οὐρα-

2224 3573 2375 3640 νοῖς.
2421 3574 2583 3629 Ἀλλά
2626 3576 2771 3641 τίνος
2812 3575 2998 3631 ἐνεκεν
3047 3578 3141 3631 ἐπὶ
3175 3577 3272 3631 τοῦ
3319 3576 3613 3649 τριάκοντα
3656 3573 3810 3629 ὀκτὼ

2225 3665 2441 3736 ἔχοντος
2490 3666 2589 3738 οὐχ
2638 3666 2811 3730 οὕτως
2860 3667 3136 3737 ἐποίησεν,
3174 3668 3309 3723 ἀλλά
3348 3668 3411 3723 16
3445 3668 3603 3737 σῶμα
3636 3666 3809 3722 αὑτοῦ

2229 3754 2344 3830 [45]
2373 3755 2648 3828 διώρθωσε
2690 3757 2988 3831 πρότερονς
3026 3757 3150 3811 Ὅτι
3189 3759 3383 3829 ἐκείνῳ
3410 3758 3508 3829 μὲν
3537 3758 3616 3829 τῷ
3638 3761 3809 3830 μήκει

2225 3847 2322 3902 τοῦ
2349 3846 2539 3919 χρόνου
2558 3847 2628 3902 16
2653 3848 3029 3919 ἁμαρτήματα
3054 3847 3391 3920 δεδαπάνητο
3412 3869 3423 3880 ο
3450 3848 3673 3904 δύναται
3696 3849 3810 3922 γὰρ

2228 3935 2535 4008 πειρασμοῦ
2584 3935 2812 4007 μέγεθος
2864 3937 2925 3991 16
2972 3937 3081 3991 τῶν
3135 3939 3544 4011 ἁμαρτημάτων
3588 3940 3811 4012 φορτίον

2228 4026 2430 4096 κοῦφον
2453 4027 2656 4079 ποιεῖν·
2690 4024 2879 4098 ὥσπερ
2912 4021 3004 4081 οῦν
3033 4024 3129 4079 καὶ
3166 4027 3260 4079 ἐπὶ
3286 4026 3381 4079 τυῦ
3415 4024 3663 4097 Λαζάρου
3702 4040 3811 4095 φη-

2232 4119 2336 4181 σὶν,
2364 4117 2447 4170 ὅτι
2475 4115 2716 4171 ἀπέλαϐε
2736 4114 2806 4170 16
2829 4116 2977 4170 κακά
3012 4115 3201 4183 αὑτοῦ,
3235 4118 3330 4171 καὶ
3360 4115 3593 4171 ἐνταῦθα
3625 4131 3809 4187 παρα-

2232 4206 2514 4261 καλεῖται’
2568 4206 2663 4260 καὶ
2705 4205 2869 4260 πάλιν
2922 4204 3155 4276 ἀλλαχοῦ
3198 4223 3361 4277 φησι·
3402 4204 3811 4276 Παρακαλεῖτε

2232 4298 2339 4352 τὸν
2367 4298 2523 4353 λαόν
2541 4314 2684 4369 μου,
2713 4296 3024 4366 λαλήσατε
3050 4300 3138 4364 είς
3160 4297 3275 4367 τὴν
3300 4298 3553 4368 καρδίαν
3592 4299 3811 4369 Ἰερουο

2231 4389 2463 4460 σαλὴμ,
2502 4389 2597 4445 ὅτι
2634 4389 2879 4455 ἐδέξατο
2917 4390 2986 4445 ἐκ
3017 4391 3216 4460 χειρὸς
3254 4391 3476 4459 Κυρίου
3514 4390 3701 4446 διπλᾶ
3735 4391 3813 4446 τὰ

2233 4479 2619 4549 ἁμαρτήματα
2640 4477 2850 4548 αὐτῆς.
2886 4480 2996 4533 Καὶ
3021 4478 3239 4533 πάλινρό
3273 4481 3578 4551 προφήτης,
3610 4480 3810 4550 Κύριε,

2232 4573 2482 4641 είρήνην
2529 4572 2637 4639 δὸς
2684 4572 2847 4642 ἡμῖν,
2883 4571 3079 4627 πάντα
3129 4574 3239 4642 νὰρ
3286 4573 3600 4641 ἀπέδωκας
3643 4574 3811 4644 ἡμῖν,

2233 4664 2535 4735 ἐμφαίνων,
2568 4664 2651 4718 ὅτι
2679 4666 2738 4716 αί
2778 4664 3038 4735 τιμωρίαι
3081 4665 3174 4717 καὶ
3201 4666 3255 4718 αί
3286 4663 3535 4728 κολάσεις
3561 4664 3813 4737 ἁμαρτη-

2236 4757 2422 4827 μάτων
2469 4755 2815 4826 συγχώρησιν
2864 4754 3097 4821 ποιοῦσι,
3138 4755 3233 4809 καὶ
3282 4754 3608 4826 πολλαχόθεν
3655 4754 3816 4809 τοῦτό

2234 4852 2354 4903 ἐστι
2381 4848 2615 4919 φανερὸν
2635 4846 2883 4916 ποιῆσαι.

2316 4979 2470 5052 Ἐμοὶ
2503 4979 2676 5032 τοίνυν
2695 4978 2844 5032 δοκεῖ
2860 4978 3025 5053 μῃδὶν
3048 4979 3239 5050 ἐκείνῳ
3274 4979 3399 5050 περὶ
3420 4979 3668 5048 ἀφέσεως
3693 4975 3783 5030 δια
3801 5007 3816 5016 -

2230 5070 2511 5141 λεχθῆναι,
2539 5070 2675 5123 ἀλλά
2718 5069 2854 5141 πρὸς
2886 5068 2946 5123 16
2978 5069 3165 5141 μέλλον
3195 5069 3356 5125 αὐτὸν
3387 5066 3817 5139 ἀσφαλίσασθαι,

2230 5163 2308 5226 ὡς
2341 5163 2449 5217 τῶν
2484 5162 2584 5233 ἤδη
2643 5162 3141 5234 πλημμεληθέντων
3175 5162 3253 5234 τῷ
3288 5163 3454 5232 μήκει
3495 5162 3598 5233 τῆς
3629 5162 3816 5232 άρῥω-

2235 5253 2423 5317 στίας·
2464 5253 2576 5324 ἢεί
2618 5252 2693 5324 μὴ
2734 5252 2910 5331 τοῦτο,
2944 5253 3030 5308 διὰ
3078 5253 3140 5307 16
3181 5253 3345 5324 μηδὲν
3382 5252 3543 5306 αὐτὸν
3592 5251 3821 5324 μηδέπω

2236 5347 2365 5418 περί
2409 5344 2513 5399 τοῦ
2535 5345 2768 5415 Χριστοῦ
2814 5344 3102 5399 πεπεῖσθαι
3134 5345 3297 5417 μέγα,
3329 5344 3417 5398 διά
3453 5345 3613 5399 τοῦτο
3645 5345 3822 5399 ἐπὶ-τὸ

2230 5437 2450 5490 ἔλαττον
2511 5436 2772 5507 πρότερον
2816 5431 2969 5507 ἦλθε,
2997 5438 3092 5490 καὶ
3144 5437 3206 5490 16
3234 5436 3463 5509 φανερὸν
3504 5437 3599 5491 καὶ
3636 5436 3817 5507 δῆλον,

2227 5523 2324 5596 τὴν
2345 5527 2441 5582 τοῦ
2476 5526 2724 5597 σώματος
2776 5527 2963 5596 ὑγείαν
2986 5544 2999 5558 θ
3041 5528 3135 5581 ἐπὶ
3172 5529 3230 5583 δέ
3272 5527 3463 5582 τούτου
3491 5529 3594 5600 οὐχ
3619 5527 3818 5593 οὕτως,

2228 5620 2345 5673 ἀλλ’
2375 5620 2560 5690 ἐπειδὴ
2601 5620 2801 5691 μᾶλλον
2853 5621 3164 5684 ἐπίστευσε,
3210 5621 3305 5675 καὶ
3333 5621 3671 5693 ὑψηλοτέραν
3703 5618 3820 5693 εἶχε

2228 5712 2425 5782 ψυχὴν,
2455 5711 2543 5764 διὰ
2592 5710 2754 5779 ,τοῦτο
2798 5712 2948 5786 αύτῷ
2975 5714 3101 5785 περὶ
3129 5714 3226 5784 τῆς
3268 5713 3659 5786 χαλεπωτέρας
3688 5717 3824 5787 πρό·
