4106 6430
287 365 362 419 57
1180 351 1247 408 lN
1280 343 1774 408 PARALYTICUM
1807 344 2153 405 nmussuu
2195 349 2331 407 PER
2370 349 2669 409 rscruu.
3519 354 3590 408 εει

286 475 514 542 invenit,
542 481 596 529 et
621 471 850 544 pulsanti
876 469 1145 540 aperietur
1173 467 1323 540 (Luc.
1354 467 1440 521 11.
1468 465 1584 536 10).
1615 463 1732 520 Non
1753 462 1888 518 dixit

297 567 614 640 propinquis
654 565 797 633 suis,
828 562 967 632 Quid
996 561 1099 617 hoc
1123 560 1204 616 rei
1231 559 1346 615 est?
1381 556 1518 626 Quid
1564 552 1888 612 turbamini?

284 661 418 732 quid
440 675 569 713 vero
597 655 941 728 properatis?
982 653 1370 723 Exspectemus
1395 662 1671 720 quousque
1696 645 1890 702 domus

285 761 612 816 evacuetur,
654 751 922 806 theatrum
961 747 1303 802 dimittatur:
1334 741 1594 800 recedent
1634 739 1724 810 qui
1756 752 1888 794 con-

285 845 493 917 gregati
536 851 696 909 sunt,
740 840 1034 912 poterimus
1061 837 1308 908 privatim
1335 834 1398 890 ad
1429 834 1578 889 illum
1607 831 1886 897 accedere,

284 952 352 990 ae
384 936 449 990 de
475 935 557 988 his
578 933 740 988 rebus
767 931 916 986 illum
941 928 1242 984 consulere.
1273 925 1411 993 Quid
1442 938 1577 995 opus
1605 931 1686 978 est
1715 921 1892 990 inspe-

284 1028 558 1084 ctantibus
597 1025 850 1081 omnibus
883 1021 1214 1078 calamitates
1243 1034 1391 1074 meas
1421 1018 1472 1072 in
1502 1015 1736 1071 medium
1765 1028 1891 1084 pro-

285 1121 456 1188 ferri,
488 1131 540 1176 et
575 1119 806 1189 desuper
841 1115 1116 1181 submitti,
1166 1122 1326 1184 atque
1355 1111 1606 1167 indecore
1645 1107 1891 1164 moveri?

285 1214 494 1269 ﬂorum
533 1212 665 1267 nihil
695 1219 787 1266 aut
808 1210 946 1281 apud
978 1224 1036 1265 se
1060 1216 1151 1262 aut
1187 1207 1255 1263 ad
1284 1222 1379 1262 eos
1403 1206 1493 1277 qui
1524 1219 1582 1261 se
1608 1203 1892 1275 gestabant

282 1309 573 1378 eloquutus
597 1315 681 1360 est
701 1347 714 1370 ,
748 1304 843 1360 sed
877 1311 1192 1358 ornamento
1219 1301 1320 1356 sibi
1347 1314 1466 1355 esse
1494 1299 1666 1364 duxit,
1697 1305 1755 1352 ut
1781 1306 1888 1351 tam

283 1401 490 1456 multos
529 1399 825 1455 curationis
869 1412 980 1453 sum
1020 1405 1186 1451 testes
1234 1393 1505 1450 redderet.
1535 1392 1718 1463 Neque
1760 1404 1890 1446 vero

284 1502 496 1549 tantum
529 1507 596 1546 ex
637 1489 740 1545 hoc
771 1489 905 1544 ﬁdes
934 1488 1050 1558 ejus
1071 1487 1218 1543 cerni
1244 1493 1485 1556 poterat,
1514 1484 1608 1540 sed
1637 1483 1794 1538 etiam
1823 1497 1891 1537 ex

284 1588 422 1658 ipsis
444 1584 646 1642 Christi
687 1585 889 1640 verbis.
933 1583 1224 1654 Postquam
1254 1582 1400 1637 enim
1439 1579 1705 1635 demissus
1727 1585 1812 1632 est
1836 1585 1892 1632 et

281 1680 520 1747 oblatus,
544 1680 618 1733 ait
644 1678 716 1733 illi
737 1675 1004 1743 Christus,
1035 1675 1267 1746 Conﬁde,
1300 1674 1412 1744 ﬁli,
1443 1672 1768 1728 remittuntur
1795 1670 1886 1724 tibi

282 1779 517 1840 peccata.
548 1767 640 1823 His
668 1768 757 1823 ille
781 1765 978 1822 auditis
1010 1780 1115 1821 non
1138 1780 1278 1835 mgre
1306 1763 1442 1827 tulit,
1471 1778 1578 1819 non
1607 1761 1742 1817 dixit
1768 1775 1886 1815 me-

287 1861 413 1917 dico
447 1879 463 1916 :
496 1860 638 1929 Quid
665 1860 768 1916 hoc
789 1859 866 1914 rei
897 1867 978 1915 est
997 1857 1022 1912 ‘t
1044 1857 1126 1913 Ab
1154 1857 1324 1912 altero
1360 1854 1552 1910 morbo
1580 1862 1637 1908 ut
1666 1866 1890 1908 sanarer

286 1953 523 2021 adveni,
567 1961 621 2008 et
662 1952 887 2007 alterum
934 1950 1049 2020 ipse
1088 1948 1280 2003 sanat?
1309 1946 1410 2001 Ista
1434 1952 1734 2002 commenta
1765 1949 1890 1997 sunt

286 2058 345 2104 et
392 2055 720 2118 praetextas,
770 2052 827 2100 et
867 2041 1247 2098 imbecillitatis
1289 2049 1618 2112 tegumenta.
1663 2036 1889 2092 Peccata

287 2155 472 2204 sanas,
500 2153 618 2210 qum
644 2153 750 2192 non
778 2137 1112 2193 cernuntur?
1133 2133 1273 2189 Nihil
1306 2132 1494 2188 horum
1528 2146 1700 2202 neque
1718 2130 1884 2197 dixit,

283 2247 466 2301 neque
491 2231 782 2302 cogitavit,
821 2229 915 2284 sed
953 2227 1286 2298 exspectavit
1312 2226 1660 2297 permittens,
1693 2233 1889 2278 utme-

283 2323 440 2378 dicas
467 2337 587 2378 eam
627 2318 925 2377 curationis
963 2320 1102 2375 viam
1133 2327 1366 2384 teneret,
1401 2332 1560 2390 quam
1585 2316 1766 2372 vellet.
1801 2314 1889 2370 ld-

291 2416 442 2471 circo
469 2417 630 2470 etiam
659 2412 906 2470 Christus
947 2427 1053 2468 non
1095 2411 1162 2467 ad
1208 2425 1330 2467 eum
1379 2408 1642 2480 perrexit,
1670 2406 1764 2463 sed
1791 2421 1890 2462 ex-

288 2507 562 2576 spectavit
585 2505 709 2561 dum
741 2503 981 2570 veniret,
1016 2511 1073 2558 ut
1099 2501 1258 2557 ﬁdem
1286 2499 1451 2567 ipsius
1480 2499 1684 2556 cunctis
1709 2506 1890 2552 osten-

284 2598 468 2654 deret.
516 2595 782 2666 Numquid
819 2595 962 2650 enim
1021 2593 1230 2649 facilem
1274 2592 1348 2648 illi
1396 2593 1565 2661 potuit
1613 2602 1890 2645 accessum

282 2691 522 2747 reddere
541 2691 566 2745 ?
585 2688 689 2746 Sed
716 2688 846 2744 nihil
871 2688 1062 2744 horum
1094 2686 1219 2742 fecit
1238 2728 1254 2754 ,
1285 2695 1344 2741 ut
1371 2685 1488 2756 ejus
1513 2683 1750 2740 studium
1775 2698 1892 2738 om-

283 2786 450 2842 nibus
477 2784 833 2854 patefaceret,
880 2791 936 2838 et
975 2780 1134 2836 ﬁdem
1164 2780 1466 2836 ardentem.
1519 2777 1652 2834 Nam
1698 2791 1890 2848 quem-

282 2875 582 2933 admodum
600 2875 666 2931 ad
685 2875 832 2930 illuni
853 2873 1130 2945 adivit,qni
1152 2880 1276 2927 octo
1288 2880 1340 2928 et
1366 2870 1579 2943 triginta
1593 2869 1701 2940 jam
1721 2882 1892 2924 annos

287 2969 530 3025 habebat
549 3011 565 3034 ,
607 2983 674 3024 eo
712 2967 855 3040 quod
903 2982 1063 3023 nemo
1105 2966 1181 3021 illi
1211 2965 1424 3021 adesset
1456 2982 1471 3020 :
1500 2965 1578 3020 sic
1602 2971 1657 3020 et
1683 2963 1843 3018 istum
1873 3004 1890 3030 ,

290 3071 584 3132 propterea
611 3059 752 3132 quod
781 3059 976 3115 multos
1004 3057 1230 3114 habebat
1262 3057 1588 3128 propinquos
1607 3098 1623 3124 ,
1669 3055 1797 3111 dum
1825 3053 1893 3110 ad

287 3168 351 3209 se
372 3153 604 3218 veniret,
636 3152 986 3222 exspectavit,
1019 3158 1076 3205 ut
1103 3159 1157 3206 et
1187 3149 1338 3204 istius
1367 3147 1704 3204 manifestam
1735 3146 1894 3202 fidem

290 3245 583 3312 redderet,
617 3260 683 3299 eo
711 3242 853 3315 quod
903 3242 1114 3298 oblatus
1152 3241 1349 3296 fuerit:
1380 3248 1435 3296 et
1475 3238 1616 3294 illius
1646 3236 1895 3293 solitudi-

290 3355 419 3396 nem
469 3353 568 3393 uos
608 3337 852 3404 doceret,
896 3351 964 3391 eo
998 3335 1140 3406 quod
1167 3334 1234 3388 ad
1265 3334 1438 3404 ipsum
1468 3331 1794 3396 accesserit,
1843 3337 1898 3384 et

287 3440 402 3486 tam
450 3431 608 3486 istius
649 3429 882 3486 studium
905 3469 921 3495 ,
950 3444 1110 3498 quam
1153 3426 1297 3482 illius
1336 3424 1647 3496 patientiam
1686 3423 1897 3478 cunctis

288 3524 612 3594 detegeret,
659 3533 817 3592 atque
862 3522 965 3575 illis
1005 3521 1272 3590 praecipue
1299 3517 1388 3589 qui
1419 3516 1720 3573 adstabant.
1761 3515 1894 3570 Nam

291 3616 554 3687 quoniam
593 3614 763 3670 Judaei
807 3612 1053 3668 homines
1093 3610 1256 3667 invidi
1304 3618 1360 3665 et
1405 3608 1681 3664 hominum
1713 3619 1898 3663 osores

287 3709 664 3781 proximorum
687 3705 964 3760 beneﬁciis
989 3702 1228 3758 invidere
1248 3707 1658 3765 consueverunt,
1683 3707 1737 3753 et
1757 3711 1899 3752 nunc

291 3809 513 3872 sumpta
531 3800 817 3854 occasione
841 3813 868 3852 a
900 3808 1141 3868 tempore
1169 3795 1421 3852 miracula
1439 3807 1682 3864 carpere,
1711 3791 1898 3847 dicen-

293 3904 382 3948 tes
409 3907 533 3946 eum
575 3891 627 3945 in
659 3890 879 3945 sabbato
903 3904 1092 3944 curare
1114 3930 1130 3955 ,
1165 3901 1307 3943 nunc
1331 3885 1400 3940 ah
1424 3901 1608 3940 eorum
1639 3884 1742 3938 vita
1760 3924 1777 3950 ,
1808 3881 1899 3953 qui

292 3988 630 4043 curabantur
653 4026 668 4050 ,
715 3984 984 4049 dicentes,
1020 3981 1122 4036 Hic
1163 3982 1206 4036 si
1243 3989 1370 4035 esset
1419 3978 1665 4050 prapheta
1689 4019 1705 4043 ,
1747 3977 1899 4030 sciret

293 4096 535 4151 quianam
559 4080 623 4132 sit
653 4078 856 4140 mulier,
887 4093 1002 4147 quae
1028 4076 1188 4146 tangit
1217 4091 1330 4130 eum
1374 4073 1526 4145 (Luc.
1557 4073 1609 4126 7.
1645 4071 1736 4141 39)
1755 4112 1769 4135 ,
1801 4085 1897 4125 ne-

293 4173 533 4226 scientes
589 4168 693 4224 hoc
743 4183 864 4224 esse
909 4167 1176 4239 praecipue
1225 4164 1461 4230 medici,
1515 4179 1636 4218 cum
1681 4161 1901 4233 :egrotis

297 4265 541 4332 misceri,
572 4273 625 4320 et
647 4263 797 4334 juxta
828 4264 1069 4318 infirmos
1095 4276 1310 4332 semper
1335 4259 1566 4325 versari,
1590 4273 1696 4315 non
1721 4267 1900 4313 autem

300 4357 428 4412 illos
454 4355 670 4428 fugere,
706 4363 759 4410 et
785 4355 854 4410 ab
881 4355 988 4410 illis
1017 4353 1242 4410 resilire.
1271 4351 1423 4420 Quod
1449 4351 1666 4423 quidem
1695 4359 1750 4406 et
1777 4363 1902 4406 cum

301 4447 358 4503 in
402 4460 500 4502 eos
533 4445 880 4501 inveheretur
902 4444 1115 4500 dicebat
1145 4462 1158 4498 :
1190 4443 1311 4499 Non
1350 4453 1423 4500 est
1468 4459 1595 4512 opus
1622 4442 1906 4497 valentibus

296 4541 498 4595 medico
517 4582 533 4607 ,
561 4540 653 4595 sed
677 4538 812 4596 male
841 4539 1138 4594 habentibus
1160 4537 1386 4608 (Matth.
1411 4538 1464 4593 9.
1490 4536 1600 4610 12).
1641 4536 1720 4592 Ne
1746 4536 1905 4607 igitur

299 4631 490 4688 eadem
521 4647 713 4688 rursus
737 4629 1066 4701 objicercnt,
1095 4630 1243 4701 prius
1279 4629 1477 4685 indicat
1505 4643 1601 4684 eos
1626 4627 1906 4684 curatione

304 4727 498 4796 dignos
537 4738 658 4779 esse
677 4765 693 4789 ,
729 4723 819 4794 qui
857 4723 1220 4788 accedebant,
1245 4723 1314 4777 oh
1335 4720 1494 4776 ﬁdem
1517 4734 1675 4790 quam
1705 4734 1816 4789 prae
1845 4733 1904 4774 se

300 4817 564 4874 ferebant.
597 4815 883 4885 Propterea
911 4822 966 4868 et
991 4814 1131 4870 illius
1156 4813 1498 4869 solitudinem
1524 4820 1579 4867 et
1609 4810 1904 4866 ferventem

301 4909 458 4964 istius
503 4908 663 4964 fidem
714 4915 768 4962 et
821 4906 982 4961 animi
1033 4905 1507 4977 promptitudinem
1559 4903 1849 4958 declaravit
1889 4918 1905 4957 :

303 5009 585 5070 propterea
615 5008 727 5053 tum
761 4998 906 5054 illum
956 4996 1008 5052 in
1055 4996 1278 5052 sabbato
1308 4995 1552 5058 curavit,
1599 5004 1710 5050 tum
1758 4993 1906 5048 hunc

306 5109 413 5147 non
453 5094 503 5146 in
536 5091 802 5145 sabbato:
833 5099 922 5156 ut,
953 5105 1076 5145 cum
1108 5089 1230 5143 illos
1257 5089 1427 5143 altero
1465 5087 1552 5143 die
1591 5086 1790 5140 videris
1815 5100 1904 5140 re-

307 5183 647 5252 prehendere
699 5192 753 5237 et
801 5183 1083 5252 increpare
1129 5181 1438 5246 Christum,
1490 5179 1754 5250 intelligas
1794 5185 1906 5232 tum

310 5278 568 5348 temporis
589 5277 772 5341 etiam,
804 5291 908 5331 non
941 5275 1082 5346 quod
1111 5274 1332 5330 studiosi
1357 5282 1537 5328 essent
1564 5272 1696 5342 legis
1717 5270 1909 5325 obser-

306 5371 517 5434 vaudzc,
543 5367 977 5439 reprehendisse,
1004 5381 1192 5421 verum
1214 5381 1334 5420 eum
1365 5363 1632 5434 propriam
1657 5361 1909 5416 invidiam

307 5464 457 5518 ferre
494 5477 598 5518 non
645 5469 879 5531 possent.
911 5460 1087 5527 Quare
1132 5473 1261 5514 vero
1295 5473 1401 5511 non
1445 5456 1590 5526 prius
1622 5453 1908 5525 paralysin}

309 5570 504 5609 sanare
524 5567 808 5625 aggressus
837 5561 921 5607 est
946 5595 962 5616 ,
995 5551 1088 5607 sed
1112 5550 1283 5615 dixit,
1313 5549 1524 5618 Conﬁde
1543 5591 1555 5612 ,
1590 5547 1704 5616 ﬁli,
1737 5545 1912 5599 dimit-

307 5653 487 5699 tuntur
531 5654 738 5715 peccata
781 5645 916 5699 tua?
941 5643 1007 5700 Et
1033 5643 1135 5698 hoc
1174 5641 1446 5713 sapienter
1485 5638 1794 5695 admodum.
1829 5636 1913 5692 Si-

313 5738 528 5810 quidem
563 5748 644 5794 est
675 5738 774 5793 hoc
805 5738 856 5792 in
893 5751 1044 5791 more
1070 5735 1304 5807 positum
1327 5731 1659 5789 medicorum
1681 5773 1696 5798 ,
1722 5740 1781 5786 ut
1805 5745 1912 5786 non

315 5831 465 5901 prius
511 5829 727 5886 morbos
781 5829 1016 5900 abigant,
1073 5827 1168 5882 sed
1228 5841 1415 5883 eorum
1463 5825 1636 5883 fontes
1695 5823 1906 5888 tollant.

645 5945 919 6007 Parant.
967 5944 1083 6003 Gn.
1133 5939 1230 6002 LI.

1999 465 2252 537 Exempli
2283 481 2444 523 causa
2471 481 2842 538 saepenumero
2873 481 2992 523 cum
3021 481 3048 520 a
3099 481 3268 537 pravo
3298 464 3520 521 humore
3540 475 3595 520 et

1936 621 1956 634 _,
1993 567 2242 630 corrupta
2274 560 2518 616 ﬂexione
2539 560 2861 616 infestantur
2880 560 3042 628 oculi,
3072 561 3311 616 medicus
3339 560 3594 616 omittcns

1995 652 2250 722 pupillam
2294 667 2491 723 aegram
2539 667 2762 719 curare,
2809 651 2999 722 capitis
3041 665 3224 707 curam
3274 651 3454 721 gerit,
3503 651 3594 705 ubi

1993 744 2143 798 radix
2171 743 2367 800 etfous
2411 752 2528 800 erat
2577 743 2909 814 aegritudinis
2940 761 2954 798 :
2983 743 3054 798 ita
3098 758 3312 813 quoque
3348 740 3594 798 Christus

1993 837 2144 907 agit:
2177 837 2324 906 prius
2363 836 2625 892 malorum
2673 835 2874 892 fontem
2919 837 3182 908 reprimit.
3212 836 3356 892 Fons
3399 836 3596 908 quippe

1995 929 2261 984 malorum
2289 936 2345 986 et
2372 930 2523 984 radix
2553 939 2606 985 et
2631 938 2803 985 mater
2849 937 2932 984 est
2975 928 3214 984 omnium
3254 936 3440 982 natura
3466 942 3594 997 pec-

1994 1021 2119 1076 cati.
2167 1020 2291 1077 llaec
2328 1030 2410 1076 est
2454 1037 2573 1090 qum
2613 1035 2840 1090 c0rpora
2895 1029 3077 1075 nostra
3123 1028 3286 1074 vexat
3320 1018 3593 1089 paralysi,

1995 1111 2112 1167 haec
2142 1112 2363 1168 morbos
2390 1112 2593 1167 invehit
2621 1128 2636 1178 ;
2670 1111 2870 1166 idcirco
2913 1111 3073 1165 etiam
3106 1109 3276 1178 inquit
3300 1108 3403 1163 hoc
3432 1108 3552 1162 loco
3573 1148 3588 1170 ,

1994 1202 2243 1273 Conﬁde,
2294 1203 2402 1273 ﬁli,
2449 1203 2773 1257 dimittuntur
2817 1212 3025 1273 peccata
3070 1211 3195 1266 tua;
3237 1209 3291 1256 et
3327 1200 3438 1255 illic
3479 1199 3591 1253 ait:

1994 1293 2128 1350 Ecce
2167 1312 2325 1350 sanus
2371 1298 2538 1366 factus
2579 1312 2660 1358 es,
2707 1295 2812 1348 noli
2861 1294 3083 1364 amplius
3109 1309 3353 1364 peccare,
3385 1291 3596 1361 nequid

1995 1389 2212 1442 deterius
2239 1387 2329 1442 tibi
2352 1389 2611 1459 contingat
2632 1406 2653 1452 ;
2682 1396 2911 1457 utroque
2936 1386 3054 1440 loco
3074 1385 3354 1441 declarans
3373 1385 3595 1440 morbos

1994 1479 2127 1536 istos
2157 1495 2225 1535 ex
2253 1489 2474 1550 peccato
2513 1487 2668 1534 natos
2709 1492 2853 1535 esse.
2883 1477 2949 1533 Et
2973 1477 3026 1531 in
3057 1475 3319 1548 principio
3343 1485 3502 1546 atque
3539 1475 3594 1528 in

1994 1570 2219 1628 exordio
2254 1571 2542 1626 creationis
2583 1585 2651 1625 ex
2692 1577 2913 1638 peccato
2961 1567 3180 1622 morbus
3220 1565 3370 1621 Caini
3396 1578 3595 1633 corpus

1995 1664 2208 1719 invasit.
2241 1651 2375 1719 Nam
2401 1671 2456 1718 et
2479 1662 2572 1718 ille
2596 1670 2718 1733 post
2743 1659 3096 1715 fratricidium
3117 1699 3133 1726 ,
3168 1666 3288 1728 post
3315 1655 3444 1711 illud
3470 1669 3594 1709 sce-

1993 1757 2098 1824 lus,
2119 1765 2228 1810 tum
2257 1753 2485 1826 paralysi
2502 1753 2744 1825 corporis
2771 1762 2854 1808 cst
2878 1758 3178 1821 correptus.
3204 1749 3430 1803 Tremor
3447 1746 3593 1802 enim

1993 1851 2084 1906 ille
2110 1850 2242 1905 nihil
2272 1849 2416 1905 aliud
2447 1849 2545 1903 fuit
2567 1863 2729 1919 quam
2763 1846 3040 1918 paralysis.
3075 1843 3301 1913 Quando
3327 1842 3471 1898 enim
3501 1841 3591 1897 illa

1993 1945 2185 2012 virtus,
2217 1958 2336 2014 qua:
2366 1941 2563 1997 animal
2589 1941 2745 2010 regit,
2779 1936 3101 1993 imbecillior
3125 1945 3207 1992 est
3235 1933 3464 1999 reddita,
3493 1947 3598 1987 nec

1992 2037 2220 2107 amplius
2267 2035 2444 2090 omnia
2483 2042 2659 2106 potest
2704 2031 2944 2088 membra
2975 2037 3313 2095 sustentare,
3345 2043 3438 2083 sua
3465 2041 3596 2082 cura

1993 2126 2082 2181 illa
2101 2125 2363 2192 destituit,
2378 2134 2536 2196 atque
2550 2125 2638 2179 illa
2654 2123 2894 2178 relaxata
2917 2129 3152 2177 tremunt
3165 2119 3589 2189 ctexagitantur.

2065 2219 2120 2274 6.
2146 2218 2281 2289 Hoc
2313 2217 2473 2273 etiam
2522 2215 2775 2272 indicavit
2837 2213 3066 2280 Paulus,
3112 2227 3233 2267 cum
3277 2209 3576 2266 Corinthiis

1993 2317 2271 2381 peccatum
2317 2306 2586 2379 quoddam
2631 2303 2968 2376 exprobrans
3013 2304 3089 2358 ait
3117 2321 3130 2357 :
3157 2300 3284 2356 Ideo
3333 2302 3464 2355 inter
3507 2316 3596 2353 vos

1995 2400 2140 2454 multi
2164 2399 2354 2470 inﬁrmi
2381 2409 2430 2452 et
2466 2396 2735 2452 imbecilles
2757 2397 2834 2467 (1.
2862 2395 2980 2450 Cor.
3013 2396 3099 2449 11.
3132 2393 3224 2463 50)
3250 2411 3265 2447 :
3299 2391 3418 2447 ideo
3439 2389 3598 2445 Citri-

1995 2502 2114 2546 sms
2155 2505 2370 2560 quoque
2419 2489 2566 2559 prius
2595 2501 2813 2542 causam
2864 2486 3128 2540 malorum
3163 2483 3336 2551 tollit,
3364 2497 3597 2553 cumque

1994 2583 2252 2638 dixisset:
2279 2579 2511 2650 Conﬁde,
2537 2579 2635 2648 ﬁli,
2659 2578 2981 2633 dimittuntur
3005 2583 3210 2647 peccata
3231 2583 3339 2641 tua,
3357 2573 3594 2628 animum

1994 2674 2113 2745 ejus
2154 2672 2347 2753 erigit,
2395 2671 2774 2742 dejectamque
2824 2675 3062 2724 mentem
3115 2664 3316 2721 excitat
3344 2679 3360 2720 :
3390 2663 3590 2734 quippe

1994 2781 2177 2824 sermo
2204 2765 2451 2838 prodibat
2473 2765 2525 2820 in
2550 2778 2710 2834 opus,
2731 2771 2786 2817 et
2810 2760 2864 2816 in
2895 2757 3280 2816 conscientiam
3306 2764 3594 2827 penetrans

1996 2861 2230 2914 animam
2262 2857 2434 2927 ipsam
2463 2855 2750 2921 movebat,
2781 2868 2845 2908 ac
2871 2859 3071 2908 metum
3117 2863 3332 2905 omnem
3361 2846 3601 2918 expelle-

1997 2952 2109 3008 bat.
2134 2950 2296 3025 [Nihil
2325 2949 2468 3006 enim
2499 2955 2582 3004 est
2615 2946 2756 3017 quod
2781 2946 2849 3000 ita
2891 2942 3232 3000 formidinem
3261 2955 3322 2996 ac
3345 2940 3596 2995 timorem

1999 3043 2238 3114 injiciat,
2264 3051 2322 3098 ut
2346 3039 2678 3098 conscientia
2705 3045 3049 3109 peccatorum
3081 3054 3096 3090 :
3130 3034 3149 3108 ]
3188 3033 3320 3089 nihil
3344 3033 3415 3088 ita
3442 3033 3597 3086 volu-

2000 3147 2201 3209 ptatem
2231 3135 2389 3206 parit,
2418 3142 2473 3189 et
2499 3130 2879 3189 conﬁdentiam
2910 3130 3208 3200 ingenerat,
3237 3142 3300 3182 ac
3325 3126 3370 3181 si
3397 3124 3598 3180 nullius

1999 3229 2120 3302 quis
2147 3227 2368 3284 sceleris
2395 3226 2497 3281 sibi
2523 3225 2593 3280 sit
2619 3222 2888 3282 conscius.
2918 3219 3150 3290 Conﬁde,
3176 3217 3256 3290 fili
3280 3257 3296 3283 ,
3323 3216 3596 3270 dimittun-

2002 3333 2084 3377 tur
2110 3330 2317 3392 peccata
2359 3328 2468 3374 tua.
2498 3316 2598 3374 Ubi
2625 3317 2769 3372 enim
2818 3313 3065 3370 remissio
3088 3321 3173 3368 est
3200 3317 3542 3382 peccatorum
3579 3348 3594 3368 .

2006 3413 2115 3468 illic
2139 3421 2192 3467 et
2218 3410 2437 3482 adoptio
2458 3417 2542 3465 est
2563 3407 2815 3463 ﬁliorum.
2851 3406 2926 3461 ita
2953 3418 3052 3460 nos
3078 3415 3289 3472 quoque
3313 3415 3420 3455 non
3443 3399 3593 3470 prius

2008 3504 2222 3560 Patrem
2248 3516 2533 3573 possumus
2553 3499 2845 3570 appellare,
2869 3511 3028 3567 quam
3051 3495 3103 3550 in
3135 3507 3408 3549 sacrarum
3431 3506 3601 3562 aqua-

2003 3610 2122 3651 rum
2150 3595 2363 3650 lavacro
2406 3599 2625 3664 peccata
2668 3589 3103 3645 absterserimus.
3157 3583 3386 3654 Quando
3440 3582 3602 3654 igitur

2003 3689 2146 3744 mala
2174 3689 2261 3742 illa
2290 3687 2533 3758 deposita
2560 3685 2772 3740 sarcina
2806 3682 2930 3738 inde
2947 3678 3311 3744 ascendimus,
3340 3684 3452 3731 tum
3479 3674 3608 3729 diei-

2008 3794 2159 3846 mus,
2200 3777 2358 3832 Pater
2384 3786 2573 3843 noster,
2600 3775 2687 3844 qui
2712 3791 2762 3828 es
2801 3774 2853 3827 in
2880 3773 3039 3828 rariis.
3062 3769 3266 3827 Verum
3299 3770 3440 3846 enim
3474 3782 3605 3820 vero

2005 3870 2158 3943 cujus
2187 3870 2265 3926 rei
2295 3869 2462 3941 gratia
2494 3883 2600 3922 non
2629 3868 2698 3920 ita
2728 3882 2788 3921 se
2814 3865 2981 3936 gessit
3007 3879 3132 3933 erga
3164 3863 3311 3916 illum
3334 3903 3350 3927 ,
3385 3860 3474 3930 qui
3504 3859 3569 3911 tri
3591 3890 3605 3899 -

2006 3966 2153 4036 ginta
2199 3971 2322 4018 octo
2364 3975 2535 4014 annos
2579 3957 2848 4022 habebat,
2903 3955 2997 4011 sed
3031 3955 3180 4025 prius
3223 3953 3366 4007 illius
3408 3965 3608 4020 corpus

2007 4054 2252 4112 curavit?
2292 4053 2553 4122 Quoniam
2605 4050 2679 4105 iZli
2732 4047 2948 4119 quidem
2994 4045 3251 4115 temporis
3303 4041 3608 4114 prolixitate

2009 4151 2219 4206 fuerant
2246 4154 2561 4218 consumpta
2586 4152 2804 4216 peccata
2835 4161 2848 4197 :
2879 4151 3052 4214 potest
3080 4141 3223 4196 enim
3255 4137 3605 4194 tentationutn

2008 4242 2247 4313 gravitas
2296 4254 2435 4296 onus
2477 4246 2819 4310 peccatorum
2877 4235 3048 4289 levius
3088 4231 3314 4288 reddere
3356 4247 3372 4285 :
3419 4245 3610 4300 quem-

2012 4333 2304 4389 admodum
2325 4342 2379 4387 et
2404 4331 2473 4387 de
2500 4330 2702 4385 Lazaro
2727 4327 3022 4393 dixit,eum
3046 4324 3182 4378 mala
3196 4337 3292 4377 sua
3319 4320 3608 4389 recepisse,

2015 4434 2178 4496 atque
2207 4423 2297 4478 hic
2321 4421 2590 4478 consolari
2620 4436 2634 4473 :
2666 4427 2722 4474 et
2745 4432 2935 4474 rursus
2958 4416 3034 4470 ait
3059 4413 3186 4468 alibi
3216 4430 3229 4466 :
3262 4409 3613 4467 Consolamini

2017 4518 2265 4592 papulum
2289 4533 2456 4571 meum
2479 4555 2496 4581 ,
2536 4511 2802 4584 loquimini
2830 4510 2898 4563 ad
2927 4525 3016 4562 cor
3037 4506 3347 4569 Jerusalem,
3376 4503 3497 4592 quia
3525 4517 3615 4592 rc-

2173 4612 2236 4664 dc
2262 4624 2417 4662 ntanu
2455 4605 2663 4660 Domini
2699 4601 2926 4674 duplicia
2952 4603 3160 4669 peccata
3181 4611 3278 4649 sua
3303 4590 3499 4667 (Hemi.
3518 4586 3610 4654 40,

2016 4706 2068 4761 1.
2097 4704 2179 4775 ‘2).
2204 4703 2271 4759 Et
2293 4701 2486 4758 iterum
2515 4696 2778 4769 propheta
2812 4712 2826 4748 :
2859 4693 3080 4749 Domine
3099 4733 3117 4759 ,
3141 4707 3316 4761 pacem
3336 4689 3405 4743 da
3434 4686 3576 4743 nobis
3595 4727 3613 4752 ,

2017 4798 2189 4852 omnia
2214 4795 2348 4850 enim
2374 4789 2639 4848 reddidisti
2667 4787 2810 4842 nobis
2839 4785 2993 4860 (lies.
3023 4784 3114 4840 26.
3143 4784 3236 4855 12)
3257 4825 3273 4849 ,
3301 4781 3613 4854 signiﬁcans

2018 4903 2208 4959 ptenas
2250 4895 2306 4941 et
2334 4881 2594 4955 supplicia
2635 4880 2846 4936 veniam
2883 4878 3176 4949 impetrare
3228 4882 3616 4946 peccatorum,

2020 4979 2181 5051 idque
2213 4977 2454 5048 plurimis
2474 4991 2540 5032 ex
2572 4974 2705 5030 locis
2731 4982 2909 5046 potest
2925 4967 3310 5029 demonstrari.

2097 5071 2423 5125 Divinitatem
2454 5084 2598 5122 suam
2644 5066 2837 5120 indicat
2875 5062 3126 5120 Christus.
3154 5087 3226 5104 ο·-
3255 5057 3438 5128 Itaque
3487 5052 3622 5107 nihil

2019 5163 2150 5219 mihi
2196 5161 2408 5216 videtur
2432 5159 2499 5214 de
2529 5168 2868 5230 peccatorum
2908 5153 3229 5211 remissione
3248 5149 3452 5205 dixisse
3476 5189 3491 5212 ,
3521 5144 3616 5200 sed

2020 5255 2073 5310 in
2102 5264 2376 5326 posterum
2398 5252 2545 5307 illum
2574 5249 3083 5322 pramnunissc,cum
3103 5259 3166 5301 ea
3186 5257 3306 5315 quae
3327 5241 3536 5295 fuerant
3555 5237 3623 5288 ah

2023 5350 2118 5406 illo
2143 5347 2429 5404 commissa
2448 5346 2558 5416 jam
2587 5342 2919 5415 a'gritudinis
2945 5348 3127 5396 essent
3146 5332 3446 5407 prolixitate
3473 5328 3617 5383 dele-

2026 5453 2076 5499 ta
2111 5459 2126 5497 :
2160 5451 2250 5496 aut
2274 5443 2316 5496 si
2345 5439 2448 5495 hoc
2470 5454 2574 5494 non
2604 5439 2693 5503 sit,
2720 5443 2999 5509 propterea
3027 5429 3169 5502 quod
3201 5424 3436 5482 nondum
3459 5419 3620 5492 quid-

2029 5550 2189 5606 quam
2221 5548 2476 5605 magnum
2505 5531 2578 5586 illi
2609 5531 2783 5585 fuerat
2810 5528 2878 5584 de
2914 5524 3133 5580 Christo
3158 5531 3472 5592 persuasum
3495 5557 3511 5582 ,
3544 5514 3627 5567 id.

2027 5631 2174 5686 circo
2195 5627 2260 5684 ad
2283 5626 2335 5681 id
2363 5625 2504 5697 quod
2538 5625 2714 5679 minus
2739 5631 2854 5677 crat
2875 5663 2890 5686 ,
2917 5618 3064 5688 prius
3105 5613 3368 5680 accessit,
3400 5621 3455 5666 et
3482 5609 3626 5680 quod,

2028 5723 2250 5780 evidens
2276 5735 2339 5775 ac
2369 5717 2731 5780 manifestum,
2755 5713 3005 5769 nimirum
3028 5708 3271 5781 corporis
3288 5705 3572 5761 sanitatem
3605 5718 3620 5756 :

2030 5821 2085 5878 in
2117 5817 2218 5874 hoc
2247 5822 2425 5872 autem
2452 5824 2557 5867 non
2583 5809 2652 5866 ita
2674 5847 2690 5876 ,
2718 5805 2812 5865 scd
2839 5802 3090 5878 quoniam
3134 5801 3304 5872 magis
3344 5792 3628 5862 credebat,

3180 5898 3220 5962 ἢ
