4106 6484
435 343 505 398 5.)
1151 339 1220 393 8.
1265 331 2054 393 ,ιοΑΝΝιδιοιιπγεοετοΜι
2087 333 2406 391 ABCIIIEP.
2445 335 2994 393 CONSTAN’I‘INOP.
3650 343 3747 401 '60

437 466 493 510 et
517 452 815 509 sublimiori
844 461 1024 508 mente
1049 451 1303 522 pra-ditus
1331 461 1446 506 erat
1465 492 1480 517 ,
1513 457 1796 520 propterea
1816 447 1883 504 de
1907 463 2028 520 gra-

2148 446 2252 504 lius
2282 449 2430 504 novit
2453 448 2766 505 abscondita
2791 449 2992 504 cordis?
3022 448 3145 520 Ipse
3164 451 3534 522 enim,~inquit,
3556 455 3751 510 sciebas

439 547 574 602 viori
609 546 757 617 prius
787 545 926 616 apud
962 545 1108 598 illum
1149 543 1339 596 morbo
1365 541 1618 596 disseruit
1648 558 1660 593 :
1692 549 1887 611 prmter
1919 541 2036 595 hate
2065 589 2116 629 ω
2144 541 2266 610 quid
2287 549 2414 594 esset
2433 540 2486 594 in
2513 540 2715 594 homine
2746 538 2925 611 (Joan.
2952 539 3118 612 2.25)
3148 559 3163 596 :
3196 553 3252 596 et
3281 542 3481 598 Paulus
3502 544 3753 599 iiidicans

441 637 643 699 omnia,
669 645 727 691 ut
746 635 848 691 sibi
893 635 1153 704 aequalem
1197 648 1317 687 cum
1365 632 1524 687 Patre
1548 631 1732 688 deberi
1775 631 2036 685 honorem

439 729 776 784 ostenderet.
817 726 891 783 Ut
924 729 1066 781 enim
1117 726 1224 780 illic
1255 726 1309 779 in
1361 725 1585 780 sabbato
1625 725 1865 788 curavit,
1895 721 2038 793 quod

441 835 543 875 eos
566 821 726 875 vellet
751 833 782 873 a
807 817 1026 873 Judaica
1048 815 1424 872 observatione
1452 830 1710 870 revocare
1738 854 1752 878 ,
1784 824 1945 884 atque
1974 828 2040 868 ex

450 914 663 970 illorum
685 911 1146 967 criminationibus
1169 910 1504 965 occasionem
1526 916 1766 978 captaret
1783 906 2043 976 aequalem

449 1022 510 1062 se
525 1006 763 1062 Genitori
795 1003 1116 1060 ostendendi
1141 1022 1154 1056 :
1180 1005 1252 1058 ita
1277 1001 1528 1056 nimirum
1555 1010 1610 1056 et
1631 1000 1718 1055 hic
1745 998 2046 1069 prmvidens

453 1098 596 1169 quod
622 1106 776 1154 erant
803 1096 1022 1162 dicturi,
1055 1097 1168 1150 haec
1187 1093 1346 1149 verba
1378 1092 1630 1162 protulit,
1660 1100 1716 1145 ut
1742 1090 1865 1144 hinc
1892 1088 2044 1142 initio

455 1194 636 1259 ducto,
655 1202 709 1246 et
729 1189 1009 1245 occasione
1034 1196 1244 1259 sumpta
1267 1185 1602 1240 demonstret
1623 1183 1812 1254 aequali
1844 1196 1903 1236 se
1924 1194 2050 1236 cum

458 1287 716 1342 Genitore
761 1283 980 1355 dignum
1014 1281 1237 1336 honore.
1264 1279 1378 1335 Non
1419 1278 1562 1333 enim
1592 1290 1657 1332 et
1698 1290 1852 1345 a'quo
1881 1289 1938 1328 se
1967 1287 2055 1327 res

460 1381 658 1444 habet,
686 1378 734 1434 si
767 1377 981 1433 nemine
1022 1371 1459 1445 reprehendente
1485 1371 1570 1424 vel
1607 1378 1894 1424 accusante
1913 1408 1927 1430 ,
1958 1381 2054 1420 sua

461 1478 656 1542 sponte
684 1469 806 1540 quis
827 1469 880 1522 in
909 1480 1216 1521 sermonem
1259 1463 1328 1518 de
1359 1462 1442 1517 bis
1472 1460 1771 1524 delabatur,
1794 1467 1859 1514 et
1895 1459 1940 1513 si
1956 1472 2057 1511 cte-

463 1563 594 1618 teris
622 1576 838 1617 causam
864 1547 1246 1630 praebentibus,
1268 1557 1486 1610 nomine
1507 1568 1571 1608 ac
1601 1551 1780 1622 specie
1800 1549 2061 1604 defensio-

466 1655 552 1710 nis
579 1653 685 1708 hoc
727 1653 900 1723 ipsum
925 1650 1260 1720 .prtrstiterit.
1309 1647 1441 1702 Nam
1474 1646 1566 1700 ille
1595 1643 1810 1716 quidem
1838 1643 2061 1698 demon-

475 1743 767 1798 strationisi
782 1741 983 1796 modus
1013 1740 1284 1794 auditores
1304 1736 1618 1793 offendisset
1643 1755 1655 1790 :
1684 1734 1775 1789 hic
1805 1749 1934 1788 vero
1960 1732 2061 1787 ini-

472 1853 572 1892 nus
600 1835 818 1890 odiosus
867 1842 1019 1899 erat,
1052 1843 1107 1888 et
1136 1827 1347 1886 facilius
1393 1829 1601 1884 admitti
1635 1837 1878 1898 poterat,
1914 1824 2066 1880 vide-

475 1943 702 1998 musque
726 1925 996 1981 Christum
1026 1925 1128 1979 hoc
1169 1922 1368 1992 ubique
1413 1929 1670 1992 praestare
1694 1959 1708 1985 ,
1738 1932 1910 1988 neque
1960 1925 2066 1969 tam

477 2020 656 2075 verbis
685 2033 844 2089 quam
877 2017 1030 2072 factis
1056 2014 1417 2085 aequalitatem
1446 2027 1596 2067 suam
1625 2008 1928 2065 ostendere.
1959 2006 2072 2062 Hoc

475 2110 693 2180 quidem
719 2120 877 2165 certe
908 2107 1252 2163 subindicans
1281 2103 1607 2174 evangelista
1647 2099 1859 2155 dicebat
1889 2096 2070 2167 (Joan.

564 2201 654 2273 16)
678 2241 700 2265 ,
739 2209 1022 2270 propterea
1065 2203 1418 2268 persequutos
1461 2208 1584 2248 eum
1628 2191 1794 2246 fuisse
1820 2189 2034 2244 Juda‘os
2059 2229 2073 2252 ,

485 2308 590 2347 non
617 2293 790 2347 solum
821 2293 943 2363 quia
990 2292 1231 2346 solvebat
1259 2287 1548 2345 sabbatum
1570 2329 1586 2353 ,
1611 2285 1706 2340 sed
1737 2295 1793 2340 et
1831 2286 1952 2354 quia
1983 2299 2076 2353 pa-

483 2395 621 2439 trem
649 2401 804 2440 suutn
837 2383 1051 2440 diccbat
1077 2383 1244 2438 Deum
1262 2422 1277 2446 ,
1305 2381 1568 2451 :equalem
1594 2394 1653 2434 se
1701 2377 1902 2432 faciens
1931 2377 2041 2430 Deo
2060 2418 2075 2440 ,

487 2475 629 2546 quod
662 2476 830 2530 multo
881 2483 967 2530 est
997 2475 1169 2544 majus
1199 2492 1211 2526 :
1244 2473 1346 2528 hoc
1375 2471 1518 2526 enim
1563 2471 1735 2540 ipsum
1767 2484 1862 2540 per
1900 2483 2080 2522 rermn

485 2567 1000 2622 demonstrationem
1036 2565 1368 2621 adstruebat.
1415 2563 1551 2631 Quid
1603 2563 1762 2633 igitur
1794 2559 1958 2615 invidi
2009 2559 2082 2613 illi

488 2672 646 2730 atque
684 2659 967 2724 scelerati,
999 2657 1090 2728 qui
1139 2657 1369 2712 aliorum
1419 2655 1574 2710 bonis
1618 2661 1982 2714 macerantur,
2031 2660 2086 2706 et

491 2752 724 2821 nudique
750 2767 934 2806 ansam
962 2748 1393 2820 reprehendendi
1426 2745 1783 2817 perquirunt?
1811 2745 1948 2812 Quid
1969 2744 2084 2809 hic,

491 2843 770 2913 inquiunt,
805 2841 1179 2912 blasphemat?
1205 2839 1370 2894 Nemo
1398 2839 1531 2892 enim
1567 2847 1725 2907 potest
1763 2844 1970 2906 peccata
1999 2837 2087 2889 di-

489 2935 686 2986 mittere
710 2974 725 2999 ,
757 2933 855 2985 nisi
899 2931 1037 2985 soius
1066 2930 1201 2983 Deus
1239 2928 1431 3000 (Marc.
1454 2927 1510 2980 2.
1538 2929 1614 2997 7).
1643 2926 1793 2982 Sicut
1839 2926 1944 2981 illic
1966 2941 2090 2981 eum

495 3025 972 3093 persequebantur,
1006 3021 1146 3091 quod
1190 3021 1470 3076 sabbatum
1499 3019 1761 3085 solveret,
1783 3027 1838 3074 et
1859 3034 1928 3073 ex
1971 3018 2093 3074 illo-

499 3129 617 3167 rum
661 3113 1172 3183 reprehensionibus
1202 3123 1413 3182 sumpta
1451 3112 1740 3166 occasione
1771 3109 2095 3164 defensionis

501 3208 717 3262 nomine
742 3222 805 3261 ac
839 3208 1019 3276 specie
1068 3222 1218 3260 suam
1253 3222 1375 3260 cum
1425 3205 1583 3260 Patre
1611 3204 1971 3274 aequalitatem
2009 3217 2097 3257 os-

503 3297 671 3352 ti-udit
694 3341 707 3362 ,
737 3312 798 3351 ac
838 3296 969 3352 dixit
997 3317 1009 3352 :
1039 3295 1194 3350 Pater
1229 3313 1369 3350 meus
1420 3307 1677 3365 Operamr,
1715 3305 1759 3349 et
1791 3311 1880 3367 ego
1918 3310 2098 3365 Oper-or

505 3390 684 3460 (toan.
711 3390 764 3444 5.
797 3390 885 3460 l7)
923 3391 1036 3444 :sic
1068 3389 1318 3444 nimirum
1356 3389 1455 3443 hoc
1495 3389 1614 3442 loco
1654 3404 1717 3443 ex
1749 3389 1814 3442 iis
1849 3403 1967 3458 quae
1999 3387 2098 3457 ipsi

501 3480 780 3547 objiciunt,
809 3481 950 3534 Patri
981 3496 1076 3549 per
1103 3481 1281 3534 omnia
1313 3480 1540 3534 similem
1572 3480 1806 3548 seipsum
1837 3479 2094 3532 ostendit.

506 3571 642 3637 Quid
671 3573 811 3626 enim
837 3573 952 3626 ait?
982 3571 1149 3625 Nemo
1172 3581 1329 3640 potest
1354 3581 1554 3638 peccata
1579 3571 1829 3624 dimittere
1852 3571 1949 3624 nisi
1965 3571 2103 3624 solus

507 3663 669 3717 Deus.
715 3663 940 3730 Quando
978 3665 1137 3734 igitur
1167 3664 1266 3733 ipsi
1314 3664 1453 3717 hunc
1505 3663 1723 3717 limitem
1772 3671 2098 3732 posuerunt,

509 3755 609 3825 ipsi
651 3755 788 3810 hanc
817 3756 1051 3825 regulam
1098 3755 1453 3820 induxerunt,
1487 3755 1584 3824 ipsi
1613 3756 1780 3826 legem
1831 3755 2100 3823 tulerunt,

515 3845 742 3915 propriis
775 3846 891 3899 illos
918 3847 1094 3901 verbis
1126 3846 1316 3900 irrctit.
1338 3845 1465 3910 Vos,
1498 3846 1688 3916 inquit,
1713 3845 1942 3900 coofessi
1974 3846 2105 3901 estis

511 3937 676 3991 solius
699 3951 816 3992 esse
844 3938 933 3993 Dei
960 3945 1173 4008 peccata
1191 3937 1484 4002 dimittere;
1508 3935 1804 3991 indubitata
1838 3937 1995 4007 igitur
2019 3946 2108 3991 est

511 4030 808 4098 a-qualitas.
833 4030 1015 4100 Nonne
1041 4045 1169 4084 vero
1209 4029 1294 4084 isti
1334 4029 1506 4082 solum
1553 4028 1655 4083 hoc
1683 4029 1902 4095 dicunt,
1931 4027 2025 4082 sed
2057 4038 2110 4083 ct

514 4121 808 4189 propheta,
850 4120 976 4174 dum
1028 4120 1097 4173 ita
1155 4121 1388 4189 loquitur
1430 4118 1598 4183 :Quis
1648 4118 1782 4174 Deus
1833 4120 1962 4173 sicut
2016 4119 2111 4172 tu?

517 4209 713 4263 deinde
756 4210 882 4280 quid
913 4213 983 4264 sit
1012 4210 1282 4280 proprium
1327 4211 1569 4265 indicans
1600 4209 1826 4279 adjecit,
1863 4211 2110 4280 Auferens

517 4291 807 4373 iniquitates
827 4347 841 4366 ,
890 4313 934 4357 et
982 4305 1340 4358 transcmdens
1368 4305 1651 4374 impietates
1679 4304 1866 4378 (Mich.
1917 4306 1968 4359 7.
2000 4307 2110 4376 l8).

519 4394 573 4447 Si
601 4396 718 4465 quis
748 4411 877 4466 ergo
919 4396 1056 4450 alius
1081 4405 1364 4466 appareat,
1398 4397 1486 4466 qui
1531 4395 1632 4450 hoc
1663 4399 1834 4466 ipsum
1877 4399 1945 4450 ita
1980 4413 2114 4466 pra)-

521 4494 662 4546 stet,
690 4487 851 4539 etiam
897 4485 1036 4541 Deus
1077 4496 1193 4552 est,
1227 4495 1282 4541 et
1327 4486 1468 4541 Deus
1505 4486 1953 4555 quemadmodum
2006 4488 2113 4542 illo.

528 4575 635 4629 Sed
681 4576 955 4632 videmnus
999 4593 1106 4647 quo
1154 4586 1308 4648 pact;
1350 4577 1470 4632 illos
1507 4580 1831 4648 argumentis
1869 4578 2117 4634 Christus

527 4677 733 4734 urgeat,
762 4685 922 4738 quam
953 4680 1228 4726 mansuete
1261 4686 1324 4726 ac
1348 4670 1589 4726 modeste
1615 4714 1626 4734 ,
1655 4687 1968 4742 summaque
1995 4687 2114 4727 cum

528 4761 905 4817 sollicitudine.
952 4761 1017 4816 Et
1045 4780 1152 4818 ecce
1197 4764 1402 4834 quidam
1439 4764 1502 4817 de
1529 4765 1706 4818 scribis
1726 4765 1956 4818 dicebant
1985 4765 2117 4819 intra

526 4854 718 4924 seipsos
750 4872 769 4909 :
800 4853 899 4907 llic
948 4854 1262 4925 blasphemat
1292 4855 1502 4925 (Matth.
1544 4856 1597 4908 9.
1649 4856 1726 4926 3).
1775 4855 2116 4926 Nequaquam

526 4946 746 4998 verbum
776 4945 1131 5015 protulerunt,
1165 4961 1272 5001 non
1299 4948 1709 5016 pronuntiarunt
1729 4948 1929 5017 lingua,
1949 4947 2041 5002 sed
2066 4949 2117 5003 in

529 5036 726 5089 mentis
765 5051 962 5092 arcano
1004 5037 1330 5107 cogitabant.
1360 5037 1498 5105 Quid
1533 5053 1661 5107 ergo
1680 5037 1967 5094 Christus?
1997 5037 2120 5093 Illo-

529 5143 650 5180 rum
696 5143 921 5182 arcanas
967 5129 1318 5199 cogitationes
1349 5131 1566 5200 protulit
1593 5131 1647 5185 in
1682 5130 1946 5198 medium,
1971 5140 2123 5187 ante-

530 5235 691 5288 quatit
714 5219 778 5273 ad
806 5220 1316 5276 demonstrationem
1350 5222 1576 5286 veniret,
1602 5239 1758 5293 quam
1785 5238 1849 5277 ex
1882 5224 2123 5293 corporis

532 5309 809 5381 paralytici
838 5312 1111 5364 curatione
1163 5313 1464 5381 prolaturus
1503 5323 1653 5377 erat,
1692 5315 1832 5384 quod
1879 5316 1983 5369 illis
2012 5329 2122 5369 sua:

532 5405 826 5459 divinitatis
849 5405 1008 5459 vellet
1054 5407 1343 5475 potentiam
1384 5405 1684 5461 declarare.
1713 5406 1783 5462 Ut
1827 5409 1968 5462 enim
1994 5423 2125 5462 con-

537 5504 641 5547 stet
690 5498 858 5549 solius
905 5497 995 5551 Dei
1045 5513 1164 5552 esse
1215 5497 1410 5552 mentis
1453 5513 1644 5552 arcana
1687 5499 2019 5567 patefa:-ere,
2055 5499 2126 5553 Tu

539 5604 744 5655 prorsus
771 5590 907 5642 solus
935 5591 1063 5644 nosti
1085 5593 1239 5644 corda
1265 5592 1320 5659 (5
1351 5590 1480 5659 Reg.
1510 5590 1562 5645 8.
1596 5590 1710 5661 59),
1744 5592 1934 5660 inquit.
1967 5593 2128 5646 Vides

539 5677 670 5730 illud
703 5681 854 5734 Solus
883 5697 1065 5733 rursus
1095 5697 1198 5736 non
1237 5683 1304 5736 ad
1334 5682 1730 5736 distinctionem
1764 5683 1881 5737 Filii
1924 5684 2126 5739 dictum

541 5769 700 5822 esse?
727 5772 782 5826 Si
822 5773 964 5828 t‘tiim
990 5770 1145 5828 Pater
1167 5773 1308 5830 solus
1348 5774 1508 5832 corda
1545 5775 1712 5833 novit.
1745 5777 2013 5848 quomodo
2043 5776 2124 5831 Fi-

2150 632 2421 703 proprium
2451 646 2572 687 esse
2601 631 2692 686 Dei
2735 643 2944 686 secreta
2987 647 3349 702 cognoscere,
3381 635 3458 690 ait
3486 653 3498 688 :
3526 634 3625 702 Qui
3643 652 3751 689 au-

2151 733 2266 778 tem-
2291 733 2549 777 scrutatur
2580 723 2736 776 corda
2764 723 2943 791 (Rom.
2987 723 3040 779 8.
3071 723 3164 796 27)
3199 743 3212 778 :
3242 725 3438 796 quibus
3472 725 3650 782 verbis
3677 729 3758 780 si-

2151 815 2367 888 gniﬁcat
2390 815 2506 871 haec
2530 815 2775 870 eamdem
2803 816 2910 871 vim
2945 815 3164 883 habere,
3195 833 3356 888 quam
3390 819 3501 888 ipsa
3532 818 3626 874 Dei
3654 818 3759 872 ha-

2154 911 2243 966 bet
2269 908 2576 979 appellatio.
2606 907 2676 964 Ut
2699 908 2844 964 euim
2872 924 2995 964 cum
3027 909 3186 977 dico,
3218 911 3307 980 qui
3338 911 3514 981 pluit,
3548 911 3760 966 nullum

2146 1003 2319 1056 alium
2347 1010 2542 1071 printer
2560 1000 2738 1055 Deum
2769 1000 2994 1071 designo
3021 1017 3258 1073 perrem
3287 1002 3466 1070 illam,
3498 1003 3760 1073 quoniam

2154 1094 2256 1149 Dei
2287 1093 2455 1148 solius
2482 1103 2565 1148 est
2587 1091 2714 1147 illud
2735 1107 2916 1163 agere;
2940 1102 2995 1148 et
3023 1093 3068 1147 si
3093 1092 3288 1158 dicam,
3313 1094 3402 1164 qui
3430 1094 3596 1148 solem
3626 1094 3766 1149 oriri

2162 1185 2309 1253 facit,
2337 1200 2436 1240 nec
2470 1183 2662 1238 addam
2685 1225 2700 1247 ,
2755 1183 2930 1248 Deus,
2965 1194 3142 1240 tamen
3190 1199 3286 1255 per
3306 1200 3429 1240 rem
3463 1185 3606 1240 illam
3635 1201 3767 1241 eum

2163 1280 2388 1334 ostendo
2419 1293 2431 1330 :
2459 1280 2535 1333 sic
2565 1277 2816 1332 nimirum
2847 1286 2905 1333 et
2931 1278 3136 1333 Paulus
3181 1293 3303 1334 cum
3330 1279 3406 1333 ait
3438 1295 3451 1333 :
3483 1277 3584 1344 Qui
3615 1295 3770 1333 scru-

2167 1381 2303 1424 tatur
2329 1369 2504 1436 corda,
2530 1370 2699 1424 solius
2718 1368 2895 1438 .ipsius
2919 1384 3040 1425 esse
3058 1371 3282 1425 scrutari
3313 1370 3475 1426 corda
3502 1370 3770 1425 declarat.

2169 1461 2278 1516 Nisi
2310 1461 2451 1516 enim
2484 1461 2585 1515 hoc
2611 1461 2856 1514 eamdem
2891 1461 3003 1515 vim
3035 1460 3292 1529 haberet,
3335 1477 3494 1533 quam
3525 1476 3728 1516 nomen
3751 1503 3772 1526 ,

2171 1555 2337 1623 Deus,
2369 1555 2434 1610 ad
2456 1571 2578 1610 eum
2603 1555 2758 1610 nobis
2781 1554 3122 1610 indicandum
3143 1555 3232 1625 qui
3259 1555 3660 1627 designabatur,
3683 1571 3784 1610 so-

2173 1647 2280 1700 lum
2313 1645 2364 1701 id
2397 1647 2616 1701 minime
2648 1647 2945 1717 posuisset.
2976 1646 3109 1701 Nam
3130 1647 3176 1701 si
3212 1646 3313 1702 hoc
3341 1657 3485 1703 esset
3530 1647 3604 1702 illi
3646 1662 3777 1702 cum

2165 1747 2421 1794 creatura
2451 1752 2756 1805 oommune,
2774 1739 2923 1793 illum
2947 1739 3034 1808 qui
3054 1738 3364 1809 designatur
3385 1753 3496 1792 non
3519 1752 3797 1807 agnosce—

2177 1846 2378 1895 remus,
2411 1845 2534 1886 cum
2565 1831 2924 1886 communitas
2949 1829 3040 1884 illa
3067 1830 3439 1886 confusionem
3478 1829 3533 1883 in
3579 1841 3783 1884 menti.

2179 1923 2280 1979 bus
2323 1925 2566 1994 gigneret
2601 1921 2925 1978 auditorum.
2977 1920 3116 1978 Cum
3165 1922 3324 1991 igitur
3367 1928 3624 1991 appareat
3666 1917 3784 1974 hoc

2175 2015 2460 2087 proprium
2493 2014 2664 2069 Patris
2694 2029 2815 2069 esse
2836 2057 2850 2080 ,
2878 2014 3114 2084 itemque
3143 2013 3278 2068 Filio
3320 2021 3534 2068 constet
3560 2027 3786 2081 compc-

2185 2116 2297 2161 tere
2317 2147 2332 2172 ,
2360 2121 2482 2160 cum
2513 2120 2619 2175 quo
2646 2105 2937 2160 indubitata
2965 2105 3282 2175 relinquitur
3309 2103 3431 2160 inde
3461 2103 3772 2174 aequalitas,

2187 2201 2424 2266 idcirco,
2479 2200 2614 2266 Quid
2664 2200 2933 2270 cogitatis,
2989 2199 3192 2269 inquit,
3241 2198 3383 2251 mala
3442 2199 3496 2251 in
3539 2195 3790 2250 cordibus

2189 2296 2408 2349 vestris?
2437 2293 2575 2360 Quid
2606 2295 2738 2348 enim
2765 2302 2836 2347 est
2859 2293 3064 2363 facilius
3093 2292 3278 2355 dicere,
3311 2289 3640 2343 Dimittuntur
3665 2304 3791 2359 prc-

2190 2397 2304 2441 cata
2333 2397 2439 2450 tua,
2463 2404 2528 2440 an
2551 2387 2736 2451 dicere,
2770 2386 2938 2457 Surge
2965 2395 3011 2439 et
3037 2384 3240 2438 ambula
3269 2383 3486 2454 (Matth.
3505 2382 3566 2437 ‘9.
3597 2384 3650 2436 4.
3681 2381 3742 2451 5)
3767 2380 3792 2433 ΐ

2260 2478 2317 2532 7.
2340 2478 2510 2531 Altera
2527 2477 2887 2531 demonstratio
2908 2475 3216 2529 remissionis
3230 2470 3794 2542 peccatorum—Ecce

2194 2571 2415 2626 alteram
2463 2570 2622 2623 etiam
2673 2567 2892 2623 exhibet
2934 2567 3269 2622 remissionis
3313 2572 3656 2634 peccatorum
3693 2562 3794 2616 dc-

2198 2661 2666 2716 monstrationcm.
2699 2659 2830 2714 Nam
2873 2657 3142 2712 dimittere
3175 2668 3389 2726 peccata
3422 2654 3588 2708 multo
3618 2653 3796 2722 tuajns

2195 2763 2279 2807 est
2304 2795 2319 2819 ,
2350 2767 2509 2822 quam
2543 2765 2739 2819 corpus
2784 2764 2976 2803 sanare
3001 2789 3016 2815 ,
3049 2757 3307 2816 tantoque
3356 2745 3528 2815 majus
3551 2787 3567 2808 ,
3589 2753 3798 2814 quanto

2199 2849 2376 2902 anima
2403 2859 2650 2914 corpore.
2681 2843 2752 2899 Ut
2778 2843 2918 2896 enim
2959 2841 3204 2910 corporis
3228 2839 3446 2894 morbus
3473 2847 3554 2894 est
3576 2836 3799 2908 paraly-

2200 2939 2298 3008 sis,
2329 2937 2406 2993 sic
2433 2946 2488 2991 et
2514 2937 2709 2990 anima:
2741 2934 2964 2989 morbus
3000 2943 3277 3003 peccatum
3304 2941 3386 2986 est
3414 2950 3426 2986 :
3453 2945 3635 2984 verum
3665 2927 3800 2982 illud

2203 3031 2302 3087 etsi
2331 3029 2500 3100 majus
2529 3037 2644 3082 erat
2665 3070 2678 3093 ,
2711 3027 2997 3082 obscurum
3033 3037 3182 3081 erat:
3211 3026 3314 3079 hoc
3337 3041 3467 3080 vero
3491 3023 3592 3079 etsi
3615 3022 3801 3078 minus

2204 3132 2362 3189 erat,
2393 3121 2734 3176 manifestum
2769 3129 2903 3174 erat.
2953 3119 3217 3186 Quoniam
3255 3119 3413 3187 igitur
3465 3116 3533 3170 ad
3575 3115 3803 3170 demon-

2205 3215 2518 3270 strationem
2564 3213 2782 3281 majoris
2828 3226 3021 3266 usurus
3045 3220 3126 3265 est
3159 3209 3350 3263 minori
3376 3251 3392 3274 ,
3423 3207 3712 3262 ostendens
3744 3221 3806 3261 se

2207 3318 2424 3378 propter
2452 3307 2662 3361 illorum
2692 3305 3054 3360 infirmitatem
3088 3305 3158 3357 ita
3183 3303 3380 3358 fecisse
3403 3343 3418 3367 ,
3451 3311 3612 3370 atque
3637 3300 3702 3353 ad
3739 3300 3808 3352 il-

2209 3401 2378 3455 lorum
2421 3398 2774 3452 humilitatem
2817 3411 2878 3451 se
2922 3395 3238 3459 demisisse,
3268 3392 3404 3460 Quid
3448 3403 3520 3446 est
3565 3391 3808 3462 facilius,

2211 3493 2398 3562 inquit,
2426 3492 2609 3552 dicere,
2633 3488 2971 3542 Dimittuntur
2992 3497 3196 3557 peccata
3216 3496 3318 3549 tua,
3342 3502 3410 3538 an
3428 3484 3615 3548 dicere,
3642 3481 3812 3552 Surge

2210 3597 2256 3640 et
2283 3585 2514 3639 ambula?
2542 3582 2651 3638 Cur
2694 3583 2852 3652 igitur
2881 3581 2946 3635 ad
2994 3580 3172 3632 minus
3223 3586 3441 3648 propter
3473 3576 3592 3630 illos
3623 3573 3812 3628 venis?

2212 3675 2474 3742 Quoniam
2512 3674 2561 3727 id
2591 3673 2731 3742 quod
2763 3671 3103 3727 manifestum
3125 3678 3207 3723 est
3226 3711 3239 3732 ,
3263 3669 3494 3722 obscuro
3524 3665 3812 3720 clariorem

2213 3767 2430 3822 exhibet
2454 3765 2992 3820 demonstrationem.
3026 3763 3314 3831 Pr0pterea
3348 3775 3452 3813 non
3483 3757 3628 3828 prius
3663 3755 3816 3809 illum

2214 3862 2404 3924 erexit,
2433 3875 2594 3930 quam
2617 3859 2753 3912 dixit
2782 3857 2923 3911 illis:
2959 3855 3026 3909 Ut
3064 3864 3238 3906 autem
3267 3852 3471 3913 sciatis,
3497 3849 3616 3919 quia
3643 3845 3816 3900 Filius

2217 3954 2434 4007 hominis
2475 3952 2621 4005 habet
2651 3958 2945 4020 potestatem
2987 3948 3039 4000 in
3084 3956 3219 3999 terra
3249 3942 3531 3997 dimittendi
3583 3947 3816 4011 peccata,

2219 4054 2335 4096 tunc
2383 4043 2455 4096 ait
2507 4041 2788 4112 parulgtico
2815 4080 2828 4104 ,
2859 4038 3028 4108 Surge
3053 4046 3099 4090 et
3136 4034 3342 4088 ambula
3381 4030 3595 4103 (Matth.
3623 4029 3677 4084 9.
3712 4029 3772 4098 (Β)
3801 4046 3816 4083 :

2219 4135 2368 4205 quasi
2418 4134 2652 4197 diceret,
2688 4132 2860 4202 majus
2909 4130 3124 4200 quidem
3168 4128 3378 4197 signum
3434 4133 3520 4180 est
3563 4122 3821 4178 remissio

2221 4238 2587 4298 peccatorum,
2606 4225 2699 4280 sed
2723 4233 2946 4294 propter
2974 4236 3071 4274 vos
3103 4219 3244 4289 quod
3273 4219 3448 4272 minus
3472 4225 3555 4270 est
3581 4213 3777 4283 adjicio
3799 4255 3819 4271 .

2221 4317 2654 4391 quandoquidem
2683 4316 2783 4370 hoc
2814 4315 2966 4368 vobis
2999 4313 3138 4367 illius
3179 4326 3298 4366 esse
3323 4307 3715 4364 demonstratio
3738 4305 3820 4357 vi-

2223 4416 2398 4470 detur.
2443 4414 2573 4468 Nam
2621 4407 3073 4482 quemadmodum
3122 4407 3229 4461 illic
3283 4419 3406 4458 cum
3443 4398 3819 4456 centurionem

2224 4506 2492 4562 laudasset
2521 4506 2608 4574 qui
2633 4503 2876 4558 dixerat:
2905 4501 2998 4555 Dic
3041 4510 3238 4552 tantum
3267 4496 3413 4550 verbo
3439 4537 3452 4558 ,
3486 4505 3532 4548 et
3558 4493 3823 4547 sanabitur

2225 4615 2352 4671 puer
2381 4614 2519 4652 meus
2544 4613 2562 4650 :
2582 4614 2700 4650 nam
2729 4605 2772 4650 et
2795 4611 2884 4666 ego
2903 4595 3015 4646 dico
3038 4593 3175 4654 huic,
3205 4589 3367 4657 Vade,
3385 4599 3430 4642 et
3455 4585 3613 4652 vadit,
3633 4595 3677 4636 et
3707 4583 3818 4646 alii,

2236 4689 2380 4755 Veni,
2405 4701 2452 4742 et
2481 4689 2612 4743 venit
2643 4687 2854 4761 (Matth.
2885 4685 2937 4739 8.
2987 4685 3041 4738 8.
3064 4683 3144 4755 9),
3170 4682 3406 4736 animum
3438 4679 3556 4748 ejus
3575 4676 3823 4731 laudibus

2228 4781 2565 4839 conﬁrmavit
2591 4797 2606 4835 :
2635 4790 2688 4836 et
2725 4793 2916 4834 rursus
2959 4793 3080 4832 cum
3130 4774 3346 4830 Judmos
3387 4767 3824 4841 reprehendisset

2229 4875 2330 4930 sibi
2360 4874 2675 4943 objicientes
2724 4873 2777 4926 in
2804 4871 3026 4925 sabbato
3074 4869 3244 4938 legem
3277 4868 3344 4922 ab
3365 4866 3482 4936 ipso
3511 4860 3695 4917 violari
3724 4903 3738 4924 ,
3767 4861 3822 4914 in

2230 4983 2324 5023 sua
2354 4974 2615 5038 potestate
2661 4967 2823 5021 situm
2864 4979 2982 5018 esse
3027 4961 3260 5015 ostendit
3304 4960 3449 5029 leges
3495 4958 3775 5011 immutare
3811 4977 3829 5017 ε

2232 5062 2309 5118 sic
2331 5061 2584 5117 nimirum
2615 5059 2717 5115 hoc
2745 5059 2864 5113 loco
2887 5099 2902 5124 ,
2932 5071 3053 5110 cum
3106 5055 3177 5110 illi
3207 5052 3507 5113 dixissent,
3540 5045 3826 5118 Equaiem

2234 5167 2286 5211 te
2324 5157 2495 5223 ipsum
2541 5153 2669 5209 facis
2693 5153 2802 5208 Deo
2822 5196 2836 5219 ,
2867 5150 3185 5221 promittens
3217 5163 3277 5200 ea
3301 5189 3315 5211 ,
3339 5160 3457 5215 qum
3488 5143 3651 5198 solius
3703 5149 3825 5192 sunt

2234 5247 2426 5306 Patris,
2457 5243 2858 5314 reprehendens
2882 5255 2976 5296 eos
2998 5279 3013 5302 ,
3047 5252 3099 5293 et
3129 5252 3384 5292 accusans
3411 5276 3425 5299 ,
3458 5245 3616 5299 atque
3643 5234 3822 5298 operi-

2233 5341 2332 5397 bus
2359 5340 2487 5410 ipsis
2513 5337 2805 5393 osteudeus
2831 5350 2890 5390 se
2929 5333 3149 5388 minime
3177 5327 3546 5399 blasphemare
3571 5367 3584 5388 ,
3618 5320 3826 5376 indubi-

2236 5443 2395 5488 tatam
2437 5431 2590 5485 nobis
2619 5428 2846 5499 prmbuit
2871 5423 3380 5480 demonstrationem
3399 5461 3414 5484 ,
3443 5423 3582 5472 unde
3618 5422 3830 5468 constet

2233 5525 2419 5582 eadem
2474 5524 2683 5593 ipsum,
2726 5534 2844 5588 qum
2895 5516 3138 5582 Genitor,
3175 5527 3330 5583 posse
3379 5519 3654 5581 prmstare.
3691 5503 3828 5559 Vide.

2236 5618 2414 5687 igitur,
2446 5629 2552 5684 quo
2578 5623 2730 5683 pacto
2752 5610 2891 5665 istud
2928 5609 3216 5663 contendat
3241 5605 3518 5659 adstruere
3543 5643 3558 5667 ,
3586 5615 3704 5670 qua:
3732 5600 3831 5653 Pa-

2238 5709 2334 5762 tris
2363 5708 2530 5761 solius
2550 5715 2710 5770 sunt,
2735 5720 2794 5757 ea
2825 5703 2992 5773 ipsius
3027 5713 3186 5756 etiam
3214 5714 3331 5754 esse
3356 5717 3369 5751 :
3395 5713 3499 5751 non
3533 5697 3673 5749 enim
3701 5695 3830 5744 sim-

2246 5801 2455 5874 pliciter
2479 5800 2828 5869 paralyticum
2857 5795 3049 5863 erexit,
3083 5793 3175 5850 sed
3207 5808 3325 5847 cum
3351 5789 3607 5854 dixisset,
3640 5787 3700 5842 lit
3730 5803 3829 5839 au-
