4106 6428
305 396 373 453 59

301 525 452 581 τερον
475 508 719 582 διελέχθη
751 510 903 565 νόσου
928 526 942 543 ·
974 511 1064 566 καὶ
1090 509 1223 583 πρὸς
1242 509 1453 573 τούτοις
1472 507 1529 561 δέ
1555 507 1780 570 ἅπασιν,
1802 504 1891 557 ἴνα

300 592 392 663 τὴν
421 594 504 656 είς
554 593 641 646 τὸν
688 594 908 666 Πατέρα
961 593 1231 663 ἰσοτιμίαν
1277 591 1635 663 ἐπιδείξηται.
1680 589 1892 657 Ὥσπερ

302 677 406 745 γὰρ
428 676 550 728 ἐκεῖ
577 677 635 729 ἐν
654 675 912 748 σαϐϐάτῳ
938 676 1297 748 ἐθεράπευσε,
1324 674 1652 747 βουλόμενος
1693 669 1894 732 αὐτοὺς

298 758 394 829 τῆς
441 760 876 833 παρατηρήσεως
923 760 1236 829 ἀπαγαγεῖν
1269 757 1372 829 τῆς
1426 755 1749 826 Ἰουδαϊκῆς,
1800 752 1896 808 καὶ

299 841 361 893 ἐκ
387 839 498 895 τῶν
534 842 897 914 ἐγκλημάτων
932 844 1041 897 τῶν
1076 842 1259 899 αὐτῶν
1287 841 1475 897 λαϐεῖν
1515 840 1773 912 ἀφορμὴν
1795 837 1893 892 τοῦ

298 923 462 991 δείξαι
495 925 687 980 ἐαυτὸν
709 927 827 981 ἴσον
847 927 928 998 τῷ
969 926 1323 998 γεγεννηκότι
1351 941 1364 956 ·
1406 924 1549 979 οὕτω
1578 925 1644 995 δὴ
1679 924 1776 978 καὶ
1802 922 1893 976 ἐν·

296 1007 467 1064 ταῦθα
494 1010 779 1082 προειδὼς,
811 1011 949 1083 ὅπερ
988 1011 1224 1083 ἧμιλλον
1253 1012 1423 1083 ἐρεῖν,
1458 1004 1580 1064 εἷπε
1623 1009 1798 1062 ταῦτα
1823 1006 1897 1062 τά

302 1093 547 1164 ῥήματα,
591 1094 656 1150 ἶν’
707 1093 958 1150 ἐντεῦθεν
1004 1094 1186 1149 λαϐὼν
1236 1095 1414 1167 ἀρχὴν
1459 1095 1557 1150 καὶ
1619 1093 1914 1166 πρόφασιν,

299 1175 439 1248 δείξῃ
455 1176 537 1248 τῷ
556 1177 907 1250 γεγεννηκότι
942 1177 1205 1250 ὁμότιμον
1249 1179 1381 1234 ὄντα
1405 1178 1616 1233 ἐαυτόν.
1668 1177 1745 1232 Οὐ
1782 1175 1894 1249 γὰρ

303 1256 409 1312 ἴσον
427 1259 650 1331 μηδενὸς
686 1259 1067 1329 ἐγκαλοῦντος,
1102 1262 1237 1334 μηδέ
1267 1262 1592 1333 αἰτιωμένου
1612 1302 1628 1327 ,
1654 1262 1747 1330 ἀφ’
1772 1261 1893 1316 ἐαυ-

301 1339 387 1394 τοῦ
416 1342 496 1406 είς
528 1341 621 1395 τὸν
652 1343 781 1415 περί
808 1343 1016 1399 τούτων
1052 1343 1300 1419 καθεῖναι
1338 1345 1517 1415 λόγον.
1562 1346 1657 1399 καὶ
1688 1343 1886 1415 ἐτέρων

302 1425 644 1497 παρεχόντων
676 1426 775 1491 τάς
803 1427 984 1494 αἰτίας
1020 1428 1079 1482 ἐν
1108 1428 1401 1498 ἀπολογίας
1445 1427 1599 1494 τάξει
1639 1428 1736 1482 καὶ
1768 1428 1881 1499 σχή-

305 1524 427 1577 ματι
456 1508 614 1563 τοῦτο
665 1510 798 1564 αύτὸ
854 1513 1289 1568 κατασκευάσαι.
1324 1510 1571 1584 Ἐκείνης
1629 1511 1730 1582 μέν
1780 1510 1888 1581 γὰρ

298 1590 389 1669 τῇς
421 1591 749 1659 ἀποδείξεως
776 1596 805 1647 6
841 1595 1043 1667 τρόπος
1071 1595 1363 1669 ἀντέκρουε
1414 1598 1527 1660 τοῖς
1559 1592 1849 1648 ἀκούουσιν
1872 1605 1885 1622 ⁸

299 1665 444 1738 οὗτος
480 1674 539 1727 δὲ
566 1665 1033 1749 ἀνεπαχθέστερος
1061 1673 1148 1750 ἦν,
1188 1665 1284 1733 καὶ
1317 1678 1727 1751 εύπαράδεκτος
1764 1676 1890 1750 μάλ’

300 1757 402 1822 λον,
432 1759 527 1813 καὶ
565 1760 845 1831 πανταχοῦ
883 1761 938 1815 δέ
971 1761 1187 1834 ὁρῶμεν
1219 1763 1377 1818 τοῦτο
1408 1762 1572 1818 αὑτὸν
1604 1761 1885 1827 ποιοῦντα,

300 1842 386 1938 καὶ
414 1841 509 1938 ούχ
532 1842 678 1896 οὕτω
829 1844 1113 1938 ρημάτωερ
1145 1846 1222 1938 ib;
1266 1845 1367 1938 διά
1385 1845 1730 1938 πραγμάτων
1769 1849 1884 1938 ἐπι-

298 1922 638 1994 δεικνύμενον
661 1924 762 1995 τὴν
788 1926 1028 1997 ἰσότητα.
1067 1928 1240 1983 Τοῦτο
1272 1922 1520 1999 γοῦνλῖιαὶ
1539 1931 1568 1983 6
1598 1927 1888 1997 εὐαγγελι-

302 2005 422 2076 στὴς
447 2007 823 2080 αἰνιττόμενος
873 2009 1081 2078 ἔλεγεν,
1121 2012 1206 2066 ὅτι
1227 2012 1452 2067 ἐδίωκον
1480 2011 1642 2066 αὐτὸν
1673 2014 1724 2067 οἰ
1758 2013 1876 2067 ’1ουι

298 2087 443 2153 δαίοι,
469 2091 568 2161 ούχ
600 2091 687 2145 δτι
748 2091 910 2162 μόνον
938 2092 1061 2147 ἐλυε
1099 2094 1161 2148 τὸ
1192 2094 1483 2160 σάϐϐατον,
1513 2095 1630 2150 ἀλλ’
1668 2097 1751 2150 ὅτι
1793 2093 1889 2149 καὶ

302 2173 499 2245 πατέρα
533 2174 667 2228 ίδιον
700 2174 857 2244 ἔλεγε
896 2176 988 2229 τὸν
1026 2176 1180 2242 Θεὸν,
1234 2180 1348 2233 τσον
1377 2180 1569 2234 ἐαυτὸν
1603 2179 1774 2234 ποιῶν
1809 2176 1887 2249 τῷ

301 2338 513 2408 γμάτων
541 2340 876 2408 ἀποδείξεως
897 2343 1056 2397 τοῦτο
1078 2344 1211 2398 αὐτὸ
1231 2344 1622 2411 κατεσκεύαζε.
1648 2345 1714 2400 Τί
1729 2342 1822 2399 οῦν
1836 2346 1886 2400 οί

302 2420 548 2490 βάσκανοι
574 2423 673 2478 καὶ
707 2426 956 2497 πονηροὶ,
992 2426 1087 2480 καὶ
1125 2430 1239 2492 τοῖς
1263 2428 1564 2500 ἀλλοτρίοις
1593 2429 1885 2500 τηκόμενοι

300 2505 488 2584 καλοῖς,
544 2508 644 2562 καὶ
693 2508 1031 2579 πανταχόθεν
1061 2509 1229 2574 λαϐάς
1258 2511 1547 2583 ζητοῦντες
1576 2512 1789 2584 εύρεῐν;
1820 2509 1887 2563 Τί

298 2581 458 2653 0610;,
480 2591 618 2662 φησί
637 2591 873 2665 ,βλασφη
883 2596 991 2663 μεί;
1014 2593 1225 2660 οὐδεὶς
1246 2581 1355 2665 γὰρ
1388 2595 1636 2650 δύναται
1646 2581 1889 2665 ἀφιέναι

299 2670 574 2741 ἁμαρτίας
604 2676 657 2728 εὶ
690 2674 780 2745 μὴ
806 2676 998 2745 μόνος
1027 2679 1061 2731 ό
1100 2680 1262 2744 Θεός.
1283 2678 1495 2750 Ὥσπερ
1527 2680 1646 2733 ἐκεῖ
1667 2678 1887 2731 ἐδίωκον

300 2752 449 2807 αὐτὸν
471 2754 555 2809 ὅτι
589 2756 714 2812 ἔλυε
747 2759 809 2813 τὸ
852 2758 1143 2825 σάϐϐατον,
1174 2762 1269 2815 καί
1309 2762 1460 2833 παρά
1481 2762 1591 2816 τῶν
1614 2760 1889 2834 ἔγκλημά·

300 2849 398 2887 των
422 2837 602 2893 αὐτῶν
631 2839 809 2896 λαϐὼν
840 2842 1093 2915 ἀφορμὴν
1126 2843 1223 2915 τὴν
1251 2843 1474 2916 ίσότητα
1508 2845 1566 2898 ἐν
1592 2843 1887 2913 ἀπολογίας

301 2921 440 2989 τάξει
466 2924 565 2996 τὴν
596 2927 735 2999 πρὸς
758 2929 850 2983 τὸν
881 2931 1247 3003 γεγεννηκότα
1288 2931 1557 3002 ἐδήλωσεν
1586 2931 1756 2986 εἰπών
1782 2948 1795 2961 ·
1826 2925 1902 2984 ’θ’

302 3012 487 3082 Πατήρ
514 3033 638 3086 μου
664 3015 982 3086 ἐργάζεται,
1005 3020 1169 3090 κάγὼ
1188 3018 1517 3090 ἐργάζομαι·
1545 3018 1689 3073 οῦτω
1705 3020 1769 3091 δὴ
1795 3022 1888 3074 καὶ

302 3100 538 3169 ἐνταῦθα,
578 3104 674 3176 ἀφ’
727 3098 803 3160 ὧν
858 3107 1206 3177 ἐγκαλοῦσιν,
1246 3108 1355 3163 ἀπὸ
1407 3107 1607 3165 τούτων
1644 3108 1709 3162 τὸ
1750 3108 1889 3179 πρὸς

300 3187 383 3241 τὸν
431 3191 656 3263 Πατέρα
699 3193 1117 3265 ἀπαράλλακτον
1147 3196 1410 3250 δείκνυσι.
1445 3195 1510 3248 Τί
1547 3196 1655 3268 γάρ
1688 3212 1885 3268 φησιν;

306 3277 500 3345 οὐδεὶς
519 3279 772 3335 δύναται
825 3282 1063 3351 ἀφιέναι
1102 3282 1413 3352 ἁμαρτίας,
1443 3284 1497 3336 εί
1514 3281 1601 3351 μὴ
1635 3285 1826 3352 μένος
1856 3286 1890 3337 ὁ

305 3365 453 3432 Θεός.
492 3367 653 3422 Ἐπεὶ
680 3363 774 3423 οὖν
800 3369 955 3423 αὐτοὶ⁵
982 3369 1074 3424 τὸν
1104 3370 1230 3442 δρον
1259 3370 1465 3442 ἐθηκαν
1489 3369 1700 3436 τοῦτον,
1735 3370 1890 3425 αὐτοὶ

303 3451 385 3505 τὸν
411 3455 611 3508 κανόνα
642 3457 987 3528 εἰσήνεγκαν,
1017 3458 1174 3512 αὐτοὶ
1204 3457 1295 3511 τὸν
1328 3457 1493 3528 νόμον
1527 3457 1794 3530 ἔγραψαν,
1826 3461 1890 3513 ἐκ

307 3536 409 3613 [Η]
438 3541 543 3597 τῶν
564 3543 785 3598 οἰκείων
815 3545 1011 3609 αὐτοὺς
1040 3545 1227 3599 λοιπὸν
1255 3546 1575 3617 συμποδίζει
1603 3546 1884 3619 ῥημάτων.

316 3625 507 3698 Ὑμεῖς,
534 3630 723 3701 φησὶν,
768 3630 1155 3705 ὡμολογήσατε
1194 3633 1276 3686 ὅτι
1323 3629 1458 3687 Θεοῦ
1496 3633 1657 3704 μόνον
1686 3634 1801 3687 ἐστὶ
1830 3634 1890 3688 τὸ

304 3714 508 3781 ἀφιέναι
562 3717 864 3789 ἁμαρτίας·
914 3719 1395 3791 ἀναμφισϐήτητός
1454 3721 1603 3773 ἐστιν
1683 3720 1882 3791 ἰσότης.

307 3801 406 3855 Καὶ
431 3805 527 3875 οὑχ
550 3799 697 3859 οὗτοι
730 3805 785 3859 δέ
808 3808 962 3859 τοῦτο
1003 3808 1161 3878 μόνον
1187 3809 1369 3876 φασὶν,
1400 3808 1539 3863 ἀλλά
1569 3808 1664 3863 καὶ
1684 3811 1712 3863 6
1751 3827 1887 3879 προ-

306 3889 468 3962 φήτης
490 3892 635 3945 οὕτω
649 3892 824 3962 λέγων
842 3909 856 3924 ·
902 3895 994 3960 Τίς
1026 3894 1170 3961 Θεὸς
1185 3895 1387 3964 ὥσπερ
1402 3897 1483 3950 σύ
1501 3914 1521 3963 ;
1545 3893 1665 3951 εἶτα
1677 3897 1889 3963 δεικνὺς

305 3976 353 4029 τί
371 3976 513 4043 ίδιον,
537 3981 842 4051 ἐπήγαγεν,
881 3981 1167 4050 Ἐξαίρων
1195 3983 1464 4053 ἀνομίας,
1483 3986 1581 4039 καὶ
1612 3986 1890 4055 ὑπερϐαί-

307 4081 418 4119 νων
473 4068 734 4134 ἀδικίας.
762 4069 861 4121 Ἂν
896 4069 1077 4123 τοίνυν
1105 4074 1244 4142 φανῇ
1279 4089 1363 4135 τις
1400 4072 1586 4144 ἐτερος
1618 4072 1791 4138 οῦτως
1826 4073 1891 4128 τὸ

308 4152 431 4205 αὐτὸ
450 4153 611 4208 τοῦτο
656 4153 848 4220 ποιῶν,
877 4158 976 4211 καὶ
1028 4156 1163 4221 Θεὸς
1198 4160 1368 4222 ἐστιν,
1405 4160 1500 4213 καὶ
1530 4160 1664 4225 Θεὸς
1698 4160 1890 4233 ὥσπερ

308 4241 518 4306 ἐκεῖνος.
562 4241 704 4296 Ἀλλ’
744 4243 943 4316 ῐδωμεν
982 4245 1100 4310 πῶς
1132 4247 1317 4312 αὐτοῖς
1348 4247 1377 4299 6
1398 4248 1632 4320 Χριστὸς
1648 4248 1892 4318 συλλογί-

310 4328 468 4398 ζεται,
494 4332 614 4394 πῶς
644 4329 855 4401 πράως,
886 4333 981 4387 καὶ
1002 4334 1280 4398 ἐπιεικῶς,
1295 4336 1388 4389 καὶ
1408 4334 1546 4405 μετά
1566 4336 1892 4408 κηδεμονίας

308 4416 532 4491 ἀπάσης.
553 4420 662 4474 Καὶ
710 4418 839 4473 ίδού
866 4435 1028 4487 τινες
1059 4419 1179 4474 τῶν
1200 4422 1584 4492 γραμματέων
1617 4419 1793 4478 εἷπον
1820 4422 1891 4477 ἐν

308 4504 530 4573 ἑαυτοῖς
552 4522 568 4538 ο
635 4501 825 4574 Οὗτος
878 4508 1255 4578 βλασφημεῖ.
1317 4510 1433 4563 Ούκ
1486 4510 1784 4582 ἐξήνεγκαν
1828 4511 1891 4568 τὸ

316 4591 471 4662 ῥῆμα,
496 4594 558 4648 ού
578 4595 923 4665 προήνεγκαν
951 4594 1037 4649 διά
1056 4594 1328 4667 γλώσσης,
1349 4595 1465 4650 ἀλλ’
1495 4600 1553 4651 ἐν
1581 4598 1695 4663 τοῖς
1716 4598 1891 4671 ἀπορο

319 4678 487 4751 ρἠοις
523 4683 625 4754 τῆς
672 4681 910 4747 διανοίας
948 4682 1270 4752 ἐλογίζοντο.
1316 4683 1382 4737 Τί
1419 4679 1511 4739 οὗν
1547 4687 1576 4739 6
1619 4686 1886 4757 Χριστός;

317 4767 531 4839 ἦνεγκεν
560 4772 640 4834 εἰς
666 4768 729 4823 τὸ
761 4769 925 4841 μέσον
952 4768 1023 4824 τά
1070 4770 1362 4842 ἀπόρρητα
1387 4772 1616 4826 ἐκείνων
1673 4772 1893 4845 βουλεύ-

319 4872 452 4927 ματα
506 4858 614 4928 πρὸ
656 4858 754 4929 τῆς
792 4858 1118 4923 ἀποδείξεως
1163 4860 1262 4929 τῆς
1312 4860 1453 4913 κατά
1495 4860 1594 4932 τὴν
1625 4861 1767 4915 ἴασιν
1796 4860 1891 4915 τοῦ

315 4942 549 5015 σώματος
571 4944 667 4999 τοῦ
692 4945 1090 5015 παραλυτικοῦ,
1131 4946 1457 5018 βουλόμενος
1494 4947 1679 5013 αὐτοῖς
1720 4947 1890 5015 δεῖξαι

314 5031 401 5102 τῆς
426 5032 585 5088 αὐτοῦ
609 5033 863 5105 θεότητος
914 5034 1015 5106 τὴν
1048 5033 1220 5107 ἰσχύν.
1257 5036 1377 5090 Ὀτι
1428 5035 1538 5108 γάρ
1566 5036 1703 5092 Θεοῦ
1732 5038 1892 5109 μόνον

316 5118 420 5174 ἐστὶ
445 5122 511 5177 τὰ
535 5123 829 5195 ἀπόρρητα
854 5123 949 5193 τῆς
977 5122 1216 5186 διανοίας
1253 5122 1425 5187 δεῖξαι
1452 5124 1552 5195 τῆς
1583 5124 1746 5180 αὐτοῦ
1776 5126 1892 5180 θεός

315 5222 479 5277 τητος,
506 5209 590 5265 Σὺ
638 5210 962 5264 ἐπίστασαι
1004 5209 1251 5280 καρδίας
1281 5210 1659 5281 μονώτατος,
1692 5213 1881 5285 φησίν.

326 5292 476 5367 Ὁρᾷς
494 5299 574 5352 ὅτι
599 5298 661 5352 τὸ
694 5297 888 5367 μόνος
916 5298 1079 5353 πάλιν
1106 5300 1167 5353 οὐ
1196 5300 1332 5372 πρὸς
1360 5300 1459 5372 τὴν
1487 5300 1892 5372 ἀντιδιαστολὴν

316 5381 400 5435 τοῦ
427 5385 552 5440 Υίοῦ
573 5385 791 5457 λέγεται
812 5404 827 5451 ;
865 5386 927 5439 Εἰ
952 5386 1060 5460 γάρ
1083 5388 1112 5440 6
1134 5386 1324 5459 Πατὴρ
1352 5387 1640 5442 ἐπίσταται
1664 5388 1893 5460 καρδίας

320 5470 629 5539 μονώτατος,
685 5473 803 5537 πῶς
838 5476 867 5528 6
914 5474 1040 5539 Υἱὸς
1076 5469 1184 5528 οἶδε
1221 5472 1289 5528 τὰ
1336 5474 1623 5548 ἀπόρρητα
1658 5476 1757 5545 τῆς
1778 5475 1894 5530 δια-

319 5555 483 5623 νοίαςς
513 5561 706 5629 Αὐτὸς
721 5559 833 5632 γὰρ
856 5560 1006 5631 ᾔδει,
1024 5562 1178 5633 φησι,
1205 5562 1264 5615 τί
1290 5557 1368 5631 ἦν
1387 5563 1458 5617 ἐν
1476 5563 1556 5628 τῷ
1571 5563 1858 5632 ἀνθρώπῳ
1874 5580 1890 5596 ’

320 5645 405 5698 καὶ
426 5647 454 5699 6
482 5645 695 5713 Παῦλος
726 5647 962 5715 δεικνὺς,
992 5648 1074 5702 ὅτι
1101 5648 1231 5703 ἴδιον
1257 5648 1394 5703 Θεοῦ
1424 5649 1581 5703 τοῦτό
1606 5651 1722 5705 ἐστι
1748 5649 1809 5704 τὸ
1828 5650 1896 5705 τά

322 5726 593 5806 ἀπόρρητα
634 5736 854 5802 είδέναι,
905 5736 1071 5807 φησίν
1092 5752 1108 5769 ⁸
1142 5738 1198 5790 '0
1226 5735 1296 5790 δὲ
1320 5735 1582 5806 ἐρευνῶν
1612 5738 1719 5804 τὰς
1754 5754 1897 5807 acap-

321 5813 461 5895 δίας,
514 5822 747 5889 δεικνὺς,
801 5825 883 5880 ὃτι
924 5826 988 5896 τῇ
1036 5824 1169 5890 Θεὸς
1218 5827 1559 5899 προσηγορίᾳ
1589 5827 1689 5899 τὴν
1727 5827 1895 5899 αὐτὴν

1220 395 1288 453 IN
1328 386 1822 452 PARALYTICUM
1870 385 2223 444 DEMISSUM
2264 386 2397 444 PER
2428 383 2731 444 TECTUM.

3528 376 3601 433 60

2000 501 2156 573 ἰσχὺν
2178 500 2291 573 ἔχει
2309 500 2486 557 τοῦτο.
2525 500 2736 571 Ὥσπερ
2766 498 2873 569 γὰρ
2909 496 3003 553 ἐὰν
3040 494 3178 550 εἰπω
3195 495 3223 549 6
3246 490 3476 566 βρέχων,
3504 493 3595 548 ούο

1996 594 2122 649 δένα
2145 594 2304 650 ἀλλον
2318 593 2465 665 δηλῶ
2481 593 2515 664 ἢ
2564 591 2656 646 τὸν
2684 590 2818 646 Θεὸν
2836 590 2926 645 διά
2938 588 3034 644 τοῦ
3051 588 3400 661 πράγματος,
3416 588 3605 657 ἐπειδὴ

1994 678 2159 734 αὐτοῦ
2194 678 2353 751 μόνον
2399 676 2556 731 τοῦτό
2583 677 2701 731 ἐστι
2724 693 2739 709 ο
2769 674 2868 729 καὶ
2908 674 3006 729 ἐὰν
3044 675 3204 737 εἴπω,
3230 672 3261 726 6
3288 670 3599 727 ἀνατέλλων

1993 770 2087 825 τὸν
2123 770 2295 842 ἥλιον,
2320 768 2417 823 καὶ
2446 767 2523 839 μὴ
2554 764 2855 839 προσθῶτὸ
2886 761 3041 830 Θεὸς,
3066 764 3216 835 ὅμως
3260 760 3423 817 αὐτὸν
3448 759 3597 832 δηλῶ

1992 866 2083 921 διὰ
2119 864 2215 920 τοῦ
2270 864 2596 937 πράγματος
2616 878 2631 895 ο
2664 860 2810 916 οὕτω
2865 861 2932 934 δὴ
2956 860 3052 915 καὶ
3099 861 3129 914 6
3179 856 3392 921 Παῦλός
3432 871 3600 928 φησιν

1994 955 2188 1023 εἰπὼν,
2229 958 2282 1012 ὀ
2304 953 2567 1027 ἐρευνῶν
2595 953 2706 1022 τὰς
2740 951 3011 1024 καρδίας.
3053 948 3275 1015 ἐδειξεν.
3314 948 3403 1003 ὃτι
3433 945 3601 1003 αὐτοῦ

1997 1050 2159 1124 μόνον
2198 1050 2314 1106 ἐστὶ
2353 1049 2415 1103 τὸ
2450 1048 2677 1121 ἐρευνᾷν
2736 1045 2835 1110 τάς
2866 1043 3113 1118 καρδίας.
3146 1043 3210 1097 Et
3245 1040 3355 1115 γάρ
3397 1040 3472 1112 μὴ
3499 1037 3602 1111 την

1995 1150 2167 1222 αὐτὴν
2206 1148 2359 1220 ἰσχὺν
2401 1144 2515 1220 εἶχε
2553 1145 2710 1202 τοῦτο
2775 1144 2857 1216 τῷ
2912 1142 3044 1207 Θεὸς
3091 1141 3320 1212 ὀνόματι
3358 1136 3497 1213 πρὸς
3536 1137 3601 1192 τὸ

1991 1242 2164 1310 δεῖξαι
2196 1241 2328 1314 ἡμῖν
2371 1237 2461 1294 τὸν
2528 1238 2880 1311 δηλούμενον,
2908 1236 3009 1290 οὐκ
3054 1234 3120 1290 ἂν
3153 1233 3286 1288 αὐτὸ
3314 1233 3434 1287 κατ’
3464 1229 3599 1285 αὐτὸ

1992 1347 2256 1404 τέθεικεν.
2290 1346 2396 1401 Καὶ
2452 1345 2563 1418 γάρ
2607 1347 2656 1400 εί
2692 1342 2869 1399 κοινὸν
2914 1337 2985 1415 ἦν
3016 1339 3166 1411 αύτῷ
3197 1336 3295 1394 καλ.
3331 1338 3467 1410 πρὸς
3495 1337 3597 1407 τὴν

1992 1439 2171 1496 κτίσιν
2204 1438 2382 1503 τοῦτο,
2412 1437 2515 1492 οὐκ
2564 1436 2632 1491 ἀν
2672 1434 2919 1507 ἔγνωμεν
2969 1431 3061 1487 τὸν
3095 1430 3447 1502 δηλούμενον.
3494 1425 3597 1496 τῆς

1993 1532 2279 1597 κοινωνίας
2343 1528 2604 1603 σύγχυσιν
2661 1525 3044 1601 ἐμποιησάσης
3099 1526 3167 1595 τῇ
3217 1520 3429 1592 διανοίᾳ
3483 1519 3596 1573 τῶν

1990 1622 2295 1695 ἀκροατῶν.
2328 1622 2499 1677 Ὅταν
2549 1615 2642 1677 οῦν
2694 1618 2951 1691 φαίνηται
3000 1615 3132 1671 ίδιον
3174 1612 3387 1683 Πατρὸς
3414 1608 3594 1673 τοῦτο,

1991 1714 2255 1785 φαίνηται
2281 1713 2337 1768 δέ
2367 1715 2465 1768 καὶ
2493 1711 2571 1785 τῷ
2604 1710 2741 1781 Υίῷ,
2764 1708 2901 1781 πρὸς
2918 1707 2978 1762 δν
2995 1703 3481 1775 ἀναμφισϐήτητος
3495 1697 3595 1753 καὶ

1990 1808 2240 1864 ἐντεῦθεν
2267 1810 2302 1880 ὴ
2338 1810 2541 1879 ἰσότης,
2566 1805 2653 1861 διά
2679 1803 2859 1864 τοῦτο.
2893 1803 2978 1866 Τί,
2999 1799 3154 1873 φησὶ,
3182 1794 3591 1868 διαλογίζεσθε

1989 1899 2225 1970 πονηρά
2252 1900 2323 1955 ἐν
2352 1898 2484 1966 ταῖς
2505 1896 2776 1968 καρδίαις
2808 1890 2978 1965 ὑμῶν
2998 1910 3017 1956 ;
3035 1892 3095 1947 τί
3118 1888 3228 1961 γάρ
3255 1886 3587 1943 εὐκοπώτε-

1982 2010 2098 2064 ρον
2119 1994 2330 2059 ειπεῖν,
2365 1989 2694 2063 Ἀφέωνταί
2728 2005 2846 2046 σου
2869 1988 2929 2041 al
2976 1983 3276 2057 ἁμαρτίαι,
3299 1979 3340 2050 ἣ
3373 1979 3586 2045 εἰπεῖν,

1994 2085 2250 2154 Ἐγειραι
2276 2081 2377 2139 καί
2405 2081 2749 2155 περιπάτεις

373 2189 499 2268 ξερξι
534 2189 667 2268 ιοιργ
680 2189 881 2268 ,ελεγξκ
896 2189 1001 2268 ζέον-
1026 2189 1180 2242 υεονο
1207 2189 1348 2268 λῐσον
1370 2189 1569 2268 ,ἑαυτὸν
1603 2189 1774 2234 ποιων
1809 2189 1887 2249 τῳ
1960 2194 1982 2258 ,¹
2057 2191 2123 2259 ζ’.
2171 2192 2302 2249 Ἰδοὺ
2331 2192 2426 2247 καὶ
2452 2191 2712 2263 δευτέραν
2749 2190 3023 2256 ἀπόδειξιν
3044 2192 3281 2245 ποιεῖται
3326 2189 3427 2262 τῆς
3481 2190 3592 2244 τῶν

299 2254 425 2327 Θεῷ,
452 2255 482 2309 ὃ
532 2257 717 2329 πολλῷ
757 2258 942 2330 μεῖζόν
983 2260 1133 2315 ἐστιν
1157 2277 1169 2291 ·
1202 2261 1290 2316 διὰ
1325 2261 1432 2335 γάρ
1479 2263 1579 2334 τῆς
1610 2262 1717 2317 τῶν
1745 2279 1889 2335 πρα-
1954 2268 1959 2272 ’

1988 2286 2404 2360 ἁμαρτημάτων
2450 2284 2717 2355 ἀφέσεως.
2750 2282 2826 2338 Τὸ
2858 2282 2956 2356 μέν
2992 2282 3103 2355 γάρ
3131 2279 3404 2354 ἁμαρτίας
3435 2281 3591 2349 ἀφιέ-

1978 2392 2079 2444 ,ναι
2105 2374 2202 2430 τοῦ
2225 2374 2386 2447 σῶμα
2417 2372 2756 2447 θεραπεῦσαι
2791 2370 2970 2442 πολλῷ
3007 2370 3208 2443 μᾶλλον
3234 2368 3418 2441 μεῖζόν
3446 2369 3588 2429 ἐστι.

1987 2467 2083 2521 καὶ
2115 2465 2370 2521 τοσοῦτον
2425 2464 2640 2537 μεῖζον,
2691 2464 2817 2519 ὅσον
2860 2464 3007 2536 ψυχὴ
3066 2461 3338 2534 σώματος.
3369 2461 3586 2534 Ὠσπερ

1986 2556 2098 2628 γὰρ
2140 2555 2237 2610 τοῦ
2286 2554 2538 2627 σώματος
2562 2555 2773 2626 νόσοςή
2814 2555 3140 2627 παράλυσις,
3167 2550 3313 2608 οὕτω
3350 2553 3446 2609 καὶ
3484 2552 3586 2626 τῆς

1985 2648 2164 2721 ψυχῆς
2209 2647 2365 2711 νόσος
2411 2647 2446 2717 ἡ
2502 2646 2783 2719 ἁμαρτία·
2831 2646 2947 2702 ἀλλ’
2986 2646 3160 2701 ἐκεῖνο
3201 2646 3249 2698 εἰ
3275 2644 3370 2700 καὶ
3401 2644 3585 2716 μεῖζον

1986 2735 2076 2810 ἦν,
2109 2737 2306 2810 ἄδηλον
2336 2734 2431 2810 ἧν·
2461 2738 2621 2792 τοῦτο
2647 2738 2704 2792 δέ
2736 2740 2784 2792 εἰ
2830 2739 2924 2792 καὶ
2956 2737 3177 2792 ἔλαττον
3221 2730 3312 2807 ἦν,
3349 2734 3585 2807 φανερὸν

1986 2825 2075 2901 ἦν.
2144 2828 2361 2900 Ἐπειδὴ
2400 2827 2581 2883 τοίνυν
2636 2827 2820 2899 μέλλει
2884 2827 3022 2900 πρὸς
3054 2826 3151 2899 τὴν
3190 2826 3464 2894 ἀπόδειξιν
3489 2826 3585 2880 τοῦ

1991 2917 2238 2990 μείζονος
2260 2917 2340 2989 τῷ
2363 2916 2608 2972 ἐλάττονι
2643 2916 2967 2989 κεχρῆσθαι,
3003 2916 3239 2982 δεικνὺς,
3271 2917 3354 2971 ὅτι
3372 2915 3460 2971 διὰ
3486 2916 3587 2987 τὴν

1986 3016 2273 3072 ἀσθένειαν
2308 3018 2408 3090 τὴν
2451 3017 2678 3072 ἐκείνων
2719 3015 2893 3082 οὕτως
2912 3016 3158 3089 ἐποίησε,
3185 3017 3278 3071 καὶ
3309 3032 3588 3087 συγκατα-

1988 3114 2189 3171 ϐαίνων
2212 3115 2392 3172 αὐτῶν
2428 3118 2493 3187 τῇ
2513 3115 2863 3186 ταπεινότητι
2918 3128 3084 3187 φησι·
3127 3116 3190 3169 Τί
3218 3113 3389 3170 ἐστιν
3414 3116 3589 3171 εὐκοο

1988 3214 2256 3285 πώτερον
2271 3214 2480 3281 εἰπεῖν,
2518 3214 2839 3284 Ἀφέωνταί
2877 3232 2994 3271 σου
3020 3219 3081 3271 al
3108 3215 3406 3287 ἁμαρτίαι,
3432 3216 3471 3285 ἢ
3503 3218 3587 3271 εί-

1989 3314 2427 3386 πεῖν,”Εγειραι
2447 3310 2548 3367 καί
2562 3311 2905 3379 περιπάτει;
2924 3313 3040 3389 [45]
3072 3314 3228 3380 Τίνος
3258 3310 3353 3370 οὖν
3397 3315 3586 3370 ἕνεκεν

1990 3413 2084 3467 ἐπὶ
2104 3413 2169 3467 τὸ
2203 3412 2424 3467 ελαττον
2445 3410 2580 3483 ἔρχῃ
2612 3411 2679 3465 δι’
2709 3412 2984 3479 ἐκείνους;
3015 3412 3234 3485 Ἐπειδὴ
3256 3412 3317 3467 τὸ
3351 3413 3585 3486 φανερὸν

1989 3514 2085 3571 τοῦ
2113 3513 2352 3585 ἀφανοῦς
2407 3514 2740 3588 τρανοτέραν
2783 3514 3083 3589 παρέχεται
3139 3513 3237 3587 τὴν
3287 3515 3582 3582 ἀπόδειξιν.

1989 3617 2089 3671 Διά
2115 3615 2274 3671 τοῦτο
2297 3618 2360 3671 οὐ
2389 3616 2653 3689 πρότερον
2680 3617 2843 3671 αὐτὸν
2868 3617 3187 3690 ἀνέστησεν,
3211 3618 3317 3683 ἓως
3336 3610 3397 3673 οὗ
3424 3612 3580 3674 εἶπεν

1990 3718 2206 3782 αὐτοῖς’
2248 3718 2375 3772 Ἵνα
2411 3716 2481 3770 δὲ
2513 3715 2731 3783 εἰδῆτε,
2765 3716 2855 3771 ὅτι
2890 3716 3184 3784 ἐξουσίαν
3226 3718 3351 3789 ἔχει
3379 3721 3413 3774 ὀ
3448 3720 3582 3786 Υίὸς

1988 3817 2096 3871 τοῦ
2119 3817 2433 3885 ἀνθρώπου
2450 3815 2683 3887 ἀφιέναι
2715 3817 3006 3886 ἁμαρτίας
3029 3816 3129 3871 ἐπὶ
3154 3815 3263 3884 τῆς
3288 3816 3423 3888 γῆς,
3449 3822 3584 3873 τότε

1988 3916 2141 3987 φησί
2203 3915 2282 3983 τῷ
2334 3911 2732 3986 παραλυτικῷ,
2784 3918 3036 3986 Ἕγειραι
3085 3918 3183 3973 καί
3250 3920 3577 3988 περιπάτει,

1987 4023 2191 4079 ὡσανεὶ
2226 4018 2378 4093 ἔλεγε
2396 4036 2410 4050 ⁸
2446 4021 2649 4088 Μεῖζον
2679 4022 2777 4095 μέν
2801 4023 2914 4077 ἐστι
2934 4023 3157 4094 σημεῖον
3187 4024 3222 4095 ἡ
3249 4024 3355 4078 τῶν
3387 4025 3573 4097 ἀμαρ-

1988 4126 2249 4197 τημάτων
2275 4126 2467 4196 ἄφεσις
2490 4143 2503 4157 ·
2533 4124 2622 4179 διά
2655 4125 2712 4180 δέ
2755 4126 2900 4196 ὑμᾶς
2928 4124 3025 4179 καὶ
3059 4123 3122 4178 τὸ
3159 4124 3380 4180 ἔλαττον
3407 4143 3583 4200 προσο

1988 4226 2202 4298 τίθημι,
2230 4212 2417 4299 ἐπειδὴ
2435 4225 2592 4280 τοῦτο
2620 4227 2751 4297 ὑμῖν
2776 4224 3048 4292 ἀπόδειξις
3091 4224 3302 4281 ἐκείνου
3333 4222 3472 4282 εἶναι
3494 4228 3582 4283 60-

1991 4330 2095 4382 κεῑ.
2150 4328 2360 4400 Ὠσπερ
2403 4326 2513 4397 γὰρ
2543 4328 2658 4382 ἐκεῖ
2695 4327 2788 4381 τὸν
2830 4324 3232 4397 ἑκατοντάρχην
3287 4327 3581 4390 ἐπαινέσας

1992 4428 2237 4493 εἰπόντα,
2266 4427 2414 4481 Είπὲ
2455 4427 2617 4498 ,λόγῳ
2646 4430 2862 4497 μόνον,
2898 4425 2999 4481 καί
3032 4426 3337 4493 ἰαθήσεται
3376 4427 3411 4480 ὁ
3438 4426 3580 4493 ,ταῖς

1985 4544 2136 4598 μου·
2166 4527 2264 4582 καί
2302 4526 2411 4597 γὰρ
2450 4525 2566 4595 ἐγὼ
2605 4525 2761 4597 λέγω
2785 4526 2992 4591 τούτῳ.
3018 4526 3308 4594 Πορεύου,
3341 4524 3437 4579 καί
3474 4541 3581 4579 πο-

1983 4628 2240 4697 ρεύεται·
2273 4626 2370 4681 καί
2396 4625 2475 4692 τῷ
2503 4623 2691 4689 ἄλλῳ,
2714 4624 2957 4692 Ἔρχου,
2978 4619 3077 4675 καὶ
3092 4618 3348 4697 ἔρχεται,
3372 4619 3581 4692 ἐκύρω-

1994 4744 2085 4781 σεν
2111 4723 2275 4781 αὐτοῦ
2308 4724 2407 4795 τὴν
2431 4723 2656 4795 γνώμην
2688 4721 2776 4775 διά
2805 4720 2911 4775 τῶν
2943 4719 3264 4791 ἐγκωμίων
3292 4720 3386 4775 καὶ
3418 4719 3584 4775 πάλιν

1990 4830 2103 4891 τοῖς
2139 4824 2411 4888 Ἰουδαίοις
2456 4822 2762 4891 ἐγκαλέσας
2791 4821 2885 4875 ἐπί
2920 4819 3015 4875 τοῦ
3048 4819 3321 4874 σαϐϐάτου
3372 4836 3585 4892 μεμφο-

1995 4928 2178 5000 μένοις
2209 4925 2377 4997 αὐτῷ,
2408 4926 2492 4980 ὃτι
2539 4924 2701 4980 πάλιν
2751 4923 3021 4995 παραλύει
3055 4924 3145 4978 τὸν
3166 4923 3353 4994 νόμον,
3379 4920 3584 4988 ἔδειξεν

1990 5027 2075 5081 ὅτι
2121 5024 2307 5098 κύριός
2359 5024 2474 5079 ἐστι
2498 5023 2810 5096 μεταθεῖναι
2829 5023 3055 5096 νόμους’
3094 5022 3238 5079 οὕτω
3265 5022 3330 5095 δὴ
3358 5022 3453 5078 καὶ
3494 5023 3586 5077 ἐν·

1992 5126 2167 5181 ταῦθα
2194 5126 2418 5180 εἰπόντα
2468 5124 2676 5189 τοῦτον,
2723 5126 2838 5179 ίσον
2890 5124 3083 5179 ἐαυτὸν
3134 5127 3281 5180 ποιεί
3327 5124 3405 5197 τῷ
3436 5123 3581 5194 Θεῷ,

1991 5224 2460 5297 ἐπαγγελλόμενος
2507 5222 2544 5278 ἃ
2572 5222 2667 5278 τοῦ
2700 5225 2944 5296 Πατέρος
2982 5226 3099 5278 ἐστὶ
3141 5226 3320 5295 μόνον,
3365 5224 3586 5295 μεμψάο

1997 5341 2158 5396 μενος
2210 5323 2407 5386 αὐτοὺς
2456 5321 2551 5377 καὶ
2582 5323 2989 5394 αἰτιασάμενος,
3034 5323 3128 5377 καὶ
3152 5322 3242 5376 διά
3266 5321 3376 5375 τῶν
3405 5322 3584 5395 ἔργων

1993 5423 2265 5490 ἐπιδείξας
2295 5424 2378 5478 ὅτι
2424 5422 2487 5476 οὐ
2515 5422 2844 5495 βλασφημεῖ,
2870 5423 3260 5495 ἀναντίρρητον
3287 5423 3419 5495 ἡμῖν
3448 5438 3588 5498 παρ-

1994 5526 2151 5599 έσχεν
2179 5524 2474 5592 ἀπόδειξιν,
2500 5524 2585 5580 ὅτι
2612 5523 2787 5579 ταῦτα
2818 5524 3063 5588 δύναται,
3084 5522 3121 5577 ἀ
3149 5522 3243 5577 καὶ
3267 5524 3297 5578 6
3325 5539 3586 5596 γεγεννη-

1993 5627 2123 5692 κὼς.
2158 5628 2301 5700 Ὅρα
2332 5627 2462 5697 γοῦν
2504 5626 2622 5692 πῶς
2665 5626 2823 5681 τοῦτο
2871 5623 3277 5680 κατασκευάσαι
3312 5623 3584 5695 βούλεται,

1993 5727 2077 5783 ὅτι
2112 5727 2149 5784 ἃ.
2176 5727 2270 5781 τοῦ
2298 5727 2509 5801 Πατρός
2545 5728 2660 5781 ἐστι
2721 5725 2901 5797 μόνον,
2943 5723 3117 5781 ταῦτα
3151 5725 3247 5780 καὶ
3272 5723 3472 5781 αὐτοῦ·
3519 5728 3585 5781 ού

1997 5827 2107 5900 γάρ
2142 5825 2324 5891 ἁπλῶς
2371 5828 2636 5900 ἀνέστησε
2673 5826 2766 5880 τὸν
2796 5824 3188 5897 παραλυτικὸν,
3235 5824 3349 5881 ἀλλ’
3379 5821 3577 5880 είπών·
