4106 6442
535 414 626 472 65-
638 415 708 470 (Π

539 603 1794 632 _____________________________._____

1239 406 1295 462 S.
1341 402 1626 462 JOANNIS
1660 394 2153 456 CIIRYSOSTOMI
2195 391 2514 448 ARCIIIEP.
2555 380 3105 444 CONSTANTINOP.

1802 583 2954 610 __________________

3619 367 3807 428 liti-68

2955 578 3171 593 __.___
3183 561 3810 587 -..__.._.___————

1969 827 2351 905 SEBMO

517 1098 596 1145 ID
640 1095 752 1140 E08
795 1094 903 1148 QUI
947 1093 1332 1138 CONVENTUM
1379 1093 1692 1138 ECCLESIE
1735 1092 2221 1148 DESERUBRUNT,
2269 1093 2350 1136 ετ
2420 1093 2593 1146 QUOD
2661 1095 2786 1139 NON
2830 1095 3164 1142 OPORTEAT
3217 1097 3554 1145 SACRARUII

3625 1103 3831 1146 SCBI.

592 1193 937 1240 ΠυιιΑιυΜ
979 1193 1245 1238 τιτυιοε
1292 1191 1870 1249 PBBTBBIIT’I‘EBB,
1932 1191 2014 1234 ET
2056 1191 2095 1234 Il

2203 1192 2657 1237 ISCIHPTIONEM
2699 1196 2988 1253 ALTARIS,
3034 1199 3116 1243 ET
3156 1199 3221 1243 IN
3276 1200 3484 1244 NUPEll
3545 1188 3821 1248 ιιιυιιιο

594 1300 627 1342 Ν
637 1297 814 1342 Ατοε.

2031 1359 2128 1404 OG

580 1506 630 1558 l.
677 1499 814 1570 Quid
845 1499 948 1555 hoc
975 1498 1076 1554 sibi
1128 1496 1275 1554 vult?
1325 1497 1442 1564 Quo
1489 1494 1644 1550 nobis
1687 1493 1820 1548 festa
1867 1492 2096 1548 ulterius

505 1593 944 1667 progrediuntur,
977 1604 1043 1645 eo
1085 1589 1322 1644 minores
1349 1588 1589 1644 collectae
1637 1586 1790 1642 fiunt.
1819 1583 1895 1641 Ne
1921 1593 2096 1640 tamen

507 1686 710 1742 idcirco
753 1682 966 1739 desides
1009 1683 1178 1737 simus
1209 1694 1307 1734 nos
1346 1679 1438 1750 qui
1483 1678 1785 1733 adsumus:
1835 1674 2098 1745 siquidem

505 1781 745 1836 minores
777 1776 911 1830 fiunt
932 1817 946 1842 ,
967 1775 1010 1829 si
1063 1770 1456 1828 multitudinem
1491 1778 1735 1839 spectes;
1767 1767 1813 1822 si
1851 1766 2100 1822 alacrita-

505 1882 615 1926 tem
640 1869 826 1935 animi,
844 1883 948 1922 non
977 1867 1108 1920 fiunt
1130 1865 1401 1919 minores:
1431 1876 1655 1917 numero
1685 1861 1819 1914 fiunt
1841 1859 2099 1925 minores,

509 1979 616 2018 non
642 1961 859 2017 affectu.
890 1959 1060 2015 Porro
1078 1957 1275 2013 ideirco
1303 1956 1635 2020 minuuntur,
1668 1962 1727 2009 ut
1749 1953 1838 2024 qui
1865 1953 1916 2008 in
1949 1952 2102 2008 vobis

509 2054 717 2127 probati
729 2061 875 2119 sunt,
891 2050 1157 2106 manifesti
1180 2048 1328 2113 flant,
1348 2055 1403 2103 et
1427 2047 1644 2118 quinam
1670 2061 1737 2100 ex
1760 2042 2102 2099 consuetudi-

506 2147 852 2220 ne,quinam
881 2144 1184 2201 divinorum
1227 2141 1564 2213 eloquiorum
1607 2138 1932 2210 cupiditate,
1984 2137 2102 2208 qui-

507 2255 632 2296 nam
681 2238 926 2295 lectionis
954 2235 1246 2305 spiritualis
1291 2233 1560 2290 desiderio
1584 2232 1726 2287 ducti
1753 2232 1820 2287 ad
1867 2246 2098 2286 annuam

503 2330 768 2388 ventitcnt
791 2326 1183 2384 solemnitatem
1204 2365 1221 2392 ,
1247 2324 1502 2380 sciamus.
1548 2321 1878 2379 Precedenti
1922 2321 2100 2376 domi-

504 2422 625 2479 nica
653 2420 845 2477 civitas
886 2419 974 2474 hic
1015 2417 1204 2474 aderat
1225 2419 1510 2481 universa,
1563 2413 1720 2484 plena
1747 2421 1902 2468 erant
1919 2421 2093 2482 septa,

503 2522 561 2568 et
585 2510 871 2568 multitudo
897 2508 1212 2565 recedentes
1243 2506 1436 2562 ﬂuctus
1462 2514 1623 2576 atque
1652 2503 1944 2560 redeuntes
1970 2503 2097 2558 imi-

503 2604 758 2660 tabatur:
799 2601 893 2658 seni
921 2600 1053 2656 mihi
1083 2600 1334 2656 ﬂuctibus
1386 2597 1492 2654 illis
1519 2597 1752 2668 optatior
1797 2604 1853 2651 et
1898 2596 2099 2666 gratior

502 2704 588 2753 eSt
617 2693 969 2764 tranquillitas
988 2700 1198 2758 vestra;
1229 2689 1398 2762 pluris
1425 2703 1527 2761 ego
1552 2687 1688 2744 facio
1712 2687 1948 2758 quietem
2007 2699 2102 2740 ve-

504 2796 696 2851 stram,
715 2798 874 2856 quam
897 2784 1184 2839 tumultum
1206 2791 1263 2838 et
1278 2781 1463 2834 turbas
1491 2779 1626 2834 illas.
1648 2777 1784 2833 Tum
1815 2785 2099 2846 praesentia

503 2879 850 2932 dinumerare
876 2889 1100 2946 corpora
1125 2873 1340 2940 licebat,
1364 2885 1507 2927 nunc
1531 2870 1752 2926 allectus
1774 2871 1960 2940 plenos
1981 2869 2099 2940 pie-

503 2969 650 3023 tatis.
679 2966 735 3023 Si
760 2966 882 3037 quis
903 2965 1042 3020 hanc
1068 2977 1365 3035 paucorum
1391 2961 1668 3018 hominum
1706 2960 1985 3018 collectam
2001 3000 2018 3026 ,
2045 2969 2102 3015 et

502 3074 570 3114 cs
599 3057 922 3128 pauperibus
951 3055 1140 3126 majori
1164 3071 1230 3110 es
1270 3061 1422 3126 parte
1447 3060 1785 3110 constantem
1803 3093 1820 3118 ,
1869 3061 1924 3107 et
1950 3052 2098 3108 illam

504 3149 792 3204 multorum
846 3147 1122 3203 hominum
1167 3161 1238 3202 ex
1277 3144 1534 3202 divitibus
1582 3142 1786 3213 majore
1823 3157 1892 3199 ex
1947 3152 2099 3214 parte

503 3241 786 3297 conﬂatam
805 3282 821 3306 .
849 3240 896 3296 si
941 3241 1062 3310 quis
1091 3248 1341 3310 utrasque
1368 3238 1620 3294 collectas
1661 3237 1793 3293 istas
1828 3246 2097 3307 tamquam

501 3334 558 3390 in
605 3333 798 3388 trutina
845 3341 899 3387 et
926 3339 1123 3387 statera
1175 3329 1474 3401 ponderare
1494 3328 1754 3396 voluerit,
1789 3328 1926 3382 hanc
1951 3342 2102 3383 com-

501 3424 674 3495 periet
727 3421 1161 3494 praeponderare.
1193 3422 1524 3492 Quamquam
1571 3420 1748 3487 enim,
1801 3419 1845 3474 si
1891 3419 2099 3475 numeri

501 3519 640 3575 ratio
670 3517 949 3584 habeatur,
976 3516 1215 3571 minores
1236 3515 1366 3570 estis
1398 3533 1412 3568 :
1445 3515 1489 3568 si
1537 3522 1713 3568 tamen
1754 3511 2098 3583 cupiditatem

500 3610 859 3679 effectumque
876 3616 1199 3678 spectemus,
1228 3606 1398 3678 pluris
1427 3605 1656 3662 faciendi
1673 3605 1824 3661 estis.
1856 3604 1931 3659 Ita
1958 3605 2016 3659 lit
2044 3604 2097 3659 in

501 3702 686 3768 rebus,
717 3716 836 3771 quae
881 3698 1245 3772 ponderantur
1283 3715 1296 3752 :
1325 3697 1371 3754 si
1417 3697 1538 3768 quis
1559 3697 1748 3753 decem
1776 3711 1970 3753 aureos
1988 3706 2098 3752 sta-

501 3805 648 3850 teras
677 3801 886 3859 sumat,
919 3800 976 3848 et
1017 3790 1070 3846 in
1102 3805 1204 3846 una
1231 3790 1382 3846 lance
1425 3788 1694 3860 deponat,
1725 3803 1790 3844 ac
1813 3787 2009 3844 deinde
2039 3787 2092 3843 in

499 3891 666 3945 altera
694 3897 910 3943 centum
935 3898 1112 3940 aereos
1139 3897 1419 3948 nummos;
1450 3881 1706 3937 trutinam
1731 3880 1946 3952 quidem
1969 3894 2098 3937 cen-

499 3991 611 4036 tum
664 3979 791 4035 aerei
846 3977 1051 4033 nummi
1094 3975 1348 4032 deorsum
1385 3973 1453 4030 ad
1480 3989 1542 4030 se
1581 3973 1831 4037 trahunt,
1859 3980 2094 4028 attamen

498 4070 647 4126 aurei
687 4069 872 4126 decem
899 4068 973 4123 illi
1002 4082 1128 4124 cum
1157 4065 1338 4122 habita
1368 4065 1578 4120 ratione
1607 4064 1846 4120 materias
1883 4063 2096 4134 gravio-

498 4177 591 4217 res
613 4163 721 4217 sint
747 4175 811 4214 ac
851 4157 1194 4229 pretiosiores
1217 4198 1233 4226 ,
1261 4164 1468 4211 naturae
1509 4170 1621 4210 suae
1646 4153 1903 4225 dignitate
1948 4170 2094 4225 pra:-

499 4253 822 4324 ponderant.
869 4250 1051 4321 Itaque
1079 4249 1194 4304 fieri
1221 4256 1431 4320 potest,
1463 4247 1630 4317 utqui
1658 4247 1809 4317 pauci
1843 4258 1969 4302 sunt
1991 4264 2093 4303 nu-

500 4359 652 4400 rnero
670 4384 688 4412 ,
711 4343 880 4414 pluris
919 4339 1146 4395 faciendi
1173 4340 1281 4395 sint
1305 4347 1362 4394 et
1395 4339 1632 4394 utiliores
1661 4339 1959 4394 habeantur
1988 4339 2095 4394 illis

499 4439 591 4509 qui
628 4419 852 4493 numero
875 4434 1028 4490 multi
1068 4433 1194 4489 sint.
1225 4430 1332 4488 Sed
1361 4431 1488 4502 quid
1517 4445 1618 4502 ego
1646 4430 1800 4485 vobis
1848 4429 2094 4498 exempla

499 4529 715 4600 profero
755 4543 786 4582 a
813 4527 975 4583 rebus
999 4524 1270 4582 consuetis
1295 4522 1518 4592 repetita
1537 4563 1553 4588 ,
1581 4535 1703 4576 cum
1728 4521 1898 4591 ipsam
1926 4533 1956 4572 a
1985 4519 2095 4572 Deo

499 4621 760 4690 prolatam
805 4617 1124 4675 sententiam
1176 4623 1422 4685 oporteat
1473 4615 1526 4668 in
1587 4613 1824 4669 medium
1869 4609 2094 4666 afferri?

498 4713 634 4782 Quid
662 4713 819 4782 igitur
847 4711 931 4765 illa
958 4709 1124 4764 dicit?
1148 4707 1333 4762 Melior
1355 4714 1433 4760 est
1477 4721 1610 4759 unus
1635 4705 1828 4776 faciens
1855 4703 2093 4757 volunta-

500 4817 598 4859 tem
627 4803 862 4870 Domini,
894 4817 1045 4873 quant
1065 4798 1318 4853 innumeri
1348 4796 1757 4868 prcevaricatores
1781 4792 1968 4864 (Eccli.
1999 4792 2086 4848 16.

499 4898 578 4965 3).
615 4895 705 4949 Est
729 4893 870 4948 enim
891 4934 906 4959 ,
935 4900 1018 4946 est
1041 4905 1186 4961 saepe
1230 4903 1366 4943 unus
1389 4886 1553 4940 homo
1581 4884 1876 4939 innumeris
1927 4884 2093 4955 aequi-

499 4987 787 5059 parandus.
818 4985 955 5053 Quid
983 4984 1102 5038 dico
1129 4997 1293 5037 unum
1325 4979 1602 5034 hominem
1653 4976 1827 5031 solum
1857 4977 2094 5046 :rquipa-

497 5081 724 5138 randum
753 5077 1082 5134 innumeris?
1109 5077 1216 5130 imo
1245 5083 1356 5129 toto
1376 5073 1508 5129 orbe
1550 5081 1812 5127 terrarum
1836 5071 2013 5124 utilior
2037 5077 2094 5124 et

497 5171 782 5244 pretiosior
823 5178 1093 5224 censetur.
1141 5170 1317 5237 Atque
1348 5164 1503 5234 hujus
1531 5164 1607 5219 rei
1639 5161 1996 5217 testimonium
2024 5176 2090 5216 ex

497 5263 650 5320 Pauli
683 5261 864 5316 verbis
895 5257 1196 5314 mutuabor.
1228 5257 1360 5310 Cum
1391 5255 1533 5310 enim
1573 5252 1848 5308 hominum
1888 5267 2090 5323 paupe-

497 5373 656 5423 rum,
703 5363 1019 5411 vexatorum
1047 5391 1064 5418 ,
1110 5350 1530 5421 exagitatorum,
1582 5345 1898 5400 alllietorum
1939 5360 2090 5400 men-

502 5451 699 5507 tionem
748 5446 983 5511 fecisset,
1015 5442 1254 5513 adjecit:
1285 5440 1603 5497 Circuierunt
1658 5437 1710 5490 in
1759 5437 1991 5503 metatis,
2037 5439 2090 5490 in

498 5542 713 5604 pellibus
765 5538 1007 5610 caprinis,
1047 5544 1264 5608 egentes,
1313 5530 1617 5602 angustiali,
1666 5529 1870 5600 afﬂicti,
1911 5528 2090 5598 quibus

500 5639 684 5706 dignus
710 5651 808 5687 non
835 5641 942 5687 erat
984 5631 1199 5684 mundus
1231 5627 1388 5697 (Heli.
1414 5626 1501 5681 Η.
1533 5625 1622 5681 37.
1649 5625 1764 5692 58).
1811 5622 1948 5692 Quid
1978 5621 2092 5676 ais?

499 5726 810 5782 Hominibus
836 5721 1112 5792 egentibus
1133 5761 1150 5788 ,
1193 5717 1425 5783 afllictis,
1457 5715 1654 5785 patrias
1678 5713 1832 5770 sedes
1862 5729 1966 5770 non
2000 5713 2092 5767 ha-

496 5812 748 5870 bentibus
775 5813 962 5878 dignus
992 5826 1099 5870 non
1146 5819 1262 5868 erat
1305 5805 1570 5865 mundus?
1600 5805 1715 5864 Non
1760 5805 1905 5863 vides
1932 5824 2090 5881 quam

2213 1509 2414 1567 paucos
2439 1505 2544 1552 tam
2595 1498 2779 1556 multis
2803 1501 3162 1572 opposueris.’
3185 1502 3370 1572 Video,
3391 1505 3581 1577 inquit,
3607 1517 3661 1562 et
3688 1507 3836 1563 ideo

2209 1585 2319 1643 disi
2357 1588 2612 1644 mundum
2639 1589 2748 1646 illis
2797 1607 2902 1648 non
2933 1591 3099 1649 fuisse
3125 1593 3385 1664 dignum:
3429 1607 3552 1651 nota
3600 1599 3822 1670 quippe

2209 1680 2342 1736 mihi
2368 1689 2452 1737 est
2482 1682 2862 1739 numismatum
2889 1685 3114 1740 istorum
3143 1695 3353 1742 natura.
3381 1687 3438 1743 Si
3471 1697 3670 1743 terram
3702 1704 3822 1760 po-

2209 1789 2391 1841 suero,
2444 1791 2611 1844 mare,
2639 1791 2815 1848 reges,
2864 1777 3167 1846 praefectos,
3189 1787 3244 1834 et
3273 1787 3436 1834 totam
3458 1781 3682 1836 omnino
3710 1796 3827 1836 na-

2209 1872 2383 1920 turam
2423 1864 2708 1921 humanam
2727 1908 2741 1932 ,
2770 1874 2825 1923 et
2847 1866 2984 1922 duos
3015 1877 3190 1922 tresve
3220 1883 3481 1939 pauperes
3521 1870 3604 1924 bis
3633 1886 3830 1942 oppo-

2207 1973 2390 2026 suere,
2421 1959 2754 2015 confidenter
2803 1975 3042 2016 asseram
3098 1960 3233 2027 fore,
3291 1971 3349 2017 ut
3395 1979 3667 2034 pauperes
3722 1964 3824 2018 isti

2208 2050 2638 2120 praeponderent.
2694 2051 2846 2118 Quod
2873 2053 2918 2108 si
2963 2052 3036 2106 illi
3061 2067 3092 2107 e
3116 2053 3304 2122 patriis
3324 2053 3540 2109 sedibus
3561 2055 3825 2125 expelle-

2209 2140 2424 2208 bantur,
2465 2151 2642 2198 tamen
2682 2143 2908 2213 patriam
2955 2158 3243 2214 supernam
3287 2144 3579 2201 Jerusalem
3633 2147 3822 2202 habe-

2209 2229 2358 2286 bant.
2381 2231 2436 2286 ln
2467 2243 2780 2304 paupertate
2806 2234 2970 2288 vitam
3014 2234 3240 2305 agebant
3264 2251 3280 2301 ;
3308 2245 3362 2290 at
3389 2237 3583 2306 pietate
3607 2236 3824 2292 divites

2207 2329 2383 2376 erant.
2409 2321 2726 2378 Hominibus
2745 2332 2900 2378 erant
2923 2324 3118 2390 odiosi,
3147 2333 3202 2378 at
3244 2325 3354 2380 Deo
3382 2327 3542 2396 grati.
3573 2326 3820 2394 Quinam

2208 2411 2284 2466 illi
2329 2427 2488 2482 porro
2527 2413 2692 2467 sunt?
2723 2412 2932 2480 Helias,
2963 2413 3210 2483 Eliszeus,
3264 2424 3320 2469 et
3365 2415 3506 2471 illius
3544 2418 3822 2486 temporis

2207 2517 2415 2558 omnes.
2447 2502 2633 2576 Neque
2677 2519 2806 2559 vero
2851 2503 2903 2560 id
2947 2514 3194 2575 spectes,
3244 2506 3388 2577 quod
3434 2523 3503 2563 ne
3546 2509 3818 2564 alimenta

2204 2593 2422 2665 quidem
2446 2593 2550 2650 illis
2575 2596 2876 2651 necessaria
2899 2597 3257 2666 suppetebant
3278 2613 3292 2651 :
3315 2606 3372 2652 at
3389 2597 3530 2667 quod
3547 2613 3608 2653 os
3634 2599 3822 2656 Helia

2205 2687 2395 2742 caelum
2421 2685 2673 2744 clauserit
2701 2695 2757 2742 et
2782 2688 3094 2759 aperuerit,
3110 2688 3334 2760 ejusque
3387 2689 3587 2747 melote
3608 2690 3822 2748 Iorda-

2205 2793 2330 2834 nem
2351 2789 2499 2835 retro
2522 2778 2750 2837 nexerit.

2279 2869 2549 2926 [avellitur
2592 2871 2646 2926 in
2675 2889 2758 2928 eos
2785 2873 2872 2944 qui
2896 2874 3198 2942 spectaculis
3235 2873 3505 2930 intersunt.
3533 2905 3606 2916 —
3629 2875 3818 2947 Atque

2205 2959 2322 3016 huic
2346 2977 2467 3017 eum
2496 2962 2630 3018 mihi
2655 2964 2875 3020 veniunt
2895 2964 2947 3020 in
2977 2975 3210 3020 mentem
3229 3007 3244 3030 ,
3276 2966 3514 3036 gaudeo,
3537 2977 3593 3022 et
3606 2967 3770 3024 doleo
3795 2986 3818 3023 :

2204 3053 2412 3125 gaudeo
2435 3055 2652 3126 quidem
2698 3065 2923 3128 propter
2964 3073 3061 3112 vos
3103 3058 3192 3128 qui
3222 3057 3455 3113 adestis:
3485 3058 3642 3114 doleo
3673 3075 3814 3116 vero

2203 3122 2423 3216 propter
2449 3122 2544 3202 eos
2571 3146 2660 3218 qui
2685 3122 2929 3202 absunt?
2945 3146 3105 3203 doleo
3121 3122 3300 3212 valde,
3325 3148 3656 3220 molesteque
3685 3149 3813 3206 fero

2203 3247 2260 3291 et
2280 3236 2445 3293 corde
2485 3246 2755 3294 conteror.
2788 3239 2916 3305 Quis
2949 3239 3090 3294 enim
3109 3248 3192 3295 est
3220 3239 3357 3295 adeo
3379 3255 3571 3296 sensus
3599 3242 3812 3298 doloris

2203 3341 2433 3398 expers,
2485 3337 2675 3384 utnon
2717 3329 2898 3385 doleat
2921 3345 3042 3386 cum
3092 3331 3145 3386 in
3171 3347 3234 3387 ea
3263 3347 3382 3402 quze
3429 3332 3497 3388 ad
3524 3333 3805 3390 diabolum

2203 3419 2508 3488 pertinent,
2549 3421 2666 3490 plus
2719 3421 2879 3476 studii
2909 3422 3143 3478 conferri
3191 3426 3408 3480 cernat?
3435 3425 3598 3496 Atqui
3653 3427 3808 3480 nulla

2202 3523 2328 3581 spes
2359 3511 2526 3566 venia:
2546 3512 2700 3568 nobis
2725 3513 2808 3568 vel
2832 3515 3193 3571 excusationis
3212 3516 3414 3588 reliqua
3437 3528 3612 3584 esset,
3644 3519 3691 3573 si
3718 3519 3806 3574 vel

2203 3603 2412 3674 mquale
2433 3603 2668 3660 studium
2695 3605 3028 3662 conferretur
3057 3626 3072 3662 :
3101 3621 3223 3664 eum
3247 3618 3425 3665 autem
3449 3611 3611 3666 etiam
3639 3613 3806 3682 longe

2203 3703 2456 3764 superet,
2508 3695 2629 3766 quis
2663 3696 2818 3752 nobis
2864 3696 3192 3754 defensionis
3236 3700 3386 3756 locus
3439 3702 3806 3772 relinquitur?

2201 3787 2452 3855 Quotidie
2473 3803 2570 3844 nos
2601 3788 2825 3845 invitant
2851 3791 3177 3862 spectacula,
3198 3807 3297 3848 nec
3320 3793 3462 3849 ullus
3491 3795 3802 3864 pigritatur,

2201 3879 2380 3934 nullus
2399 3887 2482 3934 est
2509 3880 2600 3950 qui
2640 3889 2953 3949 cunctetur;
2987 3883 3168 3940 nullus
3197 3893 3280 3940 est
3320 3884 3410 3954 qui
3460 3886 3801 3955 negotiorum

2199 3969 2580 4041 occupationes
2615 3971 2871 4027 obtendat
2901 4013 2916 4038 ,
2970 3973 3066 4028 sed
3120 3982 3387 4045 tamquam
3439 3975 3674 4046 espediti
3745 3983 3803 4030 et

2198 4063 2344 4118 omni
2396 4076 2525 4118 cura
2567 4061 2726 4117 soluti
2770 4072 3056 4118 accurrunt
3087 4079 3276 4120 omnes
3323 4081 3337 4118 :
3386 4080 3490 4120 non
3543 4066 3800 4120 canitiem

2198 4168 2367 4210 senex
2395 4165 2692 4222 reveretur,
2716 4169 2822 4210 non
2843 4155 3090 4212 ardorem
3118 4167 3323 4214 natura:
3350 4172 3413 4212 ac
3442 4157 3679 4213 libidinis
3703 4159 3796 4227 ju-

2198 4244 2355 4300 venis
2383 4254 2693 4314 suspectum
2724 4244 2918 4311 habet,
2950 4261 3123 4317 neque
3146 4247 3455 4318 dignitatem
3486 4263 3638 4302 suam
3669 4263 3800 4317 pro-

2199 4333 2298 4389 bro
2323 4348 2383 4388 se
2401 4333 2616 4390 afficere
2640 4345 2825 4391 censet
2848 4335 3153 4406 opulentus.
3183 4337 3254 4392 At
3277 4339 3324 4392 si
3351 4338 3565 4408 quidem
3592 4338 3661 4392 ad
3702 4353 3798 4394 ec-

2198 4424 2416 4478 clesiam
2442 4426 2762 4482 veniendum
2790 4427 2889 4495 sit,
2914 4429 3064 4499 quasi
3085 4445 3152 4484 ex
3173 4429 3353 4500 aliquo
3380 4429 3595 4484 sublimi
3622 4431 3794 4500 gradu

2198 4525 2254 4572 et
2280 4515 2484 4573 honore
2511 4517 2864 4576 desiliendum
2891 4523 2995 4588 sit,
3018 4523 3088 4576 ita
3115 4523 3396 4594 pigritatur
3415 4533 3468 4578 et
3492 4532 3708 4594 torpet,
3741 4531 3798 4579 et

2201 4607 2415 4664 inflatur
2439 4609 2636 4667 deinde
2656 4654 2672 4679 ,
2723 4614 2874 4684 quasi
2904 4614 3173 4684 quidpiam
3198 4615 3356 4670 fuerit
3383 4615 3497 4671 Deo
3518 4615 3746 4686 largitus
3775 4632 3790 4670 :

2197 4715 2320 4756 cum
2350 4716 2476 4758 vero
2514 4715 2764 4774 preperat
2809 4705 2876 4760 ad
2927 4706 3226 4774 theatrum,
3287 4707 3376 4763 ubi
3422 4717 3546 4762 sunt
3595 4708 3793 4763 lasciva

2197 4795 2499 4865 spectacula
2541 4805 2597 4852 et
2641 4807 2978 4864 acroamata,
3031 4815 3139 4854 non
3192 4801 3464 4855 existimat
3505 4814 3564 4856 se
3593 4801 3794 4871 probro

2195 4889 2432 4960 seipsum
2465 4889 2686 4945 allicere
2708 4932 2724 4956 ,
2770 4906 2876 4945 non
2903 4891 3117 4947 divitias
3139 4907 3264 4947 suas
3291 4907 3388 4947 nec
3435 4891 3788 4946 nobilitatem.

2194 4979 2344 5036 Scire
2368 4995 2619 5050 cuperem
2640 5021 2656 5045 ,
2701 4981 2790 5036 ubi
2823 4997 2965 5037 nunc
3009 4983 3152 5047 sint,
3183 4984 3272 5052 qui
3297 4992 3405 5037 tum
3455 4983 3549 5037 illo
3579 4983 3666 5038 die
3696 4996 3796 5036 nos

2197 5073 2618 5128 interturbabant
2651 5115 2667 5137 ,
2695 5074 2956 5144 siquidem
3003 5076 3374 5131 interturbatio
3400 5077 3646 5145 qumdam
3677 5083 3794 5131 erat

2204 5165 2440 5234 ipsorum
2465 5165 2749 5234 praesentia
2776 5183 2789 5220 :
2817 5166 2957 5221 scire
2985 5182 3238 5236 cuperem
3275 5166 3400 5237 quid
3428 5181 3571 5222 nunc
3599 5175 3788 5237 agant,

2196 5256 2321 5326 quid
2351 5257 2534 5311 utilius
2577 5257 2697 5325 his,
2742 5273 2860 5328 qua:
2889 5258 3042 5314 nobis
3063 5269 3189 5314 sunt
3215 5275 3326 5329 pra:
3354 5260 3600 5315 manibus
3623 5300 3637 5324 ,
3672 5259 3790 5313 illos

2196 5358 2439 5420 occupet.
2468 5349 2581 5404 lmo
2628 5351 2770 5405 nulla
2792 5353 3073 5422 occupatio
3112 5352 3234 5407 illos
3251 5351 3490 5417 detinet,
3519 5352 3614 5408 sed
3643 5353 3790 5407 solus

2196 5440 2380 5496 fastus.
2432 5440 2550 5508 Quo
2577 5441 2703 5511 quid
2732 5441 2971 5497 insanius
3024 5441 3194 5497 videri
3226 5441 3438 5513 poteSt?
3471 5442 3587 5498 Cur
3606 5444 3747 5498 enim
3767 5479 3785 5503 ,

2193 5547 2377 5601 quaeso
2395 5573 2411 5596 ,
2442 5531 2722 5602 magnifice
2744 5546 2806 5586 ac
2826 5533 3057 5603 superbe
3095 5532 3165 5590 de
3192 5543 3242 5590 te
3263 5535 3465 5603 sentis,
3491 5536 3566 5590 mi
3595 5532 3788 5592 homo?

2197 5629 2354 5691 teque
2381 5622 2534 5677 nobis
2559 5622 2844 5693 gratificari
2871 5639 3061 5680 censes
3080 5666 3096 5690 ,
3118 5626 3166 5681 si
3195 5640 3318 5681 cum
3349 5628 3453 5683 huc
3471 5628 3684 5684 veneris
3707 5637 3789 5680 ιιι

2198 5711 2406 5778 lendas,
2439 5720 2494 5768 ct
2516 5728 2636 5785 qua:
2664 5712 2729 5768 ad
2772 5713 3000 5771 salutem
3027 5717 3222 5772 animae
3265 5727 3369 5773 tua:
3395 5719 3662 5789 pertinent
3686 5734 3781 5772 au-

2196 5806 2348 5863 dias?
2373 5821 2532 5877 quatn
2563 5803 2633 5863 ob
2657 5818 2905 5874 causam,
2953 5823 3155 5880 quaeso,
3201 5819 3256 5867 ct
3299 5811 3452 5884 cujus
3494 5811 3569 5868 rei
3619 5805 3784 5883 grati-1
