4106 6438
379 370 540 426 05-67

920 369 1017 425 -ΙΝ
1057 368 1593 426 INSCRZPTIONEM
1632 368 1934 427 ALTARIS
1968 369 2058 426 ΕΤ
2097 368 2165 427 ΙΝ
2203 364 2604 425 PRINCIPIUM
2647 364 3011 425 ACTORUM.
3049 362 3094 420 1.

3481 357 3655 421 66-68

1672 834 1897 913 W501
1967 848 2357 937 OMIAIA

438 1118 607 1189 Πρὸς
638 1118 788 1186 τοὺς
819 1116 1375 1189 ἐσπατωείψαντας
1406 1115 1522 1184 τὴν
1563 1114 1827 1180 σύναξιν
1860 1116 1975 1184 τῆς
2045 1118 2435 1187 Ἐκκλησία,
2459 1119 2557 1174 καί
2584 1121 2673 1186 είς
2704 1120 2770 1175 τὸ
2800 1120 2895 1191 μὴ
2949 1122 3352 1191 παρατρέχειν
3390 1124 3501 1191 τὰς
3527 1126 3659 1180 ἐπι·-

547 1211 794 1286 τραεράς
822 1210 943 1268 τῶν
973 1209 1149 1267 θείων
1178 1208 1465 1281 Γραφῶν,
1482 1209 1584 1264 καί
1611 1210 1700 1277 είς
1722 1207 2146 1281 τὸιέπίτραμμα
2174 1212 2281 1267 τοῦ
2307 1212 2541 1283 βωμοῦ,
2565 1212 2663 1267 καί
2694 1214 2783 1279 είς
2812 1213 2957 1280 τοὺς
2975 1217 3439 1285 νεοφωτίστους.

441 1750 513 1812 α’,
535 1749 606 1807 τί
627 1750 818 1816 τοῦτος
847 1751 972 1807 ὅσον
996 1751 1248 1823 προΐασιν
1271 1750 1404 1825 ημῖν
1425 1751 1483 1807 αί
1509 1751 1752 1825 top-ta".
1776 1749 1968 1811 τοσοῦτ

370 1853 464 1890 τον
491 1837 589 1890 καὶ
601 1836 658 1890 αἱ
677 1834 930 1900 συνάξεις
941 1834 1198 1901 ἐλάττους
1210 1835 1473 1904 γίνονται.
1510 1835 1673 1889 Ἀλλά
1706 1834 1783 1907 μὴ
1802 1834 1970 1908 ρᾳθυ-

376 1920 574 1989 μῶμεν
602 1920 768 1992 ἡμεῖς
794 1919 845 1972 οί
870 1918 1139 1990 παρόντες
1158 1936 1172 1950 ’
1203 1918 1461 1982 ἐλάττους
1494 1918 1593 1989 μέν
1621 1918 1863 1987 γίνονται
1889 1918 1967 1989 τῷ

373 2003 594 2098 πλήθει..
626 2003 731 2098 οὐκ
764 2000 1020 2098 ἐλάττους
1237 2001 1548 2098 προθυμίαι
1573 2002 1850 2098 ,ἐλάττους
1889 2001 1968 2073 τῷ

374 2085 616 2157 ἀριθμῷ,
639 2085 740 2140 οὐκ
771 2085 1028 2148 ἐλάττους
1056 2085 1114 2140 δὲ
1139 2085 1217 2158 τῷ
1251 2085 1420 2157 πόθῳ.
1467 2085 1752 2149 Ἐλάττους
1784 2086 1971 2155 γίνονφ

375 2196 489 2243 ται,
524 2180 612 2233 ἵνα
653 2179 704 2233 οί
741 2178 955 2248 δόκιμοι
996 2178 1224 2251 φανεροὶ
1255 2178 1520 2247 γένωνται
1572 2180 1631 2232 ἐν
1668 2179 1832 2249 ὑμῖν,
1872 2178 1969 2234 καὶ⁸

378 2262 682 2334 μάθωμεν,
732 2261 876 2325 τίνες
929 2262 1027 2332 μὲν
1073 2260 1367 2333 συνηθείᾳ,
1408 2261 1553 2325 τίνες
1606 2260 1664 2314 δέ
1700 2261 1968 2335 ἐπιθυμίᾳ

375 2344 539 2399 θείων
600 2345 795 2415 λογίων
856 2345 1253 2417 παραγίνονται
1312 2345 1381 2397 δι’
1423 2343 1697 2399 ἐνιαυσίου
1750 2346 1963 2418 ἐορτῆς,

375 2428 524 2493 τίνες
578 2427 849 2500 ἐπιθυμία
899 2428 1219 2498 ἀκροάσεως
1268 2428 1668 2499 πνευματικῆς.
1726 2429 1884 2482 Πᾶσα
1931 2429 1964 2499 ἠ

375 2510 537 2574 πόλις
556 2505 627 2582 ἦν
656 2510 889 2565 ἐνταῦθα
912 2513 978 2582 τῇ
1012 2512 1256 2584 προτέρα
1279 2513 1544 2584 κυριακῇ,
1574 2512 1766 2581 μεστοὶ
1792 2512 1842 2564 οί
1869 2528 1963 2565 πε-

378 2594 606 2666 ρίϐολοι,
636 2596 730 2649 καὶ
754 2594 973 2667 κύματα
1002 2594 1233 2650 ἀπιόντα
1263 2594 1359 2649 καὶ
1390 2594 1684 2648 ἐπανιόντα
1712 2595 1967 2666 ἐμιμεῖτο

375 2679 440 2732 τὸ
468 2677 692 2750 πλῆθος·
728 2677 845 2732 ἀλλ’
878 2677 1005 2749 ἐμοὶ
1029 2677 1140 2731 τῶν
1170 2678 1432 2749 κυμάτων
1460 2677 1688 2730 ἐκείνων
1722 2679 1966 2732 ποθεινο-

373 2763 514 2835 τέρα
550 2762 849 2835 ήύμετέρα
881 2760 1115 2833 γαλήνη,
1152 2761 1277 2833 ἐμοὶ
1309 2759 1405 2815 τοῦ
1446 2760 1677 2833 θορύϐου
1725 2762 1819 2817 καὶ
1862 2761 1966 2832 τῆς

374 2846 628 2919 ταραχῆς
656 2846 871 2918 ἐκείνης
897 2845 1202 2917 τιμιωτέρα
1227 2844 1382 2917 ὐμῶν
1412 2846 1447 2916 ἡ
1480 2844 1704 2916 ἡσυχία.
1731 2845 1866 2899 Τότε
1894 2843 1966 2900 τά

378 2930 609 3001 σώματα
627 2924 696 3001 ἦν
720 2929 972 3001 ἀριθμεῖν
1006 2927 1273 2999 παρόντα.
1298 2926 1398 2981 νῦν
1422 2928 1493 2982 τά
1522 2928 1849 3000 φρονήματα
1872 2927 1964 2981 εὐ-

372 3011 605 3076 λαϐείας
633 3012 893 3084 γέμοντα.
922 3010 990 3066 Et
1005 3029 1088 3076 τις
1113 3009 1212 3083 τὴν
1241 3008 1462 3076 σύναξιν
1488 3008 1693 3081 ταύτην
1721 3011 1821 3082 τὴν
1853 3009 1966 3064 όλιο

373 3094 701 3167 γάνθρωπον
744 3094 838 3149 καὶ
867 3096 928 3148 τὸ
964 3093 1126 3147 πλέον
1158 3096 1222 3147 ἐκ
1266 3094 1512 3163 πενήτων
1548 3096 1963 3165 συνεστηκυῖαν,

373 3178 640 3250 κάκείνην
690 3177 789 3248 τὴν
850 3176 1071 3242 σύναξιν
1123 3175 1222 3249 τὴν
1278 3175 1706 3248 πολυάνθρωπον
1758 3177 1854 3231 καὶ
1905 3176 1968 3230 τὸ

374 3263 560 3317 πλεῖον
592 3260 699 3316 ἀπὸ
725 3261 997 3315 πλουσίων
1028 3259 1568 3332 συγκεκροτημένην,
1601 3260 1656 3313 εί
1681 3277 1765 3323 τις
1789 3261 1968 3331 ἀμφο-

370 3347 542 3420 τέρας
572 3346 672 3410 τάς
714 3344 961 3409 συνάξεις
987 3343 1189 3406 ταύτας
1215 3343 1406 3415 ὥσπερ
1431 3346 1490 3398 ἐν
1524 3343 1677 3413 ζυγῷ
1709 3345 1803 3398 καὶ
1836 3362 1967 3398 στα-

373 3429 501 3501 θμῷ
541 3430 758 3500 θελήσει
799 3428 1134 3500 σταθμῆσαι,
1162 3426 1298 3499 εὐρῃ
1339 3426 1406 3481 ἂν
1436 3426 1642 3499 ταύτην
1669 3428 1965 3482 καθέλκου-

374 3531 500 3568 σαν.
535 3514 599 3567 Εί
631 3514 741 3584 γάρ
782 3512 1038 3575 ἐλάττους
1074 3510 1152 3582 τῷ
1185 3508 1442 3582 ἀριθμῷ,
1476 3510 1614 3564 ἀλλά
1649 3510 1966 3583 τιμιώτεροι

371 3599 499 3651 ἐστε
528 3599 596 3668 τῇ
629 3595 915 3666 ἐπιθυμίᾳ.
944 3592 1101 3649 Οὕτω
1141 3595 1234 3649 καὶ
1258 3595 1353 3647 ἐπὶ
1383 3593 1493 3646 τῶν
1522 3593 1847 3665 σταθμητῶν
1875 3594 1966 3661 γί-

372 3695 550 3734 νεται”
575 3678 670 3732 ἐάν
693 3678 825 3732 δέκα
847 3694 933 3742 τις
961 3677 1239 3748 στατῆρας
1274 3677 1497 3749 χρυσίου
1526 3676 1707 3730 λαϐὼν
1732 3678 1813 3739 είς
1835 3677 1966 3746 μίαν

375 3761 684 3834 κατάθηται
706 3762 1037 3830 πλάστιγγα,
1062 3757 1183 3814 εἶτα
1205 3762 1285 3824 είς
1302 3761 1403 3832 τὴν
1428 3759 1624 3831 ἐτέρσν
1654 3758 1964 3827 πλάστιγγα

374 3846 615 3918 χαλκούς
640 3845 855 3910 ἑκατὸν,
894 3847 943 3899 οί
990 3845 1089 3917 μέν
1127 3843 1320 3898 ἐκατὸν
1350 3842 1543 3914 χαλκοῖ
1572 3841 1708 3913 πρὸς
1739 3843 1965 3908 ἐαυτούς

374 3929 701 3985 καθέλκουσι
738 3930 840 4001 τὴν
869 3927 1140 4001 τρυτάνην
1160 3943 1175 3959 ·
1204 3930 1253 3981 οί
1284 3926 1341 3981 δὲ
1373 3926 1507 3981 δέκα
1541 3926 1733 3998 χρυσον⁸
1762 3927 1827 3997 τῇ
1865 3925 1965 3997 τῆς

375 4013 594 4085 φύσεως
614 4013 855 4085 ὑπεροχῇ
889 4011 1153 4084 μειζόνως
1184 4010 1527 4073 ἀνθέλκουσι,
1561 4008 1847 4081 βαρύτεροι
1870 4009 1966 4063 καὶ

372 4095 693 4169 τιμιώτεροι
731 4096 887 4161 δντες
928 4095 1070 4149 κατά
1097 4094 1189 4148 τὸν
1216 4095 1317 4166 τῆς
1358 4094 1547 4157 οὐσίας
1579 4092 1756 4163 λόγον.
1801 4094 1965 4146 ’Ὥστε

374 4183 528 4236 ἐστιν
572 4179 784 4250 ὀλίγους
816 4178 977 4243 δντας
1006 4178 1087 4251 τῷ
1143 4177 1366 4249 ἀριθμῷ
1388 4219 1405 4245 ,
1439 4176 1550 4232 τῶν
1590 4175 1799 4231 πολλῶν
1828 4171 1968 4230 εἶναι

372 4263 736 4336 τιμιωτέρους
771 4262 865 4316 καὶ
910 4262 1392 4333 ἀναγκαιοτέρους.
1451 4260 1613 4314 Ἀλλά
1646 4259 1699 4313 τί
1742 4261 1872 4332 ὑμῖν
1898 4258 1966 4314 τά

378 4348 802 4419 »παραδείγματα
835 4345 943 4401 ἀπὸ
972 4345 1082 4398 τῶν
1129 4346 1187 4400 ἐν
1219 4347 1285 4417 τῇ
1328 4343 1588 4417 συνηθείᾳ
1630 4344 1782 4417 φέρω
1826 4360 1970 4416 πρα-

375 4431 627 4503 γμάτων,
655 4430 776 4484 δέον
801 4428 970 4501 αὐτὴν
992 4428 1087 4483 τοῦ
1115 4428 1252 4482 Θεοῦ
1279 4429 1380 4500 τὴν
1396 4428 1582 4499 ψῆφον
1605 4429 1737 4501 περὶ
1761 4426 1967 4483 τούτων

377 4516 726 4588 παραγαγεῖν
788 4512 1266 4585 ἀποφαινομένηνς
1317 4512 1383 4565 Τί
1442 4507 1536 4588 οὖν
1592 4510 1735 4582 αὐτη
1795 4510 1963 4582 φησίς

375 4582 692 4669 Κρείάσων
710 4593 796 4665 εἷς
826 4582 1015 4651 ποιῶν
1038 4582 1103 4651 τὸ
1127 4582 1356 4665 θέλημα
1380 4582 1489 4650 τοῦ
1518 4594 1761 4664 Κυρίου,
1791 4594 1830 4663 ἢ
1854 4612 1966 4663 μυ-

376 4685 490 4751 ρίοι
517 4680 869 4751 παράνομοι.
898 4681 1056 4734 Ἔστι
1084 4680 1215 4752 γάρ,
1247 4679 1362 4731 ἐστι
1392 4678 1655 4742 πολλάκις
1680 4677 1967 4749 ἀνθρωπος

377 4762 461 4831 εἷς
498 4766 711 4838 μυρίων
737 4762 1007 4828 ἀντάξιος.
1040 4765 1150 4817 Καὶ
1173 4763 1226 4816 τί
1256 4761 1421 4830 λέγω,
1455 4760 1603 4815 ἐστιν
1641 4755 1721 4824 εἷς
1752 4761 1966 4833 ἀνθρω-

378 4870 481 4916 ποί
517 4851 725 4924 μυρίων
747 4850 995 4914 ἀντάξιος
1026 4848 1218 4919 μόνος;
1241 4846 1379 4901 ἀλλὰ
1400 4845 1493 4900 καὶ
1514 4844 1612 4916 τῆς
1641 4845 1968 4916 οἰκουμένης

377 4935 804 5007 ἀναγκαιότερος
832 4934 927 4988 καὶ
962 4931 1078 5004 [5η
1111 4930 1458 5010 τιμιώτερος.
1491 4930 1601 4983 Καὶ
1630 4929 1822 4984 τούτου
1867 4930 1967 5001 τὴν

382 5019 688 5093 μαρτυρίαν
735 5018 845 5072 ἀπὸ
892 5016 1002 5070 τῶν
1050 5013 1265 5070 Παύλου
1329 5012 1592 5086 ῥημάτων
1646 5013 1963 5084 ποιήσομαι.

392 5100 723 5172 ’Λνθρώπων
765 5098 875 5168 γὰρ
930 5095 1188 5169 μνησθεὶς
1237 5095 1513 5165 πενήτων,
1550 5093 1962 5164 ἐλαυνομένων,

377 5183 735 5255 θλιϐομένων,
765 5178 1244 5252 κακουχουμένων,
1274 5176 1418 5231 οὕτω
1441 5176 1575 5247 φησί
1591 5190 1604 5204 ·
1629 5175 1968 5245 Περιῆλθον

377 5270 449 5323 ἐν
466 5263 792 5338 μηλωταῖς,
816 5265 887 5318 ἐν
907 5264 1149 5334 αἰγείοις
1171 5260 1484 5338 δέρμασιν,
1512 5260 1963 5338 ὑστερούμενοι,

377 5336 748 5420 θλιϐόμενοι,
784 5346 1278 5416 κακουχούμενοι,
1312 5336 1401 5397 ὧν
1443 5343 1557 5396 οὐκ
1604 5337 1686 5411 ἦν
1717 5341 1880 5407 ἄξιος
1932 5344 1966 5395 ὁ

378 5435 633 5504 κόσμος.
666 5432 734 5486 Τί
770 5429 978 5499 λέγεις;
1007 5428 1114 5482 τῶν
1148 5425 1561 5498 ὐστερουμένων
1581 5468 1594 5490 ,
1625 5423 1735 5504 τῶν
1768 5441 1965 5479 κακου-

379 5516 694 5591 χουμένων,
724 5514 832 5569 τῶν
866 5513 967 5566 οὐκ
994 5511 1227 5583 ἐχόντων
1270 5507 1503 5581 πατρίδα
1530 5508 1631 5562 οὐκ
1654 5503 1722 5580 ἦν
1757 5508 1906 5575 ἄξιος
1935 5508 1965 5561 ό

445 5741 472 5771 ⁸
495 5739 610 5791 Cod.
636 5738 902 5800 Valicanus
937 5734 1049 5800 569,
1088 5746 1138 5795 ι).
1173 5725 1717 5800 Πίεαί-τοῦτοςιδσῳ
1756 5725 1969 5789 πρόεισιν

384 5790 547 5861 ἠοῖ.νή
570 5800 728 5868 (om.
753 5799 842 5850 Hic
862 5797 1014 5850 codex
1038 5790 1221 5862 paucas
1240 5793 1389 5844 habet
1411 5792 1568 5842 varias
1588 5790 1843 5841 lccuones.

2076 1751 2315 1825 κόσμος;
2348 1752 2460 1825 Οὐχ
2497 1752 2630 1825 ὁρᾷς
2662 1751 2861 1817 πόσους
2891 1751 3079 1816 πόσοις
3109 1748 3475 1823 ἀντέστησαςς
3517 1749 3664 1824 Ὀρῶ

2079 1837 2199 1908 μὲν,
2235 1837 2399 1907 φησὶ,
2428 1836 2523 1889 καὶ
2551 1836 2639 1891 διά
2671 1836 2830 1890 τοῦτο
2858 1830 3013 1889 εἷπον
3039 1835 3122 1889 δτι
3151 1834 3251 1888 οὐκ
3276 1830 3344 1907 ἦν
3378 1835 3408 1888 ό
3445 1833 3656 1906 κόσμος

2075 1922 2225 1987 ἀξιος
2254 1922 2461 1977 αὐτῶνο
2494 1920 2606 1990 ἐγὼ
2636 1919 2747 1992 γάρ
2774 1919 2884 1973 τῶν
2917 1918 3274 1989 νομισμάτων
3314 1917 3520 1973 τούτων
3561 1918 3662 1991 τὴν

2076 2004 2238 2075 φύσιν
2274 1999 2390 2058 οἶδα
2422 2003 2629 2073 σαφῶς.
2675 2003 2783 2058 Καὶ
2812 2003 2934 2073 γῆν,
2971 2003 3066 2057 καὶ
3098 2002 3391 2061 θάλατταν.
3424 2000 3519 2055 καὶ
3563 2001 3665 2071 βα-

2077 2087 2262 2153 σιλεῖς,
2291 2086 2387 2142 καὶ
2417 2089 2713 2159 ἐπάρχους,
2746 2088 2842 2141 καὶ
2870 2089 3052 2140 πᾶσαν
3094 2087 3283 2151 ἁπλῶς
3309 2086 3421 2139 τῶν
3451 2083 3658 2158 ἀνθρώ.

2076 2190 2194 2226 πων
2221 2174 2321 2243 τὴν
2346 2171 2509 2241 φύσιν
2548 2171 2737 2235 τιθεὶς,
2768 2172 2862 2225 καὶ
2894 2170 2986 2224 δύο
3016 2170 3049 2242 ῆ
3080 2172 3228 2241 τρεῖς
3257 2170 3498 2240 πένητας
3539 2169 3665 2224 τού-

2076 2272 2188 2319 τοις
2216 2256 2565 2327 ἀντιστήσας,
2585 2253 2804 2327 θαρρὡ
2827 2253 2895 2308 ἂν
2923 2255 3153 2325 εἴποιμι,
3175 2255 3257 2308 ὅτι
3284 2247 3428 2307 οὗτοι
3460 2252 3663 2323 μᾶλλον

2074 2339 2404 2408 κατάγουσιν
2450 2339 2500 2392 οί
2536 2338 2789 2409 πένητες.
2835 2335 3008 2409 Εἴπερ
3048 2339 3244 2391 ἐκεῖνοι
3288 2335 3664 2406 ἀπηλαύνοντο

2074 2423 2351 2494 πατρίδος.
2384 2422 2501 2477 ἀλλ’
2548 2418 2693 2492 εἶχον
2721 2420 2960 2491 πατρίδα
2988 2421 3091 2490 τὴν
3120 2420 3234 2474 ἀνω
3279 2418 3656 2491 Ἰερουσαλήμ.

2086 2507 2174 2560 Ἐν
2219 2507 2380 2577 πενία
2427 2505 2615 2575 διῆγον
2636 2520 2651 2535 ·
2690 2502 2805 2557 ἀλλ’
2849 2502 3148 2556 ἐπλούτουν
3186 2502 3328 2557 κατά
3366 2502 3468 2572 τὴν
3503 2500 3663 2555 εὐσέ-

2074 2589 2246 2644 ϐειαν.
2287 2586 2619 2659 ’Δνθρῶπων
2642 2583 2785 2657 ἦσαν
2823 2587 3031 2658 ἐχθροί·
3066 2586 3204 2639 ἀλλά
3241 2585 3322 2656 τῷ
3345 2584 3465 2655 Θεῷ
3496 2585 3659 2654 φίλοι.

2071 2674 2184 2729 Καὶ
2210 2673 2356 2737 τίνες
2386 2671 2524 2725 είσὶν
2562 2664 2740 2737 οὐτοις
2777 2671 2837 2724 ὐ
2886 2670 3092 2735 Ἠλίας,
3121 2670 3150 2722 ό
3200 2669 3520 2730 Ἐλισσαῖος,
3565 2668 3663 2722 καὶ

2071 2758 2123 2812 οί
2148 2758 2270 2811 κατ’
2297 2753 2540 2820 ἐκείνους
2573 2755 2835 2819 ἀπαντες.
2884 2752 2973 2825 Μὴ
3001 2755 3111 2824 γάρ
3139 2753 3204 2823 δὴ
3235 2751 3394 2806 τοῦτο
3419 2751 3554 2823 ἴδῃς,
3576 2751 3662 2805 ὅτι

2070 2840 2194 2896 οὐδέ
2237 2839 2339 2911 τῆς
2379 2839 2684 2908 ἀναγκαίας
2719 2837 2997 2909 ηὐπόρουν
3028 2838 3267 2907 τροφῆς,
3312 2834 3428 2889 ἀλλ’
3476 2834 3559 2888 ὅτι
3600 2834 3663 2888 τὸ

2074 2925 2250 2996 στόμα
2284 2924 2466 2978 Ἡλίου
2500 2922 2593 2977 τὸν
2620 2922 2850 2995 οὐρανὸν
2878 2920 3090 2974 ἐκλεισε
3127 2920 3222 2973 καὶ
3255 2918 3477 2989 ἀνέῳξε,
3507 2918 3603 2973 καὶ
3623 2919 3659 2989 η

2074 3007 2300 3081 μηλωτὴ
2328 3005 2492 3062 αὐτοῦ
2514 3007 2606 3060 τὸν
2646 3004 2919 3077 Ἰορδάνην
2961 3002 3295 3075 ἀπέστρεψε.

2140 3093 2252 3146 Καὶ
2271 3089 2447 3145 ταῦτα
2473 3088 2672 3144 ἐννοῶν
2691 3088 2889 3159 χαίρω,
2917 3086 3014 3141 καὶ
3047 3086 3200 3154 ἀλγῶ
3223 3102 3235 3114 ⁸
3264 3084 3443 3158 χαίρω
3473 3086 3571 3158 μὲν
3592 3084 3661 3141 δι’

2069 3173 2214 3246 ὑμᾶς
2247 3174 2375 3239 τοὺς
2408 3174 2706 3245 παρόντας,
2750 3169 2902 3239 ἀλγῶ
2929 3170 2987 3225 δέ
3023 3169 3091 3223 δι’
3127 3169 3371 3235 ἐκείνους
3419 3170 3548 3233 τοὺς
3583 3170 3661 3242 μὴ

2070 3267 2361 3338 παρόντας*
2377 3265 2530 3335 ἀλγῶ
2547 3265 2773 3336 σφόδρα,
2798 3263 2893 3317 καὶ
2908 3261 3201 3332 ὀδυνῶμαι,
3218 3263 3313 3315 καὶ
3334 3261 3662 3334 συντέτριμ-

2070 3368 2169 3422 μαι
2203 3349 2298 3421 τὴν
2326 3349 2575 3421 καρδίαν.
2595 3347 2692 3412 Τίς
2716 3347 2826 3419 γάρ
2847 3348 2941 3398 καὶ
2964 3345 3072 3398 τῶν
3102 3344 3309 3416 σφόδρα
3335 3344 3660 3416 άναλγήτων

2066 3434 2167 3489 οὐκ
2189 3432 2255 3486 ἂν
2275 3432 2532 3503 ἀλγήσειε
2559 3431 2625 3485 τά
2642 3429 2737 3485 τοῦ
2760 3429 3009 3484 διαϐόλου
3038 3428 3287 3491 πλείονος
3314 3428 3659 3482 ἀπολαύοντα

2069 3517 2304 3587 σπουδῆς
2327 3517 2503 3587 όρῶν;
2538 3515 2729 3569 Καίτοι
2755 3515 2803 3568 εί
2836 3514 2930 3567 καὶ⁵
2968 3511 3091 3582 ῐσης
3133 3512 3472 3583 ἀπήλαυσεν,
3505 3513 3659 3565 οὐδε-

2070 3600 2169 3670 μία
2203 3601 2335 3670 ήμῖν
2354 3595 2422 3671 ῆν
2447 3600 2480 3670 ἡ
2509 3598 2831 3669 συγγνώμη,
2860 3596 2981 3651 οὐδέ
3004 3596 3273 3665 ἀπολογία
3323 3596 3451 3649 ὅταν
3481 3594 3539 3649 δὲ
3564 3596 3660 3649 καὶ

2069 3682 2386 3753 πλεονεκτῇ,
2414 3682 2498 3746 τίς
2540 3684 2677 3752 ἡμῖν
2704 3680 3015 3734 ἐλλείπεται
3056 3680 3248 3748 λόγος;
3280 3678 3497 3750 Θέατρα
3531 3679 3658 3733 καθ’

2067 3766 2305 3835 ἑκάστην
2329 3763 2486 3817 καλεῖ
2506 3764 2605 3834 τὴν
2628 3764 2862 3834 ἡμέραν,
2886 3762 2981 3816 καὶ
3006 3762 3185 3826 οὐδεὶς
3205 3765 3234 3816 ό
3257 3761 3451 3827 ὀκνῶν,
3482 3761 3660 3827 οὐδεὶς

2065 3849 2094 3901 ό
2117 3845 2499 3917 ἀναδυόμενος,
2520 3847 2695 3909 οὐδεὶς
2718 3845 2976 3916 ἀσχολίαν
3001 3843 3372 3914 προϐάλλεται
3395 3846 3658 3916 πραγμά-

2065 3947 2207 3985 των·
2252 3931 2368 3986 ἀλλ’
2413 3930 2604 4002 ὥσπερ
2644 3928 2870 3995 εὐζωνοι
2917 3928 3012 3982 καὶ
3053 3927 3337 3998 λελυμένοι
3378 3927 3658 3998 φροντίδος

2066 4014 2305 4087 ἀπάσης,
2344 4013 2488 4070 οὕτω
2517 4012 2805 4086 τρέχουσιν
2848 4011 3089 4075 ἀπαντες
3109 4026 3122 4038 ·
3165 4011 3265 4081 οὐχ
3291 4011 3320 4062 ό
3347 4011 3527 4081 γέρων
3556 4010 3658 4081 τὴν

2067 4097 2262 4152 πολιὰν
2292 4097 2540 4161 αίδεῖται,
2576 4097 2676 4167 οὐχ
2699 4097 2729 4148 ό
2756 4095 2876 4159 νέος
2910 4096 3181 4167 ὑφορᾶται
3212 4094 3310 4167 τὴν
3349 4092 3521 4163 φλόγα
3558 4093 3659 4165 τῆς

2069 4182 2284 4252 φύσεως
2304 4183 2397 4236 καί
2417 4182 2516 4253 τῆς
2543 4180 2859 4252 ἐπιθυμίας,
2887 4180 2987 4251 οὐχ
3010 4182 3040 4233 ό
3071 4177 3327 4242 πλούσιος
3352 4178 3413 4232 τὸ
3439 4177 3659 4250 ἀξίωμα

2068 4267 2129 4322 τὸ
2162 4267 2357 4323 ἐαυτοῦ
2389 4265 2772 4336 καταισχύνειν
2819 4266 3054 4335 ἡγεῖται.
3103 4262 3242 4317 Ἀλλ’
3290 4262 3384 4316 ἐὰν
3434 4264 3533 4334 μὲν
3577 4265 3659 4327 είς

2069 4351 2366 4423 ἐκκλησίαν
2398 4352 2708 4421 ἀπαντῆσαι
2736 4348 2852 4420 δέῃ,
2894 4346 3149 4419 καθάπερ
3187 4345 3249 4411 ἐξ
3274 4345 3553 4419 ὑπεροχῆς
3579 4362 3661 4399 τι-

2069 4453 2159 4499 νος
2207 4437 2304 4489 καὶ
2348 4432 2662 4506 ἀξιώματος
2712 4431 3078 4488 καταϐαίνων.
3139 4427 3284 4483 οὕτω
3334 4425 3516 4500 ναρκᾷ
3564 4429 3660 4484 καὶ

2068 4521 2238 4583 όκνεῖ,
2272 4520 2367 4573 καὶ
2412 4518 2553 4591 μετά
2576 4516 2752 4571 ταῦτα
2804 4516 3065 4586 φυσᾶται,
3116 4512 3306 4583 ὥσπερ
3343 4530 3399 4567 τι
3429 4512 3507 4584 τῷ
3538 4513 3660 4585 Θεῷ

2067 4605 2473 4677 χαρισάμενος·
2507 4603 2587 4665 είς
2616 4600 2673 4653 δὲ
2708 4600 2938 4670 θέατρον
2977 4597 3246 4661 σπεύδων,
3276 4596 3405 4650 ἔνθα
3451 4596 3659 4669 ἀσελγῆ

2069 4688 2318 4759 θεάματα
2371 4686 2468 4740 καὶ
2518 4682 2839 4755 ἀκούσματα
2864 4722 2878 4747 ,
2929 4682 2991 4737 οὐ
3040 4681 3249 4752 νομίζει
3297 4681 3659 4751 καταισχῦναι

2069 4774 2281 4837 ἐαυτὸν,
2308 4772 2369 4825 οὐ
2397 4770 2491 4825 τὸν
2534 4768 2760 4823 πλοῦτον
2781 4808 2795 4831 ,
2824 4768 2945 4821 οὐδὲ
2978 4767 3076 4838 τὴν
3113 4766 3418 4834 εὐγένειαν.
3467 4764 3661 4819 Ἐϐου-

2068 4857 2241 4928 λόμην
2288 4855 2506 4915 εἰδέναι,
2555 4851 2658 4907 ποῦ
2697 4850 2794 4905 νῦν
2845 4852 2983 4904 εἰσιν
3029 4853 3078 4905 οί
3113 4849 3256 4904 κατά
3301 4850 3402 4919 τὴν
3446 4848 3661 4920 ἡμέραν

2069 4941 2282 5011 ἐκείνην
2313 4940 2447 5010 ἡμῖν
2477 4937 2870 5008 ἐνοχλήσαντες
2888 4953 2901 4967 ·
2930 4935 3215 5005 ἐνόχλησις
3240 4933 3351 5003 γὰρ
3379 4929 3447 5004 ἦν
3480 4931 3661 4985 αὐτῶν

2068 5024 2102 5095 ή
2140 5019 2776 5094 παρουσίαοσῶουλόμην
2803 5020 3003 5073 είδέναι
3031 5018 3083 5071 τί
3115 5020 3442 5090 πράττουσι,
3472 5015 3526 5070 τί
3551 5013 3660 5068 τῶν

2069 5105 2354 5178 παρόντων
2383 5103 2582 5168 αὐτοὺς
2609 5103 3038 5174 ἀναγκαιότερον
3072 5101 3467 5173 ἀπεσχόλησεν.
3516 5097 3658 5152 Ἀλλ’

2067 5188 2294 5260 ἀσχολία
2320 5186 2573 5259 οὐδεμία,
2613 5186 2781 5256 τῦφος
2813 5187 2871 5240 δὲ
2914 5187 3094 5257 μόνος.
3131 5183 3236 5238 Kal
3275 5184 3327 5237 τί
3360 5181 3558 5252 γένοιτ’
3591 5179 3659 5233 ἂν

2070 5272 2479 5347 μανικώτερον;
2513 5271 2673 5334 Τίνος
2707 5270 2815 5341 γάρ
2856 5270 3066 5335 ἕνεκεν,
3094 5270 3351 5341 ἄνθρωπε
3372 5306 3387 5330 ,
3423 5263 3658 5345 μεγαλο-

2068 5359 2284 5428 φρονεῖς
2303 5398 2317 5423 ,
2347 5356 2443 5410 καὶ
2469 5356 2714 5426 νομίζεις
2751 5357 2883 5426 ἡμῖν
2913 5352 3258 5427 χαρίζεσθαι,
3288 5351 3381 5404 ἐάν
3409 5364 3559 5417 παρα
3575 5361 3659 5415 τε·

2067 5447 2293 5518 νόμενος
2343 5443 2579 5499 ἐνταῦθα
2631 5444 2926 5515 προσέχῃς.
2971 5441 3067 5495 κα)⁸
3113 5438 3356 5510 ἀκούσῃς
3399 5436 3469 5488 τά
3521 5434 3659 5518 πρὸς

2077 5516 2353 5601 σωτηρίαν
2375 5528 2477 5599 τῆς
2505 5527 2604 5599 σῆς
2629 5526 2841 5597 ψυχῆςς
2877 5525 3019 5588 τίνος
3046 5523 3250 5587 ἕνεκεν,
3276 5519 3397 5573 εἰπέ
3428 5535 3538 5590 μοι,
3562 5516 3658 5601 καὶ

2074 5614 2163 5668 διά
2190 5600 2243 5666 τί
2268 5610 2602 5681 ἀλαζονεύῃς
2632 5608 2721 5662 διά
2743 5610 2835 5661 τὸν
2866 5606 3124 5669 πλοῦτον;
3156 5603 3245 5658 διά
3272 5604 3343 5658 τὰ
3373 5601 3563 5673 ἱμάτια
3587 5600 3659 5654 τά

2078 5696 2318 5769 οηρικά;
2365 5690 2497 5748 Εἶτα
2528 5680 2628 5747 οὐκ
2666 5692 2887 5759 ἐννοεῖς,
2916 5690 2998 5744 ὅτι
3038 5688 3338 5762 σκωλήκιον
3367 5687 3505 5741 εἰσὶν
3537 5680 3656 5756 [52]

2081 5781 2266 5839 ἐκεῖνα
2292 5778 2531 5851 νήματα,
2560 5776 2653 5831 καὶ
2682 5774 2975 5849 βαρϐάρων
3012 5772 3318 5848 ἀνθρώπων
3337 5771 3652 5846 εὐρέματα;
