4106 6450
447 382 529 440 α)
1171 379 1228 436 5.
1270 380 1557 438 ΙΟᾹΝΝΙΞ
1591 380 2040 440 CHRYSOSTO.‘

2141 382 2442 441 lliCHIEP.
2484 382 3029 446 CONSTANTINOP.

464 497 548 551 δτι
596 499 794 584 πόρναι
850 504 1080 568 ἐκείνοις
1135 507 1446 580 κέχρηνται.
1504 514 1598 566 καὶ
1651 516 1900 584 μαλακοὶ,
1949 514 2041 568 καὶ
2118 560 2120 562 τ

465 581 846 654 τυμϐωρύχοι,
908 589 999 641 καὶ
1064 591 1287 661 λῃσταί;
1357 581 1663 662 Ἐπίγνωθι
1695 599 1786 650 τὸν
1837 598 2044 651 δίκαιον

467 662 697 750 πλοῦτον
719 707 732 729 ,
795 670 886 722 καὶ
937 672 1203 740 κατάϐηθι
1241 691 1369 727 ποτε
1429 677 1531 730 ἀπὸ
1573 678 1668 731 τοῦ
1723 681 2045 750 φυσήματος

467 746 678 802 ἐκείνου
701 750 796 802 τοῦ
827 751 1030 822 ὐῲηλοῦ
1064 754 1157 807 καὶ
1179 757 1338 810 κενοῦ
1354 773 1369 788 ο
1401 758 1688 829 διάσκεψαι
1711 746 1808 831 τῆς
1831 746 2044 830 φύσεως

465 828 528 880 τδ
575 831 807 913 εὐτελές.
863 833 937 904 Γῆ
979 835 1072 888 καὶ
1125 838 1314 902 σποδὸς
1366 836 1434 904 εἶ,
1505 828 1680 913 τέφρα
1734 828 2041 906 καὶ-κόνις,

467 910 672 996 καπνὸς
705 914 798 966 καὶ
829 915 979 982 σκιὰ,
1011 919 1203 990 χόρτος
1235 921 1327 974 καὶ
1357 923 1515 986 ἄνθος
1543 910 1760 994 χόρτου.
1807 926 2041 996 Τοιαύτῃ

467 992 627 1076 φύσει
660 997 1104 1070 μεγαλοφρονεῖς,
1127 1003 1248 1056 είπέ
1275 1021 1362 1074 μοι
1384 1021 1397 1068 ;
1422 992 1818 1061 Καὶ-τίήτούτου
1848 992 2042 1076 γένοιτς

463 1074 529 1129 ἂν
561 1080 1122 1153 καταγελαστότερονς
1164 1085 1325 1140 Ἀλλά
1363 1087 1573 1142 πολλῶν
1611 1089 1798 1161 ἄρχεις
1830 1074 2043 1162 ἀνθρώ-

465 1175 612 1244 ⁶[τωνς
670 1162 777 1216 Καὶ
823 1164 877 1217 τί
925 1165 1082 1218 τοῦτο
1133 1167 1346 1236 ὄφελος,
1407 1170 1536 1224 ὅταν
1590 1171 1892 1244 ἀνθρώπων
1943 1174 2041 1243 μὲν

463 1240 670 1312 ἄρχεις,
717 1245 824 1296 τῶν
869 1246 926 1300 δὲ
981 1249 1169 1303 παθῶν
1213 1251 1558 1321 αἰχμάλωτος
1599 1250 1651 1306 εἷ
1688 1240 1781 1308 καὶ
1819 1240 2038 1321 δοῦλός

467 1323 676 1396 Ὠσπερ
706 1327 772 1380 ἀν
806 1345 890 1392 τις
921 1329 1062 1384 οἴκοι
1105 1333 1205 1402 μὲν
1240 1333 1345 1386 ὐπὸ
1379 1335 1486 1387 τῶν
1525 1337 1748 1391 οἰκετῶν
1787 1337 2040 1392 τύπτοιτο

465 1407 877 1492 καλ-τραύματα
909 1411 1194 1484 λαμϐάνοι,
1235 1415 1340 1482 ἔξω
1371 1416 1427 1470 δέ
1452 1419 1531 1480 εἰς
1555 1420 1652 1488 τὴν
1692 1420 1899 1492 ἀγοράν
1943 1424 2041 1492 ἐμ-

461 1488 676 1572 ϐάλλων
714 1493 856 1561 μέγα
896 1499 1064 1566 φρονῇ
1099 1497 1192 1550 ἐπὶ
1231 1500 1301 1568 τῇ
1335 1497 1445 1552 τῶν
1483 1499 1656 1554 ἄλλων
1693 1488 1834 1572 ἀρχῇ
1857 1488 2041 1556 *οὕτω

462 1571 656 1627 τύπτει
679 1590 737 1626 σε
762 1577 1059 1642 κενοδοξία,
1077 1579 1370 1652 τραύματά
1389 1598 1472 1636 σοι
1497 1583 1690 1650 ἐπάγει
1712 1571 2036 1654 ἀσέλγεια,

421 1699 429 1714 ,
465 1653 683 1710 πάντων
712 1657 822 1710 τῶν
854 1660 1038 1714 παθῶν
1070 1661 1255 1727 δοῦλος
1291 1659 1362 1727 εἴ,
1405 1667 1500 1718 καλ⁵
1533 1666 1676 1736 μέγα
1709 1653 1925 1738 φρονεῖς
1956 1671 2040 1722 ὅτι

461 1738 571 1821 τῶν
601 1739 887 1810 ὁμοφύλων
915 1744 1136 1816 ἄρχεις;
1162 1746 1289 1800 Εῖθε
1317 1747 1540 1804 ἐκείνων
1567 1744 1737 1821 ἦρχες
1756 1791 1770 1817 ,
1813 1751 2052 1806 ἐκείνων

462 1815 528 1890 ἧς
561 1821 824 1894 ίσότιμος.

533 1952 601 2022 β’.
621 1953 696 2007 Οὐ
708 1954 816 2008 τῶν
829 1956 1197 2014 πλουτούντων
1210 1961 1532 2033 κατηγορῶν
1549 1963 1892 2035 ταῦταλέγω,
1906 1965 2044 2020 ἀλλά

459 2041 569 2094 τῶν
590 2043 779 2106 κακῶς
797 2045 876 2115 τῷ
899 2045 1112 2119 πλούτῳ
1132 2050 1507 2122 κεχρημένων.
1532 2052 1608 2105 Οὐ
1633 2053 1741 2122 γὰρ
1761 2057 1788 2107 ό
1815 2055 2042 2119 πλοῦτος

461 2131 650 2196 κακὸν,
683 2132 777 2186 ἐὰν
806 2137 886 2199 είς
901 2135 1021 2190 δέον
1046 2137 1369 2210 βουλώμεθα.
1403 2139 1554 2209 αὐτῷ
1572 2142 1899 2212 χρήσασθαι,
1925 2145 2040 2198 ἀλλ’

461 2220 495 2288 ἠ
523 2219 768 2284 ἀπόνοια,
810 2223 905 2277 καὶ
929 2225 960 2294 ή
990 2224 1302 2290 ἀλαζονεία.
1336 2227 1398 2281 Et
1424 2227 1594 2280 κακὸν
1621 2225 1688 2299 ἦν
1719 2234 1750 2284 ὁ
1771 2231 2003 2296 πλοῦτος
2021 2272 2039 2294 ,

459 2307 563 2360 οὐκ
589 2307 654 2360 ἂν
691 2307 894 2373 πάντες
920 2310 1208 2382 ηὐξάμεθα
1233 2315 1315 2377 είς
1335 2314 1571 2379 κόλπους
1607 2316 1859 2389 Ἀϐραάμ
1885 2319 2044 2372 ἀπελο

463 2393 576 2447 θεῖν
608 2393 700 2448 τοῦ
760 2396 975 2466 ἔχοντος
1001 2401 1349 2470 τριακοσίους
1376 2401 1507 2456 δέκα
1531 2404 1624 2457 καὶ
1655 2405 1798 2459 ὀκτὼ
1825 2407 2040 2472 οἰκέτας

460 2483 779 2551 οἰκογενεῖς.
817 2487 892 2538 Οὐ
921 2487 1102 2542 τοίνυν
1130 2491 1158 2542 ό
1184 2490 1412 2555 πλοῦτος
1440 2493 1628 2559 κακὸν,
1653 2494 1771 2547 ἀλλ’
1802 2497 1834 2566 ὴ
1862 2497 2049 2568 παρά-

462 2587 625 2640 νομος
665 2572 828 2625 αὐτοῦ
857 2573 1054 2644 χρῆσις
1095 2578 1283 2632 κακόν.
1315 2579 1425 2632 Καὶ
1467 2580 1656 2654 ὥσπερ
1691 2583 1883 2654 πρῴην
1913 2585 2041 2654 περὶ⁸

465 2657 636 2728 μέθης
667 2657 872 2728 λέγων,
903 2661 964 2713 οὐ
1001 2661 1095 2716 τὸν
1125 2659 1267 2717 οἶνον
1303 2665 1579 2721 διέϐαλλον
1615 2671 1760 2734 (πᾶν
1785 2669 1895 2742 γάρ
1923 2673 2040 2724 κτί-

463 2746 744 2831 σμαΘεοῦ
789 2748 974 2814 καλὸν,
1017 2752 1112 2805 καὶ
1161 2753 1315 2805 οὐδὲν
1359 2755 1684 2827 ἀπόϐλητον.
1729 2759 1847 2828 μετ’
1879 2761 2043 2831 εὐχαο

465 2830 675 2900 ριστίας
703 2830 1166 2902 λαμϐανόμενον),
1206 2836 1350 2889 οὕτω
1381 2839 1477 2891 καὶ
1503 2839 1598 2892 νῦν
1631 2841 1691 2892 ού
1729 2841 1836 2894 τῶν
1873 2830 2040 2896 πλου-

459 2914 695 2967 τούντων
718 2917 1030 2986 κατηγορῶ,
1061 2920 1182 2972 οὐδὲ
1215 2921 1282 2974 τά
1305 2924 1562 2993 χρήματα
1592 2924 1886 2993 διαϐάλλω,
1905 2929 2042 2984 ἀλλά

459 3001 560 3072 τὴν
592 3002 767 3074 κακὴν
812 3004 922 3058 τῶν
967 3007 1265 3077 χρημάτων
1307 3010 1525 3080 χρῆσιν,
1563 3014 1654 3067 καὶ
1693 3017 1774 3079 είς
1803 3016 2042 3070 ἀσωτίαν

461 3090 877 3162 δαπανωμένην.
913 3094 1010 3146 Διά
1035 3093 1194 3149 τοῦτο
1222 3098 1481 3169 χρήματα
1496 3098 1738 3169 λέγεται,
1773 3103 1858 3156 ἵνα
1883 3104 2042 3174 ἡμεῖς

462 3177 646 3241 αὐτοῖς
687 3179 1053 3250 χρησώμεθα,
1091 3183 1183 3235 καὶ
1218 3182 1293 3254 μὴ
1327 3185 1509 3238 ἐκεῖνα
1552 3189 1714 3258 ἡμῖν·
1753 3188 1840 3243 διά
1885 3191 2044 3244 τοῦτο

463 3266 720 3336 κτήματα
760 3265 1012 3336 λέγεται,
1063 3269 1148 3322 ἵνα
1179 3273 1340 3342 ἡμεῖς
1371 3273 1510 3327 αὐτά
1541 3275 1902 3347 κτησώμεθα,
1948 3280 2042 3332 καὶ

465 3351 541 3425 μὴ
568 3354 748 3408 ἐκεῖνα
791 3357 956 3426 ἡμᾶς.
994 3356 1060 3410 Τί
1097 3354 1190 3412 οὖν
1223 3359 1314 3413 τὸν
1346 3360 1531 3416 δοῦλον
1562 3362 1705 3434 ἔχεις
1741 3364 2040 3438 δεσπότην;

461 3439 518 3492 τί
544 3439 913 3514 ἀντέστρεψας
941 3444 1040 3514 τὴν
1069 3443 1256 3512 τάξιν;
1301 3445 1440 3500 Ἀλλ’
1481 3449 1784 3520 ἐϐουλόμην
1824 3451 2039 3523 μαθεῖν,

462 3525 514 3577 τί
542 3524 636 3580 νῦν
662 3528 908 3582 ποιοῦσιν
939 3533 986 3583 οί
1018 3530 1118 3602 τὴν
1151 3531 1372 3598 σύναξιν
1395 3536 1912 3608 ἐγκαταλείψαντες,
1949 3542 2042 3596 καὶ

461 3615 520 3667 ἐν
549 3614 689 3669 τίσιν
727 3617 886 3671 εἰσίν.
935 3618 1096 3674 Ἀλλά
1127 3619 1160 3692 ἦ
1192 3621 1536 3688 κυϐεύουσιν,
1577 3625 1608 3695 ἢ
1642 3627 1860 3691 πάντως
1898 3629 2042 3700 πρά-

461 3719 650 3773 γματα
683 3704 992 3759 ἀνακινοῦσι
1025 3706 1273 3776 βιωτικά,
1306 3711 1551 3784 ταραχῆς
1579 3714 2036 3788 ἐμπεπλησμένα.

476 3791 740 3847 Ἐνταῦθα
780 3794 828 3847 εί
857 3793 1059 3866 παρῆς,
1101 3795 1377 3869 ἄνθρωπε,
1419 3801 1477 3853 ἐν
1508 3801 1718 3876 γαλήνῃ
1746 3797 1813 3874 ῆς
1845 3805 1941 3858 καὶ
1982 3807 2041 3860 ἐν

459 3877 642 3950 λιμένι
661 3897 674 3910 ’
703 3879 804 3934 οὐκ
830 3882 1116 3952 οίκονόμος
1148 3883 1405 3940 εἰσελθὼν
1440 3888 1760 3960 ἐτάραττεν,
1793 3892 1894 3944 οὐκ
1920 3893 2042 3946 ἐπί-

457 3983 661 4038 τροπος
689 3968 958 4039 ἐθορύϐει,
993 3971 1096 4023 οὐκ
1118 3971 1338 4043 οίκέτης
1364 3973 1506 4046 ὑπὲρ
1547 3978 1889 4047 πραγμάτων
1916 3978 2041 4048 βιω-

459 4055 629 4109 τικῶν
667 4054 906 4126 ἠνόχλει,
951 4057 1053 4109 οὐκ
1101 4055 1258 4120 ἀλλος
1297 4075 1381 4121 τις
1428 4060 1747 4130 παρώξυνεν
1767 4079 1783 4094 ο
1820 4061 1936 4116 ἀλλ’
1984 4067 2041 4118 ἐν

461 4141 661 4214 ἠσυχίᾳ
687 4140 889 4210 διάγων
916 4141 1184 4212 ἀπήλαυει,
1220 4142 1378 4197 θείων
1413 4147 1754 4218 ἀκροάσεων.
1786 4149 2040 4221 Οὐδαμοῦ

459 4225 686 4294 κύματα
731 4225 1002 4292 ἐνταῦθα,
1047 4228 1285 4298 οὐδαμοῦ
1329 4235 1584 4304 ταραχή·
1631 4235 1746 4289 ἀλλ’
1795 4238 2036 4308 εὐλογία,

457 4313 551 4367 καὶ
595 4314 772 4386 εὐχαὶ,
809 4316 905 4370 καὶ
941 4313 1124 4386 ὁμιλία
1165 4320 1546 4392 πνευματικὴ.
1570 4322 1666 4376 καὶ
1709 4325 2040 4393 μετάστασις

460 4400 540 4466 είς
566 4399 658 4455 τὸν
687 4401 917 4474 οὐρανόν
937 4418 950 4432 °
983 4402 1078 4456 καὶ
1100 4401 1350 4458 ἐντεῦθεν
1370 4406 1474 4478 ήδη
1497 4408 1591 4462 τὸν
1615 4411 1910 4481 ἀρραϐωνα
1938 4413 2039 4484 τῆς

463 4489 741 4559 βασιλείας
777 4491 885 4545 τῶν
915 4492 1162 4564 οὐρανῶν
1189 4493 1370 4549 λαϐὼν
1406 4498 1626 4569 ἀπῄεις.
1665 4501 1824 4567 Τίνος
1853 4502 2038 4558 ἕνεκεν

459 4578 559 4648 τὴν
613 4579 874 4636 πλουσίαν
923 4582 1128 4654 ταύτην
1166 4583 1448 4655 τράπεζαν
1491 4588 1672 4657 ἀφεις,
1727 4599 1801 4655 ιίς
1845 4592 2039 4662 ἑτέραν

459 4667 866 4739 φορτικωτέραν
896 4669 1087 4723 ἐαυτὸν
1119 4673 1450 4743 μετήγαγες.
1476 4677 1682 4731 καὶτὸν
1721 4679 1914 4750 λιμένα
1941 4698 2039 4734 κα-

458 4752 735 4822 ταλιπὼν,
768 4759 1010 4829 ταραχὴν
1050 4758 1519 4835 ἀντικαταλλάττῃ
1549 4765 1822 4836 γαλήνης;
1858 4769 1931 4821 Τὸ
1963 4768 2039 4839 μὴ

458 4841 869 4911 παραγενέσθαι
899 4845 1140 4915 πένητας
1173 4847 1300 4912 τοὺς
1342 4848 1466 4906 τότε
1513 4852 1825 4922 παρόντας,
1869 4855 2039 4910 δεινὸν

463 4930 584 5000 μὲν,
621 4929 736 4984 ἀλλ’
763 4931 886 4984 οὐδὲ
927 4931 1070 4986 οὕτω
1103 4933 1300 5000 δεινὸν,
1326 4935 1402 5000 ὡς
1430 4938 1491 4990 τὸ
1523 4939 1598 5010 μὴ
1632 4944 2039 5011 παραγενέσθαι

457 5018 771 5084 πλουσίους.
803 5019 960 5084 Τίνος
987 5020 1174 5075 ἐνεκεν
1200 5040 1216 5090 ;
1244 5023 1366 5077 Ὅτι
1394 5027 1442 5079 οί
1470 5028 1570 5097 μὲν
1602 5025 1830 5101 πένητες
1855 5032 2038 5103 έχουσι,

457 5109 558 5178 τὴν
591 5107 897 5177 ἀναγκαίαν
932 5109 1216 5180 ἀσχολίαν,
1266 5113 1367 5183 τὴν
1421 5116 1676 5186 φροντίδα
1722 5119 1824 5191 τῆς
1862 5122 2036 5194 καθη-

463 5196 689 5267 μερινῆς
703 5195 826 5269 [55]
844 5197 1248 5269 ἐργασίας,ἀπδ
1268 5201 1376 5254 τῶν
1399 5203 1598 5274 χειρῶν
1624 5207 1932 5279 ποιούμενοι
1949 5211 2039 5264 τὸν

460 5283 607 5354 βίονο
651 5283 1039 5356 παιδοτροφίας
1083 5287 1504 5358 ἐπιμελοῦνται,
1555 5296 1815 5360 γυναικὸς
1866 5316 2038 5369 προε-

459 5373 712 5443 στήκασι,
743 5372 846 5427 κᾶν
869 5373 944 5444 μὴ
983 5374 1226 5446 κάμωσι,
1268 5375 1335 5430 τά
1364 5376 1465 5448 τῆς
1489 5377 1634 5450 ζωῆς
1662 5383 1844 5446 αὐτοῖς
1891 5387 2042 5456 οίχή-

458 5476 634 5514 σεται.
676 5460 861 5514 Ταῦτα
897 5461 1073 5532 λέγω,
1119 5463 1240 5533 οὐχὶ
1285 5462 1584 5533 ἀπολογίαν
1628 5469 1770 5539 ὑπὲρ
1812 5471 2039 5528 ἐκείνων

460 5547 747 5614 συντιθεὶς,
778 5549 916 5604 ἀλλὰ
940 5550 1154 5616 δεικνὺς
1187 5550 1306 5615 πῶς
1347 5552 1592 5624 μείζονος
1617 5561 1952 5629 κατηγορίας
1989 5563 2038 5614 οί

457 5633 815 5700 πλουτοῦντές
834 5639 972 5691 εἰσιν
1000 5638 1158 5705 ἄξιοι.
1191 5639 1355 5696 Ὅσον
1395 5642 1642 5707 πλείονος
1669 5645 2039 5701 ἀπολαύουσιν

457 5724 665 5786 ἀδείας,
709 5722 957 5777 τοσοῦτον
1000 5727 1090 5780 καὶ
1129 5729 1541 5801 κατακρίσεως,
1574 5731 1656 5786 ὅτι
1702 5732 1878 5791 οὐδενὶ
1916 5736 2038 5790 τού-

464 5801 570 5846 των
601 5807 939 5879 κατέχονται.

3650 403 3743 460 7D

2222 515 2334 587 Οὐχ
2368 515 2530 588 δρᾶτε
2555 516 2682 579 τοὺς
2737 515 3048 582 Ἰουδαίους,
3084 513 3209 576 τούς
3245 510 3566 582 θεομάχους,
3592 511 3738 573 τοὺς.

2145 615 2569 679 ἀντιπίπτοντας
2595 615 2672 685 τῷ
2701 614 2840 685 άγίῳ
2875 612 3182 684 Πνεύματι,
3215 612 3339 675 τοὺς
3378 610 3728 681 σκληροτρα-

2144 715 2378 786 χήλουςς
2411 716 2628 771 Τούτων
2660 719 2723 770 οἱ-
2759 718 2834 786 μὴ
2873 713 3307 786 παραγενόμενοι
3353 711 3572 764 πάντων
3607 709 3724 780 χείι

2147 831 2274 886 ρους
2304 815 2473 869 εἰσίν.
2503 815 2760 880 Ἐκείνοις
2787 815 2881 870 ἐάν
2909 818 3135 869 εἴπωσιν
3157 815 3204 866 οἱ
3229 813 3392 883 ἱερεῖς
3418 809 3559 863 ἐπτά
3583 809 3722 879 ἡμέ-

2148 931 2248 986 ρας
2277 916 2542 985 ἀργῆσαι,
2576 917 2668 970 καὶ
2701 917 2832 970 δέκα
2853 955 2868 980 ,
2896 916 2990 969 καὶ
3019 915 3189 968 εἴκοσι
3211 954 3226 980 ,
3258 911 3353 966 καὶ
3387 910 3679 980 τριάκοντα
3701 949 3738 974 ,.

2145 1016 2244 1068 οὐκ
2271 1015 2614 1083 ἀντιλέγουσι
2633 1034 2647 1048 υ
2681 1016 2858 1070 καίτοι
2875 1015 2927 1069 τί
2953 1016 3052 1085 τῆς
3085 1014 3282 1085 ἀργίας
3313 1011 3526 1081 ἐκείνης
3558 1009 3722 1080 χαλε-

2145 1114 2426 1188 πώτερον;
2474 1117 2586 1179 Τάς
2634 1115 2804 1187 θύρας
2855 1113 3241 1176 ἀποκλείουσι,
3292 1113 3384 1165 καὶ
3430 1109 3555 1163 οὔτε
3605 1108 3720 1179 πῦρ

2145 1216 2415 1281 καίουσιν,
2457 1217 2556 1288 οὐχ
2583 1217 2725 1288 ὕδωρ
2749 1217 3028 1288 φέρουσιν,
3059 1215 3163 1268 οὐκ
3202 1213 3329 1268 ἀλλο
3369 1229 3423 1265 τι
3454 1210 3591 1282 πρὸς
3616 1211 3718 1280 τὴν

2143 1317 2334 1388 χρείαν
2388 1318 2502 1389 τὴνι
2534 1316 2795 1388 τοιαύτην
2843 1315 3243 1388 μεταχειρίζειν
3281 1313 3522 1384 ἐφίενται
3545 1327 3559 1342 ·
3599 1308 3717 1364 ἀλλ’

2141 1423 2288 1477 ἔστιν
2319 1423 2508 1487 ἅλυσις
2541 1424 2724 1488 αὐτοῖς
2759 1425 2794 1495 ὴ
2824 1423 3012 1494 ἀργία,
3044 1421 3142 1475 καὶ
3163 1419 3285 1474 οὐδὲ
3311 1417 3485 1480 οὕτως
3509 1415 3719 1470 ἀντιλέε

2141 1545 2348 1598 γουσιν.
2390 1526 2532 1596 Ἐγὼ
2557 1528 2615 1581 δὲ
2643 1527 2792 1580 οὐδὲν
2822 1524 3060 1580 τοιοῦτον
3085 1523 3248 1592 λέγω,
3267 1525 3352 1579 ὄτι
3383 1518 3554 1576 Ἑπτά
3576 1521 3715 1588 ἡμέο

2143 1652 2241 1707 ρας
2261 1636 2523 1706 ἀργησον,
2555 1635 2673 1688 οὐδέ
2701 1633 2834 1687 δέκα
2865 1632 3074 1704 ἡμέρας
3094 1629 3274 1684 μάλλά
3296 1626 3389 1682 δύο
3423 1643 3512 1696 μοι
3541 1624 3717 1678 δάνει-

2142 1759 2246 1796 σον·
2259 1741 2410 1811 ὥρας
2439 1740 2794 1813 τῆςὴμέρας,
2823 1738 3040 1801 καὶτὰς
3066 1735 3258 1798 λοιπὰς
3282 1733 3443 1796 αὐτὸς
3463 1731 3552 1801 ἔχε
3571 1745 3586 1760 ο
3621 1728 3718 1781 καὶ

2138 1847 2265 1900 οὐδέ
2301 1846 2460 1901 τοῦτό
2506 1863 2598 1918 μοι
2633 1847 2695 1901 τὸ
2733 1846 2932 1916 μέτρον
2961 1842 3255 1913 εἰσφέρεις.
3288 1837 3506 1893 Μᾶλλον
3548 1835 3606 1888 δὲ
3639 1833 3716 1903 μὴ

2140 1959 2265 2029 ἐμοὶ¹
2291 1957 2546 2030 δανείσῃς
2573 1957 2673 2021 τὰς
2692 1955 2785 2008 δύο
2817 1954 2988 2027 ὥρας,
3021 1952 3136 2006 ἀλλ’
3169 1948 3348 2020 ἐαυτῷ
3371 1962 3388 1978 ⁸
3416 1947 3506 2000 ἵνα
3539 1943 3719 2014 παράὲ-

2140 2064 2336 2137 κλησίν
2378 2080 2502 2117 τινα
2536 2062 2707 2132 εὐχῆς
2735 2061 2864 2130 δέξῃ
2901 2059 3178 2129 πατέρων,
3208 2058 3296 2110 ἵνα
3327 2050 3591 2120 εὐλογιῶν
3624 2063 3723 2098 πε-

2141 2175 2500 2247 πληρωμένος
2547 2173 2934 2244 ἀναχωρήσῃς,
2981 2170 3070 2222 ἵνα
3099 2157 3720 2236 πανταχόθεν-ἀσφαλὴς

2139 2283 2402 2358 ἀπέλθῃς,
2435 2284 2523 2338 ἵνα
2550 2282 2626 2336 τάι
2652 2280 2792 2335 ὅπλα
2821 2278 3002 2334 λαϐὼν
3029 2277 3100 2330 τὰ
3127 2269 3474 2345 πνευματικά
3506 2269 3722 2321 ἀκατα-

2140 2389 2403 2459 γώνιστος
2430 2389 2588 2461 γένῃ,
2619 2386 2922 2458 ἀχείρωτος
2945 2383 3023 2454 τῷ
3046 2381 3294 2451 διαϐόλῳ.
3331 2378 3396 2432 Τί
3435 2376 3738 2448 ηδύτερον,

2141 2497 2262 2551 είπέ
2291 2514 2404 2568 μοι,
2432 2497 2533 2567 τῆς
2555 2493 2790 2548 ἐνταῦθα
2808 2491 3088 2562 διαγωγῆς
3107 2507 3126 2556 ;
3150 2490 3214 2544 Εἰ
3241 2487 3353 2559 γάρ
3369 2479 3744 2557 διημερεύειν»

2143 2605 2378 2661 ἐνταῦθα
2427 2605 2622 2677 ἐχρῆν,
2665 2603 2732 2658 τί
2783 2602 3140 2674 σεμνότερον;
3178 2599 3233 2652 τί
3287 2594 3742 2666 ἀσφαλέστερον..

2139 2716 2275 2768 ὅπου
2321 2714 2545 2783 ἀδελφοὶ
2585 2712 2861 2776 τοσοῦτοι,
2913 2710 3048 2762 ὅπου
3082 2709 3146 2761 τδ
3174 2703 3406 2775 Πνεῦμα
3439 2700 3501 2754 τὸ
3532 2699 3720 2767 ἀγιον,

2141 2820 2276 2874 ὅπου
2327 2817 2537 2889 Ἰησοῦς
2578 2817 2743 2888 μέσος
2769 2855 2784 2881 ,
2821 2815 2917 2869 καὶ
2965 2816 2994 2868 ό
3037 2811 3230 2866 τούτου
3279 2807 3509 2878 Πατήρς
3551 2801 3746 2856 Ποίανρ

2142 2926 2338 2998 ἑτέραν
2374 2924 2556 2995 ζητεῖς
2605 2921 2932 2990 συναγωγὴν
2981 2915 3294 2986 τοιαύτην;,
3322 2914 3474 2964 ποῖον
3529 2908 3740 2978 ἕτερον.

2145 3029 2530 3101 βουλευτήριον
2551 3045 2566 3092 ;
2591 3025 2753 3080 ποίαν
2786 3023 3033 3089 σύνοδον;
3064 3019 3320 3074 Τοσαῦτα
3346 3013 3527 3084 ἀγαθὰ
3559 3014 3618 3066 ἐν
3651 3013 3744 3082 τῇ,

2139 3134 2412 3206 τραπέζῃ,
2448 3133 2505 3186 ἐν
2529 3134 2596 3202 τῇ
2626 3129 2911 3201 ἀκροάσει,
2939 3128 2998 3180 ἐν
3027 3128 3149 3189 ταῖς
3178 3121 3488 3191 εὐλογίαις,
3517 3119 3574 3171 ἐν
3599 3119 3746 3180 ταῖς.

2141 3237 2364 3308 εὐχαῖς,
2415 3237 2474 3288 ἐν
2527 3235 2649 3296 ταῖς
2697 3230 3009 3292 συνουσίαις
3035 3244 3050 3258 °
3103 3228 3198 3281 καὶ
3237 3227 3313 3280 σὺ.
3349 3225 3485 3295 πρδς
3527 3221 3742 3291 ἐτέρας.

2143 3341 2365 3412 βλέπεις
2417 3338 2736 3410 διατριϐάς;
2790 3335 2902 3390 Καὶ
2949 3334 3110 3389 ποίαν
3154 3333 3297 3403 ἐχεις
3346 3327 3676 3399 συγγνώμην
3707 3345 3744 3386 ι-

2141 3445 2326 3500 Ταῦτα
2362 3445 2460 3514 οὐχ
2491 3444 2580 3497 ἵνα
2609 3443 2764 3514 ὑμεῖς
2790 3440 3063 3511 ἀκούσητε
3090 3435 3272 3493 εἷπον*
3303 3438 3366 3490 οὐ
3395 3435 3504 3505 γάρ
3534 3435 3726 3505 χρείαν

2142 3552 2293 3623 ἔχετε
2330 3549 2438 3605 τῶν
2461 3548 2766 3620 φαρμάκων
2797 3545 3000 3600 τούτων
3021 3546 3201 3616 ὑμεῖς,
3233 3544 3280 3596 οἱ
3308 3543 3395 3595 διὰ
3415 3541 3521 3593 τῶν
3546 3537 3746 3608 ἔργων-

2142 3655 2544 3727 ἐπιδειξάμενοι
2578 3654 2678 3725 τὴν
2709 3651 2942 3721 ὑγίειαν,
2971 3651 3070 3722 τὴν
3109 3647 3371 3718 ὐποκοην,
3407 3646 3458 3698 οἱ
3506 3644 3594 3698 διὰ
3622 3643 3725 3711 τῆς

2143 3760 2380 3832 σπουδῆς
2422 3759 2516 3813 τὸν
2557 3757 2722 3810 πόθον
2759 3755 3114 3817 ἁπλώσαντες
3138 3770 3153 3785 '
3189 3751 3306 3807 ἀλλ’
3353 3746 3508 3803 εἷπον
3547 3747 3740 3800 ταῦτα-

2142 3871 2280 3943 πρὸς
2309 3870 2477 3941 ὑμᾶς,
2505 3867 2592 3920 ’ίνα
2626 3864 2932 3919 ἀκούσωσιν
2963 3863 3013 3916 οί
3044 3861 3119 3933 μὴ
3147 3860 3416 3931 παρόντες
3444 3856 3508 3909 δι’
3544 3855 3724 3924 ὑμῶν.

2140 3982 2234 4053 Μὴ
2269 3981 2484 4051 εἴπητε,
2507 3979 2590 4032 ὅτι
2620 3975 2978 4048 κατηγόρησα
3014 3972 3124 4026 τῶν
3161 3971 3237 4043 μὴ
3259 3981 3748 4040 παραγενομενων⁴

2143 4089 2332 4153 ἀπλῶς
2353 4129 2368 4154 ,
2398 4087 2518 4143 ἀλλ’
2543 4087 2664 4142 ὅλον
2701 4086 2909 4140 ἀνωθεν
2945 4084 3130 4145 αὐτοῖς
3160 4076 3496 4152 διηγήσασθε
3520 4075 3612 4128 τὸν
3643 4072 3726 4125 λό-

2141 4215 2258 4268 γον.
2313 4196 2690 4267 Ἀναμνήσατε
2725 4194 2925 4257 αὐτοὺς
2970 4191 3084 4245 τῶν
3128 4189 3420 4251 Ἰουδαίων,
3474 4185 3726 4256 ἀναμνή-

2143 4326 2274 4364 σατε
2297 4308 2495 4370 αὐτοὺς
2515 4306 2624 4360 τῶν
2651 4304 2923 4377 βιωτικῶν
2949 4301 3327 4374 πραγμάτων·
3355 4297 3546 4352 εἴπατε
3574 4295 3728 4364 πόσῳ

2143 4418 2369 4490 βελτίων
2429 4413 2726 4488 ήένταῦθα
2773 4411 3014 4478 σύναξις,
3050 4411 3242 4465 εἴπατε
3284 4408 3466 4479 πόσην
3489 4404 3741 4474 σπουδὴν.

2142 4531 2270 4602 περὶ
2294 4528 2365 4583 τὰ
2392 4526 2486 4582 τοῦ
2514 4525 2722 4596 κόσμου
2754 4521 3062 4594 πράγματα
3082 4516 3504 4579 ἐπιδείκνυνται,
3532 4514 3734 4567 εἴπατε

2141 4637 2307 4702 πόσος
2352 4635 2542 4708 μισθὸς
2593 4633 2787 4687 ἕπεται
2831 4631 2946 4692 τοῖς
2997 4625 3231 4680 ἐνταῦθα
3280 4619 3725 4692 συλλεγομένοις.

2142 4744 2240 4797 Ἂν
2269 4741 2379 4815 γὰρ
2412 4741 2572 4813 μόνον
2601 4737 2815 4809 εἴπητε,
2844 4736 2928 4788 ὃτι
2964 4732 3343 4804 κατηγόρησα,
3386 4728 3478 4782 τὸν
3507 4727 3606 4798 μέν
3632 4726 3728 4779 Ou--

2144 4854 2244 4925 μὸν
2283 4853 2566 4924 ἠγείρατε,
2605 4847 2702 4902 καὶ
2727 4844 2950 4918 τραῦμα
2984 4840 3318 4915 εἰργάσασθε
3338 4879 3354 4905 ,
3393 4838 3456 4892 τὸ
3490 4837 3548 4890 δέ
3578 4835 3728 4906 φάρη

2147 4981 2323 5035 μακον
2353 4964 2455 5016 οὐκ
2483 4959 2796 5032 ἐπεθήκατε
2817 4972 2831 4986 ·
2854 4957 2944 5037 ’ἂν
2972 4956 3029 5010 δὲ
3058 4953 3309 5025 διδάξητε
3357 4951 3559 5014 αὐτοὺς
3581 4990 3595 5014 ,
3635 4949 3726 5002 ὅτε

2139 5073 2238 5143 οὐχ
2276 5071 2353 5135 ὡς
2387 5069 2580 5140 ἐχθρὸς
2619 5066 2977 5139 κατηγόρησα
3001 5105 3017 5130 ,
3048 5063 3164 5119 ἀλλ’
3199 5063 3275 5127 ὡς
3326 5060 3478 5132 φίλος
3525 5058 3728 5111 ὀδυνώσυ

2145 5198 2322 5253 μενος,
2343 5179 2439 5234 καὶ
2457 5177 2685 5247 πείσητε
2703 5177 2923 5240 αὐτοὺς,
2946 5175 3028 5228 ὅτι
3058 5172 3534 5239 Ἀξιοπιστότερα
3554 5169 3734 5237 τραύ-

2133 5305 2294 5361 ματα
2321 5289 2536 5359 φίλων,
2569 5288 2608 5355 ἢ
2636 5286 2890 5340 ἑκούσια
2921 5270 3230 5354 φιλήματα
3259 5279 3510 5350 ἐχθρῶν,
3543 5275 3728 5342 δέξον-

2138 5417 2230 5453 ται
2280 5397 2422 5470 μετά
2470 5395 2673 5467 πολλῆς
2718 5394 2914 5467 ἡδονῆς
2960 5395 3060 5467 τὴν
3087 5391 3476 5464 ικατηγορίαν·
3518 5388 3580 5441 οὐ
3615 5387 3734 5458 γάρ

2138 5509 2252 5570 τοῖς
2287 5506 2548 5578 ῥήμασιν,
2577 5502 2716 5558 ἀλλὰ
2753 5504 2820 5573 τῇ
2855 5499 3050 5573 γνώμῃ
3083 5497 3177 5554 τοῦ
3241 5498 3495 5564 λέγοντος
3548 5507 3731 5563 προσι

2136 5608 2366 5674 έξουσιν.
2386 5607 2544 5661 Οὕτω
2563 5605 2900 5680 θεραπεύετε
2925 5603 3056 5668 τοὺς
3087 5604 3353 5672 ἀδελφοὺς
3375 5602 3500 5665 τούς
3526 5597 3726 5670 ὑμετέ-

2145 5731 2287 5785 ρους.
2331 5711 2521 5782 Ἡμεῖς
2543 5712 2644 5781 τῆς
2671 5709 2947 5780 σωτηρίας
2977 5707 3270 5762 ὑπεύθυνοι
3299 5705 3407 5760 τῶν
3439 5703 3724 5773 παρόντων

2143 5820 2318 5890 ὐμῶν,
2356 5819 2512 5890 ὑμεῖς
2545 5818 2645 5890 τῆς
2677 5816 2784 5873 τῶν
2819 5813 3275 5895 ἀπολειφθέντων,
3312 5813 3387 5868 Οὐ
3422 5809 3541 5884 [54]
3566 5803 3724 5859 δυνά-
