4106 6432
277 374 348 428 69
881 369 946 425 IN
985 363 1505 425 INSCRIPTIONEM
1545 362 1840 421 ALTARIS
1880 359 1969 418 ΕΤ
2009 361 2074 417 IN
2114 361 2509 421 PRINCIPIUSI
2550 363 2904 422 ACTORUM.
2947 365 2989 423 Ι.
3488 372 3554 430 70

269 493 641 563 gloriaris-Mn
679 491 750 546 ob
774 488 1022 546 divitias?
1065 503 1133 542 an
1162 486 1232 542 ob
1261 494 1435 540 vestes
1481 481 1712 538 sericas?
1759 480 1865 536 Cur

270 602 377 642 non
409 585 584 656 potius
613 583 819 654 cogitas
841 581 954 636 illas
980 579 1240 636 vermium
1267 592 1386 632 esse
1409 575 1634 631 stamina
1665 580 1720 627 et
1739 572 1866 626 bar-

271 679 525 732 barorum
554 675 830 730 hominum
879 673 1088 728 inventa
1107 671 1130 722 ?
1151 669 1462 726 meretrices
1505 667 1610 722 illis
1638 680 1700 720 ac
1727 663 1866 718 mol-

271 771 367 832 les,
420 777 475 824 et
522 767 890 836 sepulcrorum
939 765 1301 834 perfossores,
1361 775 1426 816 ac
1467 759 1701 814 latrones
1753 756 1866 810 uti?

271 858 494 912 Divitias
521 870 752 928 agnosce
777 855 1036 926 legitimas
1061 894 1076 919 ,
1110 851 1260 908 etab
1299 851 1390 906 illo
1424 847 1641 904 sublimi
1693 861 1860 902 vano-

267 963 371 1016 que
393 947 537 1002 fastu
577 945 863 1016 aliquando
910 943 1190 1009 delabere;
1222 949 1426 996 natura:
1455 939 1708 993 vilitatem
1735 952 1864 993 eon-

266 1038 467 1093 sidera.
501 1038 669 1092 Terra
713 1053 773 1092 es
803 1045 858 1092 et
900 1035 1073 1106 pulvis
1092 1075 1108 1101 ,
1131 1034 1264 1089 cinis
1289 1043 1345 1089 et
1375 1031 1584 1098 favilla,
1612 1030 1789 1085 fumus
1813 1038 1869 1086 et

267 1131 497 1196 umbra,
536 1129 736 1186 faenum
765 1139 820 1185 et
847 1129 946 1186 flos
990 1127 1136 1184 foeni.
1173 1126 1377 1191 Taline,
1411 1141 1626 1195 quaeso,
1678 1133 1866 1178 natura

267 1222 556 1292 gloriaris?
582 1221 720 1290 Quid
737 1237 864 1278 vero
888 1235 1006 1277 esse
1031 1227 1210 1291 potest
1233 1219 1401 1290 magis
1423 1218 1704 1272 ridiculum
1729 1216 1752 1270 ?
1773 1217 1868 1272 At-

266 1314 359 1383 qui
381 1314 567 1370 multis
587 1306 899 1370 hominibus
921 1312 1186 1383 imperas?
1205 1311 1343 1380 Quid
1368 1310 1471 1365 hoc
1500 1310 1592 1365 tibi
1625 1308 1862 1380 prodest,

266 1407 415 1478 quod
446 1406 752 1462 hominibus
797 1407 1060 1476 imperes,
1091 1420 1211 1458 cum
1245 1403 1704 1474 perturbationum
1748 1411 1865 1455 tua-

268 1513 391 1552 rum
441 1513 632 1554 servus
677 1506 733 1553 et
779 1497 1021 1568 captivus
1047 1495 1157 1550 sis?
1195 1493 1654 1563 Quemadmodum
1680 1493 1724 1548 si
1747 1493 1866 1563 quis

266 1589 417 1645 domi
442 1589 660 1661 quidem
687 1603 718 1644 a
747 1588 959 1644 famulis
985 1587 1298 1643 verberibus
1322 1600 1386 1641 ac
1404 1585 1708 1642 vulneribus
1733 1599 1865 1638 con-

266 1681 499 1749 cidatur,
534 1679 664 1736 foris
693 1690 872 1736 autem
901 1682 951 1735 in
981 1679 1154 1736 forum
1179 1679 1430 1744 veniens,
1452 1676 1594 1748 quod
1617 1677 1734 1730 aliis
1760 1675 1864 1731 im-

268 1784 443 1844 peret,
497 1775 795 1846 glorietur:
829 1775 901 1830 ita
929 1789 1049 1830 cum
1082 1784 1135 1830 te
1179 1773 1428 1828 verberet
1471 1771 1643 1826 inanis
1681 1769 1866 1840 gloria:

266 1865 557 1934 cupiditas,
580 1880 704 1921 cum
734 1864 830 1920 tibi
863 1865 1079 1920 vulnera
1107 1862 1310 1936 infligat
1338 1862 1542 1918 luxuria
1564 1903 1580 1929 ,
1608 1877 1729 1916 cum
1751 1877 1866 1914 om-

268 1957 419 2010 nium
449 1956 909 2025 perturbationum
937 1971 1127 2012 servus
1153 1955 1249 2022 sis,
1280 1956 1522 2026 gloriaris
1541 1953 1685 2025 quod
1732 1969 1864 2023 gen-

270 2049 455 2103 tilibus
485 2048 588 2104 tuis
625 2048 894 2119 imperes?
918 2049 1093 2118 Atque
1122 2049 1323 2103 utinam
1380 2047 1486 2102 illis
1536 2046 1861 2118 imperares!

269 2138 475 2193 utinam
504 2138 914 2209 aequiparandus
946 2138 1049 2193 iliis
1076 2139 1256 2194 esses!

337 2229 395 2282 2.
432 2229 553 2283 Non
580 2229 787 2297 divitiw,
815 2230 903 2285 sed
927 2229 1214 2284 divitiarum
1240 2229 1424 2283 abusus
1451 2229 1866 2283 damnandus.—

269 2322 385 2378 Non
419 2333 474 2377 ut
499 2323 690 2378 divites
710 2337 959 2378 accusem
991 2323 1108 2378 hzrc
1125 2322 1274 2388 dico,
1310 2322 1403 2377 sed
1434 2337 1526 2377 eos
1552 2323 1641 2392 qui
1669 2321 1865 2377 divitiis

270 2431 551 2486 perperam
584 2426 825 2471 utuntur.
856 2414 1037 2486 Neque
1063 2415 1204 2470 enim
1237 2415 1435 2470 malum
1471 2424 1596 2470 sunt
1631 2414 1862 2480 divitiae,

269 2509 310 2561 si
334 2509 417 2562 eis
438 2516 495 2561 ut
517 2516 729 2578 oportet
757 2509 832 2563 uti
859 2508 1204 2576 voluerimus,
1242 2507 1336 2562 sed
1362 2508 1608 2578 Superbia
1637 2514 1693 2562 et
1718 2522 1865 2560 arro-

267 2598 473 2666 gantia.
495 2598 551 2653 Si
573 2597 768 2652 malum
793 2607 975 2654 essent
995 2598 1210 2664 divitiae,
1237 2613 1570 2668 nequaquam
1593 2596 1659 2650 ad
1689 2596 1863 2650 sinum

269 2689 504 2744 Abraha:
532 2690 814 2758 pervenire
841 2699 1148 2759 optaremus
1174 2703 1363 2744 omnes
1386 2731 1401 2756 ,
1429 2689 1520 2760 qui
1547 2687 1866 2742 vernaculos

269 2781 456 2836 habuit
487 2789 756 2838 trecentos
781 2791 836 2837 et
863 2782 1160 2838 octodecim
1192 2782 1438 2838 famulos.
1471 2783 1588 2838 Non
1615 2789 1740 2837 sunt
1769 2781 1868 2852 igi-

271 2887 358 2929 tur
404 2874 600 2929 malum
629 2873 829 2930 divitia:
855 2915 869 2942 ,
897 2874 992 2930 sed
1037 2875 1347 2944 illegitimns
1387 2889 1571 2930 earum
1613 2889 1740 2929 usus
1784 2881 1868 2928 est

269 2965 496 3020 malum.
521 2965 588 3020 Et
610 2965 749 3021 sicut
776 2981 947 3037 nuper
968 2967 1037 3022 de
1065 2967 1324 3022 ebrietate
1351 2966 1510 3022 verba
1533 2967 1736 3022 faciens
1756 2981 1864 3021 non

269 3057 458 3112 vinum
499 3057 813 3113 accusabam
844 3057 919 3131 (a)
949 3075 965 3126 ;
994 3059 1190 3130 quippe
1234 3074 1355 3114 cum
1406 3059 1582 3114 omnis
1620 3068 1864 3115 creatura

272 3148 367 3203 Dei
400 3147 538 3204 bona
560 3189 577 3215 ,
607 3148 841 3220 nihilque
868 3149 1215 3220 rejiciendum
1243 3150 1312 3205 sit
1345 3149 1487 3219 quod
1514 3164 1635 3204 cum
1663 3150 1867 3221 gratia-

271 3255 392 3294 rum
419 3240 629 3296 actione
656 3242 946 3311 percipitur
967 3243 1042 3313 (l.
1066 3241 1202 3296 Tim.
1235 3243 1288 3297 4.
1317 3241 1382 3313 4)
1417 3259 1429 3294 :
1463 3242 1535 3297 ita
1563 3258 1703 3297 nunc
1729 3259 1868 3314 quo-

271 3349 379 3402 que
423 3349 528 3387 non
557 3332 750 3388 divites
775 3348 991 3401 accuso,
1033 3349 1208 3405 neque
1235 3334 1488 3403 pecunias
1513 3334 1564 3388 in
1612 3334 1865 3388 invidiam

273 3426 504 3493 adduco,
534 3427 628 3482 sed
659 3427 856 3482 malum
879 3443 1032 3482 usum
1061 3427 1426 3498 pecuniarum,
1459 3434 1516 3482 et
1542 3426 1633 3496 qui
1664 3426 1717 3481 in
1744 3427 1868 3481 libi-

272 3518 429 3573 dines
466 3518 806 3588 impenditur.
833 3518 1120 3588 Propterea
1161 3530 1388 3588 χρήματα
1417 3517 1494 3590 (b)
1523 3517 1760 3588 pecunia:
1789 3517 1871 3573 di-

272 3620 490 3678 cuntur,
519 3621 574 3666 ut
603 3627 699 3666 nos
727 3612 832 3666 illis
871 3623 1112 3679 utamur,
1141 3622 1196 3667 et
1238 3627 1345 3668 non
1374 3613 1479 3667 illac
1519 3612 1671 3668 nobis
1704 3629 1719 3667 :
1749 3627 1872 3682 pro-

274 3712 458 3772 pterea
507 3703 871 3772 possessiones
896 3703 1180 3771 dicuntur,
1214 3713 1273 3759 ut
1317 3720 1416 3759 nos
1452 3704 1570 3758 illas
1601 3705 1873 3774 possidea-

274 3809 434 3857 tuus,
465 3801 521 3848 et
581 3809 686 3848 non
744 3793 849 3848 illae
905 3809 1023 3850 nos.
1075 3795 1180 3849 Cur
1235 3795 1394 3866 igitur
1441 3810 1654 3850 servum
1705 3795 1871 3851 habes

272 3885 592 3939 dominum?
633 3901 729 3940 cur
783 3887 1044 3942 invertisti
1089 3887 1369 3942 on'inem?
1413 3888 1482 3942 At
1533 3888 1674 3942 enim
1733 3889 1876 3944 scire

274 3991 622 4046 percuperem
641 4019 658 4044 ,
685 3977 811 4048 quid
851 3978 926 4033 illi
959 3993 1100 4032 nunc
1140 3987 1301 4048 agant
1327 3979 1416 4049 qui
1445 3979 1725 4035 collectam
1772 3981 1871 4036 de-

275 4077 594 4135 seruerunt,
633 4077 689 4123 et
729 4069 919 4139 quibus
942 4079 1293 4142 occupentur.
1327 4070 1584 4125 Nimirum
1625 4081 1716 4126 aut
1755 4074 1872 4129 alea

278 4162 504 4228 ludunt,
535 4171 626 4215 aut
649 4163 870 4217 omnino
898 4163 1060 4219 rebus
1086 4164 1434 4220 scecularibus
1455 4205 1470 4232 ,
1495 4181 1616 4236 qua:
1645 4167 1872 4221 tumultu

276 4252 615 4316 redundant,
642 4251 981 4308 distinentur.
1013 4253 1111 4310 llic
1133 4255 1179 4310 si
1205 4255 1452 4322 adesses,
1484 4256 1556 4311 mi
1586 4255 1748 4312 homo
1770 4297 1787 4324 ,
1817 4257 1873 4312 in

278 4345 664 4416 tranquillitate
689 4355 847 4417 atque
871 4347 924 4402 in
951 4356 1106 4418 portu
1128 4363 1310 4404 esses:
1332 4363 1436 4404 non
1466 4349 1737 4421 ingressus
1765 4349 1875 4406 dis-

278 4446 534 4507 pensator
578 4437 995 4508 interturbaret,
1049 4454 1157 4496 non
1197 4450 1513 4511 procurator
1559 4442 1872 4512 interpella-

278 4539 392 4595 ret,
442 4545 550 4584 non
606 4529 834 4586 famulus
871 4532 942 4588 ob
986 4533 1262 4589 saecularia
1313 4535 1524 4604 negotia
1574 4535 1874 4591 molestiam

277 4623 516 4686 aﬂ’erret,
545 4639 652 4679 non
674 4624 811 4680 alius
836 4625 976 4682 ullus
998 4627 1254 4693 irritaret,
1281 4627 1376 4683 sed
1407 4629 1458 4682 in
1485 4629 1663 4698 quiete
1683 4629 1876 4685 vivens

278 4714 478 4770 divinis
505 4715 820 4771 lectionibus
863 4716 1169 4774 interesses.
1199 4719 1469 4789 Nusquam
1515 4720 1600 4775 hic
1640 4719 1872 4776 ﬂuctus:

280 4823 545 4880 nusquam
598 4810 890 4876 tumultus,
948 4810 1044 4867 sed
1103 4811 1406 4868 benedictio
1451 4823 1507 4868 et
1553 4828 1775 4884 preces,
1823 4823 1878 4868 ct

281 4914 464 4956 sermo
491 4901 787 4971 spiritualis
811 4942 827 4969 ,
871 4911 927 4958 et
951 4903 1003 4958 in
1033 4904 1224 4960 escium
1267 4906 1658 4976 commigratio,
1689 4913 1744 4962 et
1763 4906 1876 4976 jam

281 5007 348 5046 ex
375 4992 479 5048 hoc
499 4994 617 5049 loco
636 5034 650 5059 ,
679 5003 903 5064 accepto
942 4995 1162 5066 pignore
1192 4995 1341 5066 regni
1385 4997 1672 5064 cmlorum,
1703 4997 1878 5054 disce-

281 5084 462 5138 deres.
492 5084 662 5151 Quam
689 5084 760 5139 ob
784 5100 1000 5140 causam
1026 5087 1336 5157 opulentam
1380 5088 1517 5144 hanc
1551 5104 1794 5145 mensam
1824 5098 1877 5144 et

282 5173 558 5244 epiparatn
604 5177 858 5232 deserens
882 5219 898 5244 ,
935 5178 1000 5232 ad
1026 5179 1185 5233 aliam
1231 5180 1399 5235 multo
1427 5182 1792 5237 molestiorem
1826 5192 1879 5238 te

285 5265 601 5321 transtulisti
625 5308 642 5331 ,
677 5275 733 5322 et
759 5265 1016 5324 derelicto
1047 5279 1201 5336 portu
1229 5285 1350 5325 cum
1385 5272 1555 5326 turbis
1584 5274 1880 5344 tranquilli—

285 5367 449 5413 tatem
475 5359 855 5415 commutasti?
884 5361 979 5416 Est
1003 5361 1133 5416 illud
1153 5362 1368 5433 quidem
1394 5379 1576 5435 grave,
1605 5366 1747 5436 quod
1770 5381 1876 5421 non

284 5451 534 5507 intersint
561 5469 826 5524 pauperes
845 5495 861 5518 ,
889 5455 979 5525 qui
1008 5463 1117 5510 tum
1146 5456 1369 5512 aderant
1396 5475 1409 5511 :
1439 5458 1535 5513 sed
1568 5474 1674 5514 non
1699 5460 1768 5514 ita
1796 5469 1879 5514 ta-

281 5557 407 5598 men
437 5558 599 5614 grave
618 5584 635 5611 ,
665 5552 726 5598 ut
761 5545 904 5615 quod
937 5545 1130 5602 divites
1157 5563 1263 5603 non
1294 5549 1559 5605 intersint.
1592 5551 1728 5619 Quid
1760 5551 1829 5606 ita
1856 5551 1880 5605 ?

280 5697 424 5813 cf(t2)
456 5697 576 5749 vide
608 5711 755 5763 supra
792 5701 963 5752 Itomil.
997 5711 1165 5753 contra
1203 5706 1423 5757 Ebriosus
1457 5710 1509 5757 et
1537 5705 1602 5758 de
1644 5714 1880 5760 Resurre-

335 5774 466 5812 Ione.

335 5774 466 5812 I000.

352 5822 422 5887 (tt)
459 5823 499 5873 Α
524 5824 696 5882 verbo,
716 5837 871 5890 γράψαι
889 5865 902 5886 ,
927 5826 972 5877 id
1001 5835 1099 5889 est,
1123 5832 1246 5884 utor.

1973 477 2126 546 Quod
2163 495 2426 550 pauperes
2471 484 2788 538 necessariis
2816 485 3256 554 occupationibus
3291 486 3578 543 detinean-

1975 577 2082 634 tur,
2116 571 2408 640 quotidiani
2436 574 2632 643 oplficii
2663 575 3041 638 sollicitudine.
3072 577 3318 635 manibus
3348 580 3462 638 suis
3490 582 3568 636 vi-

1971 668 2116 716 ctum
2154 663 2254 718 sibi
2283 676 2658 735 comparantes
2688 684 2700 720 :
2729 668 3126 725 educandorum
3155 672 3445 728 liberorum
3474 691 3570 728 cu-

1973 767 2088 806 ram
2111 763 2326 823 gerunt,
2359 770 2580 811 uxorem
2607 767 2840 825 tuentur,
2867 774 2929 813 ac
2962 761 3060 816 nisi
3091 762 3356 831 laborent,
3389 767 3568 823 vivere.
3614 771 3630 782 '

1975 857 2264 916 nequeunt.
2301 847 2424 902 Haec
2453 863 2481 902 a
2510 862 2597 904 me
2634 849 2919 918 dicuntur,
2948 868 3053 906 non
3102 864 3158 907 ut
3199 855 3566 913 defensionem

1974 935 2081 989 illis
2126 950 2464 1008 componam,
2509 939 2605 994 sed
2650 949 2706 994 ut
2745 941 2938 996 divites
2989 943 3176 1012 majori
3229 948 3569 1002 accusatione

1972 1041 2096 1082 esse
2155 1027 2345 1099 dignos
2401 1031 2703 1088 ostendam.
2757 1032 2969 1101 Quanto
3031 1033 3218 1104 majori
3281 1037 3568 1094 securitate

1973 1116 2241 1184 fruuntur,
2272 1129 2418 1176 tanto
2449 1123 2618 1193 magis
2641 1123 3054 1191 damnabuntur,
3077 1127 3218 1196 quod
3241 1127 3398 1183 nullis
3423 1129 3568 1198 ejus-

1973 1210 2115 1265 modi
2143 1211 2303 1268 rebus
2337 1223 2684 1283 occupentur.

2041 1301 2240 1358 Judwis
2262 1305 2456 1374 peiores
2490 1307 2578 1377 qui
2605 1305 2786 1359 absunt
2807 1306 2870 1360 ab
2888 1307 3118 1361 ecclesia.
3149 1339 3221 1348 —
3242 1309 3429 1366 Nonne
3465 1312 3565 1366 .ftt-

1971 1389 2116 1446 dmos
2150 1393 2342 1449 videtis
2364 1437 2380 1462 ,
2412 1395 2524 1450 Deo
2571 1397 2836 1458 rebelles.
2869 1399 2956 1468 qui
2999 1397 3218 1468 Spiritui
3259 1414 3441 1457 saneto
3489 1421 3568 1460 rc-

1971 1483 2201 1552 sistunt,
2260 1486 2423 1542 duros
2467 1488 2586 1543 illos
2634 1491 2882 1545 cervice?
2932 1491 3024 1546 llis
3080 1494 3298 1548 omnino
3357 1495 3564 1565 pejores

1971 1586 2131 1643 sunt,
2167 1577 2258 1648 qui
2302 1594 2406 1634 non
2454 1591 2737 1636 venerunt.
2768 1580 2879 1637 Illis
2929 1583 2971 1636 si
3030 1583 3264 1639 dixerint
3309 1588 3564 1641 sacerdo-

1972 1677 2054 1724 tes
2101 1679 2305 1739 septem
2349 1669 2541 1726 diehus
2579 1673 2646 1727 ab
2687 1674 2939 1742 operibus
2982 1675 3330 1743 cessandum,
3363 1678 3446 1733 vel
3473 1679 3568 1734 de-

1969 1775 2128 1830 cem,
2162 1763 2246 1818 vel
2291 1763 2516 1834 viginti,
2562 1766 2646 1821 vel
2700 1767 2946 1837 triginta,
2997 1784 3100 1822 non
3151 1771 3563 1826 contradicunt:

1973 1857 2184 1910 tametsi
2216 1857 2340 1927 quid
2371 1857 2457 1912 illa
2487 1863 2762 1915 vacatione
2790 1861 3067 1916 molestius
3092 1861 3203 1916 fieri
3231 1865 3445 1932 potest?
3473 1863 3566 1920 [το-

1970 1961 2057 2000 res
2086 1947 2374 2002 occludunt
2394 1990 2408 2016 ,
2441 1964 2540 2004 nec
2568 1949 2743 2020 ignem
2771 1951 3074 2006 accendunt
3093 1995 3106 2014 ,
3140 1968 3240 2008 nec
3269 1971 3458 2025 aquam
3491 1955 3568 2010 fe-

1970 2045 2129 2101 runt,
2162 2053 2334 2109 neque
2375 2040 2519 2096 aliud
2556 2041 2844 2112 quidquam
2885 2043 2952 2096 ad
2981 2043 3242 2113 ejusmodi
3287 2063 3438 2100 nsum
3467 2062 3564 2116 ag-

1969 2128 2118 2198 gredi
2147 2129 2251 2186 illis
2294 2132 2655 2200 permittitur:
2688 2134 2782 2189 sed
2811 2133 2922 2188 otio
2945 2143 3212 2204 tamquam
3243 2148 3430 2192 catena
3460 2139 3566 2192 vin-

1969 2220 2201 2288 ciuntur,
2230 2232 2283 2277 et
2309 2238 2376 2279 ne
2416 2233 2526 2278 tum
2549 2225 2763 2294 quidem
2795 2227 3187 2282 contradicunt.
3213 2231 3281 2282 At
3309 2245 3408 2296 ego
3431 2229 3563 2284 nihil

1971 2311 2077 2366 tale
2101 2311 2221 2367 dico
2243 2355 2258 2380 ,
2290 2329 2397 2369 non
2440 2314 2647 2386 impero
2675 2326 2728 2370 ut
2757 2326 2961 2387 septem
2993 2318 3248 2374 decemve
3283 2319 3470 2373 diebus
3495 2320 3566 2375 ab

1969 2403 2223 2474 Operibus
2249 2405 2540 2473 abstineas,
2571 2409 2667 2464 sed
2694 2409 2827 2463 duas
2851 2411 2980 2465 mihi
3006 2411 3112 2466 diei
3147 2412 3304 2467 horas
3333 2422 3385 2466 nt
3413 2428 3562 2467 com~

1969 2493 2175 2561 modes,
2200 2496 2434 2567 reliquas
2477 2499 2590 2568 ipse
2613 2499 2707 2553 tibi
2739 2499 2936 2556 habeas
2958 2544 2970 2567 ,
2999 2511 3052 2556 et
3086 2518 3156 2558 ne
3186 2502 3323 2558 hanc
3344 2503 3561 2574 quidem

1969 2587 2100 2641 mihi
2133 2603 2438 2644 mensuram
2486 2593 2801 2647 contribuis.
2834 2592 2944 2648 lmo
2975 2609 3103 2648 vero
3146 2595 3276 2648 mihi
3321 2612 3387 2650 ne
3425 2612 3565 2650 cont-

1969 2679 2157 2734 modes
2185 2679 2317 2735 duas
2356 2680 2550 2747 horas,
2592 2683 2686 2738 sed
2721 2683 2813 2739 tibi
2844 2684 2965 2754 ipsi,
3009 2693 3066 2738 ut
3096 2701 3161 2740 ex
3190 2687 3431 2741 oratione
3475 2703 3566 2754 pa-

1971 2777 2110 2824 trum
2157 2772 2391 2842 aliquam
2423 2773 2844 2829 consolationem
2894 2775 3198 2845 percipias,
3239 2785 3298 2830 ut
3345 2778 3566 2834 benedi-

1970 2861 2237 2916 ctionibus
2263 2863 2456 2934 plenus
2485 2863 2734 2933 recedas,
2769 2875 2827 2921 ut
2870 2867 3015 2921 omni
3061 2883 3126 2922 ex
3169 2878 3315 2938 parte
3343 2884 3567 2926 securus

1969 2951 2156 3020 abeas,
2183 2962 2242 3008 ut
2266 2955 2629 3024 spiritualibus
2654 2961 2890 3028 acceptis
2909 2959 3072 3013 armis
3102 2959 3330 3016 invictus
3351 2961 3567 3018 diabolo

1971 3051 2027 3098 et
2052 3045 2476 3117 inexpugnabilis
2500 3047 2616 3103 ﬁas.
2648 3048 2785 3116 Quid
2805 3049 3090 3120 jucundius
3111 3092 3127 3117 ,
3157 3067 3374 3122 qumso,
3407 3069 3567 3124 quam

1973 3135 2060 3190 hic
2081 3139 2324 3193 versari?
2352 3139 2406 3195 Si
2430 3141 2572 3194 enim
2603 3150 2742 3195 totos
2763 3141 2878 3197 dies
2911 3142 2996 3198 hic
3026 3144 3320 3215 transigere
3347 3161 3568 3202 necesse

1973 3239 2136 3294 esset,
2165 3231 2292 3301 quid
2323 3232 2674 3301 praeclarius?
2702 3233 2828 3302 quid
2862 3234 3048 3300 tutius,
3082 3235 3168 3289 ubi
3203 3245 3279 3290 tot
3308 3247 3433 3291 sunt
3460 3238 3568 3294 fra-

1976 3329 2104 3386 tres,
2133 3321 2223 3376 ubi
2250 3321 2478 3392 Spiritus
2501 3333 2742 3392 sanctus,
2769 3325 2856 3380 ttbi
2889 3328 3097 3382 medius
3121 3327 3297 3393 Jesus,
3330 3341 3384 3384 et
3410 3331 3569 3387 Pater

1973 3411 2131 3482 ejus?
2165 3413 2386 3481 Qualem
2425 3414 2582 3469 aliam
2626 3417 2786 3472 talem
2833 3420 3297 3490 congregationem
3330 3423 3569 3492 qozeris?

1974 3503 2186 3572 qualem
2211 3505 2374 3559 alium
2403 3509 2690 3562 senatum?
2712 3510 2926 3580 qualem
2955 3523 3274 3567 convcntmn
3297 3515 3320 3568 ?
3346 3514 3448 3570 'l‘ot
3474 3515 3571 3570 bo-

1975 3595 2061 3648 nis
2090 3596 2284 3651 referta
2313 3608 2394 3652 est
2425 3615 2631 3669 mensa,
2657 3609 2735 3657 tot
2772 3602 2930 3658 lectio
2958 3603 3269 3676 Scriptum,
3295 3616 3370 3661 tot
3400 3607 3568 3664 bene-

1975 3688 2258 3756 d.ctiones,
2289 3700 2366 3745 tot
2393 3708 2598 3762 preces,
2624 3703 2702 3749 tot
2729 3696 2828 3764 ipsi
2855 3713 3175 3769 congressus
3205 3719 3217 3753 :
3248 3710 3302 3755 et
3332 3710 3384 3755 tu
3411 3703 3570 3757 aliam

1975 3784 2436 3839 conversationem
2459 3795 2511 3840 et
2541 3787 2807 3858 colloquia
2834 3792 3092 3858 spectas?
3120 3791 3359 3860 Quanam
3390 3806 3571 3850 autem

1975 3874 2129 3928 venia
2160 3873 2352 3944 dignus
2374 3877 2712 3934 censebere?
2744 3879 2869 3935 llaec
2909 3896 2940 3934 a
2982 3897 3067 3936 me
3096 3882 3234 3936 dicta
3276 3894 3435 3951 sunt,
3464 3900 3568 3939 non

1977 3975 2035 4020 ut
2060 3981 2155 4020 vos
2183 3967 2411 4024 audiatis
2440 3986 2453 4021 :
2488 3985 2666 4039 neque
2695 3970 2837 4025 enim
2868 3987 2965 4027 vos
2992 3973 3397 4029 medicamentis
3421 3978 3568 4045 ejus-

1977 4061 2122 4116 modi
2150 4061 2417 4134 indigetis,
2445 4063 2536 4134 qui
2563 4064 2694 4134 ipsis
2719 4064 2969 4134 operibus
2992 4081 3152 4122 sanos
3179 4084 3275 4123 vos
3295 4085 3414 4124 eSse
3435 4086 3574 4125 eom-

1980 4153 2286 4224 probastis,
2334 4154 2428 4225 qui
2479 4155 2748 4220 obeditis,
2794 4156 2884 4226 qui
2919 4165 3066 4212 tanto
3111 4159 3289 4215 studio
3338 4171 3572 4218 vestrum

1979 4259 2218 4300 amorem
2240 4246 2554 4302 ostendistis
2579 4265 2592 4301 :
2617 4247 2710 4302 sed
2739 4247 2807 4303 ad
2837 4264 2930 4304 vos
2953 4249 3070 4305 lucc
3094 4250 3236 4306 dicta
3263 4262 3389 4308 sunt
3410 4269 3441 4310 a
3465 4271 3571 4322 me,

1978 4346 2039 4393 ut
2068 4354 2132 4392 ex
2160 4338 2310 4394 vobis
2338 4339 2559 4395 audiant
2586 4341 2675 4410 qtti
2704 4357 2809 4396 non
2838 4341 3055 4396 adsunt.
3083 4342 3260 4398 Nolite
3287 4343 3466 4400 dicere
3489 4362 3572 4401 so-

1981 4430 2090 4485 lum
2126 4445 2155 4484 a
2187 4445 2273 4485 me
2297 4441 2578 4488 accusatos
2606 4448 2700 4488 eos
2729 4449 2850 4488 esse
2882 4433 2971 4502 qui
3014 4451 3118 4488 non
3149 4447 3446 4502 venerunt,
3477 4439 3575 4492 sed

1984 4528 2148 4577 totam
2189 4536 2220 4576 a
2264 4522 2525 4592 principio
2555 4523 2659 4578 illis
2699 4523 2995 4578 orationem
3037 4534 3270 4580 narrate.
3306 4525 3576 4584 Revocatc

1982 4615 2090 4670 illis
2130 4617 2181 4669 in
2229 4617 2542 4670 memoriam
2567 4615 2818 4682 Iudaeos,
2859 4626 3110 4671 revocate
3159 4617 3211 4670 in
3258 4622 3574 4675 memoriam

1982 4708 2195 4778 negotia
2227 4707 2502 4763 saecularia
2535 4724 2548 4760 :
2577 4706 2740 4762 dicite
2766 4715 2967 4778 quanto
2995 4709 3336 4778 prazstantior
3361 4712 3432 4766 sit
3472 4713 3578 4768 iste

1982 4809 2321 4854 conventus:
2352 4798 2512 4854 dicite
2540 4807 2796 4870 quantum
2826 4815 2950 4870 erga
2984 4816 3072 4855 res
3110 4803 3411 4858 mundanas
3457 4814 3571 4860 stu-

1982 4890 2129 4946 dium
2158 4890 2484 4956 exhibeant,
2515 4892 2678 4946 dicite
2715 4901 2912 4962 quanta
2940 4907 3149 4948 merces
3176 4894 3297 4948 illos
3327 4907 3570 4959 maneat,

1983 4981 2073 5054 qui
2093 4981 2180 5036 hic
2203 4991 2613 5053 congregantur.
2635 4982 2690 5038 Si
2714 4984 2858 5039 enim
2879 4992 3082 5038 tantum
3105 4984 3346 5041 dixeritis
3365 5003 3583 5044 accusa-
3607 4999 3616 5006 '

1984 5073 2202 5130 tosillos
2225 5090 2256 5129 a
2276 5089 2364 5130 me
2385 5073 2572 5142 fuisse,
2597 5076 2729 5130 iram
2755 5077 3076 5142 excitabitis,
3098 5087 3154 5133 et
3169 5079 3362 5135 vulnus
3385 5081 3588 5152 inﬂige-

1986 5165 2074 5230 tis,
2092 5181 2198 5220 non
2228 5166 2545 5222 medicinam
2571 5168 2931 5224 admovebitis
2959 5186 2972 5222 :
2999 5169 3082 5224 sin
3113 5178 3292 5226 autem
3329 5171 3450 5227 illos
3478 5174 3569 5227 do-

1985 5261 2204 5316 eueritis
2231 5277 2318 5318 me
2341 5277 2450 5318 non
2471 5272 2741 5335 tamquam
2765 5266 3037 5321 inimicum
3059 5282 3359 5332 accusasse,
3392 5285 3576 5323 verum

1984 5363 2254 5426 tamquam
2285 5357 2516 5413 amicum
2543 5359 2854 5427 indoluisse,
2878 5367 3040 5432 atque
3060 5361 3164 5416 illis
3184 5364 3578 5432 persuaseritis,

1987 5448 2253 5505 Fideliora
2303 5468 2410 5506 esse
2472 5453 2682 5506 vulnera
2734 5455 3008 5507 aniicorum
3032 5494 3047 5518 ,
3100 5469 3253 5521 quam
3299 5463 3579 5522 spontanca

1987 5545 2162 5598 oscula
2190 5544 2510 5599 inimicorum
2539 5544 2722 5615 (Prov.
2753 5545 2843 5598 27.
2872 5545 2960 5614 6),
2988 5545 3382 5598 accusationem
3412 5547 3576 5600 multa

1986 5651 2108 5692 cum
2138 5637 2410 5706 voluptate
2457 5636 2747 5706 suscipient
2776 5653 2790 5690 :
2820 5649 2925 5688 non
2967 5633 3108 5688 enim
3144 5634 3212 5690 ad
3242 5635 3403 5691 verba
3423 5674 3440 5702 ,
3484 5637 3579 5693 sed

1988 5728 2052 5783 ad
2084 5728 2399 5782 sententiam
2428 5727 2656 5782 dicentis
2689 5725 2986 5781 attendent.
3021 5726 3096 5780 Ita
3135 5727 3326 5783 fratres
3370 5739 3578 5786 vestros

1991 5831 2194 5878 curate.
2220 5821 2380 5878 Nobis
2419 5819 2604 5876 salutis
2645 5818 2883 5875 omnium
2921 5829 3200 5889 vestrum,
3227 5820 3316 5892 qui
3345 5822 3580 5887 adestis,
