4106 6446
561 405 624 460 71
1277 399 1332 456 S.
1373 395 1653 456 JOANNIS
1689 392 2167 450 CIIRYSOSTOMI
2208 391 2524 452 ARCIIIEP.
2566 395 3104 455 CONSTANTINOP.
3793 375 3874 452 7‘2

557 533 639 574 cst
660 521 795 573 ratio
817 516 1296 583 reddenda,vohis,
1324 529 1510 571 eorum
1533 517 1620 582 qui
1647 516 1858 564 absunt.
1879 510 1993 562 Non
2024 521 2150 577 pos-

558 625 744 666 sumus
786 612 885 681 ipsi
921 626 1016 680 per
1052 624 1151 664 nos
1179 623 1298 664 cum
1340 605 1443 660 illis
1478 605 1533 658 in
1571 600 1892 670 col|0quiutn
1934 597 2152 665 venire,

559 721 658 776 per
684 721 776 758 vos
796 720 917 759 cum
946 704 1047 758 illis
1075 702 1130 757 in
1159 699 1484 770 colloquium
1511 696 1790 751 veniamus
1809 734 1823 754 ,
1847 705 1901 747 et
1930 707 2024 762 per
2056 705 2153 745 ve-

561 811 724 854 stram
753 798 1103 854 eruditionem
1139 813 1152 849 :
1185 797 1257 851 sit
1284 793 1439 850 nobis
1470 792 1638 846 instar
1667 788 1845 858 pontis
1879 782 2155 853 cujusdam

560 909 683 962 erga
711 891 830 945 illos
863 891 1060 946 caritas
1098 899 1281 944 vestra
1309 903 1323 942 :
1356 885 1562 942 eflicite'
1582 892 1638 937 ut
1673 897 1768 952 per
1803 879 2038 949 linguam
2067 891 2157 930 ve-

561 993 724 1035 stram
757 981 922 1035 nostri
955 995 1233 1035 sermones
1258 977 1324 1032 ad
1368 976 1577 1030 illorum
1619 985 1778 1027 aures
1805 969 2154 1037 trzijiciantur.

559 1074 834 1129 Suilicient
860 1073 1086 1126 fortasse
1129 1085 1248 1142 quze
1291 1068 1523 1122 diximus
1545 1065 1612 1119 de
1653 1062 1777 1124 illis,
1806 1061 1895 1130 qtti
1917 1059 2159 1113 collecta:

561 1183 669 1222 non
701 1167 985 1228 intersunt,
1018 1179 1192 1234 neque
1221 1160 1508 1232 quidquam
1540 1165 1624 1212 est
1666 1151 1992 1209 addendum.
2023 1149 2156 1203 Nam

561 1261 709 1332 plura
738 1258 953 1329 quidem
981 1256 1160 1312 dicere
1191 1254 1576 1325 potuissemus,
1607 1247 1712 1304 sed'
1743 1261 1810 1301 ne
1830 1254 1996 1300 totum
2026 1251 2161 1298 tem-

560 1369 660 1425 pus
688 1352 740 1408 in
771 1349 1035 1420 ejusmodi
1065 1346 1437 1403 accusationes
1467 1339 1858 1411 impendamus,
1887 1343 1942 1392 et
1968 1334 2035 1389 ad
2062 1348 2160 1388 vos

561 1448 706 1515 ipsos
729 1485 748 1511 ,
784 1443 870 1513 qui
907 1440 1138 1504 adestis,
1162 1439 1286 1492 hinc
1319 1436 1520 1492 utilitas
1549 1432 1690 1487 nulla
1724 1432 1990 1492 dimanet,
2021 1441 2157 1497 age,

560 1538 716 1594 vobis
739 1539 904 1591 etiam
936 1532 1208 1588 insolitum
1239 1545 1302 1585 ac
1331 1542 1527 1583 novum
1566 1522 1833 1596 quoddam
1876 1519 2160 1590 opsonium

562 1640 901 1701 appooatnus
936 1641 950 1678 :
993 1622 1266 1679 insolitum
1314 1628 1492 1673 autem
1535 1631 1599 1671 ac
1637 1628 1832 1668 novum
1868 1611 2022 1677 dico,
2052 1624 2158 1663 non

564 1720 746 1776 habita
771 1717 980 1774 ratione
1006 1729 1204 1770 mensa:
1231 1709 1523 1784 spiritualis
1542 1747 1559 1776 ,
1590 1705 1690 1764 sed
1715 1704 1923 1761 aurium
1951 1710 2161 1758 vestra-

562 1829 682 1869 rum
714 1810 892 1866 habita
924 1808 1150 1864 ratione.

636 1905 690 1960 3.
717 1899 1101 1973 Superioribus
1126 1897 1262 1968 apud
1285 1911 1380 1952 vos
1403 1895 1593 1952 diebus
1617 1892 1688 1949 de
1706 1889 2013 1963 apostolicis
2042 1902 2162 1942 ver-

562 1996 647 2051 bis
678 2035 695 2062 ,
723 1993 897 2062 deque
948 1988 1269 2060 evangelicis
1314 1986 1699 2046 disseruimus,
1744 1996 1866 2038 cum
1913 1979 1983 2035 de
2024 1977 2159 2034 Juda

563 2086 724 2142 verba
752 2083 1050 2140 faceremus
1079 2081 1156 2151 (a)
1190 2097 1203 2133 :
1231 2077 1584 2134 disseruimus
1606 2085 1659 2128 et
1692 2073 1761 2129 d‘e
1791 2069 2114 2144 propheticis
2142 2083 2158 2133 ;

568 2176 827 2232 hodierno
861 2173 949 2229 die
985 2173 1230 2227 volumus
1275 2169 1342 2225 de
1387 2167 1767 2238 Apostolorum
1808 2164 1956 2220 Actis
1998 2160 2160 2216 verba

565 2269 764 2324 facere.
795 2266 1083 2334 PrOpterea
1110 2263 1384 2316 insolitum
1409 2259 1519 2314 dixi
1547 2256 1827 2328 Opsonium
1855 2264 1910 2310 et
1935 2269 2043 2307 non
2075 2252 2161 2305 in-

565 2361 801 2414 solitum.
829 2357 945 2412 Non
978 2355 1250 2410 insolitum
1295 2352 1508 2423 quidem
1534 2393 1550 2416 ,
1573 2349 1716 2420 quod
1749 2347 1828 2402 ad
1844 2346 2036 2401 seriem
2076 2359 2164 2398 sa-

566 2468 776 2507 crarum
835 2448 1098 2519 pertineat
1145 2445 1539 2516 Scripturarum
1575 2460 1588 2495 :
1630 2440 1898 2496 insolitum
1943 2445 2159 2501 autem,

563 2542 706 2613 quod
750 2556 907 2596 aures
948 2540 1172 2594 fortasse
1215 2544 1405 2590 vestra:
1454 2532 1672 2588 minime
1716 2531 1822 2587 sint
1871 2527 2162 2584 narrationi

564 2632 828 2704 ejusmodi
873 2641 1120 2686 assuetae.
1148 2627 1324 2682 Multis
1349 2624 1564 2696 quidem
1595 2632 1742 2678 certe
1769 2637 1869 2677 nec
1895 2630 2053 2675 notus
2079 2628 2162 2674 est

567 2727 702 2783 liber
731 2727 829 2780 iste
860 2740 874 2776 :
905 2738 938 2779 ι
977 2722 1156 2776 multis
1183 2733 1370 2774 rursus
1397 2732 1518 2772 eum
1544 2715 1722 2771 clarus
1747 2724 1801 2769 et
1837 2723 2056 2782 apertus
2081 2711 2164 2766 vi-

564 2821 776 2885 deatur,
807 2827 986 2872 tamen
1013 2812 1376 2870 contemnitur
1407 2828 1419 2864 :
1453 2819 1509 2865 et
1537 2809 1621 2862 his
1645 2806 1862 2877 quidem
1890 2804 2122 2876 cognitio
2144 2845 2162 2872 ,

567 2912 672 2968 illis
695 2918 876 2964 autem
902 2905 1194 2977 ignorantia
1235 2901 1571 2957 occasionem
1606 2897 1763 2952 affert
1803 2895 2162 2967 negligentiae.

569 2999 637 3056 Ut
661 3000 821 3071 igitur
844 3007 899 3053 et
927 2995 1016 3066 qui
1041 3010 1148 3050 non
1178 2999 1442 3048 noverunt
1461 3031 1479 3058 ,
1510 2996 1569 3046 et
1592 2989 1679 3060 qui
1711 2989 1856 3044 clare
1881 3003 1939 3042 se
1969 2985 2171 3042 intelli-

566 3109 695 3167 gere
721 3092 1066 3154 arbitrantur,
1097 3086 1290 3141 multas
1314 3085 1369 3140 in
1398 3098 1464 3139 eo
1494 3081 1781 3154 profundas
1809 3089 1861 3136 et
1889 3079 2165 3135 abstrusas

569 3201 690 3243 esse
719 3182 1012 3240 sententias
1033 3180 1281 3245 discant,
1317 3191 1495 3246 operm
1531 3175 1758 3246 pretium
1791 3171 1947 3228 fuerit
1975 3172 2165 3227 ambo-

570 3295 687 3335 rum
728 3273 1102 3347 negligentiam
1135 3269 1393 3324 hodiemo
1419 3268 1503 3322 die
1531 3267 1820 3336 corrigere.
1851 3263 2006 3319 Prius
2031 3263 2168 3318 scia-

571 3383 690 3425 mus
719 3382 853 3437 opus
881 3373 999 3429 est,
1040 3361 1159 3433 quis
1187 3361 1376 3416 librum
1405 3359 1681 3427 scripserit
1711 3374 1723 3407 :
1755 3356 1839 3410 hic
1864 3355 2007 3409 enim
2027 3354 2167 3426 opti-

573 3474 693 3514 tnns
722 3454 1079 3526 indagationis
1111 3461 1195 3506 est
1223 3450 1356 3505 ordo
1375 3491 1391 3515 ,
1425 3458 1480 3502 ut
1517 3447 1584 3502 de
1614 3457 1832 3502 auctore
1858 3444 2162 3511 videamus,

573 3565 641 3602 an
679 3549 840 3602 homo
864 3545 972 3610 sit,
1001 3559 1068 3597 an
1098 3557 1226 3597 vero
1253 3541 1391 3594 Deus
1419 3556 1436 3594 :
1463 3554 1525 3592 ac
1555 3538 1598 3591 si
1623 3537 1786 3591 homo
1813 3536 2028 3607 quidem
2063 3535 2164 3602 sit,

573 3641 879 3706 rejiciamus
915 3652 929 3689 :
968 3635 1145 3690 Nolite
1190 3634 1334 3688 enim
1360 3673 1374 3695 ,
1417 3632 1612 3701 inquit,
1658 3646 1835 3685 vocare
1871 3629 2164 3700 magistrum

572 3748 725 3802 super
751 3741 934 3784 terram
961 3728 980 3798 (
1008 3726 1194 3780 Matth.
1222 3725 1313 3780 25.
1337 3723 1391 3794 8)
1422 3741 1435 3778 :
1467 3725 1548 3779 sin
1575 3735 1753 3778 autem
1783 3722 1943 3787 Deus,
1973 3720 2168 3775 admit-

574 3832 745 3875 tamus
779 3839 793 3874 :
824 3818 1054 3875 celestis
1095 3816 1238 3871 enim
1278 3824 1360 3869 est
1389 3823 1443 3868 et
1469 3828 1698 3884 superna
1729 3812 1912 3869 schola
1941 3819 2124 3866 nostra
2148 3851 2163 3876 ,

573 3911 836 3982 siquidem
875 3910 991 3964 talis
1035 3919 1118 3963 est
1155 3907 1386 3976 dignitas
1412 3905 1567 3975 hujus
1609 3905 1840 3969 theatri,
1874 3913 1932 3957 ut
1959 3903 2028 3958 ab
2065 3901 2162 3956 ho-

573 4003 806 4058 minibus
832 3999 986 4064 nihil,
1011 3998 1106 4054 sed
1135 4013 1230 4068 per
1257 3995 1503 4051 homines
1530 4011 1560 4048 a
1593 3995 1702 4048 Deo
1729 3995 2022 4048 discamus.

648 4089 807 4144 Tituli
833 4089 1119 4153 Scriptum
1137 4101 1236 4139 non
1277 4083 1628 4154 praetereundi.
1659 4110 1726 4124 -—
1753 4081 2164 4152 Disquirendum

575 4184 729 4237 nobis
747 4189 860 4246 est,
886 4180 1005 4250 quis
1038 4179 1349 4248 scripserit,
1376 4188 1430 4232 et
1454 4175 1668 4247 quando
1697 4175 1992 4244 scripserit,
2019 4183 2074 4230 et
2098 4175 2166 4230 de

574 4272 788 4342 quibus,
817 4280 872 4326 et
894 4285 996 4339 qua
1017 4269 1087 4324 de
1114 4283 1274 4323 causa
1305 4278 1630 4338 praaceptum
1658 4267 1746 4334 sit,
1773 4277 1832 4322 ut
1869 4267 1958 4322 ille
1985 4267 2037 4321 in
2067 4267 2167 4322 hac

573 4362 908 4418 solemnitate
954 4366 1220 4430 egeretur.
1247 4357 1381 4413 Nam
1410 4367 1524 4413 toto
1548 4357 1788 4413 fortassis
1813 4373 1954 4412 anno
1977 4358 2078 4430 legi
2103 4358 2168 4412 li-

581 4454 734 4508 brum
763 4466 866 4506 non
893 4452 1101 4506 auditis.
1161 4449 1451 4505 Enimvero
1489 4449 1592 4506 hoc
1617 4465 1826 4522 quoque
1853 4466 2012 4506 nosse
2039 4466 2164 4521 pro-

578 4549 699 4599 dest
727 4564 741 4599 :
772 4557 837 4597 ae
861 4541 1055 4596 deinde
1084 4541 1434 4610 quzerendum
1459 4549 1539 4596 est
1608 4557 1710 4609 qua
1742 4541 1810 4598 de
1836 4557 1994 4597 causa
2023 4541 2167 4596 hunc

579 4635 787 4690 titulum
814 4649 926 4704 prae
963 4647 1024 4687 se
1065 4635 1229 4700 ferat,
1256 4633 1384 4688 Acta
1407 4635 1786 4703 Apostolorum.
1815 4633 2000 4704 Neque
2019 4634 2163 4689 enim

581 4738 784 4781 temere
812 4724 1162 4794 praetereundi
1198 4734 1323 4779 sunt
1352 4725 1487 4780 tituli
1512 4766 1526 4791 ,
1556 4741 1729 4796 neque
1756 4725 2037 4780 confestim
2066 4724 2166 4779 ini-

574 4819 704 4872 tium
727 4815 846 4870 libri
868 4813 1233 4885 attingendum
1259 4824 1342 4871 est
1372 4837 1386 4872 :
1414 4815 1508 4872 sed
1541 4820 1685 4886 prius
1709 4816 1826 4871 libri
1861 4830 2056 4870 nomen
2081 4815 2164 4868 vi-

574 4907 830 4962 dendum.
857 4905 988 4960 Nam
1015 4906 1461 4976 quemadmodum
1506 4909 1560 4962 in
1587 4910 1739 4963 nobis
1773 4924 1844 4963 ex
1873 4909 2050 4978 capite
2079 4921 2167 4960 re-

575 4998 778 5066 liquum
817 5011 1012 5066 corpus
1054 4998 1116 5052 fit
1144 4998 1351 5066 notius,
1399 5009 1455 5055 et
1479 5016 1709 5068 superne
1755 4999 2040 5054 imminens
2089 4998 2163 5052 illi

573 5086 740 5141 iacies
764 5085 1099 5141 manifestum
1139 5088 1270 5143 illud
1319 5089 1490 5145 reddit
1516 5131 1531 5156 ,
1561 5091 1637 5145 sic
1659 5105 1689 5144 a
1714 5088 1977 5160 superiori
2016 5097 2166 5158 parte

575 5178 858 5246 impositus
881 5179 1043 5232 textui
1075 5181 1258 5236 titulus
1279 5181 1331 5236 in
1362 5182 1535 5238 fronte
1555 5183 1816 5252 reliquam
1841 5180 2164 5250 scripturam

573 5270 740 5325 efficit
774 5271 1063 5326 notiorem.
1105 5272 1296 5329 Nonne
1343 5273 1446 5329 hoc
1484 5275 1680 5328 videtis
1713 5275 1765 5326 in
1797 5272 1961 5340 regiis
2002 5269 2162 5323 etiam

576 5364 914 5434 imaginibus,
944 5372 1006 5419 ut
1033 5381 1243 5422 sursum
1275 5367 1488 5436 quidem
1519 5367 1688 5436 posita
1716 5365 1784 5419 sit
1816 5365 2011 5432 imago,
2044 5376 2166 5430 qua:

575 5458 714 5522 regis
736 5469 930 5508 nomen
957 5457 1274 5526 inscriptum
1303 5459 1483 5521 habet,
1507 5457 1729 5510 inferius
1761 5455 1812 5507 in
1844 5453 1956 5507 basi
1984 5452 2166 5504 trium-

575 5547 712 5614 phos
754 5545 927 5613 regis,
959 5547 1208 5602 victorias
1243 5558 1298 5604 et
1335 5549 1589 5618 prteclara
1627 5547 1862 5602 facinora
1912 5543 2166 5610 inscripta

576 5633 779 5690 habet?
806 5635 950 5690 Idem
982 5637 1033 5690 in
1064 5637 1354 5708 Seripturis
1381 5641 1505 5694 licet
1533 5653 1777 5693 cernere.
1807 5637 2030 5692 Sursum
2051 5636 2168 5705 qui-

578 5727 698 5779 dum
725 5725 933 5795 depicta
967 5737 1050 5781 est
1073 5729 1248 5799 imago
1271 5732 1415 5800 regia
1444 5751 1456 5786 :
1488 5730 1707 5785 inferius
1736 5740 1913 5784 autem
1947 5727 2164 5783 victoria

643 5836 716 5892 (α)
752 5833 865 5882 \idc
889 5836 1121 5884 monitum
1143 5837 1202 5885 ad
1228 5838 1466 5889 humilium
1491 5841 1539 5890 in
1565 5839 1748 5890 ludam.

2263 513 2514 580 inscripta
2541 520 2633 565 est'
2648 521 2700 566 et
2727 521 2928 582 tropma
2961 520 3016 566 et
3051 527 3137 567 res
3162 526 3353 566 omnes
3392 512 3650 581 pra‘clare
3665 525 3888 582 gesto-

2261 601 2336 658 Ita
2368 601 2590 657 facimus
2619 603 2778 657 etiam
2798 645 2814 670 ,
2843 619 2962 659 cum
2992 605 3270 674 epistolam
3303 607 3671 673 acceperimus
3702 628 3714 661 :
3751 623 3869 660 non

2259 693 2518 747 continuo
2548 693 2819 748 vinculum
2845 694 3122 758 solvimus,
3156 711 3327 765 neque
3352 699 3606 750 continuo
3633 713 3753 767 qua:
3783 699 3873 750 in-

2263 796 2349 842 tus
2377 787 2544 842 latent
2569 829 2585 852 ,
2619 787 2844 858 legimus
2876 808 2888 844 :
2920 789 3013 842 sed
3042 789 3276 843 exterius
3303 791 3527 858 positam
3557 789 3873 859 inscriptio-

2262 896 2384 936 nem
2429 881 2574 951 prins
2615 883 2980 952 percurrimus
3007 923 3021 945 ,
3053 890 3110 936 et
3144 897 3210 936 ex
3252 881 3341 937 illa
3384 880 3641 936 discimus
3676 891 3730 936 et
3771 882 3873 951 qui

2262 973 2490 1039 miserit,
2513 983 2567 1028 et
2604 988 2631 1026 a
2663 988 2770 1044 quo
2801 973 2962 1042 recipi
2991 973 3199 1027 debeat;
3232 975 3423 1027 A‘nnon
3443 973 3618 1043 igitur
3663 973 3886 1026 absura-

2262 1064 2388 1118 dum
2417 1073 2520 1128 est,
2551 1064 2688 1118 ut'in
2717 1063 2876 1118 rebus
2899 1065 3112 1134 quidem
3145 1064 3492 1118 smculziribtts
3514 1073 3717 1118 tantum
3744 1074 3872 1118 stus

2263 1154 2338 1210 dii
2361 1155 2745 1220 adhibeamus,
2771 1169 2943 1224 neque
2969 1169 3402 1209 commOveamur
3420 1197 3435 1221 ,
3463 1165 3554 1209 aut
3582 1157 3876 1225 perturbe-

2265 1262 2404 1329 ηιιις³
2433 1245 2526 1301 sed
2552 1245 2742 1301 ordine
2766 1246 2971 1315 singula
3006 1261 3383 1314 percurramus
3414 1267 3426 1302 :
3459 1247 3557 1301 hoc
3583 1261 3712 1300 vero
3741 1247 3877 1300 loco

2263 1354 2405 1410 a‘gre
2453 1339 2725 1406 feramus,
2771 1348 2826 1395 et
2867 1340 3146 1395 confestim
3194 1339 3400 1393 initium
3443 1340 3876 1410 aggrediamur?

2266 1430 2436 1486 Vultis
2463 1429 2763 1502 intelligere
2790 1440 2990 1501 quanta
3017 1433 3088 1486 sit
3109 1431 3190 1486 vis
3216 1431 3389 1496 tituli,
3421 1441 3619 1503 quanta
3644 1433 3722 1487 sit
3751 1433 3878 1487 vir-

2265 1527 2386 1587 tus,
2433 1528 2666 1591 quantus
2705 1519 2760 1575 in
2789 1519 3187 1591 Scripturarum
3233 1521 3398 1576 initiis
3445 1522 3756 1578 reconditus
3797 1523 3880 1578 sit

2266 1611 2595 1667 thesaurus?
2615 1612 2946 1676 Auscultate,
2972 1627 3040 1667 ne
3065 1627 3340 1668 sacrorum
3364 1612 3646 1668 Librorum
3678 1614 3876 1669 titulos

2264 1703 2640 1760 cnutemnati's.
2661 1703 2900 1759 Athenas
2916 1703 3200 1774 aliquando
3226 1703 3420 1759 Paulus
3444 1704 3717 1775 ingressus
3745 1714 3871 1762 est:

2268 1796 2382 1851 haec
2418 1795 2638 1850 historia
2693 1795 2890 1865 scripta
2929 1803 3013 1851 est
3055 1797 3108 1850 in
3155 1794 3257 1850 hoc
3312 1795 3428 1865 ipso
3482 1795 3649 1861 libro;
3707 1812 3876 1865 repe-

2267 1889 2338 1943 rit
2383 1887 2437 1942 in
2483 1887 2616 1942 urbe
2655 1902 2762 1942 non
2801 1887 2996 1942 librum
3053 1901 3302 1953 sacrum,
3335 1886 3428 1941 sed
3479 1885 3748 1941 idolorum
3792 1887 3874 1940 al;

2267 1991 2381 2038 tare
2411 2002 2424 2038 :
2460 1981 2859 2049 inscriptionem
2904 1979 3106 2051 reperit
3150 1995 3272 2050 quae
3308 1982 3393 2034 sic
3421 1978 3640 2044 habuit,
3668 1979 3877 2036 Icsoro

2269 2075 2382 2130 Deo
2411 2074 2550 2141 (Act.
2582 2075 2667 2128 l'f.
2697 2073 2836 2144 25):
2867 2087 3039 2143 neque
3067 2071 3342 2142 praeteriit;
3361 2070 3646 2140 sed'hujus
3675 2072 3891 2125 inseri--

2265 2165 2465 2238 ptionis
2508 2165 2693 2220 altaris
2737 2179 2901 2234 opera
2943 2165 3115 2234 ipsum
3144 2164 3313 2218 altare
3341 2163 3624 2218 subvertit.
3665 2163 3898 2218 Paulus—

2269 2259 2358 2312 ille
2384 2267 2620 2324 sanctus,
2651 2258 2737 2328 qui
2768 2255 2998 2328 Spiritus
3022 2257 3247 2327 gratiam
3275 2255 3527 2322 habebat,
3552 2255 3743 2310 altaris
3785 2257 3874 2310 in.-

2267 2353 2610 2421 scriptionem
2651 2367 2757 2406 non
2788 2351 3043 2422 prmteriit
3061 2393 3074 2415 ,
3098 2359 3153 2405 et
3180 2360 3233 2404 tu
3255 2349 3654 2420 Scripturarum
3683 2350 3892 2404 titulos

2270 2445 2545 2514 prmteris?
2564 2443 2655 2500 Ille
2676 2443 2816 2514 quod
2834 2443 3190 2499 Athenienses
3208 2442 3503 2497 idololatraa
3515 2443 3872 2511 scripserant,

2271 2551 2376 2589 non
2405 2536 2608 2600 omisit,
2629 2544 2684 2590 et
2707 2543 2762 2590 tu
2791 2550 2910 2604 qua:
2936 2533 3169 2604 Spiritus
3195 2542 3414 2590 sanctus
3440 2535 3654 2604 scripsit
3681 2549 3866 2589 neces-

2268 2628 2405 2681 saria
2449 2642 2571 2683 esse
2618 2642 2723 2682 non
2773 2628 3006 2682 censes?
3034 2626 3148 2696 Qua
3189 2626 3410 2682 tandem
3455 2628 3611 2681 venia
3667 2626 3870 2698 dignus

2267 2715 2418 2773 eris?
2453 2717 2644 2772 Verum
2673 2719 2815 2773 enim
2840 2733 2969 2773 vero
2995 2726 3252 2788 quantam
3284 2717 3558 2789 pepererit
3580 2718 3890 2773 utilitatem.

2271 2809 2386 2864 haec
2426 2809 2701 2880 inscriptio
2737 2809 3032 2866 videamus.
3060 2809 3192 2865 cum
3217 2825 3348 2880 ergo
3367 2809 3520 2864 altari
3547 2810 3894 2880 insculptam:

2270 2900 2670 2970 inscriptionem
2708 2909 2907 2956 tantam
2947 2899 3144 2956 videris
3182 2901 3555 2972 suppeditasse
3587 2901 3888 2967 virtutem,

2271 2992 2438 3048 multo
2464 2993 2632 3064 magis
2661 3009 2691 3047 a
2717 2993 3111 3064 Scripturarum
3137 2992 3574 3063 inscriptionibus
3608 2993 3660 3048 id
3677 2995 3874 3063 perlici

2277 3099 2442 3155 posse
2466 3085 2755 3156 intelliges.
2782 3086 3059 3157 Ingressus
3086 3095 3168 3142 est
3199 3085 3387 3141 urbem
3415 3086 3632 3152 Paulus,
3667 3087 3891 3143 invenit:

2269 3177 2458 3242 attare,
2485 3177 2570 3232 cui
2593 3186 2706 3231 erat
2734 3176 3049 3248 inscriptum
3077 3176 3263 3248 Ignoto
3293 3177 3422 3232 Deo.
3444 3177 3704 3245 Quid'fuit
3729 3194 3876 3249 opus

2271 3269 2412 3322 facto
2437 3266 2728 3322 ?'Gentilcs
2751 3276 2905 3321 erant
2935 3282 3145 3334 omnes,
3178 3266 3325 3337 impii
3356 3283 3544 3324 omnes
3570 3289 3583 3324 :
3613 3268 3740 3339 quid
3775 3270 3890 3340 ἱείς-

2273 3369 2358 3414 tur
2389 3358 2688 3414 faciendum
2729 3358 2870 3414 fuit?
2903 3360 2974 3414 De
2995 3355 3292 3430 Evangeliis
3337 3359 3497 3414 verba
3542 3361 3762 3416 facere?
3806 3365 3886 3416 At

2270 3468 2294 3507 s
2339 3452 2715 3508 bsannassent.
2743 3451 2879 3507 Num
2925 3451 2994 3507 de
3027 3452 3408 3522 prophetarum
3453 3452 3603 3508 libris
3627 3493 3642 3518 ,
3670 3453 3757 3507 vel
3804 3455 3875 3508 de

2271 3545 2402 3614 legis
2426 3545 2691 3599 mandatis
2715 3545 2739 3598 ?
2759 3544 2828 3598 At
2850 3561 2954 3598 non
2976 3544 3353 3599 credidissent.
3385 3544 3522 3611 Quid
3544 3560 3672 3615 ergo
3703 3544 3877 3599 fecit?

2272 3636 2517 3691 Accurrit
2540 3635 2608 3690 ad
2645 3636 2832 3697 altare,
2857 3644 2910 3690 et
2949 3636 3068 3690 suis
3085 3636 3323 3705 ipsorum
3350 3635 3514 3690 armis
3539 3635 3722 3690 hostes
3742 3637 3877 3690 sult-

2273 3729 2399 3796 egi't.
2433 3730 2605 3797 Atque
2648 3726 2749 3782 hoc
2787 3726 2916 3780 illttd
2957 3736 3040 3782 est
3076 3725 3218 3797 quod
3257 3726 3518 3794 dicebat,
3538 3726 3730 3780 Factus
3754 3745 3874 3780 sum

2273 3819 2504 3873 omnibus
2527 3820 2716 3884 omnia,
2744 3815 2942 3872 Judaei:
2983 3826 3240 3887 tamquam
3263 3812 3478 3870 Iudaeus
3497 3859 3510 3881 ,
3543 3817 3605 3869 iis
3635 3818 3720 3885 qui
3759 3819 3876 3870 sine

2272 3911 2380 3977 lege
2413 3917 2586 3974 erant,
2621 3918 2876 3978 tamquam
2912 3907 3022 3961 sine
3063 3905 3171 3977 lege
3208 3923 3364 3960 essent
3400 3907 3419 3976 (
3447 3908 3497 3960 l.
3527 3903 3649 3961 Cor.
3673 3906 3706 3962 9
3751 3905 3872 3974 21).

2276 4001 2419 4056 Vidit
2456 4001 2656 4066 altare,
2686 4000 2815 4054 vidit
2847 3999 3249 4070 inscriptionem
3275 4041 3290 4061 ,
3329 3997 3620 4053 insurrexit
3644 3999 3873 4067 Spiritu.

2273 4095 2416 4150 Talis
2435 4094 2577 4150 enim
2600 4103 2681 4148 est
2702 4093 2930 4163 Spiritus
2957 4093 3125 4164 gratia
3153 4113 3167 4149 :
3195 4092 3372 4148 efficit
3399 4101 3455 4144 ut
3498 4091 3586 4160 qui
3627 4106 3745 4145 eam
3779 4107 3880 4143 rer

2272 4185 2550 4254 ceperint,
2581 4182 2817 4254 undique
2847 4183 3050 4238 lucrum
3079 4182 3374 4252 colligant;
3406 4180 3527 4235 talia
3567 4189 3692 4234 sunt
3715 4195 3885 4234 artua-

2275 4284 2456 4330 nostra
2485 4274 2800 4344 spiritualia.
2830 4271 2896 4328 In
2927 4274 3279 4342 captivitatem
3292 4271 3460 4337 enim,
3505 4270 3695 4339 inquit,
3728 4271 3871 4323 mli;-

2271 4378 2439 4440 geum
2466 4383 2662 4420 omnem
2701 4365 3012 4421 intellectum
3038 4366 3091 4420 in
3117 4365 3407 4434 obsequium
3432 4361 3623 4418 Clu-isti
3649 4362 3724 4432 (ἳ.
3745 4360 3870 4416 Cor.

2274 4462 2360 4516 10.
2391 4458 2491 4534 5).
2529 4459 2668 4515 Vidit
2703 4475 2832 4530 ergo
2873 4459 3065 4525 altare,
3111 4473 3209 4513 nec
3237 4455 3627 4519 reformidavit,
3657 4455 3749 4508 sed
3801 4455 3876 4508 ad-

2271 4555 2504 4624 scipsum
2557 4553 2723 4608 altare
2755 4538 2984 4608 traduxit
3015 4571 3027 4606 :
3062 4551 3148 4607 vel
3194 4551 3367 4621 potius
3403 4550 3618 4605 omissis
3660 4549 3879 4615 literis,

2271 4648 2387 4715 ejus
2413 4661 2627 4702 sensum
2652 4646 3025 4700 transmutavit
3049 4666 3062 4701 :
3087 4653 3142 4700 et
3170 4643 3620 4717 quemadmodum
3649 4644 3701 4696 in
3726 4643 3871 4697 bello

2270 4738 2374 4792 dux
2406 4739 2673 4792 exercitus
2697 4737 2746 4792 si
2767 4751 3085 4807 generosum
3115 4736 3335 4789 militem
3366 4734 3418 4789 in
3444 4734 3620 4788 hostili
3654 4734 3769 4788 acie
3798 4734 3875 4788 vi-

2269 4827 2442 4893 derit,
2475 4835 2530 4882 et
2573 4841 2725 4882 coma
2770 4827 3090 4896 prehensum
3132 4824 3197 4880 ad
3242 4823 3413 4879 aciem
3462 4823 3686 4879 militem
3720 4823 3869 4877 illmn

2273 4919 2638 4983 transtulerit,
2673 4928 2833 4988 atque
2876 4927 2932 4972 ut
2973 4933 3069 4988 pro
3107 4932 3166 4972 se
3210 4925 3451 4987 pugnet,
3485 4914 3722 4971 effecerit
3751 4937 3765 4972 :
3797 4916 3870 4969 ita

2271 5027 2481 5080 quoque
2510 5010 2703 5064 Paulus
2747 5011 2890 5080 egit,
2921 5025 3042 5064 cum
3085 5020 3354 5077 tamquam
3397 5008 3451 5062 in
3490 5009 3722 5063 hostium
3754 5009 3872 5062 acie

2273 5102 2674 5170 inscriptionem
2701 5099 2856 5154 altari
2887 5101 3203 5171 insculptam
3233 5098 3583 5164 offendisset,
3615 5097 3683 5152 ad
3714 5113 3868 5151 suam

2271 5193 2438 5244 aciem
2471 5190 2762 5256 transtulit,
2790 5200 2848 5244 ut
2876 5190 3134 5245 adversus
3159 5189 3514 5244 Athenienses
3540 5204 3660 5242 cum
3704 5187 3873 5240 Paulo

2270 5292 2562 5354 pugnaret,
2596 5296 2701 5335 non
2737 5298 2856 5336 cum
2907 5281 3320 5336 Atheniensibus
3367 5281 3588 5335 Paulum
3623 5292 3873 5349 perunc-

2274 5386 2354 5429 ret
2388 5395 2401 5429 :
2431 5374 2638 5444 gladius
2663 5375 2805 5428 enim
2832 5384 2946 5429 erat
2976 5375 3418 5439 Atheniensium,
3443 5373 3587 5429 ensis
3613 5382 3728 5428 erat
3767 5373 3870 5425 ho-

2273 5465 2431 5518 sﬁum
2479 5464 2565 5518 illa
2623 5465 2937 5534 inscriptio:
2968 5465 3062 5520 sed
3110 5465 3198 5520 hic
3243 5466 3390 5520 ensis
3429 5465 3662 5519 hostium
3706 5474 3873 5532 caput

2271 5556 2582 5624 amputavit.
2613 5555 2728 5610 Non
2761 5557 2832 5610 ita
2859 5557 3100 5612 mirabile
3127 5556 3350 5620 fuisset,
3374 5558 3418 5611 si
3440 5557 3561 5627 quis
3583 5556 3748 5625 ipsius
3782 5571 3872 5608 ar-

2274 5648 2375 5700 mis
2401 5661 2495 5701 eos
2523 5647 2810 5703 devicisset
2837 5669 2850 5704 :
2881 5648 2984 5704 hoc
3018 5650 3161 5705 enim
3189 5649 3383 5704 merito
3410 5648 3605 5703 accidit
3633 5667 3647 5702 :
3679 5662 3866 5701 verum

2274 5735 2401 5791 illud
2431 5752 2625 5792 novum
2665 5747 2746 5794 est
2771 5747 2825 5794 et
2851 5738 3109 5804 insolens,
3135 5753 3254 5792 cum
3284 5737 3515 5792 hostium
3544 5751 3691 5792 arma
3725 5745 3864 5789 tant-

2279 5841 2435 5896 quam
2457 5828 2734 5887 machinas
2764 5829 3006 5886 uestibus
3031 5828 3378 5885 admovemus
3402 5868 3418 5896 ,
3446 5842 3566 5884 cum
3609 5827 3818 5898 gladius
3838 5867 3857 5894 ,
