4106 6424
313 353 374 412 ἸΙ
887 357 956 412 ΙΝ
995 342 1526 411 INSCRIPTIONEM
1569 337 1870 398 ALTAIHS
1907 334 1982 385 1ςί
2036 331 2100 383 ΙΝ
2138 323 2538 382 l‘RlNClPIUM
2579 317 2939 378 ACTOBUM.
2981 315 3020 370 1.
3491 329 3563 384 ῃ

317 475 455 549 μεθα
486 471 676 533 αὐτοῖς
722 467 1080 537 συγγενέσθαι
1126 466 1193 519 δι’
1221 465 1463 522 ἑαυτῶν-ο
1502 461 1919 534 συγγενώμεθα·

314 567 497 630 αὐτοῖς
540 563 607 618 δι’
659 562 839 634 ὑμῶν,
889 563 984 616 καὶ
1027 561 1126 631 τῆς
1179 557 1451 631 ὑμετέρας
1507 555 1893 618 διδασκαλίας’

311 657 534 730 γέφυρά
563 673 646 720 τις
683 657 819 726 ἡμῖν
858 652 1102 722 γενέσθω
1134 651 1271 723 πρὸς
1315 650 1618 719 ἐκείνουςὴ
1655 645 1898 717 ὑμετέρα

313 750 504 820 ἀγάπη
532 765 546 779 ·
600 748 872 817 ποιήσατε
920 747 1047 808 τοὺς
1085 743 1388 816 ὑμετέρους
1435 743 1627 810 λόγους
1674 740 1760 793 διά
1800 739 1900 808 τῆς

316 838 588 910 ὑμετέρας
615 837 862 908 γλώττης
895 835 1142 905 διαϐῆναι
1173 835 1308 906 πρὸς
1346 833 1444 906 τὴν
1475 832 1699 885 ἐκείνων
1733 827 1899 899 ἀκρό-

317 947 463 984 ασιν.
511 929 666 999 Τάχα
705 927 997 998 αὐτάρκως
1030 926 1244 997 εἴρηται
1288 924 1475 977 ένεκεν
1505 922 1612 976 τῶν
1676 919 1899 974 ἀπολειο

318 1023 564 1091 φθέντων
582 1021 652 1074 τά
679 1020 963 1092 εἰρημένα,
982 1019 1074 1072 καὶ
1107 1017 1257 1070 οὐδὲν
1280 1016 1361 1069 δεῖ
1386 1014 1544 1068 πλέον
1559 1012 1895 1084 προσθεῖναι.

329 1114 490 1184 Ἐνῆν
512 1112 613 1186 μὲν
635 1113 742 1184 7&9
765 1111 981 1166 πλείονα
1008 1111 1200 1176 εἰπεῖν,
1228 1108 1342 1163 ἀλλ’
1365 1108 1450 1161 ἵνα
1483 1107 1557 1179 μὴ
1587 1107 1678 1159 τὸν
1709 1103 1898 1174 καιρὸν

317 1205 536 1260 ἅπαντα
569 1205 647 1267 είς
673 1203 829 1258 τοῦτο
858 1201 1399 1273 καταδαπανήσωμεν
1428 1198 1898 1272 κατηγοροῦντες,

318 1297 464 1367 ὑμᾶς
491 1295 548 1347 δὲ
579 1293 744 1367 μηδὲν
772 1292 1106 1363 ὠφελοῦντες
1148 1291 1626 1363 παραγενομένους
1655 1289 1855 1353 αὐτοὺς
1879 1331 1896 1356 ,

319 1387 452 1457 φέρε
483 1403 540 1438 τι
567 1385 662 1438 καὶ
684 1384 815 1455 ὒμῖν
855 1381 1190 1454 παραθῶμεν
1217 1381 1519 1452 ξένονλϐψον
1551 1383 1643 1435 καὶ
1675 1381 1860 1435 καινόν
1880 1398 1896 1415 ο

321 1477 472 1543 ξένον
509 1477 568 1530 δέ
599 1477 688 1530 καὶ
723 1475 910 1529 καινὸν
939 1475 1080 1544 λέγω
1105 1475 1166 1526 οὐ
1199 1473 1342 1528 κατὰ
1382 1475 1482 1546 τὴν
1519 1473 1901 1546 πνευματικὴν

317 1569 621 1643 τράπεζαν,
663 1567 801 1621 ’ἀλλὰ
829 1565 977 1633 ξένον
1007 1566 1151 1620 κατὰ
1173 1566 1270 1636 τὴν
1297 1565 1576 1639 ’ὑμετέραν
1609 1567 1896 1639 ἀκρόασιν.

388 1675 438 1744 γ’
445 1675 723 1746 ,Διελέχθη
732 1692 828 1740 μεν
848 1675 978 1745 ὑμῖν
994 1674 1102 1728 άπὸ
1124 1673 1232 1727 τῶν
1250 1673 1621 1729 άποστολικῶν
1638 1675 1900 1746 ῥημάτων

317 1761 376 1814 ἐν
413 1766 538 1825 ταῖς
570 1761 879 1833 ἔμπροσθεν
902 1762 1176 1832 ἡμέραις,
1211 1763 1305 1815 καὶ
1333 1763 1444 1816 ἀπὸ
1475 1761 1584 1816 τῶν
1618 1763 1900 1831 εὖαγγελι-

317 1850 454 1912 κῶν,
487 1849 578 1904 ὅτε
613 1850 742 1921 περὶ
773 1848 868 1903 τοῦ
913 1849 1082 1904 ’ἰούδα
1110 1850 1462 1921 διελεγόμεθα
1482 1868 1495 1882 ο
1533 1849 1899 1922 διελέχθημεν

317 1937 448 2008 ὑμῖν
475 1938 570 1990 καὶ
605 1934 710 1989 ἀπὸ
756 1937 1112 2008 προφητικῶν
1132 1955 1146 1970 ο
1187 1939 1429 2009 σήμερον
1457 1936 1758 2008 βουλόμεθα
1792 1939 1899 1992 ἀπὸ

313 2025 428 2077 τῶν
460 2023 720 2094 Πράξεων
748 2025 856 2079 τῶν
883 2025 1195 2079 ἀποστόλων
1217 2028 1412 2080 εἰπεῖν.
1443 2025 1542 2079 Διά
1571 2027 1730 2080 τοῦτο
1745 2022 1900 2080 εἶπον

316 2112 381 2166 τὸ
412 2113 547 2182 ὄψον
586 2111 755 2178 ξένον,
783 2113 879 2166 καὶ
919 2115 977 2166 οὐ
1016 2113 1184 2177 ξένον.
1219 2115 1294 2166 UO
1328 2113 1479 2180 ξένον
1516 2114 1634 2184 μὲν,
1677 2115 1758 2167 ὅτι
1798 2113 1901 2184 τῆς

310 2197 642 2262 ἀκολουθίας
668 2199 792 2252 ἐστὶ
821 2199 928 2253 τῶν
966 2199 1127 2253 θείων
1167 2201 1205 2252 Γ
1211 2199 1421 2270 ραφῶν,
1467 2201 1619 2267 ξένον
1652 2201 1726 2267 δὲ,
1763 2202 1900 2256 διότι

317 2290 461 2356 τάχα
478 2285 655 2356 ἀήθης
675 2288 802 2358 ὑμῖν
825 2290 857 2359 ἡ
884 2287 1022 2360 ἀκοὴ
1047 2288 1183 2360 πρὸς
1208 2289 1307 2360 τὴν
1327 2289 1586 2360 τοιαύτην
1611 2290 1896 2361 ἀκρόασιν.

320 2373 545 2438 Πολλοῖς
580 2375 713 2442 γοῦν
749 2375 811 2428 τὸ
845 2374 1048 2445 βιϐλίον
1081 2374 1237 2430 τοῦτο
1279 2377 1399 2430 οὑδέ
1433 2377 1708 2450 γνώριμον
1759 2380 1896 2443 ἐστι,

319 2465 539 2529 πολλοῖς
559 2466 615 2520 δὲ
638 2467 828 2521 δοκοῦν
851 2468 1016 2535 σαφὲς
1046 2463 1207 2529 εἶναι,
1234 2469 1394 2523 πάλιν
1429 2471 1740 2542 παρορᾶται
1761 2487 1776 2502 ο
1802 2474 1901 2526 καὶ

317 2557 528 2624 γίνεται
567 2559 678 2621 τοῖς
713 2557 811 2628 μὲν
838 2559 872 2630 ἡ
919 2557 1124 2628 γνῶσις
1150 2599 1166 2624 ,
1193 2561 1308 2624 τοῖς
1337 2560 1394 2613 δὲ
1424 2562 1457 2631 ή
1503 2559 1696 2630 ἄγνοια
1731 2563 1899 2634 ρᾳθυ⁴

320 2651 452 2721 μίας
475 2649 750 2714 ὖπόθεσις.
776 2651 871 2704 Ἵν⁸
894 2648 987 2706 οῦν
1006 2651 1101 2706 καὶ
1116 2655 1163 2706 οἱ
1191 2653 1513 2722 ἀγνοοῦντες
1536 2654 1773 2725 μάθωσι,
1804 2657 1900 2710 καὶ

313 2743 369 2795 οἱ
395 2743 708 2812 νομίζοντες
742 2742 928 2813 σαφῶς
953 2745 1171 2810 εἰδέναι,
1199 2746 1282 2799 ὅτι
1314 2746 1449 2800 πολὺ
1491 2747 1656 2817 βάθος
1691 2749 1900 2820 νοημά-

314 2850 430 2886 των
467 2833 600 2904 ἔχει,
642 2837 940 2904 ἀναγκαῖον
986 2837 1314 2909 ἀμφοτέρων
1349 2837 1748 2909 διορθώσασθαι
1795 2840 1896 2912 τὴν

318 2924 597 2996 ῥαθυμίαν
629 2928 884 2998 τήμερον.
917 2931 1008 2982 Δεῖ
1042 2929 1100 2982 δὲ
1149 2929 1413 3001 πρότερον
1448 2930 1663 3001 μαθεῖν,
1709 2931 1796 2996 τίς
1832 2933 1894 2986 τὸ

319 3015 527 3084 βιϐλίον
559 3017 814 3089 ἔγραψεν.
839 3019 988 3092 Αὕτη
1023 3020 1131 3092 7&9
1159 3021 1392 3092 ἀρίστης
1414 3021 1646 3095 ἐρεύνης
1676 3023 1902 3077 ἀκολου-

317 3106 433 3171 θία,
456 3109 722 3181 πρότερον
744 3111 834 3164 τὸν
859 3112 1147 3184 γράψαντα
1167 3115 1314 3182 ἰδεῖν,
1338 3117 1386 3168 εί
1413 3115 1699 3187 ἄνθρωπός
1730 3121 1897 3186 ἐστιν,

318 3199 350 3270 ἢ
393 3200 424 3251 ὁ
455 3201 622 3264 Θεὸς·
659 3204 764 3257 κᾶν
816 3205 915 3275 μὲν
968 3205 1277 3278 ἄνθρωπος,
1333 3212 1856 3284 παρακρουσώμεθα
1881 3231 1897 3247 ο

317 3291 418 3357 Μὴ
451 3294 748 3362 καλέσητε
767 3296 895 3368 γὰρ,
927 3297 1081 3369 φησὶ,
1107 3299 1480 3354 διδάσκαλον
1499 3301 1597 3355 ἐπὶ
1615 3303 1724 3372 τῆς
1753 3302 1864 3374 γῆς
1882 3321 1896 3335 ⁶

317 3383 387 3436 ἂν
415 3384 470 3437 δέ
497 3385 649 3449 Θεὸς,
687 3386 968 3459 δεξώμεθα
992 3406 1007 3420 ·
1040 3389 1245 3444 ἄνωθεν
1273 3393 1383 3463 γάρ
1416 3393 1532 3447 ἐστι
1558 3394 1620 3448 τὸ
1645 3395 1901 3452 διδασκα-

319 3475 462 3530 λεῖον
495 3477 557 3530 τὸ
582 3478 848 3552 ἡμέτερον
867 3497 883 3513 ο
917 3481 1010 3535 καὶ
1035 3482 1144 3554 7&9
1168 3483 1408 3538 τοιοῦτον
1456 3485 1517 3539 τὺ
1547 3485 1764 3559 ἀξίωμα
1802 3487 1897 3542 τοῦ

317 3567 552 3639 θεάτρου
593 3569 808 3634 τούτου,
847 3573 1014 3643 μηδὲν
1043 3575 1195 3646 παρὰ
1232 3575 1536 3648 ἀνθρώπων
1581 3579 1896 3650 μανθάνειν,

314 3659 456 3714 ἀλλὰ
481 3661 634 3731 παρὰ
655 3662 792 3716 Θεοῦ
823 3663 890 3716 δι’
921 3664 1244 3738 ἀνθρώπων.

371 3753 466 3804 Δεῖ
487 3751 664 3806 τοίνυν
687 3753 963 3819 ἐξετάσαι,
980 3757 1106 3821 τίςὸ
1122 3758 1359 3830 γράψας,
1391 3761 1484 3814 καὶ
1508 3761 1638 3814 πότε
1668 3761 1896 3834 ἔγραψε,

315 3844 418 3898 καὶ
459 3846 590 3917 περὶ
634 3847 814 3912 τίνων,
861 3849 956 3902 καὶ
997 3849 1142 3914 τίνος
1174 3851 1360 3905 ἕνεκεν
1408 3855 1474 3925 τῇ
1521 3855 1682 3927 ἑορτῇ
1724 3856 1898 3930 ταύτῃ

317 3935 739 4007 νενομοθέτηται
777 3939 911 3992 αὐτὸ
941 3939 1434 4009 ἀναγινώσκεσθαι.
1479 3943 1632 4014 Τάχα
1659 3945 1770 4018 7&9
1797 3946 1898 4001 οὐκ

315 4025 547 4079 ἀκούετε
581 4027 668 4082 διὰ
695 4030 900 4092 παντὸς
944 4030 1038 4085 τοῦ
1076 4031 1230 4097 ἔτους
1259 4033 1769 4106 ἀναγινωσκομένου
1801 4036 1897 4092 τοῦ

319 4114 548 4184 βιϐλίου.
613 4119 724 4173 Καὶ
772 4119 880 4191 7&9
917 4123 1012 4176 καὶ⁹
1052 4122 1212 4176 τοῦτο
1258 4126 1529 4197 χρήσιμον
1554 4144 1568 4157 ο
1619 4129 1714 4182 καὶ
1760 4129 1900 4200 μετὰ

316 4208 478 4262 τοῦτο
528 4210 760 4284 ζητῆσαι
796 4213 940 4286 χρὴ,
981 4215 1127 4280 τίνος
1160 4217 1346 4272 ἕνεκεν
1389 4219 1592 4291 ταύτην
1637 4222 1750 4293 ἔχει
1799 4222 1899 4296 τὴν

315 4299 664 4372 ἐπιγραφὴν,
716 4305 970 4372 Πρὰξεις
1033 4307 1409 4365 ἀποστόλων.
1469 4313 1605 4365 Οὐδὲ
1643 4313 1752 4385 γὰρ
1799 4316 1900 4379 τὰς

314 4394 630 4465 ἐπιγραφὰς
681 4395 870 4460 άπλῶς
907 4399 1160 4470 παριέναι
1208 4401 1336 4472 χρὴ,
1391 4402 1512 4456 οὐδὲ
1567 4404 1771 4468 εὐθέως
1819 4406 1899 4468 είς

311 4483 416 4551 τὴν
447 4485 623 4557 ἀρχὴν
660 4485 918 4557 ἐμϐαλεῖν
949 4489 1047 4558 τῆς
1078 4493 1422 4562 συγγραφῆς,
1450 4493 1586 4548 ἀλλὰ
1631 4496 1897 4566 πρότερον

311 4577 450 4644 ὀρᾷν
475 4576 572 4648 τὴν
607 4581 982 4651 προσηγορίαν
1007 4582 1104 4636 τοῦ
1138 4583 1364 4654 βιϐλίου.
1394 4586 1656 4658 Καθάπερ
1681 4588 1789 4658 γάρ
1811 4590 1896 4658 ἐφ’

311 4668 345 4735 ἡ
355 4665 474 4735 μῶν
493 4668 527 4737 ή
563 4669 778 4741 κεφαλὴ
802 4672 1225 4745 γνωριμώτερον
1249 4679 1394 4728 ποιεῖ
1412 4676 1473 4729 τὸ
1497 4677 1683 4731 λοιπὸν
1714 4679 1896 4750 σῶμα,

313 4761 412 4813 καὶ
448 4763 482 4832 ἡ
510 4761 630 4832 ϐψις
661 4765 869 4819 ἀνωθεν
896 4767 1219 4841 ἐπικειμένη
1249 4770 1481 4839 φανερὸν
1511 4771 1642 4824 αὐτὸ
1670 4772 1897 4844 ἐργάζει

311 4870 427 4919 ται,
459 4855 602 4910 οὕτω
631 4858 728 4912 καὶ
747 4861 780 4929 ἡ
815 4861 1096 4933 ἐπιγραφὴ
1121 4862 1328 4916 ἄνωθεν
1359 4863 1464 4934 πρὸ
1483 4867 1582 4935 τῆς
1609 4864 1750 4935 ὑφῆς
1778 4866 1902 4917 ἐπι-

313 4939 545 5010 κειμένη
573 4941 666 4994 ἐπὶ
690 4941 784 4995 τοῦ
809 4942 1062 5014 μετώπου
1088 4946 1569 5019 καταφανέστερον
1598 4950 1730 5018 ἡμῖν
1756 4949 1902 5000 ποιεῖ

311 5029 377 5082 τὸ
391 5031 576 5085 λοιπὸν
595 5033 698 5103 τῆς
720 5037 960 5106 γραφῆς.
994 5038 1106 5108 Οὐχ
1119 5040 1283 5108 ὁρᾶτε
1305 5039 1400 5092 καὶ
1423 5040 1517 5093 ἐπὶ
1543 5039 1652 5093 τῶν
1671 5040 1898 5096 εἰκόνων

313 5123 475 5177 τοῦτο
505 5124 615 5179 τῶν
659 5127 979 5198 βασιλικῶν,
1015 5129 1097 5185 ὅτι
1128 5132 1241 5186 άνω
1277 5135 1453 5186 κεῖται
1502 5134 1602 5204 μὲν
1634 5135 1667 5206 ή
1712 5132 1898 5199 εἰκὼν,

315 5217 412 5271 καὶ
442 5219 534 5272 τὸν
567 5220 793 5291 βασιλέα
821 5221 935 5292 ἔχει
963 5224 1414 5296 ἐγγεγραμμένον
1433 5241 1448 5257 °
1477 5226 1628 5281 κάτω
1656 5226 1714 5281 δέ
1742 5228 1800 5282 ὲν
1829 5229 1897 5300 τῇ

313 5308 517 5377 χοίνικι
557 5313 970 5384 ἐπιγέγραπται
1005 5316 1098 5370 τοῦ
1137 5317 1400 5388 βασιλέως
1451 5319 1522 5371 τὰ
1568 5318 1828 5389 τρόπαια,
1864 5324 1899 5393 ἡ

312 5401 465 5474 νίκη,
499 5404 567 5458 τά
598 5407 1033 5480 κατορθώματας
1075 5411 1232 5466 Οὕτω
1255 5412 1320 5483 δὴ
1347 5414 1442 5466 καὶ
1477 5414 1570 5468 ἐπὶ
1618 5414 1727 5469 τῶν
1760 5416 1902 5487 Γρα-

313 5491 435 5561 φῶν
621 5497 772 5550 ἔστιν
813 5499 962 5552 ἰδεῖν.
997 5500 1313 5572 Γέγραπται
1349 5503 1448 5575 μὲν
1476 5506 1510 5574 ή
1546 5503 1708 5559 είκὼν
1741 5506 1774 5575 ἠ
1803 5505 1902 5577 βα·-

314 5587 500 5660 σιλικὴ
531 5590 740 5644 ἄνωθεν
759 5607 770 5620 ·
799 5593 1045 5646 κάτωθεν
1075 5595 1130 5648 δέ
1155 5596 1562 5668 ἐπιγέγραπται
1588 5600 1622 5671 ἡ
1650 5597 1804 5671 νίκη,
1829 5601 1898 5656 τὰ

306 5677 571 5750 τρόπαια,
594 5686 663 5736 τά
687 5684 1110 5757 κατορθώματα.
1136 5688 1292 5743 Οὕτω
1325 5692 1419 5745 καὶ
1452 5694 1744 5767 ἐπιστολὴν
1773 5698 1902 5751 ὅταν

307 5771 598 5844 δεξώμεθα
618 5817 633 5843 ,
672 5775 934 5846 ποιοῦμεν
960 5794 975 5809 ο
1007 5780 1107 5832 οὐκ
1137 5779 1341 5846 εὐθέως
1379 5783 1670 5856 διαλύομεν
1695 5786 1785 5842 τὸν
1817 5789 1903 5844 δε-

2001 457 2158 529 σμὸν,
2187 458 2308 512 οὐδέ
2332 459 2533 523 εὐθέως
2551 457 2622 512 τά
2649 455 2944 525 ὲγκείμενα
2967 446 3178 502 ἔνδοθεν
3207 441 3574 511 ἀναγινώσκο-

2002 570 2134 625 μενσ
2170 555 2304 609 ἀλλὰ
2342 555 2606 626 πρότερον
2640 551 2739 622 τὴν
2775 547 2975 615 ἔξωθεν
3004 538 3315 613 ἐπιγραφὴν
3349 537 3578 608 ἐπερχόι

2003 643 2160 714 μεθα,
2182 645 2278 698 καὶ
2307 645 2367 710 ἐξ
2395 644 2610 714 ἐκείνης
2644 640 2988 712 μανθάνομεν
3023 635 3118 688 καὶ
3141 633 3233 686 τὸν
3264 628 3575 700 πέμψαντα,

2001 735 2094 786 καὶ
2116 734 2206 787 τὸν
2231 735 2512 803 ὀφείλοντα
2533 729 2913 798 ὑποδέξασθαι.
2941 724 3050 780 Kal
3068 724 3182 786 πῶς
3209 718 3302 775 οὖν
3335 721 3435 774 οὐκ
3457 719 3573 773 a10-

2002 841 2102 879 πον
2126 827 2182 878 ἐν
2204 827 2302 896 μὲν
2323 829 2433 890 τοῖς
2460 826 2733 896 βιωτικοῖς
2752 819 2990 890 τοσαύτῃ
3013 813 3317 887 κεχρῆσθαι
3343 811 3578 880 σπουδῇ,

2001 915 2096 967 καὶ
2132 915 2205 986 μὴ
2236 915 2607 986 θορυϐεῖσθαι,
2651 912 2786 984 μηδέ
2825 907 3230 977 ταράττεσθαι,
3269 902 3406 957 ἀλλὰ
3439 903 3581 958 κατὰ

2000 1007 2154 1074 τάξιν
2197 1007 2428 1062 ἕκαστον
2470 1007 2712 1060 ἐπιέναι·
2759 1002 2996 1057 ἐνταῦθα
3029 1001 3087 1057 δὲ
3137 997 3448 1070 ἀσχάλλειν,
3485 997 3583 1049 καὶ

2001 1096 2203 1160 εὐθέως
2237 1097 2507 1170 ἐπιπηδᾷν
2537 1099 2603 1168 τῇ
2636 1097 2812 1166 άρχῇξ
2841 1092 3104 1146 Βούλεσθε
3138 1090 3328 1161 μαθεῖν
3349 1089 3451 1159 ὅση
3481 1089 3582 1158 τῆς

2001 1189 2313 1265 ἐπιγραφῆς
2337 1191 2371 1260 ἡ
2405 1187 2557 1259 ίσχύς
2578 1204 2593 1253 ;
2611 1188 2710 1256 ὅση
2732 1184 2961 1254 δύναμις
2983 1202 2994 1242 ;
3023 1184 3148 1245 ὅσος
3165 1181 3454 1233 ἀπόκειται
3481 1179 3582 1247 θηο

2005 1281 2204 1352 σαυρὸς
2230 1280 2289 1332 ἐν
2317 1281 2438 1342 ταῖς
2469 1279 2660 1350 ἀρχαῖς
2686 1277 2792 1330 τῶν
2830 1274 3060 1346 Γραφῶν
3085 1289 3100 1336 ;
3143 1270 3461 1334 Ἀκούσατε,
3495 1268 3583 1322 ἵνα

2005 1370 2080 1443 μὴ
2108 1370 2488 1442 καταφρονῆτε
2521 1370 2625 1440 τῆς
2653 1368 2966 1438 ἐπιγραφῆς
2994 1364 3101 1419 τῶν
3135 1363 3296 1416 θείων
3326 1360 3578 1414 Βιϐλίων.

2001 1461 2265 1534 Εἰσῆλθεν
2297 1463 2378 1526 είς
2409 1461 2507 1525 τὰς
2564 1461 2796 1533 Ἀθήνας
2826 1463 2854 1514 ὁ
2896 1457 3109 1521 Παῦλός
3147 1471 3312 1509 ποτεο
3352 1455 3408 1507 ἐν
3433 1451 3583 1521 αὐτῷ

2001 1551 2080 1622 τῷ
2114 1551 2302 1622 βιϐλίῳ
2344 1551 2657 1622 γέγραπται
2702 1552 2737 1622 ἡ
2779 1548 2993 1620 ἱστορία
3029 1545 3203 1616 αὕτηο
3245 1538 3402 1616 εὗρεν
3430 1544 3485 1595 ἐν
3513 1544 3582 1613 τῇ

2002 1643 2153 1697 πόλει
2183 1643 2302 1715 οὐχὶ
2330 1643 2530 1714 βιϐλίον
2565 1642 2727 1706 θεῖον,
2753 1641 2890 1696 ἀλλὰ
2919 1640 3103 1711 βωμὸν
3129 1636 3394 1691 εἰδώλωνο
3424 1628 3584 1705 εὗρεν

2002 1727 2312 1798 ἐπιγραφὴν
2341 1725 2517 1789 οὕτως
2559 1725 2811 1796 ἔχουσαν,
2847 1723 3154 1794 Ἀγνώστῳ
3201 1715 3326 1784 Θεῷ
3349 1735 3363 1749 ⁸
3400 1717 3494 1771 καὶ
3523 1717 3584 1770 οὐ

2002 1809 2392 1881 παρέδραμεν,
2436 1809 2553 1862 ἀλλ’
2599 1809 2707 1862 ἀπὸ
2758 1808 2859 1878 τῆς
2911 1805 3228 1877 ἐπιγραφῆς
3269 1800 3366 1855 τοῦ
3399 1799 3586 1871 βωμοῦ

2001 1892 2094 1946 τὸν
2132 1892 2314 1963 βωμὸν
2363 1891 2600 1947 καθεῖλε.
2635 1891 2848 1955 Παῦλος
2891 1893 2920 1944 ὁ
2965 1889 3154 1958 ἅγιος,
3189 1887 3219 1939 ὁ
3266 1883 3588 1954 Πνεύματος

2001 1975 2160 2048 χάριν
2199 1976 2339 2046 έχων
2359 2015 2375 2040 ,
2404 1975 2470 2028 οὐ
2517 1976 2843 2046 παρέδραμε
2886 1972 3076 2044 βωμοῦ
3106 1970 3460 2041 ἐπίγραμμα,
3493 1971 3589 2020 καὶ

2004 2061 2068 2114 σὺ
2116 2061 2432 2132 ἐπιγραφὴν
2481 2060 2715 2131 Γραφῶν
2781 2057 3182 2130 παρατρέχεις;
3231 2055 3438 2115 ἐκεῖνος
3487 2051 3590 2102 οὐκ

1999 2145 2211 2216 ἀφῆκεν
2245 2145 2388 2215 ᾶπερ
2433 2144 2679 2217 ἔγραψαν
2724 2144 2999 2214 Ἀθηναῖοι
3037 2138 3423 2208 εἰδωλολάτραι
3444 2178 3456 2197 ,
3478 2135 3589 2217 ’καὶ

2005 2212 2069 2282 σῦ
2102 2212 2247 2300 άπερ
2271 2212 2559 2300 ἐγραψετὸ
2586 2212 2810 2298 Πνεῦμα
2830 2212 2892 2279 τὸ
2915 2226 3070 2295 ἅγιον
3095 2224 3154 2276 οὐ
3179 2220 3422 2291 νομίζεις
3450 2212 3588 2270 εἶναι

2002 2310 2313 2381 άναγκαῖα;
2348 2313 2444 2366 καὶ
2491 2311 2649 2366 ποίαν
2690 2311 2834 2380 ἔχεις
2869 2309 3237 2377 συγγνώμην;
3291 2302 3450 2357 Ἀλλὰ
3481 2302 3589 2372 7&9

2007 2393 2205 2465 ἴδωμεν
2229 2395 2394 2448 πόσον
2422 2395 2482 2447 τὸ
2512 2395 2701 2466 κέρδος
2722 2394 2830 2446 άπὸ
2850 2392 2944 2445 τοῦ
2968 2386 3390 2461 ἐπιγράμματος
3417 2388 3588 2438 ἐστιν.

2004 2477 2174 2532 Ὅταν
2215 2474 2306 2532 οῦν
2353 2479 2468 2550 ῐδῃς
2509 2478 2840 2547 ἐπίγραμμα
2885 2473 3054 2545 βωμῷ
3105 2469 3589 2543 ἐγκεχαραγμένον

2000 2560 2271 2631 τοσαύτην
2306 2560 2591 2632 παρασχὸν
2636 2560 2735 2630 τὴν
2779 2559 2953 2627 ίσχὺν,
3006 2557 3228 2629 μαθήσῃ
3273 2555 3357 2607 ὅτι
3407 2549 3590 2620 πολλῷ

2005 2643 2209 2715 μᾶλλον
2254 2644 2322 2697 τά
2371 2643 2774 2715 ἐπιγράμματα
2807 2642 2916 2695 τῶν
2958 2640 3118 2694 θείων
3157 2640 3195 2692 Γ
3200 2637 3390 2710 ραφῶν
3429 2635 3592 2688 τοῦτο

2003 2728 2226 2799 ποιῆσαι
2265 2728 2581 2802 δυνήσεται.
2623 2725 2884 2796 Εἰσῆλθεν
2922 2725 3002 2788 είς
3043 2723 3144 2794 τὴν
3183 2722 3338 2775 πόλιν
3371 2722 3401 2773 ὀ
3436 2718 3590 2774 Παῦσ-

2002 2810 2115 2877 λος,
2155 2807 2280 2884 εὗρε
2303 2812 2487 2883 βωμὸν
2507 2813 2565 2864 ἐν
2590 2805 2635 2880 ᾧ
2666 2811 3070 2882 ἐπεγέγραπτο,
3097 2805 3411 2877 Ἀγνώστῳ
3444 2805 3587 2870 Θεῷ.

2004 2895 2069 2950 Τί
2125 2896 2232 2950 εδει
2268 2897 2534 2966 ποιῆσαι;
2581 2894 2846 2967 Ἕλληνες
2901 2894 3104 2954 πάντες
3143 2887 3321 2964 ἦσαν,
3374 2890 3593 2952 ἀσεϐεῖς

2004 2981 2226 3046 πάντες.
2272 2981 2337 3034 Τί
2387 2976 2480 3034 οὖν
2529 2979 2697 3052 ἐχρῆν
2741 2979 2996 3050 ποιῆσαι;
3061 2976 3196 3030 Ἀπὸ
3242 2975 3593 3044 Εὑαγγελίων

2001 3065 2384 3136 διαλεχθῆναι;
2426 3063 2588 3118 Ἀλλά
2622 3065 2951 3132 κατεγέὶων.
2995 3061 3135 3114 Ἀλλ’
3174 3060 3283 3114 άπὸ
3324 3075 3594 3130 προφητισ

2003 3150 2135 3213 κῶν,
2157 3151 2260 3218 καὶ,
2278 3149 2372 3202 τοῦ
2395 3149 2560 3220 νόμου
2581 3148 2927 3220 γραμμάτων
2947 3163 2960 3212 ;
2992 3145 3130 3198 Ἀλλ’
3159 3145 3258 3198 οὐκ
3283 3144 3590 3198 ἐπίστευον.

2003 3235 2069 3288 Τί
2112 3231 2204 3287 οὖν
2239 3233 2528 3305 ἐποίησενς
2582 3233 2706 3286 Ἐπὶ
2751 3231 2844 3286 τὸν
2873 3231 3055 3302 βωμὸν
3086 3230 3318 3301 έδραμε,
3350 3227 3442 3281 καὶ
3486 3227 3596 3280 άπὸ

2001 3320 2112 3374 τῶν
2154 3319 2336 3372 ὃπλων
2367 3318 2476 3371 τῶν
2519 3316 2795 3387 πολεμίων
2843 3316 3039 3378 αὐτοὺς
3080 3314 3432 3386 ἐχειρώσατο.
3481 3313 3594 3366 Καὶ

2001 3402 2162 3456 τοῦτύ
2225 3405 2406 3466 ἐστιν,
2460 3401 2491 3455 ὃ
2542 3401 2726 3470 λέγει’
2784 3398 3115 3469 Ἐγενόμην
3165 3397 3290 3462 τοῖς
3329 3395 3479 3449 πᾶσι
3523 3395 3594 3448 τὰ

2002 3486 2220 3552 πάντα,
2258 3485 2383 3552 τοῖς
2412 3485 2726 3550 Ἰουδαίοις
2747 3485 2828 3550 ὡς
2857 3481 3169 3546 Ἰουδαῖος,
3194 3480 3318 3545 τοῖς
3347 3478 3595 3546 ἀνόμοις

2001 3571 2082 3636 ὡς
2129 3569 2374 3639 ἄνομος.
2428 3566 2550 3623 Είδε
2593 3569 2686 3623 τὸν
2737 3569 2952 3640 βωμὸν,
2983 3560 3092 3620 εἶδε
3133 3567 3194 3619 τὸ
3225 3565 3590 3636 ἐπίγραμμα.

2003 3657 2204 3727 άνέστη
2235 3657 2312 3728 τῷ
2345 3657 2646 3729 Πνεύματι.
2677 3658 2915 3727 Τοιαύτη
2945 3655 3054 3727 7&9
3082 3657 3117 3725 ἡ
3147 3652 3242 3706 τοῦ
3276 3650 3596 3721 Πνεύματος

2002 3746 2198 3817 χάρις·
2246 3745 2512 3798 πάντοθεν
2557 3746 2706 3798 ποιεῖ
2751 3744 3054 3815 κερδαίνειν
3087 3745 3214 3806 τοὺς
3260 3743 3594 3813 ὑποδεχομέ-

2001 3849 2128 3896 νους
2155 3831 2325 3905 αὑτήν
2344 3847 2359 3861 ·
2395 3832 2619 3886 τοιαῦτα
2662 3832 2822 3903 ἡμῶν
2855 3831 2924 3885 τὰ
2958 3831 3098 3885 ὅπλα
3128 3830 3196 3885 τά
3226 3831 3591 3902 πνευματικά.

2002 3920 2546 3990 Αίχμαλωτίζοντες
2577 3922 2705 3992 γὰρ,
2739 3921 2892 3991 φησὶ,
2923 3918 3049 3974 πᾶν
3076 3921 3270 3989 νόημα
3295 3918 3450 3988 πρὸς
3479 3919 3597 3988 τὴν

2002 4012 2286 4079 ὑπακοὴν
2320 4013 2428 4066 τοῦ
2461 4011 2739 4080 Χριστοῦ.
2773 4007 2895 4065 Εἶδε
2927 4012 3106 4066 τοίνυν
3138 4011 3227 4064 τὸν
3255 4008 3462 4082 βωμὸν,
3498 4009 3594 4062 καὶ

2001 4104 2103 4157 οὐκ
2159 4101 2489 4154 ἐδειλίασενο
2541 4099 2679 4156 ἀλλά
2741 4100 3044 4172 μετέστησε
3085 4099 3178 4154 τὸν
3225 4098 3407 4170 βωμὸν
3458 4099 3596 4169 πρὸς

2003 4189 2230 4244 ἐαυτόν·
2269 4188 2469 4259 μᾶλλον
2496 4188 2553 4241 δὲ
2592 4188 2661 4242 τά
2711 4188 3016 4260 γράμματα
3061 4187 3254 4258 ἀφεὶς,
3295 4186 3595 4258 μετέθηκεν

2003 4279 2169 4334 αὑτοῦ
2197 4279 2266 4332 τὰ
2289 4280 2568 4349 νοήματα·
2603 4279 2696 4331 καὶ⁹
2723 4276 2976 4348 καθάπερ
3011 4277 3069 4330 ὲν
3107 4276 3329 4347 πολέμῳ
3359 4292 3596 4347 στρατη-

2003 4370 2099 4440 γὸς
2137 4368 2264 4423 ἰδὼν
2293 4368 2632 4440 στρατιώτην
2661 4370 2719 4422 ἐν
2747 4369 2813 4438 τῇ
2844 4366 3150 4438 παρατάξει
3178 4364 3287 4418 τῶν
3317 4364 3593 4435 πολεμίων

2003 4460 2270 4523 γενναῖον,
2305 4453 2424 4509 εἶτα
2467 4455 2767 4527 λαϐόμενος
2794 4455 2902 4509 άπὸ
2929 4455 3030 4524 τῆς
3072 4461 3251 4524 κόμης
3283 4452 3377 4505 τοῦ
3429 4470 3595 4523 στρα-

2003 4547 2220 4607 τιώτου,
2257 4546 2393 4616 πρὸς
2435 4545 2533 4616 τὴν
2582 4544 2777 4598 ἐαυτοῦ
2822 4542 2978 4608 τάξιν
3009 4541 3170 4595 αὑτὸν
3209 4543 3592 4613 μεταστήσειε,

2004 4635 2100 4688 καὶ
2133 4632 2607 4704 παρασκευάσειεν
2637 4632 2775 4704 ὑπὲρ
2805 4629 2970 4685 αὐτοῦ
3005 4631 3262 4702 πολεμεῖν
3281 4644 3295 4658 ’
3324 4629 3469 4684 οὕτω
3499 4632 3594 4684 καὶ

2002 4727 2032 4779 ὁ
2081 4725 2291 4788 Παῦλος
2320 4725 2564 4796 ἐποίησε,
2595 4723 2847 4795 καθάπερ
2892 4725 2948 4776 ἐν
2979 4723 3282 4795 παρατάξει
3316 4723 3590 4794 πολεμίων

2001 4814 2063 4867 τὸ
2085 4815 2413 4898 ἐπίγραμμα
2440 4811 2618 4884 εὑρὼν
2647 4814 2704 4865 ἐν
2728 4811 2810 4883 τῷ
2833 4811 3000 4883 βωμῷ
3019 4811 3425 4884 γεγραμμένον,
3453 4812 3592 4882 πρὸς

2003 4902 2103 4973 τὴν
2134 4901 2327 4954 ἑαυτοῦ
2361 4899 2514 4964 τάξιν
2547 4899 2899 4970 μετέστησεν,
2924 4901 3011 4954 ἵνα
3052 4900 3191 4969 μετὰ
3222 4899 3434 4952 Παύλου
3479 4901 3593 4964 τοῖς

2017 4991 2317 5062 Ἀθηναίοις
2343 4989 2577 5060 πολεμῇ,
2597 4988 2712 5042 ἀλλ’
2736 4990 2797 5042 ού
2829 4989 2966 5060 μετᾶ
2997 4988 3302 5060 Ἀθηναίων
3331 4989 3420 5043 τὸν
3447 4989 3596 5043 Παῦ-

2002 5079 2094 5133 λον
2141 5079 2306 5151 βάλλῃ
2331 5095 2347 5110 ο
2391 5077 2542 5146 ξίφος
2573 5076 2683 5150 γὰρ
2728 5073 2796 5149 ἦν
2839 5076 2945 5132 τῶν
2988 5078 3308 5149 Ἀθηναίων,
3349 5078 3594 5149 μάχαιρα

2002 5164 2072 5241 ἦν
2097 5168 2204 5221 τῶν
2245 5166 2522 5238 πολεμίων
2547 5166 2609 5219 τὸ
2645 5166 2974 5238 ἐπίγραμμα
3011 5167 3211 5232 ἐκεῖνο,
3234 5165 3350 5221 ἀλλ’
3380 5164 3520 5236 αὕτη
3559 5167 3591 5235 ἠ

2009 5258 2254 5329 μάχαιρα
2287 5255 2394 5308 τῶν
2424 5253 2700 5326 πολεμίων
2737 5255 2836 5326 τὴν
2878 5254 3124 5326 κεφαλὴν
3162 5253 3438 5324 ἐξέτεμεν.
3479 5254 3594 5306 Οὐκ

2003 5344 2072 5420 ἦν
2098 5345 2213 5419 [56]
2237 5343 2379 5398 οὕτω
2399 5343 2733 5415 θαυμαστὸν,
2759 5345 2807 5397 εί
2831 5347 2944 5408 τοῖς
2970 5344 3192 5406 οἰκείοις
3217 5341 3384 5394 αὐτοῦ
3407 5339 3594 5404 ὅπλοις

2007 5435 2341 5508 ἐχειρώσατο
2359 5451 2373 5465 ο
2397 5433 2556 5487 τοῦτο
2576 5432 2684 5505 7&9
2708 5433 2850 5487 κατὰ
2867 5432 3024 5502 λόγον
3047 5429 3367 5502 συμϐαίνει·
3400 5427 3462 5480 τὸ
3481 5427 3592 5497 γὰρ

2005 5524 2191 5581 καινὸν
2220 5522 2313 5576 καὶ
2353 5521 2676 5592 παράδοξον,
2703 5521 2830 5575 ὅταν
2881 5519 2950 5572 τὰ
2981 5519 3088 5572 τῶν
3120 5514 3393 5586 πολεμίων
3430 5513 3590 5581 ὅπλα,

2007 5611 2177 5665 ταῦτα
2210 5610 2582 5682 μηχανήματα
2603 5610 2716 5671 τοῖς
2746 5605 3023 5676 πολεμίοις
3059 5601 3434 5675 προσάγηται·
3460 5599 3595 5654 ὅταν

2005 5699 2066 5754 τὸ
2091 5699 2266 5768 ξίφος,
2289 5697 2317 5750 ὃ
2341 5696 2466 5749 καθ’
2497 5694 2658 5766 ἡμῶν
2696 5692 3048 5764 βαστάζουσι,
3085 5689 3245 5746 τοῦτο
3277 5689 3461 5753 αὐτοῖς
3484 5689 3589 5763 τὴν

2013 5790 2232 5859 καιρίαν
2261 5785 2518 5854 ἐπαγάγῃ
2544 5783 2773 5853 πληγήν.
