4106 6426
319 324 394 378 73
935 317 1000 373 IN
1033 316 1561 374 INSCRIPTIONEM
1602 315 1897 372 ALTARIS
1937 315 2024 371 ET
2066 316 2131 375 IN
2170 318 2571 380 PRINCIPIUM
2611 323 2964 383 ACTORUM.
3007 327 3047 384 Ι.
3554 334 3624 391 74

317 448 480 503 quem
505 431 556 485 in
589 443 687 485 nos
712 437 943 500 gestant,
975 429 1061 485 hic
1090 431 1195 484 illis
1221 430 1378 484 letale
1407 429 1598 483 vulnus
1634 428 1844 500 infligit.

391 526 448 578 4.
481 522 819 590 Comparatur
846 523 1043 577 Paulus
1069 540 1182 576 cum
1209 521 1422 576 Dauide.
1460 552 1528 562 ——
1557 521 1702 576 Talis
1718 522 1917 591 quippe

318 617 494 672 virtus
536 625 621 671 est
646 615 896 687 Spiritus.
929 615 1003 671 Ita
1049 615 1318 687 quondam
1348 616 1456 686 egit
1500 615 1659 670 etiam
1704 614 1917 669 David:
1958 591 1981 612 ’

317 709 484 764 exivit
528 708 693 764 armis
724 708 920 774 nudus,
972 717 1032 762 ut
1075 707 1216 763 nuda
1255 707 1423 777 gratia
1465 707 1557 761 Dei
1609 713 1913 776 appareret.

315 799 461 854 Nihil
488 801 654 865 enim,
688 800 878 870 inquit,
903 799 1193 854 humanum
1231 800 1320 865 sit,
1369 797 1583 869 quando
1629 811 1727 868 pro
1764 796 1918 852 nobis

318 903 522 964 pugnat
551 894 711 948 Deus.
746 893 923 947 Exivit
959 907 1088 963 ergo
1115 891 1288 947 nudus
1315 892 1500 956 armis,
1531 900 1584 946 et
1635 889 1825 945 turrim
1853 889 1908 944 il-

319 985 426 1039 lam
451 984 668 1055 dejecit.
704 984 901 1040 Deinde
924 999 1044 1040 cum
1071 985 1237 1040 armis
1281 984 1568 1040 destitutus
1593 992 1758 1048 esset,
1787 998 1914 1038 cur-

319 1093 447 1133 rens
475 1077 709 1149 gladium
749 1077 980 1134 Goliathi
1010 1077 1210 1147 rapuit,
1234 1087 1394 1147 atque
1422 1077 1492 1132 ita
1519 1076 1729 1132 barbari
1758 1083 1916 1145 caput

317 1170 616 1240 amputavit
643 1189 658 1224 :
689 1170 759 1224 ita
788 1184 999 1240 quoque
1030 1168 1223 1223 Paulus
1250 1170 1301 1223 in
1325 1169 1423 1223 hac
1453 1167 1798 1238 inscriptione
1827 1166 1914 1223 fe-

316 1260 414 1313 cit.
445 1264 619 1330 Atque
665 1269 724 1314 ut
757 1259 1089 1314 manifestior
1115 1258 1207 1314 fiat
1227 1259 1463 1314 victoria:
1510 1258 1722 1328 modus,
1744 1259 1914 1314 virtu-

318 1364 429 1409 tem
451 1355 603 1409 vobis
622 1354 980 1423 inscriptionis
1009 1352 1320 1408 declarabo.
1347 1352 1529 1408 Altare
1558 1353 1719 1423 igitur
1748 1351 1916 1408 Athe-

319 1451 407 1504 nis
434 1450 628 1504 Paulus
658 1450 897 1514 invenit,
925 1450 1011 1504 cui
1041 1449 1350 1519 inscriptum
1391 1457 1541 1513 erat,
1574 1446 1757 1518 Ignoto
1784 1445 1911 1501 Deo.

320 1543 453 1610 Quis
473 1553 650 1596 autem
674 1542 764 1598 ille
791 1544 1136 1612 erat'iguotus
1152 1584 1167 1607 ,
1193 1542 1292 1596 nisi
1311 1539 1591 1596 Christus?
1624 1539 1783 1596 Vides
1805 1554 1912 1609 quo

319 1647 476 1704 pacta
491 1635 888 1703 inscriptionem
909 1634 1214 1703 captivitate
1230 1632 1488 1699 liberarit,
1516 1647 1619 1685 non
1643 1640 1698 1684 ut
1716 1630 1912 1685 damno

315 1725 560 1780 afficeret
582 1740 676 1780 eos
698 1725 787 1796 qui
810 1726 1158 1794 scripserunt,
1188 1724 1281 1778 sed
1298 1732 1354 1777 ut
1373 1737 1468 1778 eos
1493 1722 1670 1776 salvos
1686 1721 1909 1788 faceret,

316 1821 506 1888 eisque
542 1818 853 1888 prodesset?
874 1817 1010 1885 Quid
1042 1818 1238 1887 igitur?
1275 1832 1342 1870 an
1376 1823 1591 1885 propter
1616 1814 1906 1880 Christum,

315 1909 458 1964 dicet
502 1910 710 1979 aliquis,
753 1909 890 1963 istud
911 1909 1242 1978 scripserant
1283 1908 1676 1962 Athenienses?
1701 1906 1756 1962 Si
1787 1921 1910 1976 pro-

317 2012 436 2068 pter
461 1999 727 2054 Christum
754 1999 870 2054 haec
899 2000 1252 2055 Athenienses
1273 1999 1633 2068 scripsissent,
1665 2011 1753 2053 res
1773 1995 1909 2051 adeo

317 2092 576 2145 mirabilis
598 2107 701 2145 non
747 2090 1175 2147 fuisset:vcrum
1201 2091 1305 2146 hoc
1331 2101 1414 2147 est
1449 2091 1714 2158 mirabile,
1764 2090 1906 2161 quod

315 2184 392 2236 illi
414 2184 630 2254 quidem
672 2183 828 2238 aliter
854 2183 1184 2252 scripserint,
1235 2183 1320 2236 hic
1373 2195 1549 2239 autem
1581 2181 1736 2238 aliter
1778 2182 1905 2237 illud

316 2278 545 2345 patuerit
573 2279 873 2332 immutare.
898 2276 1086 2346 Operm
1109 2277 1336 2347 pretium
1369 2287 1451 2330 est
1473 2279 1618 2346 prius
1643 2276 1902 2342 dicamus,

310 2387 414 2438 qua
451 2371 519 2424 tie
564 2385 727 2424 causa
765 2369 1079 2438 scripserint
1123 2368 1498 2436 Atheuienses,
1550 2367 1734 2438 Ignoto
1773 2366 1899 2421 Deo.

312 2463 612 2526 Quamnam
661 2461 820 2531 igitur
859 2461 930 2515 ob
969 2475 1183 2515 causam
1206 2461 1565 2529 scripserunt?
1601 2459 1790 2514 Multos
1827 2459 1903 2513 illi

312 2555 452 2608 Deus
483 2552 767 2618 habebant,
795 2557 878 2607 vel
922 2554 1096 2624 potius
1125 2554 1321 2606 multos
1363 2552 1638 2607 dmmoncs
1668 2569 1681 2604 :
1716 2549 1904 2605 Omnes

310 2645 506 2714 quippe
531 2645 603 2696 dii
626 2646 847 2715 gentium
874 2644 1126 2698 demonia
1173 2644 1344 2707 (Pani.
1389 2645 1479 2700 95.
1628 2643 1904 2700 llabebant

307 2746 364 2789 et
408 2736 605 2804 patrios
628 2743 685 2789 et
729 2735 1059 2806 peregrinos.
1107 2736 1309 2791 Videtis
1359 2747 1556 2806 quanta
1607 2737 1801 2791 irrisio.
1844 2737 1900 2792 Si

307 2827 455 2880 enim
506 2828 642 2880 Deus
668 2835 770 2891 est,
823 2842 928 2881 non
965 2837 1044 2882 est
1088 2827 1402 2897 peregrinus
1442 2845 1454 2882 :
1486 2827 1748 2898 siquidem
1780 2827 1901 2882 uni-

307 2918 451 2972 versi
499 2927 759 2972 terrarum
803 2919 951 2973 orbis
997 2927 1083 2973 est
1133 2919 1400 2975 dominus.
1434 2919 1704 2986 Quosdam
1742 2921 1902 2991 igitur

305 3010 530 3064 istorum
562 3011 692 3064 alios
715 3026 744 3064 a
777 3012 1014 3080 patribus
1041 3013 1150 3066 suis
1177 3022 1428 3081 acceptos
1456 3012 1743 3080 habebant,
1767 3015 1900 3068 alios

305 3118 334 3154 a
370 3102 608 3156 finitimis
629 3103 952 3167 nationibus,
973 3114 1154 3172 utpote
1180 3119 1208 3157 a
1245 3102 1458 3174 Scythis
1483 3146 1498 3170 ,
1527 3120 1558 3159 a
1581 3105 1896 3172 Thracibus,

304 3195 377 3248 ab
406 3193 672 3266 Egyptiis
705 3213 718 3249 :
747 3194 888 3265 quod
916 3195 959 3249 si
991 3195 1224 3265 profana:
1251 3195 1610 3264 pcriticssetis
1635 3197 1897 3252 eruditio-

305 3293 411 3353 nis,
443 3289 538 3343 has
567 3289 726 3343 etiam
759 3288 907 3342 vobis
927 3303 1114 3342 omnes
1137 3287 1384 3342 historias
1421 3288 1722 3343 recitarem.
1751 3289 1898 3355 Quo-

303 3385 447 3437 niam
477 3383 636 3453 igitur
663 3397 851 3436 onmes
871 3381 938 3436 ab
961 3382 1110 3436 initio
1137 3397 1241 3436 non
1262 3391 1629 3451 susceperant,
1663 3383 1756 3437 scd
1790 3382 1898 3437 illis

303 3476 498 3530 invecti
529 3474 781 3545 paulatim
818 3473 1047 3540 fuerant,
1080 3473 1170 3528 alii
1206 3473 1420 3544 quidem
1473 3483 1682 3543 patrum
1713 3482 1893 3540 mtatc,

302 3568 394 3620 alii
416 3583 544 3622 vero
581 3567 815 3636 ipsorum
843 3576 1102 3636 tempore,
1139 3567 1521 3621 convenientes
1549 3567 1802 3622 dixerunt
1828 3566 1896 3622 ad

303 3662 533 3716 invicem
563 3677 576 3713 :
605 3658 1062 3726 Quemadmodum
1081 3659 1212 3713 istos
1233 3659 1628 3728 ignorabamus,
1656 3658 1898 3728 quando-

300 3754 518 3825 quidem
545 3754 688 3821 ipsos
716 3752 969 3820 deinceps
992 3751 1296 3820 accepimus
1347 3760 1402 3805 et
1431 3751 1744 3820 agnovimus
1779 3769 1792 3804 :
1822 3750 1892 3803 ita

302 3845 419 3899 fieri
448 3853 640 3914 potest,
675 3851 732 3897 ut
771 3843 844 3896 sit
861 3842 1054 3912 aliquis
1079 3842 1213 3894 alius
1235 3843 1465 3912 ignotus,
1495 3841 1583 3910 qui
1632 3856 1788 3896 verus
1826 3842 1896 3896 sit

303 3941 469 4006 Deus,
497 3937 590 3992 sed
611 3953 641 3992 a
680 3936 836 3990 nobis
862 3937 1080 3989 minime
1122 3935 1392 4004 cognitus,
1425 3933 1516 4003 qui
1547 3949 1577 3988 a
1609 3933 1765 3987 nobis
1809 3933 1892 3987 in-

298 4031 428 4084 sciis
452 4039 732 4100 propterea
760 4027 1060 4096 negligatur
1086 4034 1143 4080 et
1173 4041 1276 4080 non
1304 4025 1532 4080 colatur.
1565 4023 1704 4092 Quid
1735 4024 1894 4094 igitur

301 4119 592 4176 fecerunt?
621 4122 782 4174 Aram
807 4127 1094 4173 erexerunt
1119 4159 1134 4181 ,
1163 4129 1217 4172 et
1264 4117 1671 4186 inscripserunt,
1704 4115 1893 4188 Ignoto

301 4213 433 4276 Deo,
471 4221 528 4265 ut
559 4226 653 4280 per
679 4209 1079 4279 inscriptionem
1135 4210 1234 4262 hoc
1265 4209 1643 4276 significarent,
1669 4208 1724 4264 Si
1756 4209 1894 4263 forte

301 4305 567 4374 quispiam
597 4303 665 4355 sit
693 4302 828 4356 alius
855 4301 1012 4364 Deus,
1031 4301 1118 4369 qui
1149 4299 1383 4355 nondum
1404 4300 1557 4355 nobis
1581 4301 1892 4368 innotuerit,

301 4397 444 4450 lnmc
466 4397 624 4450 etiam
646 4394 902 4448 colemus.
925 4393 1058 4448 Vide
1079 4393 1414 4446 immodicam
1437 4394 1890 4464 superstitionem.

304 4491 591 4559 Propterea
616 4487 752 4542 dixit
774 4502 804 4540 a
835 4485 1094 4556 principio
1145 4484 1360 4550 Paulus,
1394 4484 1497 4538 Per
1532 4487 1702 4538 omnia
1751 4487 1894 4556 quasi

299 4583 749 4653 superstitiosiores
791 4597 877 4634 vos
915 4581 1058 4635 video
1109 4581 1126 4649 (
1155 4581 1266 4631 Act.
1303 4578 1485 4632 17.22
1518 4581 1534 4649 )
1566 4595 1708 4634 :non
1748 4582 1892 4635 enim

300 4678 455 4729 vobis
485 4683 637 4728 notos
666 4673 1004 4726 solummodo
1033 4672 1206 4726 colitis
1231 4671 1384 4736 deos,
1413 4671 1508 4725 sed
1559 4687 1655 4726 eos
1682 4673 1842 4728 etiam
1873 4715 1888 4738 ,

301 4769 392 4834 qui
420 4767 570 4820 vobis
600 4764 836 4819 nondum
858 4763 1207 4818 iunotueriut.
1255 4762 1644 4832 lnscripserant
1672 4763 1746 4818 illi
1768 4765 1891 4834 qui-

299 4859 448 4922 dem,
478 4856 664 4928 Ignoto
687 4855 811 4918 Deo,
846 4855 939 4910 sed
973 4855 1168 4909 Paulus
1216 4855 1596 4923 interpretatus
1612 4864 1734 4922 est;
1768 4872 1890 4911 nam

301 4953 376 5004 illi
403 4951 616 5020 quidem
650 4950 699 5004 id
727 4950 795 5004 de
823 4949 942 5004 aliis
973 4949 1236 5012 dixerant,
1271 4959 1326 5002 at
1369 4950 1495 5004 illud
1519 4951 1631 5019 ipse
1661 4950 1893 5006 traduxit

297 5044 366 5097 ad
395 5044 683 5108 Christum,
728 5052 783 5097 et
807 5041 860 5096 in
890 5042 1248 5112 captivitatem
1294 5057 1508 5096 sensum
1544 5042 1787 5113 redegit,
1837 5053 1891 5096 ct

299 5135 354 5189 in
396 5149 492 5188 sua
522 5149 703 5189 secum
733 5135 847 5189 acie
886 5134 1168 5188 collocavit
1198 5150 1213 5186 :
1248 5133 1408 5200 Quem
1437 5134 1571 5188 enim
1599 5135 1891 5206 ignorantes

298 5245 387 5280 uas
408 5230 591 5292 colitis,
623 5228 755 5280 lianc
778 5242 870 5297 ego
896 5225 1033 5280 vobis
1054 5226 1300 5280 annuntio
1319 5225 1423 5296 (Ib.
1453 5241 1500 5278 υ.
1523 5225 1637 5297 28),
1672 5227 1843 5296 inquit
1871 5242 1886 5292 ;

298 5323 510 5390 ignotus
537 5320 680 5374 enim
711 5319 848 5373 alius
893 5319 1034 5373 Deus
1073 5333 1178 5371 non
1208 5329 1310 5383 est,
1365 5318 1467 5372 nisi
1497 5317 1760 5374 Christus.
1813 5321 1892 5374 Ac

297 5414 422 5467 vide
473 5412 812 5482 prudentiam
857 5410 1211 5480 Spiritualem.
1239 5409 1508 5478 Objecturi
1537 5411 1791 5480 deinceps
1818 5411 1892 5465 illi

295 5515 475 5566 erant.
505 5504 648 5559 Nova
679 5505 923 5574 qumdam
952 5503 1198 5573 dogmata
1242 5503 1404 5556 infers
1428 5503 1645 5558 auribus
1673 5503 1890 5568 nostris,

295 5597 452 5652 novis
482 5597 643 5653 rebus
692 5596 879 5652 studes
905 5637 920 5660 ,
954 5596 1119 5670 Deum
1150 5595 1376 5658 invehis,
1403 5611 1560 5664 quem
1609 5611 1714 5648 non
1745 5594 1896 5648 novi-

295 5705 437 5744 mus.
482 5689 548 5744 Ut
579 5689 739 5760 igitur
770 5689 870 5743 illis
927 5688 1284 5757 suspicionem
1315 5687 1575 5743 eximeret
1619 5688 1892 5754 novitatis,

293 5799 462 5856 seque
493 5797 693 5837 novum
741 5781 904 5836 Dcmn
941 5779 1158 5836 minimc
1202 5780 1493 5850 prirdicarc
1541 5781 1890 5852 ostenderet,

2025 429 2120 484 sed
2151 447 2309 502 quem
2343 435 2441 504 ipsi
2490 437 2640 506 prius
2680 439 2825 494 cultu
2854 441 3224 500 honorandum
3251 459 3570 508 censuerant
3602 496 3620 518 .

2022 521 2270 614 adjunxit
2293 537 2347 580 et
2372 527 2525 595 dixit,
2562 529 2723 594 Quem
2745 533 3036 603 ignorantes
3060 537 3250 607 colitis,
3272 557 3388 595 eum
3415 558 3508 614 ego
3533 559 3619 598 vo-

2025 609 2099 666 bis
2121 617 2392 670 annuntio.
2424 617 2530 673 Vos
2553 635 2644 676 me
2666 625 3018 692 praevenistis,
3048 627 3216 699 inquit
3242 647 3258 696 ;
3285 609 3622 702 pranlicatio-

2023 717 2147 808 netu
2176 721 2349 762 meam
2375 709 2551 767 cultus
2579 724 2757 770 vester
2783 722 3199 790 praeoccupavit.
3222 721 3302 780 Ne
3331 725 3492 796 igitur
3518 728 3589 784 ob
3607 757 3621 772 ο

2018 805 2216 864 petatis
2262 815 2459 855 novum
2494 818 2526 859 a
2578 820 2666 862 me
2699 806 2864 863 Deum
2897 810 3078 867 inferri
3108 813 3291 870 :hunc
3340 817 3485 872 enim
3515 834 3615 874 ano

2023 887 2211 981 nuntio
2236 905 2393 960 quem
2417 909 2510 950 vos
2526 896 2701 952 colitis
2727 899 3053 970 ignorantes,
3084 920 3188 960 non
3211 906 3373 978 digno
3400 910 3615 981 quidem

2025 979 2206 1045 modo,
2239 983 2333 1038 sed
2366 995 2541 1042 tamen
2571 990 2764 1046 colitis.
2792 991 2908 1048 Non
2958 996 3104 1051 enim
3132 998 3237 1054 tale
3263 979 3478 1058 Christo
3503 1006 3614 1059 eri-

2019 1070 2164 1140 gitur
2181 1074 2368 1140 altare,
2402 1080 2495 1135 sed
2529 1082 2819 1140 animatum
2869 1088 3037 1144 altare
3065 1105 3130 1146 ac
3173 1093 3486 1164 spirituale;
3518 1115 3616 1155 ve-

2020 1174 2320 1222 rumtamen
2349 1170 2417 1226 ab
2443 1170 2546 1228 hoc
2573 1173 2641 1230 ad
2669 1175 2798 1232 illud
2829 1194 2924 1234 vos
2950 1197 3168 1251 possum
3198 1185 3510 1255 perducere.
3537 1189 3612 1246 Ita

2018 1272 2239 1331 quoque
2267 1263 2440 1320 Judaei
2468 1271 2737 1338 quondam
2789 1275 2993 1332 cultum
3040 1281 3404 1339 exhibebant:
3432 1287 3526 1340 Sed
3578 1304 3606 1340 a

2017 1357 2287 1422 corporali
2318 1359 2465 1414 cultu
2488 1375 2844 1432 recesserunt,
2868 1378 2917 1422 et
2940 1369 3007 1424 ad
3023 1373 3352 1442 spiritualem
3383 1377 3609 1433 traducti

2016 1455 2158 1510 sunt,
2181 1449 2268 1516 qui
2293 1451 2634 1509 crediderunt
2659 1470 2866 1514 omnes.
2901 1459 3059 1516 Vides
3082 1462 3230 1519 Pauli
3255 1467 3610 1536 sapientiam?

2020 1537 2169 1593 vides
2217 1541 2600 1609 prudentiam?
2647 1548 2797 1604 vides
2826 1568 2932 1621 quo
2982 1563 3138 1624 pacto
3189 1556 3310 1614 illos
3351 1558 3611 1618 devicerit

2017 1643 2124 1684 non
2170 1634 2511 1703 evangelicis,
2541 1653 2646 1694 non
2673 1642 3003 1712 prepheticis
3031 1661 3158 1701 usus
3194 1647 3373 1718 dictis,
3399 1651 3492 1706 sed
3524 1653 3608 1707 iu-

2015 1721 2337 1791 scriptione?
2357 1725 2472 1782 Noli
2494 1743 2644 1800 ergo,
2669 1733 2964 1799 carissime,
2983 1735 3286 1794 divinorum
3303 1741 3608 1813 inscriptio-

2015 1818 2502 1888 nemeloquiorum
2535 1826 2986 1892 printer-mittere:
3017 1846 3141 1886 nam
3192 1833 3237 1887 si
3289 1820 3526 1891 attentus
3555 1847 3606 1893 et

2013 1907 2236 1976 vigilans
2269 1909 2456 1980 fueris,
2485 1915 2647 1969 etiam
2679 1917 2732 1972 in
2759 1918 2951 1975 alienis
2981 1923 3112 1978 utile
3137 1924 3409 1997 quidpiam
3437 1929 3602 1986 oﬂ'cn-

2013 1997 2108 2096 des
2143 2017 2154 2053 :
2187 2001 2268 2056 sin
2291 2015 2470 2060 autem
2504 2008 2778 2081 negligens
2827 2028 2890 2068 ac
2916 2007 3203 2084 remissus,
3236 2036 3304 2076 ne
3331 2023 3460 2093 ipsae
3484 2026 3606 2096 qni-

2012 2090 2131 2186 dem
2157 2094 2246 2186 tibi
2269 2111 2436 2153 sacra:
2461 2097 2652 2155 Literae
2683 2103 2941 2172 prodesse
2967 2117 3232 2176 poterunt.
3261 2090 3393 2168 Nam
3417 2090 3606 2186 quem-

2011 2181 2297 2240 admodtnn
2330 2189 2418 2257 qui
2471 2191 2614 2246 lucra
2659 2194 2806 2249 novit
2845 2199 3094 2269 colligere
3121 2243 3135 2267 ,
3185 2181 3603 2276 undique-lucra

2009 2274 2215 2345 Colligit
2247 2294 2260 2331 :
2292 2279 2365 2333 ita
2391 2290 2444 2335 et
2466 2282 2510 2336 is
2549 2283 2644 2352 qui
2670 2287 2889 2343 minime
2919 2292 3088 2356 novit,
3112 2274 3356 2362 quamvis
3387 2297 3602 2355 thesau-

2009 2383 2126 2421 rum
2151 2370 2432 2440 invenerit,
2465 2375 2637 2430 inanis
2664 2380 2882 2434 recedit.
2913 2381 3082 2439 Vultis
3103 2395 3155 2439 et
3183 2387 3406 2442 alterum
3431 2391 3606 2448 simile

2009 2475 2382 2554 arguit-iculum
2410 2467 2462 2522 in
2502 2469 2737 2525 medium
2769 2473 3012 2542 afferam,
3039 2479 3179 2548 quod
3221 2481 3356 2536 alius
3385 2484 3602 2554 quidem

2010 2552 2119 2607 alio
2146 2568 2308 2609 sensu
2356 2560 2596 2626 protulit,
2625 2562 2720 2616 scd
2761 2568 3084 2634 evangelista
3117 2571 3222 2625 vim
3268 2552 3454 2629 eorum
3484 2592 3603 2646 qua:

2007 2641 2148 2697 dicta
2197 2645 2398 2701 fuerant
2429 2649 2494 2702 ad
2522 2665 2580 2705 se
2609 2652 2882 2710 traduxit?
2913 2655 3094 2726 Itaque
3113 2659 3399 2731 diligenter
3421 2641 3598 2722 atten-

2006 2731 2135 2798 dite,
2169 2745 2230 2789 ut
2253 2735 2400 2792 illum
2427 2755 2639 2811 quoque
2664 2743 2884 2800 discatis
2902 2749 3231 2806 intellectum
3257 2754 3324 2809 ad
3345 2756 3599 2813 obedien-

2006 2823 2143 2922 dum.
2159 2824 2374 2922 Christo
2400 2829 2454 2922 in
2478 2834 2836 2902 captivitatem
2852 2842 3117 2911 redegisse
3141 2843 3217 2916 (2.
3240 2844 3359 2902 Cor.
3392 2849 3477 2904 I0.
3508 2850 3595 2922 5):

2007 2924 2064 2968 ut
2092 2915 2334 2985 discatis,
2367 2920 2410 2975 si
2459 2923 2632 2978 aliena
2663 2941 2946 2995 possumus
2975 2933 3025 2986 in
3056 2936 3417 3003 captivitatem
3449 2915 3596 2995 redi-

2003 3019 2152 3075 gere,
2183 3009 2348 3066 multo
2374 3014 2542 3084 magis
2567 3030 2665 3070 nos
2690 3017 2741 3072 in
2789 3023 3016 3090 pr0priis
3041 3031 3420 3096 negotiaturos,
3453 3047 3600 3102 quie-

2004 3108 2254 3170 stumque
2281 3103 2536 3164 facturos.
2565 3109 2810 3168 Pontifex
2845 3127 2961 3170 erat
3008 3119 3135 3174 anni
3163 3121 3304 3176 illius
3329 3122 3597 3195 Caipbas:

2005 3207 2127 3247 nam
2152 3205 2204 3249 et
2235 3195 2336 3251 hoc
2355 3199 2456 3253 fuit
2478 3199 2713 3258 Iudaica:
2732 3206 3087 3276 improbitatis
3119 3230 3131 3266 :
3155 3217 3406 3284 quoniam
3433 3219 3601 3290 dEgui-

2004 3293 2166 3341 tatem
2213 3292 2599 3349 sacerdotalem
2631 3296 2767 3353 adeo
2819 3299 3177 3372 deturpabant
3205 3350 3222 3373 ,
3279 3319 3336 3364 ut
3382 3315 3598 3369 venales

2005 3383 2285 3449 pontifices
2323 3386 2631 3442 redderent.
2682 3391 2850 3447 Antea
2879 3410 3006 3450 vero
3038 3414 3142 3452 non
3168 3400 3239 3454 ita
3269 3403 3448 3471 fiebat,
3498 3409 3594 3462 sed

2001 3473 2114 3527 sola
2145 3483 2318 3529 morte
2351 3478 2618 3545 pontificis
2652 3485 3008 3540 sacerdotium
3033 3491 3456 3550 terminabatur:
3481 3506 3594 3554 tum

2002 3579 2132 3618 vero
2160 3566 2320 3620 ctiatn
2349 3570 2589 3626 viventes
2621 3571 2822 3630 honore
2851 3590 2910 3632 se
2948 3579 3285 3637 abdicabant.
3335 3585 3469 3640 Cum
3498 3587 3597 3658 igi-

2004 3664 2088 3710 tur
2109 3656 2251 3711 illius
2277 3661 2403 3714 anni
2435 3664 2673 3732 pontifex
2701 3675 2845 3721 esset
2876 3669 3126 3739 Caiphas,
3157 3673 3373 3731 Judteos
3406 3656 3596 3736 adver-

2001 3761 2094 3802 sus
2120 3747 2391 3804 Christum
2421 3754 2664 3808 armabat
2713 3771 2776 3810 ac
2805 3757 3019 3814 dicebat
3048 3779 3061 3815 :
3091 3763 3242 3819 lluuc
3271 3769 3406 3823 mori
3434 3784 3593 3841 opor-

2003 3847 2074 3893 tet
2103 3855 2260 3895 :cum
2289 3849 2468 3897 tamen
2497 3844 2631 3898 nihil
2662 3847 2884 3903 haberet
2909 3853 3050 3920 quod
3081 3854 3129 3908 ei
3179 3857 3457 3928 objiceret,
3496 3864 3592 3929 sed

2001 3932 2196 3988 invidia
2218 3934 2392 3988 solum
2425 3935 2744 3993 tabesceret.
2771 3940 2843 3996 Ea
2876 3957 3102 4013 namque
3125 3945 3335 4003 invidia:
3356 3961 3441 4005 est
3463 3967 3592 4007 con-

1999 4024 2150 4091 ditio,
2179 4026 2336 4081 talem
2381 4039 2719 4099 acceptorum
2768 4033 3149 4092 beneficiorum
3179 4045 3476 4100 mercedem
3509 4063 3592 4103 rc-

2002 4117 2202 4186 pendit.
2262 4117 2414 4176 Unde
2444 4121 2754 4178 insidiarmn
2785 4142 3000 4182 causam
3051 4134 3296 4201 aperiens
3340 4137 3548 4194 diccbat
3574 4181 3590 4206 ,

2002 4208 2224 4280 Expedit
2256 4221 2307 4264 ut
2334 4229 2464 4266 unus
2494 4215 2642 4268 homo
2678 4219 2946 4283 moriatur,
2981 4231 3027 4275 et
3077 4240 3179 4278 non
3225 4236 3330 4280 tota
3356 4246 3479 4298 gens
3506 4249 3592 4302 pe-

1997 4313 2110 4357 rent
2129 4302 2308 4372 (Joan.
2336 4307 2422 4360 Il.
2446 4307 2557 4377 50).
2587 4308 2758 4380 Hujus
2785 4313 2932 4367 verbi
2960 4317 3129 4370 virtus
3149 4317 3269 4373 vide
3298 4336 3406 4389 quo
3433 4333 3593 4393 pacto

2001 4394 2052 4447 in
2078 4405 2288 4449 nostras
2323 4407 2500 4466 partes
2530 4403 2823 4468 transierit,
2850 4413 2907 4456 ut
2931 4405 3194 4476 intelligas
3231 4411 3451 4465 verbum
3473 4413 3588 4484 qui-

1997 4486 2118 4540 dem
2142 4486 2308 4542 fuisse
2337 4490 2650 4556 sacerdotis,
2677 4503 2730 4545 at
2755 4508 2970 4548 sensum
2991 4497 3320 4565 spiritualem
3349 4501 3464 4558 fieri
3495 4521 3589 4574 po-

2001 4581 2183 4635 tuisse.
2215 4579 2436 4652 Ea‘pedit
2457 4592 2511 4636 ut
2529 4601 2661 4637 unus
2685 4585 2834 4639 Immo
2856 4588 3122 4656 moriatur,
3146 4601 3190 4644 et
3216 4609 3316 4648 non
3341 4604 3448 4652 tota
3468 4615 3592 4669 gens

2000 4680 2188 4742 pereat.
2216 4671 2330 4725 Hoc
2359 4682 2528 4727 autem
2555 4691 2588 4727 α
2606 4677 2875 4746 semetipso
2898 4695 2999 4732 non
3025 4680 3242 4750 dicebat,
3278 4685 3469 4756 inquit,
3499 4693 3589 4745 sed

2001 4763 2292 4847 cum-esset
2315 4760 2556 4847 pontifex
2584 4767 2710 4818 anui
2733 4766 2899 4825 illius,
2919 4769 3244 4836 prophetarit
3270 4771 3376 4843 (Ib.
3402 4792 3448 4830 υ.
3467 4777 3582 4847 5i),

2002 4841 2146 4910 quod
2167 4847 2305 4900 mori
2324 4846 2602 4906 Christum
2623 4862 2906 4923 Oporteret
2928 4873 3034 4912 non
3055 4863 3217 4916 modo
3244 4841 3342 4934 pro
3353 4841 3580 4936 Iudaeis,

2001 4938 2094 4992 sed
2123 4947 2175 4993 et
2203 4957 2300 5011 pro
2328 4951 2440 4998 tota
2466 4957 2627 5017 gente
2652 4967 2664 5004 :
2693 4963 2980 5022 propterea
3002 4956 3244 5027 dicebat,
3268 4960 3493 5033 Expedit
3519 4977 3579 5020 ut

1999 5045 2134 5084 unus
2168 5035 2428 5088 moriatur
2452 5037 2630 5099 homo.
2661 5053 2711 5095 et
2741 5060 2844 5098 non
2886 5055 2994 5100 tota
3026 5067 3143 5121 gens
3175 5065 3370 5122 pereat.
3410 5056 3577 5112 Vides

2000 5131 2292 5201 potentiam
2321 5131 2436 5197 Dei,
2460 5147 2567 5204 quo
2614 5141 2777 5204 pacto
2804 5134 3039 5205 linguam
3071 5147 3226 5207 cogat
3250 5138 3589 5196 inimicorum

1999 5239 2095 5294 pro
2119 5223 2344 5277 veritate
2371 5223 2533 5277 verba
2564 5223 2784 5279 facere?

2068 5316 2120 5370 5.
2154 5311 2412 5384 Neopliyti
2431 5316 2517 5384 qui
2539 5315 2643 5368 veri
2672 5316 2793 5370 sint.
2813 5348 2888 5358 —
2907 5317 2976 5375 Ut
3006 5318 3163 5389 igitur
3191 5320 3479 5391 Scriptum!
3500 5339 3590 5378 sa-

1998 5421 2105 5461 crae
2132 5406 2312 5460 titulos
2342 5421 2445 5459 non
2471 5408 2963 5474 praetermittamus,
2987 5409 3314 5466 sufﬁcienter
3342 5412 3456 5468 haec
3505 5416 3588 5470 di-

1998 5511 2083 5555 cta
2113 5501 2240 5566 sint,
2269 5501 2312 5554 si
2333 5497 2480 5553 forte
2511 5500 2867 5555 recordemini
2895 5519 2909 5553 :
2941 5515 3191 5568 cuperem
3218 5514 3400 5558 autem
3427 5507 3588 5563 etiam

2000 5595 2181 5651 dicere
2228 5597 2350 5668 quis
2379 5595 2449 5649 sit
2491 5603 2678 5648 auctor
2707 5593 2847 5658 libri,
2881 5603 2936 5648 et
2977 5595 3228 5662 quando,
3273 5613 3485 5669 quaque
3523 5599 3590 5656 de

2000 5702 2158 5742 causa
2181 5687 2328 5741 illum
2353 5685 2646 5754 scripserit.
2678 5684 2784 5739 Sed
2815 5683 2929 5738 haec
2956 5684 3166 5739 iuuerim
3200 5699 3376 5742 mente
3409 5700 3588 5746 tenea-

2005 5793 2157 5850 mus;
2192 5779 2276 5834 illa
2307 5791 2435 5832 vero
2462 5776 2696 5832 crastino
2720 5772 2830 5830 die.
2862 5774 2905 5828 si
2955 5774 3095 5831 Deus
3144 5778 3400 5850 voluerit,
3431 5783 3599 5839 resti‘
