4106 6442
506 358 579 413 75
1205 341 1263 396 S.
1304 333 1584 395 JUANNIS
1620 321 2096 389 CHRYSOSTOMI
2138 317 2453 376 ARCIIIEP.
2484 313 3021 372 CONSTANTINUP.
3747 305 3828 362 ’16

512 479 744 525 tuemus.
772 461 944 520 Statui
993 471 1244 528 namque,
1271 451 1409 523 quod
1438 449 1702 518 reliquum
1739 449 1842 505 est,
1887 450 2099 492 sermo-

518 576 641 614 nem
671 557 737 612 ad
780 569 951 621 nuper
976 549 1302 606 illuminatos
1339 547 1676 597 convertere.
1720 535 1898 604 Nuper
1921 540 2098 582 autem

517 648 846 704 illuminatos
876 641 1086 712 appello
1124 652 1228 691 non
1257 648 1375 699 eos,
1410 631 1500 700 qui
1531 636 1654 682 ante
1701 625 1835 678 duos
1863 631 1914 676 et
1945 628 2054 672 tres
2082 654 2098 680 ,

515 756 691 809 neque
719 738 806 807 qui
836 744 961 789 ante
987 732 1172 786 decem
1203 727 1320 781 dies
1349 719 1632 778 illuminati
1683 724 1808 772 sunt
1851 721 2054 767 tantum
2083 749 2099 772 ,

512 835 606 890 sed
651 847 744 886 eos
780 831 940 884 etiam
969 825 1059 896 qui
1117 831 1249 877 ante
1287 832 1524 880 annum,
1552 825 1710 882 atque
1756 808 1890 863 adeo
1937 804 2103 860 multo

511 935 636 980 ante
664 933 902 991 tempore
928 936 940 971 :
967 893 1400 987 quandoquidem
1448 907 1547 961 hos
1571 915 1786 975 quoque
1809 900 1886 954 sic
1915 893 2101 965 appel-

513 1019 608 1074 lari
639 1023 871 1086 oportet.
899 1013 953 1068 Si
976 1011 1118 1065 enim
1151 1008 1202 1062 in
1227 1000 1518 1061 excolenda
1553 999 1730 1052 anima
1757 1002 1938 1047 nostra
1964 987 2104 1043 mul-

512 1121 624 1167 tum
656 1108 818 1163 studii
849 1103 1254 1161 exhibuerimns
1287 1138 1303 1164 ,
1355 1107 1646 1168 possumus
1673 1099 1727 1144 et
1757 1095 1876 1157 post
1916 1084 2102 1139 ἀοι-ιιιιι

511 1220 680 1261 annos
717 1217 885 1271 nuper
915 1195 1195 1254 illuminati
1217 1207 1358 1251 esse,
1386 1189 1430 1242 si
1457 1185 1610 1242 nobis
1641 1182 1927 1254 ingenitam
1957 1192 1986 1230 a
2014 1175 2106 1228 ha-

513 1299 760 1370 ptismate
792 1293 1126 1364 iuventutem
1173 1278 1694 1340 conservaverimus.
1740 1272 1922 1346 Neque
1961 1269 2103 1322 enim

511 1357 681 1460 imper
719 1357 1074 1440 illuminatutn
1118 1375 1283 1432 eﬂicit
1323 1383 1552 1440 tempus,
1582 1365 1679 1422 sed
1725 1364 1833 1416 vita
1885 1357 2103 1421 munda,

510 1453 632 1533 cuin
664 1477 779 1531 ﬁeri
808 1473 1000 1541 possit,
1031 1478 1087 1523 ut
1115 1477 1233 1537 post
1257 1464 1393 1519 duos
1412 1462 1572 1516 etiam
1593 1457 1730 1520 dies,
1763 1453 1849 1522 qui
1883 1453 1977 1505 sibi
2001 1463 2106 1503 non

513 1577 720 1628 caveat,
747 1559 1120 1633 appellationis
1145 1557 1304 1626 hujus
1332 1553 1644 1624 dignitatem
1670 1546 1898 1600 amittat.
1932 1545 2105 1610 Atque

513 1658 674 1727 hujus
705 1632 795 1711 rei,
824 1632 979 1707 vobis
1017 1648 1328 1718 exemplum
1376 1640 1668 1713 proteram,
1698 1652 1804 1707 quo
1831 1641 1986 1705 pacto
2017 1632 2106 1700 qui

515 1766 687 1820 nuper
713 1748 1045 1802 illuminatus
1075 1751 1188 1797 erat
1209 1780 1227 1807 ,
1254 1738 1433 1794 statim
1459 1743 1576 1805 post
1603 1731 1738 1786 duos
1767 1728 1882 1783 dies
1907 1735 1959 1779 et
1985 1741 2111 1794 gra-

517 1817 644 1896 tiain
665 1849 721 1895 et
749 1839 1012 1892 honorem
1065 1846 1236 1902 nuper
1264 1824 1547 1884 illuminati
1573 1822 1830 1876 amiserit.
1864 1817 1975 1871 Hoc
2013 1831 2110 1867 au-

518 1942 624 1988 tem
650 1928 952 1998 exemplum
1003 1924 1205 1978 idcirco
1235 1935 1264 1974 a
1294 1933 1381 1973 me
1412 1914 1680 1987 profertur
1705 1953 1721 1976 ,
1769 1919 1826 1964 ut
1854 1925 1976 1963 cum
2020 1906 2101 1958 la-

518 2039 672 2096 psum
721 2023 883 2074 istum
911 2015 1170 2080 videritis,
1198 2011 1428 2066 salutem
1456 2017 1690 2061 vestram
1739 2002 1790 2055 in
1828 2009 1940 2052 tuto
1984 2012 2114 2050 con-

519 2115 774 2171 stituatis.
811 2111 926 2166 Non
957 2109 1106 2164 enim
1153 2114 1358 2160 tantum
1404 2113 1594 2154 eorum
1653 2093 1900 2162 exemplo
1963 2089 2112 2144 vobis

519 2207 793 2282 proposito
819 2203 910 2274 qui
941 2209 1205 2258 steterunt
1230 2239 1244 2262 ,
1279 2195 1375 2251 sed
1411 2206 1600 2248 eorum
1639 2190 1822 2252 etiam,
1855 2186 1942 2254 qui
1975 2197 2108 2250 snp-

523 2273 741 2370 plantati
781 2273 944 2358 sunt,
1000 2287 1302 2362 corrigendi
1355 2285 1486 2340 estis
1537 2291 1590 2336 et
1638 2277 1879 2334 sanandi.
1928 2273 2113 2328 Simon

518 2394 708 2461 Magos
732 2400 1026 2443 conversus
1055 2391 1201 2448 erat,
1257 2377 1446 2447 inquit,
1503 2383 1558 2428 et
1601 2371 1901 2442 baptizatus
1929 2365 2114 2419 adhae-

521 2457 674 2540 rebat
700 2481 967 2548 Philippo,
1001 2476 1186 2530 videns
1225 2472 1376 2542 signa
1408 2487 1421 2523 :
1456 2465 1549 2521 sed
1597 2474 1714 2535 post
1770 2474 1964 2532 paucos
1999 2457 2114 2512 dies

519 2575 696 2631 statim
721 2572 786 2627 ad
820 2569 1087 2641 prepriam
1126 2579 1374 2620 reversus
1411 2569 1496 2616 est
1532 2557 1848 2628 nequitiam,
1877 2562 1931 2608 et
1959 2567 2110 2606 suam

520 2668 747 2722 salutem
773 2677 953 2718 emere
1001 2658 1221 2730 pecunia
1254 2655 1487 2708 volebat.
1517 2649 1652 2720 Quid
1693 2663 1823 2717 ergo
1854 2660 2023 2714 nuper
2053 2642 2114 2695 il-

521 2758 780 2813 luminato
804 2753 940 2808 dixit
971 2751 1206 2806 Petrus?
1255 2747 1282 2800 1
1291 2765 1324 2800 n
1368 2745 1486 2818 felle
1533 2737 1890 2796 amaritudinis
1915 2746 1962 2790 et
1989 2734 2118 2788 obli-

519 2851 720 2922 gatione
739 2845 1014 2918 iniquitatis
1035 2841 1175 2896 video
1205 2849 1253 2893 te
1281 2853 1386 2892 esse
1405 2850 1426 2889 :
1449 2834 1683 2903 quocirca
1711 2829 1876 2884 Deum
1897 2843 2043 2896 roga,
2071 2825 2115 2878 si

522 2916 652 3014 iam:
674 2916 960 2994 remittatur
989 2934 1075 2988 tibi
1101 2933 1210 2986 lure
1234 2927 1457 2999 nequitia
1480 2925 1616 2996 (Act.
1645 2922 1681 2978 8
1722 2919 1813 2976 25.
1831 2919 1946 2987 22).
1976 2916 2120 2972 Nun-

522 3006 652 3090 dum
683 3033 957 3100 ingressus
982 3035 1064 3080 est
1084 3021 1401 3082 certamina,
1431 3027 1486 3071 et
1513 3015 1691 3070 statim
1721 3010 1941 3080 indigno
1965 3006 2118 3061 venia

523 3139 650 3181 casu
685 3099 963 3193 prolapsus
987 3123 1092 3172 est.
1120 3112 1190 3170 Ut
1244 3111 1405 3181 igitur
1430 3118 1550 3179 post
1588 3105 1724 3160 duos
1749 3103 1867 3157 dies
1917 3099 2116 3155 cadere

524 3231 828 3290 possumus,
850 3222 906 3267 et
935 3224 1104 3280 nuper
1145 3201 1429 3260 illuminati
1465 3197 1874 3270 appellationem
1905 3202 1958 3246 et
1991 3205 2117 3262 gra-

526 3311 653 3364 tiam
683 3304 942 3378 pcrdt-re:
975 3301 1048 3355 ita
1073 3311 1285 3370 quoque
1314 3302 1432 3364 post
1457 3291 1646 3345 decem
1685 3303 1748 3342 ac
1795 3283 1980 3355 viginti
2016 3298 2117 3336 an-

525 3416 644 3465 nos,
670 3408 726 3455 et
751 3398 818 3451 ad
845 3395 1004 3450 ﬁnem
1031 3405 1199 3461 usque
1221 3389 1342 3442 vita:
1373 3398 1657 3456 possumus
1678 3379 1990 3451 prmclarum
2018 3375 2120 3431 hoc

526 3501 686 3561 atque
717 3486 1075 3542 venerandum
1104 3497 1299 3536 nomen
1330 3493 1393 3532 ac
1425 3493 1536 3531 rem
1568 3487 1910 3530 conservare.
1939 3473 2117 3538 Atque

528 3585 632 3638 hoc
661 3581 855 3636 Paulus
887 3585 1113 3632 testatur
1130 3571 1426 3642 apostolus,
1454 3568 1544 3639 qui
1572 3567 1624 3622 in
1646 3571 1924 3620 senectute
1951 3561 2120 3616 maxi-

528 3691 616 3732 me
641 3671 864 3728 illustris
889 3669 1009 3724 fuit.
1030 3666 1164 3724 Nam
1188 3664 1439 3735 quoniam
1483 3676 1513 3713 a
1539 3666 1729 3713 natura
1760 3671 1864 3711 non
1896 3665 1978 3709 est
2006 3653 2121 3707 haec

529 3767 810 3829 inventus,
838 3762 934 3819 sed
974 3761 1252 3829 utriusque
1295 3753 1552 3827 propositi
1593 3761 1871 3820 compotes
1897 3761 2116 3810 sumus;

528 3869 588 3915 ut
615 3857 698 3912 vel
752 3867 1118 3919 senescamus,
1146 3849 1230 3904 vel
1265 3849 1488 3917 juvenes
1515 3856 1846 3908 maneamus,
1875 3855 1905 3894 a
1937 3849 2120 3894 nostro

529 3950 728 4024 pendet
763 3948 1005 4004 arbitrio.
1053 3945 1107 4000 In
1133 3955 1360 4012 corpore
1395 3937 1614 4009 quidem
1653 3935 1780 3990 licet
1819 3946 1982 3987 omne
2009 3942 2122 3985 stu-

527 4044 675 4100 dium
704 4041 824 4110 quis
871 4037 1120 4094 adhibeat
1146 4073 1163 4098 ,
1193 4033 1318 4088 licet
1363 4043 1578 4084 omnem
1626 4025 1858 4097 lapidem
1887 4029 2117 4087 moveat,

531 4134 655 4190 licet
679 4129 808 4187 illud
839 4128 1059 4184 minime
1086 4132 1264 4186 vexet,
1295 4123 1419 4176 licet
1469 4119 1614 4175 domi
1654 4115 1948 4176 contineat.
1996 4112 2123 4168 licet

533 4221 806 4282 laboribus
845 4217 976 4274 illud
1023 4224 1078 4272 et
1117 4213 1386 4270 continuis
1443 4207 1698 4281 operibus
1726 4221 1833 4261 non
1875 4203 2119 4272 afﬂigat:

531 4327 710 4373 tamen
741 4329 805 4369 es
837 4313 957 4382 lege
981 4317 1186 4365 natura:
1207 4305 1286 4361 sic
1307 4317 1518 4375 quoque
1543 4300 1700 4372 plane
1719 4306 1970 4353 senectus
1995 4294 2122 4350 illud

532 4407 768 4465 invadet.
795 4405 852 4461 In
877 4403 1056 4458 anima
1086 4414 1214 4455 vero
1243 4411 1348 4452 non
1395 4396 1467 4450 ita
1514 4395 1573 4448 tit
1600 4409 1615 4448 :
1644 4390 1739 4447 sed
1769 4390 1814 4444 si
1847 4389 1990 4443 illam
2018 4388 2122 4442 mi-

531 4503 676 4555 nime
703 4511 888 4560 vexes,
917 4507 1090 4562 neque
1117 4486 1464 4546 saacularibus
1507 4499 1627 4540 eam
1653 4480 1926 4538 laboribus
1948 4478 2124 4535 euris-

530 4605 636 4660 que
664 4585 946 4642 mundanis
963 4581 1261 4645 excrucies,
1288 4579 1623 4650 iuventutem
1662 4588 1814 4629 suam
1866 4582 2125 4642 perpetuo

535 4683 750 4742 retinet.
785 4679 1113 4746 illaesamque
1163 4680 1469 4728 conservat.
1499 4669 1690 4725 Nonne
1719 4666 1912 4722 videtis
1945 4665 2042 4718 has
2070 4664 2124 4717 in

533 4772 669 4827 ea-lo
709 4771 844 4824 lixas
873 4766 1090 4822 stellas?
1115 4765 1234 4820 Jam
1271 4779 1365 4833 per
1394 4777 1564 4816 annos
1592 4760 1768 4816 sexies
1796 4757 1940 4812 mille
1969 4756 2126 4811 nobis

536 4867 737 4929 lucent,
770 4877 868 4917 nec
899 4861 1133 4930 ipsarum
1167 4857 1274 4911 ulla
1305 4855 1440 4910 facta
1466 4863 1551 4909 est
1575 4853 1874 4907 obscurior.
1898 4848 2048 4918 Quod
2079 4847 2125 4902 si

535 4958 622 5012 ubi
642 4964 844 5010 natura:
862 4969 948 5008 res
964 4959 1067 5014 est,
1085 4953 1155 5004 ita
1183 4962 1370 5004 recens
1385 4954 1439 5001 et
1461 4944 1693 5000 vividum
1714 4944 1890 4998 lumen
1916 4956 2128 4996 remane

536 5050 649 5104 sit:
681 5046 774 5100 ttbi
803 5042 1094 5098 voluntatis
1133 5055 1222 5095 res
1271 5048 1352 5092 est
1371 5078 1388 5105 ,
1416 5051 1595 5091 nonne
1633 5036 1801 5090 multo
1828 5033 1996 5103 magis
2022 5031 2128 5086 tale

537 5136 901 5210 permanebit,
936 5134 1094 5204 quale
1122 5133 1190 5186 ab
1213 5131 1363 5185 initio
1389 5127 1639 5183 refulsit?
1670 5127 1781 5181 lmo
1809 5139 1937 5178 vero
1966 5123 2009 5177 si
2035 5138 2130 5176 ve-

539 5233 722 5293 limus,
752 5243 855 5283 non
888 5225 992 5280 tale
1020 5234 1223 5278 tantum
1266 5219 1617 5292 permanebit,
1668 5217 1764 5272 sed
1793 5213 2126 5284 splendidius

535 5324 696 5379 etiam
726 5319 850 5385 erit,
883 5317 962 5372 sic
1007 5325 1067 5369 ut
1109 5316 1254 5384 ipsos
1286 5313 1447 5366 etiam
1475 5310 1606 5366 solis
1624 5307 1803 5362 radios
1823 5305 2121 5360 :emuletur.

539 5414 657 5468 Vin‘
689 5421 746 5466 tu
778 5409 1075 5478 intelligere
1125 5420 1233 5477 quo
1283 5412 1438 5473 pacto
1495 5413 1782 5471 possumus
1814 5397 1974 5452 etiam
2007 5405 2128 5466 post

541 5505 758 5572 longum
785 5510 995 5567 tempus
1032 5511 1155 5552 esse
1208 5509 1380 5563 nuper
1407 5489 1724 5546 illuminati?
1755 5487 1890 5544 Audi
1933 5487 2125 5557 quibus

537 5594 718 5648 verbis
739 5591 934 5646 Paulus
959 5589 1205 5643 homines
1225 5586 1393 5640 multo
1421 5591 1546 5638 ante
1577 5592 1819 5652 tempore
1851 5579 2121 5635 illumina-

541 5689 625 5734 tos
655 5681 958 5750 alloquatur
989 5677 1052 5732 τι
1064 5687 1172 5731 nter
1214 5693 1337 5746 quos
1381 5675 1558 5729 lucetis
1603 5674 1734 5728 sicut
1760 5670 2033 5726 luminaria
2070 5674 2126 5726 in

543 5767 752 5833 mundo,
773 5769 972 5822 verbum
994 5767 1108 5822 vita'
1128 5767 1432 5823 continentes
1454 5767 1521 5822 ad
1544 5765 1759 5840 gloriam
1778 5779 1938 5818 meam
1965 5763 2122 5836 (Phi-

2211 433 2339 502 lipp.
2365 432 2420 486 2.
2445 431 2529 486 15.
2559 427 2667 498 l6).
2690 429 2935 482 Veterem
2958 426 3300 498 laceramque
3324 431 3532 479 vestem
3556 423 3823 482 exuistis.

2209 523 2470 594 Spirituali
2499 530 2770 593 unguento
2797 520 3020 574 delibuti
3047 519 3208 584 estis,
3262 518 3413 572 liberi
3459 532 3644 572 omnes
3686 515 3823 570 facti

2209 617 2338 671 estis
2369 633 2383 670 :
2413 629 2571 669 nemo
2596 613 2851 682 deinceps
2877 612 2943 666 ad
2986 613 3219 682 priorem
3247 610 3430 664 redeat
3463 613 3816 664 servitutem.

2210 708 2418 764 Bellum
2446 704 2712 775 quoddam
2735 718 2802 758 ac
2839 712 3110 758 certamen
3141 709 3268 755 sunt
3308 715 3396 755 res
3427 700 3564 754 istae.

2281 802 2600 858 Atltletarum
2627 800 2856 870 probatio
2885 800 2937 852 in
2968 796 3268 868 Olympicis.
3303 824 3376 835 -—-
3401 794 3569 849 Nemo
3595 802 3820 855 certat.

2205 896 2300 966 qui
2331 909 2518 949 servus
2544 895 2614 947 sit
2651 911 2663 947 :
2697 907 2856 946 nemo
2887 890 3076 944 militat
3101 889 3190 958 qui
3217 889 3287 942 sit
3326 885 3554 941 famulus
3583 904 3596 938 :
3625 885 3728 940 sed
3774 884 3824 940 si

2209 1003 2398 1043 servus
2423 983 2886 1055 deprehendatur,
2910 997 2975 1036 ex
3001 980 3122 1033 albo
3149 978 3372 1032 militum
3398 992 3519 1031 eum
3544 975 3826 1045 supplicio

2210 1081 2445 1148 eiicitur.
2479 1078 2662 1148 Neque
2686 1091 2816 1131 vero
2845 1075 2898 1128 in
2927 1073 3028 1126 hac
3055 1081 3259 1126 tantum
3286 1068 3470 1124 militia
3495 1107 3512 1133 ,
3546 1066 3639 1122 sed
3670 1077 3735 1121 et
3767 1067 3824 1120 in

2209 1173 2500 1245 Olympicis
2528 1167 2909 1225 certaminibus
2941 1165 3082 1220 idem
3123 1165 3223 1218 iste
3267 1177 3384 1216 mos
3412 1162 3634 1216 obtinet.
3683 1159 3827 1214 Post

2211 1266 2425 1336 triginta
2453 1262 2598 1318 enim
2634 1262 2750 1316 dies
2783 1259 2872 1314 hic
2898 1265 3196 1313 transactos
3221 1295 3236 1320 ,
3267 1257 3318 1309 in
3343 1253 3656 1308 suburbium
3691 1251 3824 1307 illos

2211 1361 2432 1414 eductos
2452 1354 2879 1417 circumvebunt,
2907 1363 2961 1407 et
2993 1359 3103 1405 toto
3133 1349 3351 1404 sedente
3380 1347 3590 1402 theatro
3611 1347 3826 1400 clamat

2215 1467 2391 1522 przcco
2423 1469 2437 1505 :
2462 1449 2599 1504 Num
2629 1448 2751 1518 quis
2781 1446 2920 1500 hunc
2944 1442 3198 1499 accusat?
3237 1442 3308 1494 ita
3340 1449 3395 1493 ut
3422 1439 3566 1493 omni
3596 1437 3828 1492 servilis

2211 1543 2533 1600 conditionis
2570 1539 2872 1610 suspicione
2901 1535 3121 1604 depulsa
3146 1575 3161 1598 ,
3195 1534 3248 1587 in
3287 1531 3577 1586 certamina
3609 1529 3820 1599 pedem

2215 1637 2424 1692 inferat.
2472 1631 2628 1700 Quod
2655 1631 2698 1686 si
2731 1629 2974 1684 diabolus
3007 1627 3058 1681 in
3097 1639 3295 1696 agones
3331 1638 3461 1679 suos
3489 1637 3676 1677 servos
3706 1637 3822 1677 non

2214 1729 2476 1793 admittit,
2505 1740 2612 1796 quo
2639 1731 2798 1796 pacto
2826 1731 2903 1786 tu,
2931 1735 3053 1774 curn
3084 1719 3284 1788 peccati
3316 1730 3505 1770 servus
3531 1715 3780 1770 evaseris
3802 1755 3822 1777 ,

2218 1821 2269 1875 in
2300 1818 2498 1874 Christi
2537 1826 2810 1872 certamen
2852 1811 3057 1882 ingredi
3101 1808 3304 1864 audes?
3344 1807 3455 1863 Illic
3493 1807 3716 1878 quidem
3745 1807 3823 1860 ait

2215 1926 2414 1982 pra-co,
2444 1907 2582 1966 Num
2606 1907 2726 1978 quis
2761 1904 2920 1974 hujus
2946 1903 3015 1957 sit
3040 1899 3358 1956 accusator?
3383 1899 3470 1954 hic
3496 1913 3622 1953 vero
3647 1897 3822 1952 Chri-

2217 2015 2333 2057 stus
2357 2019 2460 2056 non
2485 2001 2557 2055 ita
2579 1999 2726 2064 dicit,
2750 1997 2844 2053 sed
2869 1995 3114 2066 quamvis
3131 2005 3319 2046 omnes
3337 2000 3462 2045 ante
3485 1989 3822 2059 baptismum

2221 2095 2368 2149 illum
2399 2101 2672 2155 accusent,
2697 2089 2846 2155 dicit,
2873 2087 2984 2157 Ego
3008 2086 3157 2140 illum
3179 2082 3453 2138 admittam
3479 2091 3533 2135 et
3553 2081 3824 2135 servitute

2227 2183 2486 2245 liberabo.
2511 2194 2670 2252 atque
2698 2182 2748 2235 in
2777 2180 3077 2233 libertatem
3099 2175 3420 2230 vindicatum
3443 2173 3496 2226 in
3517 2172 3822 2226 certamina

2221 2277 2574 2334 introducam.
2611 2273 2768 2328 Vides
2796 2268 3130 2341 agonotheta:
3156 2263 3577 2336 benignitatem?
3605 2261 3728 2318 Non
3756 2276 3820 2314 ea

2221 2373 2410 2443 quaerit
2430 2386 2548 2442 qua-
2571 2366 2975 2440 praecesserint;
3005 2361 3097 2417 sed
3118 2376 3302 2416 eorum
3329 2375 3449 2429 qua:
3475 2372 3825 2427 consequun-

2221 2474 2326 2530 tur,
2349 2463 2514 2533 exigit
2539 2461 2822 2516 rationem.
2851 2455 2986 2511 Cum
3013 2467 3201 2508 servus
3224 2465 3394 2516 esses,
3417 2448 3560 2503 mille
3588 2462 3818 2502 accusa-

2221 2567 2364 2614 tores
2393 2555 2645 2618 habebas,
2677 2549 3084 2612 conscientiam,
3115 2555 3332 2615 peccata
3353 2585 3366 2606 ,
3399 2542 3676 2597 dmmones
3703 2555 3820 2594 om-

2221 2668 2335 2708 nes.
2357 2649 2543 2705 Nullus
2563 2662 2669 2714 me,
2688 2644 2877 2714 inquit,
2900 2642 3110 2696 illorum
3129 2637 3412 2692 adversum
3430 2642 3482 2688 te
3501 2633 3820 2692 commovit,

2225 2760 2400 2816 neque
2426 2755 2477 2798 te
2507 2742 2641 2796 meis
2668 2735 3048 2793 certaminibus
3077 2729 3348 2800 indignum
3376 2725 3589 2790 censui,
3621 2723 3722 2780 sed
3753 2723 3820 2777 ad

2224 2839 2394 2894 luctas
2418 2832 2630 2898 admisi,
2658 2847 2762 2886 non
2791 2828 2862 2882 ob
2896 2837 3039 2881 tuam
3069 2823 3404 2894 dignitatem,
3423 2817 3518 2874 sed
3545 2816 3616 2872 ob
3643 2830 3822 2871 meam

2222 2930 2625 3002 benignitatem.
2656 2925 2811 2980 Mane
2832 2921 2990 2993 igitur
3009 2934 3072 2974 ac
3093 2917 3328 2980 decerta,
3353 2913 3466 2968 sive
3489 2909 3820 2967 currendum

2228 3023 2318 3086 sit,
2361 3001 2473 3076 sive
2519 3017 2754 3090 pugilatu
2779 3057 2796 3085 ,
2827 3015 2940 3070 sive
2969 3011 3242 3082 pancratio
3270 3003 3581 3062 certandum
3610 3001 3707 3069 sit,
3757 3015 3826 3055 ne

2226 3116 2436 3173 occulte
2459 3156 2475 3182 ,
2505 3128 2574 3170 ne
2604 3123 2807 3168 temere
2828 3148 2845 3176 ,
2879 3120 2977 3162 nec
3025 3105 3078 3160 in
3120 3116 3313 3156 vanum
3357 3098 3620 3154 decertes.
3683 3093 3823 3150 Audi

2223 3211 2351 3284 quid
2378 3209 2546 3280 egerit
2587 3205 2802 3262 Paulus.
2841 3199 3130 3256 Confestim
3162 3194 3251 3250 ubi
3291 3193 3359 3249 de
3387 3192 3598 3247 lavacro
3626 3203 3824 3244 ascen-

2224 3280 2340 3368 dit,
2389 3302 2566 3358 statim
2619 3307 2738 3370 post
2788 3294 3110 3365 baptismum
3159 3287 3505 3348 deeertabat,
3560 3280 3824 3352 pra‘dica-

2225 3397 2315 3452 bat
2348 3438 2363 3463 ,
2395 3393 2644 3464 quoniam
2671 3389 2759 3445 hic
2783 3397 2865 3445 est
2891 3385 3057 3442 Filius
3089 3380 3216 3444 Dei,
3245 3387 3301 3433 et
3321 3376 3534 3433 Judzeos
3556 3375 3670 3444 jam
3701 3371 3824 3427 inde

2224 3506 2254 3544 a
2285 3489 2458 3560 primo
2477 3485 2565 3541 die
2583 3479 2937 3540 confundebat
2961 3477 3097 3550 (Act.
3120 3473 3174 3528 9.
3195 3471 3310 3541 22).
3348 3472 3414 3524 At
3441 3478 3497 3522 tu
3526 3466 3822 3538 pradicare

2223 3597 2331 3636 non
2360 3588 2532 3650 potes,
2552 3589 2727 3645 neque
2747 3570 2966 3626 verbum
2993 3567 3250 3622 doctrinae
3277 3562 3481 3618 babes?
3507 3560 3673 3630 Igitur
3691 3571 3820 3626 ope-

2224 3673 2373 3728 ribus
2401 3680 2456 3725 et
2491 3664 2901 3722 conversatione
2929 3663 3305 3727 actionumque
3347 3653 3629 3725 splendore
3660 3651 3814 3705 doce.

2226 3764 2414 3819 Luceat
2439 3761 2582 3817 enim
2609 3803 2623 3824 ,
2653 3756 2861 3827 inquit,
2890 3754 2982 3808 lux
3017 3762 3181 3807 vestra
3209 3765 3380 3803 coram
3410 3745 3698 3800 hominibus
3725 3787 3736 3805 ,
3765 3751 3818 3794 ut

2225 3857 2422 3910 videant
2447 3869 2602 3923 opera
2628 3860 2789 3906 vestra
2813 3849 2966 3913 bona,
2991 3855 3037 3900 et
3061 3843 3343 3916 glorificent
3371 3839 3577 3893 Patrem
3597 3846 3818 3891 uestram

2225 3947 2311 4018 qui
2337 3947 2391 4000 in
2418 3945 2555 3999 caelis
2582 3953 2657 3997 est
2674 3941 2886 4012 (Matth.
2909 3940 2963 3995 5.
2987 3938 3102 4008 l6).
3125 3934 3240 3990 Non
3270 3943 3420 4004 potes
3443 3930 3660 3986 Judteos
3691 3940 3818 3980 voce

2225 4035 2594 4094 contundere?
2619 4035 2726 4090 Fac
2755 4042 2810 4088 ut
2838 4042 2924 4087 tua
2955 4025 3362 4085 conversatione
3387 4021 3782 4078 confundantur
3800 4058 3816 4080 ,

2227 4130 2312 4186 fac
2355 4137 2414 4184 ut
2452 4134 2894 4183 commoveantur
2929 4131 3017 4178 tua
3059 4119 3352 4176 mutatione
3389 4115 3637 4186 gentiles.
3684 4112 3816 4167 Cum

2227 4223 2371 4280 enim
2396 4219 2628 4276 viderint
2656 4233 2781 4274 eum
2801 4218 2890 4286 qui
2919 4215 3168 4277 lascivus,
3198 4225 3393 4282 pravus
3415 4249 3432 4274 ,
3462 4221 3527 4262 ac
3547 4205 3820 4276 negligens

2227 4326 2283 4374 et
2305 4324 2588 4384 corruptus
2611 4320 2747 4378 erat,
2770 4310 2949 4366 subito
2978 4306 3144 4362 fuisse
3173 4311 3453 4366 mutatum,
3483 4309 3535 4355 et
3558 4309 3678 4370 post
3704 4311 3816 4352 mu-

2235 4411 2490 4468 tatiOnem
2515 4424 2581 4464 ex
2605 4407 2771 4478 gratia
2793 4403 3137 4459 mutationem
3158 4415 3222 4455 ex
3244 4393 3652 4452 conversatione
3670 4389 3816 4448 exhi-

2229 4502 2432 4568 buisse,
2455 4514 2633 4555 nonne
2653 4495 3066 4558 eonfundentur,
3088 4500 3142 4547 et
3160 4489 3339 4546 dicent
3358 4488 3408 4542 id
3429 4485 3570 4558 quod
3591 4485 3659 4540 de
3676 4497 3818 4540 caeco

2230 4593 2398 4650 Judaei
2428 4591 2695 4663 quondam
2721 4587 3000 4650 dicebant,
3037 4583 3136 4638 llic
3160 4591 3267 4648 est,
3303 4579 3421 4634 Non
3452 4589 3527 4633 est
3554 4579 3676 4641 ille,
3705 4574 3816 4628 Iino

2230 4687 2340 4758 ipse
2365 4695 2437 4740 est
2475 4683 2656 4755 (Joan.
2684 4681 2739 4738 9.
2771 4679 2824 4736 8.
2853 4677 2950 4750 9)?
2975 4677 3111 4734 Sunt
3139 4675 3282 4730 enim
3313 4672 3427 4726 haec
3457 4671 3618 4724 verba
3645 4665 3814 4724 homi-

2233 4795 2358 4834 num
2385 4777 2752 4837 conl'usurum,
2779 4772 2847 4827 de
2875 4771 3091 4826 nomine
3117 4768 3215 4822 sibi
3243 4775 3370 4821 noto
3391 4763 3658 4827 dubitare,
3684 4761 3818 4815 inter

2233 4885 2293 4925 se
2319 4867 2597 4931 dissidere,
2628 4864 2858 4936 preprim
2879 4859 3223 4918 conscientia:
3251 4856 3468 4910 minime
3493 4853 3734 4916 credere,
3758 4863 3816 4900 ac

2234 4976 2302 5017 ne
2324 4961 2437 5015 suis
2463 4957 2676 5029 quidem
2707 4955 2896 5010 oculis.
2925 4953 3018 5007 Ille
3046 4950 3338 5005 cmeitatem
3368 4945 3702 5016 corporalem
3729 4940 3817 4994 ab-

2230 5052 2382 5121 jecit,
2407 5057 2464 5104 tu
2487 5047 2814 5119 spiritualem
2839 5044 3135 5099 czecitatem
3158 5039 3435 5110 abjecisti;
3467 5038 3555 5092 ille
3580 5037 3631 5090 in
3653 5035 3814 5089 solem

2236 5143 2378 5196 hunc
2403 5141 2654 5210 reSpexit,
2679 5148 2734 5193 tu
2768 5138 2821 5192 in
2849 5137 3067 5206 justitia:
3095 5133 3260 5189 solem
3292 5130 3517 5201 respice.
3550 5123 3812 5198 Agnovisti

2237 5235 2518 5290 Dominum
2544 5249 2558 5286 :
2582 5231 2664 5287 lac
2690 5232 2848 5301 igitur
2867 5245 2928 5285 ea
2950 5245 3068 5300 qua:
3095 5228 3194 5281 hac
3217 5225 3488 5297 agnitione
3513 5223 3618 5278 sint
3640 5221 3810 5291 digna.

2235 5337 2294 5382 ut
2325 5335 2382 5383 et
2408 5325 2657 5380 caelorum
2686 5338 2906 5394 regnum
2935 5319 3239 5390 assequaris
3257 5361 3272 5385 ,
3305 5318 3472 5388 gratia
3498 5327 3552 5370 et
3580 5309 3813 5383 benigni-

2236 5427 2344 5474 tate
2369 5415 2576 5471 Domini
2605 5415 2771 5469 nostri
2795 5413 2923 5468 Jesu
2946 5411 3165 5474 Christi,
3199 5424 3292 5479 per
3315 5422 3474 5479 quem
3495 5415 3552 5460 et
3576 5419 3696 5459 eum
3717 5413 3816 5470 quo

2235 5510 2380 5567 Patri
2423 5508 2590 5581 gloria
2615 5547 2630 5572 ,
2661 5507 2831 5562 honor
2852 5547 2867 5572 ,
2900 5505 3184 5574 imperium
3207 5542 3222 5566 ,
3255 5515 3357 5556 una
3399 5513 3520 5553 cum
3554 5505 3735 5551 sancto
3757 5502 3815 5543 ac

2233 5603 2445 5658 vivitico
2469 5599 2690 5669 Spiritu,
2715 5614 2855 5655 nunc
2875 5606 2928 5654 et
2956 5609 3190 5668 semper,
3219 5600 3274 5649 ct
3299 5594 3351 5648 in
3377 5589 3571 5646 mula
3599 5585 3808 5645 saeculoo

2234 5711 2375 5752 rum.
2408 5695 2600 5749 Amen.
