4106 6422
318 372 386 430 ⁷³
865 390 931 447 IN
973 379 1509 444 mscmp'nousm
1549 379 1852 439 ATTAmS
1893 382 1978 437 m
2019 374 2085 432 ις
2127 371 2520 431 PRINCIPIUM
2562 367 2920 425 MZTORUM.
2983 365 3025 422 ι.
3525 369 3595 425 τι

307 485 451 558 πρὸς
489 480 618 544 τοὺς
645 479 1038 548 νεοφωτίστους
1066 478 1296 548 ἀγαγεῖν
1330 479 1425 532 τὸν
1457 476 1638 545 λόγον.
1680 476 1904 546 Νεοιρω-

308 562 534 631 τίστους
562 565 619 619 δέ
646 563 814 633 λέγω,
852 561 974 632 οὐχὶ
1001 563 1130 626 τοὺς
1170 563 1278 634 πρὸ
1312 561 1406 616 δύο
1436 562 1531 616 καὶ
1563 558 1754 631 τριῶν,
1787 559 1907 612 οὐδέ

310 654 424 726 πρὸ
444 653 582 706 δέκα
618 647 844 722 ἡμερῶν
867 645 1241 716 φωτισθέντας
1269 647 1450 719 μόνον,
1489 644 1626 699 ἀλλά
1653 643 1748 698 καὶ
1780 643 1909 704 τοὺς

312 737 422 810 πρὸ
465 732 754 796 ἐνιαυτοῦ,
790 731 888 786 καὶ
943 731 1070 795 τοὺς
1103 731 1209 802 πρὸ
1253 731 1500 794 πλείονος
1548 729 1744 802 χρόνου
1768 743 1787 810 ἡ
1813 726 1909 780 καὶ

309 809 423 890 γάρ
449 819 549 872 καὶ
601 816 830 879 τούτους
875 813 1020 868 οὕτω
1052 813 1158 885 χρὴ
1209 813 1415 868 καλεῖν.
1457 813 1518 866 Et
1566 811 1675 882 γὰρ
1710 809 1908 880 πολλὴν

311 902 555 975 σπουδὴν
583 897 1012 968 ἐπιδεικνύμεθα
1049 898 1180 969 περὶ
1207 897 1304 968 τὴν
1352 895 1560 949 ἑαυτῶν
1598 894 1797 966 ψυχὴν,
1824 893 1911 959 ἐξ·

312 1005 435 1041 εστι
464 987 566 1041 καὶ
591 985 731 1056 μετά
759 982 896 1036 δέκα
928 981 1025 1049 ἐτη
1066 976 1207 1034 εἶναι
1235 980 1649 1050 νεοφωτίστους,
1681 978 1778 1033 ἐὰν
1810 976 1910 1048 τὴν

312 1072 550 1141 νεότητα
587 1071 686 1139 τὴν
732 1067 841 1120 ἀπὸ
873 1066 965 1119 τοῦ
1011 1065 1360 1136 φωτίσματος
1388 1063 1750 1134 ἐγγινομένην
1779 1063 1912 1133 ἡμῖν

310 1153 697 1223 διασώσωμεν.
725 1150 863 1205 Οὐδέ
891 1148 1000 1221 γὰρ
1047 1151 1076 1202 ό
1119 1148 1308 1220 χρόνος
1355 1148 1500 1200 ποιεῖ
1527 1144 1909 1216 νεοφώτιστον,

313 1239 432 1295 ἀλλ’
464 1241 495 1292 ό
538 1237 650 1306 βίος
695 1237 724 1288 ὁ
754 1233 1028 1305 καθαρός·
1079 1234 1317 1303 ἐγχωρεῖ
1347 1231 1458 1304 γὰρ
1500 1231 1594 1284 καὶ
1640 1229 1780 1300 μετὰ
1819 1228 1912 1284 δύο

314 1321 534 1395 ἡμέρας
561 1318 828 1372 ἀπολέσαι
848 1317 908 1370 τὸ
934 1316 1153 1387 ἀξίωμα
1175 1317 1274 1385 τῆς
1305 1314 1679 1387 προσηγορίας
1708 1313 1799 1366 τὸν
1835 1313 1910 1385 μὴ

315 1407 683 1479 προσέχοντα.
716 1401 829 1454 Καὶ
863 1398 1055 1454 τούτου
1087 1399 1438 1472 παράδειγμα
1473 1399 1601 1468 ὑμῖν
1634 1397 1765 1468 ἐρῶ,
1794 1397 1912 1459 πῶς

317 1489 681 1560 νεοφώτιστος
706 1483 909 1548 εὐθέως
949 1482 1202 1537 ἀπώλεσε
1246 1481 1387 1552 μετά
1427 1481 1519 1535 δύο
1550 1483 1766 1552 ἡμέρας
1817 1480 1912 1533 καὶ

316 1576 421 1644 τὴν
450 1572 612 1645 χάριν
666 1565 761 1638 τού
798 1565 1160 1637 νεοφωτίστου
1193 1565 1288 1619 καὶ
1324 1566 1421 1637 τὴν
1455 1566 1640 1636 τιμήν.
1671 1565 1831 1632 Λέγω
1855 1563 1913 1617 δέ

316 1659 383 1714 τὸ
414 1655 791 1728 παράδειγμα,
827 1649 914 1704 ἵνα
959 1649 1161 1714 ἰδόντες
1189 1649 1251 1702 τὸ
1291 1649 1511 1720 πτῶμα,
1535 1647 1912 1719 ἀσφαλίσησθε

317 1743 424 1814 τὴν
475 1736 686 1793 ἐαυτῶν
739 1733 1033 1804 σωτηρίαν.
1069 1734 1143 1786 Οὐ
1190 1732 1300 1804 γὰρ
1345 1732 1453 1786 ἀπὸ
1490 1731 1601 1785 τῶν
1660 1731 1911 1814 ἑστώτων

320 1826 472 1897 ὑμᾶς
497 1823 680 1894 μόνον,
709 1819 848 1873 ἀλλά
872 1817 967 1870 καὶ
993 1817 1102 1870 ἀπὸ
1126 1816 1233 1870 τῶν
1267 1815 1744 1884 ὐπεσκελισμένων
1773 1813 1916 1885 διορ-

316 1909 556 1964 θοῦσθαι
595 1905 701 1978 χρὴ
742 1904 839 1957 καὶ
868 1900 1216 1973 θεραπεύειν.
1253 1900 1436 1971 Σίμων
1469 1900 1498 1951 ὁ
1547 1900 1720 1970 μάγος
1756 1913 1916 1968 μετε-

320 1995 540 2055 ϐάλετο,
572 1990 738 2062 φησι,
779 1989 873 2041 καὶ
910 1984 1232 2056 βαπτισθεὶς
1264 1983 1698 2055 προσκαρτερῶν
1735 1978 1803 2053 ἦν
1837 1980 1916 2052 τῷ

318 2077 596 2146 Φιλίππῳ,
627 2072 849 2144 θεωρῶν
871 2071 937 2123 τά
968 2072 1171 2140 σημεῖα
1192 2085 1206 2099 ο
1249 2067 1384 2120 ἀλλὰ
1418 2068 1537 2138 μετ’
1567 2067 1754 2135 ὀλίγας
1779 2066 1917 2137 ὴμέ-

324 2180 429 2234 ρας
462 2160 667 2221 εὐθέως
707 2155 1012 2227 ἐπανῆλθεν
1052 2153 1145 2206 ἐπί
1183 2153 1283 2224 τὴν
1324 2151 1520 2205 ἐαυτοῦ
1563 2152 1786 2217 κακίαν,
1822 2151 1917 2204 καὶ

318 2249 414 2301 διὰ
439 2243 736 2316 χρημάτων
774 2239 1025 2292 ἐϐούλετο
1059 2238 1156 2308 τὴν
1207 2236 1478 2308 σωτηρίαν
1523 2235 1810 2307 πρίασθαι.
1851 2235 1916 2286 Τί

319 2330 420 2386 οὖν
446 2346 580 2400 φησι
617 2325 692 2398 τῷ
721 2323 1070 2393 νεοφωτίστῳ
1111 2325 1138 2374 ό
1170 2321 1410 2392 Πέτρος;
1454 2323 1559 2385 Εις
1595 2319 1794 2388 χολὴν
1825 2331 1918 2372 πι-

323 2415 500 2484 κρίας
543 2412 641 2466 καὶ
678 2408 1032 2476 σύνδεσμον
1064 2404 1303 2470 ἀδικίας
1336 2402 1453 2471 όρῶ
1494 2419 1567 2457 σε
1595 2403 1741 2456 ὄντα
1763 2420 1776 2434 ’
1824 2403 1915 2456 διὸ

322 2499 574 2568 δεήθητι
621 2495 726 2550 τοῦ
776 2493 1034 2561 Κυρίου,
1068 2493 1122 2544 ει
1171 2489 1288 2557 ἄρα
1325 2488 1697 2557 ἀφεθήσεταί
1732 2503 1834 2541 σοι
1878 2487 1915 2554 ὴ

323 2586 508 2639 κακία
535 2581 708 2649 αὕτη.
733 2577 901 2633 Οὐπω
943 2573 1102 2646 ἐνέϐη
1132 2577 1212 2638 είς
1248 2573 1376 2637 τοὺς
1418 2572 1658 2642 ἀγῶνας,
1692 2572 1788 2625 καὶ
1827 2571 1917 2624 εὐ-

322 2670 467 2731 θέως
507 2670 696 2722 ἔπεσεν
739 2663 820 2725 εἰς
871 2660 1079 2731 ,πτῶμα
1110 2658 1515 2728 ἀσύγγνωστον.
1566 2657 1780 2727 Ὠσπερ
1825 2650 1918 2709 οὖν

327 2756 448 2810 ἔστι
491 2751 630 2820 μετά
672 2746 765 2802 δύο
817 2745 1034 2818 ἡμέρας
1085 2745 1309 2808 πεσεῖν,
1359 2742 1454 2795 καὶ
1509 2739 1776 2794 ἀπολέσαι
1819 2740 1918 2810 τὴν

325 2835 704 2909 προσηγορίαν
745 2830 839 2886 τοῦ
872 2827 1232 2898 νεοφωτίστου
1285 2825 1382 2880 καὶ
1411 2823 1512 2909 τὴν
1551 2825 1738 2909 χάριν,
1777 2823 1921 2909 οὕτω

325 2908 428 2975 καὶ
458 2918 597 2991 μετὰ.
614 2917 743 2970 δέκα
769 2913 864 2984 ἐτη
897 2914 992 2966 καὶ
1023 2912 1198 2964 εἴκοσι
1231 2911 1325 2963 καὶ
1358 2908 1519 2980 μέχρι
1550 2908 1651 2978 τῆς
1684 2908 1919 2980 ἐσχάτης

324 3004 546 3077 ἡμέρας
587 3002 731 3057 ἐστιν
778 2996 925 3067 ἐχειν
963 2995 1058 3049 καὶ
1100 2992 1354 3064 λαμπρὸν
1381 2992 1542 3046 τοῦτο
1583 2993 1678 3046 καὶ
1723 2991 1919 3062 σεμνὸν

324 3088 508 3159 ὄνομά
540 3103 600 3140 τε
621 3084 715 3140 καὶ
744 3083 1001 3156 πρᾶγμα.
1030 3081 1141 3133 Καὶ
1167 3078 1357 3131 τούτου
1386 3077 1598 3150 μάρτυς
1623 3077 1922 3141 ἀπόστολος

331 3174 570 3238 Παῦλος,
603 3173 660 3224 ἐν
688 3171 838 3241 γήρᾳ
881 3164 1192 3236 διαλάμψας
1231 3163 1516 3235 μειζόνως.
1563 3162 1784 3234 Ἐπειδὴ
1813 3161 1922 3232 γὰρ

327 3263 369 3332 ἡ
397 3260 585 3329 νεότης
613 3255 754 3324 αὕτη
797 3253 898 3306 οὐκ
925 3251 1036 3304 ἀπὸ
1061 3249 1301 3320 φύσεως,
1337 3248 1454 3302 ἀλλ’
1485 3247 1754 3318 ἑκατέρας
1783 3263 1922 3332 προέ

327 3331 599 3415 αιρέσεως
624 3340 787 3412 ἡμεῖς
835 3337 1004 3407 ἐσμεν
1027 3333 1241 3402 κύριοι,
1293 3333 1387 3386 καὶ
1429 3332 1490 3386 τὸ
1537 3333 1778 3404 γηρᾶσαι
1830 3331 1925 3384 καὶ

333 3433 519 3503 μεῖναι
540 3427 694 3490 νέους
725 3425 782 3478 ἐν
812 3424 945 3494 ἡμῖν
971 3423 1090 3475 ἐστι
1115 3419 1388 3489 κείμενον.
1424 3418 1550 3503 Ἐπὶ
1578 3419 1676 3503 μέν
1698 3416 1809 3503 γάρ
1829 3416 1924 3503 τού

331 3501 590 3587 σώματος
616 3510 718 3566 κᾶν
762 3507 980 3564 ἅπαντά
1008 3523 1094 3570 τις
1139 3502 1536 3578 ἐπισπουδάζῃ,
1565 3502 1676 3587 κᾶν
1708 3501 1928 3587 ᾶπαντά

330 3585 928 3670 τις-πραγματεύηται,
957 3590 1053 3645 καὶ
1084 3589 1160 3661 μὴ
1189 3586 1496 3660 κατατρίϐῃ
1519 3587 1579 3640 τὸ
1611 3585 1926 3670 σῶμα,κᾶν

331 3685 464 3754 ποιῇ
517 3680 700 3753 μένειν
741 3676 920 3742 ἔνδον,
964 3675 1070 3729 κᾶν
1119 3675 1196 3745 μὴ
1245 3671 1535 3743 κατατείνῃ
1579 3674 1692 3734 τοῖς
1740 3669 1926 3754 πόνοις

332 3753 472 3823 αὐτὸ
502 3765 722 3826 καὶτοῖς
753 3759 1035 3831 συνεχέσιν
1064 3757 1270 3828 ἔργοις,
1295 3754 1514 3818 πάντως
1543 3754 1687 3808 κατά
1706 3754 1799 3808 τὸν
1825 3753 1928 3823 τῆς

335 3850 556 3923 φύσεως
581 3849 744 3919 νόμον
777 3843 1054 3906 καὶούτως
1073 3840 1205 3896 αὐτὸ
1236 3839 1605 3923 καταλήψεται
1630 3837 1692 3890 τὸ
1711 3839 1891 3923 γῆρας
1908 3854 1922 3868 ·

335 3921 433 3990 ἐπὶ
459 3934 517 3987 δέ
547 3932 644 4002 τῆς
677 3929 854 4000 ψυχῆς
882 3928 980 3998 οὐχ
1000 3924 1203 3989 οὕτως·
1234 3923 1350 3978 ἀλλ’
1389 3921 1454 3976 ἂν
1487 3922 1560 3993 μὴ
1590 3922 1928 3994 κατατρίϐῃς

336 4017 533 4089 αὐτὴν,
580 4013 713 4086 μηδὲ
757 4010 873 4084 [59]
918 4008 1245 4082 κατατείνῃς
1276 4008 1461 4070 πόνοις
1513 4006 1787 4076 βιωτικοῖς
1834 4009 1929 4061 καὶ¹

339 4103 636 4173 κοσμικαῖς
679 4096 945 4168 φροντίσι.
993 4092 1145 4164 μένει
1181 4091 1476 4154 διαπαντὸς
1520 4091 1800 4161 ἀκραιφνῆ
1830 4093 1930 4163 τὴν

334 4187 571 4257 νεότητα
599 4177 953 4252 διατηροῦσα.
969 4179 1082 4247 Οὐχ
1100 4177 1262 4246 ὁρᾶτε
1286 4173 1509 4238 τούτους
1535 4175 1662 4236 τοὺς
1693 4175 1931 4246 ἀστέρας

334 4270 468 4333 τοὺς
499 4269 555 4320 ἐν
582 4268 696 4329 τοῖς
734 4263 982 4334 οὐρανοῖς
1007 4277 1022 4326 ;
1063 4257 1437 4329 Ἑξακισχίλια
1460 4257 1645 4312 λοιπὸν
1674 4259 1804 4329 ἡμῖν
1835 4259 1928 4330 ἔτη

339 4352 614 4424 φαίνουσι,
653 4348 750 4403 καὶ
780 4345 955 4408 οὐδεὶς
993 4343 1173 4398 αὐτῶν
1205 4342 1582 4414 ἀμαυρότερος
1602 4341 1844 4411 γέγονεν.
1868 4342 1930 4394 Εἰ

340 4442 400 4494 δὲ
427 4437 556 4492 ἔνθα
585 4435 770 4506 φύσις,
807 4433 980 4496 οὕτως
1014 4431 1230 4502 ἔμεινεν
1265 4430 1502 4500 ἀκμαῖον
1529 4429 1590 4482 τὸ
1624 4429 1767 4499 φῶς·
1803 4429 1932 4485 ἔνθα

343 4516 688 4596 προαίρεσις,
717 4518 780 4571 οὐ
809 4513 989 4586 πολλῷ
1027 4514 1228 4586 μᾶλλον
1262 4515 1416 4584 μενεῖ
1444 4513 1707 4579 τοιοῦτον,
1735 4507 1846 4567 οἷον
1873 4514 1932 4582 ἐξ

342 4595 521 4678 ἀρχῆς
549 4602 794 4672 ἐλαμψε;
825 4598 1042 4654 Μᾶλλον
1062 4598 1140 4664 δὲ,
1165 4595 1258 4650 ἐὰν
1282 4595 1577 4667 ἐθέλωμεν,
1605 4597 1666 4650 οὐ
1693 4597 1932 4650 τοιοῦτον

345 4691 508 4762 μόνον
546 4689 715 4760 μενεῖ,
745 4682 884 4738 ἀλλά
933 4683 1028 4737 καὶ
1077 4681 1460 4752 λαμπρότερον
1497 4679 1652 4732 ἔσται
1671 4719 1686 4743 ,
1717 4681 1794 4744 ώς
1836 4683 1933 4735 καὶ

341 4775 482 4847 πρὸς
513 4771 685 4834 αὐτὰς
721 4765 1054 4840 ἁμιλλᾶσθαι
1075 4765 1176 4829 τὰς
1212 4763 1446 4835 ἡλιακὰς
1475 4764 1718 4847 ἀκτῖνας.
1743 4763 1932 4818 Βούλει

345 4843 542 4931 μαθεῖν
572 4855 690 4916 πῶς
726 4852 904 4931 ἐξεστι
945 4851 1041 4904 καὶ
1081 4849 1221 4920 μετὰ
1252 4847 1442 4919 χρόνον
1489 4843 1629 4902 εἶναι
1671 4848 1932 4918 νεοφωτί-

343 4930 539 5010 στους;
576 4930 843 4994 ’Δκούσον
863 4936 915 4990 τί
942 4952 1105 5006 φησιν
1133 4935 1163 4988 ό
1195 4934 1410 4996 Παῦλος
1441 4932 1578 5004 πρὸς
1612 4931 1934 5004 ἀνθρώπους

343 5028 454 5102 πρὸ
481 5022 677 5080 πολλοῦ
697 5022 791 5080 τοῦ
818 5019 1011 5093 χρόνου
1036 5017 1484 5102 πεφωτισμένους
1503 5034 1526 5098 ’ν
1554 5017 1659 5102 Ἐν
1680 5012 1769 5102 οἷς
1800 5017 1936 5102 gat:

341 5097 526 5174 νεσθε
553 5109 635 5176 ὡς
676 5103 994 5178 φωστῆρες
1024 5101 1095 5156 ἐν
1124 5101 1349 5170 κόσμῳ,
1386 5101 1573 5170 λόγον
1617 5097 1768 5170 ζωῆς
1799 5097 1936 5152 έπέ-

343 5210 560 5270 χοντες
581 5195 672 5259 εις
698 5189 982 5258 καύχημα
1011 5185 1167 5270 ἐμοί.
1192 5183 1571 5270 ,Ἀπεδύσασθε
1608 5185 1671 5238 τὸ
1703 5183 1934 5270 παλαιὸν

344 5267 442 5335 καὶ
461 5273 759 5351 διερρωγὸς
782 5272 1020 5344 ἱμάτιον,
1049 5268 1346 5340 ἠλείψασθε
1378 5268 1440 5321 τὸ
1477 5269 1647 5341 μύρον
1681 5267 1741 5322 τὸ
1771 5286 1936 5323 πνευ-

349 5363 598 5438 ματικδν,
625 5357 903 5430 ἐλεύθεροι
935 5356 1140 5418 πάντες
1185 5353 1441 5424 ἐγένεσθε
1462 5370 1474 5384 ·
1519 5353 1708 5424 μηδεὶς
1748 5353 1934 5407 λοιπὸν

350 5449 444 5503 ἐπὶ
469 5451 567 5522 τὴν
602 5443 852 5500 δουλείαν
893 5438 1276 5522 ἐπανερχέσθω
1304 5438 1404 5511 τὴν
1436 5438 1731 5510 προτέραν.
1769 5439 1936 5493 Πόλε-

349 5537 445 5611 μός
471 5536 594 5589 ἐστι
621 5529 695 5585 τά
716 5527 1021 5602 πράγματα
1048 5523 1145 5577 καὶ
1162 5521 1337 5591 ἀγών.

681 5910 950 5970 Ρλτιοι.
995 5883 1110 5968 Gn.
1159 5907 1260 5971 LI.

2086 477 2280 539 Οὐδεὶς
2309 475 2635 548 ἀγωνίζεται
2666 476 2875 546 δοῦλος.
2914 478 3088 543 οὐδεὶς
3127 480 3482 550 στρατεύεται
3522 491 3601 540 οῖ’

2011 559 2176 631 κέτης
2197 576 2212 591 ⁶
2247 560 2360 614 ἀλλ’
2395 561 2490 614 ἐὰν
2526 559 2639 632 ἀλῷ
2671 560 2860 626 δοῦλος
2891 561 2991 626 ὢν,
3035 562 3174 633 μετιά
3209 566 3483 637 τιμωρίας
3509 570 3602 622 ἐκ-

2009 642 2266 699 ϐάλλεται
2307 643 2402 698 τοῦ
2441 643 2550 698 τῶν
2595 644 2942 717 στρατιωτῶν
2988 644 3315 715 καταλόγου.
3361 650 3477 704 Οὐκ
3509 652 3604 705 ἐπὶ

2009 727 2110 798 τῆς
2143 727 2442 796 στρατείας
2468 728 2526 782 δέ
2564 727 2788 800 ταύτης,
2808 727 2958 782 ’ἀλλά
2997 729 3090 782 καὶ
3119 730 3213 784 ἐπὶ
3259 732 3369 785 τῶν
3408 733 3606 806 Ὀλυμ-

2013 809 2226 865 πιακῶν
2258 811 2486 882 ἀγώνων
2516 811 2578 865 τὸ
2598 812 2730 866 αὐτὸ
2758 812 2917 866 τοῦτο
2937 812 3059 879 ἔθος
3077 817 3288 885 κρατεῖ.
3311 815 3466 870 Μετά
3493 818 3602 886 γάρ

2012 893 2111 958 τὰς
2130 896 2425 968 τριάκοντα
2456 896 2671 968 ἡμέρας
2712 896 2811 959 τὰς
2845 895 3081 950 ἐνταῦθα
3113 898 3482 967 ἀναγαγόντες
3507 901 3606 954 αὐ-

2012 980 2139 1042 τοὺς
2160 982 2242 1043 εἰς
2272 979 2332 1033 τὸ
2374 981 2700 1050 προάστειον
2729 981 3081 1053 περιάγουσι,
3123 983 3218 1035 καὶ
3246 982 3339 1036 τοῦ
3372 982 3602 1055 θεάτρου

2014 1062 2328 1133 καθημένου
2355 1064 2578 1128 παντὸς,
2613 1063 2711 1136 βοᾷ
2733 1067 2761 1118 ὁ
2800 1064 2996 1136 κήρυξ,
3021 1062 3112 1133 Μή
3140 1083 3226 1130 τις
3248 1065 3438 1119 τούτου
3469 1084 3602 1120 κατ-

2012 1150 2232 1218 ηγορεῖ;
2276 1149 2419 1204 ὥστε
2452 1148 2616 1201 αὐτὸν
2663 1148 3184 1214 ἀποσκευασάμενον
3225 1150 3326 1220 τῆς
3354 1149 3604 1214 δουλείας

2011 1231 2111 1302 τὴν
2141 1231 2401 1301 ὑποψίαν,
2424 1231 2598 1296 οὕτως
2629 1234 2709 1296 είς
2748 1235 2876 1297 τοὺς
2915 1232 3134 1301 ἀγῶνας
3168 1233 3426 1303 ἐμϐῆναι.
3456 1235 3518 1287 Εἰ
3543 1234 3604 1302 δέ

2013 1318 2042 1370 ό
2081 1315 2327 1380 διάϐολος
2353 1317 2416 1370 οὐ
2449 1317 2662 1386 δέχεται
2697 1317 2917 1380 δούλους
2950 1319 3030 1380 είς
3066 1317 3194 1381 τοὺς
3231 1317 3448 1386 ἀγῶνας
3475 1320 3606 1382 τούς

2015 1398 2234 1465 ἐαυτοῦ,
2269 1399 2388 1464 πῶς
2417 1401 2481 1454 σὺ
2514 1400 2719 1472 τολμᾷς
2755 1401 2940 1464 δοῦλος
2971 1401 3261 1471 γενόμενος
3288 1402 3386 1470 τῆς
3417 1403 3603 1472 ἀμαρ-

2014 1483 2136 1548 τίας
2175 1485 2257 1547 είς
2295 1486 2423 1548 τοὺς
2452 1485 2674 1554 ἀγῶνας
2715 1486 2950 1556 ἐμϐῆναι
2981 1486 3076 1538 τοῦ
3128 1485 3404 1558 Χριστοῦ;
3457 1487 3608 1540 Ἐκεῖ

2019 1568 2116 1638 μὲν
2140 1568 2167 1618 ὀ
2199 1567 2372 1638 κήρυξ
2393 1567 2559 1634 λέγει,
2580 1568 2668 1639 Μή
2689 1585 2775 1631 τις
2795 1568 2984 1621 τούτου
3010 1572 3341 1640 κατήγορος;
3371 1568 3606 1623 ἐνταῦθα

2015 1651 2073 1704 δέ
2120 1652 2149 1703 ὁ
2197 1651 2435 1722 Χριστὸς
2484 1651 2582 1720 οὐχ
2614 1651 2757 1704 οὕτω
2810 1651 2988 1720 λέγει·
3041 1652 3178 1706 ἀλλά
3224 1652 3327 1706 κᾶν
3368 1653 3608 1715 ἅπαντες

2018 1732 2184 1786 αὐτοῦ
2210 1734 2638 1803 κατηγορήσωσι
2682 1734 2791 1804 πρὸ
2837 1735 2931 1788 τοῦ
2972 1734 3389 1806 βαπτίσματος,
3421 1735 3569 1804 λέγει
3589 1772 3607 1797 ,

2024 1816 2599 1888 Ἔγὼδέξομαιαύτὸν,
2616 1820 2711 1874 καὶ
2740 1820 3190 1892 ἀποσκευάσομαι
3214 1822 3310 1891 τῆς
3339 1820 3606 1884 δουλείας.

2015 1903 2113 1954 καὶ
2135 1902 2368 1972 ποιήσας
2397 1900 2683 1976 ἐλεύθερον
2711 1905 2791 1967 είς
2816 1904 2940 1966 τοὺς
2964 1903 3183 1972 ἀγῶνας
3206 1901 3423 1968 εἰσάξω.
3456 1899 3611 1965 Εἶδες

2020 1983 2434 2055 φιλανθρωπίαν
2471 1985 2848 2054 ἀγωνοθέτους
2900 1987 2974 2040 Οὐ
3029 1986 3182 2058 ζητεῖ
3222 1987 3292 2040 τά
3333 1985 3606 2056 πρότερα.

2020 2068 2158 2124 ἀλλὰ
2189 2067 2299 2122 τῶν
2330 2068 2468 2140 μετά
2498 2070 2674 2124 ταῦτα
2703 2070 2933 2134 εὐθύνας
2966 2072 3207 2124 ἀπαιτεῖ.
3248 2071 3376 2124 ’Ὁτε
3424 2069 3610 2131 δοῦλος

2018 2150 2106 2226 ἧς.
2145 2153 2373 2225 μυρίους
2407 2149 2553 2225 εἶχες
2584 2155 2945 2228 κατηγόρους,
2982 2156 3038 2210 τὸ
3062 2155 3320 2218 συνειδὸς,
3343 2156 3410 2210 τὰ
3431 2157 3613 2225 ἀμαρ-

2026 2244 2262 2310 τὴματα,
2295 2240 2423 2303 τοὺς
2451 2239 2714 2312 δαίμονας
2753 2240 3020 2305 ἅπαντας.
3058 2240 3248 2304 Οὐδείς
3298 2257 3388 2310 με,
3420 2240 3608 2310 φησὶν,

2019 2323 2245 2376 ἐκείνων
2279 2324 2499 2396 ἐκίνησε
2533 2327 2676 2380 κατά
2720 2325 2837 2392 σοῦ,
2880 2327 3000 2380 οὐδὲ
3040 2325 3267 2397 ἐνόμισά
3299 2343 3359 2377 σε
3392 2325 3612 2390 ἀνάξιον

2020 2409 2128 2462 τῶν
2153 2408 2384 2477 ἀγώνων
2414 2409 2522 2463 τῶν
2549 2412 2720 2481 ἐμῶν,
2753 2411 2868 2464 ἀλλ’
2903 2411 3172 2484 ἐδεξάμην
3205 2412 3285 2474 εἰς
3316 2409 3384 2463 τά
3419 2409 3614 2462 παλαί-

2022 2509 2228 2563 σματα,
2267 2495 2370 2547 οὐκ
2407 2495 2517 2547 ἀπὸ
2556 2495 2659 2564 τῆς
2693 2495 2853 2560 ἀξίας
2888 2497 2988 2567 τῆς
3042 2496 3164 2567 σῆς,
3214 2495 3328 2549 ἀλλ’
3377 2494 3486 2549 ἀπὸ
3513 2497 3613 2565 τῆς

2021 2576 2162 2648 ἐμῆς
2187 2575 2615 2648 φιλανθρωπίας.
2644 2578 2788 2631 Μένε
2826 2580 3004 2633 τοίνυν
3038 2581 3132 2632 καὶ
3176 2576 3468 2646 ἀγωνίζου,
3505 2578 3614 2630 κᾶν

2019 2659 2234 2729 τρέχειν
2262 2659 2380 2732 δὲῃ,
2409 2660 2512 2714 κᾶν
2545 2662 2860 2728 πυκτεύειν,
2890 2663 2994 2717 κᾶν
3033 2661 3500 2731 παγκρατιάζειν·
3535 2661 3613 2731 μὴ

2023 2743 2252 2815 ἀδήλως,
2280 2745 2416 2816 μηδέ
2447 2745 2654 2812 ἁπλῶς,
2687 2747 2822 2818 μηδὲ
2857 2749 3002 2819 εἰκῆ.
3032 2750 3298 2801 ’Ἄκουσον
3327 2746 3381 2799 τί
3420 2746 3610 2815 ἐποίη-

2025 2843 2116 2880 σεν
2151 2829 2180 2881 ό
2229 2827 2467 2891 Παῦλοςο
2508 2829 2724 2894 Εὐθέως
2763 2830 2870 2884 ἀπὸ
2899 2833 3008 2884 τῶν
3057 2831 3317 2901 ναμάτων
3369 2828 3612 2893 ἀναϐὰς,

2023 2911 2223 2964 αὐτίκα
2257 2912 2366 2966 ἀπὸ
2396 2913 2490 2967 τοῦ
2532 2914 2909 2986 βαπτίσματος
2947 2915 3268 2986 ἠγωνίζετο,
3315 2915 3615 2986 ἐκήρυττεν

2023 2995 2106 3048 ὃτι
2135 2988 2292 3058 οὗτός
2331 2996 2480 3050 ἐστιν
2513 2999 2543 3051 ό
2570 2999 2699 3063 Υἱὸς
2740 2999 2836 3054 τοῦ
2877 2999 3044 3054 Θεοῦ’
3077 3000 3172 3054 καὶ
3203 2999 3458 3070 συνέχυνε
3487 2997 3616 3060 τοὺς

2037 3078 2325 3143 Ἰουδαίους
2367 3081 2476 3134 ἀπὸ
2513 3082 2759 3154 πρώτης.
2801 3083 2942 3136 Ἀλλ’
2976 3084 3036 3137 οὐ
3107 3082 3340 3137 δύνασαι
3378 3079 3616 3153 κηρῦξαι

2025 3163 2114 3228 σὺ,
2155 3163 2276 3216 οὐδὲ
2321 3163 2469 3234 ἔχεις
2511 3165 2893 3220 διδασκαλικὸν
2920 3166 3113 3235 λόγον;
3160 3165 3369 3221 οὐκοῦν
3406 3163 3617 3228 δίδαξον

2024 3243 2114 3299 διὰ
2135 3245 2246 3299 τῶν
2286 3246 2468 3318 ἔργων
2502 3248 2600 3302 καὶ
2628 3250 2728 3320 τῆς
2778 3248 3075 3315 πολιτείας,
3107 3248 3198 3303 διά
3237 3249 3340 3318 τῆς
3370 3248 3620 3319 λαμπρό-

2023 3345 2183 3400 τητος
2215 3330 2327 3384 τῶν
2370 3329 2643 3402 πράξεων.
2684 3332 2988 3402 Λαμψάτω
3015 3333 3145 3403 γάρ,
3198 3332 3355 3402 φησὶ.
3394 3331 3461 3385 τὸ
3489 3329 3618 3400 φῶς·

2025 3410 2197 3481 ὑμῶν
2267 3416 2616 3484 ἔμπροσθεν
2673 3415 2794 3470 τῶν
2824 3417 3173 3484 ἀνθι-ώπων,
3227 3416 3390 3482 ὅπως
3449 3414 3619 3468 ἴδωσι

2027 3495 2101 3572 τὰ
2153 3498 2312 3551 καλὰ
2345 3497 2489 3568 ἔργα
2529 3499 2719 3570 ὑμῶν,
2760 3499 2858 3553 καὶ
2902 3499 3213 3564 δοξάσωσι
3248 3499 3354 3553 τὸν
3384 3499 3620 3567 Πατέρα

2026 3578 2198 3650 ὑμῶν
2228 3583 2337 3636 τὸν
2380 3583 2452 3637 ἐν
2482 3584 2608 3650 τοῖς
2653 3584 2954 3652 οὐρανοῖς.
2988 3584 3064 3637 UO
3110 3584 3336 3638 δύνασαι
3367 3585 3620 3656 συγχέειν

2041 3663 2328 3729 Ἰουδαίους
2371 3665 2463 3719 διὰ
2499 3667 2598 3736 τῆς
2633 3667 2850 3738 φωνῆς
2887 3667 3122 3738 Ποίησον
3165 3669 3365 3732 αὐτοὺς
3417 3685 3621 3738 συγχυ-

2031 3744 2192 3816 θῆναι
2223 3746 2440 3818 διάτῆς
2472 3749 2768 3814 πολιτείας,
2810 3751 3037 3821 ποίησον
3072 3752 3166 3803 καὶ
3207 3752 3474 3821 Ἕλληνας
3505 3750 3619 3823 [ιο]

2029 3827 2406 3900 θορυϐηθῆναι
2449 3829 2538 3883 διὰ
2579 3832 2680 3901 τῆς
2730 3831 3057 3903 μεταϐολῆς.
3109 3833 3281 3887 ’Ὅταν
3323 3835 3430 3905 γάρ
3469 3833 3620 3887 ἴδωσι

2029 3909 2120 3964 τὸν
2147 3911 2256 3982 πρὸ
2278 3911 2469 3965 τούτου
2496 3913 2723 3986 ἀσελγῆ,
2739 3913 2832 3968 τὸν
2857 3915 3116 3988 πονηρὸν,
3136 3915 3228 3969 τὸν
3247 3916 3426 3987 ἠμελη
3435 3913 3618 3987 μένον,

2028 3995 2120 4049 τὸν
2143 3995 2563 4068 διεφθαρμένον,
2594 3999 2790 4071 ἀθρόον
2829 3998 3329 4071 μεταϐεϐλημένον,
3361 4002 3452 4053 καὶ
3484 4000 3623 4070 μετά

2031 4080 2130 4150 τῆς
2159 4080 2466 4152 μεταϐολῆς
2509 4083 2612 4153 τῆς
2647 4083 2789 4138 κατά
2817 4084 2916 4154 τὴν
2969 4084 3153 4157 χάριν,
3188 4082 3493 4158 μεταϐολὴν
3521 4083 3622 4154 τὴν

2033 4162 2176 4216 κατά
2205 4163 2304 4234 τήν
2329 4165 2606 4220 πολιτείαν
2637 4167 3066 4240 ἐνδεικνύμενον,
3092 4168 3155 4222 οὐ
3189 4169 3624 4241 συγχυθήσονται

2033 4245 2128 4298 καὶ
2151 4247 2390 4319 ἐροῦσιν,
2419 4249 2558 4322 ὅπερ
2587 4249 2680 4304 ἐπὶ
2715 4250 2809 4304 τοῦ
2848 4246 3054 4322 τυφλοῦ
3080 4253 3131 4304 οί
3166 4251 3407 4306 Ἰουδαῖοι
3435 4252 3624 4320 ἔλεγόν

2037 4347 2192 4394 ποτε,
2225 4327 2418 4399 Οὗτός
2438 4334 2632 4398 ἐστιν,
2663 4338 2774 4390 οὐκ
2804 4335 2978 4390 ἔστιν
3016 4332 3214 4403 οὗτος,
3254 4337 3438 4403 αὐτός
3458 4337 3623 4401 ἐστι;

2035 4415 2468 4487 Συγκεχυμένων
2515 4417 2624 4490 γάρ
2652 4418 2827 4474 ταῦτα
2859 4419 2926 4473 τὰ
2971 4421 3214 4490 ῥήματα,
3259 4419 3624 4490 ἀμφιϐάλλειν

2035 4499 2165 4568 περὶ
2195 4498 2290 4551 τοῦ
2324 4502 2626 4573 γνωρίμου,
2651 4501 3059 4566 διαστασιάζειν
3099 4503 3236 4573 πρὸς
3268 4503 3516 4566 ἑαυτοὺς,
3543 4503 3624 4574 τῷ

2035 4580 2220 4652 οἰκείῳ
2272 4584 2538 4639 συνειδότι
2575 4585 2650 4656 μὴ
2700 4584 3015 4650 πιστεύειν,
3062 4581 3200 4656 μηδέ
3256 4588 3366 4650 τοῖς
3412 4586 3624 4640 ἐαυτῶν

2034 4664 2355 4736 ὀφθαλμοῖς.
2399 4667 2696 4721 Ἀπέϐαλεν
2727 4669 2935 4730 ἐκεῖνος
2955 4669 3053 4737 τὴν
3086 4669 3406 4740 σωματικὴν
3435 4671 3626 4742 πήρω-

2038 4764 2142 4812 σιν,
2175 4748 2450 4812 ἀπέϐαλες
2491 4751 2556 4804 σὺ
2585 4749 2686 4821 τὴν
2720 4749 2960 4821 ψυχικὴν
3007 4751 3295 4823 πήρωσινο
3329 4753 3627 4824 ἀνέϐλεψεν

2036 4831 2243 4896 ἐκεῖνος
2266 4834 2346 4896 είς
2383 4834 2475 4886 τὸν
2510 4834 2661 4904 ἥλιον
2688 4833 2900 4901 τοῦτον,
2934 4834 3238 4905 ἀνάϐλεψον
3272 4836 3335 4890 σὺ
3365 4837 3502 4908 πρὸς
3534 4837 3626 4891 τὸν

2034 4915 2187 4986 ἥλιον
2217 4919 2318 4987 τῆς
2347 4917 2720 4989 δικαιοσύνης.
2746 4917 3026 4987 Ἐπέγνως
3051 4918 3143 4972 τὺν
3165 4920 3473 4990 Δεσπότηνσ
3501 4919 3630 4986 ἀξια

2036 5000 2224 5053 τοίνυν
2276 5001 2489 5072 πρᾶξον
2517 5002 2620 5072 τῆς
2647 5001 3003 5070 ἐπιγνώσεως
3026 5019 3041 5033 ο
3075 5003 3162 5056 ἴνα
3205 5003 3300 5057 καὶ
3335 5004 3436 5075 τῆς
3475 5004 3630 5075 βασι-

2036 5083 2182 5148 λείας
2201 5085 2312 5138 τῶν
2336 5087 2583 5158 οὐρανῶν
2605 5087 2892 5160 ἐπιτύχῃς,
2918 5089 3101 5160 χάριτι
3131 5087 3226 5141 καὶ
3247 5088 3631 5162 φιλανθρωπίᾳ

2035 5167 2130 5221 τοῦ
2167 5169 2375 5242 Κυρίου
2395 5169 2555 5242 ἡμῶν
2596 5169 2771 5242 Ἰησοῦ
2805 5171 3070 5242 Χριστοῦ,
3101 5171 3170 5225 δι’
3201 5166 3262 5226 οὗ
3297 5173 3392 5225 καὶ
3423 5172 3542 5244 μεθ’
3567 5168 3630 5226 οὗ

2035 5250 2114 5320 τῷ
2146 5253 2326 5326 Πατρὶ
2381 5255 2545 5320 δόξα,
2580 5254 2750 5327 τιμὴ,
2799 5257 3022 5328 κράτος.
3065 5255 3184 5326 ἅμα
3227 5255 3304 5326 τῷ
3351 5257 3492 5325 ἁγίῳ
3535 5258 3632 5310 καὶ

2037 5332 2287 5406 ζωοποιῷ
2316 5339 2620 5411 Πνεύματι,
2648 5339 2744 5394 νῦν
2766 5341 2858 5395 καὶ
2891 5340 2998 5409 ἀεὶ,
3031 5339 3126 5394 καὶ
3155 5341 3237 5404 είς
3275 5340 3401 5403 τοὺς
3427 5339 3631 5402 αἰῶνας

2037 5417 2143 5471 τῶν
2170 5421 2402 5478 αἰώνων.
2440 5422 2638 5494 Ἀμήν.
