4106 6432
474 328 488 339 ’
552 370 634 431 τι
1278 364 1334 420 s.
1375 365 1661 423 JOANNIS
1699 367 2194 427 cnnvsosmm
2234 369 2555 428 ABCnlEP.
2592 373 3150 435 consumma
3758 368 3833 430 78

562 702 879 769 Συνάξεως
930 699 1029 756 διὰ
1083 698 1305 772 χρόνου
1332 697 1404 753 ἐν
1443 694 1519 766 τῇ
1568 692 1798 778 παλαιᾷ
1837 688 2139 760 ἐκκλησίᾳ
2166 690 2515 763 γενομένης,
2549 695 2639 762 εἷς
2683 695 2800 766 τὴν
2824 695 3167 768 ἐπιγραφὴν
3197 697 3317 754 τῶν
3379 702 3670 771 Πράξεων
3715 706 3835 763 τῶν

617 794 1004 855 ἀποστόλων,
1035 790 1135 845 καὶ
1164 790 1251 846 ὅτι
1285 786 1731 860 χρησιμώτερος
1760 786 1903 861 ,βίος
1924 781 2205 852 ἐνάρετος
2231 785 2498 853 σημείων
2523 786 2622 840 καὶ
2648 787 2984 859 θαυμάτων,
3021 789 3120 845 καί
3148 791 3299 848 κατὰ
3326 793 3386 848 τί
3410 792 3687 866 διαφέρει
3725 816 3835 853 ποι

619 884 811 940 mnia
835 878 1120 950 σημείων.

621 1169 694 1215 α’.
727 1158 825 1216 Διά
851 1157 1042 1231 χρόνου
1068 1156 1205 1229 πρὸς
1219 1154 1316 1225 τὴν
1349 1151 1564 1224 μητέρα
1582 1150 1738 1221 ἡμῶν
1760 1143 2133 1218 ἐπανήλθομεν

551 1255 734 1319 πάλιν,
763 1254 865 1325 τήν
912 1250 1168 1321 ποθεινὴν
1209 1249 1305 1302 καὶ
1350 1245 1654 1317 ἐπέραστον
1690 1243 1899 1313 ταύτην
1931 1241 2136 1295 ἅπασιν

549 1342 865 1414 ἐκκλησίαν,
902 1340 1041 1413 πρὶς
1072 1339 1172 1409 τὴν
1208 1335 1419 1408 μητέρα
1460 1333 1621 1406 ἡμῶν
1659 1334 1755 1387 καὶ
1798 1332 1906 1387 τῶν
1935 1331 2135 1402 ἐκκλη-

550 1438 683 1492 σιῶν
712 1435 959 1491 ἀπασῶν.
996 1432 1195 1504 Μήτηρ
1240 1430 1338 1501 μὲν
1372 1428 1504 1499 γὰρ,
1558 1427 1657 1498 οὐχ
1715 1427 1799 1481 ὅτι
1959 1426 2135 1497 χρόνῳ

549 1528 903 1601 πρεσϐυτέρα
936 1526 1096 1597 μόνον
1146 1523 1315 1586 ἐστὶν,
1347 1520 1462 1574 ἀλλ’
1494 1520 1577 1573 δτι
1634 1519 1728 1572 καὶ
1772 1517 1875 1571 ὑπὸ
1900 1518 2134 1571 ἀποστο-

548 1620 719 1675 λικῶν
744 1615 1080 1690 ἐθεμελιώοη
1120 1613 1356 1687 χειρῶν⁵
1409 1610 1497 1665 διὰ
1546 1608 1706 1663 τοῦτο
1750 1609 2009 1671 πολλάκις
2039 1607 2135 1661 καὶ

549 1715 970 1783 κατασκαφεῖσα
1006 1711 1093 1765 διὰ
1129 1711 1189 1764 τὸ
1215 1710 1383 1780 ὄνομα
1416 1706 1510 1761 τοῦ
1538 1703 1799 1777 Χριστοῦ,
1836 1702 1998 1756 πάλιν
2023 1701 2133 1771 ὠρ-

550 1807 698 1878 θώθη
733 1804 823 1860 διὰ
844 1805 944 1876 τῆς
964 1802 1246 1872 δυνάμεως
1274 1799 1368 1854 τοῦ
1397 1797 1657 1871 Χριστοῦ.
1676 1798 1749 1850 Ού
1773 1795 1881 1868 γὰρ
1912 1796 1967 1848 αἱ
2002 1794 2135 1848 ἀπο-

551 1896 798 1954 στολικαὶ
826 1895 985 1966 μόνον
1023 1891 1196 1964 αὐτὴν
1223 1891 1596 1961 ὲθεμελίωσαν
1629 1891 1834 1960 χεῖρες,
1866 1885 2003 1939 ἀλλά
2040 1884 2138 1938 καὶ

548 1991 648 2045 τοῦ
677 1987 950 2043 Δεσπότου
980 1984 1090 2038 τῶν
1126 1982 1442 2038 ἀποστόλων
1484 1983 1517 2053 ή
1559 1981 1832 2050 ἀπόφασις
1875 1978 2135 2049 ἐτείχισεν

548 2083 720 2156 αὐτὴν
747 2080 920 2151 καινῷ
943 2080 1039 2134 καὶ
1068 2075 1356 2149 παραδόξῳ
1386 2071 1667 2145 τειχισμοῦ
1689 2073 1896 2145 τρόπῳ.
1928 2072 2003 2125 υύ
2025 2070 2135 2142 γάρ

551 2176 685 2241 ξύλα
709 2175 804 2229 καὶ
834 2173 1017 2237 λίθους
1044 2171 1278 2233 συνθεὶς,
1308 2168 1481 2232 οὕτως
1514 2167 1832 2239 ᾠκοδόμησε
1852 2165 1945 2219 τὸν
1980 2163 2136 2235 περί-

550 2267 727 2329 ϐολον,
751 2264 873 2317 ούδέ
903 2263 1112 2334 τάφρον
1146 2261 1345 2328 ἔξωθεν
1369 2261 1718 2333 περιελάσας,
1744 2258 1838 2314 καὶ
1867 2258 2134 2321 σκόλοπας

549 2352 894 2424 καταπήξας,
940 2350 1036 2405 καὶ
1094 2350 1338 2422 πύργους
1383 2350 1708 2420 ἀναστήσας,
1752 2349 1925 2414 οὕτως
1963 2347 2131 2419 αὐτὴν

549 2443 902 2517 ἠσφαλίσατο·
931 2442 1047 2496 ἀλλ’
1077 2442 1379 2512 ἐφθέγξατο
1410 2440 1504 2494 δύο
1530 2442 1752 2511 ῥήματα
1781 2438 1912 2509 ψιλά
1941 2440 2126 2509 μόνον,

550 2532 852 2588 καὶταῦτα
886 2531 1123 2605 ἤρκεσεν
1156 2531 1275 2585 am
1313 2530 1525 2601 τείχους
1570 2531 1729 2601 αὐτῇ,
1766 2531 1859 2583 καὶ
1896 2529 2128 2601 πύργου,

549 2626 645 2700 καὶ
671 2626 900 2696 τάφρου,
925 2624 1021 2678 καὶ
1049 2623 1347 2694 ἀσφαλείας
1376 2623 1616 2693 ἀπάσης.
1641 2621 1751 2675 Καὶ
1774 2621 1895 2675 τίνα
1924 2621 2041 2674 ἐστί
2062 2622 2130 2674 τὰ

551 2714 775 2784 ῥήματα
797 2710 992 2777 ταῦτα,
1021 2710 1058 2765 ἀ
1077 2710 1349 2780 τοσαύτην
1382 2709 1493 2781 ἔχει
1528 2710 1627 2782 τὴν
1658 2710 1810 2780 ἰσχύν
1835 2727 1850 2775 ;
1893 2711 2023 2764 Ἐπὶ
2054 2707 2128 2777 τῇ

549 2802 737 2870 πέτρᾳ
775 2802 962 2869 ταύτῃ
1011 2800 1388 2869 οἰκοδομήσω
1417 2817 1538 2869 μου
1568 2800 1684 2868 τὴν
1737 2801 2124 2868 Ἐκκλησίαν-ο

550 2893 653 2947 καὶ
697 2895 884 2947 πύλαι
919 2890 1067 2959 ᾅδου
1112 2893 1179 2946 οὐ
1212 2891 1701 2961 κατισχύσουσιν
1720 2890 1930 2960 αὐτῆς.
1960 2890 2130 2944 Τοῦτό

551 2988 671 3039 ἐστι
692 2984 753 3038 τὸ
779 2987 977 3055 τεῖχος,
1016 2983 1175 3037 τοῦτο
1200 2985 1227 3035 6
1264 2983 1569 3054 περίϐολος,
1597 2982 1804 3055 τοῦτοή
1838 2984 2128 3053 ἀσφάλεια,

549 3077 711 3132 τοῦτο
739 3076 901 3149 λιμὴν
924 3076 1019 3131 καὶ
1041 3078 1348 3149 καταφυγή.
1386 3078 1458 3130 Σὺ
1491 3077 1547 3132 δέ
1572 3094 1663 3148 μοι
1685 3077 1874 3130 σκόπει
1903 3076 2130 3130 κάντεῦ-

552 3170 645 3224 θεν
672 3168 767 3233 τοῦ
799 3169 1010 3240 τείχους
1038 3170 1100 3223 τὸ
1137 3169 1401 3241 άρραγές.
1438 3170 1511 3222 Οὐ
1556 3169 1663 3241 γὰρ
1693 3163 1865 3235 εἶπεν,
1908 3169 1992 3222 δτι
2031 3168 2128 3221 ἀν-

549 3261 788 3334 θρώπων
826 3262 1109 3317 ἐπιϐουλαὶ
1156 3262 1220 3315 ού
1273 3260 1712 3331 κατισχύσουοῡίν⁷¹
1740 3261 1909 3331 αὐτῆς
1944 3260 2126 3331 μόνον,

550 3353 667 3409 ἀλλ’
700 3355 780 3409 ὅτι
801 3354 912 3408 οὐδ’
940 3354 1101 3408 αὑταὶ
1127 3356 1182 3407 αί
1212 3352 1452 3424 μηχαναὶ
1483 3352 1577 3406 τοῦ
1610 3347 1760 3423 ᾅδου·
1784 3348 1978 3405 ’Πύλαι
1998 3351 2127 3422 γὰρ,

551 3445 740 3517 φησὶν,
775 3445 922 3513 ᾅδου
940 3447 1011 3500 οὐ
1034 3446 1523 3513 κατισχύσουσιν
1554 3442 1764 3511 αὐτῆς.
1806 3444 1918 3497 Οὐκ
1955 3430 2128 3510 εἶπεν,

548 3538 625 3591 Ὸύ
643 3535 759 3608 [61]
777 3535 1176 3607 προσϐαλοῦσιν
1199 3537 1358 3607 αὐτῇ,
1378 3534 1493 3588 ἀλλ’
1521 3535 1602 3588 ὅτι
1629 3536 1710 3589 Οὐ
1728 3535 2131 3603 κατισχύσου-

546 3639 659 3680 σιν
693 3623 901 3694 αὐτῆςο
936 3624 1306 3696 προσϐαλοῦσι
1351 3626 1451 3696 μὲν
1503 3625 1635 3697 γάρ,
1680 3626 1740 3679 ού
1781 3626 2125 3696 περιέσονται

544 3715 830 3787 δὲαύτῆς.
890 3715 1050 3769 Ἀλλά
1087 3716 1140 3769 τί
1169 3716 1299 3770 ποτέ
1355 3718 1493 3781 ἐστι,
1545 3718 1737 3772 Πύλαι
1770 3717 1953 3785 ᾅδου;
1984 3718 2125 3789 τάχα

550 3807 660 3879 γάρ
681 3807 890 3877 ἀσαφὲς
943 3807 1005 3861 τὸ
1038 3806 1348 3878 εἰρημένον.
1404 3808 1682 3880 Μάθωμεν
1732 3811 1786 3863 τί
1829 3813 1944 3864 ἐστι
1980 3810 2125 3881 πύλη

550 3900 778 3964 πόλεως,
815 3899 909 3954 καὶ
932 3898 1054 3953 τότε
1083 3898 1342 3970 εἰσόμεθα
1371 3898 1425 3952 τί
1458 3901 1574 3953 ἐστι
1604 3901 1745 3972 πύλη
1778 3901 1928 3972 ᾅδου.
1972 3902 2122 3973 Πύλη

548 3989 759 4054 πόλεώς
810 3992 958 4044 ἐστιν
1001 3990 1204 4053 εἴσοδος
1246 3992 1279 4061 ή
1331 3991 1411 4053 εἰς
1448 3989 1545 4061 τὴν
1596 3992 1771 4045 πόλινο
1805 3992 2002 4046 οὐκοῦν
2031 3994 2126 4045 καὶ

550 4082 696 4151 πύλη
718 4082 845 4153 ᾷδου
862 4082 979 4134 ἐστὶ
1001 4082 1243 4147 κίνδυνος
1266 4082 1347 4144 είς
1364 4081 1455 4135 τὸν
1476 4082 1608 4153 ᾅδην
1631 4084 1830 4154 φέρων.
1855 4085 1921 4136 "O
1944 4084 2126 4137 τοίνυν

551 4171 723 4240 λέγει,
751 4169 993 4223 τοιοῦτόν
1045 4171 1217 4224 ἐστιν·
1244 4169 1345 4221 Ἂν
1377 4171 1608 4225 τοιοῦτοι
1656 4171 1890 4225 κίνδυνοι
1920 4173 2121 4242 καταρο

553 4257 765 4333 ραγῶσι
808 4257 904 4313 καὶ⁵
953 4258 1355 4330 προσϐάλωσιν,
1389 4259 1465 4324 ὡς
1509 4260 1643 4331 πρὸς
1687 4260 1851 4314 αὐτὸν
1883 4262 2125 4329 ἐνεγκεῖν

553 4353 700 4422 ἡμᾶς
742 4351 833 4405 τὸν
873 4349 1041 4422 ᾅδην,
1073 4350 1468 4422 ἀπερίτρεπτος
1520 4353 1555 4423 ή
1615 4351 1909 4422 Ἐκκλησία
1952 4348 2122 4423 μένει.

561 4443 825 4497 Ἦδύνατο
862 4442 960 4513 μὲν
985 4441 1094 4514 γὰρ
1129 4441 1202 4513 μὴ
1230 4442 1447 4511 ἀφεῖναι
1486 4445 1692 4514 ιπεῖραν
1719 4445 1888 4516 αὐτὴν
1940 4445 2125 4515 λαϐεῖν

550 4533 662 4589 τῶν
690 4533 897 4588 δεινῶν·
948 4534 1092 4598 τίνος
1120 4529 1214 4589 οῦν
1262 4532 1453 4609 ἕνεκεν
1497 4535 1739 4608 ἀφῆκενς
1771 4537 1889 4590 ’Ότι
1946 4537 2125 4610 πολλῷ

555 4626 740 4698 μεῖζόν
765 4628 882 4681 ἐστι
914 4625 1007 4681 τοῦ
1039 4625 1279 4681 κωλῦσαι
1312 4628 1438 4692 τοὺς
1463 4631 1799 4700 πειρασμοὺς
1819 4629 1880 4684 τὸ
1910 4648 2123 4701 συγχω-

553 4722 794 4791 ρήσαντα
822 4720 948 4783 τοὺς
973 4722 1310 4791 πειρασμοὺς
1324 4720 1516 4784 ἐλθεῖν,
1533 4722 1698 4793 μηδὲν
1716 4724 1931 4792 ἀφεῖναι
1956 4724 2125 4780 δεινὸν

554 4814 621 4865 ἐκ
656 4812 755 4883 τῆς
780 4810 1077 4882 ἐπαγωγῆς
1102 4811 1309 4866 τούτων
1358 4811 1569 4867 παθεῖν.
1614 4814 1712 4867 Διά
1750 4814 1907 4868 τοῦτο
1944 4816 2123 4887 ἀφῆκε

551 4902 761 4967 πάντας
785 4901 1028 4960 ἐπελθεῖν
1056 4903 1181 4966 τοὺς
1209 4905 1551 4974 πειρασμοὺς
1569 4944 1584 4966 .
1621 4905 1709 4958 ἵνα
1747 4905 2124 4979 δοκιμωτέραν

552 4992 720 5066 αὐτὴν
748 4994 1069 5066 ἐργάσηταιο
1112 4995 1175 5051 Ἠ
1199 4995 1308 5066 γάρ
1334 4996 1542 5064 θλίψις
1572 4997 1889 5067 ὑπομονὴν
1915 5016 2121 5070 κατερ-

551 5082 801 5149 γάζεται,
823 5083 860 5151 ἡ
887 5082 958 5136 δὲ
980 5082 1253 5153 ὑπομονὴ
1282 5082 1556 5153 δοκιμήν.
1588 5084 1699 5138 Kal
1728 5085 1813 5140 ’ίνα
1844 5087 1943 5159 τὴν
1962 5087 2123 5143 δύνα-

554 5188 649 5243 μιν
668 5170 763 5242 τὴν
783 5169 980 5229 ἐαυτοῦ
1004 5173 1141 5242 μετά
1169 5171 1412 5237 πλείονος
1439 5173 1768 5245 ἐπιδείξηται
1786 5178 2122 5249 περιουσίας,

551 5263 611 5330 ἐξ
645 5261 825 5315 αὐτῶν
863 5261 971 5316 τῶν
1003 5261 1190 5316 πυλῶν
1213 5260 1308 5316 τοῦ
1340 5262 1570 5318 θανάτου
1609 5263 1905 5336 ἐξαρπάζει
1932 5268 2121 5339 αὐτήν.

550 5356 649 5411 Διά
696 5355 857 5411 τοῦτο
912 5356 1009 5410 καὶ
1062 5355 1124 5432 τὴ
1177 5354 1464 5410 κλυδώνιον
1513 5356 1665 5410 εἴασε
1714 5359 1986 5427 γενέσθαι,
2032 5362 2126 5415 καὶ

552 5446 920 5519 βαπτισθῆναι
949 5446 1009 5501 τὸ
1032 5447 1237 5516 σκάφος
1264 5447 1365 5500 οὐκ
1393 5448 1594 5501 εἴασεν.
1624 5447 1785 5503 Οὕτω
1809 5452 1902 5505 καὶ
1927 5452 2125 5522 κυϐερ-

554 5539 717 5609 νήτην
745 5536 1118 5608 θαυμάζομεν,
1153 5539 1252 5609 οὐχ
1284 5537 1408 5593 ὅταν
1442 5536 1503 5603 ἐξ
1537 5536 1724 5609 οὐρίας
1765 5539 1963 5606 πλέων,
2014 5543 2122 5596 οὐδ’

553 5628 676 5682 ὅταν
696 5625 841 5685 κατά
857 5628 1110 5697 πρύμναν
1127 5629 1415 5699 ἱσταμένου
1441 5627 1536 5682 τοῦ
1561 5628 1868 5700 πνεύματος
1881 5631 2122 5706 διασώσῃ

558 5718 609 5770 ιδ
645 5718 873 5786 σκάφοςο
910 5717 1022 5770 ἀλλ’
1052 5719 1179 5773 ὅταν
1212 5719 1313 5789 τῆς
1361 5719 1637 5791 θαλάσσης
1690 5722 2120 5796 στασιαζούσης,

551 5804 643 5858 καὶ
690 5804 804 5857 τῶν
861 5806 1115 5874 κυμάτων
1146 5806 1542 5880 ἀγριουμένων,
1574 5811 1669 5865 καὶ
1710 5812 1805 5868 τοῦ
1852 5814 2120 5887 χειμῶνος

2237 1145 2785 1217 καταρρηγνυμένου,
2808 1146 2908 1219 τήν
2944 1148 3142 1221 τέχνην
3176 1149 3315 1223 πρὸς
3334 1152 3437 1225 τὴν
3464 1156 3577 1211 τῶν
3608 1160 3833 1229 ἀνέμων

2236 1235 2567 1321 ἀντιστήσας
2601 1237 2794 1310 φοράν,
2827 1240 2891 1292 ἐκ
2917 1240 3083 1312 μέσου
3113 1241 3208 1295 τοῦ
3228 1243 3497 1315 χειμῶνος
3526 1248 3827 1324 ἐξαρπάσῃ

2236 1325 2298 1380 τὸ
2324 1327 2526 1382 πλοῖον.
2557 1328 2714 1382 Οῦτω
2762 1329 2857 1383 καὶ
2890 1333 2919 1385 ό
2969 1332 3205 1404 Χριστὸς
3254 1335 3499 1408 ἐποίησε.
3546 1341 3828 1416 Καθάπερ

2237 1417 2419 1471 πλοῖον
2458 1420 2518 1471 ἐν
2550 1418 2788 1493 θαλάττῃ
2825 1422 2924 1493 τήν
2963 1424 3292 1495 Ἐκκλησίαν
3325 1428 3385 1480 ἐν
3423 1433 3489 1500 τῇ
3521 1433 3827 1505 οἰκουμένῃ

2237 1509 2501 1581 φέρεσθαι
2531 1512 2692 1566 πάλιν
2721 1513 2901 1583 ἀφεὶς,
2936 1515 2996 1569 ού
3038 1516 3305 1570 κατέλυσε
3330 1519 3430 1591 τὴν
3460 1521 3664 1595 ζάλην,
3702 1525 3818 1578 ἀλλ’

2235 1603 2511 1675 ἐξήρπασε
2546 1604 2648 1675 τῆς
2677 1602 2867 1676 ζάληςο
2902 1606 2965 1658 οὐ
3014 1606 3328 1662 κατέστειλε
3355 1612 3456 1682 τήν
3502 1612 3825 1676 θάλασσαν.

2233 1693 2347 1749 ἀλλ’
2379 1695 2715 1765 ἠσφαλίσατο
2753 1695 2851 1768 τὴν
2889 1695 3021 1751 ναῦν
3041 1713 3067 1739 ὀ
3107 1700 3202 1752 καὶ
3247 1700 3689 1775 διανισταμένων
3717 1708 3825 1760 τῶν

2236 1786 2512 1857 πανταχοῦ
2562 1787 2771 1858 δήμων,
2825 1789 3078 1861 καθάπερ
3128 1793 3391 1862 κυμάτων
3440 1797 3678 1868 ἀγρίων,
3733 1802 3825 1853 καὶ

2234 1877 2657 1949 προσϐαλόντων
2707 1879 2843 1949 αὐτῇ
2889 1879 2999 1933 τῶν
3029 1883 3356 1952 πνευμάτων
3388 1887 3495 1938 τῶν
3530 1889 3820 1960 πονηρῶν,

2234 1967 2486 2040 καθάπερ
2512 1969 2764 2039 χαλεπῶν
2786 1971 3024 2041 ἀνέμων,
3055 1973 3148 2026 καὶ⁵
3178 1974 3441 2030 πάντοθεν
3462 1979 3822 2051 ἐγειρομένου

2232 2059 2328 2113 τοῦ
2369 2060 2672 2132 χειμῶνος,
2726 2063 2929 2127 πολλὴν
2972 2067 3038 2136 τῇ
3089 2066 3387 2141 Ἐκκλησία
3429 2070 3530 2143 τήν
3576 2073 3823 2145 γαλήνην

2234 2151 2434 2205 ἐποίει·
2470 2152 2567 2205 καὶ⁵
2596 2152 2658 2205 τὸ
2686 2152 2751 2224 δή
2780 2153 3116 2225 θαυμαστὸν,
3157 2158 3241 2210 ὅτι
3270 2159 3331 2211 ού
3367 2161 3527 2231 μόνον
3559 2165 3590 2215 6
3611 2161 3822 2235 χειμὼν

2232 2242 2293 2295 οὐ
2322 2242 2623 2297 κατέκλυσε
2655 2243 2753 2314 τήν
2785 2244 2937 2310 ναῦν,
2986 2245 3102 2300 ἀλλ’
3138 2247 3219 2300 δτι
3263 2250 3470 2304 καὶτὸν
3499 2254 3749 2324 χειμῶνα
3780 2257 3810 2322 ἡ

2233 2333 2365 2398 ναῦς
2388 2335 2702 2388 κατέλυσεν.
2727 2337 2792 2390 υἱ
2826 2336 2934 2408 γὰρ
2966 2336 3195 2409 διωγμοὶ
3224 2342 3271 2394 οἱ
3295 2345 3541 2411 συνεχεῖς
3572 2346 3633 2397 ού
3662 2346 3833 2416 μόνον

2231 2425 2291 2477 οὐ
2325 2426 2719 2481 κατεπόντισαν
2750 2427 2849 2499 τὴν
2892 2428 3241 2501 Ἐκκλησίαν,
3280 2433 3416 2488 ἀλλά
3450 2437 3543 2489 καὶ
3571 2437 3816 2509 διελύθη-

2232 2530 2332 2568 σαν
2364 2516 2468 2570 ύπὸ
2503 2517 2604 2588 τῆς
2644 2519 2989 2589 Ἐκκλησίας.
3023 2519 3147 2586 Πῶς
3181 2525 3274 2577 καὶ
3308 2526 3428 2578 τίνα
3462 2529 3690 2598 τρόπον,
3724 2531 3813 2583 καὶ

2230 2605 2395 2659 πόθεν
2420 2623 2434 2673 ;
2485 2608 2620 2662 Ἀπὸ
2654 2612 2756 2682 τῆς
2783 2611 3113 2680 ἀποφάσεως
3144 2615 3346 2687 ταύτης
3372 2617 3471 2688 τῆς
3499 2618 3772 2692 λεγούσης
3793 2661 3806 2681 ,

2228 2694 2425 2748 Πύλαι
2456 2694 2604 2762 ᾅδου
2634 2699 2706 2751 οὐ
2748 2702 3233 2770 κατισχύσουσιν
3268 2706 3477 2776 αὐτῆς.
3512 2710 3669 2765 Πόσα
3692 2711 3813 2764 ἕκα-

2234 2800 2331 2856 μον
2359 2785 2645 2859 Ἕλληνες,
2698 2789 2840 2844 ὥστε
2878 2792 2938 2845 τὸ
2982 2792 3134 2864 ῥῆμα
3166 2796 3324 2850 τοῦτο
3365 2799 3644 2868 καθελεῖν,
3675 2802 3810 2855 ὥστε

2230 2880 2433 2953 ἄκυρον
2459 2884 2684 2953 ποιῆσαι
2711 2884 2807 2956 τὴν
2833 2887 3127 2957 ἀπόφασιν,
3147 2890 3242 2942 καὶ
3264 2892 3363 2945 ούκ
3387 2893 3621 2964 ἴσχυσαν
3645 2912 3809 2948 κατα-

2229 2973 2420 3040 λύσαις
2438 2974 2573 3028 Θεοῦ
2598 2976 2707 3049 γὰρ
2729 2979 2762 3049 ή
2789 2978 3063 3047 ἀπόφασις
3079 2977 3167 3052 ἦν.
3189 2984 3301 3036 Kal
3326 2984 3584 3058 καθάπερ
3609 2988 3812 3060 πύργον

2230 3065 2288 3134 ἐξ
2315 3066 2696 3137 ἀδαμαντίνων
2729 3068 2892 3124 λίθων
2930 3072 3304 3144 συγκείμενον,
3333 3075 3535 3148 σιδήρῳ
3570 3078 3806 3131 συνδεδε-

2233 3159 2392 3228 μένον
2417 3158 2682 3230 ἀκριϐῶς,
2726 3161 2777 3213 οί
2828 3161 3077 3234 πολέμιοι
3125 3167 3465 3236 πανταχόθεν
3490 3168 3805 3238 βάλλοντες,

2229 3242 2353 3298 οὔτε
2383 3245 2483 3316 τὴν
2512 3248 2803 3319 οἰκοδομὴν
2855 3249 3183 3320 χαυνοῦσιν,
3224 3254 3349 3307 οὔτε
3389 3257 3490 3326 τὴν
3537 3258 3803 3330 ἁρμονίαν

2230 3335 2618 3407 παραλύουσιν,
2650 3338 2763 3392 ἀλλ’
2796 3341 3123 3413 ἀπέρχονται
3146 3344 3237 3397 τὸν
3267 3346 3364 3416 μὲν
3403 3348 3617 3417 πύργον
3645 3348 3804 3420 μηδὲν

2229 3424 2697 3495 καταϐλάψαντες,
2731 3429 2866 3499 μηδέ
2919 3432 3244 3501 ποιήσαντες
3273 3452 3327 3487 τι
3379 3437 3549 3490 κακὸν
3573 3478 3590 3502 ,
3634 3437 3728 3508 τὴν
3751 3436 3804 3488 δέ

2229 3517 2440 3571 ἑαυτῶν
2474 3521 2878 3588 καταλύσαντες
2901 3524 3149 3597 δύναμιν
3173 3526 3315 3581 οὕτω
3347 3527 3410 3601 δή
3434 3530 3527 3584 καὶ
3557 3531 3626 3584 τὸ
3659 3532 3801 3602 ῥῆμα

2229 3610 2409 3675 τοῦτο,
2428 3612 2680 3687 καθάπερ
2704 3615 2912 3688 πύργον
2928 3613 3147 3690 ’ὑψηλὸν
3172 3622 3228 3675 ἐν
3252 3622 3391 3694 μέσῃ
3424 3626 3488 3694 τῇ
3515 3625 3799 3695 οἰκουμένῃ

2235 3702 2372 3773 μετά
2410 3705 2709 3775 ἀσφαλείας
2756 3711 3157 3782 τετειχισμένον
3182 3753 3197 3777 ,
3230 3714 3279 3766 οἱ
3311 3714 3574 3786 ’Έλληνες
3610 3732 3803 3769 παντα-

2231 3795 2387 3865 χόθεν
2420 3795 2723 3866 βάλλοντες,
2750 3799 2912 3854 αὐτόν
2934 3817 2992 3853 τε
3034 3802 3254 3875 ἰσχυρὸν
3283 3805 3591 3876 ἀπέφηναν,
3625 3808 3718 3877 τὴν
3748 3804 3800 3856 δέ

2231 3887 2439 3943 ἑαυτῶν
2470 3889 2874 3956 καταλύσαντες
2898 3892 3259 3964 ίσχὺν,οῦτως
3279 3897 3571 3952 ἀπέθανον.
3607 3898 3670 3950 Τί
3694 3898 3797 3966 γὰρ

2231 3980 2329 4033 οὐκ
2375 3980 2789 4053 ἐμηχανήσαντο
2842 3983 2986 4037 κατά
3032 3984 3135 4055 τῆς
3187 3986 3517 4057 ἀποφάσεως
3569 3988 3797 4057 ταύτηςς

2231 4071 2581 4140 Στρατόπεδα
2614 4074 3083 4144 παρεσκευάζετο,
3112 4075 3256 4130 ὅπλα
3290 4080 3540 4148 ἐκινεῖτο⁹
3571 4078 3798 4151 βασιλεῖς

2231 4163 2656 4233 καθωπλίζοντο,
2674 4167 2838 4239 δῆμοι
2864 4168 3224 4243 διηγείροντο,
3240 4173 3421 4238 πόλεις
3445 4175 3797 4235 διανίσταντον

2230 4260 2484 4315 δικασταὶ
2534 4263 2952 4334 παρωξύνοντο,
3004 4266 3151 4322 ἆπαν
3202 4270 3475 4343 τιμωρίας
3508 4270 3626 4345 [62}
3665 4266 3797 4330 εἶδος

2232 4361 2521 4415 ἐπενοεῖτο·
2557 4361 2732 4426 οὐδεὶς
2782 4362 3231 4437 παρελιμπάνετο
3262 4367 3541 4433 κολάσεως
3564 4368 3793 4441 τρόπον

2231 4457 2365 4530 πῦρ,
2400 4458 2495 4510 καὶ
2535 4457 2753 4530 σίδηρος
2804 4471 2853 4528 ι,
2895 4461 2990 4514 καὶ
3022 4459 3231 4533 θηρίων
3272 4462 3502 4529 ὀδόντες,
3543 4465 3638 4519 καὶ
3668 4477 3794 4533 κρη-

2234 4552 2378 4624 μνολ,
2410 4554 2505 4608 καὶ
2531 4557 2976 4627 καταποντισμοὶ,
3016 4557 3109 4611 καὶ
3150 4556 3445 4631 βάραθρον,
3489 4562 3589 4614 καί⁵
3627 4559 3789 4628 ξύλον,

2229 4649 2326 4705 xal
2352 4650 2607 4725 σταυρὸς,
2636 4651 2731 4705 καὶ
2756 4651 3005 4723 κάμινος,
3041 4654 3136 4708 καὶ
3170 4656 3347 4709 πάντα
3376 4656 3476 4709 ὅσα
3505 4656 3659 4727 ὤφθη
3691 4653 3792 4707 πώ·

2230 4763 2363 4803 ποτε
2381 4746 2776 4819 βασανιστήρια
2801 4748 2883 4812 είς
2905 4748 3070 4819 μέσον
3090 4749 3367 4821 ἐφέροντο·
3383 4752 3620 4807 ἀπειλῶν
3643 4752 3792 4820 ὖγκος

2230 4845 2458 4915 ἄφατος,
2486 4844 2662 4917 τιμῶν
2691 4845 3011 4916 ὑποσχέσεις
3034 4846 3256 4915 ἀφατοι,
3307 4846 3448 4901 ὥστε
3477 4849 3670 4919 ἐκείνῳ
3697 4845 3790 4916 μὲν

2230 4943 2468 5014 φοϐῆσαι
2495 4942 2574 5015 τῷ
2599 4943 2811 5015 τρόπῳ,
2850 4941 3028 5012 τούτῳ
3055 4942 3114 4998 δέ
3144 4942 3371 4998 ἐκλῦσαι
3409 4946 3505 4999 καὶ
3534 4945 3788 5000 δελεάσαι.

2228 5040 2396 5095 υύδέν
2411 5040 2545 5109 γοῦν
2569 5040 2807 5112 ἀπάτης,
2822 5040 2884 5093 ού
2910 5038 3032 5111 βίας
3051 5038 3496 5113 παρελιμπάνετο
3513 5039 3669 5107 εἶδος.
3687 5039 3789 5093 Kal

2228 5137 2338 5209 γὰρ
2367 5138 2600 5207 πατέρες
2624 5138 2821 5202 παῖδας
2849 5138 3192 5208 παρέδωκαν,
3226 5139 3319 5193 καὶ
3342 5140 3530 5206 παῖδες
3557 5138 3790 5209 πατέρας

2227 5234 2522 5305 ήγνόησαν·
2556 5235 2792 5306 μητέρες
2822 5234 3028 5288 ὠδίνων
3077 5235 3426 5290 ἐπελάθοντου
3473 5237 3566 5292 καὶ
3614 5238 3661 5291 οί
3696 5231 3789 5301 τῆς

2231 5329 2445 5399 φύσεως
2483 5330 2870 5402 ἀνετράπησαν
2906 5330 3081 5402 νόμοι.
3126 5331 3266 5385 Ἀλλ’
3288 5332 3438 5399 ὅμως
3468 5335 3517 5386 οἱ
3560 5329 3786 5402 θεμέλιοι

2231 5428 2329 5498 τῆς
2362 5427 2686 5501 Ἐκκλησίας
2735 5428 2855 5482 οὐδὲ
2905 5427 3079 5491 οὕτως
3141 5429 3529 5499 ἐσαλεύθησανι
3557 5428 3685 5483 ἀλλά
3708 5420 3788 5477 διὰ

2231 5526 2331 5595 τῆς
2356 5526 2679 5595 συγγενείας
2707 5525 2876 5597 αὐτῆς
2913 5527 2943 5579 6
2971 5525 3205 5596 πόλεμος
3233 5527 3396 5598 ήρετο
3425 5528 3520 5580 καὶ
3546 5527 3651 5580 τῶν
3682 5536 3786 5575 τει-

2294 5703 2320 5732 ⁶
2346 5699 2455 5766 Πῧρλ
2472 5702 2553 5749 καὶ
2591 5701 2800 5766 σίδηρος.
2826 5701 2901 5751 Ab
2933 5702 3012 5766 his
3035 5712 3201 5766 δἐι-ωε
3221 5704 3393 5765 incipit
3414 5717 3509 5766 ms.
3540 5703 3643 5750 Mox
3665 5697 3782 5766 idem

2231 5764 2363 5827 ξύλον
2383 5760 2464 5810 καὶ
2483 5764 2651 5827 τρόχος
2674 5760 2761 5827 καί
2782 5763 3004 5827 σταυρὸς.
3035 5762 3143 5827 Mox
3171 5760 3376 5827 ἐφέρετο.
3413 5764 3566 5827 Ἀπειλ
3577 5766 3639 5810 ῶν
3660 5760 3785 5817 ὄγκος

2225 5823 2524 5887 ἀφόρητοςέζ
2544 5823 2669 5874 liifra
2691 5825 2825 5872 οὐδὲν
2849 5823 2937 5872 ὁύκ
2963 5823 3213 5881 ἀπάτης...’
3228 5823 3399 5881 παῖδας
3417 5826 3711 5888 προᾶδωκαν.
