4106 6428
321 442 392 499 π
1437 443 1507 501 tu
1548 440 2076 501 lNSClthTlONEll
2116 442 2463 502 acroama.
2505 444 2548 502 u
3552 451 3625 504 τε

3554 580 3626 588 ——-

321 672 453 718 CUI
497 672 561 716 IN
591 673 830 717 VI‘I‘BII
867 672 1164 718 BCCLBSIA
1197 672 1401 717 LONGO
1427 671 1823 716 INTERVALLO
1850 670 1922 713 ΟΕ

2027 656 2221 724 ῐιιιδΔΤΛ
2250 670 2567 715 αοιιιςατλ
2600 673 2811 729 ESSET,
2843 674 3356 721 εειυιοιιηιτυε
3404 675 3469 719 IN
3517 675 3631 718 [N-

404 776 836 821 SCRIPTIONEM
866 777 1171 823 ACTOBUM
1199 777 1699 822 APOSTOLORUM:
1733 777 1812 820 ET
1855 776 2060 821 VITAM
2102 777 2235 821 CUM
2281 778 2557 824 VIRTUTE
2587 782 2800 828 ACTA)!
2845 784 3197 831 UTILIOBEII
3243 785 3386 831 ESSE
3430 786 3631 833 SIGNIS

406 878 483 921 AC
528 878 875 923 IIRACULIS
913 880 930 920 3
977 879 1059 922 ΕΤ
1099 878 1432 933 ΩΠΔΤΕΝυΒ
1476 877 1800 921 DIFFBRAT
1845 876 1881 918 Δ

2027 875 2125 919 le
2153 875 2591 923 CONVEBSATIO
2636 861 2748 945 (η).

1624 1023 1902 1036 .—

394 1152 425 1207 1
437 1190 453 1205 .
482 1152 714 1208 Eccfesia
734 1169 826 1207 nec
846 1151 1271 1223 persecutionibus
1286 1166 1377 1208 nec
1395 1152 1498 1208 alio
1515 1152 1664 1207 modo
1683 1151 1916 1206 uincitur.

322 1270 397 1285 ει-
416 1243 621 1298 Rursus
643 1244 709 1298 ad
729 1252 956 1299 matrem
978 1256 1216 1300 nostram
1237 1246 1399 1316 longo
1417 1244 1695 1300 intervallo
1717 1240 1920 1298 reversi

320 1350 518 1391 sumus
540 1377 555 1399 ,
587 1336 654 1391 ad
690 1335 1051 1392 desideratam
1077 1347 1135 1392 et
1165 1352 1346 1393 caram
1387 1339 1637 1394 omnibus
1662 1337 1800 1392 hanc
1823 1350 1918 1391 ec-

320 1428 566 1484 clesiam.
590 1428 658 1483 ad
686 1437 923 1483 nostram
950 1436 1007 1484 et
1030 1430 1268 1485 omnium
1294 1429 1643 1486 ecclesiarum
1666 1436 1918 1483 matrem.

326 1518 462 1574 Nam
486 1529 657 1575 mater
681 1520 893 1591 quidem
917 1530 1001 1576 est
1030 1535 1135 1574 non
1162 1520 1302 1592 quod
1326 1521 1593 1591 antiquior
1622 1530 1823 1574 tantum
1852 1518 1923 1574 sit

328 1620 574 1680 tempore
597 1629 612 1665 :
635 1611 728 1666 sed
748 1611 890 1682 quod
912 1612 1277 1682 apostolorum
1304 1612 1547 1668 manibus
1569 1611 1640 1666 sit
1661 1610 1877 1667 fundata
1906 1627 1922 1668 :

325 1717 490 1772 quam
533 1703 604 1756 ob
644 1716 860 1757 causam
907 1703 1178 1759 multoties
1222 1713 1440 1775 prepter
1483 1703 1677 1760 Christi
1725 1718 1921 1758 nomen

324 1807 543 1861 eversa,
573 1793 768 1849 Christi
794 1796 989 1850 virtute
1013 1810 1202 1851 rursus
1228 1804 1312 1852 est
1338 1805 1536 1851 erecta.
1569 1795 1752 1867 Neque
1776 1794 1921 1851 enim

326 1885 639 1955 apostolicae
681 1894 886 1942 tantum
926 1902 1117 1943 manus
1164 1889 1307 1943 illam
1349 1884 1678 1955 fundarunt,
1728 1888 1824 1945 sed
1869 1898 1925 1944 et

329 1977 503 2047 ipsius
544 1979 905 2049 apostolorum
944 1980 1153 2035 Domini
1191 1980 1466 2037 decretum
1506 1981 1650 2036 illam
1691 1995 1831 2035 novo
1866 1990 1925 2037 et

330 2068 587 2124 inusitato
628 2072 943 2127 munitionis
982 2087 1181 2142 genere
1205 2073 1451 2128 munivit.
1481 2073 1597 2129 Non
1624 2074 1765 2129 enim
1797 2089 1923 2129 coa—

328 2163 617 2232 gmentatis
653 2162 811 2234 lignis
843 2173 897 2219 et
923 2164 1184 2235 lapidibus
1203 2175 1353 2235 septa
1383 2167 1716 2232 construxit,
1747 2182 1921 2236 neque

329 2251 473 2307 fossa
499 2255 730 2309 exterius
753 2255 909 2311 ducta
936 2256 1285 2313 circumdedit
1310 2271 1402 2313 aut
1430 2258 1564 2329 palis
1589 2258 1799 2324 deﬁxis,
1831 2268 1923 2314 aut

328 2343 570 2399 turribus
595 2346 936 2403 exaediﬁcatis
956 2348 1098 2403 illam
1126 2349 1384 2411 munivit;
1414 2348 1509 2405 sed
1530 2349 1638 2405 duo
1659 2349 1797 2405 nuda
1829 2365 1920 2404 so-

328 2432 442 2489 lum
467 2435 630 2490 verba
657 2437 900 2506 protulit,
924 2448 978 2495 et
1005 2439 1121 2495 haec
1147 2440 1221 2494 illi
1247 2440 1463 2496 fuerunt
1488 2441 1655 2495 instar
1680 2442 1839 2508 muri,
1868 2450 1924 2497 et

330 2526 530 2588 turris.
558 2534 614 2580 et
641 2526 796 2583 fossa:
819 2571 835 2595 ,
861 2538 917 2585 et
937 2531 1171 2601 cujusvis
1199 2532 1318 2587 loco
1344 2532 1679 2587 munimenti.
1708 2533 1776 2587 Et
1801 2549 1921 2603 quae

327 2617 550 2673 tandem
590 2616 678 2673 illa
719 2629 845 2674 sunt
886 2622 1049 2677 verba
1073 2664 1089 2689 ,
1116 2638 1237 2693 quae
1266 2633 1466 2679 tantam
1496 2625 1603 2679 vim
1634 2624 1921 2681 obtinent?

330 2708 511 2779 Super
533 2712 661 2766 hanc
688 2724 882 2783 petram
908 2716 1168 2785 aediﬁcabo
1194 2717 1476 2772 Ecclesium
1501 2735 1663 2773 meam
1689 2736 1707 2773 :
1733 2728 1779 2774 et
1805 2736 1925 2789 por-

328 2808 402 2853 ta:
418 2800 573 2869 inferi
592 2818 692 2856 non
714 2805 1055 2875 prcevalebuut
1073 2807 1310 2862 adversus
1329 2824 1438 2862 eam
1460 2808 1669 2878 (Matth.
1695 2810 1783 2866 l6.
1807 2810 1920 2881 18).

326 2890 449 2947 iloc
471 2907 657 2948 murus
681 2903 761 2950 est
783 2935 800 2962 ,
830 2895 930 2951 hoc
957 2906 1164 2968 septum
1190 2939 1206 2965 ,
1235 2899 1337 2953 hoc
1366 2900 1754 2956 munimentum
1777 2944 1791 2967 ,
1822 2900 1925 2959 hoc

328 2995 522 3054 portus
549 2994 605 3041 et
638 2987 913 3059 refugium.
948 2990 1029 3046 Tu
1056 3006 1186 3048 vero
1214 3008 1371 3062 quam
1399 2992 1828 3066 inexpugnabilis
1854 2998 1924 3050 sit

327 3076 424 3131 hic
466 3093 692 3145 murus,
734 3080 856 3136 inde
901 3083 1187 3153 perpende.
1235 3083 1417 3155 Neque
1458 3086 1601 3141 enim
1647 3086 1921 3144 hominum

329 3178 543 3225 tantum
568 3170 788 3227 insidias
812 3173 1068 3230 adversus
1092 3190 1211 3231 eam
1242 3177 1376 3232 dixit
1404 3192 1509 3233 non
1536 3180 1921 3249 prmvalituras,

328 3260 431 3317 sed
461 3277 561 3318 nec
592 3263 734 3334 ipsas
762 3265 957 3322 inferni
985 3268 1278 3324 machinas.
1310 3268 1486 3326 Porta:
1512 3271 1676 3339 enim,
1708 3274 1879 3345 inquit
1905 3316 1921 3342 ,

330 3355 486 3428 inferi
536 3372 637 3411 non
677 3358 1016 3430 prmalebunt
1053 3362 1293 3417 adversus
1345 3379 1476 3417 eam.
1504 3364 1622 3420 Non
1661 3365 1834 3435 dixit,
1867 3366 1924 3424 In

329 3446 482 3503 illam
505 3463 611 3504 non
636 3449 854 3517 irruent,
880 3453 996 3517 sed,
1021 3453 1273 3509 Adversus
1293 3471 1402 3510 eam
1422 3473 1523 3511 non
1545 3457 1886 3527 praevalebunt
1906 3476 1926 3514 :

328 3554 463 3595 nam
493 3541 694 3597 irruent
716 3543 821 3598 illa:
851 3544 1064 3614 quidem
1090 3588 1107 3612 ,
1138 3546 1232 3601 sed
1265 3546 1409 3602 illam
1439 3564 1548 3605 non
1574 3552 1920 3621 superabunt.

321 3630 441 3687 Sed
463 3632 589 3701 quid
612 3633 739 3689 illud
761 3643 844 3690 est
866 3676 881 3701 ,
906 3635 1081 3692 Parua
1111 3638 1264 3709 inferi
1278 3639 1305 3693 .’
1332 3640 1469 3697 forte
1491 3657 1721 3713 namque
1739 3644 1927 3700 obscu-

329 3738 454 3777 rum
477 3733 561 3779 est
579 3723 798 3781 dictum.
821 3727 1103 3783 Diseamus
1123 3730 1250 3800 quid
1271 3733 1340 3787 sit
1363 3742 1514 3802 porta
1535 3734 1699 3797 urbis.
1721 3746 1776 3791 et
1802 3745 1927 3792 tunc

326 3812 570 3869 sciemus
595 3815 719 3885 quid
756 3817 829 3872 sit
866 3828 1016 3889 porta
1045 3819 1220 3876 inferi.
1270 3821 1430 3879 Porta
1459 3825 1604 3880 urbis
1630 3837 1711 3882 est
1750 3827 1927 3885 aditus

329 3907 390 3961 in
419 3905 607 3963 urbem
636 3926 649 3961 :
676 3908 854 3980 itaque
882 3923 1033 3981 porta
1058 3913 1212 3969 inferi
1238 3923 1320 3970 est
1346 3917 1660 3987 periculum,
1688 3920 1831 3991 quod
1858 3921 1926 3976 ad

328 3996 536 4051 inferos
580 3998 766 4056 tendit.
797 4000 949 4069 Quod
994 4002 1154 4074 igitur
1196 4006 1313 4072 ait,
1341 4015 1425 4062 est
1466 4008 1730 4078 ejusmodi
1759 4028 1773 4065 :
1802 4010 1927 4068 lice’t

328 4089 541 4146 irruant
564 4098 620 4147 et
639 4093 896 4163 impetum
922 4096 1115 4152 faciant
1136 4106 1279 4153 tanta
1302 4102 1555 4171 pericula,
1584 4112 1643 4158 ut
1662 4104 1727 4159 ad
1753 4107 1924 4175 ipsum

328 4195 433 4236 nos
462 4184 759 4255 prmcipites
785 4196 943 4257 agant
988 4189 1252 4247 infernum
1282 4235 1298 4261 ,
1343 4194 1581 4252 Ecclesia
1612 4211 1792 4254 manet
1821 4200 1924 4254 im-

329 4285 501 4332 muta.
546 4277 764 4334 Poterat
791 4281 880 4336 ille
914 4283 1128 4352 quidem
1168 4301 1271 4340 non
1301 4289 1616 4359 permittere
1637 4332 1652 4355 ,
1686 4299 1745 4346 ut
1778 4293 1924 4350 nulla

328 4367 475 4422 mala
513 4370 918 4441 experiremur:
945 4389 1041 4431 cur
1079 4391 1207 4447 ergo
1244 4378 1526 4448 permisit?
1563 4380 1718 4451 Quod
1759 4385 1926 4439 multo

330 4460 507 4531 magis
529 4462 619 4528 sit,
649 4479 808 4533 quam
844 4469 1163 4524 tentationes
1189 4470 1475 4540 prohibere
1495 4514 1509 4539 ,
1542 4474 1585 4529 si
1612 4475 1737 4529 dum
1764 4476 1925 4534 adve-

328 4551 451 4607 nire
482 4554 798 4610 tentationes
838 4557 998 4626 sinit,
1031 4560 1165 4615 nihil
1195 4571 1372 4618 tamen
1402 4580 1468 4620 ex
1496 4580 1680 4621 earum
1711 4568 1925 4624 incursu

327 4643 457 4697 mali
484 4659 583 4700 nos
607 4644 749 4703 ferre
776 4652 1078 4719 permittat;
1104 4653 1302 4711 idcirco
1326 4672 1513 4713 omnes
1532 4661 1776 4717 accidere
1806 4672 1923 4718 ten-

328 4738 561 4794 tationes
585 4740 745 4809 sivit,
777 4752 835 4797 ut
871 4745 1229 4815 probatiorem
1261 4748 1404 4804 illam
1430 4750 1677 4808 redderet
1704 4771 1719 4808 :
1749 4755 1921 4824 siqui-

393 4873 680 4950 (a)__t:olla‘t.a
699 4891 811 4950 cum
835 4888 914 4950 its.
935 4881 1212 4950 colbertino
1233 4884 1377 4947 5058,
1398 4887 1485 4950 qui
1507 4886 1672 4937 deﬁcit
1709 4888 1848 4939 initio
1870 4895 1924 4941 et

325 4935 571 5014 tfon
591 4936 740 5014 alium
760 4941 1003 5014 hactenus
1022 4945 1243 5014 Qodieem
1262 4935 1483 5014 nancisci
1503 4935 1920 5014 potuimusjbid:

405 5001 678 5073 {alienant
698 5003 852 5073 veteri
870 5004 1099 5073 Ecclesia.
1114 5005 1336 5073 Libanius
1358 5012 1407 5059 in
1424 5001 1708 5073 Aniiochioo
1725 5014 1809 5073 ait,
1826 5001 1923 5062 An:

578 5062 629 5110 in
644 5063 769 5113 duas
787 5064 939 5117 fuisse
961 5069 1114 5135 nrbes
1135 5071 1357 5135 divisam,
1395 5070 1602 5123 alteram
1831 5061 1924 5126 hoc

327 5126 717 5200 est,_ran.tiqu_am,
741 5140 853 5189 quae
875 5130 1143 5200 secundum
1185 5126 1379 5182 Orontis
1410 5135 1542 5185 tiuvii
1572 5126 1922 5200 oramlo'n'gum

323 5186 594 5259 qqqtpahai.
614 5186 996 5259 terrai_spatium
1019 5204 1034 5241 :
1059 5193 1264 5259 alteram
1286 5207 1479 5259 novam,
1504 5200 1556 5245 tn
1582 5186 1919 5259 ejusdemuﬂué

419 5248 573 5320 insula
587 5253 749 5321 sitam,
765 5247 920 5321 forma
940 5255 1164 5315 rotunda,
1185 5269 1297 5321 quae
1311 5247 1529 5321 quinque
1553 5247 1782 5321 po'ntibus
1795 5247 1921 5310 anti-

323 5320 439 5379 qua:
456 5314 772 5380 iungebatur.
788 5319 840 5380 in
862 5328 1000 5380 πελαιᾳ
1019 5328 1112 5365 seu
1131 5314 1574 5380 antiqna'exstabai
1595 5328 1739 5371 vetus
1763 5321 1922 5372 eccle-

442 5373 506 5420 ab
524 5373 769 5446 apostolis
789 5373 1005 5446 fundata,
1034 5384 1091 5427 ut
1112 5378 1229 5429 dicit
1250 5373 1459 5446 humilia:
1483 5383 1619 5446 initio
1639 5383 1921 5446 Chrysosto.

326 5444 440 5506 [nos
473 5446 497 5506 :_
522 5436 736 5506 ideoque
775 5436 1035 5506 appstoliea
1072 5450 1270 5506 vocatur
1305 5456 1337 5493 a
1374 5442 1680 5506 Theodoreto
1721 5436 1750 5495 ε’
1776 5451 1830 5495 et
1869 5448 1920 5496 in

588 5492 934 5570 ΑρῖεδεειιιςϊιήιιοΔ
955 5501 1108 5570 palma
1148 5492 1510 5570 item‘eeclesia
1541 5492 1735 5570 dicitur.
1775 5492 1920 5570 et“;th

322 5555 669 5667 achllationis
680 5562 863 5624 duplex
889 5563 1082 5613 videtur
1104 5577 1249 5614 musa
1272 5567 1439 5624 finisse,
1466 5574 1518 5617 et
1540 5555 1736 5632 quodin
1757 5555 1918 5621 veteri

322 5629 386 5664 III’
421 5631 453 5667 ϐ
474 5627 584 5667 Sila.
610 5628 664 5667 et
683 5625 814 5667 auod
854 5626 1123 5667 antianitug
1143 5631 1204 5667 ali
1226 5628 1456 5667 ammtnlic
1492 5628 1686 5667 fnmlnta
1724 5630 1917 5667 filicem-

322 5625 453 5701 Erige
465 5625 584 5701 fita,
600 5625 817 5701 etgqupd
836 5626 1210 5701 antiquitusnab.
1226 5628 1456 5701 apostolis
1492 5625 1689 5680 fundata
1721 5630 1917 5701 fuisset;

322 5691 439 5751 quae
463 5680 579 5751 licet
600 5680 852 5751 mulioties
887 5680 1087 5751 propter
1107 5680 1276 5739 Christi
1322 5703 1502 5741 nomen
1526 5706 1718 5751 eversa,
1744 5680 1919 5743 multo:

323 5745 423 5790 lies
442 5750 607 5810 erecta
621 5746 788 5797 denuo
810 5745 1157 5809 ΐυθὶοὶιζπιλαας
1190 5758 1373 5810 tamen,
1406 5766 1499 5802 seu
1523 5745 1716 5805 veteris
1736 5768 1917 5805 nomen

321 5807 678 5879 gouaniiserat
699 5811 847 5879 etiam
866 5807 1089 5874 tempore
1110 5807 1555 5879 auctoristihronici
1580 5815 1916 5879 Alexandrini;

313 5865 820 5991 ξῗηιεϐῐῃῑῆηιὶοςιιὶω
842 5865 1081 5926 memorat
1114 5876 1404 5926 Athanasius
1426 5882 1556 5927 tomo
1577 5865 1636 5927 ad
1655 5865 1916 5929 Antioche:

1905 1002 2067 1063 m

2076 1026 2359 1037 ————.

2029 1147 2152 1203 dem
2179 1147 2462 1204 Tribufatio
2492 1151 2784 1219 patientiam
2812 1161 3071 1223 operatur,
3100 1150 3343 1224 patientia
3369 1166 3484 1206 vero
3507 1164 3631 1219 pro-

2028 1238 2279 1293 bationem
2307 1240 2328 1310 (
2359 1240 2511 1294 Rom.
2538 1241 2593 1295 5.
2621 1242 2673 1296 5.
2701 1241 2736 1296 4
2759 1241 2800 1311 ).
2834 1244 3008 1312 Atque
3039 1252 3095 1297 ut
3140 1241 3330 1311 majori
3375 1256 3500 1295 cum
3528 1252 3631 1293 ex:

2029 1343 2186 1384 cessu
2239 1332 2487 1388 virtutem
2515 1346 2665 1387 suam
2709 1334 2993 1401 ostendat,
3037 1349 3103 1388 ex
3143 1335 3271 1404 ipsis
3309 1349 3428 1388 eam
3458 1333 3630 1402 portis

2026 1421 2183 1491 eripit
2226 1423 2431 1479 mortis.
2470 1424 2755 1494 Propterea
2789 1434 3158 1496 tempestatem
3198 1426 3322 1481 sivit
3365 1425 3626 1480 excitari.

2034 1525 2088 1568 et
2134 1515 2301 1585 mergi
2346 1514 2591 1586 cymbam
2639 1516 2858 1571 minime
2900 1517 3041 1570 sivit.
3087 1516 3177 1571 Sic
3215 1516 3626 1587 gubernatorem

2034 1620 2249 1676 quoque
2277 1605 2573 1671 laudamus,
2598 1623 2703 1662 non
2730 1622 2850 1662 cum
2881 1606 3130 1662 secundis
3156 1607 3327 1662 ventis
3350 1606 3625 1677 navigans.

2033 1714 2209 1768 neque
2238 1715 2357 1754 cum
2384 1714 2415 1753 a
2448 1700 2608 1772 puppi
2635 1700 2886 1755 ﬂantibus
2914 1702 3057 1756 auris
3098 1701 3420 1755 incolumem
3453 1699 3630 1754 navim

2026 1800 2237 1857 servat;
2270 1790 2363 1846 sed
2400 1807 2524 1846 cum
2564 1792 2699 1847 mari
2740 1792 2987 1862 procellis
3015 1794 3214 1864 agitato
3237 1834 3253 1861 ,
3294 1807 3358 1848 ac
3382 1790 3632 1847 ﬂuctibus

2033 1884 2531 1954 ell'crvescentibus,
2562 1900 2626 1940 ac
2646 1893 2967 1956 tempestate
2985 1896 3258 1943 commota
3279 1900 3432 1940 suam
3459 1895 3631 1940 artem

2026 1976 2283 2032 adversus
2314 1977 2583 2048 impetum
2614 1989 2896 2035 ventorum
2917 1979 3159 2051 opponit,
3187 1987 3243 2034 et
3268 1979 3534 2048 navigium
3562 1994 3631 2031 ex

2028 2068 2218 2123 mediis
2258 2070 2511 2139 procellis
2547 2071 2755 2126 salvum
2783 2072 2978 2128 educit.
3011 2073 3086 2128 Ita
3114 2072 3240 2128 fecit
3270 2080 3327 2127 et
3352 2070 3620 2127 Christus.

2029 2158 2165 2213 Dum
2198 2169 2465 2230 tamquam
2494 2162 2760 2232 navigium
2783 2162 2836 2217 in
2866 2163 2999 2218 mari
3032 2162 3326 2218 Ecclesium
3357 2177 3546 2217 rursus
3574 2164 3626 2225 in

2031 2250 2233 2305 mundo
2260 2250 2387 2306 ferri
2419 2253 2701 2321 permisit,
2736 2269 2909 2324 neque
2935 2253 3127 2309 ﬂuctus
3161 2254 3405 2320 sedavit,
3433 2252 3531 2307 sed
3560 2268 3626 2306 ex

2030 2341 2284 2398 ﬂuctibus
2323 2344 2560 2414 eripuit:
2591 2361 2697 2400 non
2738 2360 2890 2401 mare
2927 2345 3296 2416 compescuit,
3328 2344 3423 2400 sed
3451 2344 3631 2399 navim

2029 2436 2412 2501 communivit;
2443 2444 2646 2492 etcum
2675 2447 2959 2509 surgerent
2988 2437 3223 2509 undique
3245 2437 3461 2508 populi,
3494 2444 3628 2491 tam—

2029 2538 2190 2595 quam
2217 2528 2345 2581 εωγί
2376 2527 2569 2583 ﬂuctus
2592 2568 2611 2594 ,
2641 2538 2697 2585 ct
2721 2530 2940 2600 maligni
2975 2532 3195 2599 Spiritus
3233 2540 3501 2601 tamquam
3529 2529 3624 2582 ad.

2023 2618 2164 2673 versi
2187 2618 2402 2689 quidam
2430 2621 2572 2675 venti
2602 2622 2654 2676 in
2681 2636 2800 2677 eam
2825 2622 3116 2689 irruerent,
3140 2623 3366 2677 excitata
3395 2621 3628 2691 undique

2031 2719 2372 2782 tempestate,
2399 2713 2620 2768 multam
2650 2715 2830 2769 attulit
2858 2716 3113 2771 Ecclesia:
3144 2715 3582 2786 tranquillitatem
3612 2733 3625 2768 :

2029 2802 2279 2873 quodque
2304 2805 2594 2873 permirum
2625 2821 2754 2860 sane
2783 2806 2882 2861 fuit
2904 2848 2919 2872 ,
2953 2823 3057 2861 non
3099 2807 3260 2862 modo
3291 2807 3466 2861 navim
3499 2821 3622 2875 pro-

2024 2894 2157 2948 cella
2179 2909 2284 2949 non
2311 2896 2509 2962 obruit,
2532 2896 2626 2951 sed
2647 2906 2702 2951 et
2724 2898 3008 2967 procellam
3030 2899 3219 2970 cymba
3242 2899 3464 2953 sedavit.
3490 2898 3625 2952 Nam

2026 2985 2295 3040 continua:
2338 2989 2785 3057 persequutioues
2826 3004 2935 3043 nun
2974 2990 3134 3043 modo
3177 2989 3472 3045 Ecclesiam
3518 3004 3626 3044 non

2024 3075 2466 3145 submerscrunt,
2516 3077 2613 3133 sed
2663 3078 2734 3134 ab
2781 3079 3019 3135 Ecclesia
3062 3090 3189 3136 sunt
3230 3080 3450 3136 sedatae.
3509 3080 3627 3148 Quo

2030 3164 2248 3221 tandem
2274 3177 2449 3236 pacto,
2479 3177 2534 3223 et
2557 3183 2786 3239 quorum
2811 3171 3014 3240 opera?
3041 3171 3208 3241 llujus
3234 3171 3516 3228 sententia:
3546 3172 3628 3224 ni-

2029 3257 2227 3312 mirum
2254 3258 2329 3313 ita
2357 3260 2714 3329 pronuntiatae
2735 3302 2751 3328 ,
2783 3261 2955 3317 Porta:
2979 3263 3131 3335 inferi
3155 3279 3257 3317 non
3281 3263 3627 3332 pt-azvatebunt

2027 3345 2269 3402 adversus
2297 3364 2412 3403 eam
2430 3349 2651 3420 (Matth.
2683 3350 2767 3407 16.
2798 3352 2910 3424 18).
2938 3352 3108 3421 Quam
3132 3353 3297 3407 multa
3319 3352 3489 3408 Graeci
3512 3370 3631 3407 mn—

2029 3437 2113 3493 liti
2137 3448 2283 3506 sunt,
2314 3449 2371 3494 ut
2394 3441 2615 3497 verbum
2641 3440 2746 3498 hoc
2770 3444 3042 3510 tollerent,
3073 3452 3130 3498 ut
3153 3445 3474 3499 sententiam
3500 3444 3623 3499 irri.

2029 3538 2137 3586 tam
2159 3530 2472 3597 redderent,
2492 3547 2663 3603 neque
2686 3542 2970 3604 potuerunt
2995 3534 3326 3590 dissolvere?
3350 3534 3444 3588 Dei
3471 3535 3560 3605 qui
3568 3553 3627 3603 p-

2031 3638 2099 3694 pe
2132 3624 2398 3681 sententia
2438 3635 2573 3680 erat.
2615 3626 2683 3681 Et
2709 3626 3160 3697 quemadmodum
3188 3626 3376 3683 turrim
3401 3643 3470 3682 ex
3495 3627 3627 3682 ada-

2029 3713 2282 3768 tnantinis
2306 3720 2563 3769 structam
2585 3714 2850 3785 lapidibus
2873 3757 2889 3783 ,
2922 3718 3065 3771 ferro
3092 3718 3316 3772 firmiter
3343 3717 3583 3787 junctam
3602 3758 3625 3782 ,

2030 3804 2215 3861 hostes
2235 3804 2466 3877 undique
2487 3806 2534 3861 si
2555 3807 2858 3875 verberent,
2882 3824 3057 3878 neque
3079 3818 3398 3864 structuram
3422 3811 3623 3875 laxant,

2031 3911 2208 3966 neque
2249 3898 2766 3967 coagmentationem
2796 3898 3129 3965 dissolvunt,
3174 3900 3268 3955 sed
3299 3901 3463 3955 illmsa
3495 3903 3627 3956 turri

2032 3997 2305 4056 manente,
2331 4003 2430 4045 nec
2450 3990 2571 4045 ullis
2591 3991 2943 4048 incommodis
2958 3992 3171 4059 all'eeta,
3191 3994 3406 4063 suisque
3427 3994 3628 4049 viribus

2030 4082 2306 4137 exhaustis
2346 4082 2628 4139 discedunt
2675 4102 2690 4139 :
2732 4087 2811 4141 sic
2854 4085 3107 4140 nimirum
3154 4099 3208 4141 et
3254 4088 3476 4142 verbum
3526 4088 3629 4141 line

2030 4182 2300 4245 tamquam
2328 4175 2490 4230 altam
2519 4177 2803 4247 quamdam
2832 4178 3018 4233 turrim
3051 4179 3103 4233 in
3142 4179 3317 4235 med;o
3343 4181 3490 4235 orbis
3517 4189 3626 4235 ter-

2028 4283 2210 4322 rarum
2234 4267 2460 4323 ﬁrmiter
2484 4271 2885 4337 eonnnunitam,
2912 4285 3033 4326 cum
3058 4271 3231 4328 Graeci
3253 4272 3488 4343 undique
3509 4289 3631 4328 ver-

2026 4359 2346 4425 berassent.
2385 4378 2507 4418 cum
2539 4364 2684 4418 illam
2711 4364 2921 4419 firmam
2959 4364 3340 4432 reddiderunt,
3377 4375 3486 4420 tum
3513 4366 3628 4421 suis

2030 4455 2235 4510 viribus
2260 4455 2443 4510 fractis
2469 4465 2698 4510 mortem
2728 4454 2997 4511 obierunt.
3031 4455 3169 4523 Quid
3197 4456 3338 4511 enim
3368 4455 3629 4511 adversus

2028 4550 2168 4603 hanc
2195 4547 2516 4603 sententiam
2545 4563 2649 4601 non
2673 4546 2958 4601 machinati
2984 4548 3143 4601 sunt?
3165 4548 3508 4603 Exercituum
3531 4547 3627 4603 de-

2026 4639 2197 4695 lectus
2227 4638 2542 4706 habebatur,
2573 4653 2722 4693 arma
2742 4639 3100 4699 movebantur
3120 4682 3134 4705 ι
3165 4654 3319 4710 rcges
3341 4640 3625 4696 armaban-

2028 4740 2134 4799 tur,
2150 4732 2330 4803 populi
2346 4729 2843 4795 commovebantur,
2861 4730 3027 4786 urbes
3043 4730 3404 4802 insurgebaut.
3413 4732 3624 4801 judices

2024 4824 2505 4890 excandescebant,
2537 4838 2698 4880 omne
2728 4824 2976 4894 supplicii
3004 4838 3175 4896 genus
3201 4826 3624 4896 exeogitabatur.

2025 4921 2204 4975 nullus
2219 4932 2394 4989 pretim
2411 4917 2601 4974 modus
2618 4916 2985 4984 omittebatur,
3005 4917 3162 4988 ignis,
3186 4916 3411 4984 ferrum,
3433 4917 3626 4975 dentes

2024 5010 2278 5075 ferarum,
2300 5009 2618 5081 prmeipitia,
2641 5006 3062 5073 submersiones,
3088 5008 3423 5076 barathrum,
3447 5025 3622 5081 equu-
3723 5016 3731 5025 ‘

2023 5101 2159 5170 lens,
2181 5117 2312 5157 crux
2339 5112 2395 5156 et
2421 5100 2627 5164 fornax,
2657 5108 2716 5155 et
2733 5099 2910 5154 omnia
2935 5114 3057 5171 qua:
3082 5115 3334 5171 umquam
3356 5101 3470 5156 visa
3492 5111 3619 5156 sunt

2024 5201 2310 5258 tormenta,
2336 5192 2389 5247 in
2414 5191 2647 5247 medium
2675 5190 3121 5260 proferebantur:
3149 5192 3335 5263 ingens
3354 5192 3616 5247 minarum

2022 5304 2255 5358 agmen,
2297 5286 2561 5343 honorum
2601 5285 3014 5356 pollicitationes
3054 5286 3352 5341 innumera:
3375 5325 3391 5351 ,
3435 5296 3489 5339 ut
3534 5285 3621 5339 illa

2021 5378 2239 5450 quidem
2269 5379 2477 5434 ratione
2506 5384 2802 5442 terrerent,
2835 5376 2935 5432 hac
2961 5392 3091 5431 vero
3118 5376 3389 5430 mollirent
3413 5383 3470 5429 et
3494 5374 3617 5429 alli—

2022 5482 2230 5529 cerent.
2259 5472 2475 5528 Nullum
2503 5470 2662 5540 igitur
2689 5469 2913 5536 fraudis,
2941 5470 3144 5525 nullum
3167 5467 3431 5523 violentiae
3450 5482 3619 5537 genus

2025 5564 2554 5637 prmtermittebatur.
2583 5562 2715 5617 Nam
2746 5571 2801 5617 et
2827 5571 3002 5632 patres
3030 5560 3169 5614 tilios
3199 5557 3533 5628 prodebant,
3566 5571 3621 5614 et

2024 5657 2117 5712 lilii
2146 5668 2324 5727 patres
2349 5671 2456 5711 non
2482 5653 2873 5725 agnoscebant,
2902 5658 3099 5706 matres
3124 5663 3341 5704 suorum
3371 5658 3617 5720 partuum

2021 5747 2468 5803 obliviscebantur
2493 5785 2512 5813 ,
2542 5753 2598 5799 et
2638 5751 2840 5797 natura:
2890 5742 3033 5811 leges
3078 5741 3474 5796 evertebantur.
3510 5739 3615 5794 Ve-

2020 5848 2323 5894 rumtamen
2363 5850 2430 5891 ne
2471 5836 2549 5890 sic
2577 5833 2792 5904 quidem
2819 5831 3074 5888 Ecclesia:
3112 5831 3457 5889 fundamenta
3487 5847 3618 5886 cun—-

2021 5944 2179 5986 cussa
2197 5935 2347 5985 sunt:
2363 5935 2419 5985 et
2435 5924 2678 5999 quamvis
2693 5924 2762 5982 ab
2784 5925 2900 5998 ejus
2919 5924 3231 5998 propinquis
3255 5923 3454 5982 bellum
3483 5923 3617 5980 indi.
