4106 6454
542 477 610 534 79
1295 471 1352 528 S.
1373 465 1659 528 JOANNIS
1696 460 2177 528 CHRYSOSTOMI
2203 463 2512 526 ARCHIEP.
2545 473 3079 540 CONSTANTINOP.

539 607 687 651 ctum
703 602 870 659 esset,
890 609 995 649 non
1017 602 1192 647 tamen
1214 590 1277 645 ad
1297 603 1478 644 muros
1498 602 1666 660 usque
1683 587 1849 658 ipsius
1866 582 2126 656 pervenit,

543 696 764 759 propter
785 685 910 741 illud
937 684 1157 740 verbum
1177 683 1318 754 quod
1341 683 1419 738 sic
1439 681 1640 746 habuit,
1668 681 1843 739 Porta:
1856 683 2005 752 inferi
2029 696 2130 736 non

541 781 881 855 pramafebunt
905 779 1146 834 adversus
1165 792 1296 831 eant.
1318 776 1436 832 Noli
1458 778 1601 833 enim
1626 777 1678 833 id
1700 786 1963 850 spectare,
1987 779 2129 850 quod

541 873 762 927 verbum
784 879 918 935 erat,
949 869 1066 936 sed,
1089 868 1229 941 quod
1253 870 1470 924 verbum
1495 869 1586 922 Dei
1617 886 1630 924 :
1653 869 1915 939 siquidem
1941 872 2130 927 cznlum

541 962 706 1018 verbo
732 961 963 1016 firmavit
1009 961 1147 1015 Deus
1176 957 1362 1031 (Psal.
1393 959 1481 1013 52.
1511 958 1620 1028 6),
1649 969 1703 1014 et
1744 969 1936 1016 terram
1969 963 2130 1016 verbo

540 1069 703 1125 super
725 1067 892 1124 aquas
916 1051 1152 1107 fundavit
1176 1049 1344 1122 (Psal.
1375 1051 1497 1106 103.
1525 1051 1605 1120 5),
1628 1060 1682 1106 et
1707 1050 1882 1107 effecit
1899 1095 1914 1119 ,
1939 1062 1994 1107 ut
2016 1053 2132 1109 hinc

539 1145 707 1200 densa
737 1143 1017 1214 gravisque
1047 1153 1234 1197 natura
1273 1142 1344 1198 ab
1373 1144 1462 1198 illa
1509 1144 1611 1198 levi
1641 1141 1889 1214 fluxaque
1917 1154 2130 1200 susten-

543 1245 771 1302 taretur,
790 1246 843 1292 et
863 1252 1030 1302 mare,
1047 1235 1200 1306 cujus
1221 1238 1299 1291 vis
1324 1237 1602 1297 indomita.
1619 1237 1763 1307 quod
1788 1248 1864 1292 tot
1886 1238 2132 1294 fluctibus

540 1345 604 1386 ac
633 1329 881 1401 procellis
908 1345 967 1385 se
994 1329 1223 1393 extollit,
1253 1330 1501 1386 imbecilli
1528 1330 1669 1386 vallo
1694 1346 1872 1386 arena:
1899 1333 2132 1400 undique

541 1437 639 1490 per
666 1420 886 1475 verbum
916 1437 1074 1475 suum
1101 1422 1339 1475 vallavit.
1366 1421 1506 1490 Ergo
1532 1423 1621 1491 qui
1647 1423 1836 1478 caelum
1861 1424 2022 1478 verbo
2046 1423 2134 1478 fir-

540 1513 731 1580 mavit,
764 1513 854 1581 qui
887 1523 1082 1567 terram
1114 1511 1372 1578 fundavit,
1397 1513 1485 1583 qui
1512 1529 1660 1568 mare
1688 1513 2129 1580 circumvallavit,

537 1606 669 1680 quid
699 1607 910 1662 miraris
935 1648 948 1671 ,
977 1606 1022 1661 si
1054 1607 1344 1662 Ecclesiam
1371 1608 1503 1662 caelo
1526 1649 1540 1673 ,
1576 1617 1718 1664 terra
1748 1609 1986 1678 marique
2011 1623 2133 1680 pre-

536 1702 816 1758 tiosiorem
843 1713 1028 1756 rursus
1053 1701 1156 1756 hoc
1184 1702 1349 1757 verbo
1377 1701 1640 1756 munivit?

611 1793 668 1847 2.
719 1792 949 1847 Ecclesia
997 1793 1250 1866 quomodo
1301 1792 1539 1864 fundata.
1586 1819 1657 1832 --
1703 1789 1929 1859 Quando
1975 1790 2133 1862 igitur

540 1885 676 1940 adeo
709 1884 901 1939 stabile
940 1893 1023 1938 est
1050 1894 1106 1939 et
1135 1885 1510 1939 inconcussum
1538 1883 1858 1950 aedificium,
1890 1883 2026 1938 adeo
2052 1883 2134 1938 in-

535 1978 896 2049 evpuguabilc
927 1977 1335 2038 munimentum.
1366 1992 1469 2049 qua
1498 1977 1704 2032 ratione
1731 1978 1956 2048 apostoli
1981 1979 2131 2046 jece-

541 2070 648 2122 rint
675 2067 1048 2135 fundamenta,
1082 2068 1378 2133 videamus,
1402 2083 1562 2139 quam
1590 2068 1906 2138 profundam
1934 2068 2132 2124 fossam

531 2160 790 2217 duxerint
809 2199 826 2225 ,
859 2168 916 2213 ut
945 2160 1318 2214 inconcussum
1347 2158 1497 2214 ﬁeret
1525 2158 1830 2214 aedilicium.
1861 2159 1972 2213 Non
2006 2175 2133 2229 pro-

541 2251 758 2307 fundam
791 2251 987 2307 fossam
1009 2252 1294 2318 duxerunt,
1315 2267 1487 2324 neque
1511 2260 1659 2307 tanto
1685 2251 1868 2306 labore
1894 2251 2135 2322 indigue-

539 2352 684 2399 runt.
708 2344 846 2414 Quid
873 2345 984 2400 ita?
1009 2344 1173 2401 Vetus
1194 2345 1446 2400 invenere
1474 2342 1902 2412 fundamentum,
1929 2345 2071 2415 quod
2103 2360 2136 2400 a

543 2435 817 2506 prephetis
839 2437 1040 2508 jactum
1069 2446 1206 2492 erat.
1239 2437 1310 2494 Ut
1332 2437 1490 2507 igitur
1518 2436 1681 2492 homo
1699 2477 1713 2502 ,
1736 2437 1826 2507 qui
1849 2438 2135 2492 maximam

538 2527 758 2584 domum
788 2528 1146 2585 aedificaturus
1171 2530 1275 2595 sit,
1322 2539 1598 2600 postquam
1630 2537 1788 2584 vetus
1828 2538 1882 2586 et
1923 2530 2134 2586 tinuum

537 2635 604 2675 ac
626 2619 816 2676 stabile
835 2621 1239 2678 fundamentum
1259 2621 1502 2689 offendit,
1533 2638 1640 2678 non
1673 2622 1916 2678 vectibus
1942 2621 2136 2678 funda-

540 2725 719 2771 menta
747 2716 1046 2784 subvertit,
1073 2731 1179 2771 non
1208 2715 1409 2786 lapides
1438 2715 1556 2772 loco
1579 2723 1791 2783 movet,
1823 2715 1915 2772 sed
1947 2716 2139 2783 inuno-

539 2816 656 2861 tum
693 2807 876 2862 sinens
896 2847 912 2872 ,
952 2821 1148 2862 novum
1178 2806 1464 2862 aedilicium
1503 2806 1727 2876 imponit
1755 2823 1769 2860 :
1799 2807 1878 2862 sic
1913 2817 1968 2862 et
2001 2821 2136 2876 apo-

539 2898 664 2953 stoli
693 2912 816 2953 cum
843 2912 1093 2968 maguum
1119 2897 1260 2952 istud
1279 2897 1598 2953 exstructuri
1620 2906 1800 2952 essent
1827 2896 2132 2963 aedificium,

543 2991 842 3048 Ecclesiam
860 3032 876 3057 ,
903 3007 1024 3063 qua:
1043 2991 1245 3062 ubique
1272 2998 1536 3045 terrarum
1563 2990 1817 3061 erigitur,
1859 3005 1965 3044 non
2006 3004 2137 3060 pro-

546 3081 765 3137 fundam
789 3080 988 3138 fossam
1016 3081 1324 3148 duxerunt,
1363 3080 1457 3137 sed
1488 3081 1706 3136 invento
1733 3081 1900 3136 veteri
1946 3078 2138 3134 funda-

541 3164 731 3231 mento
754 3175 1133 3246 prophetarum
1153 3215 1168 3240 ,
1191 3173 1321 3231 illud
1348 3174 1567 3229 minime
1595 3173 1971 3229 subverterunt
1988 3212 2003 3239 ,
2038 3187 2140 3228 nec

546 3267 826 3324 aedificium
855 3278 910 3323 et
934 3267 1236 3323 doctrinam
1271 3267 1660 3321 immutarunt:
1692 3265 1788 3320 sed
1826 3264 1914 3319 illa
1943 3264 2138 3319 intacta

543 3375 696 3416 suam
723 3360 918 3416 deinde
943 3360 1246 3432 imposuere
1271 3359 1570 3414 doctrinam
1595 3399 1610 3425 ,
1650 3355 1791 3412 hanc
1818 3356 2022 3412 scilicet
2043 3372 2140 3410 nn-

530 3467 667 3523 mm
693 3452 948 3508 Ecclesiae
982 3452 1164 3508 fidem.
1204 3455 1379 3522 Atque
1422 3459 1481 3505 ut
1511 3449 1772 3519 intelligas
1817 3458 1970 3503 vetus
2016 3447 2141 3502 illos

544 3546 951 3603 fundamentum
982 3547 1102 3601 loco
1124 3561 1228 3602 non
1259 3546 1490 3601 movisse
1509 3587 1524 3611 ,
1551 3545 1646 3600 sed
1671 3558 1834 3613 super
1853 3542 1983 3598 illud
2010 3541 2142 3597 tedi-

551 3640 772 3707 ficasse,
803 3639 1100 3708 sapientem
1132 3638 1306 3708 ipsum
1335 3638 1685 3693 architectum
1715 3637 1934 3692 Paulum
1977 3637 2137 3705 audi,

548 3727 705 3784 nobis
725 3735 968 3784 exactam
998 3727 1364 3784 :edificationis
1381 3728 1712 3800 diligentiam
1739 3729 2101 3786 declarantem
2125 3749 2138 3786 :

547 3820 807 3897 siquidem
831 3821 944 3891 ipse
963 3822 1180 3892 sapiens
1201 3832 1282 3877 est
1307 3821 1652 3877 architectus.
1686 3821 1754 3877 Ut
1779 3822 1981 3892 sapiens
1997 3822 2140 3877 enim

547 3912 867 3980 architectus,
897 3913 1083 3985 inquit,
1114 3915 1500 3984 fundamentum
1520 3917 1666 3985 posui
1696 3914 1772 3986 (Ι.
1793 3915 1912 3970 Cor.
1942 3918 1996 3969 5.
2027 3918 2140 3988 10).

548 4003 653 4059 Sed
683 4004 990 4070 videamus,
1022 4021 1128 4075 qua
1170 4006 1376 4061 ratione
1405 4006 1810 4062 fundamentum
1843 4007 2012 4077 ipsum
2044 4023 2142 4077 po-

550 4095 739 4152 suerit.
770 4097 947 4165 Super
975 4097 1138 4161 aliud,
1162 4097 1367 4168 inquit,
1400 4099 1804 4153 ftindamentum
1832 4107 1986 4155 vetus
2016 4117 2143 4170 pro-

552 4187 852 4254 phetarum.
884 4185 1039 4244 Unde
1077 4188 1128 4242 id
1159 4189 1406 4243 constat?
1428 4189 1550 4242 lant
1588 4199 1689 4244 non
1723 4191 1841 4244 estis
1883 4192 2103 4261 hospites
2127 4232 2142 4256 ,

553 4277 759 4346 inquit,
790 4277 881 4331 sed
911 4279 1041 4332 cites
1068 4287 1358 4333 sanctorum
1377 4320 1393 4346 ,
1427 4282 1821 4350 superadiﬁcati
1849 4299 2002 4354 super
2028 4287 2148 4353 ρω-

553 4367 846 4422 damsntnm
887 4369 1234 4439 apostolorum
1270 4381 1320 4425 et
1361 4373 1722 4442 prophetarum
1765 4373 1928 4446 (Eph.
1969 4375 2023 4428 ἓ.
2062 4375 2143 4430 l9.

553 4460 673 4532 20).
712 4461 870 4517 Vides
902 4461 1303 4518 fundamentum
1329 4505 1342 4528 ,
1372 4473 1425 4520 et
1454 4464 1892 4532 fundamentum,
1919 4467 2145 4522 alterum

558 4554 957 4623 prophetarum,
983 4557 1207 4612 alterum
1224 4559 1614 4628 apostolorum,
1647 4558 1792 4630 quod
1817 4565 1973 4630 supra
2002 4561 2147 4629 posi-

557 4654 671 4700 tum
699 4655 803 4701 est.
835 4647 900 4702 Et
926 4648 1066 4717 quod
1097 4663 1227 4704 sane
1264 4651 1460 4705 mirum
1498 4659 1615 4715 est,
1657 4665 1764 4705 non
1809 4651 1988 4706 statim
2031 4661 2152 4722 post

559 4737 849 4808 prophetas
895 4749 1157 4795 venerunt
1204 4743 1468 4812 apostoli,
1525 4741 1620 4797 sed
1673 4743 1894 4798 multum
1945 4742 2148 4798 interea

561 4842 771 4902 tempus
795 4832 1034 4900 elapsam
1055 4840 1158 4888 est.
1178 4832 1314 4901 Quid
1349 4834 1458 4887 ita?
1477 4833 1630 4902 Quod
1651 4835 1720 4888 ita
1747 4835 1943 4889 faciant
1963 4834 2150 4905 optimi

560 4923 757 4993 quique
792 4923 1070 4978 architecti
1100 4941 1114 4977 :
1147 4924 1235 4979 ubi
1277 4925 1506 4993 jcceriut
1555 4923 1992 4993 fundamentum,
2044 4941 2148 4980 non

560 5016 843 5073 confestim
872 5016 1156 5071 tediﬁcium
1207 5021 1686 5088 superimponunt,
1733 5034 1802 5074 ne
1841 5018 1977 5074 forte
2021 5019 2149 5074 dum

561 5110 740 5166 mollis
764 5125 829 5165 ac
855 5123 1044 5166 recens
1063 5120 1144 5165 est
1175 5110 1504 5166 fundamenti
1535 5119 1833 5176 structura,
1862 5127 2025 5181 grave
2061 5127 2154 5181 pa-

562 5204 757 5259 rietum
798 5202 1007 5272 pondus
1042 5203 1263 5258 minime.
1300 5202 1440 5259 ferre
1475 5205 1665 5274 possit.
1701 5204 1986 5274 Propterea
2028 5219 2151 5259 eum

562 5295 723 5367 longo
763 5303 1004 5365 tempore
1057 5295 1254 5350 firmari
1311 5293 1512 5364 lapides
1555 5296 1810 5361 siverint,
1865 5296 1951 5349 ubi
2005 5303 2152 5350 recte

563 5394 964 5459 coagmentatos
1007 5386 1126 5442 illos
1167 5385 1401 5441 viderint
1445 5395 1502 5441 et
1546 5397 1889 5455 compactos,
1944 5396 2070 5440 tunc
2097 5395 2152 5442 et

565 5479 825 5547 parietum
855 5479 1049 5534 molem
1077 5478 1374 5546 imponunt.
1408 5477 1482 5532 lta
1509 5492 1722 5547 quoque
1739 5475 1864 5531 fecit
1888 5475 2151 5544 Christus,

567 5585 687 5624 cum
719 5571 1096 5639 prophetarum
1122 5570 1527 5625 fundamentum
1566 5569 1616 5622 in
1639 5569 1938 5623 mutilorum
1962 5572 2156 5624 menti-

567 5660 668 5714 bus
693 5659 870 5729 defigi,
899 5677 962 5715 ac
991 5663 1194 5718 firmam
1213 5662 1328 5716 fieri
1352 5661 1654 5716 doctrinam
1680 5660 1912 5724 sivisset,
1941 5662 2153 5731 quando

571 5748 845 5804 immobile
868 5751 997 5805 vidit
1021 5767 1083 5806 ac
1109 5753 1299 5808 stabile
1326 5751 1608 5807 aedificium
1635 5767 1776 5818 es<e,
1819 5753 2030 5821 quando
2055 5754 2151 5809 de-

576 5840 677 5891 fixa
703 5839 950 5909 dogmata
979 5858 1150 5908 sacra,
1178 5845 1256 5900 sic
1282 5854 1340 5900 ut
1367 5856 1587 5916 possent
1609 5860 1801 5901 novam
1833 5847 1991 5901 etiam
2019 5845 2157 5902 hanc

579 5931 965 6000 philosophiam
992 5933 1150 6000 ferre,
1196 5943 1320 5994 tunc
1354 5937 1622 6006 apostolos
1661 5937 1822 6004 misit,
1869 5938 1958 6012 qui
1997 5952 2156 6016 supra

3749 507 3810 563 δῦ

2243 581 2644 643 fundamentum
2676 592 3056 662 prophetarum
3079 597 3330 658 Ecclesia:
3358 607 3585 675 parietes
3624 590 3805 669 ext-ita.

2241 687 2380 731 rent.
2417 678 2619 737 Idcirco
2646 701 2751 739 non
2786 687 2940 754 dixit,
2970 691 3215 750 :cdiflcati
3242 703 3403 768 super
3425 701 3802 766 fundamentum

2245 771 2643 861 prophetarum,
2676 778 2769 832 sed
2799 769 3230 853 Supcrwdiﬁcati,
3262 805 3423 861 supra
3449 795 3652 852 scilicet
3685 799 3808 854 ardi-

2240 860 2404 915 flcati.
2438 865 2544 920 Sed
2567 883 2674 938 quo
2705 881 2858 938 pacto
2883 872 3080 932 fuerint
3105 860 3375 950 aedificati,
3406 885 3696 943 videamus.

2311 955 2627 1050 Explanatio
2672 964 2808 1018 tituli
2844 966 2956 1021 Act.
3003 969 3208 1040 Apost.;
3243 974 3530 1042 di/ferentia
3562 996 3671 1050 quis
3695 983 3809 1036 inter

2238 1049 2484 1104 actionem
2500 1061 2546 1105 et
2567 1054 2865 1110 miraculum
2878 1074 2898 1122 ;
2911 1059 3069 1114 altera
3082 1062 3369 1130 differentia
3384 1068 3512 1122 inter
3527 1049 3809 1126 miraculum

2238 1150 2283 1193 et
2312 1150 2500 1196 actum.
2517 1173 2588 1184 —
2601 1143 2753 1200 Unde
2779 1163 2906 1203 vero
2930 1151 2981 1205 id
2999 1157 3418 1223 cognoscemus?
3434 1157 3605 1224 Unde,
3622 1177 3808 1230 quzuso,

2238 1231 2470 1296 aliunde,
2491 1249 2648 1305 quam
2667 1252 2731 1291 ex
2747 1239 3000 1294 Actorum
3024 1241 3184 1310 libro,
3199 1244 3268 1300 de
3280 1261 3386 1312 quo
3397 1257 3449 1301 et
3465 1251 3811 1319 superioribus

2239 1323 2427 1380 diebus
2443 1326 2792 1384 disseruimus
2806 1331 2828 1384 ἲ
2849 1331 3094 1390 Fortasse
3111 1353 3340 1406 namque
3350 1338 3584 1396 debitum
3602 1344 3718 1400 inde
3729 1362 3812 1400 vo-

2240 1415 2321 1471 bis
2347 1420 2597 1489 exiguum
2627 1421 2839 1492 aliquod
2867 1424 3146 1492 debemus,
3169 1429 3313 1498 quod
3339 1430 3601 1490 hodierno
3625 1436 3707 1491 die
3727 1452 3802 1492 ne-

2239 1522 2390 1564 cesse
2416 1522 2498 1564 est
2531 1513 2918 1582 persolvamus.
2954 1516 3233 1585 Quodnam
3266 1522 3424 1591 igitur
3450 1524 3579 1580 illud
3609 1537 3688 1581 est
3718 1527 3809 1584 ἀει·

2240 1598 2449 1655 bitum?
2495 1603 2670 1673 Ipsum
2713 1607 2922 1662 titulum
2967 1610 3085 1664 libri
3131 1611 3464 1682 interpretari
3495 1617 3808 1674 Studeamus.

2239 1688 2355 1744 Non
2386 1693 2527 1747 enim
2556 1694 2723 1750 facilis
2747 1705 2830 1752 est
2849 1708 3156 1771 etapertus,
3171 1701 3310 1761 sicut
3323 1703 3540 1774 plurimi
3566 1707 3810 1763 arbitran-

2241 1791 2345 1846 tur,
2377 1783 2470 1837 sed
2513 1783 2856 1854 inquisitione
2893 1791 3057 1845 multa
3102 1792 3323 1864 indiget.
3367 1795 3622 1864 Quisnam
3669 1798 3811 1869 igitur

2238 1882 2322 1929 est
2365 1874 2484 1930 libri
2529 1876 2749 1934 titulus?
2775 1883 2902 1935 Acta
2943 1882 3328 1953 Apostolorum.
3368 1886 3559 1944 Nonne
3601 1889 3809 1946 dilucida

2239 1983 2326 2024 res
2357 1969 2568 2024 videtur
2593 1985 2734 2037 esse,
2764 1988 2941 2029 nonne
2984 1975 3127 2031 clara
3156 1978 3427 2046 omnibus,
3468 1989 3626 2052 atque
3650 1983 3809 2037 mani-

2239 2057 2413 2114 festa?
2437 2060 2544 2117 Sed
2569 2063 2614 2117 si
2644 2064 2818 2120 velitis
2845 2068 3054 2137 assequi
3087 2083 3148 2124 ea
3179 2085 3300 2140 qua:
3322 2070 3594 2139 dicuntur,
3625 2082 3807 2143 quanta

2240 2151 2376 2206 tituli
2412 2151 2569 2221 hujus
2596 2154 2932 2224 profunditas
2978 2158 3069 2226 sit,
3114 2160 3379 2216 videbitis.
3413 2159 3524 2218 Cur
3546 2163 3683 2218 enim
3718 2179 3810 2219 non

2237 2241 2394 2310 dixit,
2428 2242 2680 2301 Miracula
2713 2247 3129 2318 Apostolorum?
3153 2266 3251 2307 cur
3280 2267 3385 2307 non
3421 2253 3704 2326 inscripsit,
3728 2253 3811 2310 Si-

2237 2346 2341 2402 gna
2372 2335 2773 2405 Apostolorum,
2800 2348 2893 2394 aut
2923 2339 3161 2396 Virtutes
3185 2357 3250 2399 ao
3275 2343 3514 2416 prodigia
3544 2345 3808 2416 Apostolo-

2241 2439 2380 2489 rum,
2409 2425 2503 2480 sed
2532 2434 2735 2482 tantum
2763 2429 2890 2484 Acta
2907 2429 3308 2500 Apostolorum?
3349 2433 3469 2490 Non
3504 2435 3646 2492 enim
3686 2435 3810 2491 idem

2238 2525 2364 2571 sunt
2388 2526 2505 2573 aeta
2545 2529 2601 2575 et
2629 2520 2800 2592 signa,
2833 2537 2938 2577 non
2969 2523 3109 2580 idem
3146 2533 3264 2580 acta
3301 2537 3357 2581 et
3406 2527 3690 2593 miracula;
3717 2544 3810 2582 non

2243 2607 2381 2664 idem
2409 2619 2555 2676 sunt,
2581 2619 2700 2667 acta
2727 2623 2782 2670 et
2812 2614 3050 2686 prodigia
3091 2625 3148 2672 et
3181 2617 3410 2674 virtutes
3438 2638 3454 2675 :
3484 2619 3578 2674 sed
3611 2619 3810 2673 multum

2241 2699 2381 2756 inter
2409 2710 2633 2773 utraque
2662 2703 2948 2762 discrimen
2995 2717 3100 2763 est.
3149 2707 3246 2763 Est
3282 2711 3429 2765 enim
3478 2723 3652 2766 actum
3693 2725 3810 2780 opus

2241 2793 2471 2862 propriae
2509 2794 2766 2866 cujusque
2793 2795 3104 2868 diligentia},
3150 2799 3470 2858 miraculum
3508 2817 3636 2858 vero
3665 2801 3810 2856 divini

2243 2885 2482 2940 muneris
2509 2895 2592 2940 est
2618 2885 2958 2944 beneficium.
2990 2889 3150 2946 Vides
3171 2901 3368 2961 quanta
3397 2892 3470 2947 sit
3493 2892 3627 2948 inter
3651 2901 3806 2947 actum

2240 2984 2297 3030 et
2325 2976 2639 3032 miraculum
2659 2978 2999 3035 differentia?
3029 2982 3221 3036 Actum
3247 2989 3332 3036 est
3357 2981 3703 3038 humanorum
3725 2995 3805 3036 su-

2242 3066 2434 3122 dorum
2483 3067 2728 3136 effectus,
2781 3071 3097 3128 miraculum
3145 3073 3339 3128 divina:
3381 3075 3706 3130 liberalitatis
3739 3081 3809 3129 est

2241 3159 2510 3228 specimen
2530 3175 2545 3214 :
2562 3169 2738 3215 actum
2759 3177 2788 3216 a
2813 3173 2992 3217 nostra
3019 3164 3289 3219 voluntate
3313 3163 3462 3221 ducit
3480 3165 3700 3230 initium,
3723 3164 3812 3218 mi-

2243 3251 2484 3304 raculum
2523 3265 2554 3306 a
2573 3252 2743 3322 gratia
2768 3253 2945 3307 divina
2967 3253 3129 3308 trahit
3151 3257 3412 3326 originem
3430 3299 3446 3320 ,
3473 3255 3650 3312 ethoc
3669 3254 3810 3310 caele-

2244 3338 2342 3395 stis
2365 3349 2450 3396 est
2475 3343 2680 3409 auxilii,
2715 3343 2842 3398 illud
2893 3344 3111 3400 humani
3155 3355 3241 3402 est
3276 3346 3510 3403 arbitrii.
3540 3349 3719 3404 Actum
3753 3359 3810 3400 ex

2245 3440 2473 3503 utroque
2500 3435 2821 3502 contexitur,
2849 3452 2916 3491 ex
2945 3446 3128 3494 nostra
3153 3438 3431 3510 diligentia
3468 3448 3526 3495 et-
3567 3454 3631 3495 ex
3663 3435 3811 3508 gratia

2245 3521 2426 3577 divina
2467 3542 2480 3579 :
2522 3526 2834 3582 miraculum
2856 3529 3024 3583 solam
3046 3528 3267 3585 exhibet
3288 3529 3561 3586 caelestem
3587 3529 3810 3600 gratiam,

2245 3631 2422 3687 neque
2463 3617 2746 3674 sudoribus
2791 3620 2989 3676 nostris
3029 3620 3249 3692 indiget.
3291 3622 3485 3678 Actum
3525 3630 3606 3678 est
3653 3617 3812 3690 probis

2247 3707 2487 3762 moribus
2511 3723 2654 3775 esse,
2678 3718 2907 3777 castum,
2936 3711 3259 3780 modestum,
3301 3712 3396 3767 irae
3435 3713 3708 3783 imperare,
3731 3722 3814 3761 eu-

2249 3799 2500 3870 piditates
2527 3800 2791 3872 subigere,
2820 3802 2998 3873 largiri
3022 3804 3413 3877 eleemosynas,
3461 3801 3812 3874 benignitatem

2248 3890 2521 3958 exhibere,
2551 3907 2766 3948 omnem
2795 3895 3045 3951 virtutem
3072 3912 3323 3952 exercere
3353 3915 3369 3952 :
3398 3897 3504 3953 hoc
3526 3907 3605 3952 est
3626 3895 3751 3950 actio
3769 3900 3814 3944 ct

2250 3982 2402 4038 labor
2425 3991 2480 4038 et
2503 3984 2668 4039 sudor
2694 3995 2894 4040 uoster.
2938 3985 3246 4041 Miraculum
3285 3995 3369 4042 est
3411 3986 3676 4042 dtemones
3711 3981 3814 4038 abi-

2249 4089 2397 4143 gere,
2441 4085 2738 4132 cn‘tncatos
2771 4078 2951 4134 oculos
2979 4078 3210 4149 aperire,
3251 4079 3585 4149 leprosorum
3611 4087 3813 4146 corpora

2253 4165 2542 4236 mundare,
2595 4169 2828 4224 resoluta
2889 4170 3129 4224 membra
3180 4171 3555 4240 compingere,
3599 4176 3815 4222 mortuos

2253 4258 2532 4321 suscitare,
2577 4259 2680 4312 alia
2729 4259 2991 4330 ejusmodi
3021 4261 3154 4314 mira
3194 4275 3356 4331 Opera
3403 4272 3629 4330 patrare.
3675 4253 3815 4310 Vides

2252 4361 2508 4419 quantmn
2537 4351 2606 4405 sit
2631 4352 2771 4405 inter
2809 4362 2928 4406 acta
2972 4363 3026 4406 ct
3066 4351 3319 4408 miracula
3349 4350 3654 4414 discrimen,
3697 4347 3817 4400 inter

2255 4445 2715 4499 conversationem
2758 4452 2814 4500 et
2842 4445 3014 4515 signa,
3054 4443 3193 4499 inter
3229 4443 3560 4514 diligentiam
3604 4446 3812 4495 nostram

2252 4543 2308 4590 et
2330 4538 2550 4606 gratiam
2586 4535 2715 4589 Dei?

2329 4629 2380 4683 3.
2422 4627 2514 4682 Vis
2544 4637 2598 4682 et
2622 4627 2849 4682 alterum
2879 4624 2973 4680 tibi
3003 4623 3290 4680 discrimen
3316 4619 3633 4680 ostendam?
3655 4617 3814 4673 Vestra

2258 4722 2398 4779 enim
2416 4737 2572 4778 causa
2591 4721 2849 4776 hodierno
2869 4720 2956 4776 die
2983 4720 3255 4775 institutus
3274 4730 3358 4775 est
3383 4718 3471 4774 hic
3485 4733 3516 4773 a
3537 4731 3621 4771 me
3641 4722 3813 4774 serum.

2259 4823 2317 4868 ut
2356 4813 2480 4884 quid
2525 4812 2597 4868 sit
2642 4811 2960 4866 miraculum
3005 4811 3324 4880 signumque
3363 4806 3634 4863 discatis‘.
3674 4799 3819 4868 Majas

2257 4906 2470 4977 quidem
2500 4915 2582 4960 est
2604 4904 2939 4970 miraculum,
2969 4917 3034 4958 ac
3064 4900 3472 4964 formidabilius,
3512 4911 3575 4952 ac
3601 4899 3820 4950 naturam

2260 5012 2497 5054 nostram
2541 5003 2829 5067 exsuperat
2874 5013 2888 5050 :
2928 4995 3068 5050 actio
3114 5008 3243 5049 vero
3285 5000 3339 5047 et
3386 4985 3713 5046 conversatio
3749 4991 3822 5035 res

2261 5094 2474 5165 quidem
2500 5103 2582 5148 est
2613 5091 2778 5163 signis
2820 5091 3016 5155 minor,
3049 5087 3143 5143 sed
3173 5086 3356 5141 utilior
3397 5093 3452 5140 et
3493 5075 3820 5137 fructuosior;

2261 5196 2344 5244 est
2365 5187 2562 5259 quippe
2599 5185 2842 5240 laborum
2884 5181 3159 5252 praemium
3199 5188 3254 5234 et
3289 5173 3576 5248 diligentia:
3618 5176 3819 5259 merceS-

2262 5254 2436 5349 Atque
2461 5254 2527 5332 'th
2566 5276 2834 5344 intelligas
2861 5273 3273 5330 fructuosiorem
3313 5283 3434 5326 esse
3480 5275 3636 5336 atque
3669 5254 3825 5357 utilio-

2263 5385 2376 5426 rem
2403 5370 2558 5440 signo
2599 5369 2885 5431 actionem,
2917 5366 3059 5421 actio
3106 5365 3319 5435 quidem
3362 5363 3498 5416 bona
3540 5357 3693 5412 etiam
3723 5357 3825 5402 sme

2265 5466 2430 5536 signis
2455 5479 2570 5529 eos,
2601 5478 2630 5516 a
2659 5461 2852 5533 quibus
2879 5467 3092 5530 peracta
3119 5457 3297 5524 fuerit,
3327 5449 3609 5510 introducit
3646 5445 3694 5499 in
3730 5453 3826 5493 caa-

2265 5561 2373 5616 lum
2403 5577 2417 5615 :
2447 5559 2762 5615 miraculum
2789 5567 2969 5614 autem
2999 5564 3055 5612 et
3081 5555 3292 5625 signum
3332 5550 3532 5617 absque
3556 5545 3825 5598 conversa-

2266 5658 2410 5713 tione
2428 5657 2691 5710 deducere
2711 5652 2776 5707 ad
2798 5649 3058 5706 vestibula
3087 5648 3174 5702 illa
3199 5661 3304 5700 non
3329 5647 3565 5714 possunt.
3582 5635 3693 5726 Quo
3714 5635 3824 5726 rem

2265 5760 2419 5822 pacto
2456 5749 2507 5804 id
2550 5747 2661 5812 fiat,
2707 5743 2986 5801 ostendam
3031 5759 3045 5794 :
3087 5754 3183 5795 vos
3212 5745 3389 5792 autem
3419 5723 3818 5786 animadvertite.

2325 5884 2342 5916 ί
2371 5882 2528 5939 00th.,
2569 5886 2763 5938 Oportet
2784 5876 2913 5929 erum
2934 5888 3014 5928 vos
3042 5875 3131 5926 illa
3157 5872 3303 5925 verba
3337 5864 3524 5924 omnino
3560 5855 3819 5916 ωιεαὶςεησ

2261 5959 2430 6011 nempe
2454 5941 2745 5993 miraculum
2766 5947 2811 5992 et
2829 5939 3037 6003 signum.
