4106 6444
300 375 381 443 εἰ
1503 375 1569 431 IN
1609 374 2135 431 lNSCRIPTlONEl-l
2173 375 2522 435 ACTORUM.
2556 375 2618 432 ll.
2832 410 2835 416 -
3519 367 3592 419 8‘:

298 509 406 561 qua
437 493 647 547 ratione
690 489 924 561 priorem
963 491 1140 547 locum
1171 489 1447 547 obtineant
1474 490 1731 557 actiones,
1772 503 1894 544 cum

297 585 371 638 de
396 584 831 642 remuneratione
856 582 1119 639 mercedis
1139 583 1314 655 agitur
1338 600 1352 636 :
1375 596 1479 654 qua
1508 582 1718 638 ratione
1746 581 1898 652 signa

296 675 541 746 quidem,
584 676 629 732 si
675 677 790 731 sola
818 676 947 745 sint,
978 691 1091 744 eos,
1140 678 1233 748 qni
1272 676 1362 731 illa
1410 674 1689 747 patrarint,
1722 673 1901 728 salvos

301 784 408 823 non
439 768 638 825 faciant
663 770 840 826 :aetio
863 784 994 825 vero
1020 770 1249 826 seorsim
1274 778 1483 841 sumpta
1511 769 1655 825 nulla
1685 782 1745 823 re
1763 766 1903 822 indi-

300 871 429 932 geat
457 862 560 916 alia
590 862 659 916 ad
685 877 780 918 eos
804 862 1109 929 salvandos,
1143 862 1234 934 qui
1264 878 1383 918 eam
1414 861 1710 933 possident.
1744 857 1902 914 Multi

300 955 475 1007 dicent
502 953 648 1021 mihi,
689 954 854 1026 inquit
887 952 1151 1023 Christus,
1181 956 1234 1009 in
1259 955 1352 1010 illa
1379 954 1482 1020 die,
1512 948 1752 1021 Domine,
1785 951 1898 1007 Do-

300 1047 460 1113 mine,
485 1063 651 1102 nonne
676 1047 729 1101 in
749 1050 949 1102 nomine
969 1055 1055 1101 tuo
1080 1044 1493 1118 prophetavimus
1509 1046 1537 1100 ?
1562 1046 1666 1101 hoc
1692 1034 1903 1115 signum

301 1146 389 1192 est
438 1144 497 1193 et
547 1137 898 1204 miraculum;
940 1136 1130 1193 Nonne
1182 1138 1236 1192 in
1280 1138 1484 1192 nomine
1526 1146 1612 1191 tuo
1653 1135 1906 1191 dwmonia

302 1231 467 1284 multa
496 1231 757 1301 cjecimus,
784 1240 832 1285 et
872 1232 927 1285 in
956 1231 1160 1286 nomine
1203 1241 1289 1286 tuo
1316 1230 1522 1286 virtutes
1559 1229 1745 1284 multas
1781 1227 1907 1299 feci-

296 1328 418 1376 mus
443 1320 659 1394 (Matth.
694 1322 748 1376 7.
774 1321 909 1395 22)?
938 1322 1101 1379 Vides
1122 1322 1320 1394 ubique
1346 1322 1495 1394 signa
1521 1330 1579 1377 et
1604 1320 1861 1376 miracula
1885 1336 1901 1375 :

298 1411 590 1467 videamus
611 1412 739 1482 quid
764 1412 908 1470 dicat
935 1414 1101 1470 Deus.
1127 1413 1263 1481 Quia
1285 1412 1426 1469 nuda
1446 1421 1601 1470 erant
1625 1412 1903 1480 miracula,

302 1520 411 1561 nec
454 1505 660 1575 uSpiam
702 1507 1064 1575 conversatio,
1118 1505 1412 1573 Discedite,
1468 1505 1672 1576 inquit,
1713 1520 1746 1559 a
1789 1520 1905 1574 me,

302 1598 479 1652 nescia
508 1614 593 1653 vos
615 1640 631 1666 ,
662 1599 747 1670 qui
776 1590 1058 1669 operamini
1086 1596 1400 1670 iniquitatem
1427 1596 1592 1668 (Ibid.
1623 1613 1672 1651 υ.
1703 1596 1819 1668 2'5).
1850 1595 1908 1653 Si

302 1704 417 1744 non
452 1691 598 1745 nosti
621 1704 735 1756 eos,
755 1691 896 1746 unde
928 1692 1021 1746 tibi
1040 1692 1268 1747 innotuit
1292 1706 1386 1747 eos
1415 1689 1747 1762 iniquitatem
1773 1703 1907 1759 ope-

302 1784 459 1838 rari?
493 1782 565 1839 Ut
591 1783 855 1855 intelligas
896 1784 1046 1854 illud,
1078 1782 1265 1839 Nescio
1293 1800 1401 1852 vos,
1434 1798 1539 1838 non
1569 1782 1905 1854 ignorantiae,

302 1873 404 1929 sed
430 1874 539 1929 odii
565 1883 620 1929 et
643 1873 940 1930 aversiOnis
968 1888 1109 1931 esse.
1143 1873 1331 1929 Nescio
1358 1891 1462 1930 vos.
1489 1874 1660 1942 Quam
1686 1874 1755 1930 ob
1780 1889 1908 1930 cau-

303 1983 425 2022 sam
447 1962 667 2038 quaiso?
697 1966 888 2023 Nonne
914 1969 968 2023 in
995 1969 1195 2023 nomine
1225 1978 1313 2022 tuo
1343 1969 1597 2023 datmonia
1625 1966 1910 2039 cjecimus?

307 2058 602 2130 Drepterea
647 2074 747 2116 vos
793 2060 920 2116 odio
968 2074 1286 2131 prosequor,
1336 2070 1391 2115 et
1433 2073 1672 2127 aversor,
1719 2058 1909 2136 inquit,

310 2154 440 2223 quia
494 2160 563 2208 nc
603 2153 759 2209 donis
800 2153 1015 2224 quidem
1060 2153 1295 2224 acceptis
1338 2153 1591 2208 meliores
1637 2151 1908 2218 evasistis,

305 2244 453 2315 quod
485 2254 630 2300 tanto
657 2244 861 2300 honore
881 2245 1157 2311 cumulati,
1191 2245 1242 2299 in
1267 2245 1455 2301 eadem
1487 2243 1690 2299 malitia
1715 2241 1915 2314 persti-

309 2339 475 2392 tistis.
507 2336 763 2393 Discedite
786 2355 819 2392 a
843 2355 941 2405 me,
970 2339 1136 2394 nescio
1162 2355 1270 2394 vos.

350 2438 353 2441 ί
383 2430 491 2486 Cur
517 2431 640 2486 olim
665 2432 973 2488 charismata
1020 2432 1264 2487 darentur
1298 2431 1561 2503 indignis;
1602 2446 1720 2484 vera
1757 2429 1915 2483 mira-

304 2524 433 2579 tuftt
460 2525 611 2578 etiam
639 2525 837 2597 indigni
858 2525 1129 2596 faciebant.
1154 2555 1225 2565 —
1246 2524 1383 2593 Quid
1405 2523 1597 2595 igitur?
1616 2521 1754 2579 Olim
1776 2521 1916 2577 dona

307 2618 579 2674 dabantur
602 2618 855 2689 indignis,
889 2629 945 2674 et
983 2620 1073 2690 qui
1103 2618 1209 2673 vita
1249 2625 1405 2674 erant
1443 2625 1498 2672 et
1543 2615 1784 2671 moribus
1809 2612 1914 2668 de-

310 2713 575 2784 pravatis,
606 2712 837 2768 edebant
876 2712 1154 2779 miracula,
1184 2719 1239 2767 et
1265 2710 1461 2767 divinis
1489 2709 1791 2766 dilabantur
1816 2706 1918 2762 do-

308 2806 419 2872 nis,
476 2805 603 2861 licet
653 2805 910 2876 optimam
952 2804 1418 2860 conversationem
1467 2816 1576 2857 non
1625 2797 1918 2855 curarent?

309 2899 635 2954 Ditabantur
662 2899 735 2953 illi
760 2899 973 2970 quidem
996 2898 1066 2952 ob
1090 2897 1345 2954 eximiam
1374 2896 1470 2952 Dei
1501 2894 1906 2965 benignitatem,

311 3007 424 3047 non
455 2991 524 3045 ob
554 3007 703 3046 suam
733 2991 1066 3063 dignitatem.
1111 2990 1242 3045 Erat
1291 2990 1437 3046 enim
1480 2989 1755 3059 religionis
1799 3002 1921 3042 ver-

312 3086 445 3139 bunt
476 3083 675 3154 ubique
720 3085 1096 3155 spargendum,
1143 3081 1575 3154 quandoquidem
1620 3064 1920 3136 initium‘ct

314 3178 473 3246 origo
500 3185 612 3230 erat
639 3175 784 3233 lidei.
813 3174 886 3231 Ut
912 3176 1072 3247 igitur
1113 3174 1351 3245 optimus
1385 3173 1617 3245 agricola
1650 3173 1704 3228 in
1736 3171 1923 3228 novel.»

316 3268 427 3323 lam
457 3268 726 3336 arborem,
758 3284 914 3339 quam
945 3283 1051 3322 non
1083 3268 1152 3322 ita
1182 3267 1387 3338 pridem
1419 3275 1575 3322 terra:
1605 3266 1742 3321 sinui
1770 3280 1921 3321 com-

318 3360 619 3428 rnemlavit,
649 3360 775 3415 dum
804 3359 981 3415 adhuc
1012 3368 1196 3415 tenera
1222 3368 1321 3425 est,
1353 3358 1572 3414 multam
1600 3373 1786 3415 curam
1818 3358 1921 3412 im-

318 3451 525 3521 pendit,
556 3450 792 3521 undique
819 3451 964 3505 illam
989 3449 1377 3516 circumvallat,
1408 3456 1462 3505 et
1496 3448 1764 3519 lapidibus
1798 3464 1921 3503 mu-

318 3544 401 3597 nit
422 3552 476 3597 et
500 3543 688 3613 spinis,
720 3554 778 3597 ut
806 3557 872 3599 ne
900 3557 932 3597 a
962 3543 1134 3597 ventis
1161 3541 1441 3608 avellatur,
1477 3557 1546 3597 ne
1574 3555 1609 3596 a
1636 3541 1923 3612 pecoribus

318 3636 667 3691 labefactetur
684 3637 725 3703 ί,
758 3651 895 3692 neve
919 3636 1023 3690 alio
1047 3634 1276 3707 quodam
1299 3634 1640 3691 incommodo
1668 3634 1922 3701 laedatur;

321 3735 604 3796 postquam
630 3734 810 3781 autem
836 3726 1044 3782 radices
1064 3727 1259 3798 egisse,
1284 3734 1339 3781 et
1366 3725 1421 3779 in
1437 3725 1665 3781 sublime
1687 3726 1924 3781 crevisse

320 3820 472 3874 illam
499 3819 710 3886 viderit,
746 3829 857 3873 tum
889 3828 1103 3874 amovet
1127 3817 1456 3874 munimenta
1488 3835 1503 3872 :
1546 3816 1744 3872 sufficit
1779 3817 1927 3872 enim

245 3956 252 3961 .
319 3912 426 3967 sibi
464 3911 562 3981 ipsi
592 3912 753 3967 arbor
775 3910 841 3965 ad
866 3910 1089 3979 injurias
1119 3907 1620 3981 tales-repellendas
1648 3924 1663 3962 :
1693 3909 1766 3964 ita
1792 3923 1926 3979 quo—

320 4022 430 4073 que
486 4005 536 4058 in
584 4005 684 4059 fide
726 4003 939 4059 accidit.
988 4002 1216 4072 Quando
1264 4017 1436 4073 nuper
1489 4010 1606 4057 erat
1650 4002 1922 4072 plantata,

323 4097 540 4168 quando
568 4107 749 4152 tenera
773 4106 909 4164 erat,
935 4094 1152 4167 quando
1178 4078 1348 4165 nuper
1375 4094 1428 4149 in
1458 4092 1707 4148 humanis
1731 4093 1925 4148 animis

324 4187 563 4256 fundata,
585 4189 730 4243 omni
757 4204 824 4244 ex
855 4197 1006 4258 parte
1037 4186 1202 4243 multa
1229 4186 1284 4242 in
1320 4201 1440 4242 eam
1468 4200 1596 4242 cura
1651 4183 1927 4255 impende-

327 4281 485 4335 batur
516 4299 530 4335 :
572 4291 850 4350 postquam
876 4288 1053 4335 autem
1077 4277 1295 4345 coaluit,
1321 4287 1377 4333 et
1404 4277 1616 4333 radices
1640 4276 1768 4348 egit,
1797 4276 1926 4331 etin

326 4372 713 4429 sublimitatem
735 4371 995 4438 ascendit,
1024 4378 1305 4443 postquam
1322 4371 1632 4426 universum
1661 4380 1924 4425 terrarum

326 4466 515 4521 orbem
542 4454 850 4534 complevit,
880 4465 1211 4520 munimenta
1237 4464 1466 4521 removit
1488 4463 1754 4530 Christus,
1780 4472 1836 4518 ct
1859 4461 1927 4519 de

327 4568 527 4612 cetero
582 4557 839 4613 tutamina
900 4558 1133 4613 sustulit.
1182 4556 1471 4628 Propterea
1514 4556 1668 4611 initio
1710 4554 1926 4626 quidem

326 4651 493 4705 etiam
529 4649 761 4721 indignis
788 4648 1052 4705 dabantur
1082 4649 1242 4718 dona,
1286 4648 1540 4720 quoniam
1584 4648 1686 4702 hoc
1731 4647 1928 4719 auxilio

328 4742 455 4797 fidei
496 4742 737 4798 fovenda:
774 4756 934 4797 causa
966 4742 1238 4813 indigebat
1279 4740 1573 4811 antiquitas
1602 4756 1615 4793 :
1648 4755 1790 4795 nunc
1828 4754 1928 4805 aug

330 4845 440 4890 tein
471 4850 647 4906 neque
671 4834 847 4906 dignis
874 4833 1272 4899 conceduntur;
1301 4833 1421 4888 fidei
1452 4832 1649 4904 quippe
1674 4830 1840 4885 robur
1875 4838 1930 4887 et

329 4927 558 4984 firmitas
593 4927 696 4983 hoc
736 4926 973 4983 subsidio
1015 4930 1122 4982 non
1166 4935 1307 4999 eget.
1350 4928 1526 4999 Atque
1569 4933 1627 4980 ut
1663 4923 1929 5003 intelligas

327 5035 669 5091 nequaquam
700 5018 822 5076 illos
848 5019 1188 5090 imposuisse,
1220 5010 1315 5074 sed
1343 5033 1472 5075 vere
1510 5015 1765 5072 miracula
1810 5015 1929 5081 edi:

327 5113 498 5182 disse,
527 5121 692 5185 atque
713 5110 947 5184 indignis
968 5111 1273 5169 hominibus
1293 5110 1433 5167 dona
1455 5109 1622 5166 fuisse
1647 5122 1927 5176 concessa,

729 5221 816 5275 ea,
837 5222 957 5278 qua:
976 5205 1119 5263 dicta
1145 5213 1295 5272 sunt,
1318 5204 1571 5277 quiddam
1598 5204 1762 5261 etiam
1785 5202 1930 5259 aliud

328 5294 720 5371 perficeretur,
758 5296 966 5371 Deique
1008 5313 1204 5354 munus
1249 5296 1326 5353 illi
1373 5295 1589 5353 reveriti
1637 5294 1929 5366 nequitiam

328 5389 648 5459 abjicerent,
666 5378 868 5447 dedam
895 5405 1060 5451 unum
1082 5404 1157 5457 ex,
1175 5386 1458 5447 duodecim
1485 5402 1674 5443 omnes
1699 5386 1932 5442 fatentur

330 5482 484 5553 signa
511 5482 724 5551 fecisse,
750 5483 1026 5540 (immanes
1051 5482 1300 5552 ejecisse,
1331 5491 1575 5538 mortuos
1619 5480 1933 5549 suscitasse,

330 5571 580 5647 leprosos
602 5575 894 5635 inundasse
917 5594 937 5636 ς,
961 5585 1016 5631 et
1052 5584 1236 5634 tamen
1272 5572 1472 5633 excidit
1507 5589 1537 5629 a
1575 5588 1743 5645 regno
1769 5572 1933 5630 caelo-

396 5813 419 5848 ι
438 5810 583 5871 "Hier,
610 5823 724 5876 nea
748 5808 1001 5876 pecoribus
1002 5806 1355 5876 labefactetur,
1383 5808 1502 5876 pars
1518 5809 1617 5876 ρπὸ
1648 5808 1928 5876 θρεμμάτων

333 5869 635 5939 amandavit,
660 5869 889 5939 deerant;
912 5875 960 5922 in
1001 5869 1177 5939 Editi's,
1216 5871 1303 5919 sed
1342 5883 1400 5939 ex
1446 5870 1582 5921 Colb.
1612 5869 1924 5936 supplentur.

338 5937 471 5988 lnfu
497 5932 866 6000 item'quicdatn
892 5949 955 5986 ex
986 5932 1161 5984 eodem
1190 5932 1538 5984 resarciuntur.

2006 509 2147 550 rum.
2176 493 2297 549 Non
2322 493 2466 549 enim
2480 498 2635 554 illum
2651 492 2857 548 salvum
2880 490 3077 547 .facere
3105 504 3261 560 signa
3287 499 3594 558 potuerunt,

2004 586 2130 656 quia
2156 585 2314 651 latro,
2345 584 2456 652 fur,
2480 593 2536 640 et
2554 583 2795 655 proditor
2822 583 2922 639 fuit
2942 580 3174 638 Domini.
3202 582 3281 636 Ac
3301 580 3453 652 signa
3477 580 3597 650 qui-

2006 678 2130 735 dem
2178 678 2299 734 sine
2346 678 2550 748 optima
2597 676 3038 740 conversatione,
3095 675 3318 744 vitaque
3364 685 3495 744 pura
3547 681 3602 726 et

2007 781 2195 829 exacta
2221 770 2430 826 salvum
2457 768 2637 825 facere
2661 768 2880 824 minime
2904 781 3065 839 posse
3088 766 3514 822 demonstratum
3535 778 3613 841 ex,

2009 863 2135 919 istis
2153 872 2237 919 est
2262 881 2276 918 :
2299 862 2766 919 conversationem
2805 871 2983 917 autem
3016 859 3119 915 hoc
3151 858 3428 930 signorum
3457 856 3602 912 sola-

2013 955 2089 1011 tio
2137 954 2472 1022 destitutam,
2524 969 2701 1026 neque
2741 953 2835 1009 illo
2880 954 3131 1024 stipatam
3182 949 3455 1023 praesidio,
3507 947 3605 1004 sed

2010 1048 2256 1119 quamvis
2291 1049 2405 1104 sola
2444 1054 2774 1119 compareat,
2819 1061 2978 1117 posse
3014 1060 3136 1102 cum
3179 1042 3370 1099 fiducia
3415 1042 3469 1098 in
3514 1056 3605 1096 reb

2010 1154 2172 1210 gnum
2199 1139 2453 1194 canorum
2482 1139 2724 1205 introire,
2755 1137 2971 1194 Christo
3006 1137 3238 1193 docente
3265 1133 3544 1191 condisees
3586 1148 3602 1187 :

2023 1229 2218 1298 Venite,
2249 1230 2493 1285 benedicti
2533 1230 2708 1285 Patris
2734 1232 2852 1297 mei,
2895 1228 3146 1300 possidete
3186 1238 3423 1298 paratum
3468 1225 3606 1279 vobis

2013 1340 2225 1394 regnum
2249 1339 2282 1377 a
2305 1322 2662 1378 constitutione
2691 1321 2865 1376 mundi
2899 1320 3112 1392 (Matth.
3140 1318 3230 1375 εδ.
3273 1318 3389 1391 54).
3435 1315 3605 1385 Quam

2013 1415 2085 1472 ob
2126 1414 2532 1487 causamiquia
2570 1421 2812 1469 mortuos
2855 1410 3219 1468 suscitarent?
3257 1410 3380 1481 quia
3426 1408 3606 1478 lepro-

2013 1521 2105 1564 sos
2147 1506 2514 1562 mandarunt?
2539 1505 2663 1577 quia
2691 1503 2965 1560 dtemones
2992 1499 3346 1575 expulerunt?
3394 1498 3608 1570 Nequa-

2013 1615 2174 1672 quam
2208 1617 2223 1656 :
2258 1599 2354 1655 sed
2380 1615 2484 1670 qua
2522 1598 2591 1654 de
2618 1598 2820 1655 causa?
2865 1596 3205 1652 Esurientem
3249 1607 3338 1649 me
3377 1590 3606 1657 vidistis,

2012 1691 2209 1762 inquit,
2242 1698 2299 1745 et
2342 1688 2555 1746 aluistis
2598 1705 2614 1743 :
2661 1689 2956 1755 sitientem,
2999 1694 3056 1743 et
3098 1684 3323 1741 dedistis
3351 1682 3483 1738 mihi
3513 1696 3612 1753 pou

2015 1793 2128 1840 tum
2154 1802 2168 1840 :
2199 1783 2423 1851 nudum,
2451 1792 2506 1839 et
2525 1781 2877 1853 cooperuistis
2900 1795 2989 1836 me
3021 1798 3035 1836 :
3063 1778 3352 1851 hospitem,
3375 1776 3612 1833 etcolles

2015 1878 2170 1949 gistis
2201 1874 2307 1948 (Ib.
2336 1891 2382 1929 υ.
2416 1874 2506 1931 55.
2537 1872 2652 1947 '56).
2682 1872 2955 1944 Nusquam
2983 1870 3262 1938 miracula,
3293 1867 3389 1925 sed
3415 1867 3613 1938 ubique

2018 1969 2376 2026 conversatio.
2408 1967 2479 2025 Ut
2498 1968 2660 2039 igitur
2688 1966 2799 2022 illic
2824 1965 3021 2038 ubique
3044 1963 3323 2030 miracula,
3351 1971 3406 2018 et
3431 1963 3612 2017 statim

2017 2063 2361 2134 supplicium,
2409 2061 2664 2132 quoniam
2709 2058 3120 2115 conversatione
3160 2055 3415 2112 destituta
3460 2064 3615 2110 erant

2019 2157 2278 2213 miracula
2310 2173 2324 2210 :
2358 2155 2438 2209 sic
2476 2163 2531 2211 et
2572 2153 2677 2209 hoc
2715 2154 2834 2209 loco
2876 2152 3075 2222 ubique
3116 2148 3473 2213 conversatio,
3513 2161 3614 2201 nec

2018 2262 2247 2320 usquam
2262 2248 2536 2307 miracula.
2556 2255 2610 2302 et
2630 2246 2809 2301 statim
2819 2244 2966 2300 salus
2984 2244 3003 2276 ³
3029 2251 3341 2314 :propterea
3358 2238 3497 2311 quod
3521 2253 3614 2308 per

2021 2357 2084 2399 se
2111 2343 2227 2399 sola
2259 2355 2601 2412 possessores
2629 2355 2756 2395 suos
2784 2339 2962 2393 salvos
2999 2336 3179 2392 facere
3216 2343 3390 2404 potest
3414 2334 3616 2403 optima

2020 2434 2379 2493 conversatio.
2405 2432 2610 2488 Idcirco
2639 2432 2802 2487 etiam
2827 2430 3019 2485 beatus
3047 2427 3134 2481 hic
3158 2434 3214 2482 et
3239 2438 3534 2496 generosus
3553 2438 3618 2479 ae

2023 2528 2283 2584 mirabilis
2310 2527 2484 2583 Lucas
2509 2527 2580 2581 ita
2611 2526 2804 2580 librum
2841 2522 3130 2594 inscripsit,
3177 2520 3305 2574 Acta
3342 2517 3616 2589 Apostolo-u
3682 2540 3691 2559 ι

2022 2640 2153 2689 rum,
2186 2636 2292 2678 non
2316 2620 2573 2675 miracula
2596 2618 2963 2689 apostolorum
3008 2635 3022 2671 :
3052 2615 3262 2670 tametsi
3291 2612 3528 2669 fecerant
3565 2619 3617 2665 et

2023 2717 2125 2788 ipsi
2152 2715 2427 2771 miracula.
2460 2713 2656 2769 Verum
2688 2712 2775 2765 illa
2798 2710 3012 2781 quidem
3040 2718 3189 2764 certe
3217 2717 3458 2776 tempore
3481 2703 3617 2758 facta

2024 2819 2167 2877 sunt,
2201 2818 2257 2865 et
2282 2807 2658 2879 praeterierunt
2684 2822 2699 2858 :
2732 2803 2850 2859 haec
2873 2812 3050 2859 autem
3075 2801 3263 2873 quovis
3287 2809 3529 2867 tempore
3551 2795 3620 2850 ab

2026 2904 2143 2959 illis
2166 2901 2408 2959 exhiberi
2439 2913 2576 2970 opus
2624 2908 2726 2964 est,
2778 2898 2869 2968 qui
2911 2896 3155 2951 salutem
3183 2901 3307 2949 sunt
3353 2888 3616 2960 adepturi.

2026 2996 2252 3065 Quando
2273 2995 2435 3066 igitur
2453 3010 2557 3048 non
2579 2992 2857 3057 miracula,
2884 2990 2977 3045 sed
3003 2998 3119 3044 acta
3141 2987 3296 3043 nobis
3322 2982 3622 3041 aunulanda

2027 3096 2400 3161 proponuntur
2424 3086 2810 3158 apostolorum,
2857 3092 3143 3154 prepterea
3180 3080 3375 3135 librum
3419 3079 3499 3133 sic
3536 3077 3621 3131 in-

2027 3184 2265 3253 scripsit.
2300 3181 2371 3259 U_t
2396 3182 2541 3236 enim
2572 3178 2939 3241 non-diceres,
2972 3176 3055 3230 vel
3085 3175 3259 3245 potius
3288 3188 3356 3227 ne
3384 3171 3625 3227 dicerent

2029 3277 2264 3342 desides,
2298 3276 2343 3331 si
2371 3274 2586 3347 quando
2615 3274 2745 3328 illos
2768 3271 2835 3327 ad
2866 3271 3219 3325 imitationem
3257 3266 3627 3338 apostolorum

2028 3371 2395 3435 cohortamur,
2442 3383 2506 3423 ac
2543 3366 2793 3431 dicimus,
2844 3363 3060 3417 Imitare
3091 3361 3330 3422 Petrum,
3372 3357 3628 3413 tumulare

2029 3464 2277 3529 Paulum,
2315 3463 2505 3518 similis
2540 3469 2658 3516 esto
2694 3457 2910 3525 Joanni,
2942 3456 3199 3511 Jacobum
3248 3466 3477 3523 sequere
3509 3468 3524 3503 :
3557 3464 3627 3506 ne

2029 3558 2290 3622 dicerent,
2339 3554 2456 3609 Non
2511 3567 2815 3624 pessumus,
2863 3563 2963 3603 nec
3008 3547 3250 3601 valemus
3296 3562 3309 3599 ε
3359 3543 3434 3598 illi
3483 3541 3627 3598 enim

2030 3658 2272 3703 mortuos
2311 3643 2660 3707 suseitabant,
2690 3642 2931 3712 leprosos
2962 3636 3291 3693 mandabant
3317 3652 3333 3688 :
3359 3633 3498 3689 hanc
3523 3632 3626 3687 im-

2031 3741 2322 3811 pudentem
2368 3746 2605 3791 nostram
2647 3733 3047 3789 excusationem
3092 3729 3417 3799 reprimens.
3462 3724 3627 3790 Tace,

2030 3830 2224 3902 inquit,
2252 3829 2587 3892 obmutesce,
2631 3840 2736 3879 non
2769 3822 3106 3887 miraculum,
3155 3818 3252 3874 sed
3290 3814 3631 3873 conversatio

2032 3925 2087 3981 in
2110 3937 2337 3993 regnum
2359 3919 2612 3975 celerum
2641 3914 2948 3971 introducit.

2030 4036 2037 4043 ί
2107 4017 2236 4085 Qum
2262 4024 2396 4069 nota:
2419 4023 2464 4067 et
2490 4011 2684 4066 indicia
2701 4006 2953 4079 Apostoli.
2978 4036 3051 4046 —
3077 4004 3293 4060 imitare
3314 4000 3475 4074 igitur
3497 4016 3632 4056 con-

2029 4107 2388 4164 versationem
2426 4101 2791 4174 apostolorum
2814 4141 2829 4165 ,
2863 4106 2919 4154 et
2944 4095 3075 4152 nihil
3102 4094 3279 4150 minus
3319 4108 3476 4164 quam
3502 4106 3633 4161 apo-

2031 4199 2153 4254 stoli
2178 4196 2465 4253 obtinebis.
2490 4192 2677 4263 Neque
2705 4193 2848 4248 enim
2869 4189 3019 4260 signa
3047 4187 3291 4242 fecerunt
3314 4182 3587 4255 apostolus
3609 4223 3628 4250 ,

2031 4291 2128 4348 sed
2156 4290 2263 4345 vita
2292 4286 2511 4343 munda.
2543 4286 2720 4355 Atque
2749 4282 2853 4338 hoc
2881 4279 3188 4350 apostolica:
3223 4276 3465 4348 imaginis
3489 4274 3634 4331 indi~

2033 4384 2174 4440 cium
2204 4396 2325 4438 esse
2347 4421 2362 4446 ,
2395 4394 2459 4435 ac
2504 4379 2688 4448 figurae
2730 4373 3110 4444 discipulorum
3133 4412 3148 4436 ,
3179 4368 3299 4424 audi
3325 4382 3434 4438 quo
3476 4374 3634 4437 pacto

2032 4476 2274 4533 Christus
2289 4473 2393 4529 hoc
2403 4472 2555 4542 signo
2577 4469 2925 4524 demonstret.
2942 4463 3075 4517 Cum
3095 4460 3239 4518 enim
3260 4458 3520 4529 imagines
3545 4456 3633 4513 di~

2032 4567 2355 4640 scipulorum
2381 4563 2678 4632 effingeret,
2703 4565 2757 4614 et
2777 4556 3043 4628 quodnam
3073 4552 3400 4624 apostolatus
3424 4550 3635 4622 insigne

2033 4661 2121 4726 sit,
2143 4658 2459 4721 declararet,
2479 4655 2549 4709 ita
2571 4650 2740 4707 dixit:
2763 4647 2829 4703 In
2855 4649 2949 4701 hoc
2977 4653 3274 4718 cognoscent
3294 4660 3484 4713 omnes,
3500 4643 3636 4715 quod

2034 4752 2271 4824 discipuli
2312 4750 2410 4805 mei
2448 4748 2567 4803 estis
2587 4745 2769 4820 (Joan.
2803 4743 2892 4799 l3.
2918 4742 3034 4815 '55).
3067 4739 3135 4795 In
3161 4741 3285 4807 hoc,
3317 4739 3372 4794 in
3402 4738 3555 4810 quo?
3579 4736 3635 4792 in

2035 4845 2308 4903 miraculis
2352 4839 2644 4906 faciendis,
2674 4838 2727 4893 in
2765 4835 2990 4893 mortuis
3031 4831 3394 4890 suseitandis?
3419 4830 3636 4902 Nequa-

2034 4952 2217 5011 quam,
2249 4935 2421 5007 inquit
2448 4950 2463 4988 :
2493 4931 2587 4989 sed
2614 4930 2668 4986 in
2696 4944 2806 5001 quo
2834 4924 3186 4984 tandemi-In
3215 4924 3311 4979 hoc
3335 4929 3638 4996 cognoscent

2035 5046 2228 5095 omnes,
2254 5028 2374 5099 quia
2401 5023 2643 5095 discipuli
2671 5021 2781 5076 mei-
2792 5020 2937 5086 estis,
2970 5019 3014 5074 si
3036 5032 3123 5072 eos
3148 5016 3360 5071 invicem
3385 5013 3636 5085 diligatis.

2035 5122 2196 5194 Atqui
2225 5117 2442 5176 dilectio
2470 5132 2590 5173 non.
2609 5111 2989 5169 miraculorum
3015 5117 3119 5176 est,
3151 5107 3245 5163 sed
3273 5104 3637 5163 conversatio-

2036 5217 2161 5273 nis:
2192 5211 2470 5269 Plenitudo
2505 5211 2649 5266 enim
2679 5208 2805 5280 legis
2840 5215 2915 5262 est
2957 5203 3158 5260 dilectio
3182 5200 3361 5275 (Rom.
3391 5201 3478 5256 i5.
3520 5197 3635 5268 10).

2036 5309 2200 5366 Vides
2221 5304 2606 5377 discipulorum
2628 5298 2917 5357 indicium?
2937 5296 3089 5353 vides
3111 5293 3398 5364 imaginem
3418 5298 3637 5361 aposto~

2038 5400 2219 5458 latus?
2243 5398 2393 5455 vides
2435 5393 2704 5453 formam?
2742 5390 2892 5447 vides
2936 5385 3196 5460 figuram?
3219 5380 3360 5439 Nihil
3409 5378 3638 5449 amplius

2036 5508 2261 5570 quaere:
2283 5492 2479 5564 quippe
2504 5488 2761 5545 Dominus
2785 5476 3448 5570 pronuntiavit
3474 5473 3640 5570 dis-ei-~

2038 5562 2197 5663 pulos
2217 5562 2538 5656 exprimere.
2565 5580 2622 5637 Si
2649 5593 2779 5648 ergo
2801 5575 3080 5633 caritatem
3107 5567 3331 5637 habeas,
3355 5562 3637 5638 apostoltu

2039 5681 2211 5738 factus
2244 5693 2339 5748 es,
2368 5686 2423 5733 et
2450 5670 2812 5745 apostolorum
2837 5664 3064 5737 primus.

2112 5822 2126 5854 ³
2153 5819 2209 5869 In
2234 5819 2341 5867 haec
2367 5811 2531 5868 verba,
2559 5814 2603 5869 et
2624 5802 2787 5869 statim
2813 5797 2967 5865 salus,
2997 5799 3081 5852 Gr.
3113 5795 3195 5847 καὶ
3218 5794 3386 5851 εὐθέως
3408 5794 3439 5852 ἡ
3473 5807 3640 5852 camp
3657 5827 3669 5833 ι

2049 5883 2144 5948 ρία,
2158 5867 2353 5930 desinit
2371 5867 2687 5929 Colbertiuus
2712 5867 2807 5919 Ms.
