4106 6440
578 339 650 397 83
1322 352 1380 410 S.
1419 354 1698 443 JOANNIS
1731 360 2206 423 CllRYSOSTOIl
2241 367 2561 429 ARCUIEP.
2600 370 3135 435 CONSTANTINOP.
3773 393 3833 449 Μ

641 461 695 516 4.
739 461 831 519 \‘is
857 464 1075 524 aliunde
1102 467 1207 526 hoc
1233 470 1484 529 discere?
1509 473 1643 532 Cum
1668 464 1915 537 Christus
1941 482 2159 544 Petrum

569 550 954 623 alloquamur.
985 555 1151 627 rem.
1171 560 1343 633 diligis
1364 527 1445 619 iiii
1468 527 2164 650 ριᾶῖίῖὗᾶιῖὲιῖ’ὶῆἷν
2213 527 2437 650 τ-Ξῗῗέῗῗζ
2465 538 2524 650 ἓξ
2532 532 2763 650 .2’3'1‘3.
2771 550 2960 650 i‘f’i‘f‘f
2982 534 3350 650 $33935???
3379 538 3729 650 ίξιίὲέεξξίιθξεω
3752 548 3835 603 ¹¹⁸’

570 646 668 701 uit.
697 645 841 703 Nihil
887 664 1050 721 porro
1091 668 1245 726 aeque
1271 656 1410 714 valet
1433 659 1501 714 ad
1526 676 1747 733 regnum
1777 667 2031 724 ett-lorum
2059 645 2159 729 ob-

574 737 873 806 tinendum,
900 755 963 797 ac
984 741 1027 797 si
1053 755 1264 801 constet
1298 762 1397 804 nos
1424 749 1497 805 ita
1523 750 1795 811 Christum
1819 756 2042 829 diligere
2059 801 2076 827 ,
2103 770 2162 818 ut

568 845 600 884 a
629 830 786 887 nobis
809 833 1109 906 diligendus
1131 847 1231 895 est.
1260 844 1434 914 Atque
1464 844 1537 901 ita
1563 846 1858 918 designavit
1881 852 2155 910 indicium.

567 921 847 988 Quodnam
885 926 1017 983 illud
1047 943 1177 1002 ergo
1214 935 1339 989 est?
1362 943 1417 991 et
1443 937 1572 1008 quid
1602 954 1699 995 nos
1721 956 1880 1012 agere
1906 955 2154 1014 oportet,

568 1027 623 1091 ut
647 1016 768 1087 plus
788 1036 947 1091 quam
967 1027 1193 1093 apostoli
1209 1027 1524 1100 diligamus?
1542 1047 1608 1088 an
1632 1037 1825 1092 mortui
1842 1039 2158 1096 suscitandi?

562 1121 631 1163 an
662 1108 769 1166 alia
800 1114 1066 1182 quaepiam
1093 1116 1298 1173 edenda
1326 1122 1622 1178 miracula?
1645 1124 1801 1182 Nullo
1829 1129 1992 1184 modo
2020 1148 2034 1185 :
2059 1130 2156 1187 sed

562 1199 691 1270 quid
729 1204 990 1274 agendum
1032 1210 1163 1265 est?
1190 1212 1268 1269 Ex
1301 1213 1419 1285 ipso
1455 1214 1701 1287 Christo,
1730 1221 1820 1291 qui
1859 1222 2156 1294 diligendus

562 1301 666 1359 est,
690 1294 745 1349 id
771 1296 1069 1357 audiamus.
1094 1301 1158 1357 Si
1185 1306 1331 1363 enim
1367 1324 1512 1364 amas
1531 1326 1640 1377 me,
1674 1312 1866 1384 inquit,
1896 1316 2011 1385 plus
2038 1318 2150 1385 Itis,

561 1401 714 1455 pasce
741 1404 856 1445 oves
882 1406 1021 1447 meas
1046 1391 1255 1467 (lbid.).
1284 1396 1425 1454 Ecce
1464 1399 1553 1457 hic
1585 1417 1797 1475 quoque
1821 1412 2154 1466 conversatio

558 1475 772 1533 laudem
800 1490 1056 1539 meretur.
1083 1483 1217 1543 Nam
1237 1501 1418 1544 curam
1438 1505 1631 1562 gerere
1654 1535 1670 1561 ,
1697 1499 1929 1566 compati
1955 1499 2150 1568 solere,

558 1567 800 1626 subsidio
823 1586 944 1629 esse
960 1615 977 1641 ,
997 1591 1120 1647 quae
1146 1592 1243 1634 sua
1268 1594 1393 1636 sunt
1420 1582 1642 1642 minime
1669 1602 1933 1659 quaerere,
1957 1603 2152 1649 canora

560 1662 773 1729 omnia,
795 1677 914 1733 qua:
946 1674 1216 1736 pastorem
1242 1683 1455 1742 Oportet
1480 1674 1699 1746 habere,
1730 1685 2153 1743 conversationis

556 1749 678 1808 haec
699 1762 826 1810 sunt
853 1758 1066 1827 omnia,
1094 1775 1201 1817 non
1227 1765 1611 1827 miraculorum
1637 1779 1731 1826 aut
1756 1772 2053 1844 signorum.
2081 1780 2152 1833 At

557 1845 669 1912 illi,
692 1847 835 1905 dicet
872 1851 1065 1923 aliquis
1086 1894 1102 1919 ,
1127 1866 1350 1928 propter
1385 1860 1639 1918 miracula
1672 1864 1805 1921 tales
1840 1880 2147 1926 evaserunt.

553 1935 676 1994 Non
731 1950 947 2011 propter
997 1944 1254 2003 miracula
1287 1990 1303 2017 ,
1358 1951 1454 2006 sed
1514 1964 1736 2025 propter
1788 1962 2151 2016 conversatio-

554 2046 713 2099 nem,
743 2042 798 2089 et
850 2035 921 2091 ob
955 2050 1076 2092 eam
1124 2041 1359 2098 maxime
1402 2045 1644 2102 celebres
1680 2056 1739 2107 et
1770 2049 2003 2109 illustres
2033 2052 2150 2111 fue-

554 2134 702 2182 runt.
729 2126 1018 2197 Propterea
1047 2130 1257 2188 dicebat
1287 2134 1394 2191 illis
1421 2135 1649 2195 :Luceat
1675 2140 1770 2196 lus
1786 2153 1950 2198 vestra
1973 2162 2147 2202 curant

556 2218 845 2275 conﬁnibus
868 2261 883 2285 ,
911 2231 966 2276 ut
1014 2222 1215 2286 rideant
1260 2226 1504 2285 homines
1522 2271 1541 2297 ,
1572 2248 1683 2289 non
1727 2235 1983 2292 miracula
2006 2280 2022 2305 ,
2051 2240 2146 2296 sed

556 2325 712 2379 opm
734 2324 902 2367 uestra
927 2313 1062 2373 bona
1080 2356 1095 2380 ,
1122 2325 1172 2372 at
1194 2317 1479 2389 gloriﬁcent
1501 2320 1712 2379 Patrem
1739 2337 1959 2382 uestrum
1981 2331 2068 2401 qui
2092 2332 2146 2386 in

550 2399 690 2455 ratiis
713 2412 787 2457 est
802 2401 1015 2475 (Matth.
1036 2406 1091 2462 Β.
1120 2409 1234 2480 l6).
1261 2409 1421 2468 Vides
1444 2413 1640 2485 ubique
1657 2399 2142 2492 conversationem,

548 2507 615 2547 ac
640 2494 804 2550 vitam
829 2497 1022 2554 virtute
1050 2500 1326 2569 praeditam
1363 2505 1699 2565 eollauduri?
1729 2510 1819 2568 Vis
1863 2517 2142 2573 ostendam

546 2583 643 2637 tibi
669 2595 725 2639 et
750 2585 969 2645 Petrqu
999 2589 1171 2659 ipsum
1192 2635 1209 2660 ,
1240 2592 1382 2653 hunc
1410 2599 1703 2669 principem
1734 2608 2097 2675 apostolorum
2122 2652 2139 2677 ,

542 2673 638 2743 qui
664 2686 718 2730 et
742 2677 999 2735 eximiam
1023 2686 1485 2743 conversationem
1504 2705 1620 2759 prie
1640 2707 1703 2748 se
1726 2673 1843 2751 tulit
1861 2738 1876 2762 ,
1900 2707 1953 2754 et
1981 2673 2143 2757 mira;-

540 2766 662 2821 cula
706 2768 876 2827 edidit
914 2788 1034 2841 quae
1076 2786 1320 2837 naturam
1365 2779 1653 2840 humanam
1683 2788 2055 2860 excedebant,
2084 2802 2143 2849 et

548 2865 772 2929 utraque
810 2860 951 2917 inter
981 2877 1041 2919 se
1064 2877 1374 2936 comparata
1402 2911 1419 2937 ,
1445 2882 1500 2926 et
1537 2873 1851 2932 miraculum
1870 2920 1886 2945 ,
1908 2890 1963 2936 et
2006 2897 2140 2938 coti—

550 2952 902 3008 versstionem
926 2993 942 3021 ,
970 2965 1131 3027 atoue
1168 2958 1318 3017 illum
1358 2965 1534 3032 potius
1574 2967 1645 3023 ob
1687 2970 1810 3026 vitae
1855 2987 2137 3033 conversa-

546 3039 746 3095 tionem
803 3058 962 3110 quam
1003 3047 1073 3102 ob
1108 3048 1256 3120 signa
1305 3051 1471 3113 fuisse
1521 3056 1726 3116 honore
1757 3065 2140 3124 cumulatum?

542 3128 699 3188 illanc
731 3131 1009 3192 historiam
1051 3141 1175 3196 audi
1203 3158 1217 3195 :
1246 3142 1426 3201 Petrus
1451 3158 1504 3203 et
1536 3148 1764 3210 Joannes
1802 3159 2138 3220 asceitdebunt

542 3224 600 3276 in
640 3225 883 3295 templum
925 3229 994 3285 ad
1019 3229 1198 3286 horam
1226 3236 1471 3293 orationis
1492 3256 1681 3297 rwuam
1707 3244 1841 3312 (Act.
1871 3248 1925 3303 5.
1958 3250 2034 3321 Ι).
2059 3252 2136 3311 Ne

541 3314 834 3372 oscitanter
864 3318 1001 3376 hanc
1030 3326 1391 3382 narrationem
1416 3340 1725 3404 praetereas,
1756 3339 1851 3397 sed
1880 3338 1934 3399 in
1960 3358 2137 3412 prome

543 3407 655 3461 ntio
694 3412 873 3466 statim
903 3414 1151 3481 insistas,
1182 3428 1238 3474 et
1259 3432 1455 3491 quanta
1486 3427 1682 3484 caritas
1711 3443 1882 3498 esset,
1915 3407 2130 3505 discus,

538 3513 736 3568 quanta
772 3508 1055 3563 concordia
1081 3550 1096 3574 ,
1123 3524 1456 3587 quantusque
1480 3534 1800 3591 consensus,
1829 3536 1886 3591 et
1909 3545 2011 3600 qua
2042 3547 2133 3587 ra,

539 3591 682 3646 tione
703 3605 894 3650 cuin-ta
926 3598 1013 3653 isti
1033 3601 1133 3655 sibi
1157 3603 1382 3662 invicem
1408 3615 1896 3686 comniunicabaut,
1920 3630 1975 3679 et
1991 3623 2130 3682 anti—

537 3685 678 3741 citi-.u
702 3690 992 3747 secundum
1026 3693 1195 3752 lteum
1223 3697 1437 3756 vinculo
1464 3704 1695 3777 colligati
1734 3723 1922 3770 cuneta
1964 3714 2128 3773 faeie-

530 3775 688 3844 bant,
717 3788 770 3833 et
796 3780 847 3833 in
878 3798 1083 3852 mensa,
1106 3796 1162 3845 et
1191 3789 1242 3845 in
1266 3792 1533 3862 oratione,
1646 3800 1697 3853 in
1725 3800 1959 3873 incessu,
1990 3816 2047 3864 et
2070 3808 2127 3867 ita

533 3867 753 3937 reliquis
790 3874 1039 3930 omnibus
1073 3877 1242 3946 juncti
1281 3886 1629 3952 apparebant.
1667 3890 1821 3960 Quod
1856 3895 1909 3950 si
1937 3867 2012 3953 illi
2036 3900 2126 3969 qui

532 3958 797 4015 columna:
824 3977 888 4018 ac
919 3973 1091 4041 turres
1116 3979 1289 4038 erant,
1321 3977 1412 4043 qui
1441 3980 1660 4034 multum
1692 3958 1835 4051 apud
1871 3985 2036 4042 Deum
2054 3958 2127 4042 uii-

530 4050 740 4109 dueiatn
772 4052 1061 4125 habebant,
1093 4070 1276 4116 mutuo
1302 4064 1610 4136 indigebant
1635 4050 1840 4133 auxilio
1863 4115 1879 4143 ,
1909 4085 2127 4135 mutuo-

529 4159 636 4209 que
668 4145 909 4201 subsidio
936 4152 1354 4223 corrigehantur,
1382 4171 1587 4229 quanto
1615 4166 1785 4235 inagis
1814 4184 1915 4225 nos
1954 4170 2124 4228 imbe-

527 4236 676 4301 cilles
724 4254 791 4303 ac
836 4242 1052 4310 miseri,
1095 4249 1397 4322 rutiliustu
1442 4258 1601 4326 pretii
1644 4260 1896 4322 homines
1930 4281 2121 4328 mutuo

521 4330 721 4385 auxilio
741 4331 1075 4405 indigemus?
1096 4338 1282 4398 Frater
1298 4347 1433 4405 cuitu
1463 4351 1550 4419 qui
1576 4353 1851 4424 adjuvetur
1880 4376 1913 4414 a
1936 4363 2117 4432 fratre,

521 4425 666 4487 quasi
690 4424 864 4485 civitas
887 4428 1038 4495 ﬁrma
1060 4432 1240 4505 (Prov.
1267 4437 1353 4495 18.
1377 4439 1463 4511 19)
1484 4453 1571 4499 :et
1594 4460 1818 4504 rursus:
1843 4424 1977 4509 Ecce
1995 4424 2118 4525 quid

520 4514 727 4579 bonum,
752 4527 802 4571 rt
824 4521 950 4588 quid
976 4524 1270 4596 pulchrum,
1301 4531 1395 4587 nisi
1422 4534 1650 4595 habitare
1672 4539 1855 4609 fratres
1881 4544 1936 4601 in
1960 4514 2117 4604 unum

520 4602 695 4698 (Ριξξι.
726 4609 849 4698 152.
878 4611 975 4684 t)?
1000 4616 1186 4679 Petrus
1214 4631 1270 4680 et
1293 4622 1526 4683 Joannes
1561 4602 1714 4686 erant
1732 4674 1746 4698 ,
1768 4645 1825 4691 et
1846 4635 2029 4693 Jesum
2058 4602 2113 4696 in

520 4694 698 4751 medio
738 4697 1008 4758 habebant
1032 4706 1172 4767 τι]ὺί
1204 4712 1341 4777 enim
1377 4716 1567 4784 fuerint
1606 4721 1710 4776 duo
1735 4694 1824 4783 uel
1860 4736 1959 4783 tres
1984 4748 2115 4789 conv

505 5625 847 5711 sanctorum,
885 5627 1099 5683 sublata
1133 5640 1219 5689 est
1262 5635 1353 5697 uni
1396 5636 1613 5701 addicta
1660 5642 1783 5703 loco
1829 5647 2092 5711 adoratis.

423 5766 429 5772 .
508 5700 713 5761 Clamat
750 5708 943 5773 Paulus
964 5760 979 5784 ,
1007 5734 1073 5776 ac
1113 5722 1247 5779 dicit
1272 5742 1285 5779 :
1310 5726 1377 5782 In
1410 5733 1549 5801 omni
1586 5734 1698 5790 loco
1726 5754 1879 5807 puras
1916 5759 2097 5807 manus

508 5791 660 5845 ιωειερ
687 5797 732 5864 (t
800 5803 929 5860 't‘im.
958 5809 1011 5864 Ξ.
1045 5812 1121 5882 8).
1151 5814 1258 5871 Cur
1285 5819 1440 5890 igitur
1475 5798 1561 5886 isti
1595 5791 1814 5889 currunt
1841 5835 1907 5891 ad
1952 5846 2087 5893 tern-

2227 621 2236 632 ‘
2269 618 2434 676 voluti
2463 623 2628 678 sunt?
2655 624 2838 682 Absit!
2857 627 2959 711 sed
2980 628 3420 691 imbecillioribus
3447 646 3568 691 sese
3592 644 3833 711 attempe-

2265 720 2408 777 rant,
2438 712 2675 785 illudque
2700 707 2861 773 Pauli
2877 718 3075 775 dictum
3102 720 3343 793 implent,
3371 724 3514 796 quod
3536 725 3643 784 ait:
3665 707 3833 788 Fartus

2262 819 2374 858 sum
2397 804 2597 863 Judteis
2623 818 2879 884 tamquam
2897 811 3110 869 Juda’us
3143 816 3217 889 (l.
3241 816 3361 874 Cor.
3388 819 3444 875 9.
3472 818 3587 890 20).
3615 821 3829 880 Imbecil-

2265 894 2405 952 libus
2424 913 2484 955 se
2507 909 2886 973 attemperant,
2911 923 2979 963 ne
2999 907 3071 963 illi
3100 919 3352 965 maneant
3379 911 3683 971 imbecilles.
3711 916 3832 971 Alio-

2262 988 2388 1059 quin
2415 1000 2592 1048 autem
2618 993 2727 1051 illic
2750 1011 2961 1067 quoque
2982 1007 3092 1055 tota
3111 1000 3298 1056 civitas
3323 1005 3750 1077 coitgregabatur.
3772 1006 3832 1065 lit

2263 1080 2421 1152 igitur
2437 1084 2622 1154 optimi
2645 1087 2937 1157 piscatores
2964 1104 3059 1147 eos
3075 1091 3223 1147 sinus
3247 1092 3301 1149 in
3321 1093 3627 1152 ﬂuminibus
3645 1106 3833 1154 sectan-

2263 1179 2382 1236 tur,
2412 1174 2502 1229 ubi
2529 1176 2703 1246 pisces
2731 1193 2921 1236 omnes
2948 1184 3273 1241 conveniunt
3300 1228 3317 1255 ,
3351 1196 3410 1242 ut
3438 1186 3639 1243 facilius
3671 1189 3831 1259 prada

2260 1265 2533 1335 potiantur
2564 1284 2578 1321 :
2611 1269 2685 1326 ita
2729 1273 2983 1330 nimirum
3023 1285 3078 1331 et
3120 1277 3209 1333 isti
3248 1279 3522 1350 apostoli,
3553 1279 3829 1352 spirituales

2259 1358 2581 1429 piscatores,
2605 1362 2674 1419 ad
2710 1364 2862 1420 illum
2905 1366 3080 1423 sinum
3122 1369 3445 1429 festinabant
3468 1413 3485 1442 ,
3508 1373 3562 1427 in
3598 1388 3699 1445 quo
3733 1380 3829 1429 tota

2258 1452 2445 1510 civitas
2491 1456 2878 1527 conveniebat,
2911 1470 2968 1517 ut
3006 1461 3114 1517 illic
3157 1479 3398 1535 expanso
3444 1465 3697 1537 evangelii
3738 1467 3827 1521 reti

2257 1542 2412 1602 facile
2436 1547 2614 1616 prmda
2640 1550 2956 1620 potirentur.
2987 1552 3099 1609 Hoc
3121 1568 3302 1612 autem
3322 1570 3447 1612 cum
3474 1567 3706 1628 agerent,
3725 1572 3827 1611 ma-

2255 1637 2481 1713 gistrum
2504 1638 2869 1698 imitabantur.
2892 1642 3023 1698 Nam
3047 1645 3122 1700 ait
3141 1645 3391 1702 Christus
3414 1663 3430 1702 :
3456 1646 3684 1715 Quotidie
3703 1646 3827 1715 apud

2255 1744 2341 1784 vos
2353 1746 2492 1787 erant
2503 1731 2557 1786 in
2571 1733 2756 1804 templo
2776 1734 2965 1806 (Matth
2974 1777 2986 1789 .
3006 1735 3097 1793 26.
3116 1737 3237 1807 55)?
3250 1737 3432 1807 Quare
3454 1739 3509 1794 in
3535 1738 3723 1809 templo
3734 1736 3824 1794 iUt

2254 1819 2344 1893 qui
2362 1819 2416 1876 in
2442 1822 2641 1893 templo
2661 1824 3021 1892 versabantur,
3038 1837 3272 1900 caperet.
3292 1827 3369 1885 Ita
3389 1843 3598 1900 quoque
3612 1827 3694 1884 isti
3709 1837 3826 1882 tam-

2253 1929 2414 1984 quam
2454 1915 2659 1972 oraturi
2687 1916 2902 1988 quidem
2933 1921 3260 1993 pergebant,
3290 1920 3387 1978 sed
3421 1921 3707 1978 doctrinam
3732 1919 3824 1976 illic

2253 2016 2407 2065 crant
2423 2010 2682 2078 sparsuri.
2699 2007 2764 2066 In
2788 2012 3049 2085 templum,
3068 2023 3378 2083 utorarent,
3394 2014 3531 2070 circa
3543 2013 3711 2069 harant
3723 2028 3824 2066 ors-

2252 2099 2402 2159 tionis
2419 2117 2630 2157 nonam.
2654 2101 2839 2177 Neque
2868 2104 3035 2177 ipsam
3059 2106 3245 2162 horam
3261 2107 3382 2165 sine
3408 2121 3568 2164 causa
3592 2105 3822 2186 observa-

2253 2200 2402 2248 runt.
2444 2192 2601 2266 Saepe
2624 2210 2858 2268 namque
2894 2196 2964 2253 de
2988 2196 3090 2255 hac
3127 2198 3259 2256 hora
3287 2198 3401 2256 dixi
3430 2199 3618 2267 vobis,
3645 2197 3696 2254 in
3724 2197 3822 2269 ipsa

2252 2285 2557 2355 paradisum
2587 2286 2752 2345 fuisse
2777 2298 3096 2357 reseratum,
3127 2300 3182 2347 et
3209 2290 3478 2350 latronem
3509 2292 3817 2364 ingressum:

2249 2375 2303 2430 in
2349 2378 2462 2445 ipsa
2498 2379 2764 2435 sublatum
2790 2390 2875 2436 est
2906 2382 3252 2440 maledictum
3281 2424 3300 2452 ,
3327 2385 3383 2441 in
3414 2384 3529 2456 ipsa
3579 2394 3818 2441 terrarqu

2247 2467 2394 2522 orbis
2416 2469 2627 2526 victima
2656 2479 2740 2527 est
2773 2471 2987 2528 oblata:
3011 2473 3064 2530 in
3090 2474 3203 2545 ipsa
3228 2474 3508 2548 dissipata:
3549 2485 3669 2531 sunt
3689 2484 3821 2531 tene-

2248 2555 2380 2625 brar,
2409 2559 2461 2614 in
2489 2559 2601 2632 ipsa
2628 2562 2720 2618 lux
2745 2563 2944 2619 aﬂulsit
2970 2581 3093 2622 cum
3123 2567 3420 2637 sensibilis,
3451 2577 3566 2624 tum
3591 2567 3819 2639 spiritua-

2247 2647 2333 2702 lis.
2357 2648 2505 2704 Circa
2527 2651 2707 2707 horam
2729 2669 2935 2708 nonam.
2958 2655 3185 2723 Quando
3199 2659 3385 2714 caeteri
3411 2667 3532 2731 post
3557 2656 3813 2729 prandium

2245 2746 2301 2795 et
2341 2739 2653 2798 ebrietatem
2697 2744 2808 2799 alto
2847 2747 3009 2816 sopiti
3048 2763 3241 2804 somno
3285 2748 3597 2817 dormiunt,
3624 2758 3725 2804 tum
3749 2746 3816 2802 illi

2243 2831 2409 2886 sobrii
2450 2841 2610 2904 atque
2642 2835 2942 2906 vigilantes,
2964 2854 3028 2893 ac
3056 2838 3228 2895 multo
3253 2855 3443 2897 amore
3466 2839 3697 2897 succensi
3717 2880 3731 2905 ,
3754 2835 3814 2894 ad

2242 2925 2537 2983 orationem
2590 2929 2962 3000 properabant.
2992 2931 3142 3001 Quod
3186 2933 3231 2988 si
3274 2937 3519 2991 oratione
3569 2933 3642 2988 illi
3688 2931 3810 2988 indi-

2238 3017 2436 3087 gebant
2461 3060 2480 3087 ,
2508 3022 2751 3078 oratione
2777 3031 2886 3079 tam
2930 3024 3176 3094 assidua,
3199 3035 3309 3082 tam
3348 3026 3668 3098 exacta,qui
3706 3036 3812 3080 tan»

2242 3117 2348 3164 tam
2376 3109 2619 3171 ﬁduciam
2647 3111 2937 3185 habebant,
2959 3117 3048 3187 qui
3071 3118 3269 3173 nullius
3294 3119 3399 3175 sibi
3422 3118 3657 3176 criminis
3676 3126 3810 3174 erant

2240 3200 2440 3261 conscii
2461 3243 2476 3268 ,
2508 3202 2634 3274 quid
2663 3219 2763 3261 nos
2793 3204 3084 3276 faciemus,
3115 3208 3207 3279 qui
3238 3209 3546 3265 vulneribus
3570 3217 3809 3265 scatemus

2242 3290 2537 3349 innumeris
2559 3334 2575 3361 ,
2604 3311 2705 3352 nec
2729 3296 2832 3352 illis
2856 3299 3115 3355 orationis
3157 3301 3457 3358 remedium
3484 3299 3807 3358 adhibemus?

2240 3380 2431 3453 Ingens
2473 3384 2637 3443 telum
2684 3396 2768 3442 est
2804 3389 2995 3444 oratio.
3030 3389 3123 3446 Vis
3164 3407 3327 3449 nosse
3351 3408 3509 3464 quam
3552 3393 3725 3464 ingens
3748 3389 3806 3445 sit

2240 3474 2406 3529 telum
2430 3476 2636 3531 oratio?
2657 3477 2854 3534 Curam
2886 3495 3178 3551 pauperum
3212 3484 3531 3540 omittebant
3567 3481 3802 3554 apoleIit

2238 3574 2297 3620 ut
2339 3566 2458 3637 plus
2502 3567 2606 3624 illis
2649 3571 2745 3625 otii
2787 3570 2853 3627 ad
2883 3573 3178 3629 vacandum
3228 3578 3466 3633 orationi
3503 3581 3802 3647 suppeteret.

2235 3657 2534 3716 Constituite
2558 3678 2790 3737 namque,
2811 3665 3001 3735 inquit,
3017 3682 3082 3721 ea:
3107 3667 3245 3723 vobis
3264 3669 3400 3725 uiros
3424 3669 3540 3724 boni
3563 3664 3804 3722 testimonii

2232 3763 2419 3821 septem
2447 3768 2467 3807 :
2492 3771 2584 3809 nos
2608 3771 2723 3809 vero
2760 3758 2978 3813 orationi
3017 3768 3065 3813 et
3106 3760 3389 3817 ministerio
3422 3759 3553 3818 verbi
3586 3761 3802 3814 instantes

2231 3843 2418 3897 erimus
2440 3843 2575 3916 (Act.
2600 3844 2653 3900 6.
2679 3846 2759 3916 5).

2302 3934 2357 3990 5.
2386 3934 2494 3991 Sed
2522 3935 2667 4007 quod
2693 3937 2935 3994 dicebam
2976 3940 3104 4012 (non
3131 3942 3274 3998 enim
3307 3941 3701 4015 digredientium
3725 3943 3799 3992 est

2229 4026 2298 4082 ab
2321 4037 2637 4098 argumento
2661 4032 2925 4087 sermonis
2948 4073 2963 4094 ,
2990 4041 3048 4087 ut
3066 4043 3275 4088 conStet
3292 4076 3309 4101 ,
3340 4036 3555 4091 Petrum
3574 4042 3622 4088 et
3643 4029 3796 4115 actio,-

2228 4131 2350 4172 nem
2367 4116 2694 4185 exhibuisse,
2716 4130 2770 4176 et
2789 4121 3104 4183 miraculum
3122 4123 3378 4191 edidisse,
3400 4135 3455 4182 et
3468 4125 3537 4180 ob
3555 4122 3795 4180 actionem

2226 4209 2403 4279 potius
2429 4224 2550 4266 esse
2578 4209 2911 4283 laudatum),
2941 4214 3183 4271 ascendit
3203 4230 3333 4291 ergo
3364 4217 3418 4272 in
3447 4213 3715 4286 templum,
3744 4217 3794 4262 ιιι

2226 4310 2444 4357 oraret:
2472 4314 2527 4358 et
2563 4318 2691 4360 ecce
2725 4304 2947 4361 claudus
2973 4321 3037 4362 ex
3066 4315 3222 4363 utero
3260 4309 3450 4365 matris
3472 4323 3582 4364 sure
3611 4301 3793 4373 baiula-

2226 4390 2382 4447 batur
2409 4393 2515 4449 illic
2540 4394 2606 4449 ad
2639 4404 2843 4466 portam
2873 4397 3057 4467 templi
3088 4397 3225 4468 (Art.
3255 4398 3308 4453 5.
3340 4398 3424 4471 2).
3452 4399 3534 4454 Ab
3562 4397 3669 4467 ipso
3693 4405 3792 4447 ma-

2226 4484 2322 4539 tris
2363 4493 2515 4541 utero
2556 4495 2742 4541 natura
2786 4488 3025 4543 mutilata
3065 4498 3296 4559 erat,et
3317 4501 3491 4555 artem
3536 4486 3787 4545 medicinas

2222 4576 2468 4632 vincebat
2492 4578 2772 4650 aegritudo,
2797 4590 2854 4635 ut
2879 4581 2973 4637 Dei
2999 4583 3170 4653 gratia
3199 4585 3368 4655 magis
3392 4590 3682 4656 appareret.
3703 4576 3786 4633 llic

2219 4686 2348 4741 ergo
2372 4671 2595 4727 claudus
2620 4673 2686 4729 ad
2720 4683 2927 4743 portam
2954 4676 3134 4746 templi
3156 4676 3390 4747 jacebat,
3418 4686 3613 4734 etcum
3638 4672 3785 4728 intro-

2216 4771 2406 4818 euntes
2451 4762 2571 4820 illos
2616 4764 2874 4833 vidisset,
2924 4766 3237 4824 intendebat
3283 4770 3338 4825 in
3384 4785 3511 4837 eos,
3559 4773 3783 4838 quiet-eus

2215 4853 2614 4925 cleemosynam
2651 4855 2721 4911 ab
2763 4856 2894 4926 ipsis
2928 4857 3193 4930 accipere.
3223 4859 3363 4928 Quid
3390 4860 3547 4931 igitur
3571 4849 3782 4912 Petrus?

2048 4915 2061 4971 ί
2083 4918 2108 4972 ἳ
2215 4943 2428 5013 Respice
2444 4915 2497 5000 in
2521 4962 2613 5001 nos
2637 4915 2854 5018 (Actis.
2870 4947 2948 5021 ιι),
2976 4915 3166 5021 inquit.
3190 4915 3272 5008 Εἰ
3291 4915 3506 5023 aspectu
3529 4949 3642 5006 solo
3664 4958 3783 5001 con-

2212 5042 2360 5092 stare
2404 5045 2581 5107 potest
2606 5053 2765 5110 qnam
2794 5054 3000 5112 pauper
3022 5042 3091 5097 sit
3119 5058 3134 5096 :
3163 5057 3269 5098 non
3299 5043 3477 5100 verbis
3503 5053 3634 5113 opus
3671 5043 3783 5099 εει,

2215 5142 2321 5182 non
2351 5128 2833 5199 demonstratione,
2861 5148 2961 5189 nec
2989 5136 3357 5206 responsione,
3390 5151 3489 5192 nec
3514 5130 3737 5190 doctrina
3763 5138 3778 5177 ε

2072 5223 2101 5241 '
2213 5220 2440 5275 vestitus
2470 5221 2585 5290 ipse
2622 5223 2717 5277 tibi
2756 5239 3044 5297 pauperem
3080 5226 3298 5283 indicat.
3328 5228 3441 5285 Hoc
3476 5239 3602 5296 ergo
3628 5229 3776 5278 totum

2011 5286 2096 5343 in"
2209 5324 2347 5380 opus
2371 5324 2421 5368 et
2456 5286 2601 5369 recte
2641 5286 2837 5371 factum
2863 5286 2947 5372 est
2973 5319 3299 5388 apostolatus
3318 5363 3332 5387 ,
3363 5330 3420 5376 ut
3448 5314 3641 5375 haecad
3662 5322 3777 5384 pall-

2210 5419 2390 5473 perem
2422 5403 2589 5471 dicas,
2618 5416 2678 5461 ut
2703 5408 2998 5465 remedium
3029 5426 3134 5466 non
3167 5420 3368 5468 tantum
3392 5409 3637 5467 adhibeas
3661 5414 3776 5473 θεεο

2209 5495 2362 5558 stati,
2388 5506 2445 5551 ut
2487 5495 2669 5565 dicas,
2700 5497 2931 5568 Maiores
2969 5500 3183 5557 divitias
3229 5503 3451 5561 videbis.
3479 5501 3771 5572 Argentum.

2208 5586 2417 5658 inquit,
2443 5598 2494 5644 et
2534 5606 2716 5645 aurum
2748 5609 2850 5648 non
2891 5593 3048 5649 habeo
3069 5598 3247 5667 :quod
3278 5608 3448 5654 autem
3489 5592 3668 5656 Ιωιοον
3689 5588 3771 5641 ¹⁸⁰⁶

2207 5678 2296 5731 tibi
2321 5677 2389 5733 do
2416 5694 2437 5733 .'
2468 5680 2522 5734 in
2549 5682 2753 5738 nomine
2777 5681 2905 5738 Jssu
2926 5684 3120 5741 Christi
3146 5704 3317 5760 surge,
3344 5700 3394 5745 et
3420 5683 3618 5741 ambula
3642 5677 3765 5749 (.46!-

2205 5769 2261 5825 3.
2284 5771 2362 5841 6).
2388 5770 2552 5827 Vides
2568 5782 2868 5843 egestatem
2894 5784 2952 5830 et
2973 5777 3221 5837 divitias?
3247 5789 3537 5853 egestatem
3572 5768 3766 5845 quidam

2207 5859 2553 5928 pecuniarum
2574 5900 2594 5929 ,
2621 5862 2717 5921 sed
2747 5860 2960 5919 divitias
2985 5859 3366 5921 charismatum
3403 5880 3465 5923 ac
3501 5863 3760 5921 donorum.
