4106 6432
626 339 696 397 85
1339 346 1401 400 S.
1436 346 1723 400 JOANNIS
1756 344 2245 400 CIIBYSUSTOMI
2287 347 2612 403 ARCIIIEP.
2652 350 3200 414 CONSTANTINOP.
3796 363 3859 423 ιδ

623 471 756 521 των,
790 452 1022 508 πλοῦτον
1040 452 1098 507 δὲ
1129 452 1500 525 χαρισμάτων.
1526 450 1641 504 Ούκ
1663 449 1821 506 ἔλυσε
1846 452 2038 510 πενίαν
2067 471 2202 527 χρη-

629 538 834 611 μάτων,
860 537 997 592 ἀλλὰ
1023 536 1297 606 διώρθωσε
1327 535 1518 588 πενίαν
1544 534 1780 605 φύσεως.

700 624 841 692 Ὅρα
867 621 966 693 τὴν
1009 620 1307 674 ἐπιείκειαν
1340 619 1549 690 Πέτρου
1568 633 1584 649 ⁶
1624 619 1872 690 Βλέψον
1903 624 1993 689 είς
2023 620 2205 691 ἡμᾶς.

628 706 739 776 Οὐχ
773 704 1012 777 ὕϐρισεν,
1038 704 1139 757 οὐκ
1170 702 1569 773 ὲλοιδορήσατο,
1599 702 1629 755 δ
1656 703 1918 769 πολλάκις
1944 702 2206 775 ποιοῦμεν

630 786 791 855 ἡμεῖς
856 783 992 855 πρὸς
1059 783 1189 846 τοὺς
1256 781 1684 854 ἐντυγχάνοντας
1762 783 1917 855 ἡμῖν,
1976 783 2207 849 εὐθύνας

628 866 987 936 ἐγκαλοῦντες
1061 867 1286 933 αὐτοῖς,
1357 866 1440 921 ὅτι
1526 867 1869 922 καθεύδουσι.
1936 868 2029 940 Μὴ
2096 866 2207 941 γὰρ

624 950 784 1004 τοῦτο
857 948 1156 1020 ὲπετάγης,
1214 949 1504 1022 άνθρωπες
1564 952 1680 1006 Οὐκ
1780 948 2030 1005 ἑκέλευσέ
2124 969 2207 1007 σοι

626 1034 829 1105 ἀργίαν
882 1033 1171 1102 ἐγκαλεῖν,
1228 1032 1366 1089 ἀλλά
1427 1034 1620 1089 πενίαν
1664 1035 2047 1107 διορθοῦσθαι*
2107 1037 2209 1091 οὐκ

618 1116 853 1186 ἐποίησέ
899 1133 959 1170 σε
1008 1117 1318 1188 κατήγορον
1365 1115 1585 1183 κακίας,
1636 1119 1773 1175 ἀλλὰ
1830 1119 2014 1191 ἰατρὸν
2074 1137 2208 1174 κατ-

624 1196 821 1267 έστησε
840 1198 1144 1268 συμφοράς’
1169 1197 1270 1269 οὐχ
1297 1196 1388 1252 ἵνα
1412 1197 1679 1273 ὁνειδίζῃς
1699 1200 1950 1265 νωθείαν,
1979 1201 2094 1255 ἀλλ’
2120 1202 2208 1254 ῖνα

623 1279 782 1347 χεῖρα
801 1275 1003 1348 όρέγῃς
1029 1278 1144 1340 τοῖς
1164 1276 1439 1348 κειμένοις
1454 1293 1471 1309 ⁸
1494 1277 1594 1349 οὐχ
1620 1278 1709 1332 ἵνα
1723 1279 1957 1351 κακίζῃς
1981 1280 2204 1352 τρόπον,

623 1361 739 1414 ἀλλ’
770 1361 857 1415 ἵνα
895 1360 1065 1434 λύσῃς
1112 1359 1295 1432 λιμόν.
1335 1361 1527 1433 Ἡμεῖς
1563 1363 1621 1417 δὲ
1660 1363 1975 1419 τούναντίον
2016 1364 2206 1418 ποιοῦ-

628 1461 758 1517 μεν·
788 1444 1019 1514 ἀφέντες
1058 1444 1566 1517 παραμυθήσασθαι
1601 1447 1732 1511 τοὺς
1780 1448 2107 1520 προσιόντας
2135 1450 2202 1520 τῇ

621 1527 767 1581 δόσει
793 1526 901 1581 τῶν
930 1528 1249 1599 χρημάτων,
1278 1528 1374 1581 καὶ
1404 1530 1901 1603 προσεπιτρίϐομεν
1936 1531 2117 1585 αὐτῶν
2136 1531 2207 1585 τά

625 1610 920 1682 τραύματα
955 1615 1079 1675 ταῖς
1118 1609 1227 1665 τῶν
1258 1612 1623 1683 ἐγκλημάτων
1659 1615 1999 1685 ἐπαγωγαῖς.
2045 1615 2207 1670 Ἀλλά

625 1693 722 1746 καὶ
749 1694 1102 1761 ἀπολογεῖται
1125 1692 1201 1765 τῷ
1230 1694 1448 1766 πένητι,
1467 1694 1565 1749 καὶ⁵
1602 1698 1723 1766 μετ’
1753 1698 2056 1763 ἐπιεικείας
2088 1699 2206 1752 δια-

623 1776 873 1845 λέγεται*
902 1777 1128 1831 Κλῖνον
1145 1776 1276 1851 γὰρ,
1302 1778 1458 1850 φησὶ,
1486 1777 1701 1848 πτωχῷ
1725 1781 1975 1849 ἀλύπως
2003 1783 2067 1837 τὸ
2096 1777 2206 1850 οῦς

621 1876 762 1924 σου,
791 1861 888 1915 καί
925 1858 1275 1931 ἀποκρίθητι
1309 1860 1470 1928 αὐτῷ
1505 1863 1577 1917 ἐν
1596 1865 1882 1933 πραότητι
1911 1867 2200 1936 εἰρηνικά.

637 1946 933 2014 Ἀργύριον
968 1945 1067 1999 καὶ
1098 1947 1357 2015 χρυσίον
1387 1948 1500 2002 οὑκ
1530 1950 1669 2018 ἔχω’
1700 1949 1733 2003 ὃ
1764 1949 1833 2003 δέ
1857 1952 1997 2019 ἔχω,
2029 1951 2207 2006 τοῦτό

622 2044 724 2081 σοι
755 2027 993 2096 δίδωμν
1019 2027 1091 2082 ἐν
1128 2027 1210 2095 τῷ
1238 2030 1483 2099 ὀνόματι
1516 2031 1712 2099 Ἰησοῦ
1756 2034 2017 2102 Χριστοῦ
2054 2034 2205 2105 ἔγει-

614 2127 741 2177 ραι,
769 2110 866 2163 καὶ
898 2110 1226 2178 περιπάτει.
1255 2113 1362 2166 Δύο
1393 2113 1630 2170 ἐνταῦθά
1665 2117 1801 2183 ἐστι,
1826 2115 2071 2172 πολιτεία
2106 2116 2203 2172 καὶ

622 2190 828 2263 θαῦμα.
880 2192 1155 2258 Πολιτεία,
1191 2195 1272 2255 τὸ,
1315 2196 1614 2266 Ἀργύριον
1652 2199 1753 2253 καὶ
1799 2200 2059 2268 χρυσίον
2088 2202 2203 2271 οὑχ

616 2274 874 2345 ὑπάρχει
920 2292 1059 2346 μοι’
1107 2276 1383 2342 πολιτείας
1437 2279 1549 2351 γάρ
1582 2281 1643 2335 τὸ
1679 2286 2047 2357 καταφρονεῖν
2091 2284 2201 2339 τῶν

615 2359 821 2429 γηΐνων
847 2359 1208 2432 πραγμάτων,
1230 2361 1289 2414 τὺ
1307 2361 1460 2434 ῥῖψαι
1488 2365 1557 2417 τά
1575 2364 1912 2438 ὑπάρχοντα,
1948 2368 2008 2422 τὸ
2037 2368 2205 2440 ὕπερ-

615 2441 746 2495 ιδεῖν
775 2441 876 2512 τῆς
904 2442 1191 2515 παρούσης
1232 2445 1626 2517 ματαιότητος’
1661 2448 1847 2520 θαῦμα
1885 2450 1944 2504 δὲ
1987 2450 2049 2504 τὸ
2083 2449 2201 2525 [69]

613 2526 823 2608 ἐγεῖραι
852 2525 944 2579 τὸν
964 2525 1157 2595 χωλὸν,
1186 2527 1248 2580 τὸ
1273 2527 1565 2600 διορθῶσαι
1591 2530 1660 2584 τὰ
1684 2532 1819 2604 μέλη
1844 2533 1912 2587 τὰ
1938 2551 2203 2608 πεπηρω-

616 2607 773 2690 μένα.
822 2607 949 2661 Ἰδοὺ
980 2608 1159 2662 τοίνυν
1190 2610 1282 2663 καὶ
1322 2609 1565 2665 πολιτεία
1603 2614 1698 2667 καὶ
1730 2614 1937 2687 θαῦμα.
1970 2607 2202 2690 Ἴδωίμεν

609 2686 705 2743 οῦν
733 2689 897 2744 πόθεν
918 2691 948 2744 ὁ
971 2691 1179 2762 Πέτρος
1210 2695 1503 2765 καυχᾶται.
1527 2696 1593 2749 Τί
1622 2692 1810 2763 εἷπενς
1843 2686 1965 2754 Ὅτι
1987 2686 2201 2773 θαύμα-

608 2790 680 2826 τα
730 2774 984 2845 ἐποίησε;
1028 2772 1205 2829 καίτοι
1248 2776 1507 2847 θαύματα
1548 2774 1617 2850 ἦν
1661 2782 1982 2852 πεποιηκὼς
2039 2772 2197 2838 τότεο

610 2857 727 2911 ἀλλ’
758 2856 861 2940 ούκ
914 2853 1036 2910 εἶπε
1079 2858 1239 2911 τοῦτο
1260 2877 1273 2891 ·
1319 2860 1457 2915 ἀλλά
1485 2860 1576 2928 τί;
1627 2862 1758 2916 Ἰδοὺ
1794 2866 1957 2936 ήμείς
1979 2868 2201 2940 ἀφήκα-

614 2956 715 3010 μεν
741 2939 941 3004 πάντα,
984 2941 1079 2994 καὶ
1121 2941 1572 3014 ἠκολουθήσαμέν
1600 2961 1704 3001 σοι.
1729 2942 1884 3011 Εἶδες
1911 2947 2011 3018 τὴν
2042 2939 2197 3005 πολι-

609 3022 764 3075 τείαν
799 3021 989 3105 καὶ-τὸ
1014 3023 1221 3094 θαῦμα,
1253 3026 1345 3079 καὶ
1381 3027 1481 3098 τὴν
1523 3028 1800 3084 πολιτείαν
1827 3034 2197 3105 στεφανουμέ-

609 3120 742 3176 νην;
778 3106 843 3158 Τί
871 3102 965 3158 οῦν
993 3106 1021 3158 ὁ
1053 3108 1095 3158 Χ
1106 3107 1323 3178 ριστός;
1356 3109 1557 3163 Τοῦτον
1598 3112 1896 3179 ἀπεδέξατο
1936 3102 2030 3169 καὶ
2092 3102 2195 3171 έπ-

613 3186 797 3258 ῄνεσε.
827 3187 991 3258 Λέγω
1014 3187 1123 3259 γὰρ
1150 3189 1311 3259 ὑμῖν,
1337 3193 1521 3263 φησιν,
1543 3193 1633 3249 ὅτι
1657 3197 1825 3267 ὑμεῖς
1853 3201 1908 3253 οἱ
1940 3200 2195 3270 ἀφέντες

608 3281 823 3347 οἰκίας,
854 3281 949 3335 καὶ
994 3279 1064 3334 τὰ
1098 3281 1278 3337 λοιπά.
1328 3285 1441 3339 Οὐκ
1484 3280 1660 3354 εἶπεν,
1708 3291 1770 3343 Ol
1790 3292 2194 3364 ἀναστήσαντες

606 3373 857 3444 νεκροὺς,
900 3372 1016 3427 ἀλλ’
1059 3373 1248 3444 Ὑμεῖς
1297 3378 1352 3431 οἱ
1399 3378 1655 3448 ἀφέντες
1711 3383 1787 3437 τὰ
1842 3384 2193 3456 ὑπάρχοντα

607 3469 793 3537 ὑμῶν,
826 3469 1171 3536 καθήσεσθε
1194 3458 1293 3524 ἐπὶ
1323 3471 1556 3528 δώδεκα
1603 3474 1885 3543 θρόνουςο
1936 3480 2030 3532 καὶ
2081 3481 2191 3544 πᾶς

606 3562 754 3625 ὅστις
778 3561 957 3632 ἀφῆκε
985 3562 1055 3615 τὰ
1078 3563 1392 3635 ὑπάρχοντα
1418 3565 1571 3637 αύτῷ
1591 3567 1790 3632 πάντα,
1826 3570 2032 3643 ταύτης
2052 3572 2188 3627 ἀπο⁹

602 3651 861 3705 λαύσεται
896 3653 998 3722 τῆς
1038 3655 1224 3725 τιμῆς.
1261 3656 1336 3708 Οὐ
1381 3656 1611 3711 δύνασαι
1652 3659 1959 3732 ἀναστῆσαι
1986 3663 2183 3733 χωλὸν,

600 3743 854 3814 καθάπερ
875 3745 903 3797 ό
925 3745 1130 3816 Πέτρος
1149 3762 1163 3811 ;
1206 3746 1367 3802 Ἀλλά
1387 3747 1614 3804 δύνασαι
1638 3752 1830 3819 εἰπεῖν,
1855 3752 1932 3817 ὡς
1955 3756 2183 3820 ἐκεῖνος’

612 3835 910 3905 Ἀργύριον
970 3838 1069 3891 καί
1126 3841 1389 3909 χρυσίον
1437 3844 1553 3912 οὑχ
1609 3843 1864 3915 ὑπάρχει
1906 3864 2029 3917 μοι.
2061 3848 2183 3903 Κᾶν

595 3924 755 3980 τοῦτο
804 3928 986 3999 εἴπῃς,
1029 3929 1196 3997 ἐγγὺς
1246 3931 1433 4000 ἐγένου
1483 3932 1578 3987 τοῦ
1619 3935 1856 4006 Πέτρου·
1893 3937 2093 4007 μᾶλλον
2121 3940 2179 3993 δὲ

594 4017 718 4072 οὐδὲ
769 4015 834 4071 ἂν
856 4018 1039 4090 εἴπῃς.
1068 4021 1182 4073 ἀλλ’
1211 4021 1307 4075 ὲάν
1354 4025 1608 4098 ποιήσῃς.
1639 4028 1713 4080 Ού
1752 4026 1976 4081 δύνασαι
2007 4029 2179 4103 ξηρὰν

595 4106 887 4179 διορθῶσαι
930 4114 1115 4181 χεῖρα;
1161 4112 1321 4166 Ἀλλά
1360 4114 1587 4170 δύνασαι
1622 4117 1721 4188 τὴν
1756 4119 1985 4173 σεαυτοῦ
2020 4125 2179 4194 χεῖρα

598 4197 768 4269 ξηρὰν
794 4201 1089 4272 γινομένην
1122 4202 1226 4256 ὑπὸ
1255 4203 1655 4277 ἀπανθρωπίας
1685 4210 1909 4280 ποιῆσαι
1944 4212 2177 4284 ἐκταθῆ-

594 4305 684 4343 ναι
706 4288 796 4343 διά
822 4289 1253 4361 φιλανθρωπίας.
1279 4294 1376 4363 Μὴ
1410 4295 1566 4350 ἔστω
1593 4296 1724 4370 γὰρ,
1755 4300 1941 4372 φησὶν,
1971 4302 2011 4370 ἡ
2046 4304 2175 4373 χείρ

590 4398 711 4437 σου
741 4383 1101 4454 ἐκτεταμένη
1139 4389 1226 4454 εὶς
1258 4387 1326 4442 τὸ
1361 4389 1591 4455 λαϐεῖν,
1619 4391 1689 4445 ἐν
1712 4392 1782 4446 δὲ
1828 4393 1910 4460 τῷ
1943 4396 2174 4453 διδόναι

589 4475 1076 4546 συνεσταλμένη.
1115 4478 1278 4551 Ὁρᾷς
1305 4479 1388 4533 ὅτι
1420 4481 1520 4552 οὐχ
1548 4483 1581 4554 ἡ
1614 4482 1870 4556 ξηρότης,
1901 4487 2037 4543 ἀλλὰ
2080 4491 2174 4545 καὶ

589 4568 957 4638 ἀπανθρωπία
983 4570 1261 4625 συστέλλει
1289 4571 1389 4644 τὴν
1412 4575 1603 4646 χεῖρας
1642 4575 1925 4632 ⁹Έκτεινον
1953 4575 2047 4634 οῦν
2072 4580 2172 4634 αύ-

586 4660 687 4729 τὴν
708 4659 798 4712 διὰ
828 4661 1240 4732 φιλανθρωπίας
1285 4664 1382 4719 καὶ
1408 4665 1799 4738 ὲλεημοσύνης.
1832 4670 1908 4724 Ού
1940 4670 2170 4726 δύνασαι

586 4751 839 4805 ἐκϐαλεῖν
884 4752 1148 4826 δαίμονας
1183 4757 1324 4810 Ἀλλ’
1352 4758 1551 4812 ἔκϐαλε
1592 4761 1886 4834 ἁμαρτίαν,
1921 4765 2015 4819 καὶ
2050 4766 2170 4837 μεί-

587 4843 718 4909 ζονα
749 4843 897 4917 λήψῃ
933 4847 1144 4916 μισθόν.
1181 4845 1335 4913 Εἶδες
1379 4851 1496 4917 πῶς
1549 4854 1826 4925 πανταχοῦ
1854 4858 1887 4928 ή
1920 4857 2169 4913 πολιτεία

586 4935 681 4988 καὶ
718 4935 786 4988 τὰ
811 4937 1210 5010 κατορθώματα
1245 4940 1470 5013 μείζονα
1496 4941 1719 4997 ἔπαινον
1752 4944 1865 5017 ἔχει
1892 4948 2002 5002 τῶν
2037 4948 2167 5003 θαυ-

588 5025 795 5095 μάτων,
843 5029 937 5082 κα¹ι
982 5031 1203 5086 πλείονα
1230 5033 1333 5103 τὴν
1362 5035 1627 5107 ἀμοιϐήν;
1660 5038 1721 5091 Εἰ
1755 5039 1812 5093 δὲ
1839 5039 2039 5110 βούλει,
2071 5045 2166 5097 καὶ

581 5119 850 5190 ἑτέρωθεν
877 5121 1036 5176 τοῦτο
1084 5123 1348 5197 δείξομεν.
1381 5126 1743 5197 Προσῆλθον
1769 5131 1949 5198 αὐτῷ,
1976 5136 2161 5205 φησὶν,

577 5214 631 5264 οἱ
651 5209 1058 5282 ἐϐδομήκοντα
1069 5214 1345 5284 μαθηταί,
1376 5216 1475 5271 καὶ
1495 5216 1760 5288 ἔχαιρον,
1794 5220 1893 5274 καί
1917 5221 2160 5293 ἔλεγονο

578 5305 773 5371 Κύριε,
792 5305 884 5360 έν
916 5303 997 5372 τῷ
1022 5306 1272 5375 ὀνόματί
1308 5323 1426 5363 σου
1469 5309 1569 5364 καὶ
1599 5310 1673 5364 τὰ
1702 5310 1979 5381 δαιμόνια
2016 5315 2162 5384 ἡμῖν

575 5394 975 5452 ὑπακούουσι.
1000 5398 1134 5452 “Καὶ
1163 5397 1325 5467 λέγει
1370 5399 1609 5466 αὐτοῖς⁸
1651 5401 1750 5469 Μὴ
1783 5404 2039 5471 χαίρετε,
2069 5406 2160 5460 ὅτι

575 5483 648 5538 τὰ
674 5485 949 5555 δαιμόνια
984 5490 1129 5560 ὑμῖν
1150 5492 1462 5557 ὑπακούει,
1491 5492 1653 5549 ἀλλὰ
1677 5495 1932 5563 χαίρετε,
1966 5496 2054 5550 ὅτι
2083 5496 2160 5552 τὰ

575 5573 838 5644 ὀνόματα
863 5579 1029 5649 ὑμῶν
1057 5578 1379 5652 ’γέγραπται
1402 5585 1473 5638 ἐν
1501 5583 1627 5651 τοῖς
1648 5585 1947 5653 οὐρανοῖς.
1994 5587 2157 5662 Ὁρᾷς

575 5665 852 5732 πανταχοῦ
879 5667 978 5739 τὴν
1000 5671 1275 5728 πολιτείαν
1302 5675 1755 5749 θαυμαζομένην;

644 5754 863 5825 ς’.Φέρε
882 5755 1445 5837 οὖν,ἀναλογισώμεθα
1458 5769 1525 5825 τά
1536 5771 1801 5844 εἰρημένα
1815 5771 2036 5828 ἄνωθεν·
2058 5776 2113 5829 Ἐ
2116 5794 2154 5831 ν

2308 454 2497 523 τούτῳ
2523 455 2855 526 γνώσονται
2878 457 3121 527 πάντες,
3155 461 3245 516 δτι
3270 462 3401 534 ἐμοὶ
3429 469 3686 537 μαθηταί
3722 474 3865 539 ἐστε,

2303 545 2415 600 ἐὰν
2438 546 2707 617 ἀγαπᾶτε
2740 549 3074 618 ἀλλήλους.
3124 552 3255 609 Ἰδοὺ
3297 556 3411 610 ἀπὸ
3463 559 3751 629 πολιτείας,
3774 569 3863 624 οὐκ

2306 636 2416 691 ἀπὸ
2445 638 2742 711 θαυμάτων
2768 640 2831 695 τὸ
2858 643 3148 717 γνώρισμα
3179 646 3276 700 τοῦ
3310 648 3564 721 μαθητὰς
3589 648 3722 709 εῖναι
3744 656 3862 714 ἀπο-

2305 728 2594 786 δέδεικται.
2636 732 2842 803 Πέτρε,
2887 735 3086 804 φιλεῖς
3122 755 3195 807 με
3235 739 3431 795 πλέον
3470 744 3728 818 τοὺτων;
3754 752 3868 805 ποί-

2303 835 2482 889 μαινε
2503 821 2577 876 τὰ
2602 823 2867 890 πρόϐατά
2883 841 3025 894 μου.
3071 826 3202 881 Ἰδοὺ
3233 831 3329 884 καὶ⁵
3361 831 3550 904 ἕτερον
3585 837 3865 910 γνώρισμα,

2308 912 2403 966 καὶ
2437 912 2569 967 αὐτὸ
2607 912 2769 967 πάλιν
2792 916 2902 969 ἀπὸ
2925 916 3222 983 πολιτείας.
3264 919 3465 992 Τρίτον
3508 925 3667 981 πάλιν
3699 930 3869 1002 γνώριρ

2310 1017 2445 1073 σμαο
2474 1001 2573 1071 Μὴ
2603 1003 2857 1073 χαίρετε,
2884 1005 2975 1060 ὅτι
3014 1007 3087 1062 τὰ
3126 1007 3405 1079 δαιμόνια
3421 1011 3567 1082 ὑμῖν
3583 1001 3865 1085 ὑπακούει,

2306 1089 2469 1145 ἀλλὰ
2495 1093 2747 1162 χαίρετε,
2775 1094 2865 1149 ὅτι
2899 1096 2972 1151 τὰ
2997 1098 3257 1169 ὀνόματα
3281 1100 3456 1171 ὑμῶν
3490 1103 3790 1178 τέτραπται
3808 1111 3868 1167 έν

2307 1181 2433 1248 τοῖς
2456 1184 2756 1251 οὐρανοῖς.
2790 1186 2902 1241 Καὶ
2926 1188 3087 1244 τοῦτο
3108 1189 3388 1257 πολιτείας
3412 1194 3578 1251 πάλιν
3609 1201 3865 1272 κατόρθω-

2310 1291 2410 1346 μα.
2436 1276 2626 1331 Βούλει
2650 1278 2744 1331 καὶ
2776 1280 3051 1352 τετάρτην
3104 1281 3382 1350 ἀπόδειξιν
3418 1286 3614 1343 τούτου
3661 1293 3866 1362 μαθετνς

2307 1367 2631 1437 Λαμψὰτω,
2656 1369 2812 1440 φησὶ,
2840 1371 2907 1424 τὸ
2937 1371 3063 1441 φῶς
3088 1374 3258 1444 ὑμῶν
3288 1375 3633 1447 ἔμπροσθεν
3648 1380 3867 1438 τῶνάν-

2306 1458 2573 1527 θρώπων,
2609 1461 2711 1514 ἵνα
2736 1462 2909 1517 τδωσι
2933 1464 3007 1518 τά
3032 1466 3191 1521 καλὰ
3209 1467 3382 1538 ὑμῶν
3400 1469 3568 1540 ἔργα,
3600 1472 3695 1526 καί
3712 1472 3868 1539 δοξά-

2306 1567 2463 1606 σωσι
2484 1553 2592 1606 τὸν
2607 1553 2839 1623 Πατέρα
2864 1555 3033 1626 ὑμῶν
3053 1557 3162 1613 τὸν
3179 1559 3250 1613 έν
3275 1561 3404 1629 τοῖς
3423 1564 3717 1632 οὐρανοῖς.
3752 1567 3866 1622 ’1δοῦ

2306 1643 2401 1695 καὶ
2417 1642 2652 1699 ἐνταῦθα
2667 1645 2802 1717 ἔργα
2829 1647 3100 1717 φαίνεται.
3121 1652 3233 1705 Καὶ
3255 1653 3389 1706 ὅταν
3409 1654 3543 1727 λέγῃ
3557 1657 3714 1711 πάλιν
3729 1659 3865 1715 ’Ὅσα

2303 1751 2397 1801 τις
2416 1736 2658 1806 ἀφῆκεν
2685 1738 2902 1805 οὶκίαν,
2924 1740 2964 1809 ἢ
2994 1741 3319 1812 ἀδελφοὺς,
3341 1744 3381 1814 ἢ
3403 1746 3670 1818 ἀδελφὰς
3685 1749 3865 1806 ἕνεκεν

2318 1827 2486 1897 ἐμοῦ,
2515 1828 3119 1888 ἑκατονταπλασίονα
3140 1834 3427 1904 λήψεται,
3461 1838 3559 1892 καὶ
3590 1838 3864 1909 ζωὴναίώ-

2304 1935 2440 1973 νιον
2467 1922 2935 1993 κληρονομήσει,
2968 1925 3068 1997 τὴν
3098 1927 3378 1985 πολιτείαν
3420 1932 3653 1998 ἐπαινεῖ,
3683 1934 3863 1989 καὶτὺν

2303 2009 2737 2084 διηκριϐωμένον
2790 2013 2926 2085 βίον.
2961 2012 3119 2083 Εἶδες
3151 2020 3282 2084 τοὺς
3329 2022 3583 2095 μαθητὰς
3637 2024 3740 2079 ἀπὸ
3782 2024 3865 2080 τοῦ

2306 2101 2479 2172 φιλεῖν
2510 2103 2772 2176 ἀλλήλους
2830 2108 3288 2181 γνωριζομένους,
3333 2112 3428 2168 τὸν
3466 2114 3524 2168 δὲ
3575 2115 3712 2187 ὑπὲρ
3754 2118 3864 2182 τοὺς

2303 2196 2636 2263 ἀποστόλους
2662 2199 2920 2269 φιλοῦντα
2941 2201 3033 2256 τὸν
3060 2204 3298 2275 Χριστὸν
3323 2206 3437 2261 ἀπὸ
3457 2206 3554 2262 τοῦ
3582 2209 3864 2280 ποιμαίνειν

2301 2288 2430 2354 τοὺς
2474 2290 2740 2361 ἀδελφοὺς
2784 2293 3130 2366 φαινόμενον,
3161 2299 3290 2362 τοὺς
3334 2300 3396 2354 δὲ
3439 2300 3741 2371 ὀφείλοντας
3764 2302 3863 2375 χαί-

2307 2397 2441 2451 ρειν,
2471 2382 2572 2436 οὐκ
2610 2384 2720 2438 ἀπὸ
2765 2387 2861 2440 τοῦ
2890 2387 3154 2461 δαίμονας
3182 2390 3494 2457 ἐκϐάλλειν,
3521 2392 3635 2448 ἀλλ’
3655 2392 3755 2448 ἀπὺ
3780 2390 3860 2446 sou"

2304 2472 2676 2545 ἐγγεγράφθαι
2714 2478 2772 2532 ὲν
2821 2477 2935 2553 [7ο]
2974 2480 3055 2552 τῷ
3105 2482 3321 2555 οὐρανῷ
3362 2483 3744 2556 κελευομένους
3781 2482 3859 2538 εύ-

2303 2562 2648 2632 φραίνεσθαι,
2700 2569 2797 2621 καὶ
2826 2570 2954 2633 τοὺς
2979 2571 3079 2643 μὲν
3102 2572 3193 2626 τὸν
3232 2573 3371 2627 θεὸν
3423 2574 3736 2640 δοξάζοντας
3768 2574 3860 2628 ἀπὸ

2301 2651 2401 2722 τῆς
2431 2652 2541 2706 τῶν
2583 2654 2760 2727 ἔργων
2794 2656 3181 2731 λαμπρότητος
3218 2662 3625 2735 δεικνυμένους,
3664 2666 3780 2721 τοὺς
3809 2664 3858 2718 δὲ

2301 2739 2448 2812 ζωῆς
2477 2744 2830 2816 ὲτπτυχόντας
2879 2748 2974 2802 καὶ
3010 2750 3542 2808 ἑκατονταπλασίονα
3580 2754 3857 2826 λαμϐάνον-

2298 2850 2420 2899 τας,
2478 2836 2587 2891 ἀπὸ
2651 2840 2750 2910 τῆς
2802 2836 2912 2892 τῶν
2977 2842 3261 2913 παρόντων
3302 2844 3565 2899 ἁπάντων
3585 2845 3854 2918 ὑπεροψίας

2299 2925 2656 2997 ἐπιτυχόντας
2702 2928 2908 3002 ταύτης
2934 2930 3036 3002 τῆς
3063 2932 3295 3005 δωρεᾶς.
3353 2935 3591 3001 Τούτους
3647 2936 3852 3008 μίμησαι

2298 3018 2528 3085 πάντας,
2561 3019 2656 3072 καὶ
2683 3020 2887 3093 δυνήσῃ
2929 3022 3024 3076 καὶ
3072 3024 3325 3097 μαθητὴς
3369 3021 3534 3093 εἶναι,
3561 3027 3653 3081 καὶ
3677 3028 3730 3080 έν
3756 3028 3850 3090 τοις

2296 3110 2472 3182 φίλοις
2494 3110 2587 3165 τοῦ
2618 3111 2754 3165 Θεοῦ
2785 3112 3159 3183 ἀριθμεῖσθαι,
3189 3117 3284 3170 καὶ
3335 3117 3580 3186 δοξάζειν
3605 3117 3695 3173 τὸν
3718 3116 3848 3179 Θεὸν,

2293 3201 2392 3256 καὶ
2408 3201 2511 3272 τῆς
2558 3202 2781 3257 αἰωνίου
2819 3201 2969 3274 ζωῆς
2998 3204 3306 3260 ἀπολαῦσαι
3329 3224 3345 3236 ·
3381 3211 3477 3262 καὶ
3518 3209 3667 3263 οὐδὲν
3718 3207 3848 3262 ἔσται

2294 3311 2376 3349 σοι
2395 3292 2627 3366 κώλυμα
2649 3294 2787 3367 πρὸς
2814 3295 2875 3349 τὸ
2906 3300 3091 3368 τυχεῖν
3115 3299 3225 3352 τῶν
3250 3299 3475 3367 ἀγαθῶν
3509 3299 3769 3365 ἀπάντων,
3794 3296 3846 3352 τὺ

2294 3384 2371 3460 μὴ
2408 3388 2583 3440 ποιεῖν
2628 3389 2853 3458 σημεῖα,
2896 3386 2996 3442 ἐὰν
3038 3388 3314 3444 πολιτείαν
3358 3391 3490 3463 έχῃς
3514 3386 3848 3464 διηκριϐωμέ-

2290 3492 2411 3547 νην.
2434 3475 2545 3529 Καὶ
2570 3475 2679 3547 γὰρ
2704 3477 2867 3542 αὐτὸς
2891 3479 3051 3532 τοῦτο
3073 3479 3135 3533 τδ
3155 3481 3353 3553 ὄνομα,
3374 3484 3602 3555 Πέτρος,
3626 3482 3722 3536 ούκ
3755 3476 3847 3535 ἀπὺ

2289 3565 2586 3638 θαυμάτων
2634 3568 2731 3622 καὶ
2778 3569 3020 3640 σημείων
3065 3571 3275 3634 ἔλαϐεν,
3304 3575 3424 3629 ἀλλ’
3456 3575 3563 3630 ἀπὸ
3592 3572 3742 3645 ζήλου
3767 3570 3845 3625 καὶ

2289 3655 2512 3725 φίλτρου
2535 3658 2783 3730 γνησίου.
2810 3660 2944 3714 Ούδὲ
2965 3661 3075 3733 γὰρ
3094 3663 3279 3735 ἐπειδὴ
3310 3667 3541 3738 νεκροὺς
3563 3663 3843 3735 ἀνέστησεν,
3944 3718 3951 3725 .

2283 3749 2406 3803 οὐδὲ
2445 3750 2631 3823 ἐπειδὴ
2672 3752 2844 3822 χωλὸν
2890 3752 3238 3824 ἀνώρθωσεν,
3269 3755 3448 3821 οὕτως
3505 3749 3843 3827 ἐκλήθηοάλλ⁹

2282 3840 2474 3915 ἐπειδὴ
2502 3844 2683 3899 πίστιν
2722 3844 2861 3917 μετὰ
2907 3846 3009 3917 τῆς
3051 3847 3341 3919 ὁμολογίας
3379 3849 3680 3916 ἐπεδείξατο
3730 3862 3844 3916 γνη-

2284 3934 2426 4001 σίαν,
2464 3935 2525 3989 τὸ
2558 3935 2729 4007 ὄνομα
2767 3936 2927 3991 τοῦτο
2956 3937 3385 4012 ἐκληρονόμησε,
3420 3943 3505 3998 Σὺ
3539 3938 3596 3997 εἴ
3625 3938 3839 4008 Πέτρος.

2280 4025 2378 4081 καί
2412 4024 2513 4078 ἐπὶ
2544 4028 2729 4097 ταύτῃ
2749 4027 2827 4097 τῇ
2852 4029 3037 4100 πέτρᾳ
3057 4033 3436 4104 οἰκοδομήσω
3455 4054 3573 4107 μου
3592 4032 3699 4102 τὴν
3733 4031 3840 4083 Ἐκ-

2279 4116 2567 4184 κλησίαν.
2616 4117 2717 4171 Διά
2766 4120 2849 4187 τί;
2882 4121 2994 4192 Οὐχ
3024 4123 3107 4176 ὃτι
3145 4124 3400 4197 θαύματα
3449 4126 3712 4197 ἐποίησεν,
3738 4118 3838 4175 ἀλλ’

2276 4210 2360 4263 ὃτι
2397 4207 2539 4263 εἴπεο
2580 4211 2665 4265 Σὺ
2705 4207 2764 4266 εἶ
2808 4215 2842 4267 ό
2891 4216 3148 4283 Χριστός
3179 4220 3213 4271 ὁ
3258 4218 3392 4286 Υἱὸς
3423 4219 3528 4274 τοῦ
3565 4215 3703 4272 Θεοῦ
3744 4209 3834 4271 τοῦ

2276 4300 2513 4368 ζῶντος.
2562 4303 2724 4375 Ὁρᾷς
2755 4304 2838 4358 ὅτι
2883 4306 2977 4359 καὶ
3018 4307 3151 4361 αὐτὸ
3191 4308 3253 4362 τὸ
3310 4311 3520 4383 Πέτρον
3573 4306 3831 4380 κληθῆναι,

2274 4392 2375 4446 οὑκ
2422 4394 2531 4447 ἀπὸ
2579 4394 2896 4464 θαυμάτων,
2948 4397 3064 4450 ἀλλ’
3112 4399 3221 4453 ἀπὸ
3272 4401 3437 4472 ζήλου
3468 4396 3831 4473 πεπυρωμένου

2273 4485 2437 4540 ἔλαϐε
2492 4485 2592 4558 τὴν
2637 4489 2832 4561 ἀρχήν.
2889 4490 3029 4545 Ἀλλ’
3083 4494 3275 4565 ἐπειδὴ
3305 4496 3513 4567 Πέτρου
3563 4489 3828 4565 ἐμνήσθην,

2273 4578 2493 4646 είσῆλθέ
2537 4597 2629 4651 μοι
2678 4581 2772 4635 καὶ
2823 4581 3012 4653 ἑτέρου
3045 4583 3253 4657 Πέτρου
3289 4589 3500 4660 μνήμη,
3542 4585 3633 4641 τοῦ
3671 4575 3826 4638 κοινοῦ

2273 4671 2501 4743 πατρὸς,
2535 4673 2630 4726 καὶ
2652 4673 2997 4741 διδασκάλου,
3028 4675 3089 4741 ὃς
3122 4677 3221 4748 τὴν
3243 4679 3452 4734 ἐκείνου
3480 4674 3827 4745 διαδεξάμενος

2271 4760 2494 4833 ἀρετὴν,
2527 4763 2621 4816 καὶ
2644 4763 2743 4836 τὴν
2772 4764 3042 4836 καθέδραν
3068 4767 3475 4844 ἐκληρονόμησε
3504 4769 3597 4840 τήν
3618 4763 3821 4819 ἐκείνου.

2276 4853 2372 4905 Ἓν
2410 4852 2517 4924 γάρ
2557 4852 2653 4906 ml
2706 4854 2866 4909 τοῦτο
2920 4857 3298 4931 πλεονέκτημα
3328 4863 3430 4933 τῆς
3454 4859 3716 4934 ήμετέρας
3741 4851 3824 4908 πάι

2267 4941 2426 5007 λεως,
2469 4944 2531 4997 τὸ
2574 4945 2683 4999 τῶν
2730 4947 3049 5002 ἀποστόλων
3099 4950 3192 5005 τὸν
3221 4957 3510 5026 κορυφαῖον
3552 4949 3723 5005 λαϐεῖν
3769 4943 3821 4997 ιν

2265 5031 2413 5103 ἀρχῇ
2445 5032 2790 5090 διδάσκαλον.
2829 5036 2979 5090 Ἔδει
3007 5038 3118 5109 γὰρ
3159 5040 3259 5110 τὴν
3280 5043 3388 5113 πρὸ
3410 5043 3508 5114 τῆς
3526 5035 3820 5109 οίκουμένης

2264 5123 2486 5194 ἀπάσης
2524 5125 2587 5178 τὸ
2622 5124 2730 5179 τῶν
2781 5127 3127 5200 Χριστιανῶν
3185 5133 3598 5206 ἀναδησαμένην
3641 5130 3812 5196 ὄνομα,

2262 5225 2356 5279 τὸν
2385 5225 2495 5280 τῶν
2544 5226 2863 5284 ἀποστόλων
2896 5231 3114 5302 πρῶτον
3161 5237 3394 5307 ποιμένα
3440 5235 3636 5291 λασεῖν.
3678 5224 3819 5283 Ἀλλά

2261 5316 2518 5383 λαϐόντες
2537 5318 2700 5374 αὐτὸν
2720 5319 3060 5390 διδάσκαλον,
3077 5326 3178 5379 οὐκ
3212 5328 3290 5391 είς
3315 5328 3465 5393 τέλος
3487 5324 3811 5392 κατέσχομενο

2260 5406 2396 5463 ἀλλὰ
2423 5411 2898 5482 παρεχωρήσαμεν
2921 5415 2988 5487 τῇ
3038 5414 3270 5486 βασιλίδι
3304 5418 3483 5491 Ῥώμῃ
3504 5433 3518 5447 ·
3552 5407 3809 5487 μᾶλλονδέ

2259 5498 2340 5577 είς
2364 5497 2427 5554 τὸ
2455 5494 2608 5563 τέλος
2631 5499 2795 5555 αὑτὸν
2826 5503 3172 5579 ἐσχήκαμεν*
3209 5508 3270 5562 τὸ
3297 5511 3394 5580 μὲν
3422 5510 3526 5579 γὰρ
3548 5505 3694 5576 σῶμα
3718 5495 3813 5584 Πέέ

2256 5607 2388 5663 τρου
2417 5591 2478 5644 ού
2507 5590 2830 5665 κατέχομεν,
2864 5595 2967 5668 τὴν
2991 5597 3052 5652 δὲ
3082 5600 3265 5655 πίστιν
3293 5604 3497 5676 Πέτρου
3537 5594 3810 5665 κατέχομεν

2255 5685 2331 5749 ὼς
2360 5686 2565 5757 Πέτρον
2582 5701 2596 5714 ⁸
2619 5689 2719 5759 τὴν
2746 5689 2804 5743 δὲ
2833 5692 3018 5747 πίστιν
3074 5696 3287 5769 Πέτρου
3309 5700 3638 5771 κατέχοντες,
3665 5681 3806 5743 αὖτδν

2260 5777 2456 5851 ἔχομεν
2490 5780 2717 5854 Πέτρον·
2744 5782 2903 5839 Οὕτω
2925 5786 3019 5841 καὶ
3046 5788 3139 5845 τὸν
3165 5791 3375 5849 ἐκείνου
3406 5788 3639 5863 ζηλωτὴν
3658 5776 3807 5853 ὁρῶν·
