4106 6438
232 406 301 465 89
848 401 936 461 DE
975 402 1223 462 UTILI’I‘.
1264 396 1622 459 LECTIONIS
1657 394 2213 459 SCRIPTURARUM.
2258 391 2329 453 ΙΝ
2357 392 2643 453 PRINCIP.
2684 389 3138 449 ACTORUMJII.
3462 387 3533 446 90

239 521 405 581 saltus
447 514 827 575 abundantiam
867 516 1025 573 nobis
1067 517 1395 587 exprimens.
1439 514 1552 571 illa:
1600 514 1836 570 fontanze

247 614 423 669 solent
452 625 602 681 aquae
628 607 899 681 prosilire,
928 619 1089 680 atque
1109 606 1344 678 undique
1374 621 1677 678 erumpere,
1705 608 1840 676 quas

245 704 523 761 continere
552 701 673 757 sinu
701 699 879 756 fontes
902 709 1194 771 nequeunt,
1216 699 1314 755 sed
1334 699 1524 755 ﬂuctus
1543 696 1840 768 frequentia

248 798 369 853 victi
401 796 639 866 undique
664 793 784 849 illas
809 793 1163 849 scaturientes
1186 791 1486 848 eﬂ‘undunt.
1510 789 1647 845 Cum
1679 788 1841 859 igitur

245 892 460 949 laticum
504 889 716 961 copiam
759 888 924 944 vellet
963 886 1220 952 indicare,
1266 886 1510 943 Salienus
1548 884 1701 948 dixit,
1733 899 1835 941 nov

243 984 510 1040 exeuntis.
580 980 674 1037 Vis
747 981 904 1037 etiam
978 988 1224 1035 naturam
1288 978 1406 1049 ejus
1479 975 1841 1048 cognoscere?

244 1075 321 1133 Ex
376 1090 481 1130 usu
527 1088 813 1144 cognosce.
853 1071 969 1127 Non
1005 1071 1146 1127 enim
1191 1071 1257 1125 ad
1298 1073 1458 1125 vitam
1498 1079 1851 1141 prmsentem,‘
1895 1135 1897 1138 p

246 1167 335 1223 sed
382 1166 454 1221 ad
503 1166 671 1220 vitam
710 1174 977 1220 aeternam
1041 1172 1124 1217 est
1186 1163 1348 1217 utilis.
1399 1162 1455 1217 lu
1521 1162 1622 1217 huc
1684 1162 1842 1232 igitur

250 1258 493 1330 paradiso
536 1272 816 1312 versemur
859 1274 874 1311 :
936 1255 1267 1311 assideamus
1331 1253 1498 1319 fonti,
1568 1269 1638 1309 ne
1687 1253 1840 1308 nobis

248 1349 455 1406 accidat
518 1348 573 1404 id
642 1348 785 1418 quod
864 1346 1070 1401 Adamo
1136 1346 1329 1401 accidit
1360 1387 1374 1409 ,
1461 1354 1515 1400 et
1595 1344 1840 1415 paradiso

248 1443 599 1499 excidamus:
633 1455 700 1494 ne
747 1438 1102 1509 perniciosum
1151 1438 1429 1492 consilium
1474 1437 1836 1500 admittamus,

249 1550 315 1589 ne
355 1532 557 1588 diaboli
594 1530 838 1586 fraudem
883 1530 1233 1599 suscipiamus
1264 1546 1279 1583 :
1310 1545 1620 1584 maneamus
1649 1528 1791 1583 intus
1822 1545 1837 1583 :

248 1625 447 1695 quippe
494 1624 659 1680 multa
704 1621 829 1677 inde
874 1623 1130 1677 securitas
1161 1639 1174 1674 :
1209 1623 1261 1676 in
1293 1621 1521 1676 lectione
1554 1622 1841 1691 Scriptum

251 1716 399 1770 istius
451 1727 876 1785 permaneamus.
927 1712 994 1768 Ut
1041 1712 1182 1768 enim
1217 1712 1268 1777 ii,
1302 1713 1391 1785 qui
1423 1712 1551 1767 fonti
1583 1713 1838 1776 assident.

248 1815 299 1861 et
343 1819 477 1860 aura
527 1805 612 1860 illa
645 1804 909 1868 fruuntur,
941 1812 997 1859 et
1019 1815 1153 1858 mstu
1197 1805 1477 1874 ingruente
1514 1805 1700 1858 faciem
1732 1806 1840 1859 fre—

248 1905 481 1966 quenter
524 1897 867 1965 immergunt,
917 1894 1163 1950 laticibus
1208 1895 1451 1949 aestivum
1479 1896 1713 1951 calorem
1743 1895 1837 1950 de—

251 1987 477 2055 pellunt,
510 1995 565 2040 et
591 1985 728 2052 sitis,
758 2000 860 2056 qua
888 1995 1166 2052 vexantur,
1197 1986 1339 2040 malo
1383 1986 1684 2047 medentur.
1715 1986 1840 2040 dum

251 2076 352 2131 illis
377 2075 453 2131 de
479 2077 776 2146 propinquo
815 2076 961 2131 fonte
989 2076 1283 2132 remedium
1315 2080 1551 2146 suppetit
1581 2094 1596 2131 :
1635 2078 1713 2132 sic
1751 2077 1842 2148 qui

250 2183 526 2224 sacrarum
559 2169 689 2223 fonti
737 2168 1132 2239 Scripturarum
1191 2169 1426 2237 assidet,
1479 2170 1603 2225 licet
1630 2168 1842 2230 nefarizr

252 2259 489 2317 libidinis
518 2259 731 2315 ﬂamma
754 2260 976 2315 cruciari
1020 2275 1079 2314 se
1106 2260 1332 2325 sentiat,
1361 2274 1481 2316 cum
1509 2262 1740 2316 animam
1769 2260 1846 2315 la-

251 2353 447 2409 ticibus
494 2353 598 2408 illis
623 2351 935 2424 perfuderit,
964 2352 1118 2409 facile
1146 2353 1414 2409 ﬂammam
1442 2355 1652 2425 repellit
1680 2372 1694 2410 :
1732 2354 1846 2409 sive

252 2444 455 2499 fervida
497 2444 710 2499 infestet
753 2444 1045 2511 iracundia,
1074 2460 1193 2512 qua:
1232 2454 1499 2516 tamquam
1528 2459 1844 2501 succensum

253 2536 485 2591 lebctcm
522 2551 617 2593 cor
659 2535 974 2602 inﬂammat,
1018 2536 1063 2593 si
1093 2538 1362 2593 modicum
1409 2554 1562 2609 aqua:
1601 2539 1841 2605 instillct,

253 2626 540 2682 confestim
598 2630 691 2683 ira:
744 2627 1195 2699 importunitatem
1249 2638 1557 2700 compescet
1610 2646 1625 2683 :
1678 2638 1732 2685 et
1780 2645 1846 2684 ex

253 2719 506 2775 omnibus
552 2719 728 2790 pravis
774 2720 1183 2790 cogitationibus
1209 2722 1441 2775 animam
1487 2729 1750 2791 tamquam
1780 2735 1849 2775 ex

254 2811 436 2866 media
477 2809 688 2865 ﬂamma
732 2811 923 2881 eripiet
950 2826 1221 2868 sacrarum
1251 2813 1408 2868 lectio
1431 2812 1845 2882 Scripturarum.

326 2902 383 2956 2.
429 2901 599 2970 Quam
645 2901 715 2956 ob
758 2917 974 2957 causam
1021 2904 1181 2959 etiam
1228 2919 1451 2974 magnus
1478 2904 1566 2958 ille
1593 2903 1850 2974 propheta

257 2993 449 3061 David,
475 3007 596 3048 cum
617 2993 781 3063 probe
806 2996 984 3061 sciret,
1009 3006 1203 3066 quanta
1231 3013 1294 3051 ex
1316 2996 1544 3052 lectione
1563 2997 1851 3066 Scriptura:

259 3093 446 3139 manet
490 3084 710 3147 utilitas,
753 3099 873 3139 eum
903 3087 994 3157 qui
1033 3086 1320 3157 Scripturis
1366 3098 1623 3158 perpetuo
1669 3087 1740 3142 sit
1765 3088 1850 3142 in-

261 3184 465 3240 tentus,
492 3182 545 3228 et
574 3190 756 3229 earum
781 3177 1047 3247 colloquio
1087 3178 1315 3243 fruatur,
1346 3194 1466 3234 cum
1498 3180 1677 3249 planta
1700 3195 1852 3234 com-

260 3275 416 3334 parat
440 3280 556 3335 quze
601 3279 813 3336 semper
852 3267 1055 3333 ﬂoreat,
1101 3269 1252 3338 juxta
1280 3269 1421 3324 rivos
1445 3286 1700 3340 aquarum
1729 3269 1848 3335 sita,

261 3354 388 3410 dum
425 3356 494 3410 ita
522 3356 757 3427 loQuitur
784 3375 798 3411 :
827 3357 1015 3414 Beatus
1046 3360 1140 3425 vir,
1168 3361 1255 3429 qui
1281 3377 1381 3414 non
1407 3362 1529 3415 abiit
1565 3362 1617 3414 in
1643 3359 1854 3414 consilio

263 3446 557 3517 impiorum,
585 3458 631 3502 et
656 3449 707 3502 in
731 3449 813 3503 via
843 3461 1161 3521 peccatorum
1190 3468 1291 3506 non
1319 3454 1470 3518 stetit,
1512 3461 1558 3507 et
1599 3453 1651 3507 in
1677 3453 1853 3508 cathe-

263 3538 357 3591 dra
383 3541 682 3610 pestilentia:
716 3558 818 3595 non
861 3545 988 3597 sedit
1008 3559 1028 3597 :
1055 3544 1144 3598 sed
1167 3546 1220 3598 in
1256 3545 1364 3616 lege
1394 3545 1600 3599 Domini
1626 3545 1856 3599 voluntas

263 3631 396 3701 ejus,
421 3641 463 3685 et
486 3632 539 3687 in
556 3634 664 3705 lege
692 3635 801 3706 ejus
827 3636 1147 3691 meditabitur
1158 3638 1239 3691 die
1258 3655 1318 3691 ac
1344 3648 1488 3692 nocte
1510 3648 1591 3693 :et
1612 3642 1700 3691 erit
1727 3648 1857 3692 tant-

265 3738 420 3792 quam
446 3723 658 3794 lignum,
689 3727 824 3796 quod
848 3728 1132 3797 plumatum
1160 3739 1231 3785 est
1260 3747 1401 3784 secus
1426 3732 1665 3785 decursus
1690 3748 1855 3802 aqua-

267 3829 381 3868 rum
436 3814 606 3888 (I’sal.
662 3818 892 3889 1.1-5).
954 3819 1021 3875 Ut
1074 3822 1215 3874 cnim
1267 3822 1465 3892 lignum
1518 3823 1647 3877 illud
1702 3836 1858 3878 secus

268 3919 526 3977 aquarum
570 3908 827 3966 decursus
876 3913 1188 3982 plumatum,
1227 3923 1282 3967 ct
1306 3902 1456 3982 juxta
1500 3915 1642 3968 rivos
1673 3916 1854 3981 situm,

268 3997 395 4054 dum
435 4002 655 4071 perenni
699 4017 955 4073 aquarum
999 4005 1151 4074 copia
1178 4005 1443 4076 irrigatur,
1485 4005 1628 4060 nulla
1660 4005 1856 4060 intem-

269 4091 418 4160 peric
453 4092 596 4148 aeris
634 4092 755 4148 lzedi
795 4103 988 4165 potest,
1029 4104 1084 4151 et
1124 4111 1296 4166 neque
1325 4096 1452 4151 solis
1479 4097 1657 4151 radios
1682 4097 1859 4152 acrius

270 4185 652 4243 incalescentcs
676 4188 1009 4257 reformidat,
1033 4205 1207 4261 neque
1227 4191 1455 4260 graviori
1477 4199 1608 4245 testu
1635 4192 1860 4247 srevien-

270 4286 375 4333 tent
403 4293 583 4334 aerem
627 4279 984 4350 pertimescit;
1029 4295 1150 4336 cum
1196 4281 1339 4336 enim
1386 4280 1645 4337 inclusum
1695 4281 1749 4336 in
1800 4296 1859 4337 se

268 4368 621 4424 sufﬁcientem
670 4370 949 4427 humorem
997 4369 1211 4438 habeat,
1256 4388 1470 4428 omnem
1500 4373 1637 4428 radii
1665 4373 1859 4430 solaris

267 4460 505 4516 exterius
546 4460 879 4532 ingruentem
924 4462 1174 4518 ardorem
1202 4468 1381 4520 statim
1413 4466 1632 4536 depellit
1657 4481 1720 4521 ac
1745 4467 1858 4521 dis-

268 4551 403 4607 cutit
441 4569 456 4607 :
500 4552 580 4608 sic
620 4555 780 4609 etiam
826 4555 1001 4609 anima
1049 4571 1169 4626 quae
1206 4556 1356 4625 juxta
1398 4572 1673 4612 sacrarum
1715 4558 1859 4613 rivos

268 4641 662 4714 Seripturarum
692 4646 864 4714 sedet,
892 4660 955 4703 ac
979 4658 1236 4719 perpetuo
1264 4650 1485 4719 rigatur,
1514 4649 1641 4705 dum
1673 4652 1858 4707 latices

270 4733 410 4803 illos,
438 4752 724 4809 roremque
755 4738 984 4809 Spiritus
1028 4740 1081 4796 in
1119 4741 1404 4812 semetipsa
1431 4742 1647 4813 colligit,
1680 4745 1858 4798 omni-

269 4824 369 4885 bus
389 4844 570 4884 rerum
609 4830 959 4885 humanarum
998 4829 1350 4887 incommodis
1375 4833 1592 4888 resistet
1624 4833 1854 4899 invicta;

268 4918 377 4975 sive
419 4919 659 4986 morbus,
705 4922 821 4977 sive
865 4922 1208 4990 contumelia,
1252 4924 1366 4980 sive
1411 4922 1700 4990 calumnia,
1743 4925 1858 4980 sive

267 5011 545 5082 vituperia,
587 5012 704 5068 sive
741 5024 1057 5084 scommata,
1099 5015 1213 5072 sive
1241 5016 1453 5086 pigritia
1480 5018 1702 5087 quaevis,
1743 5018 1857 5074 sive

267 5112 458 5157 cuncta
503 5102 688 5158 mundi
732 5103 869 5158 mala
913 5105 968 5161 in
1015 5105 1278 5176 ejusmodi
1318 5108 1551 5163 animam
1600 5109 1854 5180 impetum

244 5191 479 5263 vfaciant,
502 5194 657 5251 facile
687 5197 1144 5267 perturbationum
1170 5199 1472 5254 incendium
1502 5201 1852 5270 propulsabit,

267 5302 385 5342 cum
427 5288 709 5344 sufﬂcienti
738 5290 986 5347 lectionis
1013 5292 1307 5364 Scriptum
1329 5293 1522 5349 solatio
1550 5296 1852 5352 roborctur.

267 5376 397 5433 Nam
443 5394 618 5450 neque
655 5380 841 5451 gloria:
887 5383 1216 5453 magnitudo,
1248 5399 1420 5456 neque
1449 5386 1698 5456 potentiae
1736 5402 1855 5442 ma-

267 5467 446 5537 iestas,
479 5484 580 5527 nec
600 5472 894 5528 amicorum
932 5476 1238 5545 praesentia,
1267 5490 1366 5531 nec
1393 5476 1539 5532 aliud
1566 5477 1853 5549 quidquam

266 5576 327 5615 ex
370 5563 534 5619 rebus
578 5563 826 5621 humanis
869 5569 1103 5631 animum
1134 5569 1270 5624 adeo
1309 5570 1522 5627 tristitia
1552 5573 1854 5629 confectum

266 5655 424 5711 solari
453 5658 668 5727 poterit,
698 5673 761 5714 ac
780 5673 1054 5717 sacrarum
1084 5661 1243 5719 lectio
1269 5663 1689 5733 Scripturarum.
1718 5666 1855 5736 Quid

268 5744 358 5800 ita?
386 5747 539 5814 Quod
562 5748 651 5803 illa
667 5750 876 5820 quidem
893 5750 1091 5807 caduca
1112 5754 1239 5818 sint,
1262 5764 1317 5808 et
1342 5755 1584 5811 interitui
1601 5758 1852 5827 obnoxia,

269 5852 420 5905 quam
451 5838 522 5894 ob
550 5854 764 5898 causam
803 5852 857 5900 et
897 5843 1186 5902 obnoxium
1232 5846 1467 5904 interitui
1497 5856 1581 5905 est
1619 5850 1852 5922 ipsorum

1946 511 2195 568 solatium
2226 528 2241 565 :
2271 519 2326 565 at
2378 507 2537 564 lectio
2575 505 2866 577 Scriptum
2904 503 3227 575 colloquium
3279 510 3363 559 est
3411 516 3532 558 cum

1944 604 2077 659 Deo.
2105 603 2331 671 Quando
2360 600 2521 671 igitur
2547 613 2670 655 eum
2708 598 2799 668 qui
2822 597 3035 652 tristitia
3063 596 3132 651 sit
3157 595 3378 650 allectus
3406 610 3536 650 (ξοη-

1943 695 2147 749 solatur
2192 694 2355 759 Deus,
2396 689 2524 761 quid
2549 704 2613 743 ex
2637 688 2799 744 rebus
2822 687 3016 744 creatis
3053 686 3227 756 ipsum
3257 685 3307 739 in
3338 700 3536 740 nueru-

1943 800 2058 841 rem
2086 792 2261 855 potest
2281 781 2587 853 conjicere?
3112 764 3119 775 ’

2015 866 2096 931 Ad
2132 876 2394 931 lectionem
2441 872 2726 943 Scriptum
2772 884 2933 925 sacra:
2960 868 3210 923 hortatur.
3264 865 3536 937 Scriptura

1943 984 2058 1022 cum
2083 967 2295 1022 nubibus
2320 960 2883 1019 collata.—-Lectioni
2924 975 3053 1030 ergo
3102 958 3270 1013 simus
3318 957 3531 1021 intenti,

1945 1077 2051 1115 non
2079 1061 2211 1115 duas
2233 1067 2436 1114 tantum
2461 1057 2557 1112 has
2583 1055 2742 1110 horas
2762 1054 2901 1126 (non
2927 1053 3071 1108 enim
3095 1051 3162 1105 ad
3190 1050 3532 1106 securitatem

1944 1151 2137 1207 sufﬂcit
2184 1151 2299 1205 haec
2336 1148 2537 1204 auditio
2572 1146 2784 1215 nuda),
2825 1144 2919 1199 sed
2964 1153 3268 1214 perpetuo:
3309 1140 3535 1210 quisque

1944 1242 2162 1298 domum
2208 1254 2458 1296 reversus
2492 1237 2682 1294 Libros
2723 1248 2906 1291 sacros
2940 1234 2992 1288 in
3023 1248 3214 1287 manus
3256 1240 3450 1294 sumat,
3480 1239 3536 1283 et

1944 1349 2128 1390 eorum
2170 1349 2291 1404 qua:
2332 1332 2472 1387 dicta
2521 1337 2647 1384 sunt
2684 1341 2875 1382 sensus
2914 1332 3207 1395 percurrat,
3246 1325 3290 1377 si
3316 1321 3531 1393 quidem

1945 1434 2259 1496 perpetuam
2289 1430 2346 1477 et
2370 1419 2723 1475 sufficientem
2750 1416 3034 1471 utilitatem
3059 1414 3337 1485 percipere
3356 1409 3535 1480 cupiat

1945 1533 2011 1572 ex
2052 1516 2345 1587 Scriptura.
2387 1512 2521 1568 Nam
2566 1521 2619 1566 et
2650 1511 2849 1580 lignum
2882 1508 3009 1563 illud
3027 1507 3176 1576 juxta
3200 1505 3342 1560 rivos
3373 1504 3531 1558 situm

1946 1623 2052 1662 non
2088 1607 2155 1661 ad
2198 1606 2331 1660 duas
2370 1612 2425 1660 et
2468 1613 2578 1657 tres
2622 1600 2782 1655 horas
2810 1614 2933 1654 cum
2962 1598 3114 1668 aquis
3139 1605 3401 1661 versatur,
3439 1594 3535 1649 sed

1946 1699 2096 1754 omni
2136 1699 2223 1754 die
2263 1698 2515 1767 omnique
2562 1703 2739 1749 nocte.
2792 1693 3079 1762 Propterea
3129 1689 3270 1745 foliis
3313 1696 3535 1753 vernat,

1948 1798 2228 1862 propterea
2281 1789 2452 1843 fructu
2498 1797 2752 1858 gravatur
2796 1784 2997 1853 lignum
3030 1780 3180 1842 illud.
3213 1780 3339 1834 licet
3364 1779 3538 1834 nullus

1947 1898 2010 1937 ex
2060 1880 2364 1935 hominibus
2410 1879 2541 1934 illud
2572 1878 2798 1946 irriget:
2836 1874 3087 1946 quoniam
3113 1873 3262 1943 juxta
3286 1873 3426 1927 rivos
3456 1882 3539 1927 est

1946 1974 2233 2037 consitum,
2280 1971 2549 2026 radicibus
2597 1969 2875 2023 humorem
2903 1965 3142 2028 attrahit,
3184 1973 3237 2019 ct
3264 1964 3412 2034 quasi
3444 1979 3540 2031 per

1948 2078 2155 2123 meatus
2183 2066 2441 2137 quosdam
2469 2065 2522 2120 in
2555 2072 2720 2117 totum
2747 2074 2941 2132 corpus
2964 2059 3241 2113 utilitatem
3276 2057 3541 2110 transfun-

1947 2161 2028 2217 dit
2056 2178 2070 2214 :
2101 2160 2182 2216 sic
2207 2168 2261 2214 et
2301 2159 2347 2214 is
2375 2158 2466 2228 qui
2493 2156 2800 2226 Scripturas
2855 2166 3038 2208 sacras
3062 2149 3274 2205 assidue
3310 2149 3458 2219 legit,
3486 2158 3551 2201 ct-

1944 2254 2093 2326 juxta
2138 2253 2282 2307 rivos
2328 2251 2539 2305 illarum
2586 2245 2808 2313 residet,
2855 2245 2981 2298 licet
3008 2241 3276 2297 neminem
3325 2239 3537 2303 haheat,

1948 2348 2040 2416 qui
2089 2347 2489 2415 interpretetur,
2523 2339 2789 2410 frequenti
2814 2336 3048 2392 lectione
3088 2332 3241 2403 quasi
3272 2330 3541 2385 radicibus

1949 2437 2267 2510 quibusdam
2292 2435 2578 2488 utilitatem
2607 2430 2803 2485 haurit.
2830 2428 3035 2483 Idcirco
3060 2438 3160 2479 nos
3177 2422 3369 2492 quibus
3388 2420 3553 2475 solli-1

1949 2530 2212 2586 citudines
2243 2536 2438 2582 vestra:
2474 2533 2599 2579 sunt
2621 2534 2783 2586 notat,
2812 2518 3210 2589 occupationes,
3237 2530 3300 2569 ac
3329 2514 3540 2583 negotia

1950 2624 2138 2688 multa,
2168 2619 2366 2676 sensim
2394 2633 2459 2673 ac
2488 2614 2745 2688 paulatim
2790 2627 2888 2667 vos
2934 2611 3001 2665 ad
3051 2609 3344 2677 Scriptura:
3383 2618 3551 2660 sensa.

1951 2715 2285 2777 deducimus,
2333 2728 2397 2768 ac
2427 2708 2747 2766 lentitudine
2793 2703 3145 2777 expositionis
3171 2700 3451 2764 efﬁcimus,
3486 2707 3549 2761 ut;

1952 2824 2159 2873 eorum,
2207 2821 2327 2876 qua:
2372 2804 2514 2859 dicta
2559 2808 2703 2865 sunt,
2732 2796 2991 2854 memoria
3034 2793 3273 2850 tenacius
3297 2789 3547 2845 adnare-

1953 2910 2090 2959 seat.
2111 2899 2242 2955 Nam
2263 2908 2317 2954 et
2339 2897 2507 2952 imber
2528 2895 2573 2949 si
2592 2894 2883 2949 vehemens
2908 2891 3186 2958 irrumpat,
3205 2882 3542 2953 superﬁciem

1955 3005 2115 3051 terra:
2143 2992 2385 3052 inundat,
2416 2997 2471 3044 et
2496 2986 2762 3059 profundo
2791 2983 2925 3039 nihil
2959 2979 3214 3051 prodest:
3256 2976 3338 3030 sin
3366 2982 3544 3028 autem

1955 3090 2155 3144 sensim
2184 3095 2239 3141 et
2266 3081 2591 3155 pedetentim
2617 3081 2670 3135 in
2699 3093 2902 3134 morem
2931 3074 3034 3128 olei
3080 3074 3131 3127 in
3174 3081 3332 3126 terra:
3355 3066 3553 3131 faciem,

1956 3195 2017 3235 se
2058 3179 2311 3242 insinuet,
2357 3174 2507 3245 quasi
2558 3187 2653 3242 per
2687 3184 2852 3225 venas
2900 3165 3158 3237 quasdam
3215 3177 3307 3232 per
3341 3166 3550 3214 meatus

1958 3271 2073 3342 ejus
2098 3270 2163 3324 ad
2193 3267 2514 3340 profundqu
2539 3264 2827 3327 delabitur,
2856 3260 3078 3330 ejusque
3097 3257 3301 3311 viscera
3324 3253 3550 3306 humore

1958 3363 2237 3433 complens
2256 3361 2323 3415 ad
2348 3360 2526 3429 fruges
2545 3358 2779 3412 ubertim
2808 3351 3091 3425 pariendas
3119 3346 3549 3405 fecundissimam

1959 3456 2103 3511 illam
2132 3454 2327 3510 reddit.
2356 3454 2644 3521 Propterea
2675 3464 2774 3503 nos
2794 3460 3008 3517 quoque
3037 3441 3369 3513 spiritualem
3403 3438 3549 3491 hune

1961 3549 2187 3603 imbrem
2228 3544 2506 3600 animabus
2550 3541 2745 3596 vestris
2788 3537 3043 3608 paulatim
3075 3533 3448 3589 immittimus:
3477 3529 3549 3583 δὶς

1959 3639 2172 3710 quidem
2200 3638 2488 3707 Scriptura:
2528 3631 2894 3704 spiritualibus
2920 3636 3047 3684 sunt
3077 3626 3306 3680 nubibus
3329 3623 3551 3687 similes,

1961 3740 2015 3784 at
2040 3744 2199 3784 voces
2225 3739 2279 3784 et
2304 3741 2495 3783 sensus
2523 3726 2681 3780 imbri
2712 3724 2916 3778 similes
2940 3729 3065 3776 sunt
3100 3721 3258 3787 longe
3285 3719 3386 3771 isto
3412 3732 3552 3785 pne.

1961 3823 2201 3878 stautiori
2244 3840 2258 3877 :
2306 3831 2465 3891 atque
2514 3818 2712 3873 ideirco
2759 3815 3091 3886 spiritualem
3138 3813 3280 3867 hunc
3326 3810 3550 3864 imbrem

1960 3915 2158 3970 sensim
2201 3913 2351 3968 vobis
2378 3910 2722 3974 intendimus,
2756 3918 2813 3963 ut
2838 3909 2903 3961 ad
2931 3905 3151 3960 fundum
3189 3905 3360 3972 ipsum
3390 3901 3567 3956 vet-ha-

1962 4013 2255 4076 permeent.
2290 4004 2367 4059 Eo
2396 4003 2473 4071 fit,
2504 4010 2564 4057 ut
2588 4017 2710 4057 cum
2736 3999 2800 4054 ad
2830 4007 3074 4069 quartum
3093 3996 3202 4067 jam
3228 3995 3368 4048 diem
3389 4007 3553 4061 expo-

1961 4098 2208 4152 sitionem
2232 4093 2686 4166 Iproduxerimus,
2716 4091 2941 4146 necdum
2968 4098 3145 4143 tamen
3171 4100 3330 4141 unam
3362 4082 3553 4138 inscri-

1963 4190 2196 4258 ptionem
2223 4186 2559 4258 potuerimus
2588 4183 2881 4253 praeterire,
2913 4179 3007 4235 sed
3037 4178 3213 4234 adhuc
3239 4177 3380 4231 circa
3410 4176 3552 4229 illam

1962 4294 2259 4334 versemur.
2305 4276 2484 4333 Satius
2527 4276 2668 4331 enim
2695 4283 2796 4339 est,
2826 4282 2882 4328 ut
2908 4272 3097 4340 exiguo
3136 4268 3550 4339 perfossolagro.

1961 4384 2082 4424 cum
2114 4367 2180 4422 ad
2229 4366 2448 4421 fundum
2479 4364 2938 4428 descenderimus,
2983 4360 3208 4415 multum
3239 4358 3348 4411 illic
3372 4371 3551 4411 rerum

1963 4459 2383 4521 necessariarum
2426 4457 2730 4512 thesaurum
2773 4452 3123 4514 offendamus,
3165 4463 3323 4518 quam
3362 4447 3405 4500 si
3430 4461 3550 4500 cmn

1961 4565 2088 4605 arva
2128 4549 2294 4603 multa
2335 4547 2620 4617 superficie
2662 4554 2816 4599 tenus
2847 4540 3286 4612 percurreriu'tus,
3333 4537 3550 4599 frustra,

1963 4651 2183 4705 temere,
2208 4650 2262 4696 et
2287 4642 2552 4695 incassum
2596 4652 2694 4692 nos
2720 4635 3039 4705 afﬂigamus.
3073 4635 3140 4687 At
3164 4633 3278 4686 scio
3306 4629 3552 4701 equidem

1961 4735 2162 4790 multos
2204 4733 2344 4788 hanc
2374 4730 2674 4787 tarditatem
2705 4744 2847 4798 aegre
2874 4727 3051 4790 ferre;
3083 4723 3177 4778 sed
3209 4723 3417 4779 illorum
3454 4736 3555 4790 ego

1961 4824 2433 4894 reprehensionem
2461 4820 2594 4876 nihil
2617 4833 2769 4883 curo,
2798 4816 2911 4874 sola
2939 4815 3066 4871 mihi
3092 4824 3268 4869 vestra
3294 4829 3437 4869 cura:
3473 4822 3555 4866 est

1961 4916 2184 4971 utilitas.
2233 4914 2335 4983 Qui
2387 4912 2617 4968 celerius
2678 4918 2898 4982 possunt
2948 4908 3230 4973 incedere,
3297 4904 3556 4960 tardiores

1961 5006 2154 5063 fratres
2195 5012 2546 5076 exspectent:
2574 5017 2698 5058 nam
2728 5001 2813 5057 isti
2840 4999 3055 5070 quidem
3098 5006 3411 5068 exspectare
3435 4996 3556 5051 illos

1960 5104 2202 5169 possunt,
2232 5106 2285 5150 at
2315 5094 2636 5150 infirmiores
2671 5092 2794 5147 illos
2830 5089 3042 5160 assequi
3066 5087 3284 5143 minime
3311 5099 3550 5157 possunt.

1961 5190 2167 5247 Idcirco
2204 5189 2365 5245 etiam
2389 5186 2586 5242 Paulus
2604 5200 2710 5240 non
2730 5183 2929 5240 debere
2953 5195 3052 5238 nos
3075 5180 3150 5235 ait
3178 5177 3556 5236 imbecilliores

1959 5294 2086 5338 ante
2101 5291 2309 5352 tempus
2333 5292 2545 5351 urgere,
2572 5293 2693 5333 eum
2709 5275 2778 5331 ad
2808 5275 3148 5331 robustorum
3176 5270 3552 5341 perfectionem

1959 5389 2020 5429 se
2044 5374 2188 5444 ipsos
2218 5372 2437 5426 minime
2458 5370 2664 5440 possint
2682 5365 2970 5424 extendere
2991 5383 3002 5418 :
3023 5363 3116 5419 sed
3131 5361 3329 5417 debere
3347 5375 3444 5413 nos
3468 5358 3557 5411 lir—

1961 5466 2156 5521 miores
2175 5462 2564 5519 imbecillitates
2597 5459 2929 5516 inﬁrmorum
2961 5454 3225 5510 sustinere
3246 5451 3324 5520 (l.
3354 5449 3471 5504 Cor.
3498 5448 3551 5503 8.

1960 5558 2038 5626 9).
2063 5556 2169 5613 Nos
2188 5554 2256 5611 de
2281 5564 2452 5610 vestra
2464 5566 2649 5608 sumus
2664 5550 2886 5605 utilitate
2913 5544 3143 5609 solliciti,
3167 5558 3271 5597 non
3292 5552 3347 5596 ttt
3364 5555 3462 5596 nos
3480 5551 3554 5593 te-

1962 5663 2108 5704 mere
2129 5655 2488 5702 ostentemus:
2516 5654 2677 5714 atque
2703 5642 2900 5696 idcirco
2919 5636 3165 5692 sensibus
3182 5636 3546 5690 immorantur.

2030 5740 2083 5794 5.
2128 5737 2472 5793 Homiliat'um
2491 5737 2543 5789 in
2561 5731 2869 5803 principium
2887 5729 3123 5793 Actorum
3141 5727 3299 5795 ordo;
3330 5727 3451 5797 quid
3485 5727 3549 5779 si-

1963 5832 2168 5902 gniﬁcet
2196 5845 2377 5886 nomen
2402 5824 2651 5900 Apostolt'.
2685 5821 2918 5881 Christus
2947 5840 2976 5878 a
3002 5820 3266 5879 sensilibus
3311 5820 3381 5874 ad
3405 5819 3564 5891 spiri-
