4086 6412
548 383 608 442 9|
1290 373 1347 428 S.
1386 366 1665 429 JOANNIS
1698 360 2174 422 CIIRYSOSTOMI
2210 360 2527 418 ARCHIEP.
2568 357 3105 417 CONSTANTINOP.
3766 362 3828 415 ﬁ

551 501 713 555 tuulia
757 496 981 554 deducit.
1014 525 1084 536 —
1108 492 1288 564 itaque
1316 490 1491 561 primo
1517 486 1605 542 die
1641 500 1750 541 non
1782 498 1903 538 esse
1930 491 2133 537 temere

552 589 950 663 prietereundas
999 585 1375 654 inscriptiones
1416 578 1694 641 dicebam,
1750 565 1858 645 quo
1902 582 2141 663 tempore

552 662 763 734 titulum
791 678 940 732 vobis
959 675 1140 743 altaris
1162 673 1286 741 legi,
1304 686 1367 725 ac
1394 669 1541 725 Pauli
1563 666 1876 736 sapientiam
1907 662 2137 727 ostendi,

552 772 642 842 qui
672 771 890 824 militem
918 768 1173 830 alienum,
1199 763 1398 835 quippe
1452 762 1503 815 in
1554 758 1980 814 adversariorum
2030 754 2143 807 acie

553 861 749 923 stabat,
782 858 847 912 ad
875 856 1129 912 cohortes
1156 868 1283 909 suas
1312 851 1605 908 transtulit.
1741 848 1797 902 ltt
1846 849 1947 901 hoc
1986 845 2145 899 desiit

555 950 718 1019 priori
753 948 842 1002 die
871 957 981 1001 tota
1010 947 1253 1001 doctrina
1281 961 1296 997 :
1327 952 1447 1013 post
1474 942 1616 996 illam
1643 938 1877 995 secundo
1903 937 2012 999 die,
2054 936 2141 1005 qui

553 1039 673 1094 libri
695 1048 841 1095 esset
870 1039 1008 1093 illius
1033 1047 1221 1091 auctor
1243 1077 1259 1101 ,
1309 1034 1650 1105 quaesivimus
1671 1071 1687 1099 ,
1742 1039 1797 1085 et
1846 1027 2145 1083 invenimus

555 1130 649 1186 Dei
672 1132 836 1201 gratia
862 1129 1060 1184 Lucam
1088 1127 1489 1197 evangelistam,
1520 1124 1808 1191 multisque
1850 1120 2004 1175 vobis
2051 1118 2148 1173 de-

558 1223 1040 1278 monstrationibus
1068 1237 1180 1275 rem
1209 1220 1263 1273 in
1284 1218 1581 1289 qumstione
1610 1215 1838 1284 positam
1893 1210 2145 1281 probavi-

557 1329 697 1379 mus,
720 1328 946 1384 quarum
963 1312 1084 1366 alite
1103 1311 1381 1374 clariores,
1409 1306 1766 1361 abstrusiores
1783 1302 1899 1357 alia:
1914 1302 2143 1355 fuerunt.

557 1404 682 1460 Scio
699 1418 930 1473 namque
954 1403 1150 1455 multos
1165 1416 1231 1454 ex
1258 1398 1589 1453 auditoribus
1615 1412 1695 1461 ea,
1731 1411 1848 1464 qua:
1875 1405 2148 1463 postremo

561 1497 684 1552 loco
699 1497 838 1550 dicta
864 1503 1008 1559 sunt,
1037 1502 1351 1563 assequutos
1381 1506 1486 1544 non
1517 1504 1675 1543 esse:
1708 1503 1807 1542 nec
1852 1495 2031 1540 tamen
2063 1484 2147 1538 id-

559 1589 706 1643 circo
729 1586 1038 1641 subtiliores
1060 1599 1251 1639 sensus
1276 1583 1609 1637 conlidenter
1635 1579 1884 1651 persequi
1910 1577 2147 1631 desiste-

562 1696 702 1736 mus.
729 1680 909 1751 Itaque
929 1695 991 1734 ea
1014 1695 1134 1749 quae
1167 1678 1397 1733 clariora
1412 1687 1556 1739 sunt,
1575 1672 2008 1743 simplicioribus,
2026 1685 2152 1739 pro-

563 1772 809 1827 fundiora
832 1787 958 1827 vero
988 1769 1277 1840 proderunt
1320 1767 1421 1832 his,
1471 1766 1562 1836 qui
1610 1763 1818 1819 acutius
1862 1763 2150 1815 intuentur.

568 1863 784 1919 Variam
813 1863 1009 1933 quippe
1053 1874 1294 1916 mensam
1315 1872 1436 1914 esse
1455 1864 1667 1927 oportet
1689 1870 1751 1909 ac
1774 1854 2104 1908 dilferentem
2135 1891 2151 1915 ,

567 1955 999 2026 quandoquidem
1029 1953 1352 2009 etdiil'erens
1378 1961 1462 2005 est
1486 1964 1670 2005 eorum
1693 1948 1781 2018 qui
1814 1944 2019 2001 invitati
2033 1952 2158 1999 sunt

568 2048 859 2117 appetitus.
895 2046 1075 2101 Primo
1096 2044 1255 2115 igitur
1278 2044 1366 2098 die
1403 2042 1471 2097 de
1510 2040 1876 2110 inscriptione,
1923 2036 2157 2093 secunda

571 2150 701 2193 vero
727 2138 815 2192 die
842 2136 909 2193 de
932 2151 1000 2193 eo
1033 2138 1124 2207 qui
1166 2136 1359 2191 librum
1398 2133 1649 2203 scripsit,
1705 2132 1858 2187 tertia
1910 2130 1997 2184 die
2042 2128 2155 2183 lteri

571 2228 928 2283 disseruimus
969 2227 1111 2298 apud
1132 2241 1227 2283 eos
1259 2228 1350 2297 qui
1376 2225 1706 2280 advenerant
1748 2224 1817 2278 de
1852 2222 2004 2278 initio
2028 2223 2161 2277 scri-

575 2326 770 2389 pturte,
793 2326 848 2373 et
875 2318 1228 2383 ostendimus,
1252 2318 1392 2371 sicut
1418 2316 1494 2372 illi
1516 2323 1715 2370 norunt
1735 2314 1827 2385 qui
1853 2315 2156 2380 audierunt,

569 2408 698 2480 quid
721 2410 791 2464 sit
806 2418 1007 2475 actum,
1039 2408 1167 2479 quid
1189 2408 1261 2463 sit
1285 2408 1600 2463 miraculum
1620 2446 1639 2473 ,
1686 2415 1742 2463 et
1784 2406 1911 2476 quid
1937 2406 2007 2460 sit
2030 2420 2161 2460 cono

569 2503 828 2570 versatio,
853 2502 980 2574 quid
1018 2502 1227 2574 signum
1283 2510 1339 2557 et
1384 2500 1683 2571 prodigium
1728 2514 1793 2555 ac
1844 2500 2009 2553 virtus
2035 2538 2052 2563 ,
2106 2506 2163 2552 et

569 2605 829 2667 quantum
854 2597 993 2652 inter
1011 2606 1235 2666 utraque
1258 2594 1325 2650 sit
1365 2594 1651 2649 discrimen
1678 2609 1693 2647 :
1723 2607 1827 2664 qua
1854 2593 2060 2647 ratione
2085 2590 2164 2645 al—

572 2696 746 2743 terum
772 2687 945 2757 majus
967 2687 1057 2752 sit,
1080 2687 1265 2741 utilius
1291 2686 1520 2740 alterum
1548 2701 1562 2737 z
1590 2693 1645 2740 et
1668 2699 1771 2754 qua
1792 2684 1999 2738 ratione
2022 2683 2159 2737 alte-

571 2795 693 2835 rum
723 2779 900 2834 solum
923 2794 1020 2848 per
1046 2793 1107 2834 se
1130 2794 1352 2849 regnum
1379 2775 1627 2847 acquirit,
1658 2774 1883 2830 alterum
1909 2774 2009 2829 nisi
2032 2787 2163 2842 ope-

572 2888 690 2927 rum
714 2871 1013 2927 subsidium
1039 2878 1300 2936 assumat,
1331 2881 1487 2923 extra
1513 2868 1834 2923 vestibulum
1856 2865 1985 2921 illud
2008 2866 2162 2935 ejici-

572 2974 679 3021 tur.
697 2965 867 3021 Hodie
895 2966 1157 3034 reliquum
1200 2961 1562 3032 inscriptionis
1598 2975 1778 3030 aperte
1807 2959 2037 3031 pretium
2080 2966 2165 3013 est

573 3055 817 3111 dicamus
840 3097 857 3122 ,
903 3056 1103 3125 etquid
1130 3054 1396 3125 signiﬁcet
1421 3051 1660 3123 Apostoli
1688 3066 1886 3106 nomen
1914 3048 2164 3104 ostenda-

575 3162 718 3203 mus.
746 3145 930 3217 Neque
956 3144 1099 3201 euim
1124 3144 1323 3200 nudum
1347 3153 1431 3199 est
1459 3158 1654 3198 nomen
1692 3142 1815 3209 hoc,
1841 3140 1936 3197 sed
1963 3140 2163 3211 magis-

576 3245 747 3296 tratus
771 3248 855 3294 est
875 3238 1182 3310 appellatio,
1205 3238 1420 3292 maximi
1436 3237 1795 3307 magistratus,
1823 3234 2164 3305 magistratus

575 3330 809 3387 maxime
833 3331 1146 3402 spiritualis,
1169 3330 1511 3401 magistratus
1538 3329 1789 3387 caelestis.
1840 3327 1947 3383 Sed
1991 3337 2165 3383 atten-

572 3421 687 3480 dite
711 3423 1013 3495 diligenter.
1038 3423 1169 3479 Nam
1192 3422 1642 3494 quemadmodum
1669 3421 1722 3477 in
1744 3422 1906 3477 rebus
1945 3422 2169 3477 sarcula-

576 3514 725 3568 ribus
750 3514 1090 3592 magistratus
1142 3524 1267 3568 sunt
1294 3514 1483 3579 multi,
1539 3529 1646 3569 non
1697 3523 1876 3568 tamen
1923 3513 2163 3583 ejusdem

576 3618 769 3660 omnes
795 3605 1089 3675 dignitatis,
1113 3605 1207 3660 sed
1228 3606 1318 3659 alii
1339 3605 1568 3675 majores
1593 3647 1606 3671 ,
1652 3604 1742 3659 alii
1768 3604 2040 3660 minores:
2067 3620 2167 3659 ex-

578 3693 741 3764 empli
769 3708 952 3761 causa,
971 3703 1030 3749 ut
1045 3696 1113 3750 ab
1129 3695 1366 3750 inferiori
1388 3695 1852 3751 enumerationem
1870 3694 2163 3760 ordiamur,

577 3795 663 3843 est
691 3787 947 3844 Defensor
969 3788 1239 3855 civitatis;
1273 3799 1354 3845 est
1386 3789 1479 3843 illo
1506 3789 1787 3844 sublimior
1813 3788 1986 3859 gentis
2022 3787 2169 3843 Praz-

574 3893 701 3944 ses;
733 3887 816 3934 est
836 3880 974 3934 alius
1000 3887 1120 3950 post
1148 3880 1292 3935 illuni
1321 3880 1662 3949 magistratus
1691 3879 1896 3948 major:
1944 3886 2168 3933 estrur-

576 3983 670 4023 sus
690 3968 940 4041 Magister
965 3970 1231 4025 militum:
1274 3980 1358 4025 est
1386 3968 1713 4033 Praefectus;
1761 3978 1843 4023 est
1888 3970 2174 4024 sublimior

581 4058 700 4114 iStis
717 4063 1079 4130 magistratus,
1092 4060 1325 4130 dignitas
1335 4058 1626 4115 Consulum
1642 4078 1655 4114 :
1672 4068 1727 4114 et
1745 4073 1934 4114 omnes
1952 4060 2167 4127 quidem

582 4147 638 4202 hi
668 4158 793 4203 sunt
819 4150 1185 4219 magistratus,
1213 4150 1307 4205 sed
1325 4166 1431 4205 non
1462 4150 1702 4221 ejusdem
1730 4165 1920 4206 omnes
1941 4151 2170 4221 dignita-

580 4239 687 4293 tis:
718 4238 788 4292 ita
820 4240 970 4295 multi
998 4250 1121 4295 sunt
1152 4239 1459 4310 sltirituales
1488 4241 1830 4311 magistratus
1857 4258 1961 4297 non
1984 4258 2167 4313 aequa-

584 4330 665 4386 les
713 4330 974 4401 dignitate
1022 4349 1035 4386 :
1084 4322 1245 4403 porro
1285 4334 1456 4401 major
1506 4333 1756 4388 omnibus
1808 4342 1890 4388 est
1942 4334 2171 4404 dignitas

584 4421 952 4492 Apostolatus.
985 4424 1029 4478 A
1053 4423 1404 4480 sensibilibus
1430 4425 1573 4481 enim
1597 4425 1761 4481 rebus
1783 4426 1849 4481 ad
1873 4428 2169 4496 spiritualia

585 4515 736 4581 quasi
763 4527 925 4570 manu
946 4515 1174 4571 ducendi
1203 4518 1353 4572 estis.
1404 4516 1475 4571 Ita
1514 4516 1642 4572 fecit
1684 4526 1739 4573 et
1773 4518 2017 4573 Christus
2040 4559 2056 4584 ,
2103 4519 2172 4575 de

584 4603 786 4673 Spiritu
808 4605 1082 4663 disserens
1097 4623 1250 4679 aqua:
1261 4610 1525 4667 meminit.
1541 4610 1642 4677 Qui
1655 4617 1785 4664 enim
1802 4609 1920 4664 bibit
1938 4627 1999 4665 ea:
2038 4627 2173 4681 aqua

585 4696 700 4761 hac,
716 4697 848 4751 sitiet
871 4699 1075 4766 iterum,
1095 4700 1288 4772 inquit;
1302 4704 1387 4770 qui
1402 4712 1569 4757 autem
1584 4702 1759 4758 biberit
1769 4720 1833 4758 ea:
1845 4721 1997 4775 aqua,
2019 4720 2173 4774 quam

586 4804 679 4859 ego
707 4789 839 4844 dabo
865 4792 931 4859 ei,
955 4808 1056 4846 non
1073 4794 1206 4847 sitiet
1230 4794 1284 4848 in
1309 4805 1554 4849 (sternunt
1580 4794 1759 4866 (Joan.
1792 4796 1848 4851 4.
1874 4795 1983 4865 15).
2010 4796 2173 4851 Vides

589 4896 713 4935 eum
759 4897 790 4937 a
844 4883 1135 4940 sensilibus
1175 4886 1241 4940 ad
1290 4887 1582 4956 spiritualia
1623 4888 1990 4944 mulierculam
2022 4888 2171 4942 illam

592 4974 896 5031 deducere?
926 4976 1015 5033 Sic
1044 4993 1144 5033 nos
1170 4978 1334 5035 etiam
1359 4980 1589 5051 agimus,
1621 4991 1676 5038 et
1722 4984 1793 5037 ab
1831 4984 2173 5039 inferioribus

587 5067 654 5122 ad
686 5070 959 5138 superiora
979 5072 1423 5139 conscendimus,
1470 5083 1530 5128 ut
1576 5073 1744 5145 magis
1777 5077 2053 5145 perspicua
2084 5076 2175 5129 ﬁat

584 5162 781 5218 oratio.
809 5163 1095 5234 Propterea
1112 5179 1235 5220 eum
1255 5166 1324 5220 de
1347 5166 1659 5237 magistratu
1680 5169 2041 5239 loqueremur,
2066 5184 2172 5224 non

585 5254 879 5325 spiritualis
907 5263 1110 5311 tantum
1139 5257 1466 5313 mentionem
1494 5258 1738 5326 fecimus,
1769 5260 1864 5315 sed
1905 5260 2175 5316 sensibilis

586 5347 947 5417 magistratus,
969 5355 1028 5401 ut
1046 5348 1111 5403 ab
1141 5348 1244 5404 hoc
1270 5365 1367 5405 vos
1387 5349 1454 5404 ad
1471 5349 1622 5405 illum
1651 5366 1813 5406 manu
1833 5352 2174 5411 duceremus.

587 5439 824 5496 Audistis
841 5450 973 5511 quot
991 5443 1277 5497 sreculares
1300 5442 1639 5512 magistratus
1657 5443 2172 5512 enumeraverimus,

588 5540 644 5586 et
664 5547 771 5601 quo
798 5542 953 5603 pacto
971 5534 1061 5589 alii
1088 5534 1304 5605 quidem
1336 5533 1587 5604 majores,
1619 5535 1708 5591 alii
1756 5550 1888 5592 vero
1933 5536 2039 5591 sint
2070 5538 2175 5592 mi-

590 5633 771 5689 nores,
811 5633 867 5678 et
892 5638 999 5693 quo
1029 5635 1184 5695 pacto
1208 5625 1499 5681 Consulum
1524 5626 1864 5698 magistratus
1882 5626 2035 5699 quasi
2062 5629 2177 5683 cul-

596 5725 714 5768 men
735 5724 788 5769 et
808 5726 966 5784 caput
994 5731 1102 5786 prae
1119 5718 1339 5788 reliquis
1368 5720 1576 5776 cunctis
1599 5719 1866 5776 emineat:
1902 5720 2177 5775 videamus

2256 477 2561 548 spirituales
2606 479 2768 533 etiam
2811 478 3174 548 magistratus.
3197 474 3509 547 Spiritualis
3537 485 3622 531 est
3673 484 3831 549 magi-

2247 579 2466 631 sttatus,
2487 568 2790 638 Prophctia:
2805 568 3147 638 magistratus
3171 584 3184 622 :
3211 575 3293 621 est
3308 566 3451 621 alter
3468 564 3831 635 Evangelistaa.

2246 669 2330 715 est
2362 660 2618 725 Pastoris,
2647 669 2732 714 est
2761 659 3026 722 Doctoris,
3050 668 3134 713 est
3158 657 3431 712 donorum
3453 696 3470 719 ,
3503 663 3590 712 est
3610 659 3831 712 curatio~

2249 761 2498 818 num,est
2525 750 3330 820 interpretationislinguarum.
3370 748 3501 803 Hrcc
3528 749 3706 802 omnia
3745 765 3833 801 no~

2249 844 2389 896 mina
2412 842 2625 913 quidem
2646 850 2772 896 sunt
2790 841 3078 907 donorum,
3112 856 3198 896 res
3221 852 3405 895 autem
3435 839 3829 909 magistratuum

2249 950 2311 988 ac
2334 943 2677 1005 potestatum.
2707 934 2977 1004 Propheta
3010 934 3356 1003 magistratus
3399 942 3485 987 est
3515 949 3531 985 :
3563 932 3699 1001 apud
3746 948 3834 987 nos

2251 1026 2295 1079 is
2347 1026 2436 1096 qui
2479 1025 2754 1081 daemones
2783 1027 2965 1096 ejieit,
3020 1026 3365 1096 magistratus
3412 1033 3535 1080 est:
3569 1024 3706 1096 apud
3747 1040 3836 1079 nos

2251 1116 2441 1171 Pastor
2465 1126 2520 1172 et
2550 1118 2745 1172 Doctor
2764 1117 3057 1187 spiritualis
3100 1127 3183 1172 est
3232 1116 3586 1186 magistratus
3612 1132 3627 1167 :
3657 1131 3831 1171 verum

2252 1210 2335 1264 his
2355 1211 2601 1265 omnibus
2630 1212 2805 1280 major
2824 1221 2906 1265 est
2934 1210 3279 1281 Apostolicus
3305 1210 3674 1279 magistratus.
3700 1206 3837 1263 Unde

2252 1318 2379 1356 vero
2402 1302 2452 1357 id
2468 1304 2715 1357 constat?
2730 1303 2881 1369 Quod
2897 1318 3083 1357 omnes
3100 1303 3230 1355 istos
3251 1299 3522 1369 prmcedat
3547 1299 3833 1369 Apostolus.

2254 1394 2317 1448 Et
2347 1395 2795 1464 quemadmodum
2827 1397 2965 1449 inter
3010 1392 3304 1448 sensibiles
3335 1391 3686 1461 magistratus
3713 1388 3837 1442 Con-

2254 1486 2357 1548 sul,
2399 1487 2477 1539 sic
2521 1486 2659 1539 inter
2688 1485 2995 1553 Spirituales
3046 1483 3337 1552 Apostolus
3379 1480 3607 1535 honoris
3652 1479 3832 1549 gaudet

2254 1578 2627 1648 prscrogativa.
2665 1577 2960 1630 Audiamus
2986 1575 3157 1644 ipsum
3188 1574 3415 1628 Paulum
3438 1583 3831 1627 enumerantem

2259 1668 2567 1736 dignitates,
2586 1677 2636 1723 et
2662 1668 2713 1721 in
2742 1666 3041 1721 sublimiori
3068 1667 3185 1720 loco
3211 1666 3579 1734 Apostolicam
3600 1663 3847 1719 collocan-

2260 1767 2387 1815 tetn.
2422 1758 2560 1827 Quid
2593 1760 2751 1829 igitur
2804 1759 2875 1812 ait
2931 1757 3064 1812 ille?
3125 1756 3394 1823 Quosdam
3444 1755 3647 1823 quidem
3689 1754 3834 1823 posuit

2262 1849 2396 1905 Deus
2434 1852 2488 1905 in
2519 1850 2768 1916 Ecclesia,
2802 1851 3021 1921 primum
3051 1847 3306 1920 apostolos
3326 1888 3345 1914 ,
3391 1846 3612 1901 secundo
3640 1845 3836 1915 prophe-

2261 1951 2357 2001 tas,
2385 1943 2532 1995 tertio
2553 1942 2804 2007 doctores,
2835 1950 2882 1993 ct
2914 1948 3160 2010 pastores,
3183 1938 3368 1992 exinde
3412 1938 3607 2006 gratias
3635 1935 3836 1989 curatio-

2262 2033 2477 2100 mtm(l.
2512 2032 2629 2086 Cor.
2660 2030 2747 2086 12.
2778 2032 2896 2103 28).

2334 2124 2663 2188 Apostolatus
2705 2123 2923 2193 dignitas
2961 2130 3171 2191 quanta.
3214 2119 3353 2187 Quid
3400 2136 3491 2188 per
3528 2133 3703 2189 genera
3738 2116 3831 2170 lin-

2265 2234 2481 2287 guarum
2501 2214 3006 2287 intelligat.—Vides
3028 2213 3297 2283 fastigium
3324 2210 3677 2283 dignitatum?
3708 2208 3837 2264 vides

2264 2308 2580 2378 Apostolum
2614 2307 2895 2363 sublimem
2934 2305 3149 2371 sedere,
3185 2320 3286 2359 nec
3321 2303 3490 2358 ullum
3529 2303 3697 2372 ipsum
3723 2314 3837 2370 pra:-

2263 2400 2477 2465 ccderc,
2494 2410 2583 2455 aut
2603 2400 2969 2455 sublimiorem
2995 2397 3088 2452 illo
3112 2397 3270 2453 esse?
3295 2395 3533 2451 Primum
3555 2395 3692 2449 enim
3716 2394 3831 2461 Λυο-

2264 2494 2433 2547 stolos
2476 2492 2625 2554 dicit.
2657 2490 2896 2547 secundo
2925 2489 3245 2561 Prophetas,
3297 2489 3459 2543 tertio
3511 2486 3756 2540 Doctores
3792 2489 3833 2535 et

2265 2574 2516 2638 Pastores
2561 2582 2801 2639 :deinde
2826 2581 3025 2654 gratias
3068 2581 3430 2643 curationum,
3464 2575 3835 2647 Opitulationes,

2268 2675 2704 2747 gubernationes,
2731 2689 2927 2746 genera
2972 2672 3295 2743 linguarum.
3349 2670 3537 2738 Neque
3563 2681 3689 2722 vero
3732 2674 3834 2717 tan-

2266 2774 2376 2820 tum
2403 2766 2732 2836 principatus
2758 2773 2842 2820 est
2869 2771 3185 2818 cznterarum
3212 2760 3534 2830 dignitatum
3573 2752 3835 2824 Apostola-

2268 2865 2373 2922 tus,
2403 2854 2498 2910 sed
2521 2855 2683 2910 etiam
2714 2854 2863 2909 radix
2889 2868 2951 2907 ac
2974 2852 3403 2906 fundamentum.
3422 2849 3490 2903 Et
3513 2843 3833 2917 quemadmo-

2266 2945 2394 3001 dum
2418 2956 2575 3017 caput
2604 2947 2657 3000 in
2698 2945 3001 3000 sublimiori
3032 2944 3151 2999 loco
3178 2942 3339 2996 situm
3380 2957 3487 2995 non
3516 2938 3671 2992 modo
3711 2936 3834 3005 prin-

2267 3040 2474 3110 cipatus
2490 3049 2572 3094 est
2592 3039 2833 3108 corporis
2860 3046 3020 3104 atque
3043 3036 3375 3101 dominatus,
3398 3032 3493 3088 sed
3515 3032 3671 3086 etiam
3698 3026 3831 3081 radix

2269 3130 2567 3201 (siquidem
2605 3130 2778 3195 nervi,
2802 3131 2890 3199 qui
2920 3142 3117 3197 corpus
3141 3135 3352 3196 regunt,
3380 3125 3624 3180 oriuntur
3650 3134 3712 3174 ex
3737 3117 3832 3178 illo,

2267 3230 2324 3276 et
2348 3237 2414 3276 ex
2443 3220 2561 3290 ejus
2602 3222 2826 3274 cerebro
2866 3219 2997 3282 nati,
3027 3233 3089 3272 ac
3128 3216 3353 3286 spiritus
3382 3214 3657 3284 largitione
3681 3206 3830 3266 dilati.

2268 3311 2465 3368 deinde
2492 3321 2661 3367 totum
2691 3309 2886 3365 animal
2918 3308 3323 3377 moderantur),
3346 3306 3426 3360 sic
3445 3314 3500 3359 et
3523 3298 3834 3372 Apostolatus

2269 3418 2376 3458 non
2423 3401 2584 3457 modo
2624 3413 2891 3471 tamquam
2934 3399 3265 3469 principatus
3308 3412 3375 3453 ac
3418 3396 3709 3451 dominatus
3741 3402 3831 3457 pro:

2270 3495 2482 3550 caeteris
2530 3494 2689 3549 donis
2731 3496 2955 3559 eminet,
2985 3493 3080 3547 sed
3111 3492 3356 3546 omnium
3396 3502 3607 3560 quoque
3650 3482 3832 3538 radices

2270 3588 2687 3657 comprehensas
2716 3585 2855 3657 apud
2885 3601 2945 3640 se
2971 3585 3186 3639 retinet.
3217 3584 3294 3637 Ac
3333 3579 3596 3647 Propheta
3641 3571 3829 3645 quidem

2270 3679 2563 3751 Apostolus
2603 3692 2724 3734 esse
2752 3692 2858 3732 nou
2888 3684 3061 3747 potest
3106 3684 3160 3730 et
3205 3672 3471 3743 Propheta
3515 3687 3528 3723 :
3575 3667 3665 3723 sed
3704 3664 3831 3731 Αρο·

2270 3772 2442 3827 stolus
2483 3780 2567 3827 est
2594 3772 2754 3826 etiam
2798 3769 3016 3824 omnino
3064 3765 3354 3836 Propheta,
3405 3772 3459 3820 et
3482 3760 3670 3834 gratias
3694 3752 3833 3809 habet

2271 3864 2627 3928 curationum,
2659 3873 2714 3918 et
2754 3877 2953 3933 genera
3003 3860 3325 3930 linguarum,
3369 3866 3424 3913 et
3467 3845 3830 3921 interpretatio.

2274 3970 2370 4011 nes
2422 3955 2722 4025 linguarum
2775 3970 2788 4007 :
2840 3960 3122 4024 propterea
3158 3948 3491 4019 principatus
3518 3952 3571 3998 ct
3597 3938 3735 3996 radix
3761 3938 3830 3987 est

2272 4049 2583 4120 gratiarum.
3116 4088 3117 4091 η

2345 4141 2398 4196 4.
2432 4141 2597 4195 Porro
2617 4146 2675 4193 ut
2702 4138 2817 4192 haec
2846 4137 2917 4191 ita
2942 4149 2999 4189 se
3026 4133 3223 4188 habere
3242 4139 3476 4197 constet,
3496 4135 3675 4182 testem
3696 4116 3827 4174 vobis

2276 4233 2481 4287 adduco
2498 4230 2737 4284 Paulum.
2756 4230 2907 4283 Prius
2926 4239 3100 4281 tamen
3116 4226 3295 4279 dicere
3307 4221 3574 4283 convenit,
3589 4213 3703 4287 quid
3719 4206 3824 4265 illud

2278 4327 2487 4380 tandem
2517 4326 2604 4381 sit.
2628 4337 2823 4391 genera
2856 4318 3189 4390 linguarum?
3226 4316 3363 4383 Quid
3388 4315 3544 4386 igitur
3562 4319 3638 4366 e51
3659 4314 3827 4376 genera

2278 4414 2611 4485 linguarum?
2629 4413 2763 4467 Olim
2782 4411 2927 4480 isqui
2948 4411 3244 4479 baptizatus
3271 4395 3822 4485 fuerat,etcrcdider.tt.

2276 4482 2455 4565 statim
2481 4508 2544 4562 ad
2566 4506 2795 4576 Spiritus
2816 4499 3534 4559 manifestationemdiversis
3563 4488 3737 4560 linguis
3763 4482 3824 4581 lo-

2276 4601 2691 4675 quebatur.Nam
2707 4599 2957 4669 quoniam
2970 4596 3142 4651 adhuc
3156 4593 3529 4655 imbecilliores
3539 4591 3680 4644 erant
3691 4580 3824 4633 homi-

2278 4673 2374 4750 nes
2390 4692 2658 4756 illiusmvi,
2673 4702 2726 4746 et
2738 4688 3032 4760 Spiritualia
3045 4688 3183 4741 dona
3198 4702 3302 4740 non
3317 4689 3557 4755 poterant
3568 4673 3727 4731 oculis
3738 4680 3825 4719 rar-

2278 4786 2394 4841 neis
2410 4785 2673 4850 contueri,
2688 4781 2941 4837 sensibile
2956 4780 3152 4833 donum
3171 4776 3415 4840 dabatur,
3434 4782 3489 4827 ut
3508 4760 3826 4825 inttotcsccrct

2278 4877 2777 4949 Spiritttale,quique
2791 4874 3085 4944 baptizatus
3102 4869 3479 4936 fuerat,statim
3495 4865 3659 4931 lingua
3673 4859 3825 4949 nostra

2279 4941 2335 5026 et
2362 4941 2899 5033 l‘ersica,ict‘lndica,
2929 4974 2983 5017 et
3007 4961 3254 5032 Scythica
3302 4956 3644 5029 loquebatur;
3688 4941 3826 5033 sicut

2279 5078 2401 5118 eum
2425 5060 2625 5131 Spiritu
2649 5068 2832 5113 sancto
2860 5057 3113 5110 donatum
3141 5066 3261 5107 esse
3290 5046 3638 5116 intelligerent
3662 5028 3824 5131 inﬁde:

2280 5156 2381 5211 les.
2408 5117 2485 5208 Ac
2505 5153 2717 5222 signum
2741 5148 2956 5220 quidem
2988 5145 3234 5201 sensibus
3265 5141 3558 5210 subjectum
3584 5136 3709 5186 erat.
3727 5117 3825 5222 talis

2281 5247 2494 5317 inquam
2521 5259 2663 5309 vos;
2709 5240 2974 5311 siquidem
3001 5235 3244 5308 corporis
3290 5247 3455 5289 sensu
3498 5226 3633 5281 illam
3668 5208 3828 5317 audit?

2280 5309 2409 5394 baut
2434 5355 2446 5391 :
2473 5309 2803 5406 spiritualem
2832 5339 3032 5395 autem,
3054 5337 3112 5385 et
3135 5342 3255 5399 quae
3275 5324 3493 5380 minime
3517 5309 3821 5407 cernebaltu‘;

2281 5383 2532 5501 Spit-itusr
2564 5427 2786 5497 gratiam
2831 5422 3129 5492 subjectum
3172 5417 3416 5475 sensibus
3468 5410 3662 5479 signum
3706 5383 3824 5501 istud

2281 5494 2529 5579 omnibus
2550 5494 2886 5574 manifestam
2919 5514 3192 5569 reddebat.
3223 5511 3290 5565 Et
3320 5510 3421 5565 hoc
3440 5507 3634 5574 signum
3656 5494 3822 5561 genera

2285 5618 2582 5688 linguarum
2614 5611 2999 5682 appellabatur.
3029 5607 3131 5674 Qui
3157 5606 3300 5661 enim
3353 5601 3556 5657 unicam
3596 5584 3824 5688 angeli?“

2283 5671 2516 5779 linguam
2547 5671 2796 5767 habebat,
2824 5700 3086 5757 beneﬁcio
3115 5697 3299 5769 gratia:
3342 5690 3497 5746 variis
3520 5671 3821 5779 aedilicii:

2285 5764 2424 5859 tibiis
2464 5799 2660 5870 linguis
2701 5764 3019 5867 loquebatur
3053 5810 3067 5846 :
3119 5764 3180 5844 ac
3227 5784 3409 5842 videre
3438 5785 3546 5836 erat
3587 5764 3823 5823 botttitmm
