4086 6412
542 277 614 333 95
1267 288 1321 343 S.
1362 286 1644 343 JOANNIS
1676 283 2166 342 CHRYSOSTOMI
2206 279 2524 337 ARCHIEP.
2576 272 3123 333 CONSTAN'I'INOP.
3744 271 3808 330 95

538 395 656 457 τοῖς
712 392 1041 464 χαρίσμασι,
1080 394 1173 448 καὶ
1203 392 1436 464 διάφορα
1472 393 1717 463 στόματα
1760 390 1972 460 ἔχοντα,
2027 387 2124 441 καὶ

541 484 836 557 διαφόρους
871 484 1146 554 γλώσσας.
1188 484 1416 554 Ἰδωμεν
1445 478 1540 537 οὖν
1583 482 1702 545 πῶς
1731 483 1760 534 ὁ
1801 479 2127 542 Ἀπόστολος

541 576 817 631 καὶτοῦτο
837 572 951 647 εἶχε
979 576 1040 630 τὸ
1067 578 1337 648 χάρισμα,
1370 575 1466 628 καὶ
1487 574 1556 627 τά
1591 574 1726 628 ἄλλα
1754 573 1951 628 πάντα.
1989 572 2125 644 Περί

544 671 643 742 μὲν
680 669 872 723 τούτου
917 667 1060 722 οὕτω
1114 667 1261 735 λέγει
1294 682 1307 696 ·
1365 666 1619 721 Πάντων
1662 665 1831 736 ὑμῶν
1882 665 2127 736 μᾶλλον

538 762 850 833 γλώσσαις
873 758 1061 815 λαλῶ.
1101 755 1262 825 Εἶδες
1288 760 1406 825 πῶς
1432 759 1545 831 ἔχει
1576 760 1645 814 τὰ
1665 760 1798 830 γένη
1814 760 1925 814 τῶν
1952 759 2127 826 γλωσ-

540 853 673 918 σῶν,
713 855 808 907 καὶ
854 854 956 907 οὐκ
1008 853 1121 923 ἔχει
1158 851 1320 923 μόνον
1344 891 1359 917 ,
1413 851 1549 906 ἀλλά
1577 853 1673 905 xal
1706 852 1846 923 μετὰ
1880 851 2126 916 πλείονος

540 946 851 1018 ὑπερϐολῆς
881 946 915 1017 ἢ
967 947 1017 999 οἱ
1041 946 1219 999 λοιποὶ
1236 945 1439 1010 πάντες
1471 945 1683 1010 πιστοί;
1717 946 1793 999 Οὐ
1816 944 1925 1016 γὰρ
1946 941 2122 1007 εἶπεν,

537 1039 620 1091 ὅτι
655 1037 936 1101 Γλώσσαις
966 1037 1075 1108 ἔχω
1117 1036 1303 1091 λαλεῖν
1343 1036 1524 1108 μόνον,
1554 1036 1690 1091 ἀλλά
1724 1037 1843 1101 καὶ,
1875 1035 2127 1091 Πάντων

536 1129 709 1199 ὑμῶν
726 1128 972 1199 μᾶλλον
998 1128 1310 1198 γλώσσαις
1331 1128 1520 1185 λαλῶ.
1553 1130 1665 1201 Τὴν
1685 1130 1742 1184 δὲ
1764 1129 2122 1201 προφητείαν,

542 1223 608 1292 ἦν
645 1217 781 1291 εἶχε,
813 1220 881 1275 δι’
916 1221 1143 1275 ἐκείνων
1180 1220 1426 1276 δείκνυσι
1462 1221 1573 1274 τῶν
1622 1220 1918 1291 ῥημάτων,
1978 1218 2123 1273 οὕτω

538 1314 735 1383 λέγων’
776 1315 849 1370 Τύ
887 1313 956 1368 δὲ
980 1315 1225 1384 Πνεῦμα
1259 1314 1457 1383 ῥητῶς
1496 1316 1681 1385 λέγει,
1722 1314 1812 1369 ὅτι
1848 1316 1919 1369 ἐν
1945 1315 2124 1371 ὐστέσ

534 1424 669 1477 ροις
692 1408 923 1477 καιροῖς
942 1408 1350 1475 ἐνστήσονται
1381 1409 1575 1479 καιροὶ
1605 1409 1898 1477 χαλεποί·
1943 1409 2027 1462 ὅτι
2065 1408 2123 1461 δὲ

535 1500 608 1557 τὰ
642 1502 701 1555 ἐν
731 1500 980 1572 ὑστέροις
1008 1503 1221 1572 καιροῖς
1247 1500 1449 1568 λέγειν,
1474 1501 1783 1571 προφητεία
1800 1501 1938 1563 ἐστὶ,
1959 1501 2125 1555 παντί

538 1610 646 1647 που
670 1593 848 1665 δῆλον.
882 1594 993 1647 Kal
1023 1593 1219 1658 πάλιν,
1244 1591 1423 1646 Τοῦτο
1462 1591 1533 1646 δὲ
1566 1591 1911 1662 γινώσκετε,
1936 1593 2025 1645 ὅτι
2054 1593 2126 1646 ἐν

537 1684 822 1755 ἐσχάτοις
850 1688 1080 1753 καιροῖς
1112 1684 1518 1752 ἐνστήσονται
1571 1683 1763 1752 καιροὶ
1820 1684 2081 1754 χαλεποί
2104 1700 2119 1715 ο

537 1778 634 1831 καὶ
666 1777 854 1840 πάλιν,
880 1776 1045 1845 Λέγω
1068 1776 1138 1832 δὲ
1180 1776 1324 1848 ὑμῖν
1368 1776 1439 1830 ἐν
1464 1777 1627 1846 λόγῳ
1656 1777 1902 1845 Κυρίου,
1932 1776 2023 1830 ὅτι
2053 1777 2127 1829 ἐν

537 1870 843 1939 παρουσίᾳ
865 1867 1055 1923 αὐτοῦ
1091 1868 1265 1939 ἡμεῖς
1294 1870 1349 1923 οἱ
1388 1868 1601 1935 ζῶντες
1628 1872 1685 1923 οί
1711 1870 2125 1938 περιλειπόμευ

536 1978 650 2027 νοι,
710 1964 784 2017 οὺ
830 1961 919 2031 μὴ
967 1960 1296 2031 φθάσωμεν
1341 1960 1486 2027 τοὺς
1539 1960 1953 2031 κοιμηθέντας.
2010 1962 2124 2015 Καὶ

532 2052 696 2108 τοῦτο
742 2053 800 2106 δὲ
864 2052 1172 2125 προφητεία
1209 2052 1378 2107 ἐστίν.
1430 2048 1588 2115 Εἶδες
1628 2051 1745 2117 πῶς
1772 2052 1905 2124 γένη
1945 2052 2124 2121 γλωσ-

539 2147 650 2198 σῶν
668 2146 761 2198 καὶ
783 2146 1121 2217 προφητείας
1144 2145 1256 2216 ἔχει
1284 2162 1298 2207 ;
1330 2144 1517 2198 Βούλει
1547 2144 1742 2215 μαθεῖν
1766 2143 1885 2208 πῶς
1900 2144 2013 2214 ἔχει
2030 2145 2124 2197 καὶ

538 2235 857 2305 χαρίσματα
880 2234 1153 2305 ἰαμάτων;
1202 2234 1363 2288 Ἀλλά
1385 2235 1523 2305 τάχα
1552 2234 1713 2288 τοῦτο
1737 2234 1859 2289 ούδέ
1887 2235 1987 2304 τῆς
2015 2234 2124 2289 ἀπὸ

536 2327 647 2381 τῶν
678 2326 855 2394 λόγων
892 2325 1223 2391 ἀποδείξεως
1247 2326 1440 2387 δεῖται.
1472 2329 1603 2381 ὅταν
1634 2327 1835 2397 ἴδωμεν
1863 2328 1925 2380 οὐ
1961 2327 2123 2397 μόνον

535 2417 663 2479 τοὺς
695 2417 1048 2481 ἀποστόλους,
1083 2417 1220 2471 ἀλλά
1239 2418 1333 2472 καὶ
1361 2419 1429 2471 τὰ
1456 2418 1646 2490 ίμάτια
1680 2418 1859 2472 αὐτῶν
1886 2417 1999 2491 [77]
2026 2436 2125 2488 χα-

542 2507 785 2577 ρίσματα
818 2507 1068 2578 ἰαμάτων
1094 2508 1308 2579 ἔχοντα.
1342 2509 1463 2563 Ὅτι
1505 2509 1563 2564 δὲ
1590 2511 1684 2564 καὶ
1714 2510 2033 2575 διδάσκαλος
2055 2507 2125 2582 ἦν

536 2598 651 2652 τῶν
675 2599 869 2662 ἐθνῶν,
894 2600 1167 2671 πολλαχοῦ
1201 2601 1364 2654 τοῦτο
1400 2600 1573 2670 λέγει,
1602 2601 1697 2655 καὶ
1712 2602 1797 2655 ὅτι
1819 2601 1922 2671 τῆς
1942 2603 2126 2656 οἰκου-

541 2690 713 2763 μένης
758 2691 1201 2762 ἀντελαμϐάνετο
1239 2694 1442 2765 πάσης,
1494 2695 1590 2748 καὶ
1643 2694 1971 2766 διεκυϐέρνα
2025 2695 2126 2758 τάς

552 2780 902 2852 Ἐκκλησίας.
920 2784 1089 2836 Ὅταν
1117 2778 1209 2837 οὖν
1226 2783 1489 2854 ἀκούσῃς,
1519 2785 1739 2853 πρῶτον
1765 2786 2122 2851 ἀποστόλους,

536 2870 790 2944 δεύτερον
819 2876 1129 2945 προφήτας,
1142 2875 1326 2945 τρίτον
1342 2874 1609 2945 ποιμένας
1630 2875 1724 2928 καί
1742 2874 2123 2941 διδασκάλους,

539 2962 857 3034 χαρίσματα
892 2964 1158 3034 ἰαμάτων,
1190 2964 1527 3036 ἀντιλήψεις,
1558 2964 1945 3036 κυϐερνήσεις,
1990 2966 2121 3036 γένη

538 3053 821 3121 γλωσσῶν,
865 3055 1006 3125 μάθε
1028 3056 1110 3108 ὅτι
1147 3057 1296 3109 πᾶσα
1323 3058 1356 3126 ή
1384 3057 1620 3127 χορηγία
1653 3057 1762 3109 τῶν
1781 3057 1986 3111 λοιπῶν
2020 3075 2123 3128 χα-

541 3144 845 3216 ρισμάτων,
876 3144 1067 3217 ὥσπερ
1088 3147 1148 3200 ἐν
1178 3147 1408 3219 κεφαλῇ,
1445 3150 1510 3219 τῇ
1538 3148 1810 3219 ἀποστολῇ
1840 3149 2124 3203 ἐναπόκει-

536 3254 651 3290 ται.
681 3232 811 3309 Ἀρ*
832 3238 892 3291 οὑ
921 3238 1077 3307 ψιλὸν
1106 3238 1389 3309 ἐνομίζετε
1408 3238 1649 3311 τοῦνομα
1676 3238 1786 3293 τῶν
1808 3239 2124 3293 ἀποστόλων

538 3329 648 3402 πρὸ
677 3329 905 3397 τούτους
947 3331 1077 3385 Ἰδοὺ
1104 3330 1201 3384 νῦν
1222 3331 1424 3400 ἔγνωτε
1460 3331 1627 3385 πόσον
1658 3330 1821 3402 βάθος
1862 3330 1975 3402 ἔχει
2001 3333 2125 3403 νοή-

540 3435 710 3489 ματος
742 3418 805 3472 τὸ
833 3420 1025 3491 ὄνομα.
1063 3419 1252 3474 Ταῦτα
1278 3420 1337 3473 δὲ
1389 3421 1717 3492 εἰρήκαμεν,
1765 3421 1867 3474 οὐκ
1914 3420 2124 3485 οἰκείας

534 3509 821 3579 δυνάμεως
854 3510 1114 3578 ἐπίδειξιν
1138 3511 1455 3584 ποιούμενοι
1482 3529 1496 3542 ·
1521 3513 1582 3566 οὑ
1622 3512 1736 3583 7&9
1774 3512 2023 3584 ήμέτερα
2053 3512 2124 3567 τὰ

535 3598 805 3669 λεγόμενα
829 3641 845 3664 ,
901 3601 1038 3656 ἀλλά
1086 3603 1185 3673 τῆς
1233 3602 1330 3657 τοῦ
1375 3602 1697 3674 Πνεύματος
1747 3606 1972 3676 χάριτος
2011 3605 2121 3658 τῶν

464 3753 468 3758 ,
537 3690 926 3765 ρᾳθυμοτέρων
956 3693 1055 3764 τὴν
1075 3694 1317 3765 νωθρίαν
1344 3695 1753 3768 διεγειρούσης,
1777 3696 1920 3750 ὥστε
1952 3697 2120 3769 μηδὲν

534 3785 900 3858 παρατρέχειν
930 3786 1137 3851 ἁπλῶς.
1662 3774 1675 3805 ί

602 3876 845 3942 Είκότως
900 3878 1011 3951 ἀρα
1037 3880 1306 3935 ὑπατείαν
1353 3879 1733 3952 πνευματικὴν
1771 3881 2118 3953 ἐκαλέσαμεν

535 3967 631 4038 τὴν
664 3969 992 4041 ἀποστολήν.
1027 3971 1323 4041 ΙἌρχοντες
1350 3971 1460 4042 γάρ
1508 3974 1649 4025 εἰσιν
1682 3972 1789 4025 ὑπὸ
1815 3972 1953 4026 Θεοῦ
2002 3991 2116 4045 χει-

534 4059 916 4130 ροτονηθέντες
946 4063 996 4115 οἰ
1031 4062 1323 4116 ἀπόστολοι
1342 4080 1355 4093 ·
1387 4064 1670 4135 ἄρχοντες,
1725 4065 1825 4117 οὑκ
1858 4063 1986 4133 ἔθνη
2021 4067 2117 4118 καὶ

531 4150 719 4216 πόλεις
771 4152 1064 4225 διαφόρους
1117 4153 1510 4226 λαμϐάνοντες,
1548 4156 1685 4209 ἀλλά
1716 4156 1919 4218 πάντες
1961 4158 2116 4228 κοινῇ

529 4243 630 4312 τὴν
672 4245 1002 4316 οἰκουμένην
1040 4248 1518 4318 ἐμπιστευθέντες.
1560 4249 1670 4302 Kal
1728 4250 1812 4301 ὅτι
1854 4248 2117 4319 ἄρχοντές

531 4336 639 4387 εισι
667 4337 1054 4407 πνευματικοὶ,
1091 4338 1187 4393 καὶ
1227 4339 1387 4393 τοῦτο
1431 4340 1718 4405 ἀποδεῖξαι
1755 4341 2113 4412 πειράσομαι,

531 4420 622 4473 ἵνα
651 4421 791 4490 μετὰ
813 4422 913 4493 τὴν
930 4422 1205 4488 ἀπόδειξιν
1229 4423 1464 4494 μάθητε,
1490 4426 1573 4478 ὅτι
1602 4423 1843 4496 τοσούτῳ
1870 4424 2114 4495 βελτίους

529 4510 668 4564 εἰσὶν
707 4515 757 4565 οἱ
779 4513 1068 4567 ἀπόστολοι
1087 4514 1199 4567 τῶν
1219 4515 1497 4585 ἀρχόντων
1518 4515 1628 4569 τῶν
1658 4515 1953 4586 βιωτικῶν,
1994 4518 2114 4588 ὅσῳ

530 4600 687 4655 αὐτοὶ
734 4604 784 4656 οί
820 4602 1063 4673 βιωτικοὶ
1095 4604 1360 4676 ἄρχοντες
1390 4605 1500 4659 τῶν
1544 4606 1754 4660 παίδων
1812 4607 1923 4661 τῶν
1983 4625 2114 4662 παι-

530 4697 733 4762 ζόντων
762 4696 1018 4767 ἀμείνους
1036 4696 1164 4749 εἰσί.
1199 4696 1345 4750 Πολὺ
1373 4696 1481 4770 γὰρ
1509 4696 1713 4767 μείζων
1736 4698 1875 4770 αὕτη
1900 4698 2113 4771 ἐκείνης

528 4791 562 4860 ἡ
599 4789 766 4860 ἀρχὴ,
798 4789 896 4842 καὶ
933 4788 1135 4860 μᾶλλον
1162 4789 1263 4859 τὴν
1288 4789 1566 4859 ἡμετέραν
1594 4789 1807 4860 συνέχει
1829 4786 1997 4860 ζωὴν,
2014 4791 2113 4844 καὶ

430 4873 445 4879 ’
526 4880 734 4950 ταύτης
762 4880 1024 4951 ἀρθείσης
1053 4880 1235 4934 πάντα
1279 4879 1490 4950 οἴχεται
1546 4880 1642 4935 καὶ
1670 4881 2002 4937 διαλέλυται.
2045 4882 2111 4936 Τί

528 4975 649 5026 ποτ’
682 4969 776 5028 οὖν
810 4975 961 5028 ἐστιν
990 4974 1166 5045 ἀρχῆς
1196 4972 1488 5043 σύμϐολον,
1520 4975 1616 5027 καὶ
1660 4975 1785 5029 τίνα
1836 4975 1983 5046 ἔχειν
2020 4978 2112 5030 τὸν

531 5063 766 5134 ἄρχοντα
788 5065 920 5136 χρή;
954 5062 1342 5134 Δεσμωτηρίου
1373 5063 1645 5129 ἐξουσίαν,
1681 5063 1822 5118 ὥστε
1860 5067 1985 5129 τοὺς
2013 5068 2110 5137 μὲν

528 5154 709 5227 δῆσαι,
765 5156 893 5218 τοὺς
938 5155 996 5208 δὲ
1028 5153 1211 5219 λῦσαι,
1261 5155 1389 5217 τοὺς
1421 5154 1521 5225 μέν
1546 5154 1853 5220 ἐκϐάλλειν,
1890 5157 2019 5219 τοὺς
2053 5158 2110 5211 δὲ

527 5246 819 5318 ἐμϐάλλειν
850 5245 1042 5317 κύριός
1081 5248 1264 5299 ἐστιν·
1310 5248 1532 5314 ἀφεῖναι
1589 5245 1753 5299 πάλιν
1805 5247 2110 5318 χρημάτων

525 5334 834 5405 ὀφλήματα,
866 5336 958 5388 καὶ
991 5335 1118 5397 τοὺς
1142 5335 1243 5406 μὲν
1276 5333 1545 5388 ἀπολῦσαι
1570 5322 1729 5399 ὄντας
1751 5336 2106 5406 ὑπευθύνους,

524 5428 652 5488 τοὺς
678 5427 734 5480 δὲ
774 5426 1028 5481 κελεῦσαι
1056 5426 1349 5481 ἀποδοῦναι
1388 5426 1578 5497 κύριός
1608 5426 1756 5480 ἐστιν
1777 5444 1791 5456 ·
1830 5430 1912 5492 είς
1939 5429 2106 5483 θάνα-

523 5533 616 5570 τον
655 5518 815 5572 πάλιν
849 5519 1180 5587 ἀπαγαγεῖν,
1214 5518 1308 5571 καὶ
1333 5517 1443 5571 ἀπὸ
1470 5516 1564 5570 τοῦ
1596 5516 1830 5573 θανάτου
1855 5519 2102 5573 καλέσαι·

504 5598 729 5676 ’μᾶλλον
759 5609 815 5662 δὲ
837 5609 994 5663 τοῦτο
1022 5612 1283 5681 ἄρχοντος
1312 5610 1410 5679 μὲν
1440 5610 1540 5662 οὐκ
1572 5609 1711 5673 ἔστι,
1746 5610 2012 5681 βασιλέως
2046 5612 2104 5664 δὲ

529 5696 719 5755 μόνον·
756 5700 958 5768 μᾶλλον
1002 5700 1059 5754 δὲ
1098 5700 1219 5753 οὐδὲ
1271 5701 1537 5771 βασιλέως
1576 5701 1868 5773 ὁλόκληρόν
1895 5705 2010 5756 ἐστι
2039 5703 2101 5756 τὸ

2232 386 2425 456 δῶρον.
2469 387 2545 439 Ού
2567 384 2682 453 γὰρ
2706 385 2814 437 ἀπὸ
2842 384 3075 438 θανάτου
3104 383 3260 437 καλεῖ
3286 384 3378 438 τὸν
3405 385 3666 451 ἀπιόντα,
3697 387 3811 441 ἀλλ’

2228 477 2291 543 ἐξ
2319 477 2625 547 ἀπαγωγῆς
2648 477 2833 542 μόνον,
2858 477 2955 530 καὶ
2971 475 3247 545 ἀπόφασιν
3269 476 3366 545 μὲν
3380 476 3546 532 λῦσαι
3568 476 3813 539 δύναται,

2230 570 2339 625 ἀπὺ
2370 569 2604 625 θανάτου
2644 570 2701 623 δὲ
2733 567 3175 623 ἀνακαλέσασθαι
3225 569 3287 622 ού
3323 568 3594 624 δύναται·
3630 570 3726 625 καί¹
3754 570 3814 624 τὸ

2232 661 2333 731 μὲν
2378 663 2559 731 χεῖρον
2599 672 2626 701 ιι
2677 658 2813 731 ἔχει,
2847 659 2942 713 τοῦ
2992 660 3263 730 βελτίονος
3308 660 3366 713 δὲ
3413 660 3808 726 ἀπεστέρηται.

2241 751 2375 805 Ἀπὸ
2402 752 2501 823 τῆς
2540 749 2719 822 ζώνης
2748 751 2807 804 δὲ
2831 750 2993 805 πάλιν
3017 751 3384 823 δοκιμάζομεν
3417 751 3514 807 τὸν
3555 752 3813 824 ἀρχοντα,

2229 842 2337 897 ἀπὸ
2368 844 2466 915 τῆς
2508 843 2605 898 τοῦ
2644 844 2888 915 κήρυκος
2923 844 3130 915 φωνῆς,
3176 844 3285 898 ἀπὸ
3314 844 3425 899 τῶν
3466 844 3811 917 ῥαϐδούχων,

2227 934 2337 990 ἀπὸ
2380 934 2475 990 τοῦ
2518 936 2800 1008 ὀχήματος
2833 936 2883 1002 ι),
2929 935 3038 990 ἀπὸ
3080 934 3176 990 τοῦ
3224 936 3452 1007 ξίφους’
3490 936 3671 992 ταῦτα
3705 938 3812 1009 7&9

2228 1029 2407 1084 πάντα
2435 1028 2614 1099 ἀρχῆς
2646 1027 2915 1100 σύμϐολα.
2957 1029 3189 1099 Ἴδωμεν
3237 1030 3418 1084 τοίνυν
3448 1029 3547 1083 καὶ
3575 1029 3676 1102 τὴν
3706 1030 3813 1083 τῶν

2227 1119 2544 1173 ἀποστόλων
2587 1119 2789 1190 ἀρχὴν,
2821 1121 2872 1173 εἰ
2914 1120 3091 1174 ταῦτα
3121 1119 3235 1192 ἔχει
3265 1121 3336 1174 τά
3381 1120 3634 1191 σύμϐολα
3653 1136 3668 1151 ·
3700 1121 3811 1191 ἔχει

2231 1210 2351 1281 μὲν,
2394 1212 2455 1266 οὐ
2485 1210 2718 1265 τοιαῦτα
2742 1211 2820 1277 δὲ,
2853 1210 2993 1265 ἀλλά
3036 1210 3218 1283 πολλῷ
3264 1211 3539 1282 βελτίονα,
3574 1214 3687 1266 Καὶ
3729 1214 3813 1267 ἵνα

2231 1302 2407 1375 μάθῃς
2435 1304 2515 1357 ὅτι
2541 1303 2717 1357 ταῦτα
2750 1303 2851 1374 μὲν
2880 1303 3122 1375 ὀνόματα
3152 1302 3522 1378 πραγμάτων,
3556 1303 3812 1358 ἐκεῖναδέ

2227 1394 2454 1466 ἀλήθεια
2482 1395 2865 1467 πραγμάτων
2904 1395 2990 1449 ίνα
3036 1395 3214 1467 μάθῃς
3245 1395 3305 1449 τὸ
3340 1395 3507 1467 μέσον
3533 1395 3645 1449 τῶν
3687 1412 3800 1449 παι·

2225 1486 2354 1540 δίων
2393 1486 2502 1540 τῶν
2548 1487 2859 1552 παιζόντων
2904 1487 3110 1560 ἀρχάς,
3164 1486 3259 1541 καὶ
3299 1486 3415 1541 τῶν
3465 1486 3654 1558 ἀρχῶν
3705 1486 3811 1539 τῶν

2227 1578 2462 1649 ἐχόντων
2476 1578 2575 1642 τὰς
2603 1578 2781 1650 ἀρχάς
2803 1595 2817 1609 ·
2834 1578 2946 1642 καὶ,
2971 1581 3019 1633 εἰ
3053 1578 3335 1650 βούλεσθε,
3361 1580 3583 1634 ἀπὸτοῦ
3608 1579 3812 1651 δεσμω-

2224 1667 2417 1740 τηρίου
2444 1668 2659 1740 πρῶτον
2690 1668 3093 1742 ἀριθμήσομεν.
3121 1670 3232 1724 Καὶ
3258 1671 3367 1741 γάρ
3388 1671 3716 1743 εἰρήκαμεν,
3733 1672 3811 1724 ὅτι

2226 1758 2417 1830 κύριος
2450 1757 2546 1812 τοῦ
2576 1758 2738 1829 δῆσαι
2768 1760 2863 1813 καὶ
2899 1759 3060 1816 λῦσαί
3087 1762 3238 1815 ἐστιν
3267 1762 3297 1814 ό
3332 1760 3545 1832 ἄρχων.
3575 1760 3718 1831 Ὅρα
3749 1759 3812 1829 δὴ

2225 1846 2429 1918 ταύτην
2466 1846 2568 1918 τὴν
2604 1846 2784 1918 ἀρχὴν
2827 1850 2954 1912 τοὺς
3000 1849 3337 1913 ἀποστόλους
3395 1849 3648 1920 ἔχοντας.
3700 1844 3812 1920 [78]

2227 1938 2456 2003 ’Ὄσους
2479 1939 2590 2008 γὰρ
2608 1938 2686 1993 ἂν
2700 1939 2931 2008 δήσητε
2945 1940 3047 1995 ἐπὶ
3067 1940 3178 2011 τῆς
3196 1939 3334 2011 γῆς,
3362 1943 3553 2013 φησιν,
3571 1942 3811 1995 ἔσονται

2226 2028 2531 2098 δεδεμένοι
2559 2030 2632 2083 ἐν
2658 2030 2784 2096 τοῖς
2812 2032 3112 2099 οὐρανοῖς·
3142 2032 3242 2085 καὶ
3258 2032 3452 2099 ὅσους
3483 2034 3563 2087 ἂν
3583 2035 3810 2099 λύσητε

2225 2120 2324 2173 ἐπὶ
2356 2120 2465 2189 τῆς
2491 2120 2608 2190 γῆς
2625 2122 2873 2177 ἔσονται
2898 2123 3222 2192 λελυμένοι
3251 2125 3638 2193 ἐνοίιοανοῖς.
3655 2120 3809 2187 Εἶδες

2225 2211 2627 2285 δεσμωτηρίου,
2662 2215 2758 2267 καὶ
2781 2215 3161 2287 δεσμωτηρίου
3190 2215 3446 2283 ἐξουσίαν
3468 2233 3482 2247 ·
3509 2217 3604 2270 xal
3627 2215 3689 2268 τὸ
3717 2215 3813 2287 μέν

2225 2300 2397 2374 δνομα
2421 2303 2483 2356 τὸ
2501 2303 2655 2365 αὐτὸ,
2683 2304 2746 2357 τὸ
2773 2305 2829 2359 δὲ
2851 2306 3084 2377 πρᾶγμα
3111 2306 3174 2360 οὐ
3208 2307 3271 2360 τὸ
3306 2307 3461 2362 αὑτό.
3500 2305 3809 2379 Δεσμά,κα“ι

2225 2392 2422 2464 δεσμά⁶
2442 2393 2580 2449 ἀλλά
2605 2396 2675 2449 τά
2702 2396 2801 2467 μὲν
2823 2397 2916 2450 ἐπὶ
2943 2398 3040 2469 τῆς
3056 2398 3261 2469 γῆς,τά
3287 2398 3345 2452 δέ
3377 2400 3440 2454 ἐν
3464 2399 3525 2453 οὐ
3536 2396 3811 2471 ρανῷ.οὑ-

2230 2486 2392 2557 ρανὸς
2423 2486 2532 2558 γάρ
2561 2488 2708 2541 ἐστιν
2735 2488 2921 2553 αὐτοῖς
2941 2489 3002 2542 τὸ
3022 2489 3425 2561 δεσμωτήριον.
3447 2490 3604 2544 Μάθε
3635 2489 3811 2543 τοίνυν

2227 2577 2287 2630 τὸ
2305 2576 2534 2647 μέγεθος
2548 2576 2649 2647 τῆς
2667 2578 2865 2652 ἀρχῆς.
2892 2578 3017 2632 Ἐπὶ
3028 2578 3127 2651 τῆς
3144 2579 3249 2649 γῆς
3265 2579 3407 2650 καθή
3416 2597 3575 2651 μενοι
3591 2580 3808 2653 φέρουσι

2227 2669 2325 2739 τὴν
2347 2668 2553 2738 ψῆφον,
2590 2668 2685 2722 καὶ
2713 2671 2812 2741 τῆς
2847 2669 3030 2741 ψήφου
3063 2673 3096 2742 ή
3123 2671 3353 2745 δύναμις
3381 2673 3655 2729 διαϐαίνει
3688 2673 3806 2737 τοὺς

2227 2759 2508 2829 οὐρανούς.
2538 2760 2647 2814 Kal
2681 2761 2935 2833 καθάπερ
2951 2765 3000 2816 οἰ
3028 2763 3128 2834 μὲν
3160 2763 3400 2835 βασιλεῖς
3432 2765 3733 2838 καθήμενοι
3752 2765 3809 2817 ἐν

2230 2850 2332 2919 μιᾷ
2351 2849 2504 2903 πόλει
2526 2849 2853 2921 ψηφίζονται
2875 2853 2968 2905 καὶ
2989 2853 3395 2923 νομοθετοῦσιν,
3412 2857 3451 2928 ἠ
3482 2854 3544 2910 δέ
3569 2855 3676 2909 τῶν
3701 2854 3806 2925 ψηο

2229 2940 2518 3010 φισμάτων
2571 2942 2666 2995 καὶ
2699 2941 2809 2996 τῶν
2841 2943 3023 3014 νόμων
3069 2944 3301 3018 δύναμις
3324 2948 3514 3002 πᾶσαν
3538 2942 3807 3013 διατρέχει

2226 3032 2326 3103 τὴν
2358 3032 2683 3105 οἰκουμένην
2703 3050 2717 3062 ·
2746 3034 2892 3089 οὕτω
2928 3037 3025 3090 καὶ
3051 3037 3196 3104 τότε,
3229 3040 3281 3093 οἱ
3304 3039 3406 3110 μὲν
3444 3038 3730 3095 ἀπόστολοι
3749 3038 3806 3089 ἐν

2227 3124 2311 3178 ἐνὶ
2354 3124 2505 3196 τόπῳ
2544 3126 2847 3197 καθήμενοι
2887 3127 3063 3183 ταῦτα
3109 3130 3501 3201 ἐνομοθέτουνο
3547 3132 3582 3201 ἡ
3620 3131 3677 3185 δὲ
3703 3128 3807 3182 τῶν

2226 3215 2407 3285 νόμων
2450 3214 2710 3287 δύναμις,
2757 3218 2990 3273 καὶτῶν
3027 3220 3249 3292 δεσμῶν
3286 3221 3524 3287 τούτων,
3556 3220 3675 3292 οὐχὶ
3710 3218 3804 3290 τήν

2224 3307 2556 3379 οἰκουμένην
2601 3310 2763 3379 μόνον
2796 3312 3095 3384 διέτρεχεν,
3141 3314 3281 3370 ἀλλά
3322 3314 3419 3370 καὶ
3465 3318 3547 3379 εἰς
3585 3314 3715 3370 αὐτὸ
3745 3312 3806 3366 τὸ

2227 3398 2361 3470 ὕψος
2386 3400 2495 3454 τῶν
2514 3402 2761 3474 οὐρανῶν
2780 3404 3086 3463 ἀνέϐαινεν.
3117 3403 3272 3470 Εἶδες
3284 3408 3683 3480 δεσμωτήριον,
3712 3404 3801 3459 καὶ

2222 3492 2629 3565 δεσμωτήριον*
2666 3495 2732 3547 τὸ
2764 3495 2864 3566 μὲν
2903 3497 2997 3549 ἐπὶ
3030 3497 3154 3569 γῆς,
3194 3497 3257 3551 τὸ
3298 3497 3358 3551 δὲ
3400 3500 3466 3551 ἐν
3489 3497 3719 3568 οὐρανῷ,
3744 3495 3804 3548 τὺ

2227 3585 2326 3656 μὲν
2355 3586 2645 3657 σωμάτων,
2690 3586 2753 3641 τὸ
2804 3588 2862 3642 δὲ
2911 3588 3131 3659 ψυχῶν
3177 3589 3378 3661 μᾶλλον
3412 3589 3477 3644 δὲ
3504 3589 3597 3644 καὶ
3619 3585 3801 3659 ψυχῶν

2224 3677 2318 3730 καὶ⁹
2343 3678 2612 3749 σωμάτων
2634 3696 2648 3709 ·
2685 3680 2747 3733 ού
2777 3680 2889 3752 7&9
2925 3680 3157 3752 σώματα
3180 3681 3448 3753 ἐδέσμουν
3479 3678 3799 3756 μόνον,ἀλλά

2222 3767 2315 3820 καὶ
2350 3766 2549 3837 ψυχάς.

2290 3865 2352 3913 ε’.
2386 3858 2579 3913 Βούλει
2612 3861 2806 3932 μαθεῖν
2840 3862 2956 3926 πῶς
2986 3861 3167 3935 κύριοι
3192 3858 3335 3935 ἦσαν
3374 3865 3475 3918 καλ⁸
3517 3863 3796 3935 ὀφλήματα

2221 3949 2470 4019 ἀφεῖναι;
2489 3952 2598 4005 Καὶ
2612 3952 2722 4024 γάρ
2750 3953 2845 4007 καὶ
2870 3954 3107 4008 ἐνταῦθα
3138 3955 3272 4009 πολὺ
3293 3955 3354 4009 τὸ
3380 3955 3638 4027 διάφορον
3657 3954 3791 4023 δψεν

2220 4040 2282 4092 οὑ
2312 4039 2422 4112 γὰρ
2450 4041 2741 4112 ὀφλήματα
2767 4043 3093 4114 χρημάτων,
3131 4042 3249 4098 ἀλλ’
3275 4044 3572 4117 ὀφλήματα
3620 4046 3791 4115 ἀμαρ-

2218 4146 2284 4199 τη
2294 4129 2479 4199 μάτων
2499 4129 2733 4199 ἀφίεσαν
2756 4147 2770 4162 ·
2786 4128 2902 4186 Ὧν
2914 4132 3046 4202 γὰρ,
3068 4135 3254 4205 φησὶν,
3278 4134 3479 4206 ἀφῆτε
3496 4134 3605 4199 τὰς
3620 4134 3795 4204 ἁμαρ-

2219 4221 2375 4287 τίας,
2393 4220 2693 4291 ἀφέωνται
2714 4224 2940 4290 αὐτοῖς’
2964 4225 3063 4279 καὶ
3077 4219 3168 4280 ὧν
3182 4224 3262 4281 ἂν
3290 4227 3572 4298 κρατῆτε,
3590 4222 3792 4294 x8196-

2218 4328 2447 4379 τηνται.
2485 4313 2553 4367 Τί
2605 4314 2744 4385 μετά
2789 4315 2951 4369 τοῦτο
2981 4316 3264 4381 ἀποδεῖξαι
3295 4318 3425 4390 χρὴ,
3460 4321 3546 4373 ὅτι
3591 4317 3683 4371 καὶ
3718 4314 3793 4374 εἰς

2219 4404 2449 4459 θάνατον
2484 4404 2754 4477 ἔπεμπον,
2788 4408 2883 4461 καὶ
2914 4408 3024 4461 ἀπὸ
3065 4408 3297 4463 θανάτου
3332 4411 3500 4465 πάλιν
3549 4409 3787 4466 ἐκάλουν.

2219 4498 2319 4549 οὐκ
2341 4496 2401 4563 ἐξ
2418 4496 2749 4566 ἀποφάσεως
2777 4498 2968 4571 μόνης,
3003 4500 3097 4551 καὶ
3122 4500 3450 4572 ἀπαγωγῆς,
3467 4500 3604 4555 ἀλλά
3623 4498 3711 4552 καὶ
3730 4499 3790 4548 ἐκ

2220 4586 2452 4642 θανάτου
2463 4588 2590 4652 τοὺς
2606 4589 2892 4660 κειμένους
2909 4591 3011 4662 ήδη
3027 4591 3122 4644 καὶ
3132 4591 3530 4665 διαφθαρέντας
3542 4589 3789 4647 ἀνιστῶν-

2217 4695 2347 4744 τεςς
2372 4679 2482 4732 Ποῦ
2508 4680 2692 4734 τοίνυν
2722 4681 3122 4750 κατεδίκασαν;
3153 4683 3259 4737 ποῦ
3287 4684 3676 4758 δὲάπήλλαξαν
3701 4680 3790 4733 θα·

2217 4769 2416 4837 νάπους
2443 4769 2502 4823 ὐ
2532 4771 2782 4835 Ἀνανίας
2811 4772 2906 4827 καὶ
2930 4774 2966 4845 ή
2984 4773 3268 4845 Σάπφειρα
3304 4775 3610 4847 ἱεροσυλίας
3630 4770 3789 4826 ἑάλω-

2220 4877 2320 4914 σαν
2339 4878 2353 4893 °
2395 4862 2446 4913 εἰ
2484 4860 2595 4932 γὰρ
2626 4862 2722 4914 καὶ
2742 4863 2813 4917 τά
2842 4863 3053 4917 ἑαυτῶν
3085 4864 3322 4936 ἔκλεψαν
3362 4869 3641 4940 χρήματα,
3676 4858 3786 4915 ἀλλ’

2216 4955 2366 5023 ὅμως
2418 4953 2726 5024 ἱεροσυλίας
2777 4954 2841 5007 τὸ
2889 4956 3150 5027 τόλμημα
3197 4955 3267 5030 ἦν
3294 4976 3308 4991 ο
3349 4959 3490 5029 μετά
3533 4956 3641 5029 7&9
3690 4954 3786 5023 τὴν

2217 5043 2516 5111 ὑπόσχεσιν
2546 5042 2649 5095 οὑκ
2692 5042 2773 5095 ἔτι
2804 5039 2873 5114 ἦν
2908 5045 3093 5099 αὐτῶν
3122 5046 3194 5101 τά
3227 5051 3509 5121 χρήματα.
3552 5047 3617 5100 Τί
3644 5038 3733 5098 οὖν
3757 5043 3783 5095 ὀ

2229 5129 2584 5196 Ἀπόστολος;
2619 5131 2889 5186 ’Ἄκουσον
2923 5132 3063 5199 πῶς,
3096 5137 3350 5210 καθάπερ
3371 5141 3429 5193 ὲν
3460 5132 3786 5206 δικαστηρίῳ

2214 5219 2546 5292 καθήμενος,
2580 5222 2676 5276 τὸν
2710 5223 2990 5294 ἱερόσυλον
3018 5227 3255 5296 εἰσάγει,
3291 5229 3385 5285 καὶ
3410 5229 3604 5283 πεῦσιν
3630 5236 3785 5294 προσ-

2213 5313 2338 5380 άγει
2369 5312 2626 5385 καθάπερ
2646 5313 2930 5387 δικαστὴς,
2958 5316 3054 5372 καὶ
3075 5319 3199 5374 τότε
3230 5319 3330 5393 τὴν
3352 5320 3627 5390 ἀπόφασιν
3675 5314 3772 5365 ἑπ-

2275 5464 2299 5493 ⁸
2325 5463 2476 5529 C01b._
2495 5463 2639 5529 λ’ὖσαι
2659 5464 2868 5529 δύναται·
2891 5466 2995 5514 ἀλλ’
3017 5466 3265 5529 ἐμϐάλλειν
3288 5468 3371 5529 μὶν
3405 5468 3469 5523 εἷς
3490 5464 3681 5529 θάνατον

2208 5542 2365 5597 ναξ-αι,
2390 5526 2486 5574 ἀπὸ
2505 5527 2705 5575 θανάτου
2730 5528 2783 5576 δὲ
2803 5516 3185 5578 ἀνακαλέσασθαι
3209 5529 3265 5577 οὐ
3288 5516 3493 5577 δύναται·
3520 5525 3599 5574 καί
3623 5521 3678 5570 τὸ
3699 5516 3776 5581 μὲν

2207 5602 2458 5722 χῗὲκὲὑιὺ.
2483 5647 2686 5722 ἀπδτοῦ
2707 5650 2964 5722 ὀχήματος,
2979 5664 3020 5722 εξ
3038 5664 3342 5722 ςκπιιηφιω
3364 5654 3513 5703 lecuo
3532 5655 3777 5713 Sem‘

2209 5715 2264 5757 ul
2285 5721 2346 5758 ex
2368 5710 2693 5770 sequentibus
2710 5710 2959 5774 a'l‘ghimr;
2979 5711 3114 5764 Edili
3136 5710 3395 5776 σχήματος.
