4086 6430
253 431 316 485 93
747 434 837 489 DE
879 435 1131 492 UTlLlT.
1173 431 1531 501 LECTIONIS
1573 446 2131 513 SCRIPTURARUM.
2164 459 2232 515 IN
2261 461 2551 522 PRINCIP.
2593 471 2943 535 ACTORUM.
2987 483 3076 540 ili.

251 554 464 598 numero
493 542 712 611 quidem
759 562 947 614 unum,
979 550 1185 604 varium
1234 564 1413 609 autem
1460 558 1635 624 donis,
1668 577 1730 616 ac
1753 563 1835 616 di-

253 649 395 689 versa
442 636 814 705 possidentem
859 653 975 706 ora,
1016 642 1330 715 linguasque
1354 648 1613 706 diversas.
1645 652 1839 709 Videa-

251 742 358 780 mus
394 728 577 796 itaque
607 744 716 799 quo
743 740 901 801 pacto
928 734 1217 803 Apostolus
1245 738 1347 794 hoc
1386 757 1600 813 quoque
1635 744 1835 801 donum

251 816 479 880 haberet,
503 825 561 872 et
588 820 693 874 alia
735 823 934 877 omnia.
969 824 1043 878 De
1073 824 1175 881 hoc
1205 829 1420 898 quidem
1451 831 1523 887 ita
1561 834 1832 905 loquitur:

248 904 405 977 Magis
431 924 592 980 quam
611 924 699 964 vos
724 927 898 967 omnes
924 913 1115 986 linguis
1137 917 1316 987 loquor
1341 920 1417 991 (1.
1446 920 1566 978 Cor.
1598 926 1619 978 l
1722 927 1831 995 18).

248 996 398 1051 Vides
417 1007 475 1052 ut
500 1013 705 1066 genera
733 1000 1033 1072 linguarum
1060 1005 1274 1075 habeat,
1295 1025 1395 1065 nec
1417 1013 1588 1067 solum
1618 1014 1831 1082 habeat,

245 1087 330 1142 sed
356 1087 545 1158 majori
578 1104 703 1145 cum
732 1093 977 1150 ubertate
997 1111 1156 1166 quam
1187 1102 1368 1156 caeteri
1394 1117 1583 1160 omnes
1612 1105 1834 1163 fideles?

245 1177 349 1234 Non
391 1180 535 1234 enim
588 1181 735 1237 dixit
775 1185 955 1253 modo,
1000 1186 1221 1260 Linguis
1269 1193 1418 1264 loqui
1468 1210 1706 1266 possum,
1738 1202 1834 1257 sed

249 1269 404 1342 Magis
448 1287 607 1341 quam
647 1288 827 1330 omnes
876 1290 964 1330 vos
1011 1278 1198 1351 linguis
1247 1282 1445 1354 loquor.
1488 1286 1831 1360 Propb‘etiam

245 1372 408 1417 autem
436 1379 541 1435 qua
591 1367 851 1435 praeditus
876 1380 1016 1438 erat,
1049 1372 1152 1428 illis
1179 1377 1360 1432 verbis
1391 1379 1680 1449 indicabat,
1709 1400 1830 1439 cum

241 1453 435 1509 diceret
462 1472 477 1508 :
510 1455 743 1526 Spiritus
767 1469 933 1515 autem
962 1465 1229 1534 manifeste
1255 1467 1399 1535 dicit,
1429 1473 1637 1539 quodin
1658 1475 1829 1529 novis-

242 1544 368 1597 simis
392 1548 706 1616 tem-poribus
725 1550 982 1606 instabunt
1010 1563 1236 1625 tempora
1265 1560 1549 1628 periculosa
1583 1564 1659 1636 (2.
1690 1564 1826 1622 Tim.

241 1635 363 1690 5.1.
391 1639 511 1692 coll.
551 1642 600 1693 l.
649 1640 782 1696 Tim.
814 1644 868 1698 4.
906 1645 996 1716 i)‘:
1032 1662 1192 1716 porro
1220 1664 1338 1719 qum
1366 1655 1669 1712 novissimis
1697 1668 1830 1713 tem-

239 1728 445 1795 poribus
464 1731 719 1787 evenient
746 1735 949 1801 dicere,
975 1740 1311 1810 prophetiam
1332 1760 1459 1801 esse
1489 1763 1650 1802 nemo
1677 1750 1829 1821 igno-

236 1826 331 1871 rat.
362 1818 427 1873 Et
451 1836 668 1888 rursus,
704 1822 816 1878 Hoc
842 1827 1034 1893 scitote,
1067 1831 1205 1899 quod
1240 1832 1294 1885 in
1324 1835 1608 1890 novissimis
1630 1818 1826 1911 tempo-

235 1909 365 1963 ribus
391 1911 653 1967 instabunt
682 1924 910 1985 tempora
930 1920 1214 1988 periculosa
1258 1924 1335 1996 (2.
1376 1925 1509 1980 Tim.
1548 1928 1600 1983 5.
1631 1931 1657 1984 1
1772 1943 1827 1988 et

237 2013 428 2064 rursus,
471 2000 604 2056 Dico
644 2004 780 2058 enim
807 2006 945 2061 vobis
973 2014 1029 2063 in
1056 2009 1204 2064 verbo
1251 2011 1476 2080 Domini,
1509 2020 1745 2086 quoniam
1770 2023 1825 2077 in

232 2089 437 2144 adventu
478 2096 596 2163 ejus
625 2110 723 2149 nos
746 2097 834 2166 qui
875 2100 1108 2167 vivimus,
1148 2103 1237 2171 qui
1280 2105 1472 2159 residui
1498 2125 1690 2179 sumus,
1722 2129 1825 2168 non

236 2183 591 2246 prwvenicmus
638 2202 741 2252 eos,
766 2189 857 2256 qui
900 2190 1215 2246 dormierunt
1261 2194 1335 2266 (1.
1374 2194 1552 2252 Thess.
1600 2202 1656 2267 4.
1710 2202 1820 2276 Η).

232 2266 335 2327 Hoc
381 2289 603 2345 quoque
659 2278 940 2346 prophetia
984 2289 1087 2336 est.
1134 2283 1295 2339 Vides
1348 2286 1494 2343 illum
1542 2266 1821 2363 etgcnera

229 2362 517 2432 linguarum
539 2374 601 2420 et
629 2367 939 2437 prophetias
965 2369 1253 2429 habuisse?
1274 2374 1368 2431 Vis
1397 2380 1557 2434 etiam
1586 2362 1817 2453 discere,

228 2468 326 2522 quo
349 2466 500 2524 pasto
522 2459 732 2528 gratias
756 2463 1091 2518 curationum
1120 2465 1407 2523 habuerit?
1444 2470 1551 2527 Sed
1580 2472 1682 2530 hoc
1706 2476 1819 2531 for-

228 2553 359 2600 tasse
382 2548 674 2604 verborum
699 2550 1156 2613 demonstratione
1177 2574 1286 2614 non
1313 2561 1534 2634 indiget,
1554 2580 1676 2621 cum
1711 2585 1816 2624 non

228 2638 499 2704 Apostolus
527 2648 759 2706 tantum,
789 2644 885 2698 sed
916 2645 1154 2715 ipsorum
1195 2651 1356 2705 etiam
1402 2664 1581 2711 vestes
1630 2661 1814 2728 gratiis

228 2726 555 2783 «nationum
602 2731 858 2800 praeditas
881 2734 1046 2791 fuisse
1070 2738 1367 2796 videamus.
1407 2726 1690 2804 Doctorein
1715 2766 1814 2806 au-

226 2822 322 2869 tem
349 2820 595 2887 gentium
625 2836 686 2877 se
713 2822 879 2880 fuisse
921 2828 1108 2883 multis
1136 2831 1190 2885 in
1229 2832 1364 2889 locis
1392 2846 1639 2908 testatur,
1666 2857 1730 2897 ac
1755 2860 1815 2900 se

225 2904 312 2958 toti
343 2914 609 2964 terrarum
647 2912 765 2967 orbi
815 2915 1152 2987 subvenisse,
1203 2930 1257 2976 et
1303 2923 1571 2982 Ecclesias
1616 2904 1812 3000 guber-

221 3010 386 3053 nasse.
426 2999 567 3057 Cum
591 3002 751 3073 igitur
768 3008 1019 3076 audieris,
1038 3013 1271 3081 primum
1291 3018 1596 3088 Apostolus,
1613 2999 1812 3083 deinde

226 3086 527 3159 Prophetas,
567 3095 726 3151 tertio
748 3097 997 3156 Pastores
1022 3117 1087 3159 ac
1115 3104 1394 3175 Doctores,
1425 3086 1628 3180 gratias
1655 3130 1812 3172 cura-

220 3180 429 3250 tionum,
459 3186 868 3259 upitulationes,
906 3194 1348 3266 gubernationes,
1376 3216 1572 3272 genera
1603 3207 1812 3278 lingua-

222 3284 362 3341 rum,
400 3276 551 3335 disce
604 3282 933 3352 reliquarqu
985 3288 1280 3356 gratiarum
1331 3295 1543 3364 copiam
1593 3314 1808 3359 omnem

221 3373 472 3436 tamquam
518 3370 576 3425 in
619 3376 797 3443 capite
824 3376 878 3430 in
908 3378 1226 3448 Apostolatu
1253 3385 1506 3440 residere.
1536 3388 1806 3463 Numquid

222 3458 404 3514 nudum
425 3477 550 3519 esse
585 3479 784 3521 nomen
837 3468 1216 3538 Apostolorum
1260 3483 1420 3533 antea
1461 3458 1806 3542 ceusebatis?

222 3544 371 3616 Ecce,
411 3564 614 3623 quanta
668 3556 1005 3627 profunditas
1044 3577 1297 3620 sensuum
1348 3566 1453 3622 hoc
1491 3586 1555 3625 ex
1586 3556 1804 3634 nomine

218 3644 594 3711 comprehensa
621 3648 867 3704 novistis.
892 3650 1017 3708 Haec
1042 3664 1222 3709 autem
1251 3671 1281 3710 a
1311 3659 1464 3714 nobis
1488 3661 1630 3718 dicta
1653 3677 1796 3733 sunt,

219 3744 313 3785 non
339 3743 394 3789 ut
419 3745 664 3792 nostram
695 3739 946 3796 virtutem
971 3751 1409 3802 ostentaremus:
1442 3764 1619 3822 neque
1655 3757 1798 3812 enim

217 3833 380 3879 nostra
427 3834 558 3883 sunt
595 3843 715 3898 qua:
750 3829 1021 3899 dicuntur,
1051 3836 1146 3890 sed
1189 3838 1378 3907 gratia:
1423 3839 1657 3910 Spiritus
1677 3862 1798 3915 quzc

216 3915 641 3986 negligentiorum
698 3924 979 3994 segnitiem
1027 3928 1247 3995 excitat,
1302 3938 1358 3985 ut
1407 3933 1537 3988 nihil
1595 3946 1799 3994 temere

218 4012 595 4072 preta'tuittat.

280 4097 604 4166 Apostolatus
640 4102 949 4159 Consulatus
989 4108 1292 4176 spiritualis.
1315 4140 1389 4151 —-
1409 4113 1597 4172 Merito
1636 4118 1797 4190 igitur

214 4184 523 4254 spiritualem
568 4193 914 4251 Consulatum
961 4200 1354 4268 appellavimus
1392 4184 1789 4277 Apostolatum.

214 4276 333 4336 Sunt
353 4285 495 4340 enim
520 4301 550 4341 a
574 4286 687 4342 Deo
713 4289 974 4360 designati
1000 4294 1342 4363 magistratus
1370 4276 1642 4367 Aposwli;
1675 4321 1791 4360 ma-

209 4370 443 4438 gistratus
460 4418 477 4442 ,
506 4379 699 4448 quibus
724 4396 830 4435 non
858 4391 1045 4452 gentes
1071 4384 1335 4456 urbesque
1359 4390 1521 4445 varia:
1554 4393 1791 4450 tribuun-

212 4469 316 4532 tur,
338 4468 427 4523 sed
463 4483 689 4539 quorum
717 4473 955 4528 omnium
984 4474 1107 4531 ﬁdei
1132 4476 1292 4532 simul
1318 4486 1459 4535 totus
1502 4483 1647 4539 orbis
1677 4495 1789 4542 ter-

210 4565 368 4612 rarum
394 4562 765 4618 committitur.
793 4565 964 4621 Porro
1003 4568 1345 4637 magistratus
1374 4571 1496 4627 illos
1520 4589 1640 4630 esse
1680 4580 1790 4649 spi-

210 4646 407 4704 rituales
442 4651 816 4711 demonstrare
854 4657 1115 4725 conabor,
1150 4669 1208 4712 ut
1234 4674 1300 4714 ex
1334 4646 1788 4725 demonstratione

209 4736 501 4813 intelligatis
542 4753 688 4801 tanto
720 4748 972 4804 meliores
999 4751 1348 4806 saecularibus
1389 4756 1787 4825 magistratibus

206 4841 314 4885 esse
346 4834 633 4903 Apostolos
663 4878 678 4902 ,
725 4847 925 4909 quanto
963 4840 1068 4911 ipsi
1111 4842 1453 4912 magistratus
1501 4850 1785 4908 saeculares

210 4919 487 4983 ludentibus
515 4930 696 4998 pueris
719 4934 1067 4990 antecellunt.
1094 4933 1258 4989 Multo
1282 4937 1479 5007 quippe
1507 4943 1787 5012 magistra-

208 5026 279 5075 tus
298 5022 391 5080 iste
414 5030 758 5097 prmstautior
783 5039 867 5086 est
893 5032 984 5085 illo
1004 5073 1018 5097 ,
1047 5035 1324 5105 magisque
1351 5039 1510 5092 vitam
1544 5047 1780 5094 nostram

206 5116 423 5173 continet
447 5161 462 5185 ,
505 5135 676 5191 eoque
703 5124 913 5179 sublato
935 5127 1116 5181 omnia
1146 5130 1558 5196 pessumdantur
1586 5144 1639 5188 et
1685 5149 1781 5204 pc-

205 5216 360 5261 reunt.
404 5209 683 5277 Quodnam
728 5214 888 5283 igitur
927 5224 1012 5271 est
1059 5219 1402 5289 magistratus
1431 5221 1641 5293 insigne
1668 5266 1684 5292 ,
1729 5235 1784 5280 et

203 5307 426 5362 qutunam
455 5313 624 5370 sunt,
669 5320 788 5375 qua:
835 5305 1036 5363 habere
1084 5309 1246 5366 debet
1272 5310 1359 5367 hic
1393 5314 1779 5385 magistratus?

203 5387 505 5452 Potestatem
535 5398 589 5453 in
620 5413 889 5454 carcerem
908 5442 922 5465 ,
952 5402 1031 5457 sic
1059 5413 1117 5459 ut
1153 5405 1288 5461 alios
1328 5409 1531 5466 vincire
1558 5426 1779 5480 compe-

200 5480 335 5539 dibus
354 5526 370 5553 ,
400 5489 532 5544 alios
553 5490 792 5555 solvere,
817 5492 951 5548 alios
979 5494 1228 5561 educere,
1256 5499 1391 5555 alios
1415 5504 1584 5572 possit
1609 5505 1778 5572 conji-

198 5587 304 5631 cere
331 5595 346 5632 :
371 5594 556 5637 rursus
579 5583 922 5651 pecuniarum
942 5587 1121 5643 debita
1143 5590 1437 5657 dimittere,
1465 5605 1625 5666 atque
1648 5596 1779 5653 alios

195 5668 272 5731 qui
300 5666 510 5726 obnoxii
538 5684 692 5728 erant
719 5662 1033 5741 absolvere,
1065 5679 1184 5734 aliis
1215 5693 1270 5737 ut
1298 5662 1582 5741 restituant
1611 5687 1779 5758 impe-

197 5768 405 5822 rare,ex
452 5763 618 5832 ipsius
666 5766 863 5835 pendet
910 5770 1177 5826 arbitrio:
1207 5773 1272 5827 ad
1320 5786 1549 5831 mortem
1593 5793 1778 5834 rursus

195 5843 472 5922 “bducerc,
514 5862 675 5927 atque
703 5871 735 5912 a
765 5867 939 5917 morte
985 5876 1243 5919 revocare
1275 5881 1287 5918 :
1320 5866 1405 5922 vel
1451 5871 1630 5940 potius
1672 5870 1775 5928 hoc

3473 502 3541 560 Μ

1946 569 2288 639 magistratus
2319 592 2426 632 non
2452 589 2554 648 est,
2582 586 2676 640 sed
2703 587 3045 658 imperatoris
3074 603 3239 660 solius
3271 624 3284 660 :
3318 610 3398 666 vel
3440 630 3539 684 ρυ-

1946 657 2049 684 »τι-α
2078 675 2142 684 ..Α
2171 660 2395 684 I..._-_,__
2469 670 2480 682 ο
2610 675 2658 684 ..

1942 657 2051 712 tius
2077 675 2144 715 ne
2170 660 2511 734 Imperatoris
2535 675 2746 743 quidem
2773 657 2854 736 est
2878 684 3141 757 integrum
3172 694 3390 755 donum.
3424 657 3535 762 ἑο·-

1941 763 2046 817 que
2065 751 2208 807 enim
2231 768 2491 815 revocata
2515 775 2689 823 morte
2706 769 3034 845 defunctum,
3050 782 3143 837 sed
3162 800 3283 842 eum
3309 798 3533 864 tantum,

1942 837 2026 864 ..με
2058 839 2303 864 nl...l---:._,
2743 861 2753 864 -

1939 837 2030 907 qui
2056 839 2372 914 abducitur,
2411 865 2475 905 ac
2520 861 2843 916 sententiam
2870 867 3087 935 quidem
3125 886 3298 943 potest
3329 839 3537 941 resciu:

1938 928 2068 985 dere
2087 971 2103 995 ,
2132 933 2226 988 sed
2252 946 2357 992 non
2390 951 2564 1009 potest
2588 961 2618 1001 a
2647 962 2821 1009 morte
2847 970 3101 1018 revocare
3125 928 3147 995 ἶ
3178 981 3194 1031 ;
3224 976 3384 1038 atque
3406 974 3533 1032 illud

1941 1021 2156 1088 quidem
2202 1024 2367 1084 habet
2413 1036 2555 1102 quod
2581 1038 2819 1098 deterius
2847 1056 2931 1103 est
2953 1091 2968 1117 ,
3002 1067 3068 1107 eo
3095 1021 3224 1112 vero
3248 1021 3534 1122 destitutus

1936 1118 2059 1178 est,
2090 1118 2232 1184 quod
2260 1129 2343 1175 est
2392 1132 2750 1192 praestantius.
2795 1136 3000 1197 Rursus
3049 1150 3417 1219 magistratum
3466 1177 3533 1216 ex

1936 1202 2148 1275 cingulo
2166 1212 2514 1286 aestimamus,
2543 1237 2609 1277 ex
2639 1241 2770 1283 voce
2790 1237 3074 1304 praeconis,
3098 1256 3165 1295 ex
3193 1248 3530 1320 satellitibus,

1936 1306 2001 1350 ex
2032 1314 2190 1354 curru
2218 1344 2234 1368 ,
2266 1321 2332 1360 ex
2375 1309 2554 1379 gladio
2582 1332 2596 1379 ;
2629 1315 2743 1374 haec
2789 1325 2931 1381 enim
2974 1333 3151 1388 omnia
3194 1341 3531 1409 magistratus

1935 1395 2061 1442 sunt
2107 1389 2353 1464 insignia.
2414 1400 2698 1463 Videamus
2751 1412 2911 1483 igitur
2965 1435 3089 1476 num
3147 1389 3527 1497 Aposutolorum

1933 1479 2092 1534 etiam
2139 1487 2479 1556 magistratus
2523 1495 2639 1553 haec
2684 1479 2876 1561 habeat
2917 1509 3146 1582 insignia
3181 1479 3395 1576 :‘habet
3441 1526 3531 1582 ille

1932 1571 2152 1638 quidem
2175 1617 2191 1641 ,
2226 1580 2319 1634 sed
2347 1598 2452 1639 non
2496 1589 2618 1645 talia
2643 1632 2659 1658 ,
2686 1609 2871 1653 verum
2925 1605 3093 1659 multo
3136 1615 3528 1678 praestantiora.

1933 1664 2106 1734 Atque
2126 1679 2180 1721 ut
2198 1669 2594 1745 intelligashazc
2607 1686 2820 1752 quidem
2839 1706 3019 1749 rerum
3046 1712 3167 1753 esse
3184 1704 3421 1770 nomina,
3444 1708 3528 1761 illa

1933 1766 2061 1807 vero
2093 1773 2270 1814 rerum
2293 1766 2572 1825 veritatem
2591 1789 2605 1825 :
2622 1783 2679 1828 ut
2705 1780 2846 1846 quod
2865 1782 3237 1846 sitdiscrimen
3264 1794 3532 1868 intelligas

1933 1842 2074 1899 inter
2095 1862 2291 1916 pueros
2319 1856 2408 1925 qui
2436 1864 2777 1932 magistratus
2807 1871 2997 1932 ludunt
3024 1889 3078 1935 et
3101 1898 3195 1937 eos
3223 1888 3315 1957 qui
3357 1842 3528 1962 magi:-

1929 1945 2145 2005 stratus,
2190 1957 2419 2015 gerunt;
2448 1966 2511 2006 ac
2540 1955 2584 2008 si
2614 1957 2808 2028 placet,
2840 1979 2869 2018 a
2901 1981 3120 2028 carcere
3160 1975 3367 2034 initium
3396 1999 3529 2038 enu-

1929 2032 2242 2089 merationis
2263 2037 2541 2100 ducemus.
2571 2047 2811 2108 Diximus
2836 2059 2979 2114 enim
3003 2062 3055 2117 in
3080 2074 3343 2133 potestate
3364 2074 3526 2130 situm

1927 2136 2048 2176 esse
2068 2129 2430 2201 magistratus,
2460 2147 2519 2190 ut
2548 2138 2741 2199 vinciat
2767 2156 2821 2200 et
2841 2150 3033 2209 solvat.
3060 2155 3192 2213 Vide
3216 2177 3401 2220 rursus
3422 2165 3528 2222 hoc

1926 2587 2029 2632 tem
2064 2598 2077 2634 :
2107 2591 2161 2637 et
2210 2602 2406 2644 nomen
2452 2596 2668 2664 quidem
2696 2600 2836 2659 idem
2861 2645 2877 2672 ,
2910 2623 3023 2663 rem
3075 2623 3252 2670 autem
3303 2621 3524 2679 minime

1921 2670 2193 2728 eamdem.
2244 2676 2467 2737 Vincula
2511 2694 2567 2740 et
2595 2690 2845 2761 vincula;
2892 2699 2984 2753 sed
3013 2701 3116 2756 alia
3147 2703 3199 2758 in
3235 2716 3371 2763 terra
3400 2751 3415 2775 ,
3466 2714 3519 2767 in

1927 2762 2062 2815 caelo
2105 2766 2229 2820 alia.
2259 2768 2463 2829 Caelum
2507 2780 2704 2850 quippe
2730 2799 2916 2842 carcer
2954 2790 3060 2845 illis
3098 2806 3203 2850 est.
3235 2798 3515 2870 Cognosce

1920 2850 2080 2921 igitur
2105 2861 2509 2929 amplitudinem
2554 2877 2916 2944 magistratus.
2967 2882 3023 2937 ln
3068 2889 3225 2944 terris
3270 2850 3519 2951 seJdentcs

1918 2949 2237 3003 sententiam
2262 2951 2437 3011 ferunt
2461 2999 2477 3025 ,
2505 2972 2560 3015 et
2584 2965 2649 3018 ad
2681 2968 2842 3024 czelos
2884 2987 3051 3043 usque
3077 2990 3324 3046 penetrat
3349 2986 3519 3042 virtus

1917 3038 2216 3093 sententite.
2247 3041 2783 3116 thuemadmodum
2814 3061 3169 3132 imperatores
3191 3072 3242 3127 in
3267 3090 3369 3129 una
3397 3076 3519 3148 qui-

1918 3120 2037 3148 ΑΜ,
2432 3139 2480 3148 ..

1917 3120 2038 3177 dem
2068 3127 2287 3188 civitate
2337 3139 2636 3200 residentes
2662 3120 2982 3209 sententiam
3029 3159 3210 3216 ferunt
3231 3205 3246 3229 ,
3271 3180 3336 3221 ac
3372 3120 3520 3239 le'ges

3232 3217 3246 3229 ,
3372 3217 3515 3239 ηρ--

1914 3217 2199 3287 sanciunt,
2224 3238 2290 3279 ac
2332 3236 2721 3293 sententiarum
2769 3241 3055 3317 legumque
3098 3252 3177 3306 vis
3207 3258 3515 3317 universum

1912 3308 2099 3365 orbem
2149 3322 2409 3376 terrarum
2458 3338 2744 3394 permeat:
2784 3335 2863 3390 sic
2890 3340 3049 3394 etiam
3098 3352 3208 3398 tum
3258 3354 3515 3418 temporis

1910 3400 1953 3454 A
1962 3405 2153 3471 postoli
2172 3409 2384 3477 quidem
2404 3430 2513 3471 uno
2530 3419 2581 3473 in
2602 3420 2723 3478 loco
2735 3427 3028 3487 residentes
3041 3431 3156 3489 hare
3171 3400 3512 3497 sancielmnt:

1910 3505 2072 3560 porro
2101 3495 2278 3568 legum
2306 3503 2472 3562 virtus
2501 3517 2556 3564 et
2580 3512 2913 3574 vinculorum
2946 3522 3170 3580 istorum
3198 3545 3305 3585 non
3331 3533 3508 3590 solum

1909 3586 2096 3642 orbem
2126 3599 2390 3653 terrarum
2421 3605 2747 3670 pervadebat
2766 3650 2781 3674 ,
2816 3613 2912 3667 sed
2939 3615 3006 3669 ad
3034 3617 3206 3687 ipsum
3253 3623 3507 3682 caelorum

1907 3674 2174 3748 fastigiqu
2215 3689 2563 3748 ascendebat.
2605 3696 2766 3754 Vides
2794 3716 3067 3762 carcerem
3094 3719 3151 3765 et
3189 3727 3461 3772 carcerem
3488 3753 3507 3783 ,

1905 3767 2130 3826 alterum
2152 3776 2208 3830 iu
2232 3779 2409 3847 terris,
2432 3785 2663 3842 alterum
2683 3790 2735 3845 in
2757 3795 2922 3862 caelis;
2944 3798 3173 3856 alterum
3196 3819 3505 3876 corporum,

1903 3859 2129 3918 alterum
2157 3868 2458 3928 animarum
2486 3893 2501 3930 :
2533 3877 2643 3933 imo
2670 3896 2798 3937 vero
2825 3895 2879 3941 et
2903 3889 3204 3949 animarum
3232 3906 3288 3952 et
3313 3914 3507 3970 corpo-

1902 3964 2021 4005 rum
2054 3970 2067 4006 :
2095 3970 2270 4027 neque
2296 3962 2440 4018 enim
2465 3980 2691 4038 corpora
2723 3981 2949 4046 tantum,
2981 3981 3078 4036 sed
3103 3987 3267 4042 etiam
3292 3989 3504 4045 animas

1901 4042 2223 4104 vinciebant.

1916 4130 2156 4193 5.0ebita
2187 4141 2506 4203 dimittebant
2532 4152 2785 4224 Apostoli.
2805 4184 2878 4200 -ε-
2902 4161 2994 4217 Vis
3022 4164 3323 4240 intelligere
3340 4206 3359 4239 ,
3389 4188 3502 4244 quo

1898 4236 2055 4314 pacto
2081 4228 2133 4283 in
2164 4242 2428 4301 potestate
2459 4240 2675 4300 illorum
2711 4258 2931 4306 essetet
2956 4252 3133 4311 debita
3181 4228 3493 4320 dimittere?

1895 4311 2170 4387 Siquidem
2201 4322 2288 4379 hic
2315 4343 2531 4400 quoque
2577 4336 2800 4393 multum
2842 4341 3169 4403 discriminis
3212 4347 3451 4411 oll‘endes
3482 4374 3498 4419 ;

1895 4423 2072 4481 neque
2091 4415 2233 4470 enim
2256 4424 2603 4487 pecuniarum
2623 4428 2821 4497 debita,
2844 4434 2938 4489 sed
2959 4447 3295 4504 peccalomm
3320 4415 3500 4500 debita

1895 4502 2266 4561 remittebant.
2303 4509 2532 4575 Quorum
2555 4519 2706 4585 enim,
2738 4520 2928 4591 inquit,
2956 4528 3249 4584 remissi-itis
3268 4547 3494 4601 peccata,

1893 4596 2213 4652 remittuntur
2222 4601 2313 4665 eis,
2334 4612 2380 4656 et
2398 4622 2613 4673 quorum
2631 4611 2955 4682 relinueritis,
2975 4628 3165 4673 retenta
3182 4634 3299 4677 sunt
3316 4624 3495 4696 (Joau.

1892 4686 1982 4743 20.
2011 4688 2143 4759 23).
2187 4693 2326 4760 Quid
2356 4706 2473 4766 post
2501 4698 2618 4755 haec
2660 4716 2795 4772 opus
2837 4716 2920 4761 est
2962 4712 3246 4769 ostendere
3289 4686 3384 4771 eos
3427 4719 3495 4773 ad

1893 4791 2120 4837 mortem
2155 4787 2515 4845 transmisisse
2534 4831 2550 4855 ,
2582 4806 2647 4846 ac
2675 4808 2864 4851 rursus
2890 4811 2921 4852 a
2951 4811 3125 4856 morte
3168 4819 3454 4864 revocasse
3475 4846 3494 4874 ,

1892 4886 1999 4924 non
2029 4882 2149 4939 post
2178 4882 2499 4933 sententiam
2543 4889 2749 4938 tantum
2786 4885 2945 4942 latam
2967 4931 2984 4956 ,
3013 4901 3066 4945 et
3088 4894 3201 4961 jam
3239 4895 3501 4953 abductos

1890 4962 1955 5015 ad
1983 4964 2303 5034 supplicium
2331 4969 2647 5039 liber-antes,
2679 4976 2773 5030 sed
2799 4978 2975 5048 reipsa
3002 4982 3281 5040 defunctos
3308 4997 3363 5042 et
3383 4989 3496 5059 jam

1889 5054 2183 5110 exstinctos
2209 5072 2237 5109 a
2277 5061 2502 5115 mortuis
2526 5064 2865 5122 excitantes?
2896 5070 2995 5126 Ubi
3023 5087 3152 5144 ergo
3171 5078 3501 5134 condemna.

1889 5146 2054 5200 runt?
2078 5148 2165 5202 ubi
2191 5163 2221 5201 a
2250 5160 2425 5206 morte
2451 5152 2833 5214 vindicarunt?
2861 5161 3101 5220 Ananias
3143 5174 3199 5221 et
3225 5167 3487 5239 Sapphira

1891 5236 2159 5308 sacrilegii
2208 5242 2437 5296 convicti
2472 5243 2586 5312 jam
2633 5249 2842 5305 fuerant
2871 5269 2885 5306 :
2918 5257 3127 5311 tametsi
3172 5259 3317 5313 enim
3367 5275 3495 5315 suas

1887 5329 2142 5398 pecunias
2179 5330 2339 5388 furati
2367 5344 2557 5405 erant,
2602 5338 2702 5395 fuit
2728 5350 2905 5399 tamen
2936 5347 3141 5403 crimen
3178 5350 3443 5419 sacrilegii
3473 5367 3489 5404 :
3552 5362 3583 5370 ν

1887 5422 2317 5494 quandoquidem
2365 5438 2485 5497 post
2511 5434 2925 5500 promissionem
2959 5438 3070 5508 jam
3115 5455 3223 5495 non
3248 5451 3403 5495 erant
3429 5443 3495 5495 il-

1886 5514 2058 5568 lorum
2078 5518 2480 5587 pecunize.Quid
2499 5522 2700 5592 igiturA
2710 5528 2946 5594 postolus
2961 5528 2985 5580 ?
3001 5528 3137 5583 Audi
3151 5546 3249 5598 qua
3263 5531 3491 5597 ratione,

1890 5613 2155 5675 tamquam
2181 5607 2234 5661 in
2251 5608 2454 5680 judicio
2475 5615 2784 5680 considens,
2809 5617 3124 5687 sacrilegam
3144 5618 3213 5675 ad
3227 5620 3485 5689 judicium

1887 5696 2072 5764 sistat,
2108 5708 2162 5755 et
2187 5700 2660 5771 interrogationem
2692 5715 2960 5776 tamquam
2992 5709 3159 5778 judex
3189 5712 3481 5781 adhibeat,

1952 5822 1967 5851 ί
2004 5818 2169 5902 (ξομ).Ξ
2213 5823 2497 5902 sententiam
2545 5833 2697 5902 potest
2742 5827 3053 5894 rescindere;
3096 5841 3249 5897 potest
3292 5836 3481 5902 quidem

1889 5881 2036 5932 morti
2058 5883 2270 5945 tradere,
2291 5898 2321 5933 α
2341 5892 2494 5936 nwrte
2524 5881 2685 5939 uatem
2709 5881 3049 5947 rewcareuou'
3075 5881 3245 5960 ,ioié'si.
