4086 6434
583 651 649 693 ac
691 627 1005 690 sententiam
1033 619 1226 678 deinde
1264 613 1591 688 pronuntiet.
1636 609 1820 678 Neque
1861 605 2004 662 enim
2055 611 2178 658 ante

584 744 745 802 quam
784 723 1082 781 sciscitetur
1105 759 1121 786 ,
1154 717 1256 770 fert
1299 709 1618 768 sententiam
1648 723 1660 760 :
1690 714 2011 774 quamquam
2039 697 2181 753 enim

583 787 928 879 manifestum
957 822 1076 869 erat
1100 809 1388 871 delictum,
1419 811 1598 858 tamen
1643 807 1700 852 ut
1736 795 1892 850 nobis
1932 791 2022 861 qui
2055 787 2185 844 foris

587 914 858 968 adstamus
901 900 1248 976 persuaderet
1273 897 1472 966 justam
1504 907 1532 945 a
1559 905 1619 945 se
1660 887 1788 944 ferri
1816 881 2137 939 sententiam
2165 921 2179 943 ,

583 1011 869 1076 propterea
900 993 1373 1064 interrogationem
1415 985 1631 1041 adhibet
1665 981 1748 1035 his
1777 976 1957 1032 verbis
1985 983 2141 1028 utens
2170 988 2184 1024 :

587 1063 941 1162 bur'impievit
969 1063 1172 1142 satanas
1197 1097 1283 1137 cor
1328 1091 1468 1134 tuum
1493 1118 1508 1142 ,
1544 1085 1601 1129 ut
1643 1069 1928 1127 mentireris
1967 1063 2188 1136 Spiritui

591 1194 805 1249 sancto,
848 1191 895 1236 et
937 1177 1203 1250 fraudares
1252 1173 1315 1226 de
1367 1169 1528 1240 pretio
1573 1163 1726 1234 agri?
1769 1158 1953 1214 Nonne
1981 1169 2190 1209 manens

592 1279 680 1333 tibi
708 1274 961 1338 manebat,
990 1279 1037 1324 et
1060 1264 1415 1322 venumdata»:
1443 1260 1494 1312 in
1526 1267 1612 1310 tua
1633 1261 1738 1308 erat
1767 1246 2045 1320 potestate?
2071 1243 2193 1297 Non

591 1389 642 1428 es
673 1367 906 1424 mentitus
937 1333 1221 1416 hominibus
1241 1398 1255 1422 ,
1297 1352 1384 1408 sed
1416 1351 1522 1404 Deo
1554 1347 1701 1419 (Act.
1744 1343 1796 1398 5.
1840 1343 1893 1396 5.
1921 1341 1954 1394 4
1976 1340 2016 1405 ).
2055 1333 2192 1428 Quid

594 1464 752 1534 igitur
781 1455 1002 1512 audiens
1039 1451 1131 1505 ille
1160 1458 1438 1503 sermones
1466 1439 1637 1495 istos?
1667 1431 1907 1494 Cecidit,
1937 1437 1990 1484 ct
2019 1426 2197 1497 exspi-

601 1517 761 1608 ravit.
788 1546 953 1602 Vides
976 1553 1028 1597 ut
1052 1539 1285 1615 gladium
1307 1536 1468 1590 etiam
1493 1529 1727 1584 habeant
1749 1519 2029 1593 Apostoli?
2059 1517 2193 1570 Cum

597 1643 865 1697 dicentem
892 1605 1112 1689 Paulum
1141 1624 1428 1686 audiveris,
1465 1619 1531 1673 In
1561 1615 1794 1672 omnibus
1820 1609 2047 1683 gladium
2072 1605 2196 1675 Spi-

602 1733 746 1793 ritus,
774 1725 906 1796 quod
933 1731 1007 1777 est
1033 1718 1236 1773 verbum
1257 1714 1354 1769 Dei
1383 1712 1402 1784 (
1427 1710 1616 1780 Epltes.
1641 1705 1694 1761 6.
1731 1705 1796 1758 17
1825 1703 1842 1772 )
1871 1741 1886 1768 ,
1916 1696 2198 1755 recordare

599 1787 887 1879 sententia:
915 1814 1087 1877 istius,
1117 1809 1256 1880 quod
1311 1816 1570 1873 nusquam
1603 1795 1811 1868 gladius
1849 1794 1918 1847 sit
1948 1834 1962 1858 ,
1997 1798 2048 1844 et
2081 1787 2198 1842 solo

601 1913 770 1967 verbo
798 1905 1086 1973 sacrilegus
1118 1877 1401 1968 percussus
1443 1888 1717 1946 ceciderit.
1755 1882 1938 1939 Vidisti
1968 1877 2199 1950 gladium

597 2009 890 2059 exacutum
929 2010 993 2050 ac
1019 1989 1319 2047 nudatum?
1349 1985 1624 2054 Nusquam
1654 1979 1850 2034 ferrum
1877 2017 1890 2040 ,
1940 1983 2200 2040 nusquam

602 2091 831 2160 capulus
855 2130 868 2152 ,
901 2099 1163 2155 nusquam
1210 2093 1397 2134 manus
1427 2094 1440 2128 τ
1474 2072 1567 2131 sed
1616 2073 1734 2126 loco
1762 2081 1952 2123 manus
1979 2065 2155 2132 lingua
2185 2102 2200 2126 ,

612 2153 772 2239 verba
801 2153 1080 2250 proferens
1121 2177 1237 2229 loco
1263 2169 1456 2242 gladii,
1502 2163 1782 2220 confestim
1813 2161 1958 2214 illum
1990 2153 2200 2212 occidit.

611 2277 739 2330 Post
766 2249 908 2326 hunc
933 2267 1170 2323 introivit
1213 2277 1380 2324 uxor,
1409 2269 1464 2314 et
1497 2255 1833 2312 occasionem
1871 2249 1943 2304 illi
1981 2261 2206 2302 excusa-

613 2366 771 2423 tionis
787 2406 803 2430 ,
832 2377 1016 2416 ansam
1039 2357 1208 2412 νριιίξη
1231 2353 1471 2424 praebere
1496 2348 1661 2403 voluit
1685 2362 1698 2398 :
1725 2351 2004 2414 propterea
2026 2351 2208 2392 rursus

614 2461 922 2525 interrogat,
933 2451 1029 2505 Dic
1044 2448 1187 2514 mihi,
1205 2447 1248 2501 si
1259 2445 1384 2498 (miti
1403 2457 1582 2512 agrum
1600 2432 2028 2502 rendidistisMct.
2127 2429 2207 2497 8).

612 2523 850 2606 Tametsi
879 2560 982 2601 non
1008 2542 1135 2597 tanti
1158 2536 1428 2594 venditum
1449 2531 1652 2589 sciebat
1681 2547 1694 2583 :
1728 2525 1822 2582 sed
1852 2523 2091 2592 utipsam
2114 2534 2213 2589 per

616 2638 1094 2709 interrogationem
1125 2630 1190 2685 ad
1219 2625 1584 2700 paenitentiam
1618 2619 1888 2680 invitaret,
1921 2626 1983 2671 ac
2013 2613 2213 2687 peccati

615 2747 676 2789 se
706 2703 1105 2790 condemnaret,
1129 2729 1182 2777 ct
1204 2719 1277 2775 illi
1301 2718 1510 2774 veniam
1533 2715 1850 2782 hnpcrtirct,
1881 2703 2076 2766 idcirco
2095 2722 2213 2762 eam

618 2824 913 2889 interrogat
943 2838 956 2874 :
989 2816 1078 2870 illa
1123 2823 1300 2867 tamen
1347 2809 1400 2864 in
1442 2804 1768 2875 impudentia
1801 2801 2215 2871 perseverabat;

621 2920 906 2984 propterea
933 2909 987 2960 in
1013 2902 1342 2961 consortium
1378 2895 1623 2968 supplicii
1655 2893 1828 2948 mariti
1861 2891 2025 2947 venit.
2060 2891 2220 2946 Vides

623 2981 858 3060 carceris
880 2993 1234 3070 potestatem?
1259 2990 1408 3045 vides
1436 2999 1492 3042 ut
1521 2986 1727 3056 possint
1755 2983 1820 3038 ad
1849 2993 2074 3038 mortem
2101 2981 2223 3036 mit-

625 3093 788 3150 tere‘t
818 3090 1101 3145 Videamus
1128 3085 1180 3140 id
1209 3082 1348 3154 quod
1380 3079 1569 3135 melius
1594 3086 1697 3145 est,
1724 3089 1830 3147 quo
1858 3083 2012 3145 pacto
2040 3087 2226 3128 rursus

626 3201 656 3239 a
683 3190 863 3240 morte
890 3185 1157 3235 revocent.
1186 3174 1228 3228 Τ
1231 3171 1411 3229 abitha
1443 3167 1699 3238 discipula
1729 3173 1939 3220 mortua
1963 3173 2080 3233 est,
2107 3178 2228 3234 qua:

629 3273 811 3330 multis
835 3265 1191 3338 elecmosynis
1215 3261 1442 3318 celebris
1469 3267 1604 3324 erat,
1633 3266 1687 3312 et
1710 3256 1778 3310 ad
1804 3253 2088 3324 Apostolos
2115 3263 2228 3307 sta-

629 3366 726 3422 tim
751 3362 1005 3420 curritur.
1034 3357 1288 3414 Sciebant
1316 3353 1459 3410 enim
1488 3351 1608 3405 illos
1630 3348 1818 3404 mortis
1844 3362 1907 3402 ac
1933 3348 2054 3402 vita:
2082 3354 2233 3417 pote-

631 3465 824 3513 statem
851 3453 1093 3508 habere:
1122 3449 1360 3505 sciebant
1384 3445 1655 3502 ctclcstem
1685 3441 2044 3512 principatum
2083 3439 2235 3494 dela-

635 3563 788 3620 psum
818 3548 872 3602 in
900 3556 1090 3600 terras.
1113 3540 1249 3608 Quid
1271 3553 1399 3609 ergo
1420 3536 1644 3592 Petrus?
1676 3534 1908 3602 Tabitha,
1927 3549 2075 3603 surge
2099 3532 2234 3600 (Act.

633 3644 694 3698 9.
719 3640 823 3711 40)
849 3679 866 3704 ,
891 3638 1078 3708 inquit.
1109 3635 1266 3690 Nullo
1293 3633 1400 3687 alio
1420 3631 1493 3686 illi
1520 3643 1653 3701 opus
1679 3627 1798 3694 fuit,
1825 3644 1931 3682 non
1958 3625 2236 3692 ministris,

635 3749 744 3790 non
771 3729 1000 3794 famulis;
1030 3725 1124 3784 sed
1142 3725 1207 3780 ad
1229 3722 1674 3780 resurrectionem
1696 3718 1856 3774 verba
1877 3717 2237 3780 suffecerunt;

636 3840 825 3882 vocem
855 3823 1014 3894 igitur
1039 3817 1240 3875 audivit
1267 3829 1411 3871 mors
1435 3855 1451 3880 ,
1482 3822 1536 3867 et
1558 3812 1794 3867 retinere
1834 3818 2103 3864 mortuam
2137 3821 2242 3860 non

639 3918 833 3990 potuit.
864 3892 1027 3968 Vides
1055 3910 1239 3980 quales
1259 3907 1368 3963 sint
1401 3903 1641 3975 iudicum
1669 3900 1893 3955 istorum
1923 3912 2085 3952 voces
2104 3901 2128 3949 ‘t
2156 3892 2242 3950 Si-

637 3988 852 4082 quidem
879 4014 1224 4061 cxternorum
1266 3999 1506 4070 iudicum
1551 4008 1716 4049 voces
1762 3988 2048 4047 imbecilla:
2097 3999 2242 4044 sunt.

639 4103 792 4158 Licet
813 4097 959 4155 enim
983 4096 1211 4164 imperet
1236 4105 1304 4146 ex
1330 4089 1436 4144 illis
1463 4086 1725 4157 quiSpiam
1750 4124 1765 4147 ,
1797 4083 1841 4137 si
1871 4081 2099 4136 famulus
2139 4096 2246 4134 non

641 4193 1010 4260 obtemperet,
1039 4198 1128 4238 res
1163 4183 1422 4251 imperata
1456 4175 1866 4244 interrumpitur
1894 4187 1914 4228 ἐ
1948 4171 2035 4227 hic
2063 4181 2244 4226 autem

646 4298 751 4338 non
778 4287 862 4336 cst
881 4291 1015 4347 opus
1033 4274 1262 4337 famulis;
1290 4278 1493 4324 tantum
1522 4267 1676 4332 dixit,
1703 4275 1758 4321 et
1779 4266 2032 4320 continuo
2053 4264 2250 4320 factum

651 4385 753 4432 est.
778 4371 941 4427 Vides
963 4383 1148 4424 eorum
1177 4378 1474 4426 carcerem,
1505 4359 1647 4430 quod
1687 4358 2026 4429 magistratus
2055 4369 2139 4414 est
2166 4358 2248 4412 in-

647 4468 800 4538 signe
831 4479 846 4516 :
878 4460 1049 4526 vides,
1080 4473 1186 4528 quo
1211 4463 1368 4526 pacto
1399 4460 1613 4523 peccata
1639 4448 1932 4513 dimittant,
1959 4463 2067 4519 quo
2098 4456 2254 4518 pacto

648 4564 880 4612 mortem
908 4549 1192 4608 discutiant
1217 4587 1232 4613 ,
1261 4560 1366 4615 quo
1395 4553 1548 4615 pacto
1580 4541 1631 4596 in
1658 4541 1822 4596 vitam
1853 4549 2130 4596 revocent.
2165 4539 2255 4595 Vis

650 4645 920 4717 cingulum
946 4644 1107 4698 etiam
1132 4641 1344 4694 illorum
1375 4638 1737 4707 cognoscere?
1763 4633 2034 4705 Siquidem
2052 4632 2256 4688 cinctos

653 4740 776 4793 illos
803 4735 947 4790 misit
973 4733 1219 4788 Christus
1240 4745 1345 4784 non
1375 4730 1545 4794 corio,
1589 4727 1683 4782 sed
1707 4728 1934 4782 veritate
1961 4742 1974 4791 ;
2008 4725 2112 4780 hoc
2138 4724 2256 4778 ein-

545 4873 559 4877 -
653 4830 837 4902 gulam
880 4833 1123 4880 sanctum
1162 4829 1218 4876 et
1246 4819 1558 4890 spirituale;
1599 4825 1884 4888 propterea
1921 4814 2049 4870 dicit
2079 4832 2093 4865 ι
2123 4815 2257 4868 Suc-

656 4923 810 4978 cincti
845 4922 1041 4976 lumbos
1070 4930 1256 4974 vestros
1285 4919 1338 4972 in
1378 4918 1582 4970 veritate
1615 4914 1634 4984 (
1663 4911 1856 4982 Epltes.
1890 4911 1943 4966 6.
1974 4912 2102 4981 1-1).
2130 4910 2255 4980 Spi-

575 5010 585 5031 ”
659 5013 870 5070 ritualis
897 5013 1039 5068 enim
1062 5020 1145 5066 est
1170 5009 1509 5079 magistratus
1531 5046 1546 5071 ,
1578 5004 1827 5075 quocirca
1852 5003 1981 5057 nihil
2005 5002 2262 5057 sensibile

661 5105 1048 5178 quaerendum;
1079 5102 1258 5155 Omnis
1285 5101 1483 5171 quippe
1511 5097 1676 5168 gloria
1721 5095 1846 5164 ﬁlia:
1873 5095 2006 5164 regis
2032 5093 2094 5146 ab
2127 5094 2262 5148 intus

571 5204 581 5208 ’
661 5201 680 5270 (
709 5198 908 5253 Psalm.
937 5197 1028 5253 tt.
1062 5195 1128 5250 it
1154 5195 1195 5264 ).

736 5288 1014 5358 Camiﬁces
1039 5285 1221 5340 habent
1237 5281 1468 5352 Apostoli
1507 5281 1785 5334 dremonas.
1845 5310 1919 5325 --
1969 5276 2073 5335 Sed
2113 5274 2268 5348 quid?

660 5391 796 5431 num
838 5368 1600 5428 viscarnificesetiamvidere?
1631 5365 1924 5422 Carnifices
1967 5376 2128 5433 sunt,
2175 5367 2264 5436 qui

665 5483 790 5522 reos
822 5467 984 5535 virgis
1011 5465 1246 5525 caedunt,
1277 5461 1367 5531 qui
1390 5461 1443 5514 in
1473 5460 1618 5528 ligno
1646 5458 1998 5528 suspendunt,
2022 5465 2077 5512 et
2101 5457 2266 5513 latera

668 5559 936 5614 deradunt
961 5599 975 5623 ,
1007 5557 1096 5625 qui
1142 5553 1444 5622 castigant,
1475 5550 1564 5619 qui
1609 5550 1854 5619 puniunt.
1902 5547 2066 5604 Visne
2109 5549 2268 5619 igitur

673 5651 811 5704 istos
837 5647 1064 5702 videre?
1094 5646 1209 5701 Non
1239 5643 1484 5698 homines
1511 5641 1728 5706 habent,
1761 5641 1855 5696 sed
1888 5641 2059 5710 ipsum
2086 5640 2270 5696 diabo.

677 5742 810 5804 lum,
829 5751 885 5795 et
900 5739 1171 5793 daemones
1205 5753 1217 5789 :
1247 5735 1338 5805 qui
1355 5748 1581 5804 corpore
1622 5741 1747 5786 sunt
1773 5742 1829 5788 et
1857 5747 2018 5788 carne
2044 5733 2271 5788 circum—

680 5830 827 5897 dati,
858 5831 1132 5884 ministras
1160 5828 1428 5884 habebant
1475 5827 1818 5896 incorporeas
1858 5827 2101 5882 virtutes.
2135 5829 2269 5883 Audi

685 5933 815 5978 sane
834 5935 940 5992 quo
962 5929 1117 5989 pacto
1138 5933 1260 5974 cum
1283 5918 1600 5973 auctoritate
1617 5917 1812 5975 Paulus
1833 5916 1938 5974 illis
1959 5918 2266 5989 imperaret:

1313 502 1369 561 S.
1411 495 1690 559 JOANNIS
1726 487 2202 552 CHRYSOSTOMl
2242 486 2560 544 ARCIIIEP.
2602 473 3142 543 CONSTANTINOP.

2291 601 2554 672 siquidem
2585 600 2652 655 de
2677 615 2744 654 eo
2773 599 2864 670 qui
2895 598 3186 653 fornicatus
3210 597 3345 664 era't,
3375 595 3623 651 scribens
3648 593 3894 651 dicebat:

3831 479 3898 540 95

2304 691 2512 746 Tradite
2557 692 2850 762 hujusmodi
2874 701 3068 745 satana:
3091 690 3145 743 in
3174 689 3428 743 interitum
3457 689 3631 742 carnis
3664 688 3683 758 (
3711 690 3761 742 1.
3783 687 3896 743 Cor.

2294 785 2348 839 5.
2383 782 2479 855 5).
2514 783 2720 838 Rursus
2770 797 2892 838 cum
2927 781 3016 836 alii
3050 780 3519 850 blasphemarent,
3578 779 3688 835 hoc
3732 779 3899 848 ipsum

2296 877 2418 930 fecit
2447 874 2696 929 :Tradidi
2719 876 2852 929 etaim
2875 875 3013 937 illos,
3042 873 3234 943 inquit,
3258 881 3472 938 satana,
3497 881 3551 924 ut
3579 871 3788 924 discant
3808 887 3902 923 non

2295 966 2642 1035 btaspliemare
2663 966 2742 1036 (1.
2762 964 2900 1020 Tim.
2922 965 2974 1020 1.
2997 965 3068 1019 9.0
3090 964 3130 1032 ).
3144 963 3280 1030 Quid
3300 969 3464 1018 restat
3483 961 3902 1017 ostendendum?

2297 1076 2424 1114 num
2454 1073 2644 1114 currus
2673 1059 2837 1113 etiam
2881 1059 3000 1112 illos
3031 1056 3274 1111 habere?
3311 1054 3418 1110 Sed
3445 1070 3511 1109 ne
3540 1055 3666 1108 hsce
3693 1053 3902 1123 quidem

2298 1155 2453 1210 nobis
2505 1152 2894 1210 demonstratio
2947 1150 3171 1206 deerit:
3223 1147 3486 1219 siquidem
3538 1146 3894 1216 Philippum,

2299 1258 2579 1317 postquam
2611 1243 2916 1300 eunuchum
2949 1241 3272 1312 baptizavit,
3321 1248 3376 1293 et
3417 1240 3589 1294 sacris
3636 1236 3905 1308 mysteriis

2302 1337 2564 1403 initiavit,
2594 1351 2713 1390 cum
2757 1332 3136 1390 revertendum
3191 1331 3262 1385 illi
3294 1339 3472 1393 esset,
3524 1329 3710 1398 rapuit
3737 1328 3903 1397 ipsum

2305 1429 2539 1499 Spiritus
2563 1469 2576 1492 ,
2624 1437 2678 1483 ct
2705 1442 2735 1480 a
2765 1426 2977 1480 deserto
3009 1425 3296 1478 translatus
3337 1421 3492 1478 Ατοιί
3535 1428 3788 1489 repertus
3830 1429 3908 1473 est

2303 1522 2454 1592 (Act.
2489 1521 2544 1576 8.
2573 1521 2661 1576 59.
2693 1519 2762 1574 40
2783 1519 2821 1588 ).
2854 1517 3016 1572 Vides
3055 1530 3275 1572 currum
3307 1514 3506 1568 alatnm
3528 1513 3552 1565 ?
3577 1512 3734 1566 vides
3773 1510 3907 1564 eele~

2303 1617 2415 1669 rius
2440 1623 2600 1669 vento
2640 1612 2978 1668 vehiculum?
3006 1610 3211 1664 Rursus
3254 1610 3306 1662 in
3339 1607 3648 1678 paradisum
3696 1616 3907 1675 pergere

2306 1708 2623 1779 Apostolum
2649 1706 2884 1776 oportuit
2909 1746 2924 1770 ,
2955 1713 3099 1758 tanta
3127 1702 3333 1756 itineris
3357 1699 3767 1769 longinquitate,
3807 1708 3902 1750 tam

2307 1803 2570 1858 immenso
2598 1800 2842 1856 dissitum
2887 1795 3169 1850 intervallo
3202 1813 3212 1846 :
3247 1804 3356 1848 tum
3397 1793 3486 1848 ille
3525 1791 3712 1846 subito
3736 1797 3906 1858 raptus

2309 1893 2430 1947 illuc
2454 1893 2600 1947 nullo
2616 1890 2828 1961 negotio
2844 1900 2896 1944 et
2925 1888 2976 1942 in
2997 1887 3142 1942 brevi
3173 1893 3445 1940 momento
3467 1883 3900 1952 temporistrans-

2306 1985 2580 2044 ferebatur
2630 1982 2726 2057 (2.
2757 1979 2876 2036 Cor.
2912 1978 2997 2032 1‘2.
3017 1977 3053 2031 2
3073 1976 3113 2048 ).
3156 1975 3313 2032 Tales
3341 1975 3499 2044 igitur
3523 1985 3724 2026 currus
3752 1977 3904 2022 sunt;

2311 2091 2410 2128 vox
2437 2086 2613 2129 autem
2663 2072 2925 2143 pneconis
2971 2079 3053 2125 est
3083 2111 3096 2133 ,
3130 2077 3184 2123 et
3216 2068 3329 2136 ipsa
3379 2080 3566 2119 rursus
3610 2062 3905 2132 magistratu

2310 2168 2488 2238 digna.
2529 2167 2644 2221 Non
2673 2167 2815 2222 enim
2855 2162 3207 2218 antecedebat
3233 2162 3352 2215 illos
3383 2161 3545 2213 homo
3573 2171 3763 2212 vocem
3784 2155 3896 2209 mit-

2313 2269 2432 2314 tens
2452 2301 2467 2325 ,
2494 2275 2676 2314 verum
2707 2257 2936 2328 Spiritus
2957 2255 3126 2326 gratia
3147 2297 3164 2322 ,
3192 2263 3246 2308 et
3275 2268 3369 2322 per
3399 2250 3658 2306 miracula
3700 2247 3904 2302 domum

2314 2350 2501 2405 stratio
2521 2350 2706 2419 quavis
2737 2348 2856 2405 tuba
2879 2347 3156 2403 clariorem
3179 2359 3361 2400 vocem
3390 2343 3657 2407 mittebat,
3681 2349 3834 2409 atque
3849 2338 3908 2390 ita

2316 2442 2456 2496 viam
2478 2441 2582 2495 illis
2613 2441 2808 2510 ubique
2838 2438 3088 2495 faciebat.
3114 2437 3184 2492 Et
3201 2434 3656 2506 quemadmodum
3683 2433 3735 2488 in
3757 2430 3905 2486 multa

2318 2531 2574 2603 dignitate
2599 2547 2661 2586 ac
2691 2529 3081 2602 magnificentia
3105 2526 3379 2583 constituti
3409 2535 3536 2579 sunt
3557 2524 3905 2593 magistratus,

2322 2640 2420 2680 nec
2439 2624 2636 2679 audent
2653 2623 2838 2694 privati
2858 2623 3053 2692 passim
3073 2635 3195 2675 eum
3220 2619 3326 2673 illis
3347 2616 3564 2672 misceri
3591 2634 3605 2670 :
3628 2614 3774 2669 sicin
3787 2612 3912 2680 Apo-

2322 2719 2474 2772 stolis
2502 2715 2779 2772 accidebat
2807 2714 3153 2770 :therorum
3182 2711 3350 2774 enim,
3377 2708 3571 2778 inquit,
3602 2720 3747 2762 nemo
3771 2701 3910 2756 aude-

2323 2810 2406 2862 bat
2434 2825 2488 2862 se
2513 2808 2822 2877 conjungere
2858 2806 3000 2868 illis;
3034 2803 3122 2859 sed
3166 2801 3522 2872 magni/ﬁcabat
3579 2815 3665 2853 eos
3712 2795 3909 2867 populus

2328 2901 2346 2969 (
2373 2901 2483 2953 Act.
2507 2900 2560 2956 5.
2584 2900 2654 2955 15
2678 2900 2716 2966 ).
2739 2897 2899 2952 Vides
2918 2895 3151 2950 carceris
3171 2900 3516 2964 potestatem,
3537 2899 3597 2946 et
3626 2885 3908 2945 remittendi

2328 2995 2507 3050 debita
2531 2993 2858 3056 facultatem,
2881 2997 2936 3043 et
2957 2987 3160 3059 gladios
3179 2986 3297 3040 illos
3322 2983 3598 3050 habuisse,
3619 2979 3911 3051 cinguloque

2332 3084 2494 3138 fuisse
2531 3081 2849 3153 praecinctos
2873 3121 2887 3145 ,
2935 3094 3094 3133 curru
3124 3085 3308 3130 vectos
3332 3116 3347 3139 ,
3391 3088 3581 3129 vocem
3634 3068 3908 3142 praecedere

2333 3175 2522 3248 quavis
2548 3174 2672 3228 tuba
2699 3171 3001 3235 clariorem,
3035 3177 3091 3224 et
3116 3167 3169 3222 in
3201 3167 3366 3222 multa
3395 3179 3593 3236 pompa
3622 3163 3740 3218 illos
3767 3157 3910 3213 fuisse

2335 3281 2398 3322 ac
2425 3263 2709 3336 splendore
2734 3259 3061 3318 decoratos?

2408 3360 2462 3414 6.
2498 3358 2580 3412 Ad
2623 3373 2783 3426 nuper
2818 3354 3132 3408 illuminatos
3170 3351 3472 3404 cohortatio.
3499 3379 3575 3389 —
3610 3347 3724 3403 Jam
3751 3354 3906 3416 operm

2341 3450 2573 3518 pretium
2605 3447 2763 3502 fuerit
2786 3455 2842 3500 et
2869 3459 3056 3499 omnes
3087 3442 3298 3497 illormn
3341 3455 3428 3495 res
3466 3439 3722 3508 praeclare
3757 3441 3908 3505 gestas

2341 3541 2579 3597 indicare
2603 3579 2619 3604 ,
2651 3547 2704 3593 et
2729 3552 2848 3607 quae
2881 3536 3091 3590 illorum
3124 3533 3176 3587 in
3207 3531 3393 3586 orbem
3433 3539 3693 3585 terrarum
3729 3527 3911 3581 exstent

2344 3636 2623 3693 beneficia.
2651 3633 2782 3687 Nam
2817 3639 2871 3685 et
2910 3629 3016 3684 hoc
3049 3626 3452 3697 magistratuum
3479 3633 3563 3678 est
3585 3661 3602 3688 ,
3630 3631 3686 3677 ut
3711 3635 3806 3674 non
3830 3615 3909 3670 bo~

2346 3744 2478 3784 nore
2507 3735 2709 3780 tantum
2749 3721 3024 3784 fruantur,
3067 3717 3160 3772 sed
3196 3724 3251 3771 et
3278 3715 3498 3770 multam
3529 3707 3908 3767 sollicitudinem

2347 3829 2400 3874 et
2428 3832 2614 3874 curam
2638 3828 2764 3884 erga
2801 3811 3042 3867 subditos
3069 3823 3178 3878 pra:
3203 3821 3264 3862 se
3290 3804 3482 3859 ferant.
3511 3803 3623 3858 Sed
3655 3803 3757 3871 jam
3785 3797 3908 3866 plum

2348 3911 2489 3966 dicta
2520 3914 2646 3962 sunt
2665 3947 2680 3971 ,
2706 3883 2869 3975 quam
2899 3900 3200 3971 oportebat.
3226 3897 3488 3966 Quocirca
3511 3895 3580 3950 ad
3608 3894 3761 3949 alium
3785 3883 3912 3943 dific.»

2351 4016 2479 4057 rens
2519 4000 2618 4054 ista
2658 4003 2970 4058 tractatum,
3010 3991 3076 4046 ad
3121 4004 3308 4045 eorum
3351 3987 3806 4046 cohortationem,
3835 3975 3909 4045 qui

2353 4107 2523 4162 nuper
2554 4087 2835 4144 illuminati
2867 4092 3011 4148 sunt,
3041 4081 3320 4137 traducere
3353 4091 3658 4134 sermonem
3685 4069 3908 4128 conabor.

2353 4184 2522 4240 Nemo
2543 4190 2720 4236 autem
2747 4178 3026 4234 consilium
3050 4173 3325 4229 existimet
3349 4170 3774 4239 intempestivum
3794 4159 3909 4229 :jam

2355 4275 2499 4331 enim
2529 4271 2639 4326 dixi
2668 4284 2776 4324 non
2807 4267 2968 4322 modo
2994 4272 3115 4334 post
3141 4262 3330 4318 decem
3363 4269 3426 4337 et
3463 4259 3648 4330 viginti
3675 4255 3810 4316 dies,
3833 4245 3910 4302 sed

2357 4377 2410 4422 et
2436 4373 2555 4435 post
2579 4361 2765 4416 decem
2794 4366 2849 4414 et
2875 4356 3060 4426 viginti
3092 4367 3264 4407 annos
3300 4365 3464 4422 posse
3492 4365 3663 4420 nuper
3687 4341 3911 4401 illumina-

2360 4433 2452 4513 tos
2469 4453 2650 4510 vocari
2671 4467 2788 4517 eos,
2817 4449 2906 4520 qui
2933 4446 3206 4518 mysteriis
3232 4441 3423 4498 initiati
3453 4448 3602 4508 sunt,
3629 4441 3672 4496 si
3693 4433 3853 4506 vigiles
3867 4434 3911 4480 et

2358 4547 2524 4604 sobrii
2555 4544 2770 4600 fuerint.
2795 4541 2909 4608 Qua
2937 4540 3096 4608 igitur
3117 4535 3315 4606 optima
3341 4534 3408 4589 ad
3439 4533 3560 4588 illos
3587 4522 3910 4588 cohortatione

2362 4636 2615 4694 utemur?
2641 4635 2696 4690 Si
2723 4632 2976 4688 nimirum
3007 4629 3073 4684 iis
3103 4627 3319 4682 modum
3359 4625 3652 4679 nativitatis
3673 4622 3721 4676 in
3745 4623 3909 4672 memo-

2363 4733 2498 4786 riam
2537 4740 2872 4790 revocemus,
2904 4732 2958 4778 et
2985 4721 3219 4793 priorem
3250 4729 3303 4774 et
3333 4718 3704 4789 posteriorem,
3731 4717 3909 4766 natura-

2364 4825 2468 4878 lem
2509 4835 2572 4876 ac
2609 4817 2972 4889 spiritualem,
3005 4822 3060 4868 et
3091 4811 3358 4882 quodnam
3401 4811 3471 4865 sit
3513 4811 3653 4865 inter
3680 4807 3909 4866 utramque

2365 4913 2696 4970 nativitatem
2721 4906 3032 4971 discrimen,
3059 4900 3427 4957 ostendamus.
3451 4900 3564 4958 lmo
3590 4911 3710 4954 vero
3734 4896 3911 4947 necesse

2368 5022 2474 5062 non
2511 5013 2633 5066 est,
2667 5009 2724 5055 ut
2763 5015 2828 5054 ex
2870 4997 3023 5051 nobis
3062 4993 3140 5049 illi
3183 4992 3282 5047 ista
3319 4991 3529 5046 discant
3557 5006 3572 5043 :
3601 4990 3709 5060 ipse
3735 4971 3910 5038 tottilrlli

2369 5099 2507 5154 filius
2525 5096 2592 5152 de
2614 5096 2694 5149 bis
2720 5095 2865 5162 ipsos
2889 5088 3218 5154 admonebit,
3243 5086 3471 5142 dilecws
3490 5083 3684 5140 Christi
3701 5079 3910 5135 Joannes.

2368 5187 2504 5254 Quid
2533 5187 2692 5257 igitur
2718 5184 2808 5238 ille
2833 5181 2994 5237 dicit?
3028 5179 3284 5248 Quotquot
3315 5187 3484 5230 autem
3512 5174 3785 5244 receperunt
3805 5171 3910 5257 αυξτ

2367 5247 2506 5333 dedit
2525 5247 2595 5332 eis
2617 5283 2907 5345 potestatem
2932 5271 3066 5339 ﬁlios
3087 5247 3185 5322 Dei
3208 5268 3322 5337 ﬁeri
3347 5267 3526 5339 (Joan.
3549 5268 3598 5320 1.
3625 5263 3710 5333 12)
3733 5247 3913 5312 :deindc

2373 5371 2604 5440 priorem
2645 5367 2750 5420 illis
2792 5364 3126 5418 nativitatem
3157 5360 3211 5415 in
3242 5359 3552 5414 memoriam
3585 5359 3815 5412 revocans
3835 5381 3848 5406 ν
3872 5344 3909 5389 θ¹

2370 5478 2437 5518 ex
2470 5460 2867 5530 comparatione
2892 5455 3228 5512 sanctitatem
3259 5467 3323 5507 ac
3349 5451 3658 5520 dignitatem
3686 5429 3913 5518 praesentis

2371 5557 2556 5626 gratia:
2584 5553 2885 5618 declarans,
2912 5551 2992 5605 sic
3016 5549 3091 5603 ait
3119 5566 3132 5602 :
3163 5546 3264 5611 Qui
3289 5562 3393 5600 non
3417 5562 3480 5599 ex
3507 5535 3824 5616 sanguinibus.
3845 5536 3912 5626 τις·

2374 5664 2470 5719 que
2498 5663 2562 5701 ea:
2588 5647 2844 5700 voluntate
2876 5643 3002 5707 viri,
3031 5639 3118 5695 sed
3147 5655 3211 5694 ea:
3255 5637 3360 5691 Deo
3401 5637 3509 5691 nati
3549 5613 3662 5692 sunt
3689 5627 3843 5700 (Joaﬂ-
3872 5613 3908 5670 ί)

2379 5716 2490 5808 15).
2517 5735 2635 5792 Uno
2658 5735 2825 5792 verbo
2852 5732 3183 5788 nobilitatem
3209 5729 3421 5784 illorum
3444 5725 3712 5798 expressit.
3733 5716 3771 5771 0
3793 5717 3912 5808 mnu:

2377 5790 2467 5883 da,
2489 5828 2716 5883 natalia!
2755 5840 2788 5882 ο
2829 5823 3130 5894 spirituales
3173 5823 3380 5890 partus!
3412 5834 3446 5873 ο
3481 5790 3614 5879 nova
3655 5790 3910 5886 puerperia!

2384 5922 2500 5976 sine
2531 5929 2680 5976 utero
2706 5918 3008 5986 conceptio,
3033 5913 3149 5972 siue
3175 5920 3359 5967 ventre
3387 5910 3652 5978 uativitas,
3672 5905 3771 5965 sine
3785 5896 3913 5949 carne
