4086 6414
576 361 646 420 97
1314 368 1371 419 S.
1410 364 1695 419 JOANNIS
1732 323 2217 420 CHRYSOSTOHI
2256 358 2573 419 ARCHIEP.
2606 363 3157 421 CONSTANTINOP.
3780 358 3860 414 98

573 474 671 539 κδς
721 471 904 536 τόκος,
948 472 1109 537 τόκος
1159 472 1548 542 πνευματικὸς,
1594 471 1756 535 τόκος
1805 475 1872 527 ὲκ
1942 474 2167 546 χάριτος

574 558 673 612 καὶ
708 556 1121 627 φιλανθρωπίας
1165 553 1324 618 Θεοῦ,
1371 554 1530 616 τόκος
1583 553 1928 627 εὐφροσύνης
1975 558 2168 628 γέμων

576 639 672 692 καὶ
710 640 905 709 χαρᾶς.
954 636 1099 689 Ἀλλ’
1133 638 1195 691 οὐ
1230 635 1476 699 τοιοῦτος
1504 637 1533 689 6
1568 637 1856 707 πρότερος,
1899 638 2021 693 ἀλλ’
2057 639 2170 693 ἀπὸ

578 723 797 794 θρήνων
837 722 951 790 ἔχει
981 721 1081 791 τὴν
1123 722 1321 793 ἀρχήν.
1356 721 1430 774 Τὸ
1458 721 1565 793 γὰρ
1593 722 1808 776 παιδίον
1834 725 1901 776 ὲκ
1923 724 2024 794 τῆς
2059 726 2167 795 μή-

578 822 715 874 τρας
756 804 1063 857 όλισθαῖνον
1096 804 1191 857 καὶ
1224 806 1288 857 ὲκ
1325 804 1424 874 τῆς
1468 803 1661 875 νηδύος
1698 808 2164 878 καταφερόμενον,

576 885 805 955 πρώτην
836 886 1020 956 φωνὴν
1051 886 1191 956 μετά
1214 886 1468 958 δακρύων
1500 886 1777 950 ἐκϐάλλει,
1807 890 2063 963 καθάπερ
2084 892 2169 956 τίς

576 987 750 1037 φησι·
801 969 1051 1037 Πρώτην
1097 969 1309 1038 φωνὴν
1342 970 1458 1037 τὴν
1508 972 1723 1040 ὁμοίαν
1774 972 2005 1028 ἅπασιν
2063 975 2171 1029 ἴσα

574 1052 822 1106 κλαίων.
863 1054 964 1106 Διά
995 1053 1212 1125 θρήνων
1245 1054 1353 1125 γὰρ
1378 1055 1412 1124 ή
1447 1054 1652 1119 εἴσοδος
1681 1057 1762 1121 εἰς
1793 1058 1886 1111 τὸν
1914 1058 2051 1128 βίον,
2080 1058 2169 1113 διὰ

574 1137 827 1209 δακρύων
866 1140 1151 1210 προοίμια,
1188 1139 1288 1208 τῆς
1337 1138 1555 1207 φύσεως
1577 1140 1641 1193 τὸ
1690 1141 1883 1213 μέλλον
1910 1142 2169 1214 ὀδυνηρὸν

575 1221 1105 1293 προαναφωνούσης.
1124 1222 1190 1275 Τί
1216 1221 1399 1276 κλαίει
1419 1223 1482 1275 τὸ
1506 1224 1721 1277 παιδίον
1744 1227 1826 1289 είς
1848 1224 1967 1292 φῶς
1988 1225 2166 1292 έλθόν;

575 1306 676 1359 Διά
701 1306 890 1359 τούτου
919 1306 1026 1377 πρὸ
1052 1306 1155 1376 μὲν
1178 1306 1280 1375 τῆς
1308 1306 1584 1377 ἁμαρτίας
1616 1306 1802 1377 ἔλεγεν
1829 1310 1859 1361 6
1879 1307 2033 1371 Θεὸς,
2052 1311 2171 1364 Δύ·

579 1387 860 1452 ξάνεσθε,
906 1389 1005 1442 καὶ
1048 1391 1459 1455 πληθύνεσθε,
1508 1390 1649 1461 ὅπερ
1690 1390 1943 1459 εὐλογίας
1969 1387 2072 1462 ἦν’
2106 1390 2171 1445 τὸ

574 1471 655 1534 δὲ,
710 1472 810 1524 Ἐν
834 1472 1060 1537 λύπαις
1107 1471 1251 1541 τέξῃ
1301 1473 1505 1537 τέκνα,
1549 1475 1689 1544 μετά
1725 1475 1825 1546 τὴν
1866 1476 2166 1547 ἁμαρτίαν,

575 1556 715 1626 ὅπερ
743 1555 1013 1624 τιμωρίας
1038 1550 1128 1626 ἦν.
1164 1556 1239 1610 Οὐ
1271 1556 1484 1627 δάκρυα
1507 1556 1566 1610 δὲ
1595 1558 1654 1612 ὲν
1688 1560 1755 1628 τῇ
1791 1559 2046 1629 γεννήσει
2078 1559 2170 1629 μό.

587 1655 693 1702 νον,
735 1638 872 1690 ἀλλὰ
901 1637 1018 1718 [81]
1056 1641 1151 1693 καὶ
1178 1640 1473 1711 σπάργανα
1497 1641 1594 1694 καὶ
1622 1641 1835 1711 δεσμά·
1869 1640 2083 1706 δάκρυα
2108 1643 2168 1703 έν

574 1723 643 1791 τῇ
679 1724 959 1792 γεννήσει,
999 1723 1211 1795 δάκρυα
1258 1725 1317 1777 έν
1347 1724 1565 1794 θανάτῳ
1591 1741 1603 1754 ’
1638 1725 1930 1796 σπάργανα
1962 1726 2021 1778 ὲν
2044 1742 2169 1793 γεν·

579 1807 757 1876 νήσει,
808 1808 1099 1877 σπάργανα
1133 1810 1191 1861 ὲν
1228 1807 1479 1878 θανάτῳ·
1531 1808 1620 1861 ἵνα
1676 1808 1854 1885 μάθῃς
1899 1809 1982 1863 ὃτι
2031 1808 2170 1880 πρὸς

578 1889 814 1944 θάνατον
842 1892 874 1961 ὴ
925 1890 1038 1962 ζωή
1082 1891 1237 1959 αὕτη
1271 1892 1521 1963 τελευτᾷ,
1557 1892 1653 1949 καὶ
1688 1893 1826 1962 πρὸς
1858 1894 2038 1946 έκεῖνο
2075 1910 2169 1946 κα-

576 1971 877 2044 ταστρέφει]
905 1973 967 2027 τὸ
998 1972 1172 2041 τέλος.
1220 1973 1363 2031 Ἀλλ’
1398 1975 1550 2046 οὐχὴ
1578 1974 1835 2047 γέννησις
1864 1977 2029 2045 αὐτη.
2061 1977 2167 2033 Οὐ-

2269 472 2443 545 δαμοῦ
2469 473 2680 545 δάκρυα
2702 472 2798 526 καὶ
2823 474 3136 543 σπάργανα,
3177 471 3315 527 ἀλλά
3353 468 3644 540 λελυμένος
3663 472 3693 524 ὀ
3727 483 3857 535 γεν-

2273 558 2478 629 νηθεὶς,
2495 558 2590 610 καὶ
2619 556 2758 628 πρὸς
2772 556 2991 624 ἀγῶνας
3006 554 3528 627 παρεσκευασμένος
3546 564 3563 580 ’
3579 549 3670 604 διὰ
3692 550 3858 603 τοῦτο

2271 644 2462 712 ἄφετοι
2485 644 2535 696 οί
2560 641 2721 704 πόδες
2751 642 2847 696 καί
2861 642 2918 693 αί
2945 640 3254 739 χεῖρες,ίνα
3269 636 3440 739 τρέχη
3464 632 3863 739 καὶπυκτειύηὶ

2270 724 2511 797 οὐδαμοῦ
2566 724 2789 797 θρῆνος,
2847 724 3091 795 οὐδαμοῦ
3153 723 3369 795 δάκρυα
3421 718 3686 780 ἐνταῦθα.
3742 717 3863 771 ἀλλ’
3962 794 3971 799 η

2270 807 2580 878 ἀσπασμοί,
2618 807 2715 860 καὶ
2744 807 2942 876 φιλίαι,
2980 808 3076 860 καὶ¹
3103 805 3434 878 περιπλοκαί
3470 802 3579 857 τῶν
3610 799 3863 870 ἀδελφῶν

2269 890 2330 944 τὸ
2362 892 2561 944 οἰκεῖον
2589 889 2754 961 μέλος
2782 891 3282 958 ὲπιγινωσκόντων.
3310 889 3407 943 καὶ⁴
3436 888 3626 958 ὥσπερ
3648 889 3719 939 ὲκ
3756 902 3861 955 μα·

2270 975 2410 1044 κρᾶς
2433 972 2815 1026 ἀπολαϐόντων
2843 972 3176 1043 ἀποδημίας.
3220 970 3440 1041 Ἐπειδὴ
3477 969 3587 1040 γὰρ
3621 967 3731 1036 πρὸ
3764 964 3863 1019 τοῦ

2270 1057 2624 1127 φωτίσματος
2653 1055 2848 1129 ἐχθρὸς
2876 1052 2968 1128 ἦν,
3001 1056 3142 1127 μετά
3189 1055 3246 1109 δὲ
3278 1055 3341 1108 τὸ
3373 1053 3633 1123 φὼτισμα
3664 1049 3862 1119 γέγονε

2270 1143 2424 1212 φίλος
2449 1142 2545 1196 τοῦ
2575 1141 2759 1196 κοινοῦ
2783 1143 3005 1197 πάντων
3034 1144 3066 1212 ή
3076 1140 3193 1213 μῶν
3237 1138 3535 1201 Δεσπότου,
3569 1135 3659 1190 διὰ
3699 1132 3866 1188 τοῦτο

2271 1229 2474 1291 πάντες
2506 1227 2854 1298 συνηδόμεθα
2872 1242 2886 1257 ·
2914 1228 3004 1282 διὰ
3025 1226 3185 1280 τοῦτο
3209 1224 3307 1279 καὶ
3336 1223 3399 1277 τὸ
3428 1222 3643 1293 φίλημα
3665 1218 3863 1291 εἰρήνη

2270 1312 2540 1377 καλεῖται,
2566 1313 2654 1365 ἵνα
2679 1311 2943 1383 μάθωμεν
2963 1313 3048 1365 ὅτι
3075 1311 3313 1382 πόλεμον
3335 1307 3631 1369 κατέλυσεν
3654 1306 3684 1357 6
3703 1302 3862 1368 Θεὸς,

2270 1395 2366 1448 καὶ
2394 1392 2533 1465 πρὸς
2558 1393 2659 1465 τὴν
2686 1394 2966 1447 οίκείωσιν
2994 1395 3313 1465 ἐπανήγαγε
3341 1391 3445 1462 τὴν
3470 1385 3695 1445 ἑαυτοῦ.
3717 1384 3865 1439 Taxi-

2268 1494 2369 1547 την
2392 1473 2485 1531 οὖν
2517 1475 2779 1548 τηρῶμεν
2812 1477 3100 1547 διηνεκῶς,
3133 1476 3342 1546 ταύτην
3370 1471 3731 1543 φυλάττωμεν
3763 1467 3867 1537 τὴν

2269 1560 2518 1631 εἰρήνην,
2549 1558 2758 1630 ταύτην
2791 1560 3127 1631 ὲκτείνωμεν
3147 1560 3247 1631 τὴν
3274 1557 3484 1636 φιλίαν,
3512 1556 3603 1608 ἶνα
3630 1554 3730 1606 καὶ
3754 1550 3867 1607 τῶν

2270 1643 2506 1697 αἰωνίων
2536 1642 2887 1714 έπιτύχωμεν
2920 1644 3162 1715 σκηνῶν,
3191 1644 3378 1715 χάριτι
3412 1641 3509 1696 καὶ
3551 1636 3863 1707 φιλανθρω-

2278 1726 2379 1796 πίᾳ
2407 1725 2501 1779 τοῦ
2528 1726 2740 1795 Κυρίου
2767 1725 2927 1796 ήμῶν
2962 1725 3141 1797 Ἰησοῦ
3168 1723 3430 1795 Χριστοῦ,
3448 1723 3517 1777 δι’
3538 1715 3600 1775 οὐ
3623 1720 3724 1773 καὶ
3742 1717 3866 1790 μεθ’

2274 1803 2336 1864 οἶ»
2382 1807 2462 1874 τῷ
2491 1809 2671 1879 Πατρὶ
2695 1809 2844 1874 δόξα,
2868 1810 3029 1880 τιμὴ,
3070 1810 3296 1880 κράτος,
3324 1808 3445 1879 ἅμα
3481 1804 3559 1877 τῷ
3589 1803 3736 1873 ἁγίῳ
3770 1802 3865 1856 καὶ

2275 1889 2527 1960 ζωοποιῷ
2558 1890 2864 1963 Πνεύματι.
2891 1893 2988 1946 νῦν
3018 1894 3114 1947 καὶ
3134 1892 3247 1955 ἀεὶ,
3271 1892 3368 1947 καὶ
3391 1891 3474 1952 είς
3499 1887 3632 1950 τοὺς
3657 1883 3864 1946 αἰῶνας

2271 1975 2381 2036 τῶν
2414 1973 2648 2029 αἰώνων.
2685 1976 2860 2048 Ἀμήν
2878 2012 2894 2035 .,

579 2336 711 2392 Ὅτι
763 2340 874 2392 οὐκ
907 2338 1240 2394 ἀκίνδυνον
1294 2338 1419 2407 τοῖς
1468 2342 1788 2412 ἀκροαταῖς
1830 2343 1894 2397 τὸ
1940 2343 2121 2413 σιγᾷν
2160 2346 2233 2399 τὰ
2293 2345 2594 2414 λεγόμενα
2632 2343 2705 2397 ἐν
2762 2342 3085 2410 ἐκκλησίᾳ,
3144 2338 3246 2395 καί
3285 2341 3457 2406 τίνος
3497 2338 3720 2394 ἕνεκεν
3785 2340 3853 2394 αι

651 2434 911 2502 Πράξεις
938 2435 1008 2488 ἐν
1038 2433 1114 2503 τῇ
1137 2433 1530 2503 Πεντηκοστῇ
1558 2434 2099 2504 ἁναγινώσκονται,
2137 2436 2237 2491 καί
2257 2436 2355 2491 διὰ
2390 2438 2448 2491 τί
2489 2439 2600 2491 οὐκ
2627 2435 2819 2500 ἔδειξε
2860 2433 3051 2490 πᾶσιν
3092 2432 3311 2487 ἑαυτὸν
3344 2431 3618 2497 ἀναστὰς
3643 2435 3681 2486 ό
3713 2434 3848 2501 Χριη

649 2527 817 2591 στὸς,
872 2527 970 2581 καὶ
1010 2527 1099 2580 ὅτι
1140 2523 1249 2593 τῆς
1296 2525 1493 2594 ὄψεως
1528 2527 1918 2597 σαφεστέραν
1958 2530 2229 2597 παρέσχε
2250 2526 2367 2596 τὴν
2390 2527 2499 2596 τῆς
2518 2527 2916 2592 ἀναστάσεως
2947 2524 3262 2590 ἀπόδειξιν
3286 2521 3403 2595 τὴν
3432 2523 3532 2580 διὰ
3567 2522 3694 2578 τῶν
3735 2537 3856 2601 (m-

643 2622 831 2691 μείων
853 2619 973 2674 τῶν
1008 2620 1393 2685 ἀποστόλων.

642 2977 694 3024 α’·
706 2969 799 3023 .Τὸ
820 2968 918 3039 μὲν
936 2967 1096 3022 πλέον
1111 2970 1206 3025 τοῦ
1223 2971 1419 3043 χρέους
1435 2968 1530 3022 τοῦ
1547 2968 1894 3034 συντεθέντος
1909 2972 2043 3041 ἡμῖν
2060 2968 2167 3023 ὐπὸ

576 3048 678 3119 τῆς
696 3051 1013 3120 ἐπιγραφῆς
1027 3051 1136 3105 τῶν
1160 3053 1423 3125 Πράξεων
1441 3050 1552 3105 τῶν
1576 3051 1953 3105 ἀποστολικῶν
1969 3053 2027 3105 ἐν
2045 3054 2167 3115 ταῖς

578 3132 891 3203 ἔμπροσθεν
922 3134 1050 3203 ὑμῖν
1075 3135 1452 3203 κατεϐάλομεν
1476 3134 1716 3205 ήμέραις
1736 3149 1749 3162 ·
1779 3135 1972 3206 ἐπειδὴ
1998 3134 2055 3188 δὲ
2083 3134 2163 3187 ἔτι

581 3216 777 3287 μικρὸν
799 3216 1124 3287 ὲναπέμεινε
1147 3218 1420 3287 λείψανον,
1440 3218 1671 3288 ἀνέστην
1693 3218 1968 3272 καὶτοῦτο
1992 3235 2163 3273 κατα-

578 3296 763 3368 θήσων
791 3299 921 3368 ὑμῖν
949 3300 1210 3370 σήμερον.
1234 3300 1297 3359 Εἰ
1321 3300 1376 3353 δὲ
1406 3301 1524 3371 μετ’
1546 3300 1836 3370 ἀκριϐείας
1865 3300 2164 3370 φυλάττετε

574 3381 645 3435 τὰ
685 3381 977 3451 εἰρημένα,
1015 3384 1110 3435 καὶ
1158 3383 1300 3453 μετά
1346 3382 1551 3452 πολλῆς
1596 3384 1857 3455 κατέχετε
1905 3382 2163 3455 σπουδῆς,

576 3464 736 3535 ὑμεῖς
780 3464 847 3517 ἂν
881 3465 1114 3535 εἰδείητε
1142 3468 1192 3519 οἱ
1234 3466 1295 3519 τὸ
1327 3466 1590 3538 ἀργύριον
1631 3466 2043 3538 ὑποδεξάμενοι,
2069 3466 2166 3519 καὶ

574 3547 687 3601 τῶν
717 3548 998 3618 ἀργυρίων
1020 3549 1227 3602 τούτων
1253 3550 1539 3620 μέλλοντες
1562 3551 1651 3603 τὸν
1673 3550 1832 3617 λόγον
1861 3544 2164 3620 διδόναῖτῷ

577 3631 826 3702 Δεσπότῃ
873 3631 1015 3684 κατὰ
1045 3632 1143 3702 τὴν
1177 3633 1393 3705 ἡμέραν
1439 3631 1680 3702 ἐκείνην,
1730 3634 1859 3686 ὅταν
1890 3634 1942 3685 οἱ
1969 3633 2038 3686 τὰ
2069 3634 2165 3687 τά·

577 3712 747 3765 λαντα
776 3714 1167 3777 πιστευθέντες
1197 3713 1494 3776 καλῶνται,
1528 3714 1624 3767 καὶ
1662 3713 1761 3777 τὰς
1790 3713 2024 3778 εὐθύνας
2047 3716 2165 3768 ὐπ-

577 3796 793 3865 έχωσιψ
810 3797 939 3851 ὅταν
964 3795 1135 3850 ἐλθὼν
1158 3799 1185 3850 6
1204 3798 1440 3869 Χριστὸς
1462 3799 1668 3868 ἀπαιτῇ
1681 3798 1808 3861 τοὺς
1830 3798 2164 3868 τραπεζίτας

575 3879 637 3931 τὸ
679 3878 943 3950 ἀργύριον
969 3879 1128 3933 τοῦτο
1169 3880 1310 3949 μετὰ
1342 3880 1452 3932 τῶν
1482 3880 1677 3934 τόκων.
1711 3879 1875 3934 Ἔδει
1919 3880 2029 3951 γάρ
2065 3897 2161 3945 σε,

576 3963 736 4031 φησὶ,
758 3962 1122 4019 καταϐαλεῖν
1143 3963 1209 4016 τὸ
1233 3963 1521 4032 ἀργίφιόν
1529 3980 1649 4031 μου
1666 3963 1767 4015 ἐπὶ
1794 3963 1937 4029 τοὺς
1958 3979 2165 4031 τραπε-

574 4045 755 4111 ζίτας,
775 4046 876 4103 καὶ
894 4045 1011 4114 ἐγὼ
1023 4046 1220 4101 ἐλθὼν
1231 4047 1385 4117 μετὰ
1399 4048 1579 4100 τόκου
1597 4046 1674 4100 ἂν
1687 4046 1974 4114 ἀπῄτησα
1990 4048 2157 4101 αὐτό.

575 4128 643 4178 Ὢ
665 4127 769 4193 τῆς
805 4127 1010 4195 πολλῆς
1032 4129 1125 4181 καὶ
1154 4129 1365 4195 ἀφάτου
1383 4127 1797 4199 φιλανθρωπίας
1826 4128 1923 4181 τοῦ
1952 4131 2160 4183 Δεσπό-

575 4209 712 4262 τουί
785 4209 1128 4279 Ἀνθρωπους
1173 4209 1397 4263 κωλύων
1445 4212 1695 4264 ἀπαιτεῖν
1741 4211 1954 4275 τόκους,
1999 4213 2160 4277 αὐτὸς

576 4292 795 4344 ἀπαιτεῖ
817 4291 1028 4354 τόκους.
1060 4291 1159 4345 Διά
1186 4292 1276 4357 τίς
1328 4292 1546 4362 Ἐπειδὴ
1572 4294 1779 4357 ἐκεῖνος
1806 4296 1835 4348 6
1862 4294 2019 4359 τόκος
2044 4296 2163 4355 δια-

574 4373 908 4446 ϐεϐλημένος
950 4375 1068 4427 ἐστὶ
1115 4374 1210 4437 καὶ
1259 4374 1596 4447 κατηγορίας
1641 4375 1789 4441 ἄξιος
1826 4394 1840 4409 ο
1896 4370 2053 4440 οὗτος
2103 4377 2160 4431 δὲ

574 4457 857 4519 ἐπαινετὸς
883 4457 976 4512 καὶ
1004 4456 1205 4527 πολλῆς
1238 4457 1510 4527 ἀποδοχῆς
1539 4459 1685 4511 ἐστιν
1705 4459 1874 4526 ἄξιος.
1922 4459 2161 4524 Ἐκεῖνος

580 4540 752 4594 τοίνυν
774 4542 803 4594 6
833 4541 1010 4607 τόκος,
1048 4540 1077 4592 6
1104 4540 1214 4592 τῶν
1249 4540 1549 4612 χρημάτων
1578 4539 1741 4609 λέγω,
1778 4542 1987 4597 καὶτὸν
2023 4543 2162 4612 λαμ-

574 4621 826 4688 ϐάνοντα,
859 4625 953 4677 καὶ
979 4624 1071 4678 τὸν
1101 4624 1313 4678 διδόντα
1341 4624 1549 4696 ζημιοῖ,
1577 4625 1672 4686 καὶ
1700 4625 1793 4678 τοῦ
1821 4627 1920 4696 μὲν
1948 4626 2161 4696 λαμϐά-

576 4720 753 4767 νοντος
778 4705 1039 4758 ἀπόλλυσι
1066 4705 1163 4776 τὴν
1195 4706 1396 4778 ψυχὴν,
1424 4707 1520 4762 τοῦ
1543 4707 1600 4762 δὲ
1624 4707 1856 4773 διδόντος
1890 4708 2007 4781 [82]
2035 4711 2157 4762 ἐπι-

574 4787 749 4858 τρίϐει
779 4787 878 4858 τὴν
904 4788 1117 4843 πενίαν.
1167 4791 1232 4843 Τί
1272 4790 1380 4861 γὰρ
1410 4791 1477 4845 ἂν
1517 4793 1725 4859 γένοιτο
1756 4792 2155 4865 χαλεπώτερον,

573 4870 687 4924 ἀλλ’
710 4869 743 4940 ἢ
769 4871 896 4924 ὅταν
921 4888 1006 4934 τις
1034 4871 1135 4942 τὴν
1163 4872 1352 4927 πενίαν
1376 4873 1471 4926 τοῦ
1498 4874 1725 4946 πλησίον
1757 4877 2154 4947 ἐμπορεύηται,

575 4953 669 5006 καὶ
690 4953 789 5017 τὰς
810 4952 919 5007 τῶν
938 4954 1179 5022 ἀδελφῶν
1202 4957 1658 5027 πραγματεύηται
1682 4975 1744 5011 συ
1752 4962 1994 5031 μφοράς;
2029 4962 2156 5013 ὅταν

454 5076 463 5105 Ι.
574 5050 656 5098 τις
681 5038 1022 5103 προσωπεῖον
1052 5037 1461 5108 φιλανθρωπίας
1490 5040 1628 5111 ἔχων
1653 5044 1836 5096 πᾶσαν
1866 5043 2157 5114 ἀπανθρω-

456 5117 464 5159 Ξ
573 5117 701 5170 πίαν
724 5116 1108 5183 ἐπιδείκνυται,
1136 5124 1230 5174 καὶ
1252 5124 1280 5174 6
1303 5126 1458 5194 χεῖρα
1483 5136 1509 5165 α
1546 5125 1754 5195 μέλλων
1781 5126 1994 5199 ὀρέγειν
2018 5129 2156 5197 πρὸς

572 5202 633 5256 τὸ
669 5201 941 5272 βάραθρον
982 5203 1096 5275 ὡθῇ
1143 5206 1234 5258 τὸν
1263 5207 1513 5277 βοηθείας
1537 5209 1829 5279 δεόμενον;
1869 5211 1936 5262 Τί
1961 5213 2152 5273 ποιεῖς,

572 5285 825 5357 ἄνθρωπε
847 5300 861 5350 ;
898 5286 971 5337 Οὐ
994 5286 1082 5341 διὰ
1101 5288 1259 5343 τοῦτο
1286 5292 1423 5361 πρὸς
1446 5292 1543 5357 σὰς
1563 5288 1696 5363 ἦλθε
1717 5293 1886 5363 θύρας
1912 5296 1941 5346 6
1964 5295 2152 5363 πένης,

572 5370 661 5423 ἵνα
688 5369 929 5439 αὐξήσῃς
956 5372 1123 5425 αὐτοῦ
1154 5375 1253 5445 τὴν
1284 5376 1495 5440 πενίαν,
1528 5378 1641 5431 ἀλλ’
1669 5378 1758 5431 ἵνα
1789 5378 1956 5450 λύσῃς
1987 5377 2153 5435 αὐτοῦ

570 5453 670 5522 τὴν
689 5452 881 5505 πενίαν
902 5470 916 5484 ·
950 5457 1016 5508 σὺ
1037 5456 1097 5509 δὲ
1124 5459 1319 5512 ταυτὸν
1342 5464 1536 5525 ποιεῖς,
1561 5456 1671 5514 οἷον
1693 5464 1742 5514 οἱ
1762 5461 1829 5515 τὰ
1851 5462 2153 5532 δηλητήρια

577 5535 930 5601 κεραννύντες
964 5539 1231 5609 φάρμακα
1254 5558 1266 5570 ·
1321 5545 1414 5596 καὶ
1442 5543 1551 5614 γὰρ
1581 5545 1777 5605 ἐκεῖνοι
1807 5543 1906 5614 τὴν
1948 5546 2153 5616 συνήθη

637 5715 660 5747 λ
684 5708 822 5765 Colb.
849 5713 928 5760 καὶ
951 5717 1013 5769 ὡς
1033 5716 1181 5777 χεῖρα.

2266 2968 2473 3040 τροφὴν
2495 2970 2681 3031 αὐτοῖς
2709 2965 3073 3038 ἀναμίξαντες
3091 2962 3494 3033 ἀνεπαίσθητον
3514 2964 3741 3022 ποιοῦσι
3762 2963 3860 3037 τὴν

2266 3051 2578 3123 ἐπιϐουλὴν,
2617 3051 2711 3104 καὶ
2743 3043 2889 3104 οὗτοι
2926 3048 3337 3121 φιλανθρωπίας
3370 3049 3725 3120 προσχήματι
3754 3049 3858 3102 τῶν

2265 3135 2439 3189 τόκων
2472 3136 2562 3188 τὸν
2594 3133 2815 3206 ὄλεθρον
2846 3131 3174 3205 κρύψαντες,
3206 3133 3308 3186 οὐκ
3354 3132 3518 3186 ἐῶσιν
3566 3133 3858 3187 αἰσθέσθαι

2265 3220 2363 3289 τῆς
2397 3217 2602 3289 βλάϐης
2632 3219 2758 3281 τούς
2789 3217 3082 3287 μέλλοντας
3109 3215 3291 3269 πίνειν
3314 3215 3377 3268 τὸ
3406 3214 3711 3285 θανάσιμον
3732 3214 3857 3269 τοῦ·

2265 3319 2326 3355 το
2352 3303 2662 3374 φάρμακον.
2693 3301 2896 3371 Διόπερ
2924 3299 3201 3371 εὐκαιρον,
3232 3298 3261 3352 ὃ
3291 3300 3421 3369 περὶ
3448 3299 3547 3370 τῆς
3576 3300 3858 3372 ἁμαρτίας

2265 3384 2505 3455 εἴρηται,
2535 3384 2630 3437 καὶ
2670 3384 2798 3454 περί
2831 3383 2941 3435 τῶν
2969 3382 3295 3446 τοκιζόντων
3326 3381 3422 3436 καὶ
3460 3381 3858 3455 δανειζομένων

2265 3470 2461 3525 εἰπεῖν.
2494 3468 2561 3520 Τί
2592 3468 2649 3521 δὲ
2682 3467 2815 3538 περὶ
2834 3468 2935 3536 τῆς
2957 3465 3234 3537 ἁμαρτίας
3264 3465 3514 3537 simul;
3543 3466 3703 3534 Πρὸς
3730 3480 3855 3519 και-

2256 3551 2393 3620 ρὸν,
2433 3552 2586 3621 φησὶ,
2637 3551 2951 3620 γλυκαίνει
2991 3549 3101 3602 τὸν
3138 3547 3429 3617 λάρυγγα,
3478 3547 3743 3615 ὕστερον
3788 3546 3856 3600 δὲ

2266 3637 2620 3704 πικρότερον
2640 3633 2835 3703 χολῆς
2855 3632 3156 3702 εὑρήσεις,
3179 3632 3278 3687 καὶ
3303 3631 3690 3700 ἠκονημένον
3698 3630 3853 3701 μᾶλα

2263 3725 2379 3775 λον
2399 3720 2703 3788 μαχαίρας
2730 3718 3041 3786 διστόμου.
3074 3716 3247 3770 Τοῦτο
3278 3715 3458 3769 τοίνυν
3490 3716 3590 3769 καὶ
3616 3716 3717 3770 ἐπὶ
3747 3716 3855 3770 τῶν

2262 3801 2659 3872 δανειζομένων
2699 3802 2945 3869 γίνεται·
3000 3800 3130 3854 ὅταν
3178 3800 3278 3871 μὲν
3324 3800 3434 3871 γὰρ
3484 3799 3743 3874 λαμϐάνῃ
3784 3801 3853 3854 τὰ

2264 3890 2521 3960 χρήματα
2553 3888 2579 3939 6
2605 3885 2890 3956 δεόμενος,
2934 3884 3297 3956 παραμυθίαν
3330 3882 3599 3955 λαμϐάνει
3648 3885 3851 3955 μικράν

2263 3988 2383 4025 τινα
2413 3971 2507 4023 καὶ
2539 3969 2905 4041 πρόσκαιρονο
2948 3967 3174 4039 ὕστερον
3215 3969 3273 4022 δὲ
3312 3968 3423 4021 τῶν
3469 3967 3647 4022 τόκων
3695 3969 3851 4033 αὐξο-

2268 4056 2468 4127 μένων,
2487 4054 2580 4109 καὶ
2600 4053 2694 4108 τοῦ
2728 4054 2949 4126 φορτίου
2982 4053 3229 4123 μείζονος
3259 4054 3358 4123 τῆς
3388 4050 3673 4122 δυνάμεως
3696 4070 3848 4124 γενο-

2268 4139 2452 4209 μένου,
2512 4138 2690 4191 ὲκεῖνο
2720 4138 2780 4192 τὸ
2827 4137 3000 4205 γλυκύ
3045 4137 3140 4191 καὶ
3186 4137 3418 4199 λιπάναν
3459 4137 3551 4190 τὸν
3601 4137 3849 4208 λάρυγγα

2265 4222 2587 4293 πικρότερον
2625 4222 2789 4292 χολῆς
2815 4220 3008 4291 ὄψεται
3046 4220 3353 4291 γινόμενον,
3386 4220 3483 4274 καὶ
3508 4222 3845 4293 ἠκονημένον

2268 4305 2468 4377 μᾶλλον
2519 4305 2797 4377 μαχαίρας
2842 4305 3121 4375 διστόμου,
3164 4304 3274 4359 τῶν
3320 4304 3591 4377 πατρῴων
3626 4307 3844 4360 πάντων

2264 4390 2570 4459 ἀποστῆναι
2599 4390 2794 4460 ἀθρόον
2822 4390 3289 4458 ἀναγκαζόμενος.

2334 4471 2402 4543 β’.
2430 4473 2567 4526 Ἀλλ’
2587 4473 2696 4527 ἀπὸ
2725 4473 2834 4527 τῶν
2868 4474 3144 4544 αἰσθητῶν
3168 4474 3262 4527 ἐπὶ
3282 4473 3354 4528 τὰ
3377 4475 3728 4545 πνευματικά
3756 4471 3844 4527 τὸν

2261 4555 2417 4623 λόγον
2447 4556 2791 4627 μετάγωμεν.
2843 4557 3003 4611 Ἔδει
3043 4574 3136 4623 σε,
3190 4558 3348 4628 φησι,
3386 4558 3748 4613 καταϐαλεῖν
3777 4555 3842 4610 τὸ

2260 4641 2544 4709 ἀργύριόν
2574 4658 2695 4710 μου
2733 4639 2833 4694 ἐπὶ
2883 4640 3028 4707 τοὺς
3069 4639 3443 4709 τραπεζῖτας,
3497 4641 3705 4695 ἐκείνου
3749 4638 3842 4697 τοῦ

2260 4726 2527 4798 ἀργυρίου
2557 4725 2894 4798 τραπεζίτας
2921 4725 3067 4797 ὑμᾶς
3099 4726 3281 4780 καλῶν
3300 4728 3429 4790 τοὺς
3449 4726 3559 4780 τῶν
3582 4726 3842 4797 ῥημάτων

2227 4844 2232 4849 ·
2257 4813 2463 4867 τούτων
2488 4813 2783 4883 ἀκροατάς.
2820 4812 2931 4865 Ka‘t
2959 4812 3104 4876 τίνος
3132 4813 3318 4866 ἕνεκεν
3344 4810 3678 4884 τραπεζίτας
3700 4812 3842 4881 ὑμᾶς

2259 4895 2517 4950 ἐκάλεσεν
2565 4897 2593 4948 6
2640 4895 2820 4960 856;;
2873 4896 3154 4950 Παιδεύων
3211 4896 3462 4958 ἅπαντας
3516 4896 3619 4966 τὴν
3669 4894 3835 4964 αὐτὴν

2261 4978 2494 5049 σπουδὴν
2519 4978 2925 5032 ἐπιδείκνυσθαι
2963 4980 3092 5050 περὶ
3118 4978 3233 5050 τὴν
3257 4979 3582 5050 δοκιμασίαν
3611 4977 3722 5032 τῶν
3748 4977 3837 5030 λεε

2258 5062 2505 5133 γομένων
2531 5102 2545 5126 ,
2590 5061 2723 5129 ὅσην
2771 5062 2969 5115 ὲκεῖνοι
3026 5062 3261 5133 σπουδὴν
3314 5062 3500 5133 έχουσι
3558 5063 3687 5134 περὶ
3739 5059 3835 5129 τὴν

2257 5145 2503 5208 ἐξέτασιν
2533 5142 2627 5196 καὶ
2658 5142 2865 5197 εἴσοδον
2899 5144 3007 5198 τῶν
3037 5146 3408 5217 νομισμάτων.
3435 5146 3700 5216 Καθάπερ
3729 5143 3833 5212 γὰρ

2256 5227 2306 5280 οί
2334 5224 2658 5296 τραπεζῖται
2699 5225 2760 5278 τὸ
2793 5227 2892 5297 μὲν
2946 5227 3198 5297 κίϐδηλον
3244 5230 3337 5282 καὶ
3386 5228 3713 5298 παράσημον
3745 5228 3834 5277 ὲκ-

2256 5309 2513 5363 ϐάλλουσι
2542 5309 2806 5379 νόμισμα,
2835 5309 2895 5361 τὸ
2927 5309 2983 5364 δὲ
3016 5310 3239 5381 δόκιμον
3266 5313 3357 5365 καὶ
3383 5312 3535 5379 ὐγιὲς
3564 5310 3829 5380 δέχονται,

2256 5394 2349 5447 καὶ
2381 5394 2718 5465 διακρίνουσι
2746 5393 2806 5446 τὸ
2828 5393 2980 5447 νόθον
3016 5395 3122 5448 ἀπὸ
3152 5396 3245 5449 τοῦ
3278 5395 3524 5465 γνησίου·
3566 5394 3707 5448 οὕτω
3738 5391 3829 5445 καὶ

2258 5477 2323 5529 σὺ
2371 5476 2615 5545 ποίησον,
2661 5477 2755 5531 καὶ
2805 5475 2880 5547 μὴ
2916 5476 3101 5530 πάντα·
3128 5478 3435 5550 παραδέχου
3469 5477 3649 5545 λόγον,
3697 5473 3828 5528 ἀλλά

2251 5558 2343 5611 τὸν
2376 5558 2476 5628 μὲν
2504 5558 2753 5628 κίϐδηλον
2780 5561 2871 5613 καὶ
2902 5558 3296 5630 διεφθαρμένον
3324 5560 3554 5614 ἔκϐαλλε
3583 5559 3689 5613 ἀπὸ
3711 5555 3823 5610 σοῦ.

2251 5641 2344 5693 τὸν
2389 5641 2446 5693 δὲ
2497 5642 2622 5712 ὑγιῆ
2683 5643 2777 5696 καὶ
2827 5643 3099 5713 σωτηρίαν
3147 5642 3337 5713 ἔχοντα
3381 5644 3715 5713 παράπεμπε
3758 5640 3822 5709 τῇ

2250 5722 2475 5794 διανοίᾳ.
2529 5726 2681 5777 Ἐστι
2716 5724 2843 5795 γὰρ,
2879 5724 2992 5777 ἔστι
3041 5727 3134 5779 καὶ
3170 5727 3251 5779 σοὶ
3295 5726 3433 5795 ζυγὰ
3463 5727 3553 5780 καί
3586 5720 3821 5797 σταθμία
