4086 6426
259 379 319 435 97
895 366 1033 426 CUR
1072 369 1138 426 IN
1177 370 1464 428 PENTEC.
1507 372 1711 437 ACTA.
1753 374 1904 430 ETC.
1939 375 2007 431 IN
2046 377 2336 435 PRINClP.
2364 378 2716 438 ACTORUM.
2750 383 2835 438 IV.
3482 377 3554 435 98

258 488 465 554 partus,
498 488 694 551 partus
722 481 1058 553 Spirituales,
1090 494 1274 555 partus
1302 501 1370 541 ex
1397 487 1566 557 gratia
1598 495 1656 543 et
1693 488 1846 544 beni-

256 573 447 643 gnitate
476 570 613 638 Dei,
659 581 838 641 partus
877 571 1074 629 laetitiae
1116 574 1303 645 plenus
1337 585 1392 631 et
1429 577 1627 648 gaudii.
1661 578 1849 636 Atille

258 662 395 733 prior
421 662 543 716 talis
569 663 794 718 minime
819 662 951 731 fuit,
984 663 1078 720 sed
1106 679 1139 721 a
1167 665 1415 723 lamentis
1441 668 1648 724 initium
1674 668 1843 724 duxit.

257 752 522 822 Siquidem
550 751 645 807 ubi
676 751 875 823 prodiit
904 753 1077 810 infans
1105 770 1171 811 ex
1198 766 1351 813 utero
1380 766 1434 813 et
1457 773 1520 814 ex
1551 759 1672 813 alvo
1699 759 1847 829 deje-

255 851 364 897 ctus
390 851 474 898 est
493 881 510 907 ,
541 843 773 913 primam
804 858 926 899 cum
959 845 1204 917 lacrymis
1232 863 1417 903 vocem
1452 848 1648 916 mittit,
1690 858 1848 918 prout

255 934 375 990 dixit
405 935 677 1006 quispiam
709 953 725 989 :
759 935 989 990 Primam
1013 953 1184 993 vocem
1211 939 1424 994 similem
1453 941 1683 996 omnibus
1702 957 1845 1012 teque

255 1024 450 1094 plorans
484 1022 643 1095 (Sap.
679 1026 732 1079 7.
766 1025 842 1095 5).
877 1024 981 1081 Per
1010 1027 1243 1083 lamenta
1281 1028 1545 1099 siquidem
1575 1031 1846 1101 ingressus

256 1117 303 1169 in
330 1122 488 1169 vitam
511 1156 526 1180 ,
565 1131 664 1185 per
694 1116 955 1188 lacrymas
983 1117 1203 1173 exordia
1221 1159 1239 1185 ,
1270 1118 1397 1174 dum
1440 1119 1642 1176 futuras
1670 1121 1842 1176 mole-

254 1208 372 1262 stias
410 1216 602 1261 natura
648 1209 989 1278 praznuutiat.
1023 1207 1130 1264 Cur
1176 1210 1347 1279 plorat
1376 1212 1550 1267 infans
1576 1228 1698 1268 cum
1727 1213 1843 1270 exit

257 1298 303 1354 in
327 1298 541 1354 lucem?
571 1296 687 1354 Hac
718 1299 786 1355 de
822 1314 982 1355 causa
1015 1318 1031 1355 :
1060 1308 1185 1356 ante
1213 1309 1487 1372 peccatum
1515 1303 1729 1373 quidem
1756 1303 1842 1359 di-

253 1389 393 1444 cebat
432 1388 577 1443 Dens
596 1429 614 1454 ,
644 1388 890 1455 Crescite,
922 1396 969 1443 et
1006 1391 1418 1459 multiplicamini
1448 1392 1599 1465 (Gen.
1632 1395 1684 1449 l.
1712 1394 1837 1467 28),

253 1480 384 1553 quod
412 1490 532 1537 erat
557 1481 953 1537 benedictionis
977 1499 990 1536 :
1014 1482 1144 1539 illud
1168 1493 1369 1551 autem,
1391 1484 1458 1539 In
1479 1486 1653 1540 dolore
1677 1490 1844 1557 paries

253 1573 376 1642 ﬁlios
403 1571 569 1645 (Gen.
605 1573 663 1628 3.
693 1572 825 1643 16),
866 1583 987 1643 post
1015 1585 1287 1644 peccatum
1324 1576 1528 1631 dictum
1556 1585 1672 1645 cst,
1697 1578 1842 1648 quod

253 1674 361 1721 erat
378 1680 573 1736 ptente.
600 1664 789 1737 Neque
809 1680 937 1721 vero
958 1666 1209 1738 lacrymte
1235 1668 1287 1722 in
1314 1668 1588 1725 nativitate
1613 1677 1840 1737 tantum,

251 1758 338 1814 sed
365 1766 415 1813 et
441 1757 624 1814 fasciae
651 1767 707 1814 et
739 1758 950 1814 vincula
985 1776 999 1815 :
1028 1758 1281 1831 lacrymre
1323 1759 1377 1821 in
1420 1761 1724 1829 nativitate,
1758 1762 1841 1816 la-

250 1864 437 1922 crymte
456 1867 511 1905 in
534 1859 747 1908 morte:
771 1851 949 1907 fascia:
967 1851 1020 1906 in
1042 1853 1337 1920 nativitate,
1359 1853 1538 1909 fascia:
1558 1854 1610 1910 in
1633 1864 1840 1911 morte:

252 1952 307 1998 ut
345 1944 607 2014 intelligas
650 1944 812 1998 vitam
855 1944 995 2000 hanc
1023 1944 1077 2000 in
1108 1954 1336 2000 mortem
1363 1945 1643 2011 desinere,
1667 1955 1722 2001 et
1751 1946 1843 2002 illo

257 2034 355 2090 line
383 2035 679 2091 terminari.
708 2034 814 2091 Sed
844 2035 964 2091 talis
990 2051 1095 2091 non
1133 2044 1218 2091 est
1258 2037 1374 2093 haec
1402 2038 1670 2093 nativitas.
1701 2037 1843 2093 Nus-

1953 505 2111 561 quam
2145 493 2398 567 lacrymm
2422 502 2477 550 et
2500 493 2703 563 fascim,
2725 498 2819 552 sed
2846 499 3052 555 solutus
3071 502 3265 572 estqui
3293 506 3547 573 nascitur,

1953 591 2008 636 et
2037 582 2104 638 ad
2131 593 2403 642 certamen
2448 596 2667 656 paratus
2699 605 2714 642 :
2747 600 3027 659 propterea
3056 601 3183 649 sunt
3206 595 3367 650 etiam
3397 597 3546 655 libtri

1952 672 2155 742 pedes,
2184 682 2239 730 et
2268 691 2489 746 manus,
2519 685 2583 732 nt
2610 685 2666 733 et
2700 688 2884 734 currat
2923 690 2980 736 et
3017 692 3214 753 pugnet
3243 702 3257 737 :
3289 701 3551 756 nusquam

1955 762 2187 819 lamenta
2211 806 2228 832 ,
2258 782 2517 839 nusquam
2557 772 2814 834 lacrymte
2844 771 2930 827 hic
2951 812 2967 838 ,
3003 772 3098 827 sed
3128 774 3474 833 salutationes
3497 788 3552 832 et

1952 856 2173 920 oscula,
2218 865 2273 913 et
2314 859 2591 930 amplexus
2629 855 2860 917 fratrum
2904 865 2996 932 qui
3043 878 3198 919 suum
3247 867 3550 922 membrum

1951 957 2265 1016 agnoscunt,
2293 959 2347 1005 et
2372 958 2640 1022 tamquam
2671 969 2739 1009 ex
2774 951 3058 1024 longinqua
3087 971 3363 1012 reversum
3393 973 3548 1030 pere-

1951 1035 2250 1104 grinatione
2287 1040 2569 1111 recipiunt.
2604 1043 2734 1098 Nam
2764 1043 3018 1117 quoniam
3058 1056 3184 1102 ante
3227 1047 3563 1118 baptismum.

1950 1123 2196 1183 inimicus
2219 1136 2368 1196 erat,
2399 1140 2520 1200 post
2550 1132 2876 1204 baptismum
2912 1139 3095 1191 autem
3124 1137 3328 1193 amicus
3356 1148 3438 1194 est
3468 1139 3550 1193 fa-

1950 1224 2068 1271 ctus
2105 1220 2406 1274 communis
2432 1223 2671 1277 omnium
2708 1234 2947 1281 nostrum
2987 1224 3238 1293 Domini,
3270 1237 3561 1299 propterea.

1948 1306 2282 1376 gratulamur
2305 1324 2534 1378 omnes;
2566 1312 2767 1370 idcirco
2794 1317 2952 1372 etiam
2979 1321 3218 1376 osculum
3247 1333 3355 1393 pax
3392 1335 3551 1376 voea-

1951 1406 2054 1464 tur,
2086 1410 2145 1453 ut
2169 1399 2438 1458 discamus
2464 1419 2494 1458 a
2522 1404 2633 1460 Deo
2658 1405 2865 1463 finitum
2894 1424 3016 1466 esse
3045 1411 3264 1482 bellum,
3287 1420 3345 1471 et
3368 1426 3472 1471 nos
3497 1415 3550 1468 in

1950 1488 2235 1544 amicitiam
2274 1491 2395 1562 ejus
2438 1504 2682 1564 receptos
2714 1512 2854 1554 esse.
2900 1499 3049 1557 lianc
3090 1502 3251 1573 igitur
3286 1513 3550 1577 perpetuo

1947 1593 2324 1637 conservemus
2343 1624 2359 1648 ,
2387 1584 2524 1641 banc
2549 1601 2732 1656 pacem
2758 1587 3033 1646 foveamus
3051 1632 3067 1660 ,
3092 1592 3229 1648 hanc
3248 1595 3555 1653 amicitiam

1950 1685 2271 1741 augeamus,
2305 1683 2361 1729 ιιι
2395 1685 2594 1732 aeterna
2623 1694 2837 1751 quoque
2868 1683 3210 1739 tabernacula
3248 1700 3541 1758 consequa-

1951 1777 2092 1830 mur,
2114 1765 2283 1833 gratia
2310 1774 2367 1821 et
2390 1767 2716 1839 benignitate
2742 1771 2950 1827 Domini
2978 1776 3143 1829 nostri
3170 1775 3297 1831 Jesu
3324 1776 3563 1846 Christi,

1953 1870 2048 1925 per
2070 1872 2232 1926 quem
2260 1866 2317 1913 et
2341 1874 2465 1915 cum
2491 1876 2600 1931 quo
2625 1862 2771 1918 Patri
2792 1864 2984 1934 gloria,
3018 1864 3210 1934 honor,
3242 1867 3545 1938 imperium,

1953 1962 2057 2001 una
2081 1963 2203 2004 cum
2232 1960 2421 2007 sancto
2443 1967 2509 2007 ac
2532 1953 2741 2010 viviﬁco
2769 1954 2968 2026 Spiritu
2988 1997 3004 2024 ,
3037 1972 3181 2013 nunc
3214 1967 3270 2014 et
3305 1974 3520 2030 semper
3532 2002 3566 2028 ,.

1952 2041 2085 2095 etin
2118 2045 2308 2097 sarcula
2337 2045 2677 2100 saiculorum.
2713 2048 2908 2102 Amen.

251 2166 3540 2201 Μ

253 2257 565 2302 Ρειιιουιο
636 2258 763 2301 NON
805 2258 1082 2314 CABERE,
1127 2258 1185 2302 SI
1226 2258 1585 2302 AUDI'I‘ORES
1627 2261 1708 2303 ΕΔ
1751 2259 2067 2319 ΤΔΟΕΔΝΤ,
2110 2260 2254 2316 QUE
2298 2264 2365 2309 IN
2432 2268 2727 2315 ECCLESIA
2797 2273 3145 2331 DICUNI‘UR,
3215 2277 3296 2320 ET
3354 2278 3548 2324 CUJUS

332 2361 436 2403 REI
476 2359 722 2404 GBATIA
765 2359 1100 2402 LEGANTUR
1143 2358 1302 2402 ACTA
1366 2359 1823 2405 APOSTOLOBUM

1977 2364 2413 2424 PENTECOSTE;
2461 2368 2541 2413 ΕΤ
2584 2371 2707 2414 αυιι
2753 2372 3019 2419 ξεῖνε»οΜ

3089 2376 3211 2419 NON
3267 2378 3557 2423 OMNIBUS

327 2460 630 2504 cnats'rus
672 2458 1092 2513 osmnnnarr,
1138 2458 1271 2503 CUM
1312 2459 1742 2503 suanemsse'r
1781 2462 1821 2505 Α
1864 2462 2178 2519 MORTUIS;
2227 2466 2490 2520 EUMQUE
2534 2471 2750 2514 nemo
2792 2473 3158 2519 cumnam:
3205 2477 3342 2521 IPSO
3383 2478 3555 2522 eoa-

327 2561 558 2605 81⁷80Το
603 2557 1237 2603 ΒΕΜΟΝΒΤΚΔΤΙΟΝΕΗ
1280 2557 1658 2602 EXHIBUISSE
1702 2558 2244 2608 RESURRECTIONIS
2288 2565 2410 2607 PER
2455 2568 2803 2625 MIBACULA,
2850 2571 2993 2624 QUB
3037 2574 3201 2617 SUNT
3244 2576 3323 2618 ΔΒ
3382 2577 3552 2621 APO-

329 2661 536 2706 srous
577 2660 775 2704 enm
819 2638 932 2721 (a).

1773 2776 2037 2830 ιθζοοοκεδ

323 2899 372 2953 1.
406 2896 633 2954 Usuram
657 2896 901 2951 doctrina:
923 2904 1142 2966 acceptas
1162 2895 1321 2967 exigit
1345 2894 1505 2950 Deus.
1530 2893 1728 2950 Usuras
1756 2894 1846 2965 qui

258 2995 452 3064 exigunt
475 3009 635 3063 quam
671 2991 835 3062 iniqui
870 2991 992 3046 sint.
1020 3018 1093 3031 —-
1122 2990 1376 3059 Majorem
1404 2987 1567 3044 debiti
1601 2996 1807 3059 partem
1827 3024 1843 3051 ,

259 3085 390 3155 quod
409 3100 475 3140 ex
493 3082 784 3140 occasione
808 3080 1171 3151 inscriptionis
1193 3081 1448 3135 Actorum
1469 3078 1846 3149 Apostolorum

259 3175 649 3241 contraximus,
677 3172 1044 3244 superioribus
1071 3170 1228 3227 vobis
1250 3170 1440 3226 diebus
1470 3168 1797 3225 exsolvimus
1829 3185 1844 3222 :

262 3265 348 3322 sed
373 3265 632 3335 quoniam
674 3262 945 3317 modicum
980 3260 1159 3317 adhuc
1200 3258 1545 3330 reliquiarum
1575 3258 1850 3331 quippiam

261 3368 455 3427 restat,
486 3358 595 3413 hoc
632 3370 843 3427 qunque
878 3352 1033 3409 vobis
1061 3352 1323 3408 hodierno
1349 3351 1439 3407 die
1476 3360 1851 3407 numeraturus

262 3466 497 3520 exsurgo.
530 3450 620 3504 An
644 3462 774 3502 vero
798 3445 1083 3516 diligenter
1108 3458 1193 3509 ea,
1221 3459 1339 3513 quae
1368 3443 1509 3498 dicta
1548 3450 1690 3507 sunt,
1722 3455 1852 3497 con-

263 3544 474 3598 servatis
492 3583 507 3610 ,
537 3550 595 3597 et
615 3539 857 3595 studiose
881 3536 1139 3593 memoria
1170 3536 1399 3592 teneatis
1418 3577 1434 3603 ,
1463 3550 1563 3591 vos
1590 3535 1739 3590 scitis
1760 3534 1850 3604 qui

267 3637 507 3704 pecunias
542 3632 860 3702 accepistis,
887 3641 942 3686 et
966 3645 996 3684 a
1026 3630 1219 3700 quibus
1248 3629 1471 3683 istarum
1508 3629 1852 3698 pecuniarum

266 3728 513 3782 rationem
538 3727 593 3781 in
619 3725 711 3781 illo
733 3724 821 3779 die
840 3722 1024 3793 exiget
1050 3721 1324 3784 Dominus,
1351 3734 1473 3774 cum
1499 3720 1597 3788 illi,
1625 3732 1852 3788 quorum

269 3820 380 3876 ﬁdei
407 3820 610 3874 talenta
637 3818 926 3871 commissa
953 3821 1095 3879 sunt,
1122 3811 1480 3876 vocabuntur,
1508 3820 1563 3865 et
1588 3810 1850 3865 rationem

268 3911 518 3967 reddent:
544 3924 665 3965 cum
687 3908 930 3964 Christus
952 3906 1225 3971 adveniet,
1250 3911 1304 3960 et
1325 3919 1356 3957 a
1383 3902 1693 3958 numulariis
1715 3901 1854 3956 hanc

271 4006 535 4073 pecuniam
566 4003 743 4072 exiget
781 4015 901 4055 cum
932 3998 1129 4054 usuris.
1166 3995 1406 4066 Oportuit
1434 3995 1576 4052 enim
1596 4037 1612 4062 ,
1645 3995 1855 4065 inquit,

271 4104 313 4146 te
327 4094 630 4147 committere
653 4091 917 4162 pecuniam
940 4104 1107 4143 meam
1129 4085 1458 4153 numulariis,
1482 4095 1529 4140 et
1547 4086 1746 4140 veniens
1764 4101 1855 4155 ego

271 4199 374 4237 cum
392 4200 551 4239 usura
577 4182 848 4253 exegissem
872 4180 1019 4235 illam
1038 4178 1254 4249 (Matth.
1280 4177 1372 4232 25.
1398 4176 1515 4246 27).
1539 4176 1584 4232 0
1607 4191 1852 4246 magnam

272 4281 322 4326 et
357 4274 677 4330 ineffabilem
717 4271 949 4327 Domini'
969 4269 1388 4340 benignitatem!
1420 4268 1522 4335 Qui
1551 4267 1857 4323 hominibus

274 4366 508 4434 prohibet
534 4380 723 4421 usuras
749 4380 817 4420 ne
845 4363 1094 4433 exigant,
1131 4362 1245 4431 ipse
1284 4362 1448 4431 exigit
1482 4374 1693 4416 usuras.
1717 4359 1855 4427 Quid

274 4457 381 4512 ita?
404 4457 668 4526 Quoniam
695 4454 997 4511 damnanda
1025 4461 1110 4509 est
1135 4467 1299 4508 usura
1334 4453 1424 4507 illa
1449 4459 1506 4508 et
1533 4452 1857 4508 accusationi

275 4551 531 4618 obnoxia;
580 4550 695 4605 haec
741 4557 921 4604 autem
965 4546 1250 4602 laudabilis
1291 4554 1348 4601 et
1391 4545 1858 4601 commendatione

274 4642 440 4713 digna.
472 4644 658 4713 itaque
679 4656 837 4697 usura
864 4642 978 4709 illa,
1003 4640 1371 4711 pecuniarum,
1400 4639 1638 4709 inquam,
1662 4647 1857 4695 etcum

275 4740 355 4804 qui
381 4737 605 4807 accipit,
635 4743 690 4790 et
716 4750 836 4789 eum
868 4734 962 4805 qui
988 4733 1186 4799 solvit,
1218 4732 1416 4789 damno
1441 4731 1610 4786 afficit
1640 4748 1655 4785 :
1688 4732 1857 4802 siqui-

277 4812 386 4882 dem
423 4838 479 4883 et
506 4828 624 4897 ejus
651 4826 741 4897 qu’i
768 4827 996 4895 accipit,
1023 4825 1255 4881 animam
1296 4823 1506 4895 perdit,
1538 4836 1595 4880 et
1627 4823 1743 4893 ejus
1768 4824 1857 4894 qui

277 4918 453 4985 solvit,
489 4927 780 4989 egestatem
820 4916 1027 4988 affligit.
1068 4916 1206 4983 Quid
1248 4917 1392 4972 enim
1434 4915 1703 4972 crudelius
1745 4915 1858 4971 fieri

280 5018 459 5074 potest,
484 5024 643 5080 quam
665 5023 786 5062 cum
811 5024 876 5063 ex
904 5008 1136 5078 proximi
1160 5016 1397 5078 egestate
1420 5008 1686 5079 quispiam
1715 5022 1860 5077 qna:-

280 5106 407 5155 stum
432 5101 577 5167 facit,
600 5099 733 5156 etin
763 5101 984 5155 fratrum
1006 5100 1396 5155 calamitatibus
1422 5101 1568 5156 lucra
1596 5100 1861 5156 sectatur?

280 5206 389 5245 cum
409 5196 526 5263 quis
553 5194 892 5264 benignitatis
920 5194 1123 5248 larvam
1149 5203 1390 5263 gestans,
1418 5194 1859 5249 inbumanitatem

281 5295 477 5339 oiunem
517 5293 767 5347 exercet,
798 5294 855 5339 et
888 5285 976 5355 qui
1016 5285 1292 5356 porrigere
1320 5301 1537 5341 manum
1569 5285 1858 5349 debuerat,

281 5386 391 5426 eum
431 5376 483 5430 in
527 5376 834 5431 barathrum
866 5377 1151 5447 propellit,
1175 5377 1264 5446 qui
1294 5378 1532 5432 subsidio
1563 5378 1862 5447 indigebat?

281 5460 407 5530 Quid
432 5466 584 5533 facis,
609 5467 682 5522 mi
706 5466 913 5522 homo?
935 5467 1054 5522 Non
1084 5468 1285 5524 idcirco
1306 5468 1374 5524 ad
1402 5476 1519 5523 tuas
1553 5470 1755 5540 appulit
1785 5470 1863 5525 fo-

284 5568 364 5609 res
393 5570 629 5626 pauper,
676 5567 731 5613 ut
772 5557 937 5627 ipsius
981 5572 1184 5629 augeas
1228 5568 1626 5629 paupertatem,
1668 5560 1761 5616 sed
1808 5570 1866 5616 nt

284 5640 444 5712 ipsum
475 5647 674 5704 liberes
705 5657 1017 5718 paupertate
1046 5668 1059 5703 :
1088 5657 1143 5703 at
1171 5657 1226 5703 tu
1268 5649 1489 5719 perinde
1527 5651 1673 5722 agis,
1706 5660 1863 5723 atque

274 5782 308 5823 -_
341 5754 411 5818 (η)
437 5756 745 5823 (:ollataenm
764 5766 846 5810 its.
863 5759 1075 5823 Colbert.
1100 5759 1241 5818 3038,
1266 5760 1314 5808 in
1339 5774 1435 5823 quo
1452 5763 1708 5814 innumera
1722 5776 1865 5815 men-

285 5818 356 5867 da.
377 5825 481 5872 tunc
503 5820 704 5873 Homilia
720 5822 864 5874 deest
884 5823 933 5872 in
949 5822 1163 5872 Editione
1179 5818 1359 5872 Savilii.

1955 2893 2029 2947 illi
2061 2896 2152 2964 qui
2181 2911 2386 2952 venena
2414 2910 2642 2956 miscent
2672 2920 2685 2957 :
2713 2902 3145 2974 quandoquidem
3182 2907 3282 2976 ipsi
3310 2906 3435 2962 dum
3466 2909 3561 2966 illa

1956 2987 2228 3042 consuetis
2266 2989 2401 3046 cibis
2444 2991 2769 3060 admiscent,
2802 2994 3041 3050 occultas
3077 2996 3147 3052 ita
3191 3008 3380 3067 parant
3421 3000 3554 3055 insi-

1956 3074 2116 3132 dias:
2147 3077 2234 3132 isti
2263 3093 2477 3150 quoque
2514 3081 2640 3137 dum
2685 3082 3033 3154 benignitatis
3071 3087 3248 3157 specie
3286 3089 3556 3159 pernicio-

1956 3180 2071 3221 sam
2102 3182 2317 3223 usuram
2345 3172 2637 3239 occultant,
2663 3173 2841 3229 damni
2869 3175 2952 3230 sui
2981 3191 3198 3233 sensum
3225 3194 3420 3250 capere
3446 3196 3554 3237 nou

1955 3258 2140 3314 sinunt
2157 3274 2274 3329 eos,
2296 3262 2388 3331 qui
2408 3262 2681 3320 letiferum
2706 3265 2834 3322 illud
2859 3278 2983 3322 sunt
3002 3284 3266 3325 venenum
3294 3271 3556 3328 hausturi.

1957 3348 2316 3415 Quamobrem
2347 3353 2399 3407 id
2426 3354 2564 3423 quod
2605 3356 2674 3411 de
2712 3367 2935 3428 peccato
2968 3359 3170 3416 dictum
3202 3371 3285 3418 est
3306 3403 3322 3429 ,
3352 3378 3556 3436 oppor-

1962 3449 2090 3496 tune
2131 3445 2326 3512 potcrit
2354 3446 2505 3500 etde
2534 3447 2637 3502 illis
2666 3450 2757 3519 qui
2800 3450 2990 3506 faenori
3024 3453 3189 3521 dant,
3217 3465 3273 3509 et
3313 3465 3555 3511 mutuum

1959 3533 2249 3603 accipiunt,
2275 3534 2476 3590 elferri.
2505 3537 2643 3605 Quid
2675 3555 2836 3610 porro
2863 3542 3064 3597 dictum
3095 3555 3177 3599 est
3201 3544 3271 3600 de
3298 3550 3559 3616 peccato?

1958 3624 2041 3677 Ad
2082 3634 2315 3696 tempus,
2356 3626 2561 3696 inquit,
2605 3631 2791 3685 mulcet
2828 3636 3002 3703 fauces
3042 3645 3157 3689 tua:
3185 3651 3205 3690 :
3233 3646 3408 3707 postea
3445 3654 3562 3694 vero

1957 3716 2183 3770 amarius
2205 3717 2337 3771 illud
2364 3718 2485 3787 felle
2506 3720 2746 3788 invenies,
2771 3731 2817 3776 ct
2841 3725 3002 3795 magis
3027 3735 3251 3794 acutum,
3274 3745 3427 3800 quam
3446 3730 3562 3800 gla-

1959 3805 2101 3859 dium
2128 3807 2398 3877 ancipitem
2428 3809 2626 3880 (Prov.
2669 3812 2724 3867 5.
2763 3814 2816 3868 5.
2856 3815 2946 3886 4).
2991 3814 3106 3872 Hoc
3148 3818 3313 3888 igitur
3332 3822 3467 3876 et-in
3496 3822 3580 3876 iis-

1957 3898 2183 3964 accidit,
2211 3900 2301 3969 qui
2337 3899 2546 3959 femore
2581 3904 2852 3974 accipiunt
2884 3923 2899 3962 :
2934 3906 3198 3978 siquidem
3231 3924 3355 3965 cum
3395 3926 3560 3980 pecu-

1958 3987 2077 4043 nias
2102 3988 2298 4058 accipit
2335 3990 2427 4061 qui
2456 3993 2539 4047 eis
2577 3992 2817 4063 indiget,
2846 3995 3039 4067 exiguo
3074 3999 3326 4069 quopiam
3366 4000 3561 4056 solatio

1959 4080 2027 4136 ad
2056 4091 2268 4152 tempus
2301 4082 2494 4138 fruitur
2520 4102 2534 4138 :
2564 4095 2752 4156 postea
2778 4102 2907 4143 vero
2938 4088 3029 4143 ubi
3071 4088 3243 4147 frenus
3286 4093 3519 4148 accrevit
3542 4136 3556 4156 .

1961 4179 2015 4224 et
2048 4171 2221 4241 majus
2259 4172 2463 4229 viribus
2508 4173 2708 4230 factum
2746 4185 2830 4232 est
2866 4193 3041 4248 onus,
3069 4179 3225 4236 dulce
3258 4181 3388 4237 illud
3418 4183 3579 4253 quod.

1961 4258 2145 4316 fauces
2186 4263 2650 4333 impinguaverat,
2689 4265 2813 4323 felle
2850 4269 3088 4325 amarius
3126 4271 3325 4327 sentiet
3360 4270 3579 4328 factum

1964 4368 2117 4421 esse,
2147 4363 2308 4425 atque
2333 4357 2542 4412 acutius
2579 4358 2756 4427 gladio
2792 4360 3050 4430 ancipiti,
3090 4362 3378 4433 statimque
3407 4362 3575 4419 bonis

1963 4445 2213 4499 omnibus
2240 4447 2473 4514 internis
2498 4448 2693 4504 cedere
2721 4461 2963 4518 cogetur.

2033 4536 2090 4590 2.
2135 4536 2327 4592 Verum
2369 4540 2646 4595 enimvero
2684 4555 2714 4595 a
2754 4541 3040 4596 sensilibus
3068 4542 3133 4597 ad
3161 4558 3222 4598 ea
3250 4558 3369 4613 quae
3399 4545 3565 4616 spiri»

1966 4628 2127 4683 tualia
2156 4639 2282 4683 sunt
2314 4631 2612 4685 orationem
2651 4632 3014 4688 traducamus.
3053 4632 3325 4704 Oportuit,
3361 4637 3566 4707 inquit,

1967 4730 2014 4774 te
2042 4721 2348 4776 committere
2383 4725 2647 4793 pecuniam
2686 4740 2849 4777 meam
2888 4725 3191 4781 nuntulariis
3220 4727 3240 4796 (
3255 4725 3443 4782 Matth.
3470 4729 3563 4785 25.
3592 4774 3617 4781 ..

1964 4811 2058 4883 27)
2084 4853 2099 4877 ,
2130 4810 2273 4866 illius
2309 4813 2547 4882 pecuniae
2581 4815 2913 4871 numularios
2942 4831 3040 4871 vos
3073 4818 3350 4888 appellans
3372 4820 3567 4876 verbo-

1967 4917 2084 4957 rum
2130 4902 2353 4957 istorum
2395 4903 2684 4962 auditores.
2719 4905 2888 4973 Quam
2928 4923 3057 4963 vero
3093 4908 3165 4963 oh
3203 4924 3417 4965 causam
3460 4928 3569 4966 nu-

1967 4993 2220 5048 mularios
2263 5008 2361 5049 vos
2409 4995 2551 5050 Deus
2595 4996 2921 5066 appellavit?
2950 4997 3016 5053 Ut
3056 5013 3244 5055 omnes
3280 4999 3473 5056 doceat
3500 5003 3569 5059 ad

1967 5084 2319 5139 examinanda
2349 5100 2448 5150 ea,
2482 5102 2601 5155 quae
2639 5086 2923 5154 dicuntur,
2968 5089 3108 5145 idem
3149 5090 3384 5146 studium
3432 5107 3565 5147 con-

1969 5176 2111 5231 ferre
2135 5216 2150 5243 ,
2184 5176 2324 5246 quod
2372 5177 2443 5231 illi
2481 5178 2738 5234 adhibent
2759 5222 2774 5246 ,
2807 5194 2927 5235 cum
2958 5181 3281 5251 exploranda
3313 5184 3398 5238 vel
3429 5183 3566 5239 infe-
3610 5181 3649 5193 ”’

1968 5268 2133 5323 renda
2158 5278 2281 5323 sunt
2303 5269 2647 5326 numismata.
2667 5270 2801 5326 Nam
2823 5283 2881 5328 ut
2904 5274 3188 5328 numularii
3208 5274 3568 5330 adulterinum

1969 5369 2024 5415 et
2060 5374 2341 5430 perperam
2382 5361 2646 5431 signatum
2682 5365 2945 5420 numisma
2981 5365 3297 5435 rcpudiant,
3338 5365 3565 5435 probum

1970 5460 2023 5506 et
2056 5451 2317 5520 integrum
2343 5451 2652 5517 admittunt,
2670 5461 2725 5508 et
2751 5453 3102 5508 adulteratum
3132 5468 3161 5507 a
3189 5455 3423 5522 genuino
3449 5453 3567 5510 dis-

1974 5541 2219 5611 tinguunt
2243 5559 2256 5595 :
2285 5542 2354 5596 ita
2380 5542 2464 5597 fac
2502 5552 2556 5597 tu
2592 5559 2823 5614 quoque,
2854 5559 3024 5613 neque
3052 5558 3353 5599 sermonem
3380 5560 3568 5615 quem-

1972 5632 2051 5687 vis
2081 5632 2322 5698 admitte,
2352 5634 2447 5690 sed
2491 5635 2844 5690 adulterinum
2881 5635 3115 5704 quidem,
3146 5645 3566 5708 corruptumque

1972 5723 2067 5778 abs
2097 5733 2146 5778 te
2177 5724 2372 5794 rrjicc,
2405 5725 2669 5793 integrum
2712 5733 2888 5779 autem
2924 5733 2979 5780 ct
3018 5723 3307 5782 salutarem
3339 5730 3391 5782 in
3422 5737 3566 5786 tuam

1974 5826 2207 5873 utentem
2237 5817 2479 5873 admitte.
2512 5816 2648 5871 Sunt
2677 5816 2819 5873 enim
2841 5858 2858 5885 ,
2889 5827 3012 5875 sunt
3042 5814 3199 5875 etiam
3233 5821 3325 5876 tibi
3356 5824 3577 5873 statera:
