4086 6466
467 411 545 467 99
1241 405 1299 460 S.
1342 401 1619 459 JOANNIS
1657 391 2135 453 CllBYSOS'l'UMi
2170 391 2486 446 ARCIHEP.
2527 392 3063 449 CONSTANTINOP.

468 541 537 589 ac
571 523 786 580 trutinne
810 563 824 589 ,
864 536 969 576 non
1016 537 1077 575 ex
1130 535 1236 575 a~re
1281 519 1525 586 ferroque
1562 514 1805 570 conflata:
1826 554 1840 577 ,
1870 508 1964 565 sed
1995 524 2063 563 ex

470 632 681 677 tuorum
711 613 1022 671 eastimonia
1051 620 1106 666 et
1140 610 1244 664 ﬁde
1271 590 1612 677 compositzn,
1641 615 1800 675 atque
1830 602 1913 656 bis
1941 616 2062 654 om-

470 726 593 769 nem
638 720 940 761 sermonem
985 704 1250 757 examina.
1294 701 1578 769 Propterea
1623 710 1852 764 namque
1888 693 2058 757 dixit,

471 799 657 860 Estqte
688 795 837 865 probi
870 794 1167 863 trapezitae,
1202 806 1305 845 non
1338 798 1395 844 ut
1423 790 1474 844 in
1506 788 1623 842 Foro
1656 796 1859 841 stantes
1897 799 2064 854 pecu~

472 889 587 943 nias
615 884 924 949 numeretis,
951 882 1043 938 sed
1067 891 1126 936 ut
1153 880 1296 934 omni
1323 879 1563 934 adhibito
1584 877 1762 932 studio
1787 888 2064 930 sermones

470 975 787 1037 examinetis
810 992 822 1028 :
851 984 1128 1042 prepterea
1158 970 1352 1026 Paulus
1375 983 1586 1040 quoque
1605 968 1744 1022 dixit
1767 966 2059 1036 apostolus,

380 1072 385 1075 ’
473 1066 659 1122 Omnia
698 1068 906 1135 probate
928 1104 942 1127 ,
971 1065 1106 1133 quod
1138 1074 1304 1116 autem
1348 1063 1531 1116 bonum
1570 1071 1642 1114 est
1663 1100 1681 1127 ,
1713 1068 1872 1113 tenete
1898 1059 2064 1112 solum

470 1160 549 1231 (l.
575 1156 758 1212 Thess.
789 1157 843 1211 5.
869 1154 983 1224 2i).
1014 1155 1196 1225 Neque
1229 1167 1355 1207 vero
1395 1160 1612 1222 propter
1640 1150 2062 1219 explorationem

469 1258 678 1309 tantum
720 1247 1005 1317 trapezitas
1039 1245 1365 1316 appellavit,
1393 1242 1489 1298 sed
1516 1251 1571 1296 et
1599 1250 1818 1311 propter
1840 1253 2025 1294 eorum
2045 1278 2060 1302 ,

468 1357 593 1410 qua.
606 1340 894 1395 commissa
920 1347 1065 1404 sunt,
1088 1335 1536 1391 distributionem.
1559 1332 1691 1388 Nam
1713 1341 1769 1386 et
1792 1330 2070 1399 trapezita:

469 1433 518 1489 si
559 1431 812 1502 pecunias
841 1437 1089 1498 acceptas
1120 1434 1324 1482 tantum
1362 1424 1513 1480 domi
1546 1422 1859 1488 recludant,
1891 1434 2063 1489 neque

469 1523 527 1593 in
554 1523 691 1578 alios
730 1521 847 1576 illas
872 1519 1229 1583 distribuant,
1264 1527 1408 1573 totus
1437 1516 1541 1572 illis
1570 1522 1807 1586 quaestus
1833 1511 2064 1582 peribit;-

466 1623 629 1683 atque
672 1611 815 1667 idem
864 1610 1055 1665 accidit
1103 1608 1457 1666 auditoribus.
1505 1607 1567 1663 Si
1601 1607 1744 1662 enim
1788 1612 2068 1674 acceptam,

469 1706 769 1761 doctrinam
799 1704 940 1773 apud
971 1712 1023 1758 te
1048 1701 1357 1765 concludas,
1386 1714 1486 1756 nec
1516 1699 1570 1754 iu
1608 1700 1745 1753 alios
1771 1695 2058 1759 diﬂundas,

469 1808 582 1855 tota
614 1797 704 1851 tibi
743 1799 794 1851 in
836 1795 1061 1851 nihilum
1104 1795 1310 1849 recidet
1348 1792 1657 1863 negotiatio.
1690 1790 1980 1858 Propterea
2010 1787 2065 1841 in

469 1890 575 1944 illis
599 1889 836 1960 quotidie
863 1886 1109 1943 videmus
1135 1886 1363 1941 ofﬁcinis
1392 1885 1637 1939 homines
1664 1884 1802 1936 ultro
1823 1880 2065 1949 citroque

468 1997 791 2040 commeare.
820 1982 933 2036 [loc
960 1981 1119 2049 igitur
1143 1989 1197 2034 et
1226 1980 1278 2033 in
1305 1978 1543 2033 doctrina
1576 1984 1820 2031 servetur
1849 1992 1863 2028 :
1890 1972 2067 2042 Siqui-

470 2076 591 2142 dem
632 2072 772 2142 apud
811 2070 1141 2126 numularios
1185 2069 1307 2124 illos
1350 2069 1483 2123 alios
1522 2067 1765 2122 videmus
1813 2064 2065 2135 pecunias

470 2165 828 2229 committere,
859 2162 993 2217 alios
1019 2161 1262 2231 accipere
1288 2160 1465 2215 statim
1491 2166 1544 2214 et
1569 2157 1738 2223 abire,
1767 2155 1926 2226 idque
1952 2164 2065 2209 toto

468 2256 558 2309 die
586 2254 699 2308 ﬁeri
730 2252 903 2322 quivis
944 2260 1119 2323 potest
1151 2264 1393 2317 cernere.
1437 2248 1574 2304 Hinc
1609 2247 1703 2314 ﬁt,
1735 2255 1794 2305 ut
1821 2244 2068 2316 quamvis

470 2342 700 2413 prapriae
726 2341 946 2415 minime
973 2342 1082 2409 sint
1107 2339 1216 2411 illis
1240 2338 1501 2410 pecuniae,
1528 2337 1650 2408 quia
1677 2346 1856 2397 tamen
1883 2333 1951 2388 ad
1977 2348 2067 2405 ea,

468 2450 588 2505 quze
618 2434 920 2501 necessaria
948 2442 1099 2507 sunt,
1123 2433 1230 2487 illis
1262 2441 1500 2503 utuntur,
1530 2429 1753 2495 multum
1783 2442 1847 2487 ex
1877 2425 2066 2481 alienis

468 2528 674 2593 lucrum
716 2527 1017 2597 colligatur.
1060 2525 1133 2599 Ita
1180 2526 1261 2580 fac
1305 2533 1359 2593 tu
1400 2538 1631 2594 quoque.
1661 2520 1776 2576 Non
1812 2529 1939 2575 sunt
1974 2527 2065 2574 tua

467 2621 585 2691 bne
609 2619 841 2691 eloquia,
865 2618 957 2674 sed
987 2618 1217 2688 Spiritus
1242 2616 1409 2671 sancti
1445 2632 1458 2669 :
1486 2616 1531 2670 si
1563 2624 1741 2669 tamen
1767 2612 1871 2668 illis
1897 2610 2066 2682 probe

469 2687 542 2779 uti
571 2687 1063 2776 noveris,multum
1094 2707 1186 2761 tibi
1218 2706 1493 2777 spirituale
1526 2704 1732 2759 lucrum
1763 2717 2021 2774 congeres
2046 2715 2064 2757 :

468 2802 671 2873 idcirco
695 2810 750 2856 et
775 2801 916 2856 Deus
946 2814 1043 2854 vos
1069 2798 1399 2861 uumularios
1424 2796 1729 2866 appellavit.
1757 2794 1864 2849 Cur
1882 2802 2065 2849 autem

468 2908 772 2961 sermonem
796 2892 1075 2961 pecuniam
1100 2889 1420 2961 appellavit?
1439 2888 1591 2955 Quod
1615 2887 1867 2950 nimirum
1888 2900 2070 2956 quem-

466 2983 758 3039 admodum
794 2984 1014 3053 pecunia
1056 2980 1288 3051 perfecta
1332 2979 1473 3049 regis
1507 2977 1685 3049 efﬁgie
1713 2978 1959 3049 insignita
1987 2983 2070 3032 est

471 3076 595 3146 (nisi
624 3077 764 3131 enim
793 3091 912 3141 eam
939 3088 1247 3144 expressam
1278 3073 1492 3139 habeat,
1520 3073 1686 3143 proba
1713 3073 1935 3142 pecunia
1959 3087 2065 3126 non

470 3148 576 3238 est,
603 3169 700 3226 sed
728 3168 926 3241 dicitur
953 3164 1296 3240 adulterina),
1327 3166 1407 3221 sic
1440 3173 1495 3220 et
1529 3164 1823 3220 doctrinam
1854 3162 1975 3219 ﬁdei
2004 3161 2069 3217 ﬁ-

470 3278 659 3331 guram
690 3277 754 3321 ac
780 3270 957 3320 notam
985 3260 1252 3323 sermonis
1278 3268 1486 3330 oportet
1528 3258 1815 3329 perfectam
1847 3257 2067 3313 habere.

471 3356 679 3417 ltnrsus
707 3353 1053 3425 pecuniarum
1083 3366 1209 3411 usus
1237 3352 1399 3407 vitam
1430 3366 1644 3406 omnem
1675 3359 1912 3405 nostram
1940 3364 2072 3405 con-

470 3450 645 3516 tinet,
675 3456 732 3517 et
757 3455 1135 3517 contraetuum~
1166 3444 1406 3507 omnium
1445 3443 1781 3499 occasionem
1823 3442 2067 3512 prtebet,

470 3550 529 3599 et
554 3555 647 3594 seu
677 3539 748 3599 sit
774 3538 1069 3607 emendum,
1089 3537 1358 3607 quidpiam
1384 3576 1398 3601 ,
1434 3549 1530 3591 seu
1556 3534 1894 3590 vendendum
1918 3574 1934 3601 ,
1978 3550 2073 3605 per

475 3630 571 3699 bas
599 3639 787 3684 cuncta
818 3629 1148 3699 peragimus,
1177 3628 1291 3683 lloc
1328 3626 1469 3682 idem
1511 3625 1568 3680 ﬁt
1601 3626 1652 3687 in
1679 3625 1920 3681 doctrina
1945 3666 1961 3692 ,
1993 3626 2069 3680 si~

472 3721 687 3791 quidem
718 3718 1072 3789 spiritualium
1098 3719 1310 3773 occasio
1335 3725 1702 3777 contractuum
1732 3725 1788 3774 ct
1814 3716 1961 3774 radix
1989 3726 2072 3771 est

473 3811 765 3883 spiritualis
789 3809 904 3864 bare
934 3809 1155 3879 pecunia
1182 3826 1195 3862 :
1219 3823 1325 3879 quo
1356 3807 1433 3875 ﬁt,
1458 3817 1515 3861 ut
1537 3806 1732 3877 siquid
1760 3821 1789 3860 a
1822 3807 1929 3861 Deo
1948 3821 2074 3863 coe-

473 3919 622 3976 mere
646 3902 973 3958 voluerimus
995 3942 1010 3966 ,
1049 3910 1329 3956 numerato
1360 3899 1506 3970 prius
1530 3913 1750 3969 precum
1785 3913 2071 3961 sermone,

475 4006 591 4050 tum
611 3992 828 4049 demum
858 3991 985 4046 illud
1007 3990 1354 4060 accipiamus,
1376 3989 1517 4059 quod
1541 3989 1894 4057 postulamus.
1917 3988 2073 4056 Quod.

478 4087 525 4143 si
555 4084 911 4155 negligentem
940 4082 1155 4135 fratrem
1185 4082 1460 4136 videamus
1484 4120 1500 4147 ,
1529 4089 1688 4150 atque
1718 4089 2027 4148 pereuntem
2051 4118 2073 4147 ,

477 4178 532 4243 si
560 4160 829 4255 tamquam
869 4175 1147 4245 pecuniam
1177 4171 1437 4226 doctrinm
1477 4184 1782 4226 sermonem
1819 4185 2070 4227 numera-

475 4266 733 4330 verimus,
756 4263 981 4334 salutem
1006 4262 1174 4331 ipsius
1192 4260 1534 4324 lucrabimur,
1553 4270 1607 4315 ct
1625 4262 1790 4315 vitam
1808 4275 2069 4316 ememus.

550 4356 790 4412 Doctoris
826 4369 1032 4408 timuere
1056 4351 1268 4423 quisque
1310 4352 1454 4422 [ungi
1487 4360 1676 4421 potest,
1704 4351 1977 4421 quomodo.
2000 4382 2075 4393 ~—

482 4449 652 4517 Quam
677 4448 749 4502 ob
776 4460 993 4503 causam
1021 4442 1167 4498 omni
1194 4458 1296 4514 ope
1321 4454 1630 4513 conatuque
1646 4441 1941 4507 curandum
1967 4453 2070 4509 est,

480 4549 534 4601 ut
559 4537 738 4595 omnia
767 4550 1168 4600 conservemus,
1208 4549 1273 4589 ac
1314 4533 1570 4588 memoria
1599 4541 1909 4599 teneamus,
1933 4542 1992 4587 ut
2019 4535 2069 4595 in

479 4632 616 4687 alios
665 4630 752 4684 illa
805 4629 1218 4691 distribuamus,
1267 4624 1531 4696 siquidem
1575 4639 1606 4679 a
1653 4624 1810 4679 nobis
1860 4641 2073 4696 quoque

480 4738 657 4795 usurae
698 4721 1042 4795 pecuniarum
1094 4719 1314 4775 istarum
1357 4719 1666 4788 exiguntur.
1723 4716 2075 4772 Attendamus

480 4793 661 4888 igitur,
692 4793 817 4878 dum
840 4828 932 4883 eas
975 4812 1297 4882 recepimus,
1338 4819 1472 4866 utet
1512 4810 1564 4865 in
1596 4810 1729 4866 alios
1752 4809 2072 4866 distribuere

481 4908 741 4980 pecunias,
773 4906 1080 4977 possimus;
1120 4902 1548 4973 quandoquidem
1600 4904 1643 4957 si
1698 4902 1860 4970 velit,
1908 4919 2073 4957 unus-

479 4990 707 5071 quisque
735 5007 975 5065 n‘ostrum
1001 4994 1227 5059 docendi
1258 5002 1343 5051 est
1370 4993 1626 5062 przeditus
1649 4992 1919 5049 facultate.
1952 4993 2067 5048 Non

477 5100 632 5162 potes
657 5099 856 5143 tantam
896 5085 1185 5153 Ecclesiam
1229 5084 1535 5154 corrigere;
1561 5092 1618 5141 at
1660 5094 1814 5155 potes
1840 5099 2065 5140 uxorem

481 5163 626 5251 (nam
672 5192 912 5233 monere.
953 5174 1069 5232 Non
1097 5183 1246 5243 potes
1293 5183 1494 5239 tantam
1542 5173 1740 5245 alloqui
1777 5174 2070 5229 multitudi-

480 5287 633 5341 nem;
667 5279 723 5330 at
750 5268 915 5331 ﬁlium
951 5276 1094 5321 tuum
1133 5275 1282 5336 potes
1310 5264 1378 5324 ad
1418 5264 1683 5324 saniorem
1715 5277 1947 5329 mentem
1980 5281 2068 5320 re-

407 5428 425 5441 ,
477 5367 703 5432 ducere,
733 5361 849 5419 Non
881 5368 1035 5437 potes
1058 5359 1127 5415 ad
1159 5367 1363 5419 tantum
1395 5358 1643 5428 popultun
1671 5359 1930 5419 doctrinae
1954 5374 2071 5415 ser-

479 5470 693 5519 monem
719 5454 985 5527 dirigere;
1012 5460 1064 5506 at
1098 5462 1250 5521 potes
1273 5467 1485 5507 servum
1510 5461 1656 5505 tuum
1689 5451 1754 5505 ad
1790 5452 2065 5511 meliorem

479 5544 686 5615 frugem
707 5558 979 5606 revocare.
1009 5542 1127 5613 Non
1152 5543 1362 5597 excedit
1386 5542 1527 5603 vires
1553 5552 1671 5601 tuas
1684 5541 2066 5611 discipulorum

480 5643 654 5699 catus
680 5633 810 5688 ille:
841 5647 946 5694 non
978 5632 1189 5700 excedit
1222 5633 1535 5703 sapientiam
1567 5642 1711 5691 tuam
1738 5632 1930 5691 modus
1979 5635 2069 5691 ille

481 5721 741 5793 doctrinm
773 5738 787 5775 :
815 5721 909 5775 sed
964 5730 1019 5775 et
1049 5720 1257 5789 [acilius
1298 5737 1459 5793 quam
1506 5737 1605 5778 nos
1642 5721 1772 5793 ipsi,
1813 5738 1909 5779 vos
1947 5726 2067 5782 illos

481 5824 667 5883 omnes
699 5812 921 5891 potestis
967 5812 1272 5869 emendare.
1316 5816 1426 5886 Ego
1455 5818 1595 5883 enim
1640 5819 1804 5876 scmcl
1830 5829 1919 5877 aut
1947 5819 2060 5891 ple—

2172 521 2396 574 rmnque
2426 506 2477 558 in
2508 505 2838 559 bebdomada
2860 505 3133 560 vobiscum
3164 506 3358 563 iterum
3389 525 3607 575 versor,
3640 519 3702 565 at
3728 520 3785 567 tu

2170 606 2431 666 perpetuo
2456 597 2746 667 discipulos
2788 600 2923 653 intra
2954 602 3187 670 privatos
3229 601 3459 669 parietes
3489 603 3697 670 habes,
3730 613 3790 659 et

2170 705 2414 756 uxorem,
2435 699 2489 745 et
2510 690 2729 755 liberos,
2754 700 2809 745 et
2834 707 3041 759 servos,
3065 702 3120 747 et
3139 696 3369 762 vesperi,
3391 704 3446 751 et
3472 697 3527 749 in
3558 712 3788 763 mensa,l

2168 789 2224 834 et
2252 790 2362 835 toto
2389 782 2477 837 die
2508 794 2660 852 potes
2687 784 2808 839 illos
2849 786 3143 856 corrigere.
3189 787 3421 843 Aliunde
3446 806 3675 861 quoque
3701 790 3786 844 fa-

2168 876 2323 930 cilior
2348 876 2403 930 ﬁt
2429 875 2529 931 ista
2559 877 2785 945 curatio,
2814 878 3076 947 siquidem
3106 894 3226 949 ego,
3245 880 3369 935 dum
3402 890 3610 945 tantam
3640 883 3786 936 allo-

2169 981 2306 1036 quor
2328 967 2744 1034 multitudinem,
2772 969 2989 1040 quinam
3018 971 3239 1026 morbus
3267 972 3497 1026 animam
3533 983 3784 1037 vesti-mn

2169 1057 2406 1124 divexet,
2434 1058 2661 1129 ignoro;
2687 1069 3015 1131 quapropter
3045 1061 3270 1132 singulis
3296 1065 3346 1118 in
3374 1065 3626 1120 collectis
3657 1081 3786 1120 0m-

2170 1151 2255 1205 nia
2278 1164 2444 1220 cogor
2471 1151 2857 1215 medicamenta
2880 1168 3183 1234 proponere
3216 1172 3229 1220 ;
3260 1171 3357 1211 vos
3382 1172 3511 1211 vero
3558 1173 3673 1211 non
3709 1159 3781 1212 ita

2168 1240 2352 1297 facere
2376 1256 2602 1298 necesse
2628 1252 2729 1310 est,
2759 1243 2851 1299 sed
2879 1244 3074 1299 minori
3105 1245 3255 1311 vobis
3285 1262 3407 1309 cum
3433 1248 3627 1305 labore
3658 1250 3791 1312 licet

2169 1334 2445 1403 amplioris
2515 1334 2742 1389 fructum
2804 1336 3161 1393 correctionis
3229 1338 3559 1409 decerpere;
3624 1341 3795 1401 vobis

2169 1427 2368 1494 quippe
2414 1426 2580 1495 probe
2630 1435 2756 1481 nota
2812 1435 2938 1482 sunt
2986 1442 3172 1482 eorum
3224 1440 3475 1499 peccata,
3531 1433 3632 1501 qui
3681 1432 3789 1487 sub

2170 1514 2359 1570 eodem
2384 1524 2526 1572 tecto
2562 1516 2839 1572 vobiscum
2886 1517 3126 1587 degunt:
3151 1520 3410 1591 quocirca
3453 1531 3513 1591 et.
3542 1522 3789 1591 celerius

2170 1607 2391 1675 poteStis
2419 1605 2739 1662 medicinam
2764 1607 3044 1664 adhibere.

2242 1698 2295 1753 '5.
2315 1697 2393 1754 Ne
2408 1698 2589 1769 igitur,
2609 1698 2965 1765 dilectissimi,
2987 1701 3448 1757 contubernalium
3462 1714 3795 1774 nostrortutt

2170 1804 2355 1859 curam
2390 1790 2723 1859 omittamus,
2769 1791 3034 1861 siquidem
3075 1794 3307 1848 maxima
3356 1810 3513 1864 poma
3566 1798 3787 1866 suppli-

2171 1881 2420 1950 ciumque
2448 1890 2690 1951 paratum
2717 1891 2801 1940 est
2827 1882 3147 1937 immensum
3180 1884 3305 1952 illis,
3324 1885 3414 1954 qui
3440 1885 3795 1953 domesticos

2170 1986 2297 2027 suos
2323 1974 2677 2043 neglexerint.
2704 1974 2899 2044 Siquis
2923 1977 3076 2041 enim,
3100 1975 3272 2047 inquit
3298 1976 3514 2041 Paulus,
3536 1995 3796 2051 ειιονκηιλ

2170 2073 2217 2116 et
2246 2064 2466 2117 maxime
2487 2064 2880 2119 domesticorum
2920 2082 3095 2119 curam
3122 2083 3223 2120 non
3266 2066 3446 2134 habet,
3492 2068 3659 2137 fidem
3688 2086 3785 2124 neq

2169 2157 2327 2226 gavit,
2356 2163 2406 2209 et
2428 2164 2502 2210 est
2521 2156 2719 2224 inﬁdeli
2746 2156 2965 2210 deterior
2986 2157 3064 2226 (1.
3092 2155 3230 2211 Tim.
3259 2158 3314 2213 5.
3343 2158 3421 2230 8).
3446 2157 3651 2228 Vides,
3674 2178 3795 2232 quo

2173 2254 2330 2316 pacto
2357 2245 2553 2302 Paulus
2575 2262 2670 2302 eos
2699 2245 2876 2312 feriat,
2897 2248 2988 2317 qui
3013 2248 3429 2304 domesticorum
3458 2265 3653 2304 curam
3687 2268 3786 2307 ne-

2171 2337 2413 2407 gligunt‘t
2459 2337 2529 2393 Et
2572 2338 2789 2408 quidem
2838 2340 3080 2398 merito:
3124 2342 3214 2410 qui
3261 2343 3403 2396 enim
3444 2342 3797 2406 domesticos

2172 2440 2299 2487 suos
2324 2428 2539 2498 negligit
2559 2468 2577 2496 ,
2614 2429 2815 2499 inquit,
2845 2429 3115 2498 quomodo
3140 2429 3345 2486 alienos
3369 2433 3584 2487 curabit
3600 2434 3626 2488 ?
3654 2432 3787 2489 Scio

2173 2532 2263 2575 me
2287 2522 2387 2577 bac
2406 2519 2546 2590 apud
2573 2536 2669 2576 vos
2691 2520 3063 2577 cohortatione
3108 2522 3417 2594 frequenter
3438 2541 3599 2580 usum
3622 2542 3749 2584 esse
3762 2569 3787 2600 ,_

2171 2623 2275 2666 ttec
2292 2626 2542 2681 umquam
2576 2612 2651 2667 uti
2691 2612 2930 2667 desinam
2947 2653 2963 2679 ,
2989 2615 3201 2670 tametsi
3225 2614 3482 2688 deinceps
3506 2617 3793 2689 innocens.

2173 2718 2275 2775 ego
2309 2718 2428 2758 sum
2470 2703 2539 2759 ab
2564 2704 2790 2760 aliorum
2826 2706 3147 2777 negligentia
3174 2723 3189 2761 :
3220 2705 3460 2778 Oportuit
3485 2711 3664 2778 enim,
3694 2712 3785 2766 in-

2172 2795 2307 2867 quit,
2334 2803 2382 2848 te
2404 2796 2672 2863 pecuniam
2701 2811 2865 2849 meam
2887 2797 3195 2852 committere
3220 2798 3525 2854 numam-iis
3547 2800 3778 2873 (Matth.

2171 2883 2262 2941 25.
2291 2884 2388 2958 2⁵1)
2409 2927 2426 2951 ,
2455 2901 2554 2942 nec
2577 2887 2808 2957 amplius
2833 2888 3120 2960 quidquam
3146 2891 3391 2960 requirit.
3422 2892 3538 2963 Ego
3565 2903 3781 2957 νει-«λιιι

2173 2976 2453 3046 pecuniam
2480 2979 2752 3047 commisi,
2785 2994 2959 3050 neque
2987 2980 3185 3035 rationi
3213 2981 3307 3036 ulii
3335 2982 3631 3039 reddenda:
3658 2999 3789 3040 sum

2174 3067 2442 3123 obnoxius
2475 3085 2488 3121 :
2521 3079 2891 3127 verumtamen
2917 3073 3260 3141 quantumvis
3289 3075 3541 3130 innoxius
3567 3076 3700 3145 sim,
3724 3086 3787 3139 et

2172 3172 2205 3212 a
2232 3160 2495 3229 supplicio
2516 3160 2641 3216 huic
2658 3162 2870 3217 crimini
2893 3164 3166 3234 proposito
3191 3162 3470 3233 liberatus,
3496 3174 3783 3238 tamquam

2178 3266 2350 3320 pinna:
2376 3254 2746 3325 supplicioque
2769 3254 3053 3323 obnoxius,
3076 3257 3148 3311 ita
3177 3258 3365 3313 salutis
3392 3269 3592 3316 vestra:
3613 3275 3784 3317 causa.

2174 3353 2361 3399 metuo
2384 3356 2440 3399 et
2464 3346 2847 3402 contremisco.

2249 3433 2355 3490 Cur
2403 3437 2715 3508 longioribus
2764 3438 2989 3494 exordiis
3036 3448 3207 3495 utatur
3245 3441 3661 3515 Chrysostomua,
3705 3468 3778 3487 -ι-

2174 3527 2343 3584 Nemo
2372 3530 2531 3600 igitur
2570 3539 2772 3587 temere
2797 3546 2862 3587 ac
2904 3532 3268 3603 perfunctorie
3312 3537 3622 3607 spirituales
3657 3552 3776 3593 ser-

2176 3634 2369 3675 mones
2413 3623 2682 3677 auscultet
2712 3639 2726 3675 :
2760 3637 2933 3693 neque
2961 3624 3104 3679 enim
3149 3624 3344 3681 frustra
3385 3639 3440 3683 et
3464 3630 3587 3685 sine
3614 3644 3781 3685 causa

2178 3714 2384 3783 prolixa
2412 3714 2812 3785 praemittuntur
2836 3730 2866 3768 a
2906 3730 2997 3771 me
3020 3717 3241 3771 exordia
3261 3760 3278 3784 ,
3301 3719 3397 3774 sed
3437 3729 3497 3775 ut
3531 3722 3778 3777 exactior

2178 3819 2388 3869 eorum,
2418 3820 2538 3873 quae
2560 3806 3002 3870 committuntur,
3027 3808 3118 3862 fiat
3149 3809 3388 3865 custodia
3422 3829 3437 3865 :
3469 3826 3537 3867 ne
3580 3813 3668 3868 ubi
3699 3822 3781 3868 te—t

2177 3909 2328 3949 mere
2362 3903 2457 3953 aut
2494 3895 2760 3950 incassum
2789 3897 3196 3967 applattseritis,
3227 3915 3293 3954 ac
3314 3902 3625 3959 tuntultuati
3661 3903 3775 3959 fue—.

2176 3986 2316 4054 ritis,
2339 3985 2559 4042 domum
2581 3989 2869 4051 recedatis.
2892 3989 3039 4045 Niltil
3061 3992 3205 4046 enim
3231 4008 3332 4064 ego
3353 4004 3563 4050 vestras
3591 3995 3783 4053 laudes

2179 4092 2334 4141 curo,
2374 4079 2469 4135 sed
2512 4079 2585 4133 de
2623 4089 2800 4135 vestra
2839 4082 3011 4137 salute
3050 4098 3169 4137 sum
3202 4085 3483 4141 sollicitus.
3521 4086 3660 4141 Nam
3701 4086 3773 4140 illi

2178 4167 2417 4237 quidem,
2449 4171 2538 4239 qui
2575 4170 2631 4225 in
2660 4171 2871 4229 theatro
2909 4182 3139 4241 certant,
3173 4175 3335 4245 huius
3362 4177 3438 4236 rei
3467 4179 3779 4235 mercedem

2177 4274 2209 4313 a
2235 4261 2435 4330 populo
2464 4262 2676 4318 laudem
2694 4265 2969 4332 accipiunt
2995 4282 3009 4317 ε
3040 4282 3141 4322 nos
3159 4283 3290 4324 vero
3315 4267 3416 4325 hac
3441 4269 3694 4327 decausa
3719 4270 3777 4328 in.

2178 4350 2318 4405 bane
2361 4368 2581 4408 arenam
2622 4371 2729 4409 non
2771 4356 3169 4423 descendimus,
3199 4360 3294 4415 sed
3345 4372 3404 4416 ut
3444 4363 3774 4434 propositam

2179 4441 2304 4498 huic
2343 4442 2418 4497 rei
2446 4445 2748 4501 mercedem
2775 4462 2806 4500 a
2834 4447 3058 4503 Domino
3100 4450 3439 4520 recipiamus.
3481 4451 3777 4524 Pmpterea

2177 4547 2274 4588 vos
2319 4534 2386 4587 ad
2434 4536 2535 4591 hoc
2573 4536 2879 4607 frequenter
2914 4538 3297 4609 adhortatnur,
3328 4551 3385 4596 ut
3420 4558 3506 4608 ea,
3530 4559 3653 4615 qua:
3689 4543 3777 4597 dio.

2178 4636 2375 4681 cuntur
2395 4667 2410 4693 ,
2444 4626 2497 4682 in
2527 4629 2722 4684 vestris
2746 4629 3018 4686 mentibus
3043 4632 3151 4696 site
3177 4632 3498 4704 deﬁgantur.
3531 4635 3603 4693 Ut
3630 4635 3776 4696 enim,

2180 4719 2395 4787 plantae,
2436 4736 2558 4790 quae
2586 4721 2883 4791 profundas
2921 4723 3132 4781 radices
3164 4726 3391 4796 egerint,
3431 4728 3595 4783 nullis
3639 4742 3768 4782 ven-

2179 4817 2360 4866 torum
2387 4811 2686 4871 incursibns
2706 4815 2916 4870 concuti
2947 4826 3164 4886 possunt
3199 4835 3213 4871 :
3240 4816 3312 4872 ita
3334 4818 3626 4889 Scriptura:
3644 4833 3773 4873 seu-.

2180 4903 2357 4956 tentia:
2373 4918 2481 4974 quo
2496 4905 2657 4967 altius
2676 4905 2875 4961 fuerint
2898 4906 2951 4963 in
2975 4915 3156 4963 mente
3175 4908 3391 4975 deﬁxae,
3419 4912 3599 4966 minus
3621 4908 3777 4965 facile

2176 4996 2512 5064 nrgotiorum
2549 4995 2850 5053 incursibus
2886 4999 3205 5054 evelluntur.
3241 5000 3333 5055 Dic
3358 5001 3524 5069 enim,
3553 5017 3773 5074 quassu.

2177 5087 2475 5152 carissime,
2512 5090 2555 5142 si
2582 5088 2748 5145 ﬁlium
2779 5088 2921 5145 fame
2946 5091 3250 5147 confectum
3284 5094 3515 5161 videres,
3555 5111 3623 5150 an
3651 5109 3775 5149 eum.

2178 5193 2367 5247 posses
2394 5187 2763 5248 contemnere,
2793 5197 2966 5252 neque
2990 5185 3168 5239 omnia
3197 5186 3374 5255 potius
3399 5185 3615 5242 ferenda
3646 5201 3756 5249 cen-

2175 5284 2342 5336 seres,
2373 5279 2428 5324 ut
2451 5271 2569 5339 ejus
2598 5287 2784 5342 posses
2833 5273 3028 5331 famem
3066 5278 3350 5348 mitigare?
3377 5281 3587 5351 Ergone
3619 5280 3768 5352 panis

2175 5360 2315 5417 fame
2344 5361 2647 5416 divexatum
2687 5380 2793 5419 non
2833 5365 3173 5436 despiceres,
3214 5370 3410 5425 divina:
3450 5382 3627 5427 autem
3667 5370 3765 5433 do,-

2173 5455 2360 5513 ctt‘ina:
2388 5454 2528 5511 [utne
2544 5469 2857 5527 pereuntem
2886 5471 3041 5532 potes
3061 5473 3407 5521 contemnere
3421 5466 3453 5519 il
3471 5465 3588 5535 Quo
3617 5472 3764 5536 pacto

2174 5544 2336 5614 igitur
2358 5546 2551 5617 dignus
2575 5546 2759 5615 fueris,
2784 5559 2841 5604 ιιι
2868 5562 3019 5622 pater
3037 5554 3286 5610 voceris?
3305 5555 3578 5627 Siquidem
3602 5555 3760 5611 multo

2174 5638 2388 5706 gravior
2434 5639 2524 5706 illa
2556 5649 2642 5696 est
2669 5642 2785 5698 haec
2833 5643 3023 5711 fames,
3068 5657 3269 5718 quanto
3312 5647 3661 5705 funestiorem
3705 5646 3764 5706 in.

2175 5731 2649 5799 mortemdesinit,
2692 5734 2834 5789 unde
2878 5735 3051 5805 majus
3090 5738 3143 5792 in
3190 5737 3293 5793 hoc
3316 5738 3550 5794 studium
3580 5736 3757 5796 confe-

2175 5823 2407 5896 randum.
2428 5836 2525 5891 est.
2560 5826 2991 5909 Educate-eniin,
3013 5830 3209 5903 inquit,
3234 5832 3368 5908 ﬁtios
3394 5844 3583 5891 vestros
3610 5834 3658 5889 in
3680 5827 3755 5897 di-
