4086 6410
346 381 418 446 99
990 381 1125 436 leR
1162 381 1225 434 IN
1260 380 1549 434 I‘ENT'EC.
1587 381 1787 439 ACTA.
1823 379 1981 434 ETC.

345 502 444 552 οὐκ
476 497 583 551 ἀπὸ
609 495 811 566 χαλκοῦ
845 498 937 547 καὶ
992 496 1210 566 σιδήρου
1263 494 1764 565 κατεσκευασμένα.
1803 489 1914 544 ἀλλ’

351 584 453 640 ἀπὸ
486 581 706 648 ἁγνείας
765 581 859 631 καὶ
888 579 1122 640 πίστεως
1169 577 1519 647 συγκείμενα,
1557 579 1649 631 καὶ
1686 577 1773 628 διὰ
1801 575 1922 628 τού-

346 681 452 716 των
478 661 741 733 δοκίμαζε
769 662 922 730 λόγον
945 663 1179 714 ἅπαντα.
1213 660 1316 713 Καὶ
1340 662 1447 730 γάρ
1473 661 1558 713 διὰ
1587 659 1744 718 τοῦτό
1765 676 1921 730 φησι,

346 746 568 799 Γίνεσθε
594 744 921 814 τραπεζῖται
953 744 1190 812 δόκιμοι,
1219 745 1316 813 οὐχ
1353 745 1439 796 ἵνα
1465 745 1558 796 ἐπὶ
1592 744 1688 812 τῆς
1719 743 1925 813 ἀγοράς

348 831 581 892 ἑστῶτες
611 830 679 883 τὰ
713 828 948 900 ἀργύρια
989 828 1278 898 ἀριθμῆτε,
1311 829 1424 882 ἀλλ’
1467 829 1554 881 ἵνα
1583 830 1706 891 τοὺς
1736 828 1925 895 λόγους

350 912 679 983 βασανίζητε
721 913 857 974 μετά
895 912 1182 981 ἀκριϐείας
1215 912 1465 981 ἀπάσηςο
1506 912 1592 965 διὰ
1646 911 1803 964 τοῦτο
1833 911 1928 965 καὶ

346 999 376 1048 6
415 995 709 1059 ἀπόστολος
759 994 969 1057 Παῦλός
1012 1010 1176 1063 φησιο
1229 994 1434 1048 Πάντα
1472 993 1829 1063 δοκιμάζετε,
1861 995 1926 1046 τὸ

349 1080 543 1131 καλὸν
572 1077 639 1130 δὲ
675 1077 955 1144 κατέχετε
977 1076 1190 1144 μόνον.
1249 1078 1323 1129 υύ
1364 1076 1452 1131 διὰ
1479 1077 1577 1146 τὴν
1609 1077 1928 1147 δοκιμασίαν

349 1164 404 1227 δέ
452 1163 615 1234 μόνον
657 1162 800 1230 ὑμᾶς
828 1156 1158 1230 τραπεζίτας
1201 1160 1492 1220 ἐκάλεσεν,
1539 1160 1672 1214 ἀλλά
1711 1160 1806 1212 καὶ
1845 1159 1930 1212 διὰ

348 1245 449 1314 τὴν
474 1244 584 1296 τῶν
624 1243 1112 1312 καταϐαλλομένων
1143 1244 1336 1314 νομήν.
1387 1243 1502 1315 [8'5]
1539 1245 1646 1296 Καὶ
1678 1243 1786 1313 γὰρ
1819 1244 1932 1304 τοῖς

349 1327 729 1397 τραπεζίταις,
777 1326 872 1380 ἐάν
918 1327 1077 1395 μόνον
1129 1327 1509 1397 ὑποδεχόμενοι
1559 1327 1628 1379 τὰ
1674 1329 1932 1397 χρήματα

350 1410 745 1462 κατακλείωσιν
766 1410 922 1470 οῐκοι,
945 1409 1140 1480 μηκέτι
1161 1410 1218 1463 δὲ
1240 1413 1319 1474 είς
1341 1410 1560 1481 ἐτέρους
1581 1412 1929 1480 διανέμωσιν,

359 1497 501 1548 ἅπαν
527 1493 588 1547 τὸ
612 1495 711 1563 τῆς
737 1493 1008 1565 ἐμπορίας
1046 1495 1324 1562 οἰχήσεται
1347 1510 1362 1526 ο
1409 1493 1553 1546 οὕτω
1578 1494 1671 1546 καὶ
1705 1495 1798 1545 ἐπὶ
1824 1494 1933 1547 τῶν

353 1578 637 1648 ἀκροατῶν
670 1577 729 1629 τὸ
758 1577 891 1629 αὐτὸ
921 1576 1078 1630 τοῦτο
1104 1577 1332 1643 γίνεται.
1379 1578 1476 1630 Ἂν
1509 1577 1616 1648 γάρ
1645 1577 1936 1647 δεξάμενος

352 1660 454 1728 τὴν
493 1659 839 1712 διδασκαλίαν
885 1658 1038 1730 παρά
1081 1659 1262 1730 σαυτῴ
1292 1664 1593 1731 κατασχῇς.
1639 1660 1832 1730 μηκέτι
1878 1661 1934 1712 δὲ

355 1745 433 1805 εἰς
464 1743 682 1812 ἐτέρους
711 1742 967 1813 ἐκϐάλῃς,
1005 1743 1154 1796 πᾶσά
1199 1761 1292 1796 σου
1325 1746 1358 1813 ἡ
1395 1744 1747 1815 πραγματεία
1785 1744 1937 1815 διαρο

359 1830 634 1898 ῥυήσεται.
665 1826 761 1879 Διά
785 1827 942 1879 τοῦτο
965 1828 1180 1882 ἐπὶτῶν
1201 1830 1577 1899 ἐργαστηρίων
1604 1829 1824 1882 ἐκείνων
1849 1828 1935 1882 διὰ

356 1912 539 1980 πάσης
577 1910 791 1982 ἡμέρας
824 1911 1024 1963 είσοδόν
1059 1929 1118 1963 τε
1157 1911 1250 1964 καὶ
1276 1911 1451 1977 ἔξοδον
1469 1912 1758 1983 γινομένην
1795 1912 1934 1983 ὁρῶ-

360 2013 481 2063 μεν.
519 1995 689 2047 Τοῦτο
717 1996 895 2058 τοίνυν
925 1996 1018 2047 καὶ
1047 1995 1138 2046 ἐπὶ
1167 1995 1266 2064 τῆς
1295 1996 1644 2055 διδασκαλίας
1682 1995 1936 2064 γινέσθω.

359 2081 468 2144 καὶ
510 2078 617 2149 γὰρ
652 2079 745 2142 καὶ
796 2079 888 2130 ἐπὶ
927 2078 1035 2130 τῶν
1075 2077 1417 2148 τραπεζιτῶν
1460 2080 1683 2131 ἐκείνων
1721 2077 1940 2148 δρῶμεν

356 2164 484 2230 τοὺς
527 2163 624 2232 μὲν
671 2162 1103 2224 καταϐάλλοντας
1133 2165 1424 2234 χρήματα,
1466 2165 1588 2226 τους
1627 2163 1684 2215 δὲ
1719 2163 1938 2233 λαμϐά-

357 2236 551 2308 νοντας
592 2244 815 2307 εὐθέως,
859 2246 953 2298 καὶ
991 2246 1274 2310 ἀπιόντας,
1319 2249 1410 2300 καὶ
1448 2247 1608 2300 τοῦτο
1639 2247 1728 2300 διά
1758 2249 1940 2318 πάσης

359 2328 574 2398 ἡμέρας
598 2328 880 2396 γινόμενον
911 2328 1008 2380 ί¹δοι
1031 2345 1115 2391 τις
1143 2328 1228 2383 ἀν.
1291 2330 1389 2382 Διά
1419 2329 1596 2392 τοῦτο,
1626 2331 1802 2384 καίτοι
1832 2330 1942 2384 τῶν

359 2409 660 2479 χρημάτων
687 2411 786 2462 οὐκ
817 2409 985 2463 ὄντων
1011 2411 1195 2474 αὐτοῖς
1224 2412 1460 2475 οίκείων,
1494 2412 1680 2483 ἐπειδὴ
1709 2416 1777 2483 τῇ
1806 2414 1942 2483 χρή-

362 2509 443 2544 σει
481 2493 618 2562 πρδς
649 2492 710 2544 τὸ
737 2491 854 2544 δέον
881 2492 1197 2562 κέχρηνται,
1228 2492 1316 2546 διά
1343 2493 1450 2546 τῶν
1481 2495 1778 2566 ἀλλοτρίων
1814 2496 1944 2548 πολ-

358 2577 459 2645 λὴν
495 2577 705 2639 ἑαυτοῖς
751 2574 1066 2643 συλλέγουσι
1100 2579 1200 2648 τὴν
1235 2578 1518 2648 εὐπορίαν.
1559 2579 1717 2632 Οὕτω
1749 2581 1841 2632 καὶ
1875 2579 1939 2632 σὺ

359 2660 606 2729 ποίησον.
661 2661 775 2712 Οὐκ
817 2659 935 2718 ἐστι
984 2660 1155 2719 ταῦτα
1188 2662 1255 2715 τά
1303 2663 1456 2730 λόγια
1503 2664 1606 2727 σά,
1659 2663 1795 2717 ἀλλά
1847 2665 1941 2718 τοῦ

331 2741 711 2812 οιινεύματοςο
766 2741 880 2794 ἀλλ’
935 2743 1084 2812 ὅμως
1137 2745 1234 2796 ἐὰν
1287 2745 1517 2816 ἀρίστην
1555 2747 1798 2822 ἐπιδείξῃ
1844 2746 1943 2817 τὴν

360 2826 580 2896 χρῆσιν,
629 2824 826 2895 πολλὴν
876 2825 1051 2895 ἐαυτῷ
1102 2827 1348 2893 συνάξεις
1395 2829 1492 2900 τὴν
1544 2829 1804 2900 εὐπορίαν
1846 2829 1944 2899 τὴν

362 2911 767 2978 πνευματικήν·
808 2908 894 2961 διὰ
921 2908 1078 2973 τοῦτο
1104 2910 1196 2962 καὶ
1224 2910 1557 2980 τραπεζίτας
1588 2912 1733 2981 ἡμᾶς
1763 2911 1946 2971 ἐκάλε-

363 3009 457 3051 σεν
486 2995 514 3044 ὁ
541 2992 693 3054 Θεός.
723 2991 877 3054 Τίνος
905 2993 959 3044 δὲ
990 2991 1178 3047 ἐνεκεν
1203 2993 1464 3064 ἀργύριον
1502 2995 1592 3046 τὸν
1630 2993 1787 3062 λόγον
1817 2995 1947 3046 ἐκά-

361 3072 554 3140 λεσεν;
603 3074 819 3144 Ἐπειδὴ
843 3073 1094 3145 καθάπερ
1124 3075 1182 3127 τὸ
1215 3077 1477 3148 ἀργύριον
1503 3077 1597 3130 τὸν
1625 3078 1947 3148 χαρακτῆρα

362 3158 478 3226 εχει
511 3158 915 3228 ἀπηρτισμένον
943 3159 1032 3210 τὸν
1064 3158 1340 3228 βασιλικὸν
1371 3160 1493 3230 (κᾶν
1525 3162 1630 3233 γάρ
1658 3162 1733 3232 μὴ
1760 3163 1948 3216 τοῦτον

365 3243 490 3313 ἔχῃ,
522 3242 623 3294 οὐκ
656 3241 801 3294 ἔστιν
834 3243 1092 3316 ἀργύριον
1126 3245 1368 3313 δόκιμον,
1402 3247 1539 3308 ἀλλά
1575 3247 1824 3317 κίϐδηλον
1846 3266 1948 3302 κα·

364 3321 603 3389 λείται),
651 3323 796 3383 οὕτω,
834 3327 928 3380 καὶ
962 3328 1060 3396 τὴν
1092 3328 1439 3382 διδασκαλίαν
1467 3331 1565 3400 τῆς
1599 3332 1834 3396 πίστεως
1859 3332 1950 3386 τὸν

364 3409 692 3478 χαρακτῆρα
716 3408 810 3461 τοῦ
846 3409 1004 3478 λόγου
1035 3413 1443 3480 ἀπηρτισμένον
1473 3412 1616 3483 ἔχειν
1646 3413 1740 3468 δεῖ.
1783 3416 1952 3470 Πάλιν

365 3493 478 3544 τῶν
513 3492 789 3563 ἀργυρίων
832 3495 864 3564 ἡ
910 3497 1104 3564 χρῆσις
1142 3497 1322 3548 πᾶσαν
1350 3497 1506 3566 ἡμῶν
1535 3503 1825 3569 συγκροτεῖ
1854 3501 1953 3570 τὴν

369 3576 558 3654 ζωὴν,
613 3578 704 3629 καλ⁵
756 3577 1098 3648 συμϐολαίων
1131 3580 1387 3633 ἀπάντων
1437 3581 1693 3644 ὑπόθεσις
1719 3583 1952 3649 γίνεται,

367 3659 478 3711 κᾶν
501 3659 765 3731 ἀγοράσαι
785 3679 857 3725 τι,
878 3661 980 3714 κᾶν
1005 3662 1250 3732 πωλῆσαι
1273 3662 1386 3735 δέῃ,
1411 3663 1498 3716 διὰ
1513 3664 1716 3717 τούτων
1740 3666 1956 3718 ᾶπαντα

371 3745 708 3814 πράττομεν.
743 3745 918 3804 Τοῦτο,
940 3746 1037 3811 κο)τ
1074 3748 1166 3798 ἐπὶ
1196 3748 1294 3816 τῆς
1321 3748 1669 3811 διδασκαλίας
1703 3749 1913 3816 γίνεται
1937 3766 1951 3780 ο

370 3829 483 3897 τῶν
505 3829 612 3900 γάρ
642 3830 983 3898 συμϐολαίων
1017 3832 1400 3901 πνευματικῶν
1431 3833 1687 3896 ύπόθεσίς
1716 3834 1830 3892 ἐστι
1863 3835 1956 3886 καὶ

375 3911 505 3982 ῥίζα
547 3914 608 3965 τὸ
651 3913 912 3986 ἀργύριον
957 3913 1115 3978 τοῦτο
1159 3915 1221 3966 τὸ
1254 3916 1642 3984 πνευματικόν·
1691 3917 1812 3969 ὅθεν
1853 3917 1957 3971 κᾶν

375 3995 531 4066 παρὰ
557 3995 650 4048 τοῦ
678 3995 817 4063 Θεοῦ,
860 4013 912 4049 τι
947 3996 1297 4067 βουληθῶμεν
1342 3997 1633 4068 ἀγοράσαι,
1679 3999 1769 4051 τὸν
1801 3999 1960 4066 λόγον

373 4079 479 4147 τῆς
521 4080 684 4150 εὐχῆς
717 4080 1117 4142 καταϐαλόντες
1151 4080 1389 4152 πρῶτον,
1420 4081 1563 4134 οὕτω
1607 4082 1961 4153 λαμϐάνομεν

375 4165 522 4234 ᾇπερ
555 4163 832 4234 αίτοῦμεν.
865 4164 985 4218 Κᾶν
1015 4163 1239 4232 ἀδελφὸν
1267 4163 1466 4234 ἴδωμεν
1498 4165 1843 4236 ἠμελημένον
1867 4167 1962 4229 καῗι

377 4247 777 4317 ἀπολλύμενον,
833 4248 930 4318 τὴν
967 4247 1240 4318 σωτηρίαν
1269 4248 1432 4301 αὐτοῦ
1475 4249 1836 4319 κερδήσομεν,
1867 4251 1963 4313 καὶ

378 4330 478 4400 τὴν
524 4329 668 4400 ζωὴν
711 4331 1078 4401 ἀγοράσομεν,
1124 4330 1216 4390 τὸν
1253 4331 1408 4399 λόγον
1464 4332 1564 4407 τῆς
1614 4332 1965 4400 διδασκαλίας

381 4414 834 4485 καταϐάλλοντες.

451 4521 543 4574 Διὸ
569 4521 674 4592 χρὴ
705 4520 843 4590 μετὰ
865 4520 1150 4593 ἀκριϐείας
1165 4520 1384 4592 ἀπάσης
1409 4520 1696 4589 φυλάττειν
1715 4523 1808 4575 καὶ
1830 4540 1966 4576 κατι

384 4603 530 4672 έχειν
564 4604 799 4668 ἅπαντα,
867 4605 955 4658 ἵνα
997 4605 1089 4657 καὶ
1121 4606 1201 4667 είς
1244 4605 1466 4674 ἐτέρους
1501 4605 1640 4658 αὐτὰ
1670 4605 1966 4676 διανείμω·

389 4701 528 4754 μενο
585 4687 680 4740 καὶ
727 4686 836 4758 γὰρ
884 4689 978 4740 καὶ
1029 4686 1222 4750 τόκους
1277 4686 1386 4738 τῶν
1433 4687 1711 4758 ἀργυρίων
1762 4688 1968 4741 τούτων

386 4769 784 4840 ἀπαιτούμεθα.
839 4771 1204 4841 Προσέχωμεν
1245 4769 1426 4822 τοίνυν
1462 4772 1528 4840 τῇ
1561 4770 1832 4840 ὑποδοχῇ,
1886 4771 1970 4823 ἵνα

390 4854 484 4906 καὶ
514 4855 594 4916 είς
637 4853 859 4923 ἐτέρους
903 4855 1178 4924 διανεῖμαι
1226 4852 1544 4922 δυνηθῶμεν
1591 4852 1658 4905 τά
1690 4853 1966 4923 ἀργύριαο

391 4938 484 4991 καὶ
518 4937 627 5007 γὰρ
675 4938 926 5001 ἕκαστος,
964 4939 1058 4990 ἐὰν
1101 4937 1252 5010 θέλῃ,
1284 4936 1514 5007 δύναμιν
1551 4936 1666 5007 ἔχει
1712 4937 1998 4990 διδασκα-“

389 5021 532 5085 λίας.
587 5022 660 5074 Οὐ
707 5021 936 5075 δύνασαι
997 5021 1343 5091 Ἐκκλησίαν·
1371 5019 1609 5091 ὀρθῶσαι
1662 5018 1927 5090 τοσαύτην
1955 5037 1969 5052 ·

391 5105 527 5159 ἀλλά
557 5105 782 5159 δύνασαι
830 5107 928 5177 τὴν
959 5109 1193 5174 γυναῖκα
1225 5105 1322 5175 τὴν
1368 5105 1466 5176 σὴν
1506 5105 1846 5175 νουθετῆσαι.
1898 5107 1972 5160 Οὐ

391 5190 617 5244 δύνασαι
647 5191 782 5262 πρὸς
809 5191 1010 5261 πλῆθος
1036 5189 1288 5243 τοσοῦτον
1313 5188 1690 5258 διαλεχθῆναι·
1725 5189 1860 5242 ἀλλά
1884 5189 1975 5242 τὸν

393 5275 509 5326 υἱόν
541 5292 634 5328 σου
666 5275 996 5346 σωφρονίσαι
1026 5273 1270 5328 δύνασαι.
1304 5273 1376 5325 Οὐ
1405 5271 1628 5325 δύνασαι
1651 5273 1785 5340 πρὸς
1805 5271 1976 5341 δῆμον

394 5359 718 5428 τηλικοῦτον.
761 5360 850 5412 τὸν
881 5358 1038 5426 λόγον
1089 5359 1369 5410 ἀποτεῖναι
1413 5355 1800 5417 διδασκαλίαςσ
1842 5355 1978 5407 ἀλλά

395 5443 487 5495 τὴν
526 5445 741 5514 οἰκέτην
791 5461 884 5496 σου
922 5443 1166 5513 βελτίονα
1202 5441 1542 5512 ἐργάσασθαι
1570 5440 1794 5494 δύνασαι
1865 5441 1979 5494 Οὐκ

398 5527 516 5579 εστι
550 5544 646 5581 σου
685 5529 884 5599 μείζων
911 5528 1010 5597 τῆς
1036 5525 1318 5596 δυνάμεως
1345 5526 1553 5587 ἐκεῖνος
1585 5524 1694 5576 τῶν
1716 5522 1980 5594 μαθητῶν

398 5613 428 5662 6
468 5610 740 5680 σύλλογος·
774 5613 874 5665 οὐκ
907 5611 1021 5664 ἔστι
1050 5623 1145 5661 σου
1175 5607 1339 5661 πλέον
1368 5609 1466 5678 τῆς
1495 5607 1764 5670 συνέσεως
1803 5607 1980 5658 ἐκεῖνο

401 5693 507 5760 νεῖ-,ς
533 5696 883 5759 διδασκαλίας
908 5693 970 5748 τὸ
1000 5693 1216 5767 μέτρον,
1253 5691 1387 5745 ἀλλά
1421 5691 1514 5743 καὶ
1547 5688 1704 5760 ἡμῶν
1747 5687 1982 5740 εὐκολώ-

404 5793 561 5850 τερον
606 5780 763 5845 ὑμεῖς
818 5779 1060 5837 ἐκείνους
1123 5777 1330 5837 πάντας
1389 5772 1668 5844 ῥυθμίζειν
1724 5769 1972 5824 δύνασθε.

3505 371 3610 426 100

2036 491 2174 558 Ἐγὼ
2202 492 2298 562 μὲν
2327 508 2433 562 γαρ
2464 492 2590 561 ύμῖν
2608 490 2754 556 ἅπαξ
2772 491 2869 560 τῆς
2897 487 3189 558 ἑϐδομάδος
3206 487 3612 561 συγγίνομαι,ἣ

2023 575 2116 626 καὶ
2146 575 2398 645 δεύτερον
2429 574 2690 636 πολλάκις
2712 591 2724 602 ·
2773 575 2835 626 σὺ
2866 572 2923 624 δὲ
2961 572 3253 634 διαπαντὸς
3290 571 3436 624 ἐνδον
3463 571 3616 641 ἔχεις

2020 658 2119 726 τῆς
2163 658 2341 719 οἰκίας
2389 659 2516 719 τοὺς
2553 655 2822 727 μαθητὰς,
2861 656 2954 707 καὶ
3001 654 3097 724 τὴν
3131 657 3390 722 γυναῖκα,
3421 655 3513 708 καὶ
3541 654 3612 708 τὰ

2025 742 2233 806 παιδία,
2257 742 2351 793 καὶ
2379 742 2504 802 τοὺς
2533 741 2770 802 οἰκέτας,
2800 739 2893 791 καὶ
2926 741 2983 789 ἐν
3012 738 3240 808 ἑσπέρᾳ,
3269 740 3364 791 καὶ
3385 741 3442 792 ἐν
3472 755 3609 809 τρα-

2025 825 2187 894 πέζῃ,
2222 826 2315 877 καὶ
2355 825 2442 877 διὰ
2484 824 2664 894 πάσης
2699 823 2913 893 ἡμέρας
2959 821 3183 876 δύνασαι
3217 821 3467 893 διορθοῦν
3513 822 3610 876 αὐο

2023 909 2171 972 τούς.
2222 909 2330 961 Καὶ
2365 908 2630 976 ἑτέρωθεν
2659 907 2715 959 δὲ
2757 909 2790 976 ἡ
2827 907 3038 979 ἰατρεία
3083 905 3220 974 αὐτη
3267 907 3611 977 εὐκολωτέρα

2026 991 2263 1059 γίνεται·
2316 990 2426 1054 ἐγὼ
2467 992 2564 1062 μὲν
2593 991 2703 1060 γάρ
2737 992 2794 1043 ἐν
2826 989 3020 1058 πλήθει
3059 989 3302 1060 τοσούτῳ
3345 988 3459 1061 [84]
3491 991 3609 1042 δια-

2027 1074 2317 1144 λεγόμενος
2345 1075 2444 1127 οὐκ
2481 1071 2594 1126 οἶδα
2628 1073 2688 1125 τὸ
2717 1073 2972 1143 ἐνοχλοῦν
3012 1074 3147 1144 ύμῖν.
3173 1073 3356 1136 πάθος
3374 1073 3475 1137 τῆς
3507 1072 3614 1141 ψυα

2028 1159 2149 1227 χῆς,
2189 1157 2268 1210 διὸ
2300 1157 2395 1209 καὶ
2426 1155 2806 1226 ἀναγκάζομαι
2838 1157 2957 1210 καθ’
2989 1157 3229 1227 ἑκάστην
3260 1156 3611 1210 διδασκαλίαν

2029 1240 2245 1293 ᾶπαντα
2276 1239 2587 1310 προτιθέναι
2626 1241 2694 1293 τά
2729 1241 3026 1310 φάρμακα·
3078 1241 3221 1310 ὑμᾶς
3254 1239 3310 1292 δὲ
3337 1240 3433 1309 οὐχ
3468 1239 3618 1292 οὓτω

2031 1326 2205 1376 ποιεῖν
2235 1324 2468 1395 ἀνάγκη,
2501 1324 2614 1377 ἀλλ’
2647 1324 2854 1389 ἔξεστιν
2885 1325 3016 1396 ὑμῖν
3051 1325 3190 1394 μετὰ
3213 1325 3499 1388 ἐλάττονος
3523 1324 3615 1377 πός

2030 1423 2121 1459 νου
2152 1405 2368 1459 πλείονα
2393 1407 2739 1478 καρποῦσθαι
2772 1407 2870 1478 τὴν
2891 1407 3176 1475 διόρθωσιν
3194 1424 3207 1437 ·
3250 1407 3364 1460 ἴστε
3393 1407 3502 1475 γὰρ
3525 1423 3616 1465 σα,-

2032 1489 2148 1557 φῶς
2172 1488 2242 1542 τὰ
2273 1491 2647 1561 ἁμαρτήματα
2673 1491 2782 1542 τῶν
2805 1491 2932 1560 ὑμῖν
2965 1489 3376 1554 συνοικούντων,
3400 1491 3480 1544 διὸ
3519 1490 3620 1546 καὶ

2030 1575 2336 1646 ταχυτέραν
2364 1575 2594 1631 δύνασθε
2621 1577 2845 1648 ποιῆσαι
2876 1577 2975 1646 τὴν
3007 1574 3324 1648 θεραπείαν.

2017 379 2084 432 IN
2133 381 2423 447 FRINClP.
2483 385 2844 443 ACTCIHIM.
2881 387 2967 439 IV.

2105 1721 2174 1790 γ’.
2203 1721 2292 1792 Μὴ
2311 1721 2512 1784 τοίνυν,
2546 1723 2840 1793 ἀγαπητοὶ,
2859 1722 3043 1792 ἀμελῶ
3053 1740 3150 1794 μεν
3172 1723 3280 1777 τῶν
3304 1722 3618 1782 αυνοικοεὲνν

2034 1822 2143 1857 των
2196 1807 2361 1876 ἡμῖν’
2429 1806 2524 1858 καὶ
2566 1807 2676 1878 γάρ
2746 1808 2978 1876 μεγίστη
3026 1807 3247 1870 κόλασις
3295 1809 3471 1859 κεῖται
3523 1808 3618 1860 καὶ

2037 1889 2241 1958 ἀφατος
2266 1891 2505 1960 τιμωρία
2533 1893 2642 1954 τοῖς
2671 1889 2936 1960 ἀμελοῦσι
2971 1890 3079 1943 τῶν
3117 1891 3354 1943 οἰκείων.
3407 1894 3475 1944 El
3506 1891 3617 1960 γάρ

2035 1989 2146 2034 τις,
2177 1973 2340 2042 φησὶν
2366 1974 2393 2024 6
2421 1972 2650 2036 Παῦλος,
2680 1972 2796 2026 τῶν
2825 1973 2986 2026 ίδίων
3018 1975 3090 2026 ού
3129 1972 3486 2040 προνοεῖται,
3519 1973 3619 2027 καὶ

2031 2055 2301 2122 μάλιστα
2341 2055 2461 2109 τῶν
2503 2056 2758 2120 οἰκείων,
2797 2055 2912 2121 τὴν
2951 2058 3160 2113 πίστιν
3209 2056 3482 2125 ἤρνηται,
3522 2055 3622 2113 καί

2037 2139 2208 2191 ἔστιν
2227 2139 2487 2192 ἀπίστου
2514 2139 2746 2205 χείρων.
2795 2139 2956 2208 Ὁρᾷς
2989 2138 3092 2190 ποῦ
3141 2138 3249 2191 τῶν
3272 2137 3624 2208 ἀμελούντων

2036 2221 2144 2275 τῶν
2172 2224 2391 2280 οἰκείων
2415 2226 2444 2277 6
2475 2222 2684 2286 Παῦλος
2713 2223 3000 2293 ἡκόντισες
3046 2224 3159 2278 Καὶ
3186 2225 3331 2295 μάλα
3360 2223 3584 2286 εἰκότως
3603 2239 3621 2253 ⁸

2038 2308 2067 2360 6
2096 2306 2205 2376 γὰρ
2227 2306 2335 2359 τῶν
2359 2307 2576 2360 οἰκείων
2604 2307 2843 2377 ἀμελῶν,
2877 2308 3030 2378 φησὶ,
3057 2308 3174 2371 πῶς
3195 2308 3303 2360 τῶν
3323 2307 3626 2378 ἀλλοτρίων

2041 2388 2474 2459 ἐπιμελήσεται;
2539 2385 2671 2442 Οἶδα
2723 2389 2985 2453 πολλάκις
3050 2390 3224 2444 ταῦτα
3284 2391 3623 2462 παραινέσας

2040 2473 2197 2543 ὑμῖν·
2225 2472 2360 2525 ἀλλά
2389 2475 2483 2524 καὶ
2518 2471 2801 2543 παραινῶν
2829 2473 3083 2526 οὐδέποτε
3112 2473 3412 2543 παύσομαι,
3446 2474 3621 2528 καίτοι

2039 2572 2103 2623 γε
2135 2555 2248 2624 ἐγὼ
2285 2554 2576 2617 ἀνεύθυνος
2617 2555 2801 2607 λοιπὸν
2841 2555 2942 2623 τῆς
2979 2556 3087 2606 τῶν
3116 2556 3318 2625 ἐτέρων
3348 2555 3622 2628 ῥᾳθυμίας

2039 2638 2154 2708 είμί
2175 2655 2189 2668 ·
2225 2638 2381 2691 Ἔδει
2413 2638 2521 2708 γάρ
2545 2653 2637 2697 σε,
2674 2638 2826 2706 φησὶ,
2866 2638 3225 2691 καταϐαλεῖν
3251 2637 3316 2691 τὸ
3339 2638 3622 2707 ἀργύριόν

2036 2738 2155 2789 μου
2197 2721 2294 2773 ἐπὶ
2343 2721 2486 2786 τοὺς
2529 2719 2895 2787 τραπεζίτας,
2921 2721 3018 2774 καί
3050 2721 3241 2775 πλέον
3268 2721 3448 2776 οὐδὲν
3503 2723 3620 2775 ἁπ-

2040 2808 2290 2873 ῄτησεν.
2323 2803 2465 2872 Ἐγὼ
2494 2805 2550 2859 δέ
2579 2805 2674 2858 καὶ
2689 2804 2750 2857 τὸ
2767 2805 3033 2874 ἀργύριον
3064 2804 3382 2869 κατέϐαλον,
3413 2804 3506 2857 καὶ
3535 2803 3624 2856 λό-

2043 2905 2140 2959 γον
2166 2889 2356 2951 οὐδένα
2385 2889 2494 2958 ἐχω
2515 2906 2528 2918 °
2573 2889 2688 2942 ἀλλ’
2723 2890 2872 2957 ὅμως
2903 2887 3080 2941 καίτοι
3111 2905 3174 2956 γε
3205 2887 3493 2950 ἀνεύθυνος
3526 2886 3624 2950 ὢν,

2044 2974 2141 3034 καὶ
2188 2973 2286 3042 τῆς
2329 2973 2600 3044 τιμωρίας
2647 2971 3068 3043 ἀπηλλαγμένος
3113 2965 3210 3040 τῆς
3256 2971 3348 3022 ἐπί
3393 2969 3626 3032 τούτοις,

2047 3057 2298 3127 καθάπερ
2333 3056 2634 3120 ὑπεύθυνος
2681 3055 2757 3112 ῶν
2805 3055 3021 3107 κολάσει
3065 3055 3158 3106 καὶ
3196 3055 3458 3124 τιμωρία,
3487 3052 3630 3108 οὕτω

2049 3139 2265 3193 δέδοικα
2297 3141 2392 3194 καὶ
2416 3139 2607 3212 τρέμω
2633 3141 2762 3210 περὶ
2793 3139 2891 3210 τῆς
2921 3139 3193 3209 ὑμετέρας
3227 3141 3522 3210 σωτηρίας.

2121 3281 2327 3353 Μηδεὶς
2365 3282 2542 3352 τοίνυν
2589 3279 2778 3342 ἁπλῶς
2822 3281 2953 3350 μηδέ
2988 3281 3350 3351 ἠμελημένως
3387 3279 3637 3333 ἀκουέτω

2048 3375 2158 3427 τῶν
2207 3374 2379 3442 λόγων
2428 3373 2535 3426 τῶν
2589 3372 3011 3442 πνευματικῶν·
3063 3371 3180 3423 οὐδὲ
3215 3370 3324 3442 γάρ
3370 3369 3493 3439 είκῆ
3539 3372 3634 3422 καὶ

2055 3465 2231 3536 μάτην
2283 3463 2469 3534 μακρά
2516 3461 2778 3531 ποιοῦμαι
2831 3461 2900 3513 τὰ
2953 3460 3256 3530 προοίμια,
3321 3458 3436 3511 ἀλλ’
3489 3457 3633 3510 ὥστε

2054 3555 2465 3624 ἀσφαλεστέραν
2520 3555 2765 3622 γίνεσθαι
2825 3552 2934 3605 τῶν
2989 3551 3482 3620 καταϐαλλομένων
3534 3549 3637 3619 τὴν

2056 3647 2325 3717 φυλακὴν,
2367 3645 2508 3698 ὣστε
2538 3645 2614 3716 μὴ
2647 3645 2822 3714 μάτην
2866 3645 2999 3716 μηδέ
3035 3643 3222 3707 ἁπλῶς
3262 3642 3637 3712 κροτήσαντας

2056 3740 2150 3794 καὶ
2180 3739 2590 3810 θορυϐήσαντας
2616 3738 2795 3790 οἴκαδε
2822 3736 3097 3791 ἀπελθεῖν.
3131 3737 3204 3789 Οὐ
3229 3735 3337 3804 γὰρ
3363 3734 3515 3804 μέλει
3546 3751 3637 3803 μοι

2054 3835 2163 3889 τῶν
2229 3834 2358 3904 παρ’
2435 3832 2590 3902 ὑμῶν
2661 3831 2925 3893 ἐπαίνων,
2979 3828 3118 3881 ἀλλά
3190 3829 3462 3899 φροντίζω
3531 3829 3636 3897 τῆς

2059 3925 2332 3996 ὑμετέρας
2384 3921 2676 3992 σωτηρίας.
2729 3922 2790 3972 Οἱ
2843 3918 2940 3988 μὲν
2988 3916 3097 3987 γὰρ
3145 3917 3237 3968 ἐπὶ
3284 3916 3383 3984 τῆς
3432 3914 3639 3983 σκηνῆς

2060 4017 2455 4088 ἀγωνιζόμενοι
2503 4015 2594 4066 τὸν
2648 4012 2789 4082 ὑπὲρ
2820 4009 3011 4069 τούτου
3065 4007 3254 4080 μισθὸν
3287 4007 3377 4059 τὸν
3420 4005 3640 4057 ἔπαινον

2061 4109 2212 4182 παρὰ
2238 4109 2330 4163 τοῦ
2359 4109 2532 4178 δήμου
2565 4105 2953 4179 λαμϐάνουσιν·
2987 4105 3146 4173 ἡμεῖς
3175 4101 3232 4154 δέ
3261 4101 3360 4153 οὐκ
3397 4100 3488 4151 ἐπὶ
3519 4097 3644 4151 τού-

2062 4222 2174 4267 τοις
2226 4199 2634 4272 ἀπεδυσάμεθα,
2667 4197 2780 4251 ἀλλ’
2809 4197 2901 4250 ἐπὶ
2935 4195 3028 4247 τὸν
3054 4193 3204 4264 παρὰ
3242 4190 3337 4245 τοῦ
3369 4191 3642 4244 Δεσπότου

2069 4295 2258 4368 μισθὸν
2291 4295 2380 4346 τὸν
2409 4294 2503 4346 ἐπὶ
2551 4291 2755 4353 τούτοις
2808 4289 3056 4359 κείμενον
3089 4285 3294 4340 λαϐεῖν.
3346 4283 3444 4336 Διά
3487 4281 3650 4337 τοῦτο

2067 4391 2162 4446 καὶ
2182 4388 2419 4456 συνεχῶς
2444 4386 2573 4454 ὑμῖν
2599 4383 2770 4436 ταῦτα
2803 4376 3312 4451 παρακελευόμεθα,
3344 4374 3484 4426 ὥστε
3511 4373 3645 4444 πρός

2064 4481 2126 4541 τὸ
2161 4480 2323 4549 βάθος
2351 4479 2450 4548 τῆς
2475 4474 2713 4536 διανοίας
2739 4472 2895 4542 ὐμῶνΓ
2926 4468 3230 4537 καταϐῆναι
3260 4465 3330 4518 τὰ
3357 4465 3644 4535 λεγόμενα.

2071 4571 2336 4639 Καθάπερ
2383 4566 2490 4635 γάρ
2535 4564 2642 4618 τῶν
2679 4561 2862 4631 φυτῶν
2888 4561 3094 4629 ὅσαπερ
3126 4558 3192 4610 ἂν
3225 4555 3362 4628 πρὸς
3394 4555 3457 4607 τὸ
3486 4553 3650 4623 βάθος

2077 4657 2424 4728 παραπέμψη
2463 4655 2564 4716 τὰς
2615 4651 2791 4724 ῥίζας,
2825 4650 3052 4704 ἀσειστα
3104 4645 3314 4715 γίνεται
3367 4646 3488 4708 ταῖς
3536 4643 3653 4696 τῶν.

2075 4753 2293 4822 ἀνέμων
2314 4747 2662 4819 προσϐολαῖς
2698 4744 2841 4798 οὕτω
2868 4743 2963 4796 καὶ
2995 4741 3102 4794 τῶν
3121 4739 3411 4810 νοημάτων
3431 4739 3653 4808 ὅσῳπερ

2075 4846 2142 4898 ἂν
2173 4847 2232 4897 ἐν
2261 4843 2339 4913 τῷ
2389 4841 2542 4918 βάθει
2577 4839 2714 4910 μένῃ
2759 4836 2861 4906 τῆς
2905 4833 3164 4898 διανοίας,
3209 4832 3272 4884 οὐ
3317 4829 3514 4918 ῥᾳδίως
3548 4829 3655 4881 ὑπὸ

2072 4935 2170 5005 τῆς
2198 4933 2307 4985 τῶν
2339 4927 2682 5008 πραγμάτων
2707 4926 3020 4979 ἀνασπᾶται
3054 4919 3365 4990 ἐπιϐουλῆς.
3393 4917 3528 4971 Εἰπὲ
3547 4918 3656 4990 γάρ

2080 5045 2190 5097 μοι,
2220 5022 2493 5098 ἀγαπητὴ
2528 5023 2576 5073 εί
2624 5018 2769 5097 λιμῷ
2814 5017 2904 5070 τὸν
2941 5015 3109 5070 παῖδα
3138 5013 3442 5086 τηκόμενον
3493 5009 3660 5077 εἶδες,

2079 5115 2189 5189 ἀρα
2234 5117 2299 5170 ἂν
2325 5115 2554 5185 ἠνέσχου
2585 5109 2871 5183 περιιδεῖν,
2913 5107 3029 5160 ἀλλ’
3064 5108 3186 5176 οὐχὶ
3233 5106 3412 5158 πάντα
3438 5102 3504 5156 ἂν
3554 5105 3656 5156 ύπ·

2081 5211 2324 5282 έμεινας,
2359 5208 2500 5260 ὥστε
2525 5205 2686 5259 λῦσαι
2710 5202 2876 5257 αὐτοῦ
2906 5202 2996 5254 τὸν
3027 5201 3217 5277 λιμόν;
3243 5194 3374 5250 Εἶτα
3388 5194 3531 5266 λιμῷ
3559 5194 3659 5264 μὲν

2079 5309 2245 5378 ἄρτου
2271 5299 2715 5371 διαφθειρόμενον
2734 5297 2834 5349 οὐκ
2859 5295 2925 5349 ἂν
2950 5291 3239 5364 περιεῖδες,
3262 5288 3404 5358 λιμῴ
3433 5284 3661 5378 δὲῄθείας

2080 5376 2429 5457 διδασκαλίας
2463 5389 2835 5460 ἀπολλύμενον
2864 5384 3034 5454 ἀνέχῃ
3063 5381 3324 5450 περιορᾷν
3347 5395 3362 5443 ;
3382 5376 3508 5460 ΛΚαὶ
3542 5376 3662 5438 πῶς

2082 5489 2234 5556 ἄξιος
2267 5487 2332 5540 ἂν
2365 5479 2433 5554 ἧς
2467 5457 2751 5534 καλεῖσθαι
2791 5473 3008 5541 «amp;
3060 5468 3170 5521 Καὶ
3207 5457 3500 5536 γάρούτος
3521 5461 3664 5556 λιο

2087 5553 2186 5658 μδς
2240 5553 2448 5632 ἐκείνου
2497 5567 2896 5642 χαλεπώτερος,
2922 5563 3053 5658 Δὅσῳ
3103 5556 3200 5658 καὶ
3251 5555 3388 5658 πρὸς
3441 5553 3667 5658 μείζονα

2092 5760 2196 5833 χρὴ
2225 5725 2322 5830 την
2363 5752 2618 5821 σπουδήν.
2663 5743 3009 5814 Ἐκτρέφετε
3041 5738 3170 5810 γὰρ,
3203 5737 3358 5809 φησὶ,
3391 5734 3460 5790 τὰ
3491 5734 3668 5790 τέκνα
