4086 6418
408 377 505 437 (01

406 498 578 570 ὑμῶν
598 500 668 553 ἐν
700 496 937 563 παιδείᾳ
972 492 1087 566 [85]
1123 493 1221 545 καί
1248 490 1535 557 νουθεσίᾳ
1557 489 1798 557 Κυρίου.
1835 488 1982 559 Αὕτη

406 583 672 652 καλλίστη
697 579 949 650 πατέρων
978 574 1282 645 ἐπιμέλεια,
1310 570 1446 643 αῦτη
1473 572 1675 640 γνησία
1695 570 1989 643 κηδεμονία

404 666 815 738 γεγεννηκότων
851 678 866 693 ’
938 660 1079 713 οὕτω
1137 656 1245 727 γὰρ
1314 655 1426 724 ἐγὼ
1481 654 1829 723 ὲπιγινώσκω
1890 654 1991 723 τῆς

408 751 629 818 φύσεως
659 748 758 818 τὴν
795 742 1114 811 συγγένειαν
1140 779 1154 800 ,
1207 739 1305 792 έάν
1342 741 1400 791 ὲν
1445 740 1558 801 τοῖς
1599 738 1990 818 πνευματικοῖς

411 816 630 886 πλείονα
658 816 1029 891 ἐπιδείξωνται
1077 822 1175 893 τὴν
1229 821 1487 892 σπουδήν.
1554 817 1717 872 Ἀλλά
1746 819 1854 872 τῶν
1890 816 1990 888 μὲν

415 914 714 985 προοιμίων
746 909 973 981 ἀρκετὸς
1003 910 1032 961 6
1060 907 1245 976 λόγος·
1277 907 1490 975 ἀνάγκη
1519 905 1577 958 δὲ
1604 903 1787 957 λοιπὸν
1816 920 1989 956 κατα-

409 1001 592 1051 ϐαλεῖν
625 996 720 1050 καὶ
760 995 824 1048 τὸ
850 992 1010 1065 χρέος
1030 1007 1044 1021 ·
1086 991 1175 1044 διὰ
1204 991 1312 1061 γὰρ
1343 989 1501 1042 τοῦτο
1528 988 1618 1043 τὸν
1656 987 1867 1060 μακρὸν
1894 988 1992 1040 καὶ

409 1082 576 1134 πολὺν
598 1079 785 1133 τοῦτον
806 1078 933 1147 ὑμῖν
959 1075 1291 1145 ἀπεμήκυνα
1312 1072 1489 1142 λόγον,
1521 1072 1610 1125 ἵνα
1637 1069 1779 1141 μετά
1809 1069 1991 1138 πάσης

410 1162 741 1232 ὑποδέξησθε
784 1161 846 1212 τὸ
883 1156 1358 1227 καταϐαλλόμενον
1393 1154 1660 1224 φυλακῆς.
1705 1152 1772 1206 Τί
1807 1148 1897 1207 οῦν
1929 1151 1991 1204 τὸ

407 1246 653 1316 ὄφλημα,
681 1244 820 1311 ὅπερ
856 1240 1287 1311 ἀνεχωρήσαμεν
1324 1237 1632 1307 ὀφείλοντες
1681 1234 1912 1307 πρώην;
1954 1235 1988 1305 ῆ

408 1330 505 1382 καὶ
544 1327 702 1381 τοῦτο
742 1325 884 1395 τάχα
932 1321 1290 1392 ὲπιλέλησθε;
1342 1318 1551 1373 Οὐκοῦν
1597 1318 1810 1387 ἀνάγκη
1858 1318 1990 1387 παρ’

406 1411 566 1483 ἡμῶν
584 1410 731 1481 ὑμᾶς
746 1422 774 1449 ι
798 1405 1240 1478 ὑπομνησθῆναι,
1268 1404 1363 1457 καὶ
1391 1402 1660 1474 πρότερον
1681 1400 1993 1469 ἀναγνῶναι

406 1497 469 1548 τὸ
518 1494 893 1565 γραμματεῖον
918 1532 933 1556 ,
985 1489 1053 1542 δι’
1099 1484 1163 1542 οῦ
1224 1487 1320 1540 καὶ
1358 1486 1464 1565 τὴν
1507 1485 1780 1556 προτέραν
1824 1500 1993 1536 κατα-

410 1564 570 1649 ϐολὴν
614 1564 1010 1646 ἐποιησάμεθα,
1060 1571 1156 1625 καὶ
1196 1570 1319 1624 τίνα
1349 1564 1418 1639 ἦν
1465 1567 1532 1621 τά
1581 1565 1991 1649 καταϐληθέντα

410 1648 605 1725 εἰπεῖν,
637 1660 724 1713 ἵνα
756 1659 953 1726 ἴδωμεν
983 1657 1047 1709 ὲκ
1078 1653 1188 1707 τῶν
1214 1650 1667 1721 καταϐληθέντων
1698 1648 1769 1702 τά
1795 1648 1994 1701 λειπό-

413 1760 570 1814 μενα.
623 1741 758 1795 Τίνα
804 1736 899 1793 οὖν
942 1740 1059 1791 ἐστι
1108 1736 1180 1790 τά
1222 1734 1635 1806 καταϐληθέντα
1680 1733 1988 1804 πρότερον;

408 1823 578 1880 Εἶπον
603 1827 721 1878 ἐκεῖ
740 1824 826 1887 τίς
846 1819 913 1894 ἦν
936 1822 965 1874 6
989 1823 1049 1875 τὸ
1080 1821 1282 1892 βιϐλίον
1315 1818 1534 1891 γράψας
1568 1817 1678 1872 τῶν
1702 1815 1989 1888 Πράξεων,

411 1910 508 1965 καὶ
553 1909 638 1973 τίς
682 1911 710 1962 6
748 1908 931 1978 πατὴρ
962 1905 1057 1958 τοῦ
1095 1904 1256 1972 λόγου
1286 1903 1501 1957 τούτου·
1543 1901 1742 1974 μᾶλλον
1787 1899 1845 1952 δὲ
1891 1899 1989 1968 οὐχ

409 1998 439 2050 6
465 1994 648 2063 πατὴρ
685 1991 780 2046 τοῦ
809 1990 992 2059 λόγου,
1022 1988 1137 2042 ἀλλ’
1166 1991 1195 2042 6
1235 1988 1481 2051 διάκονος
1506 2004 1520 2017 ·
1583 1986 1644 2039 ού
1689 1984 1799 2056 γάρ
1827 1983 1991 2046 αὐτὸς

411 2080 568 2133 ἔτεκε
595 2077 663 2131 τά
694 2075 977 2147 εἰρημένα,
1014 2072 1127 2127 ἀλλ’
1166 2072 1328 2136 αὐτὸς
1365 2071 1652 2142 διηκόνησε
1689 2072 1800 2132 τοῖς
1840 2067 1993 2138 είρη-

415 2161 617 2232 μένοις.

481 2242 647 2299 Εἶπον
680 2241 808 2312 περὶ
839 2239 949 2293 τῶν
978 2238 1239 2312 Πράξεων
1278 2237 1479 2303 αὐτῶν,
1515 2236 1609 2291 καί
1651 2236 1706 2290 τί
1750 2232 1869 2288 ποτ’
1901 2227 1995 2287 οῦν

414 2328 662 2399 βούλεται
691 2324 1027 2392 ἐνδείξασθαι
1059 2323 1118 2377 τὸ
1145 2322 1256 2375 τῶν
1297 2320 1557 2399 Πράξεων
1593 2319 1795 2391 δνομα·
1841 2312 1995 2370 ε’ίπον

412 2412 510 2466 καὶ
548 2429 615 2463 πε
626 2409 678 2480 ρὶ
706 2408 811 2478 τῆς
844 2406 953 2460 τῶν
978 2404 1291 2460 ἀποστόλων
1321 2398 1712 2474 προσηγορίας.
1755 2401 1991 2468 Ἀνάγκη

412 2494 598 2548 λοιπὸν
629 2493 821 2556 εἰπεῖν,
861 2490 1006 2553 τίνος
1049 2488 1235 2541 ἕνεκεν
1275 2488 1325 2540 οἱ
1366 2486 1608 2557 Πατέρες
1646 2482 1804 2555 ήμῶν
1837 2485 1895 2537 ὲν
1928 2484 1994 2553 τῇ

412 2579 762 2647 Πεντηκοστῇ
791 2574 854 2627 τὸ
880 2573 1081 2644 βιϐλίον
1105 2572 1215 2626 τῶν
1234 2570 1493 2642 Πράξεων
1523 2565 1993 2636 ἀναγινώσκεσθαι

412 2659 830 2730 ἐνομοθέτησαν.
858 2656 1013 2727 Τάχα
1035 2655 1145 2728 γάρ
1173 2653 1455 2726 μέμνησθε
1474 2654 1556 2706 ὅτι
1582 2653 1676 2704 καὶ
1695 2649 1854 2703 τοῦτο
1873 2649 1995 2702 τότε

414 2742 767 2813 ὑπεσχόμεθα
810 2741 973 2811 ἐρεῖν.
1029 2740 1103 2792 υύ
1141 2739 1253 2809 γὰρ
1303 2735 1491 2800 ἁπλῶς
1538 2734 1661 2787 οὐδὲ
1705 2732 1830 2802 είκῆ
1868 2732 1996 2813 τοῦς

413 2811 640 2898 καιροὺς
671 2825 801 2895 ἡμῖν
828 2821 1050 2885 τούτους
1075 2820 1464 2892 παρετήρησαν
1492 2817 1542 2869 οἱ
1576 2814 1840 2898 Πατέρες,
1862 2811 1998 2898 ἀλλά

417 2893 556 2975 μετά
584 2893 731 2969 τινος
771 2904 929 2973 λόγου
961 2901 1126 2972 σοφοῦ
1172 2903 1502 2968 πεποιήκασι
1537 2897 1724 2950 τοῦτο’
1775 2894 1874 2963 οὐχ
1912 2893 1998 2945 ἵνα

415 2988 522 3042 ὑπὸ
544 2988 787 3057 ἀνάγκην
805 2984 1014 3057 καιρῶν
1028 2984 1125 3057 τὴν
1148 2983 1331 3037 ὲλευθε
1342 2981 1460 3054 ρίαν
1480 2983 1611 3051 ἡμῖν
1631 2977 1995 3042 ὑποϐάλωσιν,

416 3072 530 3125 ἀλλ’
577 3072 664 3125 ἵνα
706 3074 772 3141 τῇ
811 3069 920 3122 τῶν
969 3066 1376 3136 ἀσθενεστέρων
1434 3065 1681 3135 πτωχείᾳ
1722 3077 2000 3130 συγκατα-

416 3155 631 3217 ϐάντες,
657 3154 751 3206 ἐπὶ
777 3153 868 3206 τὸν
896 3152 1123 3206 πλοῦτον
1152 3150 1251 3221 τῆς
1283 3149 1535 3219 γνώσεως
1562 3148 1762 3211 αὐτοὺς
1790 3143 1999 3212 ἀναγάέ

416 3256 575 3308 γωσι.
619 3238 730 3292 Καὶ
769 3236 968 3291 ὅτιδιά
1009 3235 1166 3290 τοῦτο
1203 3234 1582 3307 παρατηροῦσι
1627 3233 1872 3303 καιροὺς,
1902 3231 2000 3300 οὐχ

418 3322 642 3384 ἑαυτοὺς
668 3323 734 3392 τῇ
762 3320 974 3391 ἀνάγκῃ
994 3319 1096 3389 τῆς
1117 3319 1553 3390 παρατηρήσεως
1579 3315 1995 3380 ὑποϐάλλοντες,

418 3405 555 3459 ἀλλά
585 3407 698 3468 τοῖς
743 3403 1152 3474 ἀσθενεστέροις
1198 3401 1545 3471 συγκατιέναι
1584 3400 1997 3467 σπουδάζοντες,

418 3490 649 3543 ἄκουσον
686 3487 739 3540 τί
772 3503 934 3557 φησιν
968 3488 996 3539 6
1023 3484 1265 3549 Παῦλοςσ
1322 3481 1575 3554 Ἡμέρας
1610 3484 2001 3554 παρατηρεῖτε

419 3574 518 3628 καὶ
535 3571 733 3643 μῆνας
773 3571 873 3625 καὶ
902 3570 1147 3638 καιροὺς
1187 3569 1286 3624 καὶ
1313 3570 1662 3635 ἐνιαυτούς;
1705 3569 2001 3638 Φοϐοῦμαι

413 3654 500 3726 μή
529 3672 654 3721 πως
673 3652 806 3721 εικῆ
835 3652 1166 3707 κεκοπίακα
1189 3655 1277 3716 εὶς
1295 3650 1472 3721 ὑμᾶς.
1513 3651 1586 3704 Σὺ
1620 3652 1677 3704 δὲ
1714 3652 1775 3703 ού
1821 3667 2000 3719 παρα-

419 3740 606 3809 τηρεῖς
639 3737 852 3809 ἡμέρας
880 3736 974 3790 καὶ
1015 3736 1240 3805 καιροὺς
1269 3734 1364 3788 καὶ
1403 3732 1715 3800 ἐνιαυτούς;
1770 3733 1834 3786 Τί
1865 3731 1957 3787 οὖν
1983 3750 1998 3799 ;

420 3822 470 3874 εί
505 3821 701 3891 ἴδωμεν
732 3820 824 3874 τὸν
854 3817 1132 3873 κωλύοντα
1160 3819 1498 3889 παρατηρεῖν
1527 3817 1740 3887 ἡμέρας
1778 3816 1872 3870 καὶ
1899 3817 2003 3887 μῆ-

419 3922 516 3968 νας
541 3905 636 3959 καὶ
666 3905 890 3974 καιροὺς
922 3903 1016 3955 καὶ
1051 3901 1329 3964 ἐνιαυτοὺς
1359 3900 1780 3970 παρατηροῦντα
1807 3899 2000 3964 ταῦτα,

419 3988 473 4042 τί
499 3989 731 4058 ἐροῦμεν
755 4026 771 4050 ,
822 3987 945 4040 εἰπέ
995 4002 1119 4056 μοις
1169 3986 1251 4038 ὅτι
1283 3984 1512 4055 μάχεται
1547 3982 1745 4053 ἐαυτῷ,
1786 3982 1880 4035 καὶ
1911 4001 2001 4051 φι-

420 4071 683 4135 λονεικεῖ;
719 4069 810 4139 Μὴ
835 4069 1077 4136 γένοιτοῑ
1115 4066 1229 4120 ἀλλ’
1275 4067 1357 4120 δτι
1398 4066 1506 4119 τῶν
1540 4065 2002 4137 παρατηρούντων

419 4154 546 4215 τοὺς
577 4152 800 4223 καιροὺς
827 4152 923 4222 τὴν
957 4150 1236 4203 ἀσθένειαν
1266 4150 1471 4203 ἀνελεῖν
1511 4149 1832 4219 βουλόμενος
1872 4166 2003 4218 συγ-

423 4236 741 4289 καταϐαίνει
788 4235 875 4288 διὰ
921 4234 1019 4304 τῆς
1076 4234 1511 4305 παρατηρήσεως
1555 4233 1690 4305 πρὸς
1738 4234 1999 4298 ἐκείνους.

423 4316 578 4371 Οὕτω
606 4317 698 4371 καὶ
737 4316 910 4388 ἰατροὶ
945 4315 1176 4381 ποιοῦσι,
1210 4316 1319 4368 τῶν
1358 4315 1544 4367 σιτίων
1572 4314 1679 4367 τῶν
1713 4314 2003 4384 διδομένων

421 4405 531 4464 τοῖς
560 4401 804 4456 νοσοῦσιν
833 4400 1193 4469 ἀπογεύονται
1224 4398 1510 4470 πρότερον,
1557 4398 1657 4451 οὐκ
1697 4398 1851 4452 αὐτοὶ
1891 4398 2005 4452 δεό-

425 4502 574 4559 μενοι
647 4484 755 4539 τῶν
813 4485 998 4538 σιτίων
1023 4525 1038 4550 ,
1093 4481 1231 4537 ἀλλά
1289 4482 1388 4553 τὴν
1444 4482 1668 4535 ἐκείνων
1720 4481 2002 4535 ἀσθένειαν

422 4567 709 4637 διορθῶσαι
733 4567 1143 4630 σπουδάζοντες.
1166 4565 1321 4620 υῦτω
1343 4566 1437 4619 καὶ
1456 4568 1483 4618 6
1504 4565 1711 4629 Παῦλος
1726 4566 2000 4637 εποίησενο

423 4649 573 4702 οὐδὲν
600 4649 852 4718 δεόμενος
880 4651 979 4719 τῆς
1009 4651 1444 4720 παρατηρήσεως
1480 4648 1588 4703 τῶν
1621 4649 1849 4721 καιρῶν,
1877 4648 2003 4712 τοὺς

425 4733 650 4803 καιροὺς
670 4733 955 4804 ἐτήρησεν,
980 4732 1068 4786 ἵνα
1092 4735 1221 4796 τοὺς
1243 4732 1699 4805 παρατηροῦντας
1719 4732 2003 4804 ἀπαλλάξῃ

422 4815 522 4883 τῆς
548 4812 830 4877 ἀσθενείας
872 4815 972 4884 τῆς
1000 4817 1140 4869 κατὰ
1177 4815 1271 4886 τὴν
1304 4817 1703 4887 παρατήρησιν.
1754 4816 1866 4871 Καὶ
1897 4813 2000 4868 ποῦ

425 4898 781 4968 παρετήρησε
833 4900 1058 4969 καιροὺς
1107 4899 1136 4951 6
1194 4898 1445 4964 Παῦλος;
1512 4900 1809 4970 Προσέχετε
1863 4897 2004 4970 μετὰ

423 4979 728 5050 ἀκριϐείας,
761 4981 1081 5048 παρακαλῶ.
1132 4981 1213 5049 Τῇ
1240 4981 1305 5034 δὲ
1326 4982 1604 5050 ἐπιούσῃ.
1644 4984 1796 5053 φησὶ,
1864 4999 2005 5036 κατ-

421 5063 806 5131 επλεύσαμεν
834 5065 918 5128 εὶς
937 5063 1223 5130 Μίλητον.
1256 5065 1526 5132 Κεκρίκει
1564 5065 1673 5135 γὰρ
1703 5068 1735 5119 ό
1764 5065 2005 5132 Παῦλος

424 5145 848 5215 παραπλεῦσαι
913 5146 1030 5213 τὴν
1079 5149 1359 5216 Ἔφεσον,
1415 5148 1575 5216 ὅπως
1621 5149 1708 5219 μὴ
1760 5148 2006 5219 γένηται

420 5227 582 5295 αὐτῷ
609 5228 1067 5300 χρονοτριϐῆσαι
1094 5230 1165 5285 ἐν
1204 5230 1279 5299 τῇ
1312 5232 1494 5300 Ἀσίᾳ.
1542 5234 1841 5287 Ἕσπευδε
1871 5233 2001 5304 γὰρ,

421 5316 473 5366 εί
511 5312 773 5367 δυνατὸν
812 5309 893 5383 ἦν
924 5310 1101 5378 αὐτῷ,
1139 5313 1255 5380 τὴν
1288 5314 1520 5384 ἡμέραν
1547 5316 1659 5383 τῆς
1699 5318 2003 5384 Πέντηκο-

421 5397 577 5467 στῆς
592 5396 875 5468 ,γενέσθαι
895 5400 981 5464 εις
1015 5398 1415 5471 Ἱεροσόλυμα.
1441 5398 1594 5464 Εἶδες
1620 5401 1737 5464 πῶς
1758 5404 1786 5455 6
1809 5401 2003 5469 λέγων,

432 5479 674 5550 Ἡμέρας
696 5479 784 5549 μὴ
810 5483 1244 5551 παρατηρεῖσθε
1264 5484 1362 5538 καὶ
1388 5483 1587 5552 μῆνας
1608 5484 1707 5538 καὶ
1738 5484 2003 5552 καιροὺς,

418 5563 520 5633 τὴν
550 5563 762 5634 ἡμέραν
789 5566 892 5635 τῆς
921 5567 1302 5638 Πεντηκοστῆς
1336 5570 1675 5639 παρετὴρεω

1102 385 1161 441 S.
1204 384 1488 441 JOANNIS
1526 371 2012 439 CIIRYSOSTOMI
2055 370 2377 430 ARCHIEP.
2417 370 2967 432 CONSTANTINOP.

3565 363 3675 422 102

2168 488 2285 562 [86]
2322 486 2385 541 δ’.
2408 487 2520 542 Καὶ
2543 487 2603 540 οὐ
2634 486 2794 557 μόνον
2819 485 3034 556 ἡμέραν
3066 479 3388 554 παρετήρει,
3416 481 3551 536 ἀλλα
3576 481 3670 539 καὶ

2093 580 2256 632 τόπον
2282 593 2297 610 ο
2348 576 2409 629 ού
2437 575 2547 647 γάρ
2583 576 2743 646 μόνον
2769 574 2867 646 τὴν
2897 573 3111 644 ἡμέραν
3157 573 3258 642 τῆς
3290 571 3676 643 Πεντήκοστῆς

2094 667 2321 722 ἔσπευδε
2369 666 2616 736 ποιῆσαι,
2661 665 2797 720 ἀλλά
2842 664 2938 719 καὶ
2976 665 3034 716 ὲν
3074 662 3471 734 Ἰεροσολύμοις
3503 660 3676 731 αὐτὴν

2093 758 2424 814 ἐπιτελέσαι.
2471 757 2537 810 Τί
2566 756 2725 811 τοῦτο
2762 757 2956 821 ποιεῖς,
2985 749 3032 808 ὦ
3063 755 3304 826 μακάριε
3331 752 3547 818 Παῦλε;
3593 751 3674 807 Τὰ

2106 847 2455 919 Ἰεροσόλυμα
2483 846 2776 918 κατελύθη,
2795 844 3066 917 ἠρημώθη
3095 845 3166 899 τά
3180 846 3350 914 Ἀγια
3375 843 3484 897 τῶν
3504 843 3675 913 ἁγίων

2096 938 2161 1006 τῇ
2188 935 2281 989 τοῦ
2308 934 2442 989 Θεοῦ
2465 936 2648 1006 ψήφῳ,
2678 937 2712 1006 ἡ
2739 934 2982 988 πολιτεία
3022 936 3055 1004 ὴ
3083 935 3327 1006 προτέρα
3355 933 3546 1004 ἐλύθη.
3599 933 3675 986 Σὺ

2096 1027 2231 1098 πρὸς
2258 1026 2503 1090 Γαλάτας
2532 1025 2660 1096 βοᾷς
2686 1026 2860 1096 λέγων
2876 1043 2889 1058 ·
2925 1029 2990 1080 Ol
3018 1026 3089 1079 ἐν
3114 1026 3276 1095 νόμῳ
3300 1022 3679 1080 δικαιοῦσθαι

2092 1116 2581 1185 προσδοκῶντες,
2625 1114 2737 1185 τῆς
2782 1115 3022 1185 χάριτος
3067 1115 3398 1181 ἐξεπέσατε
3416 1131 3430 1143 ·
3488 1114 3585 1168 καὶ
3622 1112 3678 1167 τί

2093 1209 2253 1265 πάλιν
2283 1210 2431 1281 ἡμᾶς
2460 1211 2597 1282 πρὸς
2623 1209 2722 1280 τὴν
2745 1208 2989 1262 δουλείαν
3013 1209 3171 1278 ἄγεις
3202 1207 3298 1262 τοῦ
3320 1207 3519 1277 νόμους
3562 1204 3679 1259 Οὐκ

2093 1301 2431 1373 ἔστιθμικρὸν
2464 1301 2524 1355 τὸ
2552 1299 2889 1371 κινούμενον,
2927 1298 3121 1371 μαθεῖν
3154 1302 3204 1352 εἰ
3237 1299 3471 1369 μάχεται
3500 1295 3677 1366 ἑαυτῷ

2090 1393 2121 1444 6
2147 1389 2547 1455 Παῦλοςωοὐῆ
2571 1389 2680 1461 γάρ
2704 1388 2920 1461 ἡμέρας
2948 1388 3108 1459 μόνον
3140 1387 3449 1459 παρατηρεῖ
3472 1388 3500 1440 6
3528 1383 3677 1438 Παῦ-

2090 1484 2201 1550 λος,
2235 1481 2370 1537 ἀλλὰ
2401 1484 2496 1537 καὶ
2522 1482 2657 1537 ἄλλα
2690 1480 2950 1551 φυλάττει
2974 1480 3179 1552 νομικά
3220 1477 3675 1551 παραγγέλματα,

2092 1572 2189 1625 κα)⁵
2236 1570 2335 1641 βοᾷ
2380 1570 2555 1639 λέγων
2585 1570 2698 1634 τοῖς
2733 1569 3033 1632 Γαλάταις·
3093 1567 3238 1625 Ἰδοὺ
3281 1566 3399 1637 ἐγὼ
3435 1564 3679 1630 Παῦλος

2091 1657 2247 1728 λέγω
2272 1657 2434 1728 ὑμῖν,
2466 1657 2555 1711 ὅτι
2587 1658 2697 1712 ἐὰν
2731 1656 3187 1727 περιτέμνησθε,
3227 1653 3483 1723 Χριστὸς
3522 1650 3680 1723 ὑμᾶς

2093 1744 2276 1800 οὐδὲν
2304 1743 2627 1814 ὠφελήσει.

2165 1840 2334 1909 Οὗτος
2360 1845 2541 1897 τοίνυν
2572 1846 2600 1897 6
2623 1842 2855 1907 Παῦλος,
2890 1844 2920 1896 6
2947 1841 3122 1911 λέγων
3147 1843 3229 1896 ὅτι
3281 1841 3417 1895 Ἐὰν
3454 1837 3681 1909 περιτει-

2089 1940 2346 2005 μνησθε,
2386 1934 2640 2002 Χριστὸς
2674 1932 2830 2004 ὑμᾶς
2864 1932 3047 1987 οὐδὲν
3074 1931 3396 2001 ὠφελήσει,
3431 1930 3680 1999 φαίνεται

2094 2025 2256 2088 αὐτὸς
2284 2026 2623 2095 περιτέμνων
2649 2025 2738 2078 τὸν
2769 2025 3053 2096 Τιμόθεον.
3083 2021 3275 2094 Εὐρὼν
3307 2020 3436 2093 γὰρ,
3486 2021 3677 2090 φησὶν,

2094 2118 2123 2169 6
2152 2116 2365 2181 Παῦλος
2414 2118 2473 2169 ἐν
2516 2116 2784 2187 Λύστροις
2814 2114 2937 2169 τινὰ
2972 2114 3213 2179 νεανίαν,
3262 2112 3377 2167 υἱὸν
3414 2111 3681 2175 Ἰουδαίας

2094 2206 2352 2276 γυναικὸς
2401 2205 2621 2275 πιστῆς,
2669 2204 2877 2276 πατρὸς
2924 2204 2982 2257 δὲ
3020 2203 3305 2274 Ἕλληνος,
3356 2201 3683 2272 περιέτεμεν

2094 2297 2255 2351 αὐτόν
2275 2312 2288 2329 ·
2339 2296 2440 2349 οὐκ
2485 2293 2734 2348 ἐϐούλετο
2757 2293 2866 2365 γάρ
2893 2292 3229 2365 ἀκρόϐυστον
3262 2291 3502 2363 πέμπειν
3530 2289 3680 2344 διδά-

2096 2386 2314 2442 σκαλον.
2345 2386 2411 2440 Τί
2436 2385 2593 2439 τοῦτο
2620 2387 2817 2452 ποιεῖς,
2840 2378 2886 2438 ὢ
2916 2384 3158 2457 μακάριε
3187 2383 3399 2449 Παῦλε;
3436 2383 3682 2453 ἀναιρεῖς

2095 2477 2334 2549 τῷλόγῳ
2362 2478 2463 2548 τὴν
2490 2476 2812 2549 περιτομὴν,
2837 2476 2930 2530 καὶ
2949 2475 3186 2546 βεϐαιοῖς
3212 2474 3291 2546 τῷ
3312 2474 3459 2547 ἔργῳ
3481 2473 3678 2535 πάλινς

2106 2571 2182 2623 Ού
2213 2568 2437 2639 βεϐαιῶ,
2471 2568 2655 2637 φησὶν,
2689 2568 2804 2621 ἀλλ’
2837 2565 3044 2638 ἀναιρῶ
3068 2566 3158 2620 διά
3196 2566 3305 2619 τῶν
3334 2565 3530 2636 ἔργων.
3569 2563 3686 2616 Καὶ

2096 2661 2207 2731 γὰρ
2233 2658 2348 2722 υίὸς
2381 2659 2641 2727 γυναικὸς
2679 2655 2749 2730 ἦν
2789 2657 3049 2721 Ἰουδαίας
3081 2655 3279 2727 πιστῆς
3313 2655 3340 2708 6
3389 2652 3677 2725 Τιμόθεος,

2097 2752 2306 2826 πατρὸς
2350 2750 2409 2805 δὲ
2450 2750 2733 2820 Ἕλληνος,
2769 2748 3110 2819 ἀκροϐύστου
3139 2747 3199 2801 δὲ
3253 2745 3467 2815 γένους.
3526 2742 3684 2797 Ἐπεὶ

2097 2840 2190 2897 οῦν
2223 2842 2444 2914 ἔμελλεν
2489 2842 2652 2896 αὐτὸν
2680 2843 2708 2895 6
2742 2840 2956 2905 Παῦλος
2998 2839 3352 2912 προπέμπειν
3392 2837 3506 2899 τοῖς
3529 2835 3681 2889 Ἰου-

2097 2927 2267 2988 δαίοις
2336 2924 2655 2979 διδάσκαλον
2682 2967 2697 2991 ,
2755 2924 2856 2978 οὐκ
2919 2922 3171 2976 ἐϐούλετο
3235 2921 3293 2975 δὲ
3344 2917 3680 2991 ἀκρόϐυστον

2097 3009 2311 3079 πέμψαι
2338 3048 2351 3073 ,
2408 3008 2494 3061 ἵνα
2526 3008 2602 3078 μὴ
2651 3008 2848 3071 εὐθέως
2885 3006 2993 3061 ἀπὸ
3040 3006 3150 3059 τῶν
3197 3003 3499 3074 προοιμίων
3544 3002 3680 3055 ἀπο-

2099 3092 2291 3163 κλείσῃ
2328 3090 2430 3166 τάς
2462 3090 2631 3161 θύρας
2661 3089 2741 3160 τῷ
2779 3090 2945 3160 λόγῳ.
2997 3085 3373 3160 Προοδοποιῶν
3407 3084 3585 3137 τοίνυν
3612 3083 3678 3152 τῇ

2100 3177 2376 3248 ἀναιρέσει
2401 3177 2499 3247 τῆς
2526 3175 2831 3246 περιτομῆς
2850 3214 2865 3237 ,
2911 3174 3008 3228 καὶ
3031 3172 3263 3241 ἀνοίγων
3298 3169 3415 3225 ὁδὸν
3443 3170 3510 3239 τῇ
3539 3167 3687 3220 διδα-

2101 3259 2298 3330 σκαλίᾳ
2343 3258 2439 3311 τοῦ
2482 3257 2774 3328 Τιμοθέου,
2819 3256 3149 3327 περιέθηκεν
3184 3252 3334 3325 αὑτῷ
3363 3248 3686 3322 περιτομὴν,

2101 3343 2189 3396 ἵνα
2223 3342 2389 3415 ἀνέλῃ
2441 3342 2764 3412 περιτομήν.
2814 3338 2913 3392 Διά
2941 3337 3099 3392 τοῦτό
3127 3353 3317 3408 φησιν,
3356 3334 3687 3404 Ἐγενόμην

2099 3434 2224 3500 τοῖς
2263 3432 2580 3498 Ἰουδαίοις
2622 3432 2704 3498 ὠς
2737 3429 3030 3495 Ἰουδαῖος
3061 3444 3077 3460 ⁶
3135 3429 3234 3498 οὐχ
3283 3427 3374 3480 ῖνα
3429 3425 3689 3487 Ἰουδαῖος

2099 3516 2342 3586 γένηται,
2380 3514 2540 3569 τοῦτο
2572 3516 2793 3585 εἴρηκεν
2823 3515 2853 3567 6
2890 3513 3123 3577 Παῦλος,
3165 3511 3281 3566 ἀλλ’
3309 3512 3395 3564 ἵνα
3429 3510 3554 3572 τοὺς
3584 3506 3684 3578 μέ-

2100 3617 2290 3663 νοντας
2329 3599 2615 3663 Ἰουδαίους
2642 3598 2805 3672 πείσῃ
2838 3598 3034 3669 μηκέτι
3059 3592 3199 3650 εἲναι
3236 3595 3544 3656 Ἰουδαίουςο
3596 3592 3687 3644 διὰ

2098 3682 2256 3736 τοῦτο
2286 3683 2380 3736 καὶ
2425 3681 2616 3735 τοῦτον
2667 3682 3014 3755 περιέτεμεν,
3064 3682 3152 3735 ἵνα
3191 3680 3357 3753 ἀνέλῃ
3390 3678 3491 3748 τὴν
3530 3692 3689 3745 περι-

2100 3766 2295 3837 τομήν.
2344 3764 2424 3837 Τῇ
2472 3767 2742 3836 περιτομῇ
2788 3764 2971 3818 τοίνυν
3022 3762 3163 3818 κατά
3220 3762 3324 3832 τῆς
3382 3757 3688 3830 περιτομῆς

2102 3849 2391 3920 ἐχρήσατο.
2429 3845 2628 3902 ’Ἑλαϐε
2648 3846 2758 3918 γάρ
2786 3845 3088 3920 περιτομὴν
3108 3845 3202 3899 καὶ
3224 3847 3254 3899 6
3285 3842 3571 3915 Τιμόθεος,
3596 3841 3688 3893 ῖνα

2101 3931 2303 4003 δυνηθῇ
2355 3929 2761 4001 παραδεχθῆναι
2794 3929 2903 3982 ὑπὸ
2938 3927 3049 3981 τῶν
3104 3927 3396 3990 Ἰουδαίων,
3438 3924 3537 3979 καὶ
3574 3925 3692 3975 είσ-

2103 4015 2272 4069 ελθὼν
2333 4016 2477 4069 κατά
2544 4013 2740 4085 μικρὸν
2787 4011 3048 4084 ὲξελκύσῃ
3091 4010 3295 4080 ταύτης
3344 4008 3542 4070 αὐτοὺς
3585 4004 3693 4075 τῆς

2105 4099 2559 4170 παρατηρήσεως.
2596 4093 2751 4159 Εἶδες
2788 4094 2931 4159 τίνος
2961 4095 3146 4148 ἕνεκεν
3181 4094 3275 4148 καὶ
3311 4087 3693 4162 Πεντήκοστὴν

2104 4183 2200 4237 καὶ
2246 4178 2549 4251 περιτομὴν
2600 4178 2864 4250 ἐτήρησεν
2906 4179 2936 4232 6
2974 4177 3220 4241 Παῦλοςς
3276 4172 3540 4228 Βούλεσθε
3593 4172 3692 4228 καὶ

2103 4265 2239 4320 ἄλλα
2268 4265 2396 4335 ὑμῖν
2424 4261 2691 4327 ἀποδείξω
2729 4260 2934 4331 νόμιμα
2978 4260 3248 4332 τηροῦντα
3274 4258 3470 4323 αὐτόνς
3504 4257 3692 4327 Προσο

2103 4348 2255 4421 ἐχετε
2297 4346 2559 4420 ἀκριϐῶς.
2614 4344 2837 4415 Ἀνῆλθέ
2882 4361 3012 4398 ποτε
3046 4347 3127 4407 είς
3166 4342 3551 4414 Ἰεροσόλυμα,
3595 4338 3693 4392 καὶ.

2107 4434 2305 4496 ἰδόντες
2347 4430 2510 4484 αὐτὸν
2539 4430 2590 4482 οἱ
2619 4428 2907 4482 ἀπόστολοι
2947 4428 3133 4494 ελεγον
3177 4424 3363 4495 αὐτῷ(
3403 4421 3652 4490 Θεωρεῖς
3674 4462 3689 4485 ,

2102 4514 2330 4584 ἀδελφέ
2358 4512 2594 4574 Παῦλε.
2640 4514 2827 4566 πόσαι
2862 4509 3155 4581 μυριάδες
3178 4507 3345 4563 εἰσὶν
3393 4504 3695 4560 Ἰουδαίων

2102 4596 2224 4651 τῶν
2272 4596 2782 4663 συνεληλυθότων
2804 4631 2821 4657 ,
2883 4593 2982 4646 καὶ
3031 4588 3198 4649 οὗτοι
3255 4588 3479 4653 πάντες
3546 4602 3693 4640 κατ-

2102 4680 2363 4750 ήχηνται
2394 4679 2528 4747 περὶ
2552 4677 2692 4740 σοῦ,
2708 4678 2799 4731 ὅτι
2826 4677 3212 4731 ἀποστασίαν
3228 4671 3345 4728 ἀπὸ
3370 4671 3477 4726 τοῦ
3501 4670 3695 4738 νόμον

2104 4763 2431 4828 διδάσκεις.
2476 4761 2543 4815 Τί
2571 4756 2722 4824 οὗν;
2757 4760 3028 4825 Ποίησον
3056 4757 3090 4812 ὅ
3117 4773 3218 4812 σοι
3238 4755 3516 4824 λέγομεν.
3549 4753 3692 4806 Είσι

2104 4848 2240 4915 παρ’
2262 4845 2407 4914 ἡμῖν
2436 4844 2653 4911 ἇνδρες
2670 4842 2864 4912 εὐχὴν
2883 4842 3130 4912 ἔχοντες
3155 4839 3227 4893 ἐν
3244 4836 3482 4902 ἑαυτοῖς
3496 4851 3512 4867 ·
3555 4834 3694 4888 τού-

2080 4933 2246 4996 “τους
2270 4926 2474 4983 λαϐὼν
2511 4926 2827 4996 ἁγνίσθητι
2857 4924 2980 4978 σὺν
3015 4922 3242 4989 αὐτοῖς,
3282 4921 3380 4974 καὶ
3432 4919 3693 4987 ξύρησαι

2105 5015 2219 5083 τὴν
2254 5011 2530 5082 κεφαλὴν
2556 5013 2686 5079 μετ’
2709 5009 2927 5074 αὐτῶν,
2964 5010 3066 5063 ἵνα
3099 5008 3251 5076 ἔργῳ
3283 5000 3689 5061 πιστωθῶσιν,

2106 5098 2195 5151 ὅτι
2231 5090 2320 5149 ὧν
2355 5092 2725 5161 κατήχηνται
2759 5092 2894 5160 περὶ
2935 5091 3053 5146 σοῦ
3083 5089 3265 5144 οὐδέν
3299 5088 3491 5150 ἐστιν,
3531 5083 3693 5139 ἀλλὰ

2106 5177 2303 5248 τηρεῒς
2329 5175 2427 5229 καὶ
2452 5174 2638 5240 αὐτὸς
2670 5174 2779 5229 τὸν
2800 5177 2991 5244 νόμον
3017 5172 3124 5227 τοῦ
3152 5170 3469 5235 Μωϊισέως.
3506 5166 3690 5221 Εἶδετε

2108 5261 2513 5332 συγκατάϐασιν
2542 5258 2888 5328 θαυμασίαν;
2933 5257 3174 5326 Καιροὺς
3218 5254 3566 5326 παρατηρεῖ,
3601 5250 3691 5303 ἴνα

2105 5346 2266 5416 ἀνέλῃ
2297 5343 2503 5414 καιρῶν
2526 5342 2910 5411 παρατήρησιν
2930 5357 2945 5373 ο
2994 5338 3290 5412 περιτομὴν
3320 5333 3686 5416 περιτίθησιν.

2106 5430 2193 5483 ἵνα
2222 5415 2406 5499 παύσῃ
2435 5424 2735 5495 περιτομήν
2757 5439 2770 5454 ’
2820 5422 3010 5476 θυσίαν
3040 5421 3328 5493 προσάγει,
3368 5419 3456 5471 ἵνα
3486 5415 3687 5499 καθέλῃ

2104 5512 2202 5581 τὴν
2249 5497 2629 5579 παρατήρησιν
2681 5506 2790 5561 τῶν
2831 5506 3056 5561 θυσιῶν.
3121 5507 3231 5560 Καὶ
3279 5504 3363 5556 δτι
3401 5500 3494 5559 διὰ
3531 5497 3698 5558 τοῦτο.

2104 5596 2276 5649 ταῦτα
2306 5591 2499 5657 ἐποίει,
2530 5591 2761 5645 ἄκουσον
2792 5589 2956 5644 αὐτοῦ
2983 5588 3254 5653 λέγοντος·
3289 5583 3406 5657 [87]
3461 5581 3686 5653 Ἑτενόρ

2100 5699 2227 5751 μην
2257 5678 2382 5742 τοῖς
2417 5675 2538 5731 ὑπὸ
2598 5677 2814 5744 νόμον,
2872 5676 2952 5738 ὡς
2990 5676 3106 5727 ὑπο
3145 5672 3352 5740 νόμον,
3401 5671 3498 5722 ἵνα
3549 5664 3687 5730 τοὺς

2110 5769 2222 5823 ὑπὸ
2254 5767 2439 5833 νόμον
2462 5759 2750 5828 κερδήσω,
2771 5759 2867 5815 καί
2892 5759 3202 5825 ἐλεύθερος
3220 5752 3304 5808 ὢν
3322 5753 3392 5808 ἐκ
3420 5751 3686 5821 πάντων,
