4086 6408
404 361 497 420 101

405 479 620 551 sciplina
648 482 695 531 et
720 470 1037 542 correptione
1065 467 1271 522 Domini
1309 463 1522 534 (Ephes.
1553 462 1607 519 6.
1634 461 1713 532 4).
1758 459 1884 516 llaec
1915 467 1997 513 est

405 582 611 643 patrum
652 580 786 623 cura
825 560 1184 634 pulcherrima
1204 600 1218 624 ,
1254 557 1373 613 hac
1414 569 1669 627 germana
1714 559 1993 623 parentum

403 662 708 724 sollicitudo
742 658 911 715 :hinc
949 669 1050 727 ego
1078 660 1283 708 natura:
1324 647 1698 719 cognationem
1741 656 1996 713 agnosco,

404 760 450 814 si
473 759 592 829 plus
613 756 666 809 in
693 749 993 823 spiritualia
1017 745 1178 803 studii
1203 741 1501 800 conferant.
1529 737 1634 796 Sed
1661 737 1793 829 satis
1821 734 1999 829 indul-

407 828 517 905 tum
557 847 629 903 sit
656 841 967 915 prooemiis;
1004 839 1114 909 jam
1146 848 1368 891 necesse
1393 840 1477 888 est
1514 830 1582 887 ad
1605 828 1993 885 exsolutioaem

405 939 570 997 debiti
594 935 875 993 veniamus
906 950 920 987 :
962 931 1064 986 hac
1093 929 1236 984 enim
1268 925 1335 980 de
1358 936 1520 979 causa
1549 921 1816 992 prolixum
1853 917 1996 973 hunc

401 1043 456 1089 et
491 1030 768 1101 copiosum
809 1025 1075 1083 texuimus
1119 1020 1273 1077 vobis
1321 1029 1658 1081 sermonem,
1687 1021 1745 1068 ut
1782 1027 1844 1069 ea
1874 1025 1994 1082 qua:

402 1131 753 1182 numerantur
777 1134 898 1175 cum
936 1129 1145 1172 summa
1181 1112 1428 1168 cautione
1464 1105 1786 1178 suscipiatis.
1816 1102 1997 1171 Quod-

403 1232 526 1273 nam
551 1229 684 1284 ergo
710 1212 947 1267 debitum
977 1207 1097 1274 fuit,
1121 1220 1226 1275 quo
1249 1208 1525 1259 contracto
1548 1213 1719 1267 nuper
1737 1193 1993 1251 discessi-

403 1307 558 1369 mus?
584 1323 653 1360 an
680 1316 812 1359 vero
852 1300 996 1356 illius
1025 1297 1205 1352 forsan
1239 1292 1389 1349 obliti
1433 1290 1600 1347 estis?
1627 1289 1809 1358 Itaque
1843 1284 1995 1341 vobis

402 1401 457 1459 in
486 1394 803 1453 memoriam
833 1405 866 1445 a
891 1389 1049 1445 nobis
1076 1399 1299 1442 necesse
1334 1391 1421 1441 est
1447 1378 1715 1444 revocari,
1739 1377 1995 1447 priusque

401 1489 757 1566 syngrapham
783 1485 909 1556 legi,
949 1482 1103 1552 cujus
1137 1492 1301 1550 opera
1330 1476 1479 1547 prior
1511 1472 1837 1566 solutio-est
1864 1484 1993 1566 per-

398 1561 539 1649 acta,
567 1590 622 1637 et
639 1591 882 1650 quaenam
906 1572 1104 1630 fuerint
1122 1586 1156 1627 a
1179 1568 1334 1625 nobis
1363 1572 1642 1622 numerata
1662 1604 1681 1630 ,
1706 1561 1991 1618 dicendum

400 1686 505 1741 est,
536 1683 594 1728 ut
636 1688 701 1729 ex
734 1670 800 1725 iis
826 1683 946 1738 qua:
992 1671 1270 1719 numerata
1307 1667 1464 1724 sunt,
1492 1672 1613 1728 quae
1655 1655 1763 1713 sint
1788 1654 1990 1724 reliqua

398 1770 693 1826 videamus.
744 1764 999 1831 Quaenam
1052 1757 1215 1828 igitur
1262 1753 1411 1825 prius
1447 1766 1479 1805 a
1519 1749 1676 1805 nobis
1713 1757 1990 1803 numerata

398 1861 557 1916 sunt?
586 1855 702 1911 Dixi
749 1864 861 1908 tum
898 1847 1153 1919 temporis
1194 1860 1226 1900 a
1268 1858 1374 1914 quo
1397 1842 1629 1911 scriptus
1658 1839 1816 1895 fuerit
1855 1838 1992 1894 liber

399 1958 658 2014 Actorum,
708 1954 765 2002 et
797 1943 919 2015 quis
960 1938 1139 2012 operis
1193 1936 1347 1992 istius
1395 1942 1586 1989 auctor
1619 1931 1824 1988 fuerit:
1879 1930 1990 1988 imo

397 2057 527 2099 vero
550 2056 655 2097 non
683 2036 804 2109 quis
823 2042 1009 2089 auctor
1043 2030 1252 2103 aperis,
1277 2026 1373 2085 sed
1409 2027 1530 2098 quis
1557 2023 1804 2081 minister
1835 2040 1848 2078 :
1879 2039 1986 2080 non

398 2137 541 2194 enim
582 2132 672 2188 ille
707 2144 828 2202 quae
866 2127 1007 2183 dicta
1033 2131 1160 2180 sunt
1181 2119 1452 2193 produxit,
1481 2117 1577 2175 sed
1607 2118 1674 2174 iis
1701 2132 1822 2188 quae
1846 2116 1988 2173 dicta

395 2238 521 2286 sunt
547 2222 886 2282 ministravit.

468 2322 573 2378 Cur
589 2321 641 2374 in
657 2318 954 2374 Pentecoste
977 2314 1211 2385 legantur
1229 2308 1355 2363 Acta
1376 2308 1752 2378 Apostolorum.
1782 2335 1855 2347 ——-
1873 2304 1987 2358 Dixi

396 2416 468 2471 de
492 2413 639 2469 Actis
667 2410 821 2482 ipsis,
856 2417 911 2464 et
945 2405 1074 2477 quid
1100 2402 1314 2459 tandem
1341 2401 1440 2457 sibi
1463 2399 1590 2454 velit
1628 2413 1823 2453 nomen
1858 2395 1985 2450 illud

398 2509 676 2571 Actorum,
692 2501 801 2557 dixi
816 2499 977 2557 etiam
992 2496 1062 2553 de
1076 2494 1455 2567 Apostolorum
1466 2490 1842 2562 appellatione.
1867 2488 1985 2544 Jam

398 2612 617 2659 necesse
667 2602 751 2650 est
791 2593 1054 2657 dicamus,
1081 2602 1185 2659 qua
1210 2585 1279 2641 de
1302 2599 1462 2640 causa
1489 2581 1771 2636 statuerint
1808 2588 1986 2649 patres

398 2689 589 2755 nostri,
606 2695 668 2742 ut
693 2685 830 2740 liber
854 2685 1110 2738 Actorum
1133 2680 1185 2734 in
1199 2679 1520 2734 Pentecoste
1542 2674 1829 2744 legeretur.
1853 2670 1988 2726 For-

400 2792 542 2837 tasse
554 2791 783 2847 namque
799 2772 1117 2829 meministis
1133 2769 1235 2823 hoc
1248 2781 1462 2839 quoque
1478 2773 1590 2819 tum
1609 2763 1874 2834 pollicitos
1886 2777 1988 2818 nos

398 2887 519 2927 esse
545 2870 801 2925 dicturos.
831 2865 1013 2935 Neque
1031 2862 1175 2918 enim
1197 2871 1399 2916 temere
1418 2867 1474 2914 et
1499 2859 1620 2913 sine
1644 2870 1807 2912 causa
1831 2854 1989 2911 nobis

402 2965 514 3018 haec
538 2972 776 3030 tempora
805 2965 986 3028 patres
1010 2955 1389 3019 observarunt,
1418 2951 1513 3006 sed
1542 2948 1788 3020 prudenti
1813 2948 1988 3019 aliqua

398 3055 606 3115 ratione
627 3049 777 3108 ducti
803 3048 855 3105 id
879 3058 1105 3118 egerunt
1135 3063 1149 3099 :
1176 3059 1282 3098 non
1314 3051 1372 3098 ut
1410 3040 1712 3096 libertatem
1745 3048 1985 3096 nostram

401 3156 700 3217 temporum
752 3137 1060 3196 necessitati
1110 3134 1453 3205 subjicerent,
1507 3131 1604 3188 sed
1659 3140 1719 3186 ut
1750 3130 1879 3184 dum
1931 3145 1991 3185 se

400 3234 813 3292 imbecilliorum
861 3236 1220 3298 attemperaut
1253 3223 1507 3296 egestati,
1558 3222 1624 3278 ad
1669 3221 1992 3297 cognitionis

401 3344 530 3399 opes
553 3329 673 3383 illos
696 3324 1074 3396 proveherent.
1101 3321 1275 3389 Atque
1295 3327 1354 3373 ut
1380 3317 1645 3387 intelligas
1666 3330 1763 3371 eos
1792 3315 1993 3371 idcirco

403 3433 640 3491 tempora
660 3420 970 3482 observare,
996 3430 1102 3469 non
1131 3423 1189 3469 ut
1208 3427 1266 3467 se
1292 3410 1686 3466 observationis
1708 3408 1994 3479 subjiciunt

403 3513 729 3577 necessitati,
756 3511 854 3567 sed
883 3508 1028 3580 quod
1066 3505 1507 3563 imbecillioribus
1533 3518 1654 3558 sese
1692 3517 1993 3557 accommo-

401 3605 532 3661 dare
577 3610 877 3667 conentur,
923 3598 1047 3653 audi
1090 3597 1217 3668 quid
1264 3595 1410 3651 dicat
1455 3594 1653 3650 Paulus
1687 3610 1700 3646 :
1739 3591 1864 3647 Dies
1899 3592 1991 3645 ob-

402 3698 632 3760 servatis,
658 3703 706 3747 et
740 3706 959 3756 menses,
1005 3698 1052 3743 et
1086 3698 1334 3758 (corpora,
1380 3696 1426 3740 et
1459 3685 1661 3739 annos?
1702 3682 1899 3749 Timeo,
1932 3698 1995 3736 ne

404 3790 536 3856 {orte
564 3786 674 3841 sine
702 3797 857 3837 causa
884 3779 1215 3835 laboraverim
1257 3779 1312 3831 in
1340 3777 1478 3831 vobis
1508 3773 1649 3846 (Gal.
1676 3774 1731 3828 4.
1757 3772 1845 3827 10.
1875 3773 1988 3843 11).

403 3878 484 3937 Tu
513 3884 694 3932 autem
718 3887 899 3929 nonne
923 3872 1178 3927 observas
1214 3869 1330 3925 dies
1353 3880 1409 3923 et
1438 3877 1678 3937 tempora
1703 3874 1758 3921 et
1782 3880 1951 3919 annos
1971 3863 1994 3918 ?

403 3971 521 4030 iam
552 3984 684 4024 vero
711 3968 759 4024 si
796 3966 1071 4022 videamus
1107 3979 1252 4029 eum,
1280 3964 1369 4034 qui
1399 3961 1535 4027 dies,
1568 3969 1622 4016 et
1650 3974 1896 4026 menses,
1941 3969 1995 4014 ct

403 4075 666 4133 tempora,
694 4069 751 4114 et
787 4074 958 4116 annos
1004 4055 1280 4113 observari
1320 4062 1484 4119 vetat,
1535 4053 1652 4109 hate
1676 4053 1991 4119 observare,

402 4156 553 4227 quid,
578 4167 761 4224 qumso
782 4193 796 4218 ,
826 4149 1103 4207 dicemus?
1133 4163 1259 4204 num
1288 4163 1409 4204 eum
1438 4147 1539 4202 sibi
1576 4161 1876 4217 repugnare
1904 4159 1992 4201 sco

402 4262 633 4318 cumque
676 4243 1043 4301 contendere?
1091 4242 1273 4308 Absit;
1317 4241 1412 4296 sed
1460 4255 1605 4307 eum,
1650 4238 1791 4309 quod
1836 4239 1994 4293 vellet

402 4353 589 4395 eorum
620 4338 810 4391 tollere
858 4333 1274 4390 imbecillitatem
1296 4374 1311 4401 ,
1338 4347 1371 4386 a
1412 4331 1605 4401 quibus
1634 4339 1872 4400 tempora
1898 4329 1996 4384 ob-

402 4431 776 4495 servabuntur,
796 4427 899 4481 illis
919 4441 1039 4482 sese
1066 4439 1159 4495 per
1175 4423 1602 4480 observationem
1628 4422 1785 4477 istam
1805 4429 1996 4476 attem-

402 4537 615 4593 perare.
645 4521 722 4576 ita
761 4532 973 4590 quoque
1017 4517 1220 4573 faciunt
1258 4515 1474 4582 medici,
1514 4523 1795 4587 porrectos
1836 4514 1994 4583 aegris

402 4623 555 4679 cibos
579 4620 733 4692 prius
758 4599 1072 4689 degustant,
1101 4614 1346 4685 quamvis
1374 4612 1475 4681 ipsi
1505 4612 1724 4666 minime
1747 4609 1880 4665 cibis
1910 4610 1991 4663 in-

402 4715 653 4785 digeant,
685 4709 779 4765 scd
806 4710 1016 4763 illorum
1046 4707 1295 4761 studeant
1325 4702 1620 4759 inﬁrmitati
1664 4701 1885 4756 mederi.
1919 4700 1993 4754 ita

402 4819 615 4877 quoque
638 4802 840 4858 Paulus
858 4801 1005 4871 egit,
1038 4813 1160 4854 cum
1186 4796 1561 4852 observatione
1584 4803 1882 4863 temporum
1914 4792 1995 4846 ni—

402 4897 480 4952 hil
508 4894 804 4965 indigeret,
833 4900 1075 4962 tempora
1100 4887 1424 4952 observavit,
1458 4895 1515 4940 ut
1543 4899 1656 4951 eos,
1685 4884 1774 4954 qui
1806 4882 1994 4937 obser-

399 4988 620 5055 vabant,
643 4986 732 5041 illa
747 4982 1064 5041 observandi
1083 4980 1444 5036 imbecillitate
1460 4978 1732 5033 liberaret.
1749 4974 1849 5030 Ubi
1869 4989 1997 5029 vero

406 5080 619 5135 tandem
639 5086 878 5147 tempora
897 5075 1097 5130 Paulus
1117 5071 1454 5127 observavit?
1471 5068 1762 5132 Attenditc,
1791 5080 1994 5135 quaeso,

401 5173 706 5242 diligenter.
741 5168 983 5238 Sequenti
1012 5175 1179 5219 autem
1209 5164 1309 5228 die,
1353 5162 1541 5232 inquit,
1570 5160 1862 5231 appulimus
1890 5156 1994 5210 Mi-

409 5267 584 5318 letum.
612 5262 959 5332 Proposuerat
989 5260 1121 5313 enim
1152 5255 1350 5309 Paulus
1374 5252 1795 5325 prwternavigare
1821 5247 1998 5317 Ephe-

407 5371 538 5418 sum,
560 5370 623 5407 ue
647 5369 748 5424 qua
774 5367 918 5405 mora
938 5351 1014 5404 illi
1038 5350 1176 5418 ﬁeret
1196 5349 1249 5401 in
1278 5346 1418 5401 Asia.
1449 5342 1746 5399 Festinabat
1771 5343 1925 5406 enim,
1957 5343 2001 5393 si

409 5447 642 5518 possibile
668 5445 762 5500 sibi
800 5453 957 5509 esset,
997 5451 1052 5496 ut
1077 5442 1208 5495 diem
1249 5438 1565 5493 Pentecostes
1598 5443 1767 5506 ageret
1793 5432 2005 5486 Jeroso-

408 5538 557 5609 lymis
595 5536 735 5608 (Act.
778 5534 868 5590 20.
919 5535 1007 5590 15.
1059 5532 1168 5601 16).
1216 5528 1414 5595 Vides,
1463 5537 1521 5582 ut
1572 5526 1662 5581 ille
1714 5524 1803 5594 qui
1852 5523 2000 5579 dice-

407 5629 526 5695 bat,
584 5627 669 5682 Ne
706 5627 970 5681 observetis
1000 5624 1107 5678 dies
1151 5631 1198 5677 et
1245 5636 1437 5677 menses
1467 5629 1511 5674 et
1564 5628 1790 5688 tempora
1813 5658 1827 5682 ,
1859 5614 2001 5670 diem

409 5719 752 5783 Pentecostes
781 5716 1126 5773 observaret?

485 5812 538 5871 4.
566 5808 746 5881 Neque
778 5825 904 5892 vero
934 5809 1074 5864 diem
1106 5814 1310 5863 tantum
1341 5804 1679 5888 observabat,
1715 5802 1808 5859 sed
1843 5803 2000 5863 etiam

1117 349 1255 407 CUR
1295 347 1359 404 IN
1398 346 1692 404 PENTEC.
1735 344 1939 411 ACTA,
1982 343 2133 401 ETC.
2179 344 2245 400 IN
2286 346 2580 407 PRINCIP.
2622 350 2976 412 ACTORUM.
3019 354 3109 412 ιν.

3593 364 3699 422 10⁸2

2110 458 2327 517 locum:
2358 481 2464 521 non
2506 468 2651 524 enim
2679 471 2854 526 solum
2887 472 3232 529 Pentecostes
3269 474 3409 531 diem
3434 484 3491 532 ut
3513 488 3698 548 ageret

2102 549 2411 623 festinabat,
2439 558 2535 614 sed
2561 561 2724 616 etiam
2756 571 2813 617 ut
2841 577 2959 618 eam
2988 562 3344 637 Jerosolymis
3367 566 3687 624 celebraret.

2105 643 2243 711 Quid
2271 645 2422 711 iacis,
2455 649 2611 706 beate
2632 651 2838 709 Paule?
2865 654 3145 711 Destructa
3170 666 3295 711 sunt
3321 656 3654 730 Jerosolyma
3679 703 3697 729 ,

2103 733 2348 792 desolata
2392 748 2518 796 sunt
2568 752 2755 799 sancta
2805 755 3111 801 sanctorum
3165 749 3431 805 sententia
3479 751 3689 818 divina,

2103 828 2252 896 prior
2279 830 2471 903 religio
2497 834 2706 891 sublata
2731 844 2834 891 est.
2862 836 3049 894 Nonne
3073 838 3140 893 ad
3165 838 3381 898 Galatas
3409 842 3609 898 clamas
3637 854 3693 900 et

2104 918 2240 973 dicis
2271 938 2285 975 :
2317 920 2417 988 Qui
2443 924 2499 977 in
2527 924 2637 996 lege
2653 928 2934 998 jastiﬁcari
2953 931 3274 1000 exspectatis,
3302 948 3335 984 a
3359 935 3526 1003 gratia
3551 936 3690 990 casei-

2102 1012 2248 1067 distis
2273 1012 2420 1085 (Gal.
2444 1016 2498 1072 5.
2526 1016 2581 1089 4)
2602 1019 2625 1072 Ἰ
2646 1027 2702 1074 et
2737 1034 2835 1075 cur
2867 1036 2969 1076 nos
2996 1022 3187 1077 iterum
3217 1024 3318 1079 sub
3342 1024 3475 1095 legis
3513 1026 3687 1081 servi—

2102 1113 2268 1160 tutcm
2298 1108 2671 1180 redigis?Non
2710 1123 2795 1170 est
2821 1116 2997 1186 exigui
3037 1118 3294 1173 momenti
3342 1132 3451 1186 res,
3493 1118 3563 1174 de
3581 1136 3687 1190 qua

2098 1200 2293 1266 agitur,
2327 1209 2385 1255 ut
2412 1201 2702 1269 discamus,
2733 1221 2861 1261 num
2887 1222 3068 1263 secum
3092 1208 3209 1279 ipse
3232 1209 3429 1266 Paulus
3466 1223 3685 1282 pugnet.

2100 1286 2282 1358 Neque
2309 1290 2452 1345 enim
2499 1291 2617 1348 dies
2640 1294 2890 1351 observat
2934 1300 3306 1356 tantummodo
3337 1296 3563 1371 Paulus,
3589 1304 3686 1359 sed

2098 1387 2155 1433 et
2176 1379 2279 1435 alia
2318 1380 2452 1451 legis
2480 1395 2742 1457 praecepta
2768 1390 3017 1457 custodit,
3059 1400 3114 1447 et
3138 1393 3333 1449 clamat
3365 1395 3430 1450 ad
3465 1395 3684 1453 Galatas

2094 1472 2283 1531 dicens
2312 1493 2328 1531 :
2360 1476 2512 1543 Ecce,
2544 1495 2636 1552 ego
2661 1480 2863 1536 Paulus
2891 1483 3006 1538 dico
3043 1484 3211 1551 vobis,
3240 1489 3479 1559 quoniam
3505 1491 3551 1543 si
3577 1491 3681 1543 cir—

2093 1567 2474 1636 cumcidamini,
2512 1569 2741 1627 Christus
2768 1573 2906 1629 uobis
2939 1576 3070 1630 nihil
3098 1578 3320 1646 proderit
3341 1577 3503 1650 (Ibid.
3523 1597 3572 1640 υ.
3595 1579 3675 1654 2).

2180 1656 2283 1712 Cur
2320 1655 2685 1717 circumciderit
2727 1664 3050 1722 Timotheum
3098 1669 3316 1726 Paulus.
3347 1701 3419 1713 -—
3444 1673 3544 1729 Hic
3584 1674 3684 1745 igi-

2097 1753 2183 1802 tur
2229 1749 2424 1806 Paulus
2469 1753 2557 1823 qui
2608 1754 2770 1822 dicit,
2816 1758 3069 1823 Quoniam
3113 1762 3159 1816 si
3205 1764 3639 1821 circumcidamini
3662 1806 3683 1834 ,

2093 1837 2324 1896 Christus
2350 1844 2489 1899 vobis
2514 1846 2643 1903 nihil
2666 1847 2913 1920 proderit,
2943 1850 3056 1924 ipse
3083 1855 3421 1912 Timotheum
3449 1859 3682 1915 circum-

2093 1931 2290 1989 cidisse
2310 1938 2654 2006 compcritur.
2684 1940 2818 1996 Cum
2843 1944 2987 1998 enim
3013 1945 3325 2013 invenisset,
3347 1949 3516 2020 inquit
3533 1950 3685 2006 Scri-

2093 2034 2271 2094 ptura,
2301 2025 2497 2082 Paulus
2524 2027 2732 2101 Lystris
2757 2031 3159 2090 adolescentem
3186 2038 3471 2106 quemdam
3513 2041 3682 2096 ﬁlium

2095 2113 2334 2169 mulieris
2370 2115 2570 2173 Iudaeae
2613 2120 2816 2189 ﬁdelis,
2860 2124 3026 2192 patris
3067 2135 3242 2181 autem
3287 2131 3521 2199 gentilis,
3562 2148 3685 2187 cum

2091 2205 2419 2264 circumcidit
2463 2210 2601 2281 (Act.
2644 2213 2731 2268 16.
2779 2215 2802 2270 1
2834 2245 2860 2258 -
2891 2215 2951 2286 5)
2983 2231 2998 2271 :
3036 2218 3253 2274 nolebat
3283 2221 3427 2275 enim
3468 2234 3684 2293 praepu-

2093 2299 2226 2353 tium
2271 2299 2561 2357 habentem
2585 2303 2862 2361 doctorem
2898 2308 3131 2364 mittere.
3166 2310 3302 2378 Quid
3335 2312 3491 2375 lacis,
3528 2313 3686 2371 beate

2090 2388 2293 2446 Paule?
2319 2393 2497 2450 verbis
2525 2397 2990 2454 circumcisionetn
3034 2401 3200 2467 tollis,
3235 2411 3290 2457 et
3319 2419 3505 2459 rursus
3529 2404 3684 2461 factis

2091 2481 2235 2536 illam
2286 2485 2612 2542 conﬁrmas?
2652 2488 2771 2544 Non
2820 2492 3114 2559 conﬁrmo,
3163 2494 3366 2564 inquit,
3415 2497 3513 2552 sed
3556 2499 3687 2553 tollo

2091 2572 2264 2631 factis.
2313 2576 2589 2648 Siquidem
2634 2582 2877 2638 mulieris
2929 2583 3130 2640 iudicas
3176 2586 3350 2643 ﬁdelis
3392 2587 3533 2643 ﬁlius
3570 2600 3688 2645 erat

2093 2670 2433 2741 Timotheus,
2464 2675 2632 2745 patris
2669 2687 2849 2732 autem
2888 2679 3108 2747 gentilis
3133 2690 3187 2734 et
3214 2695 3280 2736 ex
3321 2696 3520 2751 genere
3545 2697 3688 2753 pra:-

2093 2766 2299 2835 putium
2328 2766 2580 2824 habente.
2600 2768 2825 2838 Quando
2845 2770 3002 2842 igitur
3021 2787 3144 2827 eum
3172 2774 3546 2844 praemissurus
3571 2787 3688 2832 erat

2091 2856 2292 2913 Judazis
2335 2858 2616 2915 doctorem
2664 2861 2894 2929 Paulus,
2947 2865 3166 2920 nolebat
3197 2880 3327 2921 sane
3367 2869 3686 2938 praeputium

2096 2946 2384 3004 habentem
2410 2950 2656 3016 mittere,
2690 2966 2757 3007 ne
2784 2952 2967 3008 statim
2998 2970 3029 3007 a
3055 2955 3318 3026 principio
3348 2957 3515 3013 verbo
3542 2956 3687 3015 fores

2094 3038 2422 3095 occluderet.
2466 3039 2539 3096 Ut
2580 3041 2740 3111 igitur
2783 3042 2849 3097 ad
2895 3044 3186 3101 tollendam
3223 3048 3686 3106 circumcisionem

2094 3131 2232 3185 viam
2246 3140 2528 3199 sterneret,
2545 3145 2600 3189 et
2615 3134 2875 3191 doctrina:
2890 3135 3157 3192 Timothei
3177 3137 3379 3193 aditum
3402 3150 3687 3213 reseraret,

2093 3223 2558 3281 circumcisioncm
2596 3227 2672 3281 illi
2717 3229 3000 3298 apposuit,
3047 3239 3105 3286 ut
3148 3232 3359 3288 tolleret
3404 3233 3689 3290 circumci-

2095 3314 2323 3369 sionem.
2349 3315 2642 3386 Propterea
2667 3317 2824 3386 dixit,
2853 3318 3046 3375 Factus
3068 3337 3183 3375 sum
3205 3319 3407 3377 Iudicis
3431 3333 3689 3397 tamquam

2095 3404 2311 3461 Judqu
2349 3407 2428 3477 (1.
2464 3407 2581 3462 Cor.
2611 3409 2665 3465 9.
2696 3409 2789 3482 20)
2820 3429 2834 3466 :
2865 3425 2975 3467 non
3023 3422 3081 3467 ut
3121 3411 3341 3469 Judaaus
3385 3415 3555 3483 ﬁeret,
3587 3416 3691 3474 hoc

2096 3497 2229 3552 dixit
2254 3498 2470 3567 Paulus,
2498 3499 2593 3556 sed
2623 3510 2678 3556 ut
2706 3502 2773 3557 iis
2810 3502 2900 3572 qui
2926 3501 3099 3559 Judaei
3125 3503 3434 3572 manebant,
3468 3520 3691 3577 persua-

2095 3589 2270 3658 deret,
2297 3599 2485 3646 utnon
2523 3592 2751 3663 amplius
2776 3604 2958 3650 essent
2989 3594 3159 3650 Judaei
3190 3613 3205 3650 :
3235 3606 3519 3667 propterea
3547 3597 3692 3657 hunc

2096 3679 2256 3733 etiam
2284 3679 2636 3747 circumcidit,
2665 3691 2721 3735 ut
2748 3684 3212 3740 circumcisionem
3246 3687 3479 3743 tolleret.
3509 3688 3694 3760 Itaque

2097 3769 2508 3827 circumcisione
2523 3772 2783 3827 adversus
2802 3772 3268 3830 circumcisionem
3293 3784 3379 3831 est
3401 3792 3553 3833 usus.
3581 3781 3690 3834 Ac-

2096 3863 2239 3933 cepit
2262 3863 2405 3918 enim
2428 3873 2481 3919 et
2506 3864 2819 3920 Timotheus
2843 3865 3327 3933 circumcisionem,
3355 3878 3412 3923 ut
3436 3884 3466 3923 a
3490 3869 3692 3927 Judteis

2099 3962 2279 4025 posset
2307 3953 2534 4021 admitti,
2568 3962 2625 4009 et
2662 3954 2934 4026 ingressus
2968 3954 3087 4009 illos
3124 3956 3324 4010 sensim
3354 3958 3423 4013 ab
3466 3959 3566 4014 hac
3593 3961 3693 4016 ob-

2097 4046 2402 4101 servatione
2444 4046 2751 4102 abduceret.
2782 4046 2944 4103 Vides
2981 4062 3083 4117 qna
3109 4046 3178 4103 de
3215 4062 3378 4104 causa
3414 4057 3469 4105 et
3492 4042 3691 4108 Pente-

2098 4148 2282 4193 Coslen
2322 4146 2379 4192 et
2404 4137 2868 4193 circumcisiouem
2909 4138 3105 4194 Paulus
3144 4138 3492 4197 observaret?
3523 4142 3694 4201 Vultis

2098 4238 2152 4282 ct
2180 4227 2283 4282 alia
2310 4226 2545 4299 legitima
2576 4229 2729 4285 vobis
2761 4228 3042 4286 ostendam
3066 4230 3136 4285 ab
3162 4245 3228 4286 eo
3259 4230 3419 4289 fuisse
3440 4236 3690 4292 servata?

2102 4320 2390 4392 Diligenter
2404 4321 2685 4377 attendite.
2701 4322 2959 4380 Ascendit
2975 4322 3259 4393 aliquando
3274 4324 3688 4397 Jerosolymam,

2098 4424 2299 4469 etcum
2336 4429 2460 4467 eum
2494 4413 2754 4468 vidissent
2798 4413 3050 4484 apostoli,
3083 4414 3332 4469 dicebant
3372 4416 3422 4470 ei
3452 4434 3465 4468 :
3507 4415 3688 4489 Vides,

2099 4510 2259 4579 frater
2288 4506 2473 4573 Paule,
2504 4517 2625 4577 quot
2651 4509 2815 4563 millia
2844 4519 2961 4562 sunt
2986 4509 3038 4562 in
3065 4508 3297 4575 Judwis,
3323 4512 3409 4581 qui
3441 4529 3682 4569 convene-

2099 4609 2240 4668 runt,
2268 4609 2315 4654 et
2349 4617 2521 4654 omnes
2547 4601 2816 4654 audierunt
2845 4600 2908 4653 de
2948 4610 3028 4665 te,
3062 4602 3180 4672 quia
3205 4602 3558 4658 discessionem
3596 4607 3683 4667 da-

2100 4708 2214 4746 ceas
2239 4708 2271 4744 a
2297 4691 2422 4759 lege.
2471 4690 2607 4759 Quid
2646 4690 2807 4762 ergo?
2837 4690 2947 4744 Fac
2984 4692 3120 4760 quod
3162 4691 3250 4746 tibi
3286 4692 3502 4750 dicimus
3534 4713 3555 4752 .'
3577 4710 3696 4754 sunt

2099 4785 2241 4854 apud
2282 4799 2373 4837 nos
2403 4783 2495 4836 viri
2535 4792 2706 4836 votum
2733 4782 2968 4838 habentes
3007 4800 3163 4855 super
3189 4801 3244 4839 se
3272 4801 3291 4839 :
3317 4786 3397 4840 his
3420 4790 3695 4861 assumptis

2100 4876 2367 4945 sanctiﬁca
2403 4887 2452 4929 te
2488 4892 2604 4929 cum
2642 4875 2767 4938 illis,
2816 4885 2863 4929 et
2902 4885 3054 4946 caput
3092 4876 3216 4932 rade
3238 4894 3351 4931 tum
3384 4879 3519 4947 illis,
3551 4891 3607 4936 ut
3642 4899 3698 4940 re

2101 4967 2215 5033 ipsa
2239 4967 2366 5036 ﬁdes
2391 4965 2496 5020 illis
2519 4967 2631 5033 ﬁat,
2659 4966 2779 5038 quia
2800 4981 2916 5036 qua:
2932 4966 3203 5021 audierunt
3228 4966 3294 5021 tle
3321 4978 3367 5023 te
3392 4970 3526 5042 falsa
3550 4982 3691 5040 sunt,

2100 5060 2191 5113 sed
2230 5068 2276 5112 et
2318 5059 2428 5128 ipse
2466 5056 2662 5128 Moysis
2703 5058 2862 5128 legem
2901 5074 3071 5112 servas
3111 5056 3246 5132 (Act.
3295 5061 3387 5116 2|.
3431 5062 3551 5118 20-
3577 5062 3693 5133 2!»).

2110 5149 2309 5205 Videtis
2326 5149 2838 5204 condescensiouent
2863 5149 3269 5215 admirabilem?
3289 5151 3551 5209 Observat
3566 5161 3700 5208 tem.

2107 5257 2256 5310 pora,
2289 5250 2349 5296 ut
2379 5240 2814 5296 observationem
2858 5252 3159 5311 temporum
3191 5243 3343 5298 tollat
3374 5261 3386 5296 :
3417 5247 3700 5300 circumci-

2105 5337 2312 5391 sionem
2339 5335 2577 5401 adhibet,
2605 5344 2663 5389 ut
2682 5333 3074 5389 circumcisioni
3102 5334 3260 5389 ﬁnem
3295 5335 3535 5403 imponat
3566 5353 3581 5390 :
3612 5352 3699 5391 sa-

2107 5427 2365 5483 criﬁcium
2405 5427 2582 5494 oll'ert,
2621 5436 2677 5481 ut
2704 5427 3128 5481 observationem
3167 5423 3374 5478 auferat
3408 5426 3700 5483 sacriﬁcan-

2108 5537 2249 5577 rum.
2278 5520 2392 5576 Hoc
2417 5528 2596 5575 autem
2638 5518 2784 5573 illum
2812 5517 3012 5572 idcirco
3054 5515 3260 5571 fecisse.
3298 5523 3355 5571 ut
3382 5518 3649 5588 intelligas
3675 5562 3692 5587 ,

2110 5614 2231 5670 audi
2257 5614 2429 5683 ipsum
2461 5611 2563 5666 hoc
2584 5610 2849 5665 dicentem
2880 5625 2893 5661 :
2918 5606 3109 5662 Factus
3133 5624 3243 5662 sum
3270 5609 3336 5664 iis
3363 5611 3450 5676 qui
3471 5613 3565 5665 sub
3594 5613 3702 5685 lege

2112 5717 2253 5772 sunt,
2292 5705 2436 5775 quasi
2473 5702 2564 5758 sub
2590 5702 2699 5772 lege
2732 5716 2913 5765 essem,
2944 5710 3000 5754 ut
3033 5716 3117 5755 eos
3145 5703 3229 5766 qui
3269 5701 3361 5756 sub
3389 5702 3500 5774 lege
3522 5712 3701 5765 ermit,

2116 5800 2464 5873 lacrifacerem
2491 5810 2507 5848 :
2539 5802 2583 5848 et
2616 5809 2727 5846 cum
2756 5791 2882 5846 liber
2904 5808 3058 5847 essent
3097 5792 3159 5846 ab
3193 5797 3706 5869 omnibus,omniurt
