4086 6418
435 377 540 433 (95

434 506 517 546 me
538 503 739 543 servum
768 487 861 559 feci
887 484 957 556 (1.⁴
989 479 1108 539 Cor.
1136 481 1191 539 9.
1221 482 1311 537 21.
1343 478 1454 548 19).
1482 477 1605 531 llaec
1628 484 1803 530 autem
1827 472 2023 528 Paulus

434 579 650 647 agebat,
694 587 751 633 ut
795 590 949 631 suum
994 572 1269 628 dominum
1314 570 1633 623 imitaretur.
1673 565 1803 623 Nam
1848 571 1907 617 ut
1932 561 2023 617 ille

426 678 560 731 Cum
584 675 639 728 in
666 674 830 738 [arma
850 668 946 723 Dei
972 674 1116 732 esset,
1145 681 1246 719 non
1265 663 1507 733 rapinam
1533 660 1804 714 arbitratus
1824 666 2024 711 estesse

430 783 483 821 se
521 765 766 836 aequalem
804 760 935 825 Deo,
979 758 1070 813 sed
1110 756 1433 827 semetipsum
1479 751 1756 807 exinanivit
1801 753 2020 819 formam

428 857 559 910 servi
584 854 834 924 accipiens
862 849 1119 924 (Philipp.
1151 846 1210 901 2.
1241 846 1295 900 6.
1331 843 1411 914 7),
1441 852 1636 898 etcum
1676 840 1813 894 liber
1839 845 2019 905 esset,

432 946 602 999 fut-tus
630 951 715 999 est
739 954 929 996 servus
961 957 975 994 :
1004 939 1083 993 sic
1102 947 1158 992 et
1183 937 1283 991 istc
1319 949 1440 989 cum
1479 933 1616 988 liber
1641 940 1786 985 esset
1808 944 1874 984 ex
1899 943 2020 982 om-

429 1037 605 1102 nibus,
619 1033 858 1089 omnium
883 1046 942 1086 se
967 1043 1180 1085 servum
1204 1026 1351 1090 fecit,
1373 1033 1431 1079 ut
1450 1038 1638 1077 omnes
1661 1020 2017 1076 lucrifaceret.

427 1128 680 1183 Naturam
722 1134 960 1180 nostram
991 1135 1271 1176 assumens
1296 1117 1546 1173 dominus
1582 1115 1751 1169 factus
1792 1121 1876 1169 est
1902 1126 2020 1167 ser-

428 1235 546 1285 vus,
578 1229 638 1274 ut
677 1218 875 1273 liberos
905 1213 1157 1269 redderet
1192 1224 1379 1267 servos
1406 1228 1421 1265 :
1456 1207 1729 1262 Inclinaeit
1755 1205 1940 1269 calas,
1972 1213 2018 1258 et

429 1308 685 1365 descendit
710 1307 879 1381 (Psal.
912 1305 1000 1359 l7.
1030 1303 1143 1376 ω),
1171 1312 1225 1357 ιιι
1253 1316 1349 1357 eos
1372 1299 1462 1372 qui
1485 1299 1706 1354 inferius
1734 1296 2021 1351 manebant

424 1405 480 1459 in
507 1404 698 1459 ctclum
731 1400 1009 1456 cvehcret.
1041 1395 1317 1451 Inclinaeit
1342 1391 1538 1447 ctelos:
1569 1406 1678 1446 non
1724 1389 1878 1453 dixit,
1910 1387 2018 1442 De-

426 1498 638 1567 teliquit
674 1494 837 1549 cados
859 1502 913 1547 et
938 1489 1236 1551 descendit,
1269 1486 1363 1542 sed
1395 1483 1694 1545 lnclinavit,
1727 1490 1785 1537 ut
1810 1479 2020 1536 facilio-

425 1606 542 1647 rem
569 1588 664 1642 tibi
701 1585 941 1641 efficeret
978 1597 1261 1638 ascensum
1307 1581 1361 1635 in
1402 1580 1583 1634 cselos.
1626 1576 1777 1631 llunc
1804 1589 2018 1645 quoque

430 1693 528 1750 pro
568 1677 772 1732 viribus
814 1675 1051 1729 imitatus
1085 1680 1171 1728 est
1212 1671 1435 1736 Paulus,
1474 1668 1724 1740 quocirca
1766 1666 2015 1721 dicebat:

424 1768 717 1825 Imitatores
753 1766 854 1821 mei
897 1774 1083 1831 estote,
1126 1764 1256 1820 sicut
1293 1772 1342 1817 et
1382 1778 1472 1834 ego
1508 1760 1696 1815 Christi
1744 1758 1843 1826 (Ι.
1893 1756 2014 1813 Cor.

426 1863 482 1917 4.
516 1861 628 1931 16).
660 1860 720 1914 Et
754 1858 1026 1930 quomodo
1056 1868 1133 1920 tu,
1164 1857 1322 1911 beate
1343 1854 1528 1920 Paule,
1558 1850 1757 1907 Christi
1784 1850 2018 1906 imitator

426 1972 487 2010 es
515 1952 722 2008 factus?
743 1949 1068 2020 Quomodo?
1090 1949 1226 2018 Quia
1254 1948 1437 2003 nullibi
1461 1946 1603 2017 quod
1626 1945 1755 2000 mihi
1780 1953 1863 1999 est
1888 1944 2016 1999 utile

425 2063 631 2117 quaero,
668 2045 762 2100 sed
790 2043 931 2115 quod
961 2042 1173 2108 multis,
1202 2049 1260 2096 ut
1284 2040 1420 2095 salvi
1462 2040 1610 2101 ﬁant,
1651 2047 1707 2093 et
1733 2052 1853 2093 cum
1882 2036 2016 2090 liber

425 2153 600 2194 essem
639 2152 704 2192 es
752 2135 1029 2202 omnibus,
1072 2134 1309 2189 omnium
1340 2146 1553 2188 servum
1584 2145 1671 2186 me
1705 2129 1826 2184 feci.
1870 2126 2014 2183 Nihil

425 2245 556 2299 ergo
582 2228 773 2283 melius
800 2235 884 2283 est
911 2225 1012 2281 hac
1038 2229 1315 2290 servitute,
1339 2223 1537 2293 quippe
1564 2236 1683 2290 qum
1714 2219 2012 2274 libertatem

426 2318 640 2374 ueteris
669 2317 863 2388 pariat.
897 2314 1203 2386 Spirilualis
1236 2321 1352 2368 erat
1388 2312 1620 2382 piscator
1650 2309 1875 2375 Paulus;
1909 2306 2017 2361 Fa-

425 2409 557 2462 riam
594 2408 760 2473 enim,
805 2405 1009 2476 inquit,
1053 2421 1142 2459 vos
1194 2404 1469 2474 piscatores
1502 2400 1763 2454 honsinum
1800 2397 2011 2466 (Matt/1.

422 2501 476 2556 ι.
507 2496 628 2571 ιθ);
659 2513 820 2569 quam
863 2496 934 2552 ob
959 2510 1176 2551 causam
1206 2503 1263 2549 et
1299 2494 1397 2548 ista
1443 2490 1754 2563 prmstabat.
1783 2489 1916 2545 Nam
1959 2497 2015 2543 et

424 2593 715 2663 piscatores
760 2606 883 2645 cum
927 2591 1129 2660 piscem
1178 2586 1409 2642 viderint
1455 2585 1672 2640 hamum
1710 2582 2011 2653 deglutire,

421 2699 529 2740 non
555 2683 733 2738 statim
770 2679 1072 2747 retrahunt,
1115 2678 1209 2734 sed
1234 2677 1489 2734 cedentes
1516 2674 1584 2730 ad
1630 2673 1856 2729 multum
1887 2687 2015 2741 spa-

425 2784 554 2839 tium
581 2792 898 2855 sequuntur,
926 2791 980 2835 et
1027 2787 1343 2849 exspectant
1369 2785 1425 2831 ut
1465 2775 1658 2831 hamus
1705 2780 1852 2828 recte
1874 2769 2009 2826 ἀρῆς

421 2888 610 2948 gatur,
651 2886 813 2947 atque
862 2876 935 2930 ita
976 2872 1212 2943 praadsm
1258 2870 1423 2925 tutius
1468 2865 1798 2923 extrahant:
1842 2866 1923 2921 sic
1960 2873 2017 2921 et

423 2967 652 3037 apostoli
701 2977 811 3021 tum
859 2965 1130 3035 agebant:
1170 2961 1386 3016 hamum
1424 2960 1685 3015 doctrinae
1724 2957 1875 3013 verbi
1916 2956 2013 3013 ιιι·

422 3060 590 3117 daieae
618 3059 811 3113 animm
838 3054 1148 3126 injiciebant
1178 3071 1192 3107 :
1223 3064 1277 3108 at
1303 3053 1379 3109 illi
1405 3051 1756 3108 retrahebant
1779 3058 2013 3117 temere,

422 3163 584 3224 atque
605 3149 927 3210 retinebant.
956 3154 1013 3203 et
1053 3147 1259 3215 seipsos
1292 3144 1359 3200 ad
1394 3143 1856 3200 circumcisionem
1900 3150 2013 3196 tra-

425 3245 717 3312 ducebant,
745 3241 813 3298 ad
859 3241 991 3299 festa
1034 3249 1090 3295 et
1133 3249 1431 3310 temporum
1473 3236 1896 3301 observationes,
1944 3233 2011 3289 ad

422 3336 682 3394 sacriﬁcia
709 3377 726 3405 ,
766 3334 834 3391 ad
877 3334 1049 3404 capita
1097 3329 1330 3387 radenda
1355 3371 1371 3395 ,
1400 3336 1456 3383 et
1491 3335 1686 3382 caetera
1733 3325 1857 3380 talia
1893 3339 2017 3394 per-

420 3430 627 3502 agenda
649 3447 665 3485 :
686 3443 871 3484 verum
902 3427 1128 3499 apostoli
1155 3423 1518 3494 sequebantur
1534 3419 1655 3474 illos
1676 3417 1899 3488 ubique,
1913 3432 2013 3472 uec

423 3522 786 3580 retrahebant.
816 3519 1000 3591 Itaque
1029 3519 1142 3573 sive
1169 3515 1631 3572 circumcisionem
1658 3525 1869 3582 quaeras
1888 3558 1902 3576 ,
1930 3511 2012 3565 in—

420 3616 565 3687 quit,
595 3629 702 3670 non
729 3613 947 3681 resisto,
978 3610 1073 3666 sed
1117 3623 1315 3679 sequor
1346 3625 1362 3661 :
1393 3606 1507 3662 sive
1554 3603 1875 3660 sacrificium
1919 3617 2011 3657 re-

424 3709 623 3778 quiras,
654 3706 901 3762 sacriﬁco
930 3723 945 3761 :
975 3703 1091 3759 sive
1114 3701 1229 3757 radi
1259 3701 1392 3757 velis
1434 3715 1542 3764 me,
1569 3698 1657 3770 qui
1687 3713 1717 3753 a
1755 3706 1844 3752 tua
1888 3695 2015 3751 reli-

426 3799 585 3869 gione
606 3797 930 3863 deieceram,
962 3795 1170 3861 adsum,
1199 3803 1253 3848 et
1278 3791 1419 3863 quod
1439 3789 1664 3862 iusseris
1692 3787 1831 3843 facio
1856 3806 1869 3841 :
1898 3787 2012 3842 sive

422 3891 777 3945 l‘entceosten
809 3887 1097 3943 observare
1135 3883 1435 3956 prazcipias,
1468 3897 1536 3937 ne
1562 3881 1649 3936 hic
1676 3877 1890 3950 quidem
1918 3892 2009 3933 re-

422 3982 618 4047 luctor,
650 3979 747 4036 sed
763 3991 1100 4049 quocumque
1119 3974 1541 4031 circumduxeris
1566 3986 1783 4043 sequor,
1803 3980 1858 4026 ct
1877 3968 2010 4025 cedo

419 4080 773 4142 exspectans,
822 4077 881 4125 ut
929 4068 1122 4123 hamus
1165 4065 1314 4120 verbi
1361 4064 1650 4135 deligatur,
1692 4062 1852 4117 sicut
1896 4069 2010 4115 tuto

421 4164 623 4237 possim
650 4170 816 4217 totam
843 4160 1114 4215 nationem
1145 4164 1373 4211 vestram
1399 4170 1428 4209 a
1453 4153 1621 4208 veteri
1647 4153 1792 4207 cultu
1820 4165 1884 4205 ac
1916 4166 2010 4205 rc-

424 4254 619 4325 ligionc
652 4265 928 4308 revocare.
958 4248 1248 4319 Propterea
1291 4260 1521 4316 namque
1550 4243 1766 4314 Epheso
1795 4242 2012 4298 Jeroso—

421 4346 617 4419 lymam
659 4344 804 4399 veni.
860 4341 1020 4398 Vides
1069 4349 1325 4411 quantum
1378 4336 1765 4407 obsequeretur
1815 4333 2011 4389 Paulus

422 4438 705 4505 piscatum:
730 4434 956 4506 piscium
997 4431 1163 4488 verbo
1193 4429 1430 4487 cedens?
1458 4428 1607 4483 vides
1657 4440 1846 4485 rurSus
1869 4436 2008 4481 tem-

421 4542 610 4599 porum
626 4526 1077 4590 observationem,
1104 4532 1160 4579 et
1181 4518 1605 4576 circumcisionis
1628 4518 2007 4589 indulgentiam

421 4633 487 4674 ac
521 4618 905 4674 sacriﬁciorum
935 4614 1368 4670 communionem
1411 4612 1596 4667 initam
1628 4611 1828 4666 ideirco
1856 4624 2005 4676 esse,

425 4728 531 4769 non
561 4720 621 4767 ut
657 4711 758 4781 ipsi
797 4709 865 4764 ad
891 4719 1123 4765 veterem
1168 4708 1482 4778 religionem
1524 4704 1782 4771 redirent,
1813 4703 1909 4760 sed
1953 4710 2012 4758 ut

422 4806 546 4860 illos
569 4803 659 4874 qui
692 4801 877 4872 ﬁguris
911 4799 1290 4866 adhaerebant,
1320 4798 1388 4854 ad
1430 4798 1708 4853 veritatem
1740 4795 2009 4867 provehe-

423 4894 584 4951 rent?
626 4893 727 4961 Qui
771 4892 913 4948 enim
960 4891 1012 4947 in
1048 4891 1263 4946 sublimi
1308 4890 1428 4947 loco
1454 4889 1624 4954 sedet,
1657 4888 1702 4944 si
1754 4896 2010 4958 perpetuo

423 4995 641 5044 maneat
669 4985 722 5039 in
749 4983 988 5049 sublimi,
1020 4997 1306 5053 numquam
1335 4982 1530 5053 poterit
1557 4995 1703 5046 eum,
1731 4978 1821 5049 qui
1850 4977 2012 5032 deor-

422 5095 542 5135 sum
585 5077 750 5149 jacet,
789 5075 1057 5140 evehere,
1100 5074 1194 5129 sed
1241 5074 1389 5128 illum
1442 5073 1590 5145 prius
1630 5086 1690 5126 se
1727 5070 2012 5125 demittere

417 5177 653 5239 oportet,
682 5181 745 5222 ac
787 5164 981 5221 deinde
1008 5164 1165 5218 istum
1193 5162 1438 5219 exaltari.
1466 5162 1751 5234 Propterea
1782 5175 1846 5215 es
1877 5159 2010 5215 sub-

420 5263 646 5319 limitate
684 5258 958 5328 religionis
999 5257 1319 5328 evangelica:
1367 5257 1383 5289 ¹
1433 5255 1830 5311 descenderunt
1874 5268 2010 5324 apo-

423 5353 569 5421 stoli,
602 5361 659 5407 ut
686 5366 716 5406 a
758 5349 1034 5420 religionis
1060 5348 1297 5405 Judaiea:
1337 5347 1636 5403 humilitate
1664 5346 1729 5401 ad
1763 5345 2011 5401 sublimi-

424 5450 586 5496 tatem
615 5441 759 5496 illam
785 5439 1001 5495 Judazos
1030 5439 1410 5510 provehereut.

492 5532 549 5587 5.
588 5529 694 5587 Cur
711 5530 945 5601 legantur
986 5529 1041 5584 in
1091 5528 1387 5584 Pentecoste
1427 5527 1556 5582 Acta
1601 5527 1877 5599 Apost.-—
1902 5524 2009 5583 Sed

424 5632 722 5689 temporum
753 5618 968 5688 quidem
996 5618 1428 5675 observationem
1473 5634 1539 5673 ac
1580 5618 1784 5689 reliqua
1831 5617 2009 5671 omnia

427 5708 625 5763 utiliter
642 5716 698 5763 et
724 5707 1009 5764 commode
1037 5707 1175 5765 facta
1207 5721 1328 5765 csse
1350 5716 1556 5770 consul
1584 5723 1651 5765 ex
1695 5708 1843 5765 istis:
1877 5707 2006 5765 reli-

487 5807 510 5845 ι
537 5806 691 5864 Golb..
708 5806 953 5861 atmlit'te.

1428 5856 1455 5871 lt.

1168 368 1226 425 S.
1266 365 1544 425 JOANNIS
1579 356 2057 453 CIIRY‘SOSTOMI
2097 355 2416 415 ARCHIEP.
2456 356 2988 415 CONS'I'ANTiNOP.

3612 363 3713 421 8οι

2134 484 2298 539 quum
2322 479 2403 524 est
2426 478 2602 526 autem
2635 479 2691 524 ιιι
2711 469 2988 526 videamus
3016 484 3119 541 qua
3145 469 3212 528 de
3235 484 3395 529 causa
3434 473 3486 529 iu
3525 473 3721 535 Pente-

2131 571 2282 616 coste
2304 561 2441 616 liber
2466 562 2718 616 Actorum
2750 562 2977 633 legatur.
3001 562 3111 617 llac
3133 564 3275 619 enim
3309 563 3377 620 de
3401 580 3559 620 causa
3603 576 3723 625 haec

2130 656 2311 708 omnia
2339 655 2734 724 proposuimus,
2763 664 2841 721 ut,
2885 670 3006 709 cum
3039 664 3340 726 temporum
3384 659 3718 713 observatio-

2130 760 2253 799 nem
2284 745 2485 800 instare
2511 746 2772 815 videritis,
2823 762 2893 802 ne
2941 748 3263 804 existimetis
3306 751 3580 819 apostolos
3626 751 3706 807 Ju-

2129 831 2298 890 daicis
2315 835 2502 891 ritibus
2517 836 2655 891 velle
2698 851 2761 892 se
2805 838 3163 908 obstringere.
3209 839 3405 895 Verum
3458 841 3716 897 attendite

2128 924 2433 995 diligenter,
2461 940 2679 996 qumso:
2729 940 2907 995 neque
2940 926 3085 981 enim
3121 927 3449 983 mediocrem
3511 943 3692 998 quass-

2129 1016 2327 1072 tionem
2370 1018 2747 1088 complectitur
2787 1019 2840 1073 id
2881 1019 3023 1089 quod
3048 1020 3244 1076 dicturi
3273 1037 3487 1079 sumus.
3523 1023 3581 1077 In
3626 1023 3717 1078 die

2126 1109 2304 1164 crucis
2326 1112 2505 1165 omnia
2539 1111 2767 1182 legimus
2792 1127 2913 1182 qua:
2941 1113 3007 1167 ad
3054 1128 3270 1169 erucem
3313 1115 3587 1184 pertinent
3612 1135 3629 1169 :
3660 1117 3712 1170 in
3776 1126 3793 1133 '

2126 1215 2321 1270 magno
2366 1201 2592 1257 sabbato
2647 1217 2873 1270 rursus,
2935 1203 3186 1259 traditum
3250 1220 3371 1261 esse
3429 1206 3713 1263 Dominum

2125 1300 2392 1354 nostrum,
2420 1291 2735 1347 cruciﬁxum
2759 1307 2914 1359 esse,
2948 1303 3216 1348 mortuum
3260 1309 3383 1351 esse
3419 1295 3713 1352 secundum

2125 1395 2341 1435 carnem
2364 1389 2419 1437 et
2441 1383 2688 1452 sepulcro
2713 1384 2986 1439 conditum
3009 1402 3024 1439 :
3048 1399 3147 1439 cur
3186 1384 3348 1455 igitur
3394 1401 3501 1441 non
3550 1388 3713 1441 etiam

2124 1472 2505 1544 Apostolorum
2537 1477 2669 1529 Acta
2693 1474 2920 1545 legimus
2946 1484 3069 1545 post
3091 1474 3469 1541 Pentecosten,
3498 1478 3715 1547 quando

2122 1572 2178 1618 et
2196 1573 2512 1631 evenerunt,
2535 1574 2588 1620 et
2609 1566 2819 1620 initium
2847 1566 3154 1621 duxerunt?
3203 1568 3284 1623 Ac
3310 1569 3424 1624 scio
3463 1570 3713 1640 equidem

2124 1652 2228 1707 hoc
2255 1655 2494 1725 ignotum
2517 1670 2637 1712 esse
2667 1656 2868 1724 multis,
2891 1671 3052 1727 quam
3100 1657 3173 1713 ob
3213 1672 3433 1713 causam
3476 1675 3543 1714 ex
3596 1661 3716 1732 ipso

2123 1746 2379 1800 Actorum
2407 1747 2543 1801 libro
2570 1746 3002 1803 demonstremus
3043 1748 3184 1803 istud
3229 1764 3452 1805 necesse
3498 1759 3601 1818 cst,
3656 1762 3717 1807 ut

2123 1852 2228 1893 non
2256 1854 2286 1893 a
2311 1837 2647 1906 Pentecoste,
2679 1840 2773 1895 sed
2796 1855 2827 1894 a
2849 1849 3089 1911 tempore
3107 1883 3124 1908 ,
3167 1841 3310 1911 quod
3358 1843 3712 1900 Pentecosten

2121 1938 2404 2001 sequutum
2433 1940 2538 1997 est,
2594 1931 2958 2001 apostolorum
2988 1941 3104 1986 acta
3136 1932 3344 1987 initium
3371 1932 3588 1991 duxisse
3633 1934 3717 1989 in—

2124 2021 2396 2092 telligatis.
2420 2021 2687 2088 Quocirca
2714 2022 2908 2077 merito
2927 2032 3133 2094 quasret
3157 2023 3372 2094 aliquis,
3398 2040 3557 2094 quam
3585 2033 3714 2080 tan-

2121 2113 2243 2168 dem
2269 2114 2339 2168 ob
2363 2112 2579 2169 causam
2615 2122 2872 2169 statutum
2900 2114 2991 2180 sit,
3034 2123 3092 2169 ut
3138 2114 3416 2170 historiam
3446 2116 3623 2171 crucis
3651 2117 3707 2172 in

2120 2202 2208 2261 die
2253 2205 2426 2262 crucis
2467 2213 2523 2260 et
2561 2205 2825 2276 passionis
2868 2205 3106 2275 legamus
3139 2222 3154 2260 :
3194 2206 3568 2275 Apostolorum
3613 2222 3717 2262 au-

2121 2305 2228 2353 tem
2277 2299 2413 2352 Acta
2452 2313 2559 2352 non
2601 2297 2730 2368 ipsis
2769 2297 2873 2352 illis
2918 2297 3108 2352 diebus
3154 2305 3247 2351 aut
3290 2297 3383 2353 illo
3425 2305 3669 2368 tempore
3694 2340 3712 2365 ,

2120 2404 2229 2459 quo
2272 2398 2477 2459 patrata
2524 2398 2680 2455 sunt,
2725 2388 3118 2459 legamus,sed
3160 2396 3371 2457 tempus
3411 2389 3715 2458 prtevenia-

2122 2480 2278 2535 mus?
2317 2480 2502 2550 Neque
2552 2480 2695 2535 enim
2744 2477 3054 2546 confestim,
3104 2477 3194 2533 ubi
3233 2477 3480 2534 Christus
3527 2494 3716 2535 resur-

2120 2570 2278 2635 rexit,
2303 2570 2445 2626 edita
2485 2580 2613 2627 sunt
2656 2570 2913 2626 miracula
2940 2571 3010 2626 ab
3051 2569 3329 2640 apostolis,
3358 2571 3451 2626 sed
3478 2570 3716 2642 quadra-

2117 2662 2264 2732 ginta
2284 2662 2473 2719 diebus
2491 2678 2613 2719 cum
2634 2664 2765 2734 ipsis
2783 2664 3096 2720 vescebatur
3117 2662 3170 2716 in
3191 2663 3368 2718 terris.
3399 2662 3507 2718 Cur
3531 2671 3715 2720 autem

2119 2753 2310 2809 diebus
2331 2753 2679 2825 quadraginta
2704 2752 2866 2809 fuerit
2889 2768 3016 2809 cum
3044 2753 3151 2809 illis
3177 2762 3422 2809 versatus
3445 2754 3499 2809 in
3530 2754 3715 2824 terris,

2119 2844 2226 2899 alio
2281 2853 2523 2914 tempore
2574 2842 3015 2910 declarabimus;
3072 2858 3217 2904 nunc
3262 2843 3339 2900 ad
3377 2844 3716 2916 propositum

2121 2944 2454 2990 revertamur
2480 2976 2497 3003 ,
2554 2943 2612 2992 et
2654 2936 3006 2993 ostendamus
3045 2934 3318 2991 Christum
3364 2949 3468 2990 non
3521 2936 3709 2992 statim

2122 3037 2243 3098 post
2254 3029 2709 3084 resurrectionem
2727 3029 2780 3084 in
2801 3027 3305 3096 uelosaseendisse,
3327 3044 3513 3085 verum
3526 3028 3581 3084 in
3598 3037 3716 3084 ter-

2121 3120 2197 3172 ris
2224 3126 2617 3174 commoratum
2639 3133 2759 3176 esse
2774 3117 3323 3188 diebusquadragiota
3339 3117 3718 3189 cumdisctpu-

2120 3209 2207 3277 lis,
2232 3224 2405 3279 neque
2418 3209 2734 3279 simpliciter
2748 3217 3137 3264 commoratum
3154 3248 3171 3273 ,
3194 3207 3289 3263 sed
3320 3217 3373 3264 et
3404 3218 3718 3266 vescentem

2118 3319 2239 3358 eum
2268 3302 2419 3372 ipsis,
2434 3313 2489 3357 et
2506 3303 2558 3357 in
2582 3317 2766 3358 mensa
2788 3318 2912 3357 cum
2934 3302 3040 3357 illis
3056 3301 3454 3357 recumbentem
3482 3301 3720 3361 familia-

2119 3393 2250 3447 riter
2289 3408 2410 3448 cum
2460 3393 2565 3448 illis
2619 3401 2889 3449 versatum
2933 3407 3084 3459 esse,
3115 3406 3179 3447 ac
3206 3401 3329 3464 post
3350 3392 3466 3449 dies
3493 3394 3716 3451 tandem

2117 3485 2465 3557 cptadraginta
2517 3486 2570 3541 in
2621 3486 2786 3540 cados
2815 3485 2880 3540 ad
2922 3484 3135 3541 Patrem
3179 3485 3521 3550 ascendisse,
3552 3502 3617 3543 ac
3642 3504 3717 3545 ne

2120 3587 2228 3631 tum
2256 3577 2471 3648 quidem
2505 3577 2760 3631 miracula
2789 3577 2911 3631 illos
2939 3574 3175 3631 edidisse
3194 3617 3208 3641 ,
3236 3576 3330 3632 sed
3359 3576 3494 3632 alios
3521 3576 3712 3640 decem

2115 3670 2233 3725 dies
2259 3669 2471 3740 elapsos
2494 3684 2615 3724 esse
2634 3709 2650 3735 ,
2692 3683 2924 3738 cumque
2969 3669 3330 3738 complet-stur
3355 3668 3713 3739 Pentecoste,

2116 3763 2340 3817 missum
2366 3759 2432 3814 ad
2457 3775 2551 3815 eos
2577 3759 2841 3831 Spiritum
2857 3768 3100 3814 sanctum
3130 3759 3290 3814 fuisse
3308 3800 3324 3826 ,
3357 3768 3588 3831 tumque
3604 3760 3715 3816 lino

2116 3856 2233 3925 guis
2253 3856 2467 3910 demum
2496 3853 2666 3923 igneis
2691 3852 2924 3920 acceptis
2953 3851 3114 3907 edere
3156 3853 3385 3922 cmpisse
3432 3854 3711 3915 miracula.

2119 3950 2244 4003 liaec
2292 3958 2468 4003 autem
2506 3947 2718 4013 omnia,
2757 3946 3124 4012 dilectissimi,
3174 3962 3240 4001 ex
3289 3946 3579 4015 Scripturis
3616 3947 3716 4004 de-

2118 4027 2537 4096 mo'nstrahimus
2565 4054 2581 4092 :
2609 4038 2838 4108 exempli
2865 4051 3025 4091 causa
3061 4077 3077 4102 ,
3129 4035 3477 4107 quadraginta
3521 4037 3715 4095 diebus

2116 4149 2238 4187 cum
2273 4131 2405 4202 ipsis
2436 4140 2706 4187 versatum
2729 4144 2850 4185 eum
2872 4144 3014 4194 esse,
3038 4128 3295 4199 Spiritum
3324 4139 3565 4187 sanetum
3591 4140 3713 4199 post

2117 4224 2469 4281 Pentecosten
2496 4222 2874 4287 descendisse,
2905 4230 3123 4291 tumque
3149 4219 3360 4290 linguas
3379 4219 3501 4274 illos
3528 4220 3714 4289 igneas

2115 4316 2386 4385 accepisse
2404 4355 2420 4381 ,
2449 4324 2615 4385 atque
2638 4314 2707 4369 ab
2731 4328 2797 4369 eo
2822 4322 3063 4382 tempore
3089 4312 3341 4367 miracula
3387 4312 3472 4367 edi
3508 4312 3578 4367 ab
3604 4313 3712 4371 illis

2115 4409 2364 4475 cmpisse.
2396 4406 2526 4474 Quis
2553 4406 2713 4474 igitur
2737 4404 2916 4460 omnia
2947 4405 3045 4458 ista
3075 4412 3462 4459 commemorat
3488 4403 3520 4455 l-
3544 4403 3717 4459 Disci-

2116 4499 2273 4569 puhts
2303 4498 2481 4560 Pauli,
2505 4495 2844 4551 venerandus
2866 4502 2927 4552 et
2967 4510 3189 4564 magnus
3240 4494 3438 4560 Lucas,
3481 4494 3607 4549 dum
3639 4497 3711 4553 ita

2118 4589 2334 4657 incipit,
2376 4595 2429 4642 et
2454 4586 2539 4642 his
2568 4586 2747 4641 verbis
2773 4586 2977 4640 utitur:
3004 4583 3237 4639 Primum
3275 4585 3477 4653 quidem
3518 4602 3716 4639 sermo-

2117 4696 2231 4733 nem
2258 4680 2354 4751 feci
2380 4680 2443 4733 de
2461 4679 2693 4733 munibus
2711 4719 2727 4745 ,
2746 4694 2776 4732 ο
2792 4676 2835 4737 1'
2839 4676 3072 4748 Iteopltile
3086 4718 3107 4744 ,,
3131 4693 3246 4747 qua:
3274 4677 3423 4746 capit
3440 4675 3596 4735 Iesus
3622 4681 3712 4750 [a-

2116 4789 2227 4825 cere
2242 4812 2257 4838 ,
2283 4781 2334 4824 et
2358 4771 2538 4825 docere
2561 4785 2719 4841 usque
2744 4770 2799 4823 in
2824 4769 2979 4833 diem,
3004 4785 3106 4838 qua
3134 4768 3434 4838 prwcipieus
3464 4769 3710 4838 apostolis

2119 4879 2209 4932 per
2230 4862 2484 4933 Spiritum
2509 4871 2743 4916 sanctum
2757 4900 2773 4925 ,
2795 4876 2922 4931 quos
2941 4859 3123 4929 elegit,
3146 4871 3436 4927 assumptus
3454 4868 3550 4913 est.
3579 4859 3714 4926 Qui-

2117 4952 2210 5007 bus
2248 4963 2294 5007 et
2315 4952 2528 5024 prtebuit
2564 4952 2789 5023 seipsnm
2818 4952 2983 5006 uiuum
3018 4959 3130 5019 post
3154 4951 3440 5020 passionem
3474 4946 3627 5004 inani
3654 4951 3709 5006 its

2120 5046 2294 5100 multis
2317 5044 2650 5116 argumentis,
2675 5060 2765 5114 per
2790 5043 2899 5098 dies
2926 5043 3271 5115 quadraginta
3300 5059 3555 5113 apparens
3594 5045 3667 5100 eis
3689 5086 3708 5112 ,

2117 5145 2165 5191 et
2210 5138 2418 5207 loquens
2455 5135 2519 5190 de
2547 5151 2709 5206 regno.
2755 5133 2872 5191 Dei.
2909 5132 2973 5187 Et
2998 5149 3302 5187 coneescens
3333 5136 3574 5205 pra'cepit
3604 5135 3709 5200 eis,

2115 5227 2181 5279 ab
2199 5225 2531 5297 Jerosolymis
2551 5242 2614 5279 ne
2637 5225 2951 5278 discederent
2970 5223 3105 5296 (Act.
3130 5225 3179 5278 l.
3210 5223 3308 5278 1-4
3322 5220 3366 5295 ).
3392 5222 3557 5281 Vides.
3574 5240 3711 5291 qua-

2125 5316 2366 5387 draginta
2395 5315 2585 5371 diebus
2601 5316 2653 5369 in
2677 5316 2833 5371 terris
2856 5316 3138 5370 Dominum
3160 5324 3429 5375 versatum
3450 5329 3571 5371 esse
3593 5325 3713 5385 post

2118 5409 2567 5464 resurrectionem
2583 5449 2599 5471 .
2626 5407 2695 5463 de
2718 5421 2895 5477 regno.
2913 5406 3005 5466 Dei
3029 5406 3332 5476 loquentem
3350 5414 3405 5462 et
3429 5420 3553 5463 cum
3581 5420 3716 5474 apo-

2119 5501 2273 5557 stolis
2301 5508 2609 5556 vescentem
2636 5501 2661 5554 ?
2691 5499 2851 5555 Vides
2872 5499 3034 5555 etiam
3060 5498 3239 5553 cibum
3268 5513 3390 5552 cum
3430 5498 3536 5553 illis
3561 5513 3709 5552 sum-

2119 5595 2291 5665 psisse
2309 5594 2334 5647 ‘l
2350 5591 2419 5647 Et
2444 5592 2682 5663 priet-epit
2709 5592 2803 5657 eis,
2825 5592 3015 5662 inquit,
3036 5591 3099 5645 ab
3112 5589 3443 5662 Jerosolymis
3467 5607 3531 5645 ne
3545 5591 3711 5645 discs-

2120 5687 2294 5740 (Ierent
2317 5726 2332 5750 ,
2377 5685 2467 5740 sed
2518 5693 2864 5755 exspectarent
2911 5683 3293 5754 promissionem
3341 5680 3518 5736 Patris
3559 5698 3711 5752 qnam

2123 5775 2364 5846 audistis,
2395 5775 2583 5847 inquit,
2611 5791 2674 5831 ex
2698 5790 2777 5831 me
2795 5789 2814 5828 :
2838 5774 2955 5846 quia
2980 5773 3206 5830 Joannes
3239 5772 3515 5843 baptizavit.
3535 5790 3701 5845 αιιμα,
