4086 6454
373 413 477 467 103

369 524 682 593 σθήσεσθε
733 522 802 575 ἐν
858 522 1151 590 Πνεύματι
1204 522 1350 590 ἁγίῳ
1408 522 1477 574 οὐ
1532 519 1683 588 μετὰ
1719 518 1953 581 πολλὰς

371 616 595 681 ταύτας
645 613 890 682 ἡμέρας.
929 612 1111 666 Ταῦτα
1144 612 1202 665 δὲ
1239 612 1425 680 ἔλεγεν
1455 613 1484 664 6
1512 610 1699 682 Σωτὴρ
1736 611 1793 662 ἐν
1838 611 1954 671 ταῖς

371 705 778 775 τεσσαράκοντα
825 704 1079 776 ήμέραις.
1105 705 1171 756 Οί
1221 703 1338 772 μὲν
1380 697 1495 756 οὖν
1551 701 1957 765 συνελθόντες

371 793 692 862 ἐπηρώτων
712 794 899 847 αὐτὸν
923 793 1203 861 λέγοντες
1223 810 1238 825 ο
1262 794 1463 861 Κύριε,
1485 794 1539 845 εί
1558 793 1629 845 ὲν
1657 790 1738 855 τῷ
1759 792 1956 859 χρόνῳ

371 886 562 949 τούτῳ
578 882 1078 950 ἀποκαθιστάνεις
1100 883 1219 953 τὴν
1234 885 1565 950 ,ϐασιλείαν
1584 883 1663 948 τῷ
1683 884 1920 953 Ἰσραήλ
1936 899 1955 947 ;

372 973 522 1032 Εἴπε
551 976 620 1029 δὲ
664 977 815 1044 πρὸς
861 977 1114 1043 αὐτούς’
1177 978 1299 1044 Οὐχ
1342 973 1511 1045 ὑμῶν
1556 976 1689 1028 ἐστι
1736 974 1955 1044 γνῶναι

370 1068 632 1136 χρόνους
656 1065 695 1134 ἢ
719 1066 961 1135 καιροὺς
978 1106 993 1130 ,
1025 1065 1135 1133 οὓς
1167 1070 1199 1121 ὀ
1220 1066 1422 1134 Πατὴρ
1447 1065 1614 1121 ἔθετο
1634 1066 1704 1119 ἐν
1731 1064 1807 1133 τῇ
1835 1064 1956 1131 ἰδίᾳ

369 1157 622 1224 ἐξουσίᾳ
639 1174 654 1187 ·
683 1158 845 1212 ἀλλὰ
870 1156 1147 1226 λήψεσθε
1173 1157 1433 1227 δύναμιν
1459 1158 1822 1224 ἐπελθόντος
1845 1156 1954 1212 τοῦ

368 1242 543 1312 ἁγίου
567 1244 910 1313 Πνεύματος
929 1245 1022 1314 ἐφ’
1062 1244 1220 1315 ὑμᾶς
1241 1287 1256 1312 ,
1294 1246 1394 1300 καί
1439 1246 1657 1300 ἐσεσθέ
1679 1265 1781 1317 μοι
1805 1246 1954 1316 μάρ-

370 1335 638 1401 τυρεςέν
664 1335 739 1405 τῇ
779 1336 1200 1406 Ἰερουσαλὴμ,
1240 1339 1337 1392 καὶ
1383 1338 1453 1391 ὲν
1482 1338 1650 1407 πάσῃ
1694 1338 1770 1407 τῇ
1819 1341 1954 1393 ἰου-

368 1421 510 1491 δαίᾳ
559 1423 660 1478 καί
710 1426 1040 1494 Σαμαρείᾳ,
1093 1426 1193 1480 καὶ
1225 1426 1336 1491 ἕως
1375 1427 1639 1494 ἐσχάτου
1668 1428 1780 1496 τῆς
1816 1430 1948 1498 γῆς.

369 1517 481 1569 Καὶ
520 1516 710 1571 ταῦτα
754 1517 940 1572 ειπὼν
965 1559 980 1581 ,
1023 1520 1384 1583 βλεπόντων
1422 1519 1652 1584 αὐτῶν,
1698 1522 1948 1590 ἐπήρθη,

367 1606 469 1659 καί
506 1608 731 1677 νεφέλη
774 1608 1085 1664 ὑπέλαϐεν
1106 1610 1294 1665 αὐτὸν
1328 1610 1448 1664 ἀπὸ
1475 1607 1594 1665 τῶν
1630 1611 1954 1682 ὀφθαλμῶν

370 1699 590 1752 αὐτῶν.
618 1695 772 1764 Εἶδες
804 1701 922 1765 πῶς
958 1703 1052 1756 καὶ
1080 1703 1489 1773 τεσσαράκοντα
1525 1703 1739 1776 ἡμέρας
1769 1706 1953 1768 αὐτοῖς

372 1786 688 1854 συνεγένετο
736 1789 829 1841 ἐπὶ
874 1790 973 1860 τῆς
1017 1790 1121 1860 γῆς
1169 1794 1197 1844 6
1225 1790 1495 1862 Χριστὸς,
1534 1794 1630 1848 καὶ
1685 1794 1823 1864 μετά
1854 1794 1953 1857 τὰς

370 1878 781 1949 τεσσαράκοντα
809 1881 1023 1952 ἡμέρας
1070 1883 1192 1936 τότε
1222 1883 1498 1956 ἀνελήφθη
1532 1886 1591 1937 ἐν
1639 1888 1752 1949 τοῖς
1787 1887 1952 1956 οὐρα·

369 1969 522 2031 νοῖςι
556 1969 670 2023 ἀλλ’
704 1970 902 2042 ἴδωμεν
924 1974 973 2026 εί
1019 1973 1079 2027 ἐν
1124 1977 1189 2045 τῇ
1232 1976 1578 2047 Πεντηκοστῇ
1628 1977 1688 2029 τὸ
1729 1976 1952 2047 Πνεῦμα

370 2054 625 2131 ἐπέμφθη
650 2060 711 2114 τὸ
737 2062 910 2131 ἅγιον.
931 2064 1042 2117 Καὶ
1062 2063 1132 2117 ἐν
1149 2064 1229 2131 τῷ
1251 2065 1950 2138 συμπληροῦσθαιςφησὶ,

369 2150 490 2217 τὴν
545 2148 776 2220 ἡμέραν
831 2151 941 2221 τῆς
1012 2154 1436 2223 Πεντηκοστῆς
1496 2154 1731 2225 ἐγένετο
1786 2156 1953 2225 ἄφνω

370 2238 524 2311 ἦχος
570 2244 640 2297 ἐκ
698 2244 806 2299 τοῦ
861 2246 1120 2315 οὐρανοῦ
1174 2248 1318 2301 ὡσεὶ
1373 2247 1705 2316 φερομένης
1756 2246 1953 2315 πνοῆς

369 2333 575 2401 βιαίας
600 2374 614 2398 ,
683 2337 781 2389 καί
856 2336 1150 2405 ὤφθησαν
1222 2339 1425 2406 αὐτοῖς
1492 2339 1954 2410 διαμεριζόμεναι

368 2422 646 2493 ’γλῶσσαι
682 2427 825 2482 ὡσεί
856 2429 1075 2497 πυρὸς,
1111 2431 1209 2484 καί
1238 2429 1520 2486 ἐκάθισεν
1558 2433 1651 2500 ἐφ’
1686 2432 1796 2485 ἕνα
1819 2431 1955 2485 ἐκα-

371 2530 525 2569 στον
564 2516 787 2596 αηὺτῷν.
815 2519 998 2573 Εῖδετε
1032 2521 1234 2593 ἀκριϐῆ
1276 2522 1374 2591 τὴν
1410 2521 1683 2588 ἀπόδειξιν
1726 2539 1955 2593 γεγενη-

372 2599 577 2677 μένην,
607 2603 719 2663 οἷον
748 2611 830 2664 ὅτι
852 2613 1262 2681 τεσσαράκοντα
1286 2613 1497 2684 ἡμέρας
1525 2610 1593 2685 ἦν
1644 2614 1737 2667 ἐπὶ
1774 2614 1876 2684 γῆς
1925 2614 1955 2666 ὁ

370 2692 644 2768 Χριστὸς,
672 2694 768 2753 καὶ
819 2700 940 2754 οὐδὲ
990 2701 1473 2775 ἐθαυματούργουν
1528 2705 1578 2757 οί
1627 2705 1952 2771 ἀπόστολοι;

375 2789 502 2853 Πῶς
531 2790 641 2862 γὰρ
688 2791 913 2861 ἔμελλον
945 2794 1382 2867 θαυματουργεῖν
1420 2798 1521 2866 τὴν
1546 2796 1640 2849 τοῦ
1670 2798 1830 2865 ἀγίου
1860 2798 1956 2851 καὶ.

371 2881 638 2946 ζωοποιοῦ
671 2878 985 2955 Πνεῦματας
1015 2886 1176 2958 χάριν
1203 2884 1415 2941 οὐδέπω
1442 2887 1689 2957 ἔχοντεςς

443 2974 625 3027 Εῐδετε
647 3013 662 3035 ,
701 2973 784 3026 ὅτι
815 2974 953 3044 μετά
977 2977 1077 3039 τὰς
1103 2976 1515 3046 τεσσαράκοντα
1553 2975 1768 3047 ἡμέρας
1799 2988 1825 3017 ι
1864 2977 1957 3030 ἀν-

372 3055 579 3132 ελήφθη
610 3063 691 3125 εἰς
717 3059 809 3115 τὸν
837 3059 1066 3134 οὐρανὸν
1091 3064 1119 3116 6
1152 3063 1398 3134 Ἰησοῦςς
1446 3064 1614 3117 εἴδετε
1643 3063 1803 3118 πάλιν
1826 3106 1841 3131 ,
1874 3066 1956 3118 ὅτι

378 3152 515 3222 μετὰ
534 3153 634 3216 τὰς
660 3152 791 3206 δέκα
818 3153 1029 3224 ἡμέρας
1055 3153 1532 3226 ἐθαυματούργουν
1556 3154 1604 3208 οἱ
1636 3157 1954 3222 ἀπόστολοις

387 3244 476 3296 Ἐν
501 3243 609 3314 γάρ
642 3244 720 3315 τῷ
750 3246 1199 3318 συμπληροῦσθαι
1243 3247 1341 3320 τὴν
1375 3248 1588 3320 ἡμέραν
1623 3248 1722 3319 τῆς
1755 3250 1959 3319 Πεντη-

373 3334 573 3405 κοστῆς
610 3336 969 3406 κατεπέμφθη
1010 3336 1071 3390 τὸ
1105 3335 1332 3408 Πνεῦμα
1372 3338 1434 3391 τὸ
1459 3339 1632 3407 ἆγιον.
1665 3340 1835 3393 Τοῦτο
1864 3335 1956 3393 οὖν

374 3426 492 3478 ἐστι
523 3425 708 3480 λοιπὸν
739 3427 801 3481 τὸ
831 3427 1183 3498 ζητούμενον,
1216 3429 1363 3492 τίνος
1397 3429 1583 3484 ἕνεκεν
1627 3431 1682 3486 αἱ
1723 3431 1960 3501 Πράξεις

373 3515 483 3570 τῶν
530 3512 844 3572 ἀποστόλων
875 3520 933 3572 ὲν
964 3523 1031 3590 τῇ
1081 3521 1428 3592 Πεντηκοστῇ
1473 3521 1955 3592 ἀναγινώσκονται.

377 3608 440 3659 Et
465 3606 572 3680 γάρ
600 3609 722 3662 τότε
747 3608 981 3680 ἧρξαντο
1010 3613 1181 3665 ποιεῖν
1223 3613 1293 3666 τὰ
1323 3618 1526 3685 σημεῖα
1572 3613 1622 3668 οἱ
1650 3613 1956 3678 ἀπόστολοι,

376 3698 545 3768 ἥγουν
591 3700 729 3771 μετὰ
770 3701 867 3771 τὴν
902 3704 1107 3774 Κυρίου
1139 3704 1456 3772 ἀνάστασιν,
1485 3706 1605 3759 τότε
1636 3705 1744 3759 ἔδει
1773 3705 1867 3759 καὶ
1897 3706 1960 3759 τὸ

376 3792 582 3860 βιϐλίον
611 3793 1079 3864 ἀναγινώσκεσθαι
1125 3797 1303 3852 τοῦτο.
1331 3799 1544 3870 ’Ὠσπερ
1591 3798 1700 3870 γὰρ
1730 3799 1800 3853 τά
1830 3799 1960 3870 περὶ

374 3882 471 3937 τοῦ
522 3886 757 3960 σταυροῦ
789 3888 846 3940 ἐν
878 3889 943 3958 τῇ
987 3887 1173 3961 ήμέρᾳ
1206 3890 1442 3962 σταυροῦ
1491 3888 1957 3961 ἀναγινώσκομεν,

377 3974 470 4027 καὶ
495 3976 565 4030 τά
605 3977 752 4048 ἐντῇ
795 3977 1088 4031 ἀναστάσει
1134 3979 1368 4048 ὁμοίως,
1417 3979 1514 4035 καὶ
1540 3979 1611 4034 τά
1656 3981 1713 4034 ἐν
1754 3980 1961 4054 ἑκάστῃ

377 4065 541 4137 ἑορτῇ
577 4065 839 4136 γεγονότα
874 4068 941 4139 τῇ
975 4068 1113 4138 αὐτῇ
1143 4068 1306 4122 πάλιν
1345 4071 1793 4140 ἀναγινώσκομεν
1815 4111 1831 4137 ,
1870 4067 1963 4124 οῦ-

378 4170 488 4220 τως
516 4157 622 4210 ἔδει
650 4155 743 4213 καὶ
774 4157 843 4212 τά
865 4157 1117 4229 θαύματα
1146 4158 1218 4212 τά
1247 4160 1581 4215 ἀποστολικά
1604 4163 1663 4215 ἐν
1692 4164 1811 4225 ταῖς
1832 4162 1965 4234 ἡμέ-

382 4265 504 4322 ραις
540 4246 649 4303 τῶν
674 4249 1048 4304 ἀποστολικιῖΝ
1076 4251 1318 4322 σημείων
1345 4252 1835 4321 ἀναγινώσκεσθαι.

453 4347 527 4406 ς’.
555 4341 711 4405 Τίνος
739 4336 833 4395 οὖν
859 4341 1045 4396 ἕνεκεν
1071 4342 1131 4395 ού
1166 4341 1286 4396 τότε
1317 4343 1459 4397 αὐτὰ
1496 4343 1960 4417 ἀναγινώσκομεν,

380 4431 497 4485 ἀλλ’
524 4428 729 4497 εὐθέως
764 4432 903 4504 μετά
951 4431 1042 4487 τὸν
1094 4433 1324 4505 σταυρὸν
1367 4435 1461 4489 καὶ
1500 4434 1599 4505 τὴν
1642 4435 1959 4502 ἀνάστασιν,

380 4521 650 4575 ἀκούσατε
699 4522 838 4594 μετά
869 4522 1157 4596 ἀκριϐείας
1203 4523 1301 4595 τὴν
1332 4525 1508 4579 αἰτίαν
1536 4525 1775 4582 ἅπασαν.
1810 4527 1965 4581 Μετά

381 4611 474 4664 τὸν
504 4614 736 4686 σταυρὸν
774 4614 977 4679 εὐθέως
1027 4616 1323 4671 ἀνάστασιν
1370 4619 1815 4690 καταγγέλλομεν
1866 4618 1960 4673 τοῦ

382 4702 620 4773 Χριστοῦ
642 4743 656 4768 ,
691 4704 790 4777 τῆς
818 4705 876 4758 δὲ
929 4707 1278 4771 ἀναστάσεως
1302 4692 1575 4772 ἀπόδειξίς
1603 4709 1717 4761 ἐστι
1763 4708 1834 4761 τὰ
1866 4726 1964 4780 ση-

387 4798 513 4866 μεῖα
538 4795 607 4850 τά
635 4797 995 4860 ἀποστολικά,
1042 4798 1152 4852 τῶν
1199 4798 1257 4852 δὲ
1300 4800 1542 4869 σημείων
1590 4800 1964 4854 ἀποπολικῶν

382 4882 749 4940 διδασκαλεῖόν
783 4889 894 4940 ἐστι
948 4888 1106 4942 τοῦτο
1151 4887 1211 4941 τὸ
1270 4889 1488 4959 βιϐλίον.
1525 4892 1591 4942 Ὃ
1629 4891 1811 4943 τοίνυν
1860 4892 1964 4962 μά·

384 4974 541 5032 λιστα
568 4978 849 5033 πιστοῦται
876 4979 974 5050 τὴν
1000 4981 1293 5034 ἀνάστασιν
1311 4980 1408 5052 τὴν
1428 4983 1782 5057 Δεσποτικὴν,
1806 4984 1963 5038 τοῦτο

390 5071 529 5143 μετά
544 5071 636 5124 τὸν
659 5087 791 5124 σταυ
800 5071 890 5141 ρὸν
915 5073 1007 5126 καὶ¹
1025 5074 1124 5145 τὴν
1143 5071 1425 5145 ζωηφόρον
1445 5075 1738 5129 ἀνάστασιν
1760 5075 1962 5139 εὐθέως

384 5165 433 5216 οῖ
464 5163 707 5233 Πατέρες
745 5163 1144 5236 ἐνομοθέτησαν
1188 5165 1677 5235 ἀναγινώσκεσθαι.
1717 5169 1815 5220 Διὰ
1846 5166 1961 5239 [90]

382 5252 540 5307 τοῦτο
565 5253 783 5319 τοίνυν,
821 5255 1115 5327 ἀγαπητοὶ,
1153 5260 1292 5328 μετὰ
1327 5259 1420 5312 τὸν
1455 5262 1688 5331 σταυρὸν
1740 5261 1835 5315 καὶ
1863 5260 1962 5330 τὴν

382 5346 676 5399 ἀνάστασιν
695 5344 897 5409 εὐθέως
917 5346 1360 5419 ἀναγινώσκομεν
1383 5351 1451 5405 τὰ
1476 5355 1677 5423 σημεῖα
1700 5352 1807 5406 τῶν
1834 5353 1965 5405 ἀπο·

386 5435 614 5500 στόλων,
649 5436 737 5491 ἵνα
761 5437 974 5510 ἔχωμεν
1026 5439 1169 5510 σαφῆ
1206 5440 1299 5493 καὶ
1344 5443 1827 5514 ἀναμφισϐήτητον
1862 5444 1962 5514 τῆς

388 5523 734 5590 ἀναστάσεως
765 5530 863 5597 τὴν
912 5529 1203 5594 ἀπόδειξιν.
1255 5533 1369 5585 Οὐκ
1420 5529 1562 5594 εἷδες
1618 5533 1780 5587 αὐτὸν
1830 5534 1961 5586 ἀνα-

374 5614 589 5667 .στάντα
615 5618 725 5679 τοῖς
772 5618 1069 5688 ὀφθαλμοῖς
1101 5622 1194 5674 τοῦ
1247 5621 1524 5693 σώματος,
1560 5623 1696 5677 ἀλλά
1744 5624 1961 5694 βλέπεις

446 5799 470 5826 ι
497 5797 579 5847 Sic
599 5797 753 5860 (1611)..
780 5808 951 5860 Morel.
980 5822 1097 5860 vero
1126 5810 1248 5860 male
1271 5814 1353 5871 τὰς
1377 5816 1490 5864 δέκα
1511 5816 1708 5876 ἡμέρας.

1033 417 1089 473 S.
1129 414 1414 472 JOANNIS
1457 409 1955 467 CHRYSOSTOMI
1997 407 2318 464 ARCIIIEP.
2367 400 2918 463 CONSTA‘NTINOP.

3526 411 3631 465 106

2057 518 2215 570 αὑτὸν
2248 517 2553 571 ἀναστάντα
2588 519 2698 579 τοῖς
2748 515 3045 586 ὀφθαλμοῖς
3090 516 3187 586 τῆς
3238 517 3508 582 πίστεως
3539 521 3642 574 οὐκ

2055 598 2192 664 εἶδες
2243 601 2405 655 αὐτὸν
2454 601 2542 655 διὰ
2586 601 2696 653 τῶν
2740 602 3004 670 ὀμμάτων
3058 601 3267 657 τούτων
3307 603 3642 669 ἀναστάντα,

2052 684 2168 739 ἀλλ’
2191 684 2313 753 ὕψει
2345 685 2507 738 αὐτὸν
2542 684 2850 738 ἀναστάντα
2883 682 2972 737 διὰ
3013 683 3123 737 τῶν
3160 685 3457 756 θαυμάτων
3498 689 3643 741 ἐκεί-

2054 786 2180 822 νων.
2226 768 2291 821 Ἦ
2333 768 2443 838 γάρ
2474 767 2582 821 τῶν
2618 767 2863 837 σημείων
2900 767 3160 831 ἐπίδειξις
3193 771 3528 839 χειραγωγεῖ
3582 787 3643 823 σε

2054 852 2192 922 πρὸς
2217 851 2317 921 τὴν
2367 854 2466 922 τῆς
2513 849 2750 915 πίστεως
2782 850 3041 920 θεωρίαν.
3075 850 3241 906 Ὅθεν
3278 852 3372 905 τοῦ
3404 853 3643 924 φανῆναι

2052 937 2214 991 αὑτὸν
2242 936 2551 990 ἀναστάντα
2580 934 2761 1004 πολλῷ
2784 934 2986 1004 μείζων
3013 929 3082 1005 ἧν
3110 932 3386 1000 ἀπόδειξις
3408 938 3504 990 καὶ
3543 955 3641 990 crae

2054 1028 2384 1099 φεστέρα“τὺ
2440 1030 2641 1099 σημεῖα
2691 1026 2940 1095 γίνεσθαι
2972 1029 3029 1080 ἐν
3061 1025 3142 1097 τῷ
3186 1027 3414 1098 ὀνόματι
3448 1027 3639 1082 αὐτοῦ.

2055 1110 2243 1163 Βούλει
2290 1111 2480 1182 μαθεῖν
2506 1151 2521 1175 ,
2569 1110 2687 1173 πῶς
2742 1110 2902 1163 τοῦτο
2956 1110 3155 1179 μᾶλλον
3205 1110 3493 1164 πιστοῦται
3541 1110 3643 1180 τὴν

2053 1192 2370 1257 ἀνάστασιν,
2404 1194 2438 1264 ἢ
2478 1195 2527 1247 εί
2552 1193 2725 1263 ἐφάνη
2756 1194 2925 1247 πᾶσιν
2956 1192 3266 1263 ἀνθρώποις
3294 1194 3415 1246 κατ’
3448 1192 3646 1261 ὀφθαλ-

2057 1276 2228 1346 μούς;
2282 1276 2580 1331 Ἀκούσατε
2628 1276 2926 1346 νουνεχῶς·
2976 1274 3209 1345 καὶγὰρ
3248 1275 3434 1328 πολλοὶ
3481 1275 3644 1329 τοῦτο

2052 1361 2322 1432 ἐρωτῶσι,
2352 1364 2446 1415 καὶ
2472 1361 2723 1429 λέγουσι’
2746 1359 2903 1423 Τίνος
2935 1358 3122 1413 ἕνεκεν
3155 1358 3398 1423 ἀναστάς
3426 1359 3527 1412 οὐκ
3557 1360 3645 1411 εὐ-

2055 1444 2192 1508 θέως
2225 1444 2397 1516 ἐφάνη
2427 1447 2538 1508 τοῖς
2578 1443 2892 1506 Ἰουδαίοις;
2943 1442 3080 1496 ἀλλά
3126 1443 3380 1513 περιττὸς
3415 1443 3445 1494 6
3485 1442 3643 1511 λόγος

2053 1518 2205 1591 οὗτος
2234 1528 2329 1581 καὶ
2377 1528 2621 1598 μάταιος.
2659 1526 2851 1596 Εἱγάρ
2895 1523 3087 1595 ἔμελλε
3139 1525 3276 1596 πρὸς
3313 1526 3413 1596 τὴν
3457 1527 3641 1579 πίστιν

2053 1610 2252 1674 αὐτοὺς
2281 1610 2710 1674 ἐπισπάσασθαι,
2745 1610 2845 1662 οὐκ
2872 1607 2938 1662 ἀν
2969 1609 3329 1681 παρῃτήσατο
3374 1609 3513 1679 μετά
3540 1610 3643 1670 τὴν

2054 1695 2350 1748 ἀνάστασιν
2381 1693 2620 1763 φανῆναι
2658 1694 2861 1748 πᾶσινο
2893 1694 2976 1747 ὅτι
3022 1693 3079 1746 δὲ
3130 1693 3230 1746 οὐκ
3268 1692 3492 1763 ἔμελλεν
3542 1696 3642 1748 αύ-

2050 1777 2177 1841 τοὺς
2209 1776 2620 1830 ἐπισπάσασθαι
2654 1775 2846 1844 φανεὶς
2873 1776 3056 1839 αὐτοῖς
3108 1775 3246 1846 μετὰ
3270 1777 3370 1846 τὴν
3405 1776 3644 1830 ἀνάστα-

2054 1877 2159 1925 σιν,
2194 1860 2434 1913 δείκνυσι
2461 1858 2549 1913 διὰ
2588 1859 2684 1913 τοῦ
2713 1859 2987 1932 Λαζάρου.
3018 1859 3220 1912 Τοῦτον
3272 1860 3381 1930 γάρ
3404 1862 3642 1930 τετραή-

2056 1960 2221 2016 μερον
2244 1942 2436 2015 νεκρὸν
2482 1944 2795 2014 ἀναστήσας
2820 1982 2836 2007 ,
2865 1942 3097 1996 ὀδωδότα
3116 1984 3130 2009 ,
3160 1942 3481 2017 διεφθορότα
3500 1983 3515 2006 ,
3547 1945 3645 1997 καὶ

2055 2026 2195 2094 μετὰ
2225 2027 2336 2080 τῶν
2372 2027 2595 2097 κειριῶν
2625 2025 2907 2096 δεδεμένον
2948 2027 3181 2095 ποιήσας
3215 2025 3378 2079 αὑτὸν
3404 2025 3644 2091 ἐξελθεῖν

2052 2110 2160 2163 ὑπὸ
2189 2109 2287 2174 τὰς
2330 2109 2587 2163 ἁπάντων
2621 2108 2774 2178 ὄψεις
2798 2150 2814 2173 ,
2845 2106 2907 2162 οὐ
2946 2108 3107 2178 μόνον
3145 2109 3248 2161 οὐκ
3290 2109 3645 2163 ἐπεσπάσατο

2056 2193 2192 2263 πρὸς
2217 2193 2318 2262 τὴν
2364 2193 2546 2246 πίστιν
2578 2192 2811 2256 αὐτοὺς,
2840 2191 2977 2245 ἀλλά
3024 2192 3118 2244 καὶ
3163 2191 3509 2261 παρώξυνεν
3556 2190 3645 2244 ἐλι-

2057 2275 2239 2339 θόντες
2267 2275 2375 2347 γὰρ
2391 2275 2772 2346 ἠϐουλήθησαν
2803 2274 2898 2327 καὶ
2925 2273 3088 2327 αὑτὸν
3110 2272 3320 2326 ἀνελεῖν
3340 2272 3427 2327 διά
3459 2273 3641 2330 τοῦτο.

2055 2356 2118 2411 Εἰ
2146 2354 2237 2412 οὖν
2268 2360 2456 2430 ἕτερον
2499 2360 2763 2429 ἀνέστησε
2796 2359 2890 2411 καὶ
2924 2359 3023 2410 οὐκ
3049 2356 3383 2409 ἐπίστευσαν
3403 2397 3418 2419 ,
3449 2354 3644 2411 ἑαυτὸν

2055 2442 2368 2512 ἀναστήσας
2394 2444 2443 2495 εἰ
2470 2441 2672 2506 ἔδειξεν
2698 2441 2914 2504 ἑαυτὸν,
2941 2439 3043 2493 οὐκ
3067 2438 3133 2492 ἀν
3166 2438 3328 2492 πάλιν
3353 2439 3645 2510 ἐμάνησαν

2055 2527 2176 2580 κατ’
2209 2525 2410 2590 αὐτοῦ;
2442 2527 2506 2580 El
2540 2527 2635 2579 καὶ
2667 2525 2831 2596 μηδὲν
2854 2522 3078 2593 ἔμελλον
3105 2521 3310 2588 ἀνύειν,
3349 2520 3463 2574 ἀλλ’
3491 2522 3645 2593 ὅμως

2053 2609 2140 2662 διά
2170 2610 2269 2680 τῆς
2283 2611 2682 2681 ἐπιχειρήσεως
2712 2607 2935 2678 ἔμελλον
2966 2607 3206 2660 ἀσεϐεῖν.

2129 2702 2292 2754 Ὥστε
2325 2699 2646 2770 βουλόμενος
2690 2698 2888 2763 αὐτοὺς
2943 2697 3249 2762 ἀπαλλάξαι
3307 2697 3506 2769 μανίας
3552 2716 3646 2754 πε-

2058 2790 2279 2861 ριττῆς,
2333 2790 2571 2861 ἔκρυψεν
2620 2789 2845 2843 ἑαυτόν*
2898 2787 3097 2859 μᾶλλον
3130 2789 3241 2861 γὰρ
3274 2789 3341 2844 ἂν
3387 2790 3644 2862 ἐποίησεν

2055 2879 2388 2943 ὑπευθύνους
2412 2879 2655 2941 κολάσει,
2695 2879 2743 2931 εἰ
2772 2878 2907 2949 μετά
2932 2879 3023 2932 τὸν
3059 2881 3292 2952 σταυρὸν
3322 2881 3517 2951 ἐφάνη.
3542 2879 3648 2936 Διά

2054 2972 2214 3025 τοῦτο
2260 2971 2571 3042 φειδόμενος
2599 2971 2780 3025 αὐτῶν
2810 2970 3013 3043 ἔκρυψε
3070 2971 3169 3042 μὲν
3194 2972 3383 3026 ἑαυτὸν
3433 2975 3497 3027 ἐκ
3539 2971 3643 3045 τῆς

2056 3063 2281 3116 ἐκείνων
2308 3062 2488 3132 ὅψεως
2513 3079 2527 3093 ’
2559 3061 2727 3129 ἔδειξε
2759 3062 2816 3115 δὲ
2845 3061 2933 3115 διὰ
2964 3063 3063 3134 τῆς
3085 3062 3195 3116 τῶν
3225 3063 3462 3134 σημείων
3503 3065 3644 3118 ἀπο·

2056 3152 2292 3221 δείξεως.
2328 3153 2433 3206 Τοῦ
2465 3152 2574 3226 γὰρ
2610 3154 2740 3208 ίδεῐν
2763 3153 2926 3208 αὐτὸν
2948 3155 3259 3209 ἀναστάντα
3297 3157 3398 3209 οὐκ
3424 3155 3647 3208 ἔλαττον

2056 3238 2124 3316 ἦν
2148 3244 2380 3298 ἀκοῦσαι
2402 3245 2607 3315 Πέτρου
2628 3243 2882 3312 λέγοντος
2898 3261 2909 3273 ·
2951 3245 3055 3299 Ἐν
3081 3244 3162 3310 τῷ
3191 3244 3434 3316 ὀνόματι
3450 3246 3647 3314 Ἰησοῦ

2059 3337 2315 3406 Χριστοῦ
2350 3338 2569 3405 ἐγειραι
2597 3335 2698 3390 καί
2736 3334 3063 3404 περιπάτει.
3097 3336 3208 3391 Καὶ
3235 3338 3315 3391 ὅτι
3338 3338 3497 3392 τοῦτο
3523 3339 3651 3394 ἀνα-

2061 3428 2307 3490 στάσεως
2350 3426 2582 3497 μεγίστη
2627 3426 2902 3490 ἀπόδειξις
2924 3467 2940 3492 ,
2972 3425 3066 3480 καὶ
3100 3426 3466 3498 εὐκολώτερον
3507 3426 3648 3500 πρὸς

2060 3522 2244 3575 πίστιν
2277 3517 2310 3591 ἢ
2367 3522 2545 3573 ἐκεῖνο
2575 3518 2637 3572 τὸ
2681 3519 2947 3590 πρότερον
2966 3556 2981 3582 ,
3046 3519 3142 3572 καὶ
3181 3518 3384 3589 μᾶλλον
3415 3520 3649 3589 ⁴ήδύνατιο

2059 3617 2248 3667 πεῖσαι
2282 3611 2380 3674 τὰς
2409 3612 2783 3675 διανοίαςτῶν
2833 3609 3142 3684 ἀνθρώπων
3175 3612 3237 3686 τρ
3268 3615 3468 3683 σημεῖα
3516 3612 3648 3683 φαί-

2060 3704 2248 3758 νεσθαι
2276 3706 2335 3757 ἐν
2359 3703 2437 3775 τῷ
2466 3701 2693 3774 ὀνόματι
2722 3701 2890 3756 αὑτοῦ
2918 3703 3201 3775 γινόμενα,
3236 3703 3269 3775 ἦ
3300 3703 3362 3756 τὸ
3392 3703 3519 3757 ἰδεῖν
3545 3702 3646 3759 αὐ-

2060 3796 2151 3850 τὺν
2201 3794 2509 3850 ἀναστάντα
2532 3834 2547 3859 ,
2598 3791 2757 3864 δῆλον
2804 3795 3034 3849 ἐκεῖθεν.
3070 3793 3293 3865 ’Δνέστη
3326 3794 3419 3849 καὶ
3446 3793 3650 3861 ἔδειξεν

2061 3889 2251 3944 ἐαυτὸν
2283 3891 2395 3951 τοῖς
2429 3887 2697 3960 μαθηταῖς
2734 3887 2763 3938 6
2799 3887 3031 3957 Χριστός
3053 3901 3067 3918 ·
3102 3884 3216 3939 ἀλλ’
3249 3885 3399 3956 ὅμως
3448 3885 3646 3958 εὑρέθη

2061 3999 2145 4046 τις
2178 3979 2423 4034 ἀπιστῶν
2457 3978 2552 4032 καὶ
2603 3982 2661 4032 ἐν
2686 3980 2916 4043 ἐκείνοις
2941 3978 3142 4046 Θωμᾶς
3172 3979 3200 4031 6
3231 3977 3523 4047 λεγόμενος
3553 3977 3649 4031 Δί-

2061 4069 2121 4123 δυ
2130 4086 2255 4141 μος,
2281 4070 2374 4123 καὶ
2398 4068 2592 4140 ἐδεήθη
2617 4067 2710 4123 τοῦ
2730 4069 2827 4133 τάς
2850 4070 3039 4139 χεῖρας
3063 4067 3391 4135 εἰσενεγκεῖν
3414 4067 3496 4128 εἰς
3517 4067 3649 4131 τοὺς

2061 4162 2266 4226 τύπους
2296 4161 2406 4216 τῶν
2433 4157 2580 4232 ἥλων
2599 4177 2613 4191 ·
2647 4159 2842 4231 ἐδεήθη
2868 4158 2926 4212 δὲ
2958 4158 3051 4213 καὶ
3079 4159 3178 4230 τὴν
3208 4157 3450 4230 πλευρὰν
3478 4158 3647 4212 αὐτοῦ

2064 4253 2422 4325 καταμαθεῖν.
2455 4254 2519 4306 Εἰ
2567 4251 2624 4306 δὲ
2661 4252 2691 4305 6
2744 4250 2990 4322 μαθητὴς
3024 4253 3229 4307 ἐκεῖνος
3273 4254 3303 4305 6
3338 4252 3485 4321 τρεῖς
3519 4250 3652 4322 χρό-

2063 4362 2187 4410 νους
2218 4345 2505 4417 διατρίψας
2552 4344 2672 4414 μετ’
2708 4342 2873 4397 αὐτοῦ
2892 4380 2911 4409 ,
2936 4344 2965 4396 6
2995 4341 3273 4413 τραπέζης
3307 4343 3649 4410 Δεσποτικῆς

2064 4435 2398 4505 κοινωνήσας
2416 4474 2432 4498 ,
2486 4431 2516 4487 6
2557 4433 2759 4503 σημεῖα
2787 4431 2882 4485 καὶ
2918 4433 3123 4501 τέρατα
3171 4430 3504 4499 θεασάμενος
3550 4430 3650 4498 μέ-

2064 4542 2228 4593 γιστα
2249 4562 2265 4585 ,
2296 4525 2324 4577 6
2359 4524 2624 4594 ῥημάτων
2653 4522 2999 4575 Δεσποτικών
3047 4519 3332 4592 μετασχὼν
3354 4559 3370 4587 ,
3399 4521 3496 4573 καὶ
3522 4518 3651 4574 ίδὼν

2064 4616 2225 4671 αὑτὸν
2259 4615 2568 4669 ἀναστάντα
2590 4652 2605 4676 ,
2633 4614 2696 4666 οὐ
2725 4611 2988 4685 πρότερον
3018 4612 3369 4677 ἐπίστευσεν,
3418 4610 3526 4676 ἕως
3557 4612 3647 4665 ὅτε

2063 4709 2190 4771 τοὺς
2216 4706 2416 4770 τύπους
2441 4705 2549 4759 τῶν
2574 4705 2719 4777 ἢλων
2748 4705 2843 4758 καὶ
2869 4705 2968 4774 τῆς
3001 4704 3200 4776 λόγχης
3250 4703 3319 4757 τά
3355 4704 3648 4774 τραύματα

2067 4794 2174 4852 εἶδε
2197 4814 2212 4828 ⁸
2243 4799 2361 4861 πῶς
2394 4796 2743 4868 ήοίκουμένη
2776 4794 3055 4849 πιστεύειν
3079 4796 3305 4865 ἔμελλεν
3324 4838 3338 4862 ,
3377 4795 3498 4848 εἰπέ
3533 4813 3644 4867 μοι,

2068 4892 2116 4942 εἰ
2143 4884 2282 4943 εἴδεν
2310 4889 2472 4943 αὐτὸν
2508 4887 2625 4961 [9|]
2651 4886 2960 4941 ἀναστάντα
2984 4903 2998 4953 ;
3028 4886 3138 4940 Καὶ
3156 4887 3241 4949 τίς
3277 4886 3341 4939 ἂν
3366 4885 3539 4939 ταῦτα
3565 4885 3647 4938 εἵ-

2068 5001 2192 5050 ποι;
2221 4982 2336 5035 Οὐκ
2381 4980 2632 5033 ἐντεῦθεν
2661 4978 2718 5031 δὲ
2752 4978 2930 5049 μόνον,
2969 4976 3106 5032 ἀλλά
3134 4979 3228 5032 καὶ
3249 4976 3514 5048 ἑτέρωθεν
3540 4977 3645 5029 δείο

2067 5068 2227 5141 ξομεν
2249 5108 2264 5134 ,
2307 5069 2390 5122 ὅτι
2430 5067 2631 5139 μᾶλλον
2668 5066 2853 5121 ἔπειθε
2880 5067 2949 5119 τά
2992 5068 3193 5138 σημεῖα
3222 5065 3314 5119 τοῦ
3348 5065 3648 5121 θεάσασθαι

2064 5162 2184 5216 κατ’
2208 5160 2329 5230 ὄψιν
2376 5159 2705 5215 ἀναστάντα.
2753 5156 3106 5220 Ἀκούσαντες
3149 5158 3256 5229 γὰρ
3283 5158 3332 5210 οἱ
3376 5157 3524 5228 ὄχλοι
3550 5154 3646 5210 τοῦ

2064 5254 2271 5324 Πέτρου
2323 5253 2403 5324 τῷ
2453 5254 2641 5325 χωλῷ,
2664 5254 2938 5323 λέγοντος,
3014 5253 3111 5305 Ἐν
3166 5254 3409 5321 ὀνόματι
3449 5249 3645 5319 Ἰησοῦ

2062 5346 2320 5415 Χριστοῦ
2351 5349 2568 5417 ἐγειραι
2592 5347 2690 5401 καὶ
2722 5345 3048 5416 περιπάτει,
3079 5342 3366 5416 τρισχίλιοι
3397 5343 3647 5395 ἐπίστευ-

2065 5455 2165 5492 σαν
2199 5439 2292 5492 καὶ
2326 5439 2749 5510 πεντακισχίλιοι
2776 5438 2856 5509 τῷ
2879 5436 3100 5509 Χριστῷ
3125 5438 3320 5508 ἄνδρες
3339 5453 3353 5467 ·
3382 5436 3411 5489 6
3447 5433 3504 5488 δὲ
3540 5452 3637 5505 μα-

2063 5530 2230 5600 θητὴς
2262 5530 2386 5583 ἰδὼν
2412 5531 2719 5584 ἀναστάντα
2757 5531 3083 5601 ἠπίστησεν.
3132 5530 3295 5600 Ὁρᾷς
3326 5529 3446 5591 πῶς
3487 5525 3645 5580 τοῦτο

2061 5618 2426 5693 εὐκολώτερον
2481 5621 2681 5690 μᾶλλον
2715 5622 2849 5692 πρὸς
2880 5622 2979 5693 τὴν
3031 5621 3132 5688 τῆς
3181 5619 3530 5681 ἀναστάσεως
3557 5617 3644 5670 πί-

2063 5729 2212 5776 στιν;
2258 5712 2461 5767 Ἐκεῖνο
2494 5712 2592 5784 μὲν
2629 5714 2739 5787 γὰρ
2769 5714 2864 5768 καὶ
2911 5716 2940 5767 6
2996 5715 3193 5777 οἰκεῖος
3243 5710 3491 5783 μαθητὴς
3522 5710 3647 5763 ἰδὼν

2060 5805 2355 5876 ἡπίπτησε·
2386 5805 2557 5861 ταῦτα
2604 5806 2660 5861 δὲ
2709 5806 2802 5861 καὶ
2852 5807 2901 5861 οἱ
2949 5805 3132 5877 ἐχθροὶ
3171 5804 3495 5873 θεασάμενοι
3525 5799 3645 5856 ἐπί·
