4086 6420
394 363 492 418 105

382 483 470 519 vos
489 476 661 522 autem
690 468 1067 540 baptizabimini
1091 476 1289 546 Spiritu
1325 494 1499 539 sancto
1526 502 1625 539 non
1651 498 1762 549 post
1794 491 1975 544 nmttos

381 556 473 612 hos
499 558 607 613 dies
637 558 774 632 (Act.
798 563 921 619 1.4.
947 565 1026 637 5).
1055 566 1181 624 llzec
1209 581 1386 626 autem
1423 574 1473 630 in
1495 575 1683 632 diebus
1709 578 1814 634 illis
1838 597 1974 651 qua-

377 648 622 720 draginta
640 665 675 706 a
690 649 969 710 Salvatore
993 659 1295 716 suntdicta.
1315 662 1482 735 Igitur
1496 669 1581 731 qui
1607 648 1938 727 convenerant
1951 713 1969 742 ,

374 740 755 813 interrogabant
783 761 897 800 eum
925 748 1144 805 dicentes
1174 767 1193 806 :
1216 752 1456 822 Domine,
1484 760 1529 813 si
1546 760 1601 814 in
1627 771 1849 833 tempore
1874 765 1971 820 ltoc

369 829 603 886 restitues
626 849 840 904 regnum
868 834 1038 894 Israel
1065 840 1092 894 7
1114 840 1262 898 Dixit
1289 856 1457 902 autem
1485 851 1558 904 eis
1575 891 1592 916 ,
1630 851 1751 907 Non
1779 865 1852 909 est
1878 873 1964 911 ve-

265 980 286 988 _
365 929 527 974 stram
550 938 699 978 nosse
717 934 944 996 tempora
967 930 1045 984 vel
1061 944 1313 988 momenta
1332 977 1349 1002 ,
1389 955 1502 1008 qua:
1528 939 1687 997 Pater
1716 947 1883 1013 posuit
1908 947 1962 1002 in

363 1023 461 1062 sua
513 1020 800 1080 potestate;
846 1016 936 1070 sed
987 1021 1242 1091 accipietis
1288 1026 1521 1082 virtutem
1566 1036 1961 1101 supervenientis

362 1096 592 1167 Spiritus
612 1104 774 1157 sancti
802 1104 858 1159 in
880 1121 968 1161 vos
985 1148 1003 1174 ,
1026 1120 1074 1163 et
1098 1111 1237 1168 eritis
1265 1116 1391 1170 mihi
1410 1126 1556 1174 testes
1577 1122 1950 1194 inJerusalem,

358 1199 409 1242 et
449 1190 504 1245 in
543 1193 684 1247 omni
720 1194 911 1251 Judtea
950 1207 1000 1253 et
1046 1200 1323 1272 Samaria,
1350 1217 1398 1261 et
1428 1225 1585 1279 usque
1624 1214 1693 1266 ad
1722 1215 1955 1272 ultimum

357 1290 525 1336 teme.
559 1281 628 1336 Et
652 1278 771 1340 cum
806 1287 916 1342 lucc
943 1290 1186 1357 dixisset,
1232 1278 1513 1355 videntibus
1553 1303 1690 1368 illis,
1734 1305 1953 1363 elevatus

353 1382 428 1426 est
444 1413 460 1440 ,
488 1383 537 1428 et
560 1376 716 1430 nubes
742 1380 964 1448 suscepit
991 1398 1107 1437 eum
1130 1385 1194 1439 ab
1210 1389 1369 1443 oculis
1390 1406 1565 1446 eorum
1597 1392 1703 1463 (Ib.
1732 1412 1778 1450 v.
1798 1398 1945 1470 6-9).

354 1461 554 1530 Vides,
609 1483 718 1537 quo
771 1480 926 1539 pacto
965 1482 1020 1528 et
1047 1489 1169 1530 cum
1198 1477 1331 1548 ipsis
1364 1461 1714 1556 quadraginta
1757 1461 1945 1549 diebus

347 1563 597 1611 versatus
640 1556 805 1613 fuerit
846 1560 1095 1620 Christus
1142 1566 1195 1622 in
1245 1570 1434 1638 terris,
1484 1583 1539 1629 et
1564 1587 1686 1646 post
1713 1582 1946 1650 quadra-

345 1644 493 1713 ginta
518 1646 735 1703 demum
768 1649 884 1707 dies
911 1666 1223 1726 assumptus
1248 1660 1305 1714 in
1329 1663 1493 1720 caelos
1521 1644 1682 1724 fuerit
1699 1686 1714 1737 ;
1730 1644 1837 1728 sed
1860 1675 1940 1730 vi-

341 1735 568 1793 deamus
594 1754 662 1795 an
689 1741 744 1797 in
770 1743 1089 1804 Pentecoste
1137 1752 1335 1809 missus
1363 1754 1529 1813 fuerit
1553 1759 1785 1832 Spiritus
1808 1782 1936 1823 san-

338 1838 484 1885 ctus.
528 1830 599 1886 Et
635 1849 752 1889 cum
798 1840 1170 1910 complentur,
1196 1844 1403 1917 inquit,
1437 1851 1544 1907 dies
1572 1830 1892 1914 Pentecostes
1914 1902 1930 1927 ,

337 1922 510 1991 factus
535 1934 610 1979 est
645 1939 849 1998 repente
873 1932 939 1986 de
975 1934 1101 1989 ctelo
1127 1953 1281 1993 sonus
1321 1949 1578 2015 tamquam
1621 1949 1932 2012 advenientis

332 2015 546 2082 spiritus
573 2018 873 2078 vehementis
897 2064 913 2089 ,
953 2037 1003 2080 et
1022 2043 1375 2098 apparuerunt
1393 2035 1497 2092 illis
1522 2038 1801 2111 dispertin
1829 2047 1929 2102 lin-

328 2122 453 2175 gate
493 2118 750 2181 tamquam
794 2115 928 2184 ignis
947 2157 965 2185 ,
1007 2121 1234 2194 seditque
1277 2141 1436 2196 supra
1480 2130 1710 2203 singulos
1750 2153 1926 2194 eorum

328 2195 439 2268 (Ib.
462 2198 517 2253 2.
537 2201 563 2255 1
594 2230 622 2243 -
645 2203 680 2258 5
699 2199 740 2277 ).
778 2204 988 2263 Videtis
1007 2222 1246 2268 exactam
1261 2195 1774 2283 demonstrationem
1791 2229 1925 2285 alla-

325 2299 471 2354 tam.
487 2301 541 2347 ut
561 2305 772 2352 constet
796 2299 1144 2372 quadraginta
1168 2305 1358 2364 diebus
1378 2310 1437 2367 in
1470 2315 1626 2370 terris
1650 2317 1920 2379 Christum

318 2392 448 2435 esse
478 2392 779 2450 versatum,
828 2403 929 2445 nec
975 2392 1142 2447 ullum
1185 2395 1253 2452 ab
1292 2402 1552 2469 apostolis
1597 2408 1917 2470 miraculum

316 2483 445 2525 esse
468 2476 774 2542 patratum?
801 2479 1082 2545 Quomodo
1106 2488 1249 2543 enim
1279 2491 1537 2550 miracula
1576 2508 1789 2568 patrare
1816 2520 1914 2574 po-

317 2561 581 2632 tuissent,
622 2581 745 2622 cum
774 2571 1004 2630 necdum
1028 2580 1202 2635 sancti
1230 2596 1294 2637 ac
1314 2584 1508 2642 viviﬁci
1539 2587 1769 2660 Spiritus
1787 2611 1913 2667 gra-

315 2657 451 2709 tiam
475 2661 814 2730 accepissent
844 2667 869 2719 't

386 2746 560 2803 Lectio
587 2749 869 2823 Scriptura:
902 2758 954 2812 in
983 2762 1120 2831 festis
1141 2764 1426 2824 distributa.
1456 2771 1561 2829 Cur
1582 2788 1694 2847 post
1716 2778 1910 2837 Resur-

306 2838 585 2893 rectionent
614 2840 815 2900 Iudicis
851 2864 955 2903 non
995 2858 1291 2923 apparuerit
1316 2859 1573 2920 Christus.
1601 2897 1676 2909 —-
1702 2869 1907 2929 Videtis

272 2964 277 2970 .
307 2936 438 2995 post
455 2930 809 3005 quadraginta
829 2937 947 2997 dies
958 2940 1143 3000 Iesum
1169 2962 1505 3022 assumptum
1524 2958 1578 3012 in
1599 2961 1760 3019 caelos
1771 2964 1904 3022 luis-

303 3028 367 3071 se
388 3017 415 3069 ?
438 3016 645 3077 Videtis
670 3040 858 3083 rursus
882 3040 1005 3101 post
1033 3033 1219 3092 decem
1241 3016 1449 3100 dies-ab
1472 3016 1901 3117 apostolis‘edita

298 3121 430 3164 esse
458 3109 715 3169 miracula
741 3116 766 3171 ἲ
789 3117 924 3175 Cum
951 3124 1095 3179 enim
1122 3131 1487 3201 complcretur
1506 3109 1649 3196 -dies
1702 3144 1899 3203 Pente-

296 3208 516 3269 costes,
568 3205 835 3267 demissus
879 3224 965 3271 est
1011 3217 1244 3290 Spiritus
1290 3240 1510 3288 sanctus
1553 3251 1571 3288 :
1603 3236 1706 3293 hoc
1738 3240 1900 3310 igitur

294 3292 650 3358 qumrendum
679 3309 876 3371 restat,
905 3321 1010 3376 qua
1049 3310 1120 3365 de
1148 3327 1309 3371 causa
1339 3317 1393 3373 in
1421 3292 1893 3388 Pentecostesz

292 3380 547 3452 legantur
569 3388 968 3458 Apostolorum.
998 3399 1055 3456 Si
1085 3405 1228 3459 enim
1250 3416 1361 3465 tum
1389 3413 1538 3485 signa
1578 3416 1759 3477 facere
1783 3439 1893 3482 cm-

291 3487 496 3544 perunt
514 3484 741 3549 apostoli
761 3527 778 3553 ,
809 3487 911 3544 hoc
929 3502 1014 3547 est
1039 3506 1159 3564 post
1180 3498 1391 3558 Domini
1417 3514 1888 3586 resurrectionem,

292 3572 413 3619 tum
442 3567 605 3624 etiam
636 3574 777 3630 hunc
827 3578 929 3649 legi
968 3582 1161 3641 librum
1188 3594 1487 3659 oportebat.
1539 3567 1889 3674 Νειωᾲᾆᾷιῖίῖ

288 3658 669 3721 admodumea
689 3683 808 3739 quae
854 3673 921 3728 ad
947 3690 1159 3735 crucem
1195 3686 1493 3759 pertinent,
1522 3691 1574 3746 in
1616 3658 1885 3771 die-legi-

287 3765 417 3806 mus
437 3756 635 3824 crucis,
652 3769 707 3814 et
727 3760 781 3815 in
798 3771 1192 3829 resurrectione
1215 3775 1342 3831 item
1359 3818 1376 3846 ,
1408 3789 1463 3836 et
1488 3783 1540 3838 in
1567 3786 1790 3858 singulis
1810 3793 1886 3847 ie-

282 3943 337 3987 et
354 3935 615 3992 miracula
637 3945 872 4012 oportuit
894 3952 1190 4019 apostolica
1209 3955 1262 4011 in
1275 3935 1691 4029 apostolicorum
1714 3971 1879 4029 mira-

280 4025 528 4081 culorum
555 4028 745 4087 diebus
764 4033 889 4107 legi.

349 4116 412 4171 6.
449 4116 559 4174 Cur
578 4119 739 4191 igitur
758 4140 864 4183 non
888 4128 977 4183 illa
1011 4140 1121 4189 tum
1142 4133 1385 4208 legamus
1404 4183 1421 4211 ,
1439 4143 1534 4200 sed
1556 4149 1733 4205 statim
1757 4163 1878 4222 post

279 4221 500 4265 crucem
519 4252 537 4278 ,
566 4224 622 4269 et
641 4221 1089 4281 resurrectionem
1111 4268 1128 4295 ,
1155 4243 1374 4288 causam
1399 4251 1615 4295 omnem
1644 4241 1874 4316 diligen-

277 4308 361 4355 ter
402 4303 685 4363 attendite.
731 4309 927 4369 Statim
976 4327 1095 4386 post
1137 4337 1389 4395 crucem,
1418 4303 1870 4396 resurrecuonem

276 4390 478 4450 Christi
498 4401 909 4461 annuntiamus:
934 4423 1095 4478 porro
1113 4413 1501 4478 demonstratio
1523 4433 1874 4489 resurrectio-

275 4484 359 4541 nis
388 4487 643 4546 miracula
662 4504 789 4549 sunt
813 4502 1106 4567 apostolica
1134 4524 1149 4559 :
1192 4511 1339 4579 atqui
1371 4515 1502 4570 nihil
1531 4518 1674 4576 aliud
1703 4533 1787 4578 est
1806 4526 1872 4580 li-

272 4574 371 4630 ber
399 4576 536 4647 iste,
574 4597 732 4653 quam
779 4593 1195 4657 apostolicorum
1241 4601 1423 4658 schola
1464 4609 1865 4673 miraculorum.

270 4666 428 4734 Quod
469 4672 629 4743 igitur
676 4677 963 4739 dominicae
1007 4694 1419 4753 resurrectionis
1444 4703 1678 4761 maxime
1701 4706 1863 4765 ﬁdem

269 4758 430 4827 facit,
461 4762 564 4819 hoc
585 4769 766 4824 statim
796 4782 918 4842 post
941 4792 1155 4836 crucem
1183 4793 1240 4839 et
1276 4786 1400 4845 vita;
1425 4791 1749 4864 largitricem
1778 4817 1864 4857 re-

270 4855 661 4914 surrectionem
693 4870 872 4931 patres
916 4858 1021 4939 legi
1046 4881 1369 4936 statuerunt.
1399 4855 1549 4940 lianc
1587 4886 1749 4958 igitur
1780 4855 1861 4948 oh

265 4956 482 5001 causam
508 4989 524 5013 ,
568 4949 938 5023 dilectissimi,
994 4964 1171 5020 statim
1236 4979 1359 5039 post
1397 4988 1613 5032 crucem
1663 4994 1728 5036 ac
1774 4998 1859 5038 re-

263 5041 652 5099 surrectionem
678 5047 929 5105 miracula
958 5054 1184 5126 legimus
1220 5066 1623 5139 apostolorum,
1654 5082 1713 5127 ut
1737 5090 1856 5130 ma-

265 5129 512 5188 nifestam
542 5145 596 5190 et
646 5138 998 5201 indubitatam
1037 5129 1450 5214 resurrectionis
1478 5163 1853 5231 probationem

263 5217 572 5280 habeamus.
603 5227 907 5289 Excitatum
938 5236 1085 5294 illum
1112 5256 1142 5295 a
1170 5247 1396 5303 mortuis
1425 5217 1701 5323 corporeis
1724 5273 1853 5313 ocu-

261 5309 324 5364 lis
349 5328 455 5368 non
480 5316 696 5387 vidisti,
730 5322 827 5378 sed
845 5327 1013 5384 oculis
1034 5329 1156 5387 ﬁdei
1188 5338 1367 5394 cernis
1386 5309 1540 5396 illuni
1565 5360 1594 5398 a
1622 5350 1852 5405 mortuis

257 5405 570 5463 excitatum.
589 5409 707 5467 Non
727 5414 903 5472 vidisti
934 5420 1082 5477 illum
1108 5424 1193 5481 his
1216 5430 1387 5486 oculis
1408 5447 1436 5486 a
1458 5437 1682 5491 mortuis
1710 5446 1849 5495 exci-

257 5503 418 5552 tatum
439 5542 455 5566 ,
483 5511 538 5555 at
564 5517 660 5573 per
688 5506 778 5564 illa
796 5511 1051 5569 miracula
1076 5520 1367 5579 excitatum
1387 5524 1535 5582 illum
1559 5544 1591 5584 a
1618 5534 1844 5590 mortuis

252 5586 549 5649 intuebere.
586 5596 670 5652 Ad
694 5598 843 5655 illum
870 5605 1011 5660 enim
1043 5607 1165 5664 ﬁdei
1194 5626 1539 5685 conspectum
1567 5586 1839 5693 signoruni

248 5682 500 5742 exhibitio
529 5696 582 5745 te
600 5690 837 5751 deducit.
869 5697 1054 5771 Itaque
1074 5706 1243 5763 multo
1263 5682 1435 5779 major
1457 5723 1512 5768 ct
1539 5717 1838 5775 evidentior

246 5769 332 5825 illa
361 5772 456 5832 fuit
474 5777 894 5855 demonstratio,
923 5769 1064 5862 quod
1087 5795 1141 5849 in
1173 5797 1289 5867 ejus
1320 5769 1535 5861 nomine
1555 5769 1828 5878 signa—lie-

1064 361 1202 417 CUR
1243 363 1308 420 IN
1347 365 1637 424 PENTEC.
1680 371 1882 441 ACTA,
1922 373 2074 436 ETC.
2120 381 2185 436 ΙΝ
2224 383 2511 448 PRINCIP.
2554 396 2898 461 ACTORUM.
2947 410 3032 468 IV.

3573 432 3678 490 ltiti

2087 506 2236 564 rent,
2268 517 2428 571 quam
2455 510 2596 577 quod
2624 517 2886 576 excitatus
2917 523 3005 590 ille
3032 542 3062 581 a
3090 535 3316 590 mortuis
3362 551 3666 609 appareret.

2087 585 2284 609 “LM.
2332 603 2342 609 ,

2934 585 2954 590 ν
3184 585 3313 590 μη--
3363 585 3411 607 _,
3435 585 3664 609 γυνη...

2086 585 2247 646 Visne
2272 591 2603 669 intelligere,
2631 620 2741 676 quo
2770 622 2924 678 pacto
2960 618 3220 687 majorem
3251 635 3664 696 resurrectionis

2077 677 2218 735 istud
2248 683 2406 742 [idem
2447 688 2633 760 faciat,
2664 677 2820 768 quam
2851 703 2897 757 si
2925 709 3163 765 onmium
3194 712 3468 776 hominum
3495 731 3667 786 oculis

2074 782 2197 826 sese
2243 774 2556 838 intuendum
2595 786 2878 848 obtulisset
2903 795 2928 850 Υ
2952 796 3257 861 Prudenter
3282 816 3541 872 attendite
3572 834 3586 872 :
3617 822 3662 877 si

2071 861 2292 929 quidem
2323 870 2476 926 multi
2498 889 2776 949 qumrunt,
2793 892 2850 940 et
2867 886 3054 945 dicunt
3082 910 3097 946 ε
3125 895 3294 963 Quam
3325 903 3395 959 ob
3417 920 3656 979 causam,

2068 965 2191 1008 cum
2220 964 2637 1034 resurrexisset,
2671 987 2779 1029 non
2807 979 2988 1035 statim
3028 983 3231 1044 Iudaeis
3255 999 3542 1064 apparuit?
3562 964 3654 1057 ve:

2066 1059 2188 1100 rum
2216 1062 2648 1121 supervacaneus
2674 1072 2729 1120 et
2768 1083 2937 1128 vanus
2961 1085 3045 1130 est
3068 1077 3171 1134 iste
3194 1096 3397 1143 sermo.
3426 1089 3482 1145 Si
3510 1097 3650 1157 enim

2066 1134 2127 1157 η,
2163 1138 2193 1157 η
2219 1138 2257 1157 ,Α
2553 1151 2585 1157 --

2061 1134 2128 1189 ad
2159 1138 2319 1195 ﬁdem
2343 1143 2464 1202 illos
2481 1151 2807 1218 pellecturus
2831 1160 3036 1233 luisset,
3064 1180 3184 1238 post
3199 1182 3644 1246 resurrectionem

2059 1231 2310 1288 omnibus
2341 1250 2601 1308 apparere
2629 1262 2736 1303 non
2777 1267 3080 1315 recusasset
3110 1280 3126 1316 :
3165 1275 3419 1326 centenum
3451 1290 3649 1349 nequa-

2055 1334 2214 1389 quam
2245 1340 2340 1382 eos
2378 1343 2439 1386 se
2464 1335 2812 1403 pellecturum
2843 1345 3038 1416 fuisse,
3066 1354 3115 1408 si
3157 1368 3275 1426 post
3304 1334 3648 1425 resurredtio-

2053 1428 2177 1470 nem
2205 1417 2312 1475 illis
2338 1429 2706 1500 apparuisset,
2740 1452 2837 1506 per
2878 1417 3455 1512 Lazarum-indicavit.
3506 1459 3641 1518 Cum

2048 1505 2193 1562 enim
2248 1508 2390 1569 hunc
2430 1522 2843 1586 quatriduanum
2888 1546 3189 1607 mortuum,
3238 1542 3548 1619 fauentem,
3586 1564 3642 1609 et

2046 1609 2357 1670 corruptum
2387 1611 2733 1684 suseitasset,
2773 1629 2828 1675 et
2856 1622 3124 1683 eﬁ'ecisset
3144 1640 3201 1685 ut
3223 1633 3415 1703 ligatus
3443 1609 3639 1698 insiitis

2045 1685 2100 1741 in
2120 1703 2468 1763 conspectum
2502 1707 2742 1762 omnium
2773 1713 3053 1783 prodiret,
3083 1735 3190 1776 non
3220 1725 3395 1783 solum
3422 1730 3541 1787 illos
3569 1735 3635 1791 ad

2042 1775 2202 1836 ﬁdem
2229 1799 2335 1841 non
2361 1793 2598 1861 attraxit,
2618 1798 2713 1855 sed
2730 1803 2890 1859 etiam
2918 1806 3178 1866 irritavit:
3197 1818 3471 1877 venientes
3489 1826 3631 1881 enim

2040 1867 2215 1937 ipsum
2239 1876 2403 1933 etiam
2427 1881 2734 1946 interﬁcere
2750 1891 2852 1951 hac
2877 1896 2945 1953 de
2965 1914 3125 1957 causa
3145 1906 3429 1968 voluerunt
3449 1913 3629 1987 (Joan.

2040 1959 2107 1987 ιο
2160 1962 2247 1987 sm
2322 1967 2376 1987 ne
2422 1986 2425 1987 ν
2765 1983 2775 1987 -

2038 1959 2127 2014 12.
2159 1962 2273 2036 l0).
2321 1967 2378 2024 Si
2406 1986 2535 2043 ergo
2578 1992 2700 2034 cum
2728 1983 2957 2042 alterum
2983 2004 3012 2044 a
3040 1998 3269 2053 mortuis
3295 1959 3623 2080 excitasset,

2032 2063 2139 2106 non
2169 2062 2345 2114 tamen
2368 2064 2712 2126 crediderunt
2737 2090 2750 2126 :
2780 2078 2826 2130 si
2851 2079 3089 2151 seipsum
3117 2092 3443 2152 ostendisset
3476 2114 3507 2154 a
3532 2062 3626 2157 se:

2029 2146 2259 2216 metipso
2278 2154 2613 2228 suscitatum,
2641 2178 2819 2223 nonne
2860 2171 2915 2227 in
2954 2173 3126 2243 ipsum
3174 2180 3358 2242 furore
3395 2194 3626 2252 exarsis-

2026 2238 2184 2292 sent?
2229 2240 2462 2302 Tametsi
2493 2250 2625 2307 nihil
2653 2257 2721 2311 ad
2747 2238 2995 2320 eﬁ‘ectum
3028 2272 3330 2339 perducturi
3357 2279 3618 2343 fuissent:

2027 2332 2206 2385 tamen
2232 2331 2385 2391 irrito
2412 2353 2605 2398 conatu
2630 2360 2780 2405 suam
2810 2352 3137 2425 impietatem
3165 2371 3551 2434 exercuissent.

2096 2417 2464 2484 dliraculorum
2506 2434 2579 2489 vis
2630 2440 2701 2492 ad
2725 2445 3037 2511 probandam
3063 2452 3516 2520 Resurrectionem.
3545 2498 3618 2512 ~—

2023 2509 2090 2566 Ut
2118 2514 2277 2584 igitur
2302 2534 2399 2576 eos
2423 2528 2694 2595 superﬂuo
2725 2509 2910 2594 iurare
2934 2541 3207 2615 liberaret,
3256 2554 3490 2623 scipsum
3517 2574 3613 2615 oc-

2017 2604 2236 2663 cultavit
2262 2629 2278 2667 :
2308 2616 2496 2685 majori
2522 2622 2665 2677 enim
2694 2626 2814 2683 illos
2841 2635 3104 2702 supplicio
3145 2604 3408 2703 obnoxios
3434 2650 3613 2707 reddi~

2014 2695 2202 2766 disset,
2230 2705 2275 2758 si
2323 2716 2444 2775 post
2479 2725 2695 2769 crucem
2746 2695 3104 2790 apparuisset.
3133 2731 3389 2797 Quocirca
3418 2749 3475 2794 ut
3504 2742 3611 2799 illis

2019 2803 2283 2861 parceret,
2311 2798 2546 2869 seipsum
2572 2808 2788 2875 quidem
2812 2814 2880 2869 ab
2912 2818 3082 2875 oculis
3106 2836 3292 2880 eorum
3313 2828 3604 2902 subtraxit,

2010 2884 2106 2939 sed
2158 2888 2318 2946 editis
2347 2901 2525 2951 tamen
2573 2899 2850 2961 miraculis
2901 2910 3139 2981 seipsum
3189 2921 3439 2977 ostendit.
3487 2925 3604 2982 Non

2009 2973 2154 3029 enim
2197 2980 2373 3037 minus
2399 2994 2515 3041 erat
2537 3026 2553 3054 ,
2583 3004 2744 3060 quam
2772 2996 2817 3050 si
2839 3000 3130 3059 excitatum
3160 3021 3191 3061 a
3234 3013 3460 3070 mortuis
3482 3032 3604 3074 eum

2005 3080 2309 3140 cernerent,
2336 3078 2479 3145 quod
2508 3080 2729 3141 Petrum
2768 3087 3033 3149 dicentem
3074 3098 3323 3157 audirent
3353 3122 3367 3158 :
3394 3105 3464 3162 In
3509 3126 3603 3165 noe-

2006 3158 2142 3212 mine
2166 3160 2294 3217 Jesn
2342 3165 2529 3223 Christi
2565 3190 2717 3245 surge
2738 3188 2784 3232 et
2807 3182 3015 3239 ambula
3043 3187 3177 3258 (Act.
3207 3192 3262 3248 5.
3295 3194 3373 3267 6).

2006 3243 2105 3271 LM
2134 3251 2335 3271 “UH-
2433 3257 2446 3271 .
2520 3260 2531 3271 .
2812 3269 2824 3271 μ

2657 3243 2670 3245 s,
3047 3243 3059 3258 ι
3170 3243 3173 3244 ν
3211 3243 3261 3248 τ-
3300 3243 3372 3267 ’1⁷
3419 3243 3595 3271 ·⁶”Ὶ“τν

2003 3243 2107 3301 hoc
2130 3251 2347 3318 quidem
2395 3257 2683 3326 plurimum
2743 3269 2976 3329 valuisse
3029 3277 3096 3331 ad
3143 3289 3595 3347 resurrectionem

2000 3338 2382 3402 adstruendam
2404 3389 2419 3413 ,
2453 3360 2614 3422 atque
2662 3357 2729 3412 ad
2778 3359 2937 3418 ﬁdem
2965 3366 3262 3429 faciendam
3296 3380 3586 3446 proclivius

1997 3444 2159 3499 quam
2208 3435 2339 3492 illud
2388 3441 2575 3510 prius,
2630 3448 2943 3525 faciliusque
3004 3435 3593 3532 mentibus-hominum

1998 3526 2321 3591 persuadere
2347 3534 2592 3600 potuisse
2627 3541 2881 3601 miracula
2903 3588 2918 3615 ,
2963 3565 3083 3618 qute
3134 3553 3188 3610 in
3218 3558 3335 3629 ejus
3376 3566 3595 3623 nomine

1994 3611 2135 3668 facta
2159 3619 2533 3691 cernebantur,
2564 3642 2723 3697 quam
2753 3633 2798 3688 si
2824 3650 2854 3689 a
2880 3611 3108 3698 mortuis
3131 3611 3419 3707 excitauim
3441 3655 3590 3712 illum

1990 3706 2268 3779 vidissent,
2295 3713 2421 3773 inde
2437 3724 2721 3779 constabit.
2747 3727 3078 3802 Resurrexit,
3099 3746 3155 3792 et
3169 3741 3406 3812 seipsum
3432 3746 3589 3804 disci-

1989 3799 2129 3864 pulis
2156 3798 2404 3879 Christus
2427 3812 2663 3867 ostendit
2694 3831 2708 3867 :
2738 3818 2835 3872 sed
2881 3798 3135 3883 inventus
3155 3798 3454 3890 est.tamen
3482 3840 3585 3895 alie

1986 3890 2107 3958 quis
2133 3901 2189 3947 et
2216 3895 2491 3957 interillos
2518 3902 2824 3964 incredulus
2867 3910 3124 3986 Thomas,
3156 3921 3248 3990 qui
3271 3922 3467 3981 dicitur

1984 3981 2196 4053 dymus,
2227 3996 2432 4060 etopus
2453 3993 2527 4049 illi
2551 3994 2671 4061 fuit,
2702 4001 2839 4057 utin
2884 3981 3118 4076 ﬁguram-
3137 3981 3411 4072 clavorum

1986 4090 2088 4131 nus
2112 4078 2382 4139 inferret:
2424 4101 2559 4156 opus
2613 4089 2733 4160 fuit,
2776 4105 2834 4149 ut
2881 4106 2937 4152 et
2987 4098 3129 4157 latus
3172 4104 3286 4175 ejus
3340 4110 3578 4181 palpare:

1983 4166 2161 4239 (Jonn.
2183 4171 2274 4228 20.
2296 4173 2387 4230 24.
2417 4179 2574 4249 sqq.).
2606 4182 2759 4249 Quod
2783 4186 2827 4240 si
2854 4186 3151 4261 discipulus
3199 4166 3312 4267 ille,
3340 4166 3442 4270 qui.

1979 4273 2101 4316 cum
2158 4263 2254 4319 illo
2308 4282 2481 4325 annos
2524 4286 2799 4345 exegerat,
2827 4281 2918 4349 qui
2977 4283 3260 4343 dominica:
3296 4263 3565 4366 particeps

1978 4367 2180 4410 mensae
2225 4355 2432 4427 fuerat,
2483 4364 2574 4432 qui
2618 4365 2768 4436 signa
2824 4384 3180 4442 conspexerat
3228 4355 3571 4456 tat-prodigia

1976 4444 2230 4514 maxima,
2256 4450 2346 4518 qui
2366 4451 2672 4521 loquentem
2716 4459 2865 4514 illum
2913 4464 3210 4535 audiverat,
3258 4472 3418 4527 etiam
3445 4490 3568 4532 cum
3623 4509 3626 4511 λ

1975 4532 2122 4589 illum
2144 4552 2173 4590 a
2206 4542 2433 4596 mortuis
2450 4546 2734 4602 excitatum
2762 4551 2982 4621 videret,
3014 4572 3119 4612 non
3141 4561 3288 4629 prius
3312 4568 3564 4638 credidit,

1972 4641 2132 4696 quam
2163 4628 2383 4698 ﬁguram
2409 4633 2680 4692 clavorum
2699 4650 2755 4694 et
2780 4641 2979 4699 lanceae.
3009 4648 3226 4706 vulnera
3247 4660 3563 4727 conspexit:

1969 4718 2260 4786 quomodo,
2317 4736 2521 4791 quaeso,
2565 4733 2707 4783 totus
2757 4732 2905 4787 orbis
2955 4745 3215 4796 terrarum
3258 4746 3564 4808 crediturus

1968 4817 2106 4871 erat,
2163 4808 2211 4863 si
2262 4812 2550 4870 excitatum
2594 4818 2744 4875 illum
2787 4837 2818 4877 a
2869 4830 3094 4885 mortuis
3149 4839 3564 4906 conspexisset?

1966 4896 2098 4962 Quis
2126 4898 2229 4957 hoc
2271 4918 2524 4974 umquam
2563 4908 2742 4968 dicere
2770 4915 3005 4974 audeat?
3052 4921 3235 4994 Neque
3260 4896 3390 4986 v-ero
3431 4932 3557 4991 inde

1965 4993 2196 5058 tantum,
2223 4991 2318 5047 sed
2345 4994 2504 5051 etiam
2546 5000 2763 5059 aliunde
2794 5010 3062 5066 constabit
3087 4991 3205 5082 plus
3234 5017 3301 5073 ad
3327 5034 3552 5090 persua-

1961 5076 2197 5136 dendum
2248 5085 2397 5155 signa
2423 5088 2676 5160 valuisse,
2707 5109 2868 5166 quam
2899 5101 2943 5155 si
2969 5076 3346 5177 resurgentem
3382 5117 3553 5172 oculis

1959 5187 2019 5228 se
2045 5179 2389 5243 spectandum
2416 5182 2749 5250 praebuisset.
2781 5189 2915 5247 Cum
2941 5195 3082 5251 enim
3108 5196 3325 5257 Petrum
3350 5208 3551 5263 audtis-

1958 5272 2078 5318 sent
2100 5265 2267 5319 turbae
2289 5268 2481 5326 claudo
2503 5272 2702 5345 dicere,
2736 5276 2803 5334 In
2824 5287 3024 5340 nomine
3038 5284 3071 5340 .1
3077 5304 3164 5343 esu
3188 5291 3376 5348 Christi
3396 5312 3545 5369 surge

1957 5364 2002 5408 et
2043 5357 2247 5412 ambula
2277 5358 2412 5432 (Art.
2464 5364 2519 5419 5.
2570 5365 2660 5439 6),
2690 5371 2788 5426 tria
2814 5374 2980 5430 millia
3009 5384 3063 5431 et
3088 5379 3324 5450 quinque
3370 5357 3539 5443 millia

1954 5445 2189 5502 virorum
2216 5450 2435 5513 Christo,
2453 5455 2797 5516 crediderunt
2826 5480 2840 5516 :
2868 5474 2924 5519 at
2948 5465 3240 5536 discipulus
3262 5485 3385 5527 cum
3419 5491 3539 5532 sus-

1951 5540 2171 5596 citatam
2199 5543 2441 5613 vidisset,
2481 5549 2789 5608 incredulus
2837 5553 2948 5609 fuit.
2995 5556 3154 5614 Vides
3177 5563 3437 5630 aptiusad
3478 5568 3541 5623 li—

1949 5630 2071 5686 dem
2110 5632 2412 5692 faciendam
2438 5643 2844 5700 resurrectiOnis
2873 5646 2974 5703 hoc
3008 5648 3216 5708 fuisse?
3242 5654 3374 5711 Nam
3405 5659 3536 5717 illud

1947 5721 2162 5789 quidem
2186 5738 2310 5780 cum
2344 5728 2589 5798 proprius
2616 5729 2910 5802 discipulus
2935 5737 3052 5807 ejus
3080 5740 3320 5810 vidisset,
3352 5747 3531 5805 incre-

1946 5811 2107 5870 dulas
2132 5813 2267 5873 iuit:
2300 5829 2357 5873 at
2395 5818 2512 5877 haec
2558 5836 2681 5878 cum
2725 5826 2886 5883 etiam
2932 5830 3130 5891 inimici
3173 5848 3530 5914 spectassem,
