4086 6422
467 417 567 474 ιοτ

465 524 829 582 crediderunt.
843 519 918 572 ita
933 515 1101 586 majus
1119 512 1217 581 ltgc
1234 508 1322 562 illo
1339 504 1433 559 fuit
1445 496 1824 559 etevidentius,
1841 493 2060 560 plusque

467 619 672 675 adiilos
699 611 1027 675 alliciendos,
1051 604 1213 660 valuit
1228 610 1387 669 atque
1413 590 1722 651 ﬂectendos,
1741 597 1799 641 ut
1827 595 2066 639 resurre-

471 673 635 768 ctioui
664 707 822 763 ﬁdem
849 673 1120 757 haberent.
1153 692 1290 762 Quid
1319 690 1439 745 dico
1462 679 1766 741 Thomam?
1793 673 2066 746 Siquidem

477 813 537 860 ut
563 802 701 858 scias
729 813 796 852 ne
823 803 1048 850 eteteros
1088 786 1303 859 quidem
1339 779 1631 850 discipulos
1676 773 1848 844 primo
1878 766 2070 822 intuitu

478 891 792 952 credidisse,
813 855 1363 956 prudentenattende.
1381 871 1496 927 Noli
1527 878 1703 923 tamen
1732 861 1851 917 illos
1876 855 2074 914 conde-

483 999 690 1048 mnare,
712 977 1061 1037 dilectissime
1084 973 1157 1039 ;si
1171 970 1311 1026 enim
1333 966 1450 1020 illos
1471 959 1715 1016 Christus
1731 968 1837 1009 non
1854 950 2077 1005 damna-

487 1093 581 1144 vtt-,
606 1089 782 1145 neque
807 1080 862 1126 tu
889 1065 1243 1124 illosdamnes
1272 1055 1556 1112 :videbant
1583 1048 1724 1105 enim
1755 1059 1866 1100 rem
1887 1040 2078 1095 miram

485 1179 541 1226 et
567 1131 870 1225 Inusitatam
895 1149 1583 1228 discipuli,primogenitum
1611 1143 1782 1212 ipsum
1805 1154 1833 1190 a
1857 1131 2082 1190 mortuis

489 1262 776 1320 excitatum
830 1275 844 1310 :
901 1262 1154 1309 etcterum
1210 1244 1440 1301 maxima
1495 1232 1758 1306 ejusmodi
1828 1223 2084 1282 miracula

496 1357 673 1411 orimo
718 1357 1009 1418 conspectu
1053 1353 1258 1397 terrere
1287 1337 1683 1391 consueverunt
1734 1332 2007 1393 quousque
2032 1315 2087 1368 in

498 1447 735 1505 ﬁdelium
783 1411 1050 1497 mentibus
1110 1443 1396 1504 progressu
1448 1418 1704 1491 temporis
1751 1411 2089 1470 stabilitatem

495 1542 727 1610 aliquam
773 1498 1374 1601 acquisivcrintzvquod
1429 1515 1589 1572 etiam
1638 1521 1764 1565 tunc
1815 1498 2093 1570 discipulis

497 1631 696 1688 evenit.
727 1627 1007 1692 Postquam
1025 1617 1166 1672 euint
1192 1613 1454 1674 Christus,
1486 1605 1575 1676 qui
1606 1618 1636 1656 a
1658 1597 1882 1654 mortuis
1908 1605 2090 1648 resur-

503 1727 737 1782 rcxerat,
775 1684 909 1771 dixit
935 1711 1058 1774 illis,
1110 1706 1228 1760 Paa:
1255 1702 1412 1766 uobis,
1462 1691 1780 1754 Couturbati,
1827 1684 2016 1755 inquit,
2050 1689 2097 1734 et

499 1810 760 1868 conterriti
786 1803 1137 1861 existimabant
1171 1813 1224 1851 se
1258 1793 1492 1864 spiritum
1530 1785 1715 1845 videre,
1746 1790 1792 1834 et
1827 1777 1956 1831 dixit
1994 1771 2098 1827 iiiis

502 1864 659 1959 i2...
680 1917 698 1956 .-
719 1897 854 1966 Quid
879 1892 1063 1949 turbati
1091 1889 1206 1944 estis
1252 1883 1401 1957 (Luc.
1433 1880 1524 1933 et.
1565 1874 1738 1932 ‘56-'58
1761 1871 1801 1941 ).
1834 1869 1961 1923 Post
1988 1864 2103 1918 haec

506 2011 630 2052 cum
656 1990 980 2049 ostendisset
1004 1985 1084 2039 eis
1107 1993 1298 2036 manus
1322 1983 1378 2030 et
1401 1972 1583 2044 pedes,
1633 1965 1754 2019 Non
1793 1957 2104 2016 credentibus

504 2048 740 2158 illi—svmvs:
762 2081 948 2154 gaudio
964 2087 1012 2132 et
1033 2070 1331 2129 mirantibus
1359 2066 1489 2132 dixit
1512 2080 1530 2117 :
1555 2058 1760 2115 Habetis
1789 2055 1870 2108 hic
1888 2048 2104 2158 aliquid,

513 2141 654 2252 quod
681 2141 1014 2231 manducetur
1031 2167 1191 2240 (Ibid.
1209 2181 1257 2218 υ.
1276 2161 1404 2231 4i)?
1425 2155 1566 2227 quod
1598 2154 1697 2207 hac
1721 2147 1928 2203 ratione
1949 2141 2110 2196 vellet

510 2234 619 2328 iiiis
635 2269 792 2324 ﬁdem
807 2265 983 2321 facere
1003 2234 1428 2316 resurrectionis.
1460 2249 1576 2305 Non
1609 2241 1890 2316 persuadet
1914 2236 2007 2292 tibi
2035 2234 2114 2288 la-

519 2377 626 2429 tus,
649 2359 841 2431 inquit,
866 2369 1040 2425 neque
1064 2347 1318 2406 vulnera?
1344 2345 1533 2401 saltem
1564 2349 1746 2393 mensa
1774 2327 2110 2404 persuadeat.

587 2449 644 2510 ’7.
705 2453 775 2508 Ut
829 2458 1006 2504 autem
1075 2447 1322 2497 accurate
1391 2445 1685 2504 cognoscas
1729 2426 1928 2481 idcirco
1967 2421 2113 2474 illum

516 2547 760 2608 dixisse,
802 2539 1011 2594 Habetis
1057 2535 1138 2588 hic
1179 2528 1402 2600 aliquid,
1456 2523 1592 2596 quod
1633 2515 2007 2574 manducetur?
2049 2525 2117 2565 ne

519 2642 658 2694 forte
684 2633 1025 2691 simulacrum
1055 2639 1176 2682 esse
1220 2623 1304 2677 vel
1351 2619 1620 2688 spiritum,
1662 2621 1752 2666 aut
1802 2608 2117 2678 phantasma

529 2732 797 2800 putarent,
832 2721 926 2777 sed
954 2732 1135 2773 veram
1157 2729 1219 2769 ac
1239 2711 1622 2766 subsistentem
1645 2698 2116 2759 resurrectionem,

524 2788 648 2876 audi
675 2788 790 2888 quo-
809 2823 962 2884 pacto
988 2810 1178 2865 Petrus
1203 2805 1285 2858 his
1312 2798 1627 2868 comprobet
1649 2788 2117 2848 resurrectionem.

515 2910 660 2968 Cum
679 2879 1083 2965 ettimdisisset,
1115 2896 1250 2950 Deus
1277 2893 1426 2946 illuni
1449 2885 1728 2946 suscitauit,
1758 2896 1819 2934 ac
1846 2879 1982 2933 dedit
2012 2892 2125 2929 ma—

528 3007 768 3076 nifestum
803 3012 918 3050 eum
956 2991 1066 3061 fieri
1116 2987 1258 3043 nobis
1287 2981 1492 3037 testibus
1520 2972 1894 3046 praeordinatis,
1917 2967 2114 3024 deinde

532 3058 939 3152 resurrectionis
964 3075 1478 3138 demonsuationem
1505 3068 1741 3124 ail'ercus
1766 3063 1960 3134 adjecit
1987 3078 2000 3114 :
2027 3058 2128 3124 Qui

533 3179 950 3240 manducavimus
994 3180 1039 3227 et
1091 3169 1303 3224 bibimus
1349 3178 1466 3217 cum
1506 3176 1565 3214 eo
1595 3157 1734 3227 (Act.
1766 3155 1854 3210 10.
1882 3152 1972 3208 40.
2003 3151 2126 3220 41).

534 3278 822 3344 Propterea
849 3277 1064 3338 quoque
1093 3258 1224 3314 alibi
1254 3255 1500 3311 Christus
1527 3265 1648 3305 cum
1675 3255 1936 3302 mortuam
1955 3240 2128 3296 susci-

533 3329 703 3421 tasset
749 3367 808 3414 ut
837 3329 994 3411 ﬁdem
1020 3350 1222 3407 faceret
1270 3337 1684 3401 resurrectionis
1719 3335 1836 3390 ait:
1880 3331 2012 3385 Date
2051 3329 2132 3383 illi

532 3454 672 3528 quod
697 3447 962 3505 manducet
1005 3440 1198 3515 (Marc.
1227 3437 1282 3493 5.
1311 3435 1433 3504 45).
1478 3431 1614 3486 Cum
1653 3428 1811 3498 igitur
1830 3423 1982 3478 audis
2008 3435 2131 3476 eum

537 3511 827 3618 prmbuisse
868 3511 1105 3607 seipsum
1149 3530 1327 3584 vivum
1355 3539 1454 3596 per
1499 3521 1614 3577 dies
1656 3516 2005 3589 quadraginta
2031 3511 2134 3566 illis

540 3602 909 3708 apparentem,
939 3602 1140 3682 etcum
1167 3619 1274 3674 illis
1303 3621 1630 3676 vescentem,
1660 3621 1877 3664 causam
1904 3602 2132 3659 mandu-

539 3695 765 3785 eaiionis
791 3731 1076 3790 cognosce,
1108 3728 1214 3768 non
1237 3706 1377 3780 quod
1403 3705 1526 3760 cibo
1555 3701 1808 3757 nimirum
1845 3695 2129 3766 indigeret,

543 3823 693 3878 illum
744 3787 1115 3875 manducasse,
1167 3803 1260 3860 sed
1313 3797 1455 3870 quod
1506 3792 1887 3864 discipulorum
1931 3787 2136 3843 mederi

548 3917 702 3972 vellet
729 3902 1113 3967 imbecillitati,
1145 3897 1288 3953 unde
1317 3890 1558 3964 prodigia
1587 3896 1644 3944 et
1681 3888 1834 3956 signa
1863 3879 2138 3952 apostolo-

549 4021 664 4062 rum
695 4004 859 4072 liquet
885 3995 1171 4052 maximam
1189 3981 1598 4042 resurrectionis
1623 3973 2136 4032 demonstrationem

548 4068 835 4154 exstitisse.
867 4090 1201 4157 Quapropter
1227 4079 1300 4132 ait
1325 4078 1439 4145 ipse
1476 4085 1710 4143 quoque,
1739 4068 1897 4120 Amen
1920 4104 1936 4129 ,
1968 4079 2136 4127 amen,

551 4193 664 4246 dico
692 4185 830 4240 vobis
860 4223 874 4246 ,
896 4155 1022 4244 iQui
1065 4173 1222 4229 credit
1257 4171 1310 4223 in
1355 4183 1435 4221 nte
1455 4208 1469 4234 ,
1501 4179 1684 4235 opera,
1717 4175 1829 4231 qua:
1852 4173 1943 4228 ego
1971 4155 2104 4226 facio
2123 4195 2138 4217 ,

553 4243 601 4337 et
634 4281 744 4348 ipse
767 4243 938 4345 faciet,
981 4277 1029 4322 et
1059 4266 1257 4336 majora
1284 4261 1465 4313 horum
1496 4255 1645 4326 faciet
1684 4250 1860 4323 (Joau.
1901 4248 1987 4301 H.
2026 4243 2139 4317 19.).

553 4373 686 4430 Nam
714 4341 963 4439 quoniam
992 4373 1124 4414 crux
1151 4368 1272 4410 cum
1296 4346 1693 4410 intervenisset,
1713 4341 1969 4412 plurimos
1988 4352 2144 4391 scate-

553 4429 894 4521 dulizaverat,
923 4452 1124 4509 idcirco
1152 4445 1391 4518 pluribus
1435 4440 1508 4494 illi
1541 4435 1814 4492 miraculis
1845 4447 1982 4502 opus
2027 4429 2141 4484 luit.

553 4551 766 4622 Alioqui
796 4547 940 4604 enim
968 4544 1035 4606 si,
1062 4554 1185 4595 cum
1210 4536 1432 4590 obiisset
1450 4530 1714 4594 Christus,
1746 4537 1920 4580 morte
1939 4539 2143 4593 praepe-

555 4645 700 4700 ditus
725 4638 1031 4700 mansisset,
1061 4639 1115 4686 et
1157 4629 1423 4697 sepultus,
1453 4635 1627 4691 neque
1652 4616 2056 4679 resurrexisset,
2090 4619 2148 4666 ut

561 4739 711 4794 aiunt
737 4730 930 4796 Judaei,
961 4739 1136 4794 neque
1164 4723 1217 4776 in
1248 4719 1435 4774 caelum
1461 4712 1810 4775 ascendisset,
1841 4724 1948 4764 non
1975 4708 2146 4761 solum

563 4831 766 4903 majora
794 4834 977 4898 postea
1016 4821 1130 4875 ﬁeri
1164 4813 1418 4872 miracula
1467 4820 1585 4881 post
1609 4821 1823 4862 crucem
1851 4819 1956 4858 non
1985 4815 2146 4871 opor~

564 4893 998 4986 tuissetgverum
1038 4912 1199 4965 etiam
1244 4921 1328 4970 ea,
1360 4918 1478 4973 quae
1531 4899 1680 4970 prius
1729 4896 1867 4950 facta
1916 4893 2147 4959 fuerant,

565 5030 704 5088 opus
729 5012 917 5068 fuisset
942 5002 1230 5073 exstingui.
1263 4999 1359 5053 llic
1387 4995 1514 5050 mihi
1541 4993 1822 5061 diligenter
1846 4987 2104 5042 attendite
2135 5004 2147 5040 :

566 5081 877 5168 ludubitattc
930 5099 1125 5169 quippe
1172 5086 1578 5148 resurrectionis
1645 5081 2151 5138 demonstrationem

565 5203 844 5263 continent
871 5196 986 5251 haec
1009 5206 1123 5263 quae
1153 5186 1380 5243 dicimus
1409 5201 1422 5237 :
1449 5177 1799 5252 quamobrem
1829 5174 2013 5229 eadem
2031 5189 2153 5227 rur-

561 5313 655 5356 sus
682 5294 923 5362 eloquar.

639 5386 744 5441 Cur
769 5354 879 5455 post
907 5375 1208 5434 Passionem
1233 5367 1479 5422 miracula
1500 5361 1717 5430 majora.
1741 5387 1810 5398 ——
1837 5357 1995 5426 Signa
2027 5354 2158 5409 fecit

567 5489 725 5537 antea
746 5446 1009 5535 Christus,
1052 5472 1293 5522 mortuos
1317 5454 1614 5517 suscitavit,
1661 5451 1900 5520 leprosos
1928 5446 2154 5500 munda-

567 5574 667 5636 vit,
693 5567 965 5622 daemones
991 5559 1182 5628 ejecit,
1212 5548 1501 5608 cruciﬁxus
1524 5553 1607 5598 est
1630 5539 1844 5603 deinde,
1894 5545 2072 5606 atque,
2104 5545 2160 5588 ut

573 5626 762 5718 dicunt
785 5651 994 5709 scelesti
1016 5626 1207 5710 .ludazi,
1230 5657 1336 5697 non
1366 5632 1661 5692 resurrexit
1688 5646 1718 5684 a
1748 5628 1992 5683 mortuis.
2021 5626 2158 5692 Quid

577 5751 742 5821 igitur
769 5743 872 5797 illis
891 5737 1164 5796 dicemus?
1194 5733 1308 5788 Hoc
1331 5726 1603 5790 nimirum,
1629 5722 1686 5777 Si
1712 5735 1817 5775 non
1847 5718 2157 5784 resurrexit,

576 5811 854 5904 Quomodo
887 5838 1072 5900 postea
1117 5827 1175 5880 in
1203 5823 1418 5880 nomine
1444 5817 1607 5888 ipsius
1632 5812 1832 5884 majora
1869 5811 2004 5865 facta
2033 5819 2156 5864 sunt

1177 401 1234 455 S.
1275 391 1550 452 JOANNlS
1586 375 2067 444 CHRYSOSTOMI
2108 371 2424 428 ARCIlIEP.
2467 355 3005 425 CONS'I‘ANTINOP.

2175 483 2360 552 signa"
2416 482 2599 536 Nullus
2645 481 2788 534 enim
2834 495 2899 533 ex
2931 476 3063 532 vivis
3113 475 3232 528 cuin
3265 465 3506 535 obiisset,
3556 467 3762 536 majora

2173 582 2294 643 post
2321 573 2525 627 obitum
2561 573 2709 640 signa
2745 568 2870 622 fecit
2898 585 2912 620 :
2944 574 3000 619 at
3025 563 3112 618 hic
3152 561 3353 631 majora
3395 568 3452 614 et
3507 556 3669 612 modo
3712 567 3772 610 et

2174 674 2359 720 natura
2390 665 2602 718 fuerunt
2629 677 2750 732 qua:
2789 667 3115 728 consequuta
3143 664 3268 708 sunt
3288 651 3564 706 miracula.
3591 647 3772 718 Siqui-

2175 755 2297 810 dem
2329 767 2514 808 natura
2547 753 2691 808 fuere
2729 751 2951 821 majora,
2993 764 3115 803 cum
3147 745 3342 799 Christi
3382 743 3571 796 umbra
3616 754 3776 793 nuut-

2178 863 2336 917 quam
2378 857 2620 899 mortuos
2650 843 2918 898 suscitarit
2950 849 3041 893 :at
3065 837 3428 905 apostolorum
3458 833 3650 886 umbra
3691 838 3776 883 ta-

2183 942 2251 996 lia
2281 940 2444 994 multa
2476 937 2718 1007 perfecit.
2771 932 2928 988 Modo
2982 946 3109 984 vero
3150 928 3351 997 majora
3404 925 3551 978 fuere
3600 924 3777 993 signa,

2183 1031 2326 1102 quod
2359 1040 2468 1084 tum
2494 1029 2708 1099 quidem
2758 1027 2872 1095 ipse
2919 1024 3186 1092 imperans
3243 1021 3496 1076 miracula
3543 1028 3781 1069 oneret:

3652 352 3757 411 108

2187 1132 2307 1192 post
2352 1121 2654 1191 passionem
2705 1128 2883 1174 autem
2913 1115 3053 1169 servi
3083 1114 3202 1183 ejus
3240 1119 3465 1180 augusto
3504 1117 3560 1160 et
3594 1115 3786 1160 sancto

2189 1214 2305 1283 ejus
2320 1212 2533 1266 nomine
2555 1209 2794 1264 adhibito
2811 1208 3012 1276 majora
3035 1217 3092 1261 et
3115 1203 3422 1259 sublimiora
3444 1212 3785 1269 peragerent,

2191 1315 2250 1360 ut
2277 1303 2502 1372 amplius
2522 1311 2580 1357 et
2603 1299 2886 1370 gloriosius
2915 1298 3085 1352 virtus
3105 1295 3271 1364 ipsius
3295 1292 3594 1360 effulgeret.
3621 1287 3789 1342 Multo

2193 1399 2388 1468 quippe
2414 1394 2584 1464 majus
2617 1392 2714 1446 fuit
2737 1391 2963 1445 alterum
2995 1403 3191 1442 nomen
3234 1384 3405 1453 ipsius
3441 1386 3792 1448 usurpatttctn

2197 1491 2320 1544 talia
2348 1487 2601 1543 miracula
2629 1492 2860 1554 patrare,
2889 1496 3048 1551 quam
3076 1481 3245 1547 ipsum
3288 1478 3666 1544 imperantem.
3703 1467 3794 1521 Vi-

2197 1583 2296 1637 des
2323 1589 2378 1635 et
2413 1588 2599 1634 natura
2629 1586 2684 1632 et
2713 1575 2873 1630 modo
2901 1572 3102 1642 majora
3130 1568 3294 1622 fuisse
3318 1564 3691 1635 apostolorum
3721 1559 3797 1613 si-

2200 1691 2323 1745 gna,
2343 1672 2709 1735 dilectissime,
2736 1683 2854 1739 qua:
2872 1665 3067 1720 Christi
3088 1660 3537 1716 resurrectionem
3567 1665 3799 1725 sequuta

2203 1768 2368 1821 sunt?
2393 1765 2572 1835 Itaque
2598 1758 3006 1817 resurrectionis
3027 1755 3324 1810 indubitata
3353 1762 3435 1806 est
3461 1751 3804 1805 demonstra-

2206 1862 2300 1914 tio.
2324 1857 2475 1920 Nam,
2503 1866 2557 1909 ut
2596 1863 2720 1908 ante
2750 1852 2858 1905 dixi
2883 1892 2896 1914 ,
2929 1858 2984 1904 et
3013 1849 3203 1901 iterum
3231 1844 3428 1906 dinam,
3481 1843 3526 1896 si
3573 1849 3804 1894 mortem

2207 1952 2430 2007 obiissct
2464 1948 2730 2012 Christus,
2764 1953 2817 1999 et
2844 1958 2949 1997 non
2992 1938 3402 2001 resurrexisset,
3442 1936 3592 2003 signa
3641 1933 3807 1986 etiam

2213 2042 2432 2098 interire
2458 2039 2783 2108 oportuisset
2801 2049 2864 2089 ac
2883 2033 3048 2088 deleri
3073 2050 3084 2082 :
3096 2032 3205 2099 jam
3225 2044 3350 2082 vero
3373 2043 3477 2081 non
3505 2025 3670 2078 modo
3711 2023 3810 2076 de-

2212 2136 2317 2189 leta
2353 2148 2458 2187 non
2499 2137 2624 2184 sunt
2669 2126 2762 2183 sed
2787 2136 2842 2181 et
2884 2125 3168 2178 illustriora
3212 2119 3406 2174 deinde
3452 2127 3614 2186 atque
3665 2115 3811 2168 cele-

2217 2227 2393 2281 briora
2440 2233 2564 2278 sunt
2613 2224 2768 2276 facta.
2799 2219 2855 2275 Si
2891 2219 3034 2273 enim
3062 2216 3306 2269 Christus
3326 2227 3430 2267 non
3479 2211 3812 2265 reSureris-

2218 2331 2336 2386 set,
2379 2332 2666 2388 numquam
2713 2315 2801 2368 alii
2845 2313 2960 2380 ejus
2986 2311 3034 2364 iu
3063 2308 3280 2364 nomine
3329 2307 3450 2360 talia
3480 2306 3633 2374 signa
3665 2302 3817 2356 fecis-

2219 2421 2356 2468 sent.
2381 2412 2580 2465 Eadcm
2612 2408 2808 2478 quippe
2835 2406 3002 2458 virtus
3024 2411 3077 2457 et
3102 2409 3225 2454 ante
3250 2399 3551 2468 passionem
3602 2406 3661 2449 et
3702 2401 3819 2463 poSt

2223 2505 2524 2574 passionem
2552 2499 2743 2554 edebat
2776 2495 3028 2550 miracula
3065 2510 3077 2545 :
3105 2506 3169 2546 ac
3218 2490 3451 2559 priumm
3479 2486 3698 2557 quidem
3727 2489 3819 2554 per

2221 2609 2301 2658 se,
2335 2592 2528 2647 deinde
2559 2606 2686 2644 vero
2728 2603 2824 2658 per
2849 2584 3140 2654 discipulos
3169 2599 3181 2634 :
3216 2591 3272 2635 ut
3299 2589 3474 2633 autem
3520 2578 3821 2632 evidentior

2223 2695 2278 2740 et
2321 2683 2605 2754 gloriosior
2641 2681 2794 2734 ﬁeret
2844 2674 3256 2732 resurrectionis
3301 2671 3566 2741 probatio,
3621 2669 3821 2737 majora

2227 2787 2347 2849 post
2397 2789 2609 2830 crucem
2651 2773 2866 2834 ﬁebant,
2898 2780 2952 2824 et
3001 2766 3311 2822 sublimiora
3363 2761 3630 2831 prodigia.
3676 2760 3824 2815 Unde

2227 2885 2357 2926 vero
2385 2877 2618 2933 constat,
2651 2865 2795 2920 dicet
2823 2861 3073 2926 inﬁdelis,
3113 2857 3253 2912 edita
3283 2866 3392 2909 tum
3438 2853 3601 2907 fuisse
3636 2845 3826 2921 signa?

2233 2961 2404 3026 Unde,
2435 2973 2620 3030 quaeso
2651 2998 2664 3021 ,
2711 2952 3024 3010 cruciﬁxum
3073 2949 3344 3004 Christum
3373 2944 3533 2998 fuisse
3577 2941 3826 2997 constat?

2231 3054 2308 3108 Ex
2351 3051 2522 3106 sacris
2571 3046 2809 3112 Litteris,
2839 3044 3080 3112 inquam.
3109 3039 3241 3093 Nam
3271 3046 3326 3092 et
3352 3037 3498 3106 signa
3528 3043 3643 3088 tum
3669 3034 3827 3087 fuisse

2233 3145 2368 3198 facta
2390 3151 2445 3196 et
2470 3139 2784 3195 cruciﬁxum
2815 3135 2977 3189 fuisse
3011 3131 3302 3193 Christum,
3330 3143 3392 3182 ex
3420 3126 3584 3180 sacris
3611 3122 3828 3178 Litteris

2232 3243 2462 3289 constat.
2497 3233 2608 3286 Illac
2637 3230 2780 3286 enim
2807 3236 2863 3282 et
2898 3226 3011 3279 [nec
3039 3235 3094 3277 et
3135 3222 3223 3275 illa
3252 3228 3491 3274 narrant.
3515 3217 3673 3284 Quod
3703 3218 3746 3270 si
3775 3219 3828 3268 t‘u

2237 3335 2420 3381 noster
2445 3322 2784 3378 adversarius
2813 3319 2961 3374 dicas
3000 3315 3273 3384 apostolos
3301 3312 3451 3381 signa
3479 3323 3584 3363 non
3607 3307 3827 3371 fecisse,

2238 3417 2498 3483 majorem
2529 3414 2766 3483 ipsormn
2797 3407 3037 3464 ostendis
3064 3405 3336 3466 virtutem,
3360 3410 3415 3456 et
3438 3399 3668 3471 gratiam
3695 3399 3828 3452 divis

2239 3526 2384 3575 nam,
2407 3509 2548 3580 quod
2575 3507 2774 3574 absque
2797 3501 2962 3572 signis
2999 3507 3206 3553 tantum
3229 3497 3412 3550 orbem
3444 3503 3710 3548 terrarum
3737 3505 3830 3559 po-

2241 3603 2440 3659 tuerint
2490 3599 2554 3654 ad
2587 3600 2842 3671 pietatem
2871 3592 3172 3648 traducere.
3218 3588 3330 3643 Hoc
3356 3587 3500 3641 enim
3541 3586 3831 3640 maximum

2239 3707 2323 3754 est
2337 3705 2391 3751 et
2407 3695 2714 3748 inusitatum
2737 3685 3072 3746 miraculum,
3093 3698 3214 3737 cum
3231 3687 3488 3750 pauperes
3508 3686 3671 3748 atque
3687 3681 3832 3731 mett-

2241 3790 2366 3853 dici,
2408 3785 2622 3854 abjecti,
2679 3777 2941 3842 illiterati,
3000 3772 3256 3844 imperiti,
3307 3770 3462 3836 viles,
3511 3779 3565 3822 et
3611 3772 3832 3820 numero

2241 3879 2523 3936 duodecim
2550 3887 2627 3931 tot
2646 3873 2827 3936 urbes,
2858 3879 3066 3940 gentes,
3094 3865 3338 3934 populos,
3359 3875 3532 3930 rcges,
3559 3867 3828 3930 tyrannos,

2245 3971 2612 4044 philosophos,
2639 3974 2900 4026 oratores,
2925 3970 2981 4015 et
3007 3967 3170 4012 totam
3213 3951 3599 4024 propemodum
3641 3959 3832 4005 terram

2245 4043 2446 4133 absque
2472 4059 2639 4129 signis
2667 4053 2937 4126 potuerint
2961 4049 3028 4103 ad
3054 4065 3113 4104 se
3131 4045 3465 4117 pertrahere.
3492 4043 3573 4096 Au
3600 4057 3728 4096 vero
3744 4043 3835 4093 cu-

2245 4156 2329 4227 pis
2363 4132 2534 4206 etiam
2565 4164 2708 4203 uttnc
2736 4145 2848 4200 ﬁeri
2879 4143 3029 4212 signa
3072 4138 3335 4194 cernere?
3363 4133 3480 4188 Tibi
3510 4149 3611 4203 ego
3656 4132 3741 4185 illa
3783 4138 3835 4183 et

2247 4246 2452 4315 majora
2477 4239 2744 4314 prioribus
2769 4235 3068 4296 ostendam,
3098 4247 3207 4286 non
3235 4244 3397 4283 unum
3428 4236 3700 4280 mortuum
3722 4233 3834 4278 sus-

2247 4340 2491 4401 citatum,
2522 4349 2628 4386 non
2657 4332 2828 4386 visum
2857 4327 2949 4382 uni
2967 4339 3112 4381 careo
3157 4323 3482 4384 restitutmn,
3516 4317 3612 4372 sed
3639 4316 3837 4371 discns-

2249 4446 2337 4486 sas
2361 4427 2564 4483 erroris
2579 4423 2844 4486 tenebras,
2866 4435 2983 4489 qua:
3002 4426 3165 4470 totam
3192 4423 3388 4469 terram
3411 4417 3795 4479 occupaverant
3818 4422 3832 4458 :

2253 4537 2359 4576 non
2390 4521 2657 4589 leprosum
2687 4529 2849 4569 unum
2879 4508 3213 4569 mandatum,
3256 4503 3350 4560 sed
3379 4513 3455 4556 tot
3480 4511 3694 4572 gentes,
3723 4509 3834 4568 qua:

2252 4612 2457 4684 peccati
2504 4611 2710 4677 lepram
2741 4604 3133 4663 absterserunt,
3163 4611 3226 4650 ac
3269 4609 3362 4664 per
3394 4594 3662 4646 lavacrum
3695 4600 3836 4656 rege-

2254 4702 2546 4759 nerationis
2591 4696 2860 4754 mundata:
2909 4701 3052 4746 sunt.
3087 4686 3240 4755 Quod
3294 4685 3506 4755 signum
3547 4682 3718 4752 majus
3762 4677 3838 4730 his

2255 4797 2469 4868 qumris,
2504 4793 2577 4848 mi
2603 4791 2786 4854 homo,
2817 4803 2939 4842 cum
2969 4793 3170 4839 tantam
3193 4790 3248 4836 et
3273 4785 3380 4834 tam
3409 4784 3632 4846 repente
3655 4774 3837 4829 iactatu

2258 4887 2609 4944 mutationem
2636 4877 2972 4950 conspicias?

2329 4980 2384 5035 8.
2425 4978 2557 5032 Fide
2604 4977 2715 5029 sola
2751 4973 2971 5025 cernitur
2996 4967 3155 5020 Deus.
3203 4965 3386 5018 Petrus
3415 4959 3664 5032 quomodo
3681 4955 3840 5012 cruci-

2260 5074 2392 5142 ﬁxus
2413 5070 2585 5140 fuerit.
2614 5096 2686 5108 ——
2714 5064 2833 5120 Viu‘
2864 5072 2918 5117 tu
2950 5061 3279 5127 intelligere,
3311 5071 3419 5126 quo
3449 5054 3664 5109 tandem
3694 5054 3842 5122 pacto

2261 5169 2433 5221 visum
2471 5165 2724 5219 universo
2768 5169 3030 5215 terrarum
3080 5155 3196 5210 orbi
3248 5153 3541 5207 restituerit
3567 5144 3844 5205 Christus?

2262 5261 2433 5313 Antea
2463 5256 2664 5326 lignum
2703 5261 2757 5308 et
2799 5250 3028 5320 lapidem
3078 5263 3184 5302 non
3211 5244 3588 5300 existimabant
3612 5241 3846 5296 homines

2263 5351 2463 5421 lignum
2493 5357 2549 5404 et
2587 5345 2817 5416 lapidem
2853 5358 2992 5408 esse,
3020 5355 3207 5394 verum
3239 5354 3324 5392 res
3372 5349 3563 5392 sensus
3606 5339 3846 5403 expertes

2264 5441 2394 5496 deos
2424 5438 2706 5503 vocabant,
2753 5435 2889 5491 adeo
2917 5433 3169 5490 excaecati
3196 5439 3349 5486 erant
3377 5448 3389 5483 :
3431 5429 3542 5499 jam
3573 5443 3698 5482 vero
3727 5421 3844 5493 quid

2267 5533 2464 5603 lignum
2488 5532 2575 5594 sit,
2609 5529 2804 5598 quidve
2825 5527 2961 5597 lapis
2987 5532 3288 5588 noverunt;
3319 5521 3448 5591 quid
3475 5521 3546 5575 sit
3574 5521 3714 5574 Deus
3733 5529 3847 5570 ere.

2267 5625 2536 5679 diderunt.
2570 5620 2695 5676 Sola
2745 5621 2944 5690 quippe
2996 5618 3101 5672 ﬁde
3153 5614 3472 5671 immortalis
3496 5627 3560 5667 ac
3588 5611 3736 5666 beata”
3767 5607 3846 5660 illa

2271 5725 2457 5770 natura
2497 5720 2786 5784 spectatur.
2817 5710 2981 5765 Visne
3033 5707 3176 5762 aliud
3220 5721 3430 5775 quoque
3456 5697 3851 5758 resurrectionis

2272 5810 2480 5880 signum
2527 5808 2762 5864 intueri?
2807 5806 2880 5860 Es
2932 5805 3043 5874 ipsa
3074 5799 3460 5872 discipulorum
3511 5805 3686 5852 mente
3710 5805 3848 5846 sum-
