4086 6422
386 385 486 441 N7

385 514 641 555 στευσαν.
680 495 840 552 Οὕτω
870 494 1055 567 μεῖξον
1074 494 1233 548 τοῦτο
1260 495 1468 547 ἐκείνου
1496 492 1589 547 καὶ
1620 492 1974 564 σαφέστερον,

384 589 716 662 καὶμᾶλλον
765 589 962 650 αὐτοὺς
1011 585 1291 639 ἐπεσπᾶτο
1345 584 1439 637 καὶ
1475 582 1659 636 ἔπειθε
1705 581 1841 653 πρὸς
1885 578 1984 650 τὴν

384 683 709 738 ἀνάστασιν.
738 680 852 733 Καὶ
878 677 929 730 τί
981 675 1127 745 λέγω
1153 677 1246 730 τὸν
1272 675 1511 747 Θωμᾶν;
1552 675 1673 727 Ὀτι
1715 672 1824 743 γὰρ
1861 672 1983 725 οὐδὲ

385 775 439 828 οἰ
463 772 642 827 λοιποὶ
676 770 920 844 μαθηταὶ
949 771 1013 822 ἐκ
1044 767 1267 840 πρώτης
1290 768 1466 838 ὅψεως
1494 765 1799 826 ἐπίστευον,
1825 764 1981 818 ἄκου-

389 886 482 923 σον
513 864 805 936 νουνεχῶς.
848 863 1011 917 Ἀλλά
1041 861 1115 933 μή
1144 859 1432 931 καταγνῷς
1461 858 1659 923 αὐτῶν,
1691 856 1946 927 ἀγαπητέ
1965 872 1978 887 ·

387 963 439 1015 εί
469 960 578 1030 γάρ
618 962 646 1012 ὁ
674 957 910 1029 Χριστὸς
942 956 1004 1010 οὐ
1052 955 1306 1023 κατέγνω
1341 951 1556 1016 αὐτῶν,
1592 952 1728 1023 μηδὲ
1764 952 1829 1004 σὺ
1879 967 1981 1003 κα-

387 1051 604 1122 ταγνῷς
642 1049 851 1104 αὐτῶνο
885 1048 981 1102 καὶ
1028 1046 1136 1119 γὰρ
1167 1047 1399 1118 πρᾶγμα
1430 1045 1581 1111 ξένον
1620 1040 1759 1096 εἶδον
1796 1043 1843 1095 οἱ
1879 1058 1983 1111 μα-

390 1143 555 1216 θηταὶ
610 1143 709 1197 καὶ
764 1139 1067 1213 παράδοξον
1098 1179 1112 1204 ,
1147 1139 1492 1210 πρωτότοκον
1540 1136 1701 1190 αὑτὸν
1754 1136 1819 1188 ἐκ
1874 1132 1983 1186 τῶν

393 1235 602 1307 νεκρῶν
626 1232 935 1289 ἀναστάντα
958 1248 971 1261 ·
1005 1230 1074 1284 τὰ
1107 1229 1164 1285 δὲ
1198 1230 1423 1283 τοιαῦτα
1459 1227 1689 1300 μέγιστα
1727 1225 1983 1297 θαύματα

392 1333 456 1385 ἐκ
477 1328 702 1403 πρώτης
726 1327 1047 1399 ἐκπλήττειν
1072 1325 1262 1379 εἴωθεν
1282 1365 1297 1389 ,
1325 1324 1429 1388 ’έως
1460 1323 1525 1377 ἂν
1569 1323 1647 1392 τῷ
1676 1321 1854 1392 χρόνῳ
1888 1321 1985 1391 μό·

391 1439 530 1493 νιμα
550 1421 777 1490 γένηται
803 1419 861 1471 ἐν
890 1419 1011 1481 ταῖς
1045 1416 1156 1471 τῶν
1192 1416 1557 1469 πιστευόντων
1592 1413 1787 1483 ψυχαῖς
1805 1430 1817 1443 ·
1842 1413 1981 1482 ὅπερ

392 1510 490 1569 οὖν
525 1514 619 1567 καὶ
650 1512 743 1566 ἐπὶ
767 1510 879 1565 τῶν
914 1507 1171 1581 μαθητῶν
1200 1507 1416 1577 ἐγένετο
1449 1506 1586 1559 τότε.
1626 1503 1843 1576 Ἐπειδὴ
1872 1503 1982 1576 γὰρ

393 1604 634 1669 ἀναστὰς
658 1605 686 1657 ὁ
712 1601 946 1675 Χριστὸς
970 1604 1035 1655 ὲκ
1071 1598 1277 1672 νεκρῶν
1305 1595 1456 1652 εἶπεν
1503 1599 1688 1660 αὐτοῖς
1708 1614 1722 1627 ο
1753 1595 1981 1666 Εἰρήνη

395 1698 559 1766 ὑμῖν,
596 1693 980 1762 Πτοηθέντες,
1019 1692 1203 1762 φησὶν,
1233 1690 1451 1744 ἐκεῖνοι
1486 1690 1583 1743 καί
1609 1690 1857 1758 ἔμφοϐοι
1891 1703 1984 1758 γε-

393 1790 636 1859 νόμενοι
660 1787 920 1841 ἐδόκουν
952 1783 1187 1852 πνεῦμα
1232 1780 1470 1850 θεωρεῖν
1494 1820 1509 1844 ,
1542 1779 1640 1833 καὶ
1677 1775 1849 1833 εἶπεν
1877 1780 1984 1833 αὺ-

395 1879 523 1945 τοῖς
564 1881 596 1933 ό
645 1877 896 1945 Ἰησοῦς·
936 1875 997 1930 Τί
1024 1872 1445 1943 τεταραγμένοι
1476 1871 1655 1936 ἑστέ;
1691 1871 1802 1924 Καὶ
1846 1870 1983 1942 μετά

395 1970 569 2025 ταῦτα
593 1968 866 2034 ἐπιδείξας
894 1967 1075 2031 αὐτοῖς
1124 1966 1221 2030 τάς
1267 1968 1456 2038 χεῖρας
1498 1964 1596 2019 καὶ
1631 1964 1758 2028 τοὺς
1788 1964 1980 2027 πόδας,

395 2063 493 2117 καὶ
534 2060 967 2116 Ἀπιστούντων
1019 2055 1220 2112 αὐτῶν
1280 2057 1400 2112 ἀπὸ
1452 2054 1563 2125 τῆς
1610 2053 1829 2126 χαρᾶς,
1884 2057 1981 2110 καὶ

396 2152 843 2224 θαυμαζόντων,
868 2149 1038 2207 εἶπεν
1068 2149 1274 2217 αὐτοῖς
1297 2168 1312 2182 ·
1343 2147 1549 2220 Ἔχετέ
1582 2166 1638 2203 τι
1669 2147 1984 2219 ,ϐρώσιμον

394 2246 643 2310 ἐνθάδε;
673 2245 761 2299 διὰ
790 2244 996 2299 τούτων
1029 2243 1353 2314 βουλόμενος
1389 2243 1575 2305 αὐτοῖς
1606 2242 1707 2313 τήν
1744 2241 1981 2295 ἀνάστα-

396 2356 483 2393 σιν
519 2335 914 2392 πιστώσασθαι.
965 2336 1038 2389 Οὐ
1067 2334 1247 2388 πείθει
1299 2352 1358 2389 σε
1384 2377 1399 2400 ,
1449 2333 1617 2405 φησὶν
1640 2374 1654 2397 ,
1688 2335 1721 2404 ή
1751 2331 1981 2404 πλευρά,

391 2431 521 2486 οὐδὲ
543 2429 612 2483 τά
644 2428 963 2502 τραύματα;
1002 2426 1236 2481 πειθέτω
1253 2425 1357 2480 κᾶν
1385 2428 1419 2498 ή
1446 2424 1714 2498 τράπεζα.

470 2522 542 2587 ζ’.
570 2523 687 2575 Ἵνα
722 2521 779 2573 δέ
808 2520 985 2593 μάθῃς
1022 2517 1301 2589 ἀκριϐῶς,
1341 2517 1423 2571 ὅτι
1473 2516 1563 2571 διά
1597 2516 1757 2570 τοῦτο
1805 2513 1981 2580 εἶπεν,

396 2604 607 2675 Ἔχετέ
635 2623 689 2657 τι
712 2603 1023 2674 βρώσιμον
1045 2601 1257 2657 ἐνθάδε
1309 2601 1558 2672 φαγεῖν;
1602 2600 1689 2653 ἵνα
1731 2599 1804 2670 μὴ
1833 2599 1986 2669 νομί-

397 2705 566 2743 σωσιν
593 2688 811 2742 εἴδωλον
837 2683 998 2750 εἶναι,
1034 2686 1169 2758 μηδὲ
1206 2684 1423 2755 πνεῦμα
1448 2727 1462 2750 ,
1498 2685 1633 2756 μηδὲ
1658 2684 1982 2754 φαντασίαν,

396 2772 517 2826 ἀλλ’
548 2770 725 2842 ἀληθῆ
778 2770 874 2824 καὶ
932 2771 1297 2824 ἑνυπόστατον
1350 2768 1678 2833 ἀνάστασιν,
1729 2767 1983 2834 ἄκουσον,

400 2857 520 2919 πῶς
545 2857 575 2909 6
603 2855 807 2926 Πέτρος
838 2854 945 2907 ἀπὸ
968 2852 1172 2908 τούτων
1207 2852 1498 2907 πιστοῦται
1525 2852 1626 2923 τὴν
1665 2853 1984 2907 ἀνάστασιν.

400 2938 587 2994 Εἰπὼν
638 2937 748 3009 γὰρ
799 2938 882 2991 ὅτι
947 2935 1316 3006 Ἀνέστησεν
1355 2936 1544 2990 αὐτὸν
1596 2938 1629 2990 ὁ
1669 2936 1845 3003 Θεὸς,
1889 2935 1986 2990 καὶ

397 3022 621 3076 ἔδωκεν
679 3019 867 3075 αὐτὸν
923 3018 1161 3090 ἐμφανῆ
1215 3017 1499 3089 γενέσθαι
1551 3018 1815 3088 μάρτυσι
1860 3017 1986 3083 τοῖς

399 3101 1103 3174 προκεχειροτονημένοις
1152 3100 1299 3171 ’ἡμῖν
1326 3142 1342 3169 ,
1395 3096 1517 3155 εἶτα
1566 3101 1661 3155 καὶ
1712 3100 1987 3165 ἀπόδειξιν

396 3188 499 3257 τῆς
526 3186 878 3249 ἀναστάσεως
920 3183 1126 3249 τιθεὶς,
1191 3185 1501 3254 ἐπήγαγεν·
1556 3184 1784 3249 Οῖτινες
1836 3199 1989 3237 συν·

396 3270 702 3341 εφάγομεν
748 3267 850 3322 καὶ
898 3268 1271 3337 συνεπ.”ομεν
1329 3265 1509 3332 αὐτῷ.
1554 3265 1656 3320 Διά
1684 3265 1842 3320 τοῦτο
1891 3266 1987 3320 καὶ

399 3352 637 3424 ἀλλαχοῦ
670 3352 987 3422 ἀναστήσας
1034 3350 1235 3421 νεκράν
1269 3351 1297 3403 6
1339 3350 1610 3422 Χριστὸς,
1641 3349 1729 3404 ἵνα
1783 3349 1988 3403 πιστώ-

402 3454 563 3509 σηται
610 3435 711 3507 τὴν
770 3433 1071 3488 ἀνάστασιν
1123 3432 1227 3503 ἔφη
1254 3451 1267 3463 ·
1317 3434 1459 3487 Δότε
1514 3431 1672 3500 αὐτῇ
1730 3434 1944 3503 φαγεῖν
1969 3473 1982 3486 .

401 3520 571 3574 Ὅταν
603 3515 697 3572 οὖν
724 3516 992 3588 ἀκούσῃς,
1018 3517 1099 3569 ὄτι
1122 3516 1467 3587 παρέστησεν
1502 3516 1693 3568 ἑαυτὸν
1723 3517 1898 3580 ζῶντα
1920 3517 1985 3569 δι’

399 3602 623 3675 ἡμερῶν
666 3602 1077 3672 τεσσαράκοντα
1119 3599 1491 3670 ὀπτανόμενος
1539 3599 1722 3661 αὐτοῖς
1766 3599 1861 3653 καὶ
1900 3616 1989 3650 συ-
2044 3640 2047 3643 ι

397 3684 748 3756 ναλιζόμενος
771 3721 786 3749 ,
824 3683 1064 3754 μάνθανε
1093 3682 1193 3753 τῆς
1214 3680 1493 3753 τραπέζης
1525 3682 1623 3753 τὴν
1654 3681 1832 3736 αἰτίαν
1855 3722 1870 3746 ,
1905 3683 1987 3735 ὅτι

394 3769 519 3841 ούχί
565 3768 816 3839 δεόμενος
858 3767 1022 3831 αὐτὸς
1066 3767 1349 3839 τραπέζης
1394 3768 1672 3841 ἔτρωγεν,
1703 3768 1837 3823 ἀλλά
1871 3769 1988 3839 βου-

396 3852 621 3923 λόμενος
645 3851 744 3921 τὴν
771 3849 1378 3922 ἀσθένειανδιορθῶσαι
1407 3851 1515 3905 τῶν
1542 3851 1798 3924 μαθητῶν
1818 3893 1833 3917 ,
1865 3852 1987 3906 ὅθεν

394 3934 554 4006 δῆλον
577 3934 659 3987 ὅτι
682 3932 752 3986 τά
780 3932 983 4005 τέρατα
1012 3933 1109 3987 καὶ
1140 3935 1339 4005 σημεῖα
1376 3933 1485 3988 τῶν
1518 3934 1829 3988 ἀποστόλων
1859 3935 1988 3990 ἀπό-

396 4016 563 4084 δειξις
605 4011 673 4089 ἦν
715 4017 944 4088 μεγίστη
988 4016 1090 4087 τῆς
1140 4016 1509 4080 ἀναστάσεως.
1556 4017 1647 4071 Διὸ
1693 4018 1788 4071 καὶ
1825 4018 1988 4082 αὐτός

400 4116 592 4171 φησιν·
637 4098 845 4169 Ἀμὴν,
882 4097 1068 4169 ἀμὴν,
1101 4099 1256 4170 λέγω
1288 4101 1452 4170 ὑμῖν,
1493 4104 1527 4156 ὁ
1558 4104 1861 4157 πιστεύων
1899 4106 1986 4170 εἰς

396 4184 524 4252 ἐμὲ,
553 4182 625 4237 τὰ
652 4183 797 4252 ἔργα
824 4180 863 4237 ἃ
899 4182 1047 4236 ποιῶ
1072 4182 1187 4253 ἐγὼ
1213 4222 1227 4249 ,
1264 4184 1543 4251 κάκεῖνος
1577 4185 1819 4254 ποιήσει
1839 4226 1853 4251 ,
1887 4186 1988 4240 καὶ

395 4264 637 4336 μείζονα
678 4266 906 4320 τούτων
947 4266 1211 4334 ποιήσει.
1276 4267 1495 4340 Ἐπειδὴ
1546 4269 1655 4340 γὰρ
1682 4271 1710 4322 6
1755 4270 1986 4341 σταυρὸς

403 4348 608 4421 μεταξὺ
664 4349 1035 4420 παρεμπεσὼν
1098 4351 1451 4405 ἐσκανδάλισε
1518 4353 1804 4418 πλείστους
1834 4396 1849 4419 ,
1898 4355 1986 4408 διά

398 4432 558 4486 τοῦτο
586 4432 681 4485 καὶ
714 4432 972 4504 μειζόνων
998 4433 1187 4505 ἐδέησε
1215 4435 1352 4506 μετά
1377 4436 1551 4492 ταῦτα
1577 4439 1841 4509 σημείων.
1858 4440 1987 4492 Καί-

395 4533 482 4570 τοι
518 4533 583 4585 γε
613 4518 660 4569 εἰ
696 4516 1025 4589 τελευτήσας
1070 4520 1101 4574 ό
1126 4520 1357 4591 Χριστὸς
1390 4522 1716 4594 ἐναπέμεινε
1760 4523 1838 4594 τῷ
1892 4524 1985 4579 θα-

396 4600 544 4672 νάτῳ
590 4601 685 4654 καὶ
710 4600 790 4672 τῷ
823 4601 938 4675 [92]
972 4602 1128 4674 τάφῳ
1147 4646 1161 4670 ,
1191 4604 1286 4658 καὶ
1323 4606 1422 4659 οὐκ
1450 4606 1649 4679 ἀνέστη
1672 4648 1687 4673 ,
1732 4609 1985 4683 καθάπερ

396 4686 449 4738 οἰ
492 4683 735 4737 Ἰουδαῖοί
794 4701 978 4751 φασιν,
1018 4687 1138 4740 οὐδὲ
1171 4687 1340 4758 ἀνέϐη
1383 4690 1464 4752 είς
1512 4690 1639 4753 τοὺς
1696 4692 1981 4763 οὐρανοὺς,

396 4769 461 4822 οὐ
499 4768 657 4838 μόνον
700 4769 801 4822 οὐκ
851 4768 959 4823 ἔδει
991 4769 1215 4841 μείζονα
1245 4771 1491 4840 γίνεσθαι
1533 4773 1603 4827 τά
1644 4776 1783 4844 μετά
1812 4776 1986 4832 ταῦτα

399 4854 603 4923 σημεῖα
624 4851 695 4905 τά
731 4851 869 4923 μετὰ
897 4853 989 4907 τὸν
1027 4854 1260 4926 σταυρὸν
1284 4895 1298 4921 ,
1335 4855 1472 4909 ἀλλά
1504 4858 1598 4911 καὶ
1639 4857 1708 4911 τά
1743 4861 1986 4932 πρότερα

396 4937 658 5005 γινόμενα
706 4935 1112 5006 ἀποσϐεσθῆναι
1147 4936 1336 5008 ἐχρῆν.
1369 4939 1673 5011 Προσέχετέ
1714 4959 1804 5013 μοι
1844 4945 1986 5014 μετά

397 5018 683 5089 ἀκριϐείας
732 5018 998 5073 ἐνταῦθα·
1036 5022 1388 5086 ἀναστάσεως
1430 5024 1538 5094 γάρ
1568 5026 1709 5079 εἰσιν
1742 5027 1984 5099 ἀναμφι-

399 5102 675 5174 σϐητήτου
706 5102 1008 5171 ἀποδείξεις
1043 5104 1113 5157 τὰ
1140 5105 1443 5177 λεγόμενα,
1484 5106 1564 5161 διὸ
1594 5110 1688 5164 καὶ
1719 5110 1879 5166 πάλιν
1916 5114 1985 5169 τά

397 5187 537 5240 αύτά
569 5187 701 5255 ἐρῶ.

482 5278 735 5350 Ἐποίησε
779 5282 979 5351 σημεῖα
1013 5281 1120 5352 πρὸ
1166 5283 1358 5336 τούτου
1387 5284 1415 5338 6
1448 5285 1701 5355 Χριστὸς,
1755 5288 1985 5359 νεκροὺς

398 5360 610 5434 ἧγειρε,
637 5363 871 5435 λεπροὺς
897 5364 1157 5437 ἐκάθηρε,
1179 5366 1438 5437 δαίμονας
1462 5368 1742 5440 ἀπήλασεν
1759 5386 1773 5400 ·
1798 5371 1987 5425 ἑσταυο

400 5443 550 5516 ρώθη
588 5446 726 5516 μετά
765 5447 956 5512 ταῦτα,
988 5450 1080 5502 κα)⁸
1105 5449 1180 5513 ὡς
1211 5451 1261 5502 οἰ
1290 5451 1601 5522 παράνομοι
1634 5442 1870 5508 Ἰουδαῖοι
1901 5455 1985 5508 λέ-

397 5542 587 5595 γουσιν
614 5541 664 5591 ι,
693 5530 793 5583 οὐκ
824 5531 1022 5602 ἀνέστη
1055 5533 1122 5585 ἐκ
1156 5534 1386 5604 νεκρῶν.
1420 5534 1484 5587 Τί
1509 5531 1603 5587 οὖν
1634 5537 1701 5590 ἂν
1735 5541 1984 5608 εἴποιμεν

397 5610 538 5682 πρὸς
574 5612 803 5681 αὐτούς;
833 5616 956 5668 Ὅτι
997 5618 1047 5669 εί
1097 5617 1172 5688 μὴ
1214 5619 1436 5690 ἀνέστη,
1471 5618 1591 5684 πῶς
1631 5620 1771 5684 μετὰ
1811 5623 1985 5676 ταῦτα

399 5692 460 5746 ἐν
484 5691 564 5763 τῷ
593 5695 815 5768 ὀνόματι
839 5698 1004 5751 αὐτοῦ
1041 5699 1263 5771 μείζονα
1291 5701 1509 5769 ἐγένετο
1537 5706 1770 5775 σημεῖα;
1799 5705 1984 5769 Οὐδεὶς

464 5828 495 5861 ⁸
512 5827 647 5880 Colb.
672 5832 753 5880 καὶ
774 5834 840 5888 ὥς
858 5830 1088 5890 Ἕλληνες
1118 5834 1326 5891 λέγουσι.

687 5910 957 5972 Parnm.
999 5910 1115 5973 Gn.
1161 5913 1257 5975 LI.

1012 383 1150 440 CUR
1191 385 1254 441 ιΝ
1289 384 1576 442 PENTEC.
1609 384 1810 442 ACTA.
1854 382 2002 439 ETC.

2064 382 2127 438 IN
2159 382 2447 438 ΡῖὶΙΝιρίΡ.
2494 384 2851 442 ACTGRUM.
2898 384 2981 440 IV.
3549 384 3654 438 £08

2086 489 2196 561 γάρ
2224 490 2333 545 τῶν
2368 489 2586 555 ζώντων
2610 489 2938 564 τελευτήσας
2976 491 3196 560 μείζονα
3223 493 3425 561 σημεῖα
3448 491 3673 566 ἐποίησε

2084 572 2223 642 μετά
2248 572 2347 645 τὴν
2375 572 2654 644 τελευτὴν,
2683 571 2915 627 ἐνταῦθα
2942 573 2999 627 δὲ
3021 573 3242 644 μείζονα
3270 573 3365 626 καὶ
3384 573 3460 645 τῷ
3480 576 3672 648 τρόπῳ

2080 655 2175 709 καὶ
2201 659 2266 728 τῇ
2297 656 2456 727 φύσει
2484 657 2553 711 τά
2588 655 2842 728 θαύματα
2876 657 3016 728 μετά
3046 655 3219 710 ταῦτα
3248 652 3337 727 ἦν.
3366 658 3533 712 Φύσει
3563 661 3676 733 γάρ

2084 739 2306 809 μείζονα
2338 737 2426 811 ἦν,
2463 739 2546 792 ὅτι
2583 740 2682 810 μὲν
2718 739 2813 794 τοῦ
2848 739 3085 812 Χριστοῦ
3117 739 3374 794 οὐδέποτε
3406 742 3556 796 σκιαὶ
3589 759 3678 796 νε-

2080 824 2245 894 κροὺς
2294 823 2629 893 ἀνέστησαν·
2664 824 2757 875 ἐπὶ
2794 822 2851 876 δὲ
2885 820 2996 875 τῶν
3048 822 3366 876 ἀποστόλων
3419 825 3474 878 αἱ
3522 826 3676 879 σκιαὶ

2080 904 2260 959 αὐτῶν
2303 905 2477 959 πολλὰ
2519 904 2747 958 τοιαῦτα
2799 906 3036 959 ἐποίουν.
3090 904 3291 977 Τρὸπῳ
3341 906 3398 959 δὲ
3450 908 3676 979 μείζονα

2080 988 2298 1057 ἐγένετο
2335 991 2559 1059 σημεῖα,
2588 990 2669 1042 ὅτι
2701 988 2823 1041 τότε
2861 988 2959 1059 μὲν
2988 988 3153 1050 αὐτὸς
3180 987 3490 1042 ἐπιτάττων
3517 989 3678 1043 ἐθαυ-

2083 1071 2410 1143 ματούργει·
2452 1070 2590 1143 μετὰ
2621 1071 2678 1125 δὲ
2716 1071 2809 1124 τὸν
2845 1072 3079 1144 σταυρὸν
3107 1072 3154 1125 οἱ
3184 1072 3361 1125 δοῦλοι
3389 1072 3553 1126 αὑτοῦ
3592 1071 3674 1144 τῷ

2082 1157 2362 1226 σεϐασμίῳ
2390 1157 2484 1211 καὶ
2517 1155 2657 1226 ἀγίῳ
2687 1154 2852 1210 αὑτοῦ
2882 1156 3107 1226 ὀνόματι
3135 1154 3412 1226 χρώμενοι
3450 1156 3676 1227 μείζονα

2080 1241 2175 1294 καὶ
2221 1240 2531 1312 ὑψηλότερα
2577 1240 2817 1303 ἐποίουν,
2860 1238 3003 1292 ὥστε
3056 1237 3319 1309 μειζόνως
3366 1240 3541 1294 αὑτοῦ
3578 1242 3675 1294 καὶ

2080 1323 2437 1396 ἐνδοξοτέρως
2468 1320 2770 1393 διαλάμψαι
2824 1320 2920 1393 τὴν
2971 1321 3146 1391 ἰσχύν.
3199 1321 3306 1375 Τοῦ
3362 1322 3473 1394 γὰρ
3511 1324 3675 1377 αὐτὸν

2082 1406 2393 1460 ἐπιτάττειν
2441 1404 2620 1476 πολλῷ
2669 1403 2854 1474 μεῖζον
2899 1400 2966 1476 ἦν
3009 1404 3070 1457 τὸ
3103 1404 3290 1475 ἕτερον
3335 1406 3414 1476 τῷ
3462 1407 3674 1460 ἐκείνου

2079 1488 2420 1560 κεχρημένον
2464 1488 2690 1558 ὀνόματι
2735 1484 2962 1540 τοιαῦτα
2997 1485 3458 1559 θαυματουργεῖν.
3496 1484 3672 1553 Εἶδες,

2079 1571 2355 1643 ἁγαπητὲ,
2386 1570 2482 1625 καὶ
2515 1572 2581 1641 τῇ
2616 1568 2777 1639 φύσει
2805 1569 2900 1623 καὶ
2941 1568 3019 1639 τῷ
3052 1569 3240 1641 τρόπῳ
3277 1569 3499 1639 μείζονα
3543 1571 3676 1624 ὄντα

2078 1656 2146 1709 τὲ
2193 1657 2396 1727 σημεῖα
2424 1652 2532 1706 τῶν
2563 1651 2879 1705 ἀποστόλων
2914 1650 3052 1722 μετά
3099 1651 3198 1723 τὴν
3237 1652 3536 1707 ἀνάστασιν
3579 1655 3674 1707 τοῦ

2080 1737 2352 1810 Χριστοῦ;
2385 1734 2598 1797 Οὐκοῦν
2641 1734 3126 1807 ἀναμφισϐήτητος
3169 1737 3201 1807 ή
3248 1736 3527 1802 ἀπόδειξις
3572 1737 3678 1808 τῆς

2080 1820 2457 1883 ἀναστάσεως.
2490 1818 2668 1892 Ὅπερ
2707 1818 2818 1889 γὰρ
2857 1817 3066 1886 ἔλεγον,
3103 1818 3199 1871 καὶ
3245 1818 3412 1872 πάλιν
3451 1820 3583 1892 ἐρῶ,
3626 1821 3677 1874 εί

2079 1903 2488 1972 ἐτετελευτήκει
2514 1903 2543 1956 6
2562 1900 2819 1974 Χριστὸς,
2848 1901 2944 1954 καὶ
2970 1901 3069 1953 οὐκ
3091 1902 3317 1973 ἀνέστη,
3346 1903 3455 1956 ἔδει
3484 1904 3580 1956 καὶ
3606 1905 3680 1958 τὰ

2083 1988 2282 2057 σημεῖα
2330 1980 2652 2055 τελευτῆσαι
2704 1983 2798 2037 καὶ
2848 1983 3292 2053 ἀποσϐεσθῆναι*
3345 1988 3464 2041 νυνὶ
3510 1987 3567 2040 δὲ
3610 1987 3674 2041 οὐ

2089 2071 2250 2141 μόνον
2279 2069 2382 2122 οὐκ
2409 2066 2744 2140 ἀπεσϐέσθη,
2777 2066 2914 2121 ἀλλά
2944 2067 3039 2121 καὶ
3078 2067 3434 2142 λαμπρότερα
3467 2070 3564 2123 καὶ
3591 2073 3679 2123 ἑν-

2081 2153 2336 2227 δοξότερα
2367 2153 2560 2223 γέγονε
2594 2151 2735 2223 μετὰ
2780 2151 2976 2206 ταῦτα.
3028 2153 3092 2206 Εἰ
3136 2153 3244 2225 γάρ
3292 2154 3367 2225 μὴ
3400 2154 3601 2225 ἀνέστη
3649 2156 3678 2208 6

2080 2237 2334 2309 Χριστὸς,
2359 2238 2459 2290 ούκ
2489 2234 2554 2290 ἂν
2589 2234 2767 2306 ἕτεροι
2797 2236 2854 2288 ἐι
2887 2235 2967 2306 τῷ
3000 2235 3227 2307 ὀνόματι
3252 2236 3415 2291 αὐτοῦ
3450 2236 3679 2290 τοιαῦτα

2085 2323 2286 2392 σημεῖα
2309 2320 2594 2390 ἐποίησαν.
2635 2319 2699 2372 Ἠ
2732 2318 2872 2390 αὐτὴ
2903 2318 3002 2390 μὲν
3040 2319 3149 2390 γὰρ
3174 2317 3405 2390 δύναμις
3441 2319 3538 2373 καὶ
3570 2319 3676 2390 πρὸ

2080 2404 2174 2456 τοῦ
2207 2403 2443 2474 σταυροῦ
2475 2402 2570 2457 καὶ
2615 2401 2754 2474 μετὰ
2802 2402 2893 2455 τὸν
2929 2401 3162 2472 σταυρὸν
3192 2401 3637 2473 ἐθαυματούργει
3658 2419 3672 2431 ·

2082 2484 2178 2539 καὶ
2212 2486 2429 2558 πρῶτον
2463 2485 2561 2556 μὲν
2588 2485 2657 2538 δι’
2693 2483 2911 2547 ἑαυτοῦ,
2952 2482 3178 2554 ὕστερον
3206 2484 3264 2537 δὲ
3292 2484 3383 2539 διὰ
3423 2485 3529 2538 τῶν
3565 2503 3673 2556 μα-

2083 2567 2293 2640 θητῶνο
2328 2569 2416 2622 ἵνα
2460 2568 2516 2621 δὲ
2555 2567 2870 2638 σαφεστέρα
2930 2567 3026 2620 καὶ
3076 2567 3391 2639 ἐνδοξοτέρα
3446 2568 3676 2640 γένηται

2081 2652 2181 2722 τῆς
2204 2652 2558 2714 ἀναστάσεως
2589 2652 2622 2721 ἡ
2661 2649 2955 2719 ἀπόδειξις,
2988 2649 3211 2721 μ-ίςονα
3239 2651 3334 2703 καὶ
3365 2650 3676 2723 ὑψηλότερα

2086 2733 2225 2805 μετά
2272 2733 2364 2787 τὸν
2416 2734 2647 2804 σταυρὸν
2700 2733 2920 2803 ἐγένετο
2968 2735 3036 2787 τά
3083 2736 3307 2805 σημεῖα.
3352 2736 3465 2787 Καὶ
3509 2735 3676 2787 πόθεν

2083 2817 2241 2887 δῆλον
2268 2819 2350 2871 ὅτι
2378 2819 2581 2890 σημεῖα
2606 2816 2798 2886 γέγονε
2829 2817 2987 2884 τότε;
3019 2820 3046 2870 6
3077 2818 3304 2881 ἀῖςιστος
3339 2819 3456 2889 ἐρεῖ
3503 2818 3676 2872 Πόθεν

2085 2901 2142 2954 δὲ
2187 2902 2280 2956 καὶ
2326 2901 2485 2972 δῆλον
2526 2900 2609 2954 ὅτι
2661 2898 2981 2972 ἐσταυρώθη
3022 2903 3051 2954 6
3097 2901 3365 2971 Χριστός;
3400 2902 3532 2954 Ἀπὸ
3564 2902 3676 2956 τῶν

2088 2985 2246 3039 θείων
2300 2983 2555 3058 Γραφῶν,
2601 2984 2756 3055 φησί.
2808 2984 2920 3037 Καὶ
2971 2985 3081 3055 γάρ
3111 2985 3194 3037 ὅτι
3230 2987 3432 3056 σημεῖα
3481 2984 3673 3055 γέγονε

2085 3069 2208 3123 τότε
2239 3071 2335 3123 καὶ
2363 3071 2446 3124 ὅτι
2479 3067 2802 3140 ἐσταυρώθη
2835 3070 2864 3121 6
2897 3068 3156 3139 Χριστὸς,
3195 3068 3303 3121 ἀπὸ
3348 3068 3456 3121 τῶν
3505 3069 3676 3137 ἁγίων

2086 3152 2317 3223 Γραφῶν
2350 3151 2527 3222 δῆλον.
2571 3152 2807 3205 Ἑκεῖναι
2841 3151 2937 3222 μὲν
2971 3151 3081 3220 γάρ
3109 3152 3203 3204 καὶ
3232 3150 3405 3205 ταῦτα
3448 3153 3677 3205 κάκεῖ.α

2085 3236 2354 3306 λέγουσιν.
2387 3238 2452 3289 Εἰ
2480 3236 2537 3289 δέ
2565 3236 2716 3304 λέγει
2741 3237 2770 3288 6
2797 3236 3136 3299 ὑπεναντίος,
3168 3224 3380 3290 ὅτιούκ
3411 3235 3676 3308 ἐποίησαν

2088 3323 2288 3392 σημεῖα
2326 3321 2375 3386 οί
2407 3318 2716 3385 ἀπόστολοι,
2750 3319 3015 3388 μειζόνως
3042 3318 3221 3373 αὐτῶν
3266 3318 3534 3382 δεικνύεις
3573 3321 3675 3389 τήν

2084 3404 2315 3475 δύναμιν
2367 3402 2462 3456 καὶ⁵
2509 3400 2607 3473 τὴν
2647 3402 2797 3455 θείαν
2852 3403 3033 3475 χάριν,
3082 3403 3165 3457 ὅτι
3217 3402 3387 3474 χωρὶς
3431 3402 3676 3474 σημείων

2084 3488 2354 3558 τοσαύτην
2379 3485 2706 3558 οἰκουμένην
2736 3487 3120 3539 ἐπεσπάσαντο
3154 3487 3289 3559 πρὸς
3325 3486 3663 3541 θεοσέϐειαν.

2086 3571 2257 3625 Τοῦτο
2295 3569 2405 3643 γὰρ
2442 3569 2703 3640 μέγιστον
2738 3571 2962 3639 σημεῖον
2990 3570 3082 3623 καὶ
3117 3569 3419 3642 παράδοξον
3463 3568 3672 3641 θαῦμα,

2084 3658 2212 3710 ὅταν
2243 3657 2291 3708 οἱ
2333 3653 2561 3723 πτωχοὶ,
2609 3653 2703 3705 καὶ
2737 3652 3004 3723 πένητες,
3046 3654 3141 3708 καὶ⁸
3171 3656 3638 3728 εὐκαταφρόνητοι
3658 3697 3674 3722 ,

2086 3740 2181 3792 καὶ
2209 3737 2589 3808 ἀγράμματοι,
2630 3735 2724 3787 καὶ
2761 3735 2989 3798 ἰδιῶται,
3031 3737 3127 3789 καὶ
3155 3737 3416 3801 εὐτελεῖς.
3450 3739 3544 3791 καὶ
3572 3739 3676 3791 δώ·-

2085 3822 2214 3876 δεκα
2258 3821 2349 3873 τὸν
2393 3818 2648 3890 ἀριθμὸν,
2697 3818 2881 3881 πόλεις
2922 3820 3211 3886 τοσαύτας,
3245 3821 3341 3873 καί¹
3371 3820 3534 3892 ἔθνη,
3580 3822 3675 3875 καὶ

2084 3907 2320 3977 δήμους,
2351 3905 2446 3957 καὶ
2500 3901 2776 3972 βασιλεῖς,
2820 3902 2915 3955 καὶ
2952 3903 3282 3973 τυράννους,
3329 3904 3424 3957 καὶ
3461 3904 3676 3965 φιλοσό-

2087 4005 2242 4059 φους,
2285 3987 2380 4040 καὶ
2415 3987 2674 4057 ῥήτορας,
2717 3985 2812 4037 καὶ
2844 3986 3047 4049 πᾶσαν,
3083 3986 3158 4048 ὡς
3190 3988 3386 4051 εἰπεῖν,
3431 3986 3529 4057 τὴν
3570 3988 3675 4057 γῆν

2085 4073 2257 4143 χωρὶς
2294 4070 2535 4141 σημείων
2566 4068 2864 4137 φαίνωνται
2895 4069 3031 4140 πρὸς
3063 4070 3291 4132 ἐαυτοὺς
3320 4070 3672 4134 ἑλκύσαντες.

2088 4154 2274 4207 Βούλει
2307 4153 2364 4206 δὲ
2404 4151 2497 4206 καὶ
2530 4153 2628 4205 νῦν
2667 4155 2868 4222 σημεῖα
2901 4154 3162 4223 γινόμενα
3208 4152 3368 4219 ἰδεῖν;
3410 4152 3551 4224 Ἐγώ
3592 4170 3674 4206 σοι

2085 4237 2244 4302 δείξω
2290 4238 2383 4289 καὶ
2435 4235 2657 4307 μείζονα
2704 4235 2812 4289 τῶν
2847 4236 3152 4308 προτέρων,
3193 4236 3291 4306 οὐχ
3336 4236 3433 4288 ἕνα
3481 4237 3675 4308 νεκρὸν

2085 4320 2457 4393 ἐγειρόμενον,
2511 4320 2609 4390 οὐχ
2663 4318 2760 4373 ἕνα
2815 4319 3016 4389 τυφλὸν
3082 4318 3487 4381 ἀναϐλέποντα,
3539 4320 3676 4372 ἀλλά

2086 4406 2265 4459 πᾶσαν
2296 4406 2394 4475 τὴν
2422 4406 2526 4475 γῆν
2555 4403 2618 4456 τὸ
2647 4403 2836 4465 σκότος
2864 4403 2962 4473 τῆς
2998 4400 3110 4473 [95]
3145 4401 3353 4472 πλάνης
3395 4401 3675 4471 ἀποθεμέ-

2086 4506 2212 4560 νην·
2239 4489 2338 4558 οὐχ
2366 4487 2462 4541 ’ένα
2489 4486 2687 4557 λεπρὸν
2710 4485 3126 4557 καθαιρόμενον,
3151 4485 3265 4538 ἀλλ’
3288 4485 3414 4556 ἔθνη
3436 4485 3677 4540 τοσαῦτα

2084 4574 2182 4645 τὴν
2228 4571 2439 4644 λέπραν
2473 4571 2572 4642 τῆς
2624 4570 2900 4643 ἁμαρτίας
2944 4571 3341 4643 ἀποσμήξαντα
3367 4571 3396 4611 1)
3440 4571 3536 4625 καὶ
3584 4571 3675 4626 διὰ

2085 4656 2181 4711 τοῦ
2223 4653 2452 4727 λουτροῦ
2500 4652 2925 4722 παλιγγενεσίας
2964 4653 3332 4725 καθαρθέντα.
3368 4655 3433 4708 Τί
3465 4654 3675 4707 τούτων

2086 4741 2193 4794 τῶν
2244 4738 2485 4811 σημείων
2542 4737 2725 4808 μεῖζον
2772 4732 3077 4808 ἐπιζητεῖς,
3135 4738 3425 4811 ἄνθρωπε,
3479 4739 3676 4811 ἀθρόον

2084 4823 2355 4895 τοσαύτην
2385 4823 2484 4894 τῆς
2535 4822 2863 4895 οἰκουμένης
2912 4824 3216 4895 μεταϐολὴν
3249 4825 3392 4897 ὁρῶν
3439 4840 3678 4894 γεγενη-

2089 4908 2255 4979 μένην
2272 4924 2287 4974 ;

2157 4997 2229 5071 η’.
2268 4998 2453 5052 Βούλει
2496 4999 2690 5071 μαθεῖν
2730 5001 2847 5067 πῶς
2885 5003 3190 5076 ἀναϐλέψαι
3216 5006 3316 5077 τὴν
3343 5007 3673 5078 οἰκουμένην

2087 5094 2344 5165 ἐποίησεν
2385 5096 2413 5147 6
2443 5095 2715 5166 Χριστός;
2757 5097 2831 5150 Τὸ
2862 5098 3129 5172 πρότερον
3163 5101 3227 5155 τὸ
3266 5099 3419 5166 ξύλον
3453 5103 3549 5155 καὶ
3583 5102 3675 5156 τὸν

2088 5187 2238 5241 λίθον
2274 5188 2377 5241 οὐκ
2406 5187 2655 5259 ἐνόμιζον
2694 5184 2833 5243 εἶναι
2879 5189 3035 5258 ξύλον
3063 5192 3155 5246 καὶ
3184 5192 3330 5247 λίθον
3374 5193 3426 5246 οἰ
3459 5193 3672 5264 ἀνθρω-

2088 5296 2201 5347 ποι,
2226 5278 2362 5332 ἀλλά
2395 5278 2550 5342 θεοὺς
2596 5280 2823 5335 ἐκάλουν
2857 5283 2927 5337 τά
2971 5284 3292 5355 ἀναίσθητα,
3324 5284 3497 5349 οὕτως
3528 5281 3673 5355 ἦσαν

2086 5369 2634 5441 ἀποτετυφλωμένοι·
2671 5374 2791 5426 νυνὶ
2831 5373 2888 5427 δὲ
2934 5369 3073 5429 εἶδον
3101 5374 3152 5427 τί
3183 5375 3358 5439 ξύλον,
3403 5374 3456 5426 τί
3487 5373 3667 5438 λίθος’

2087 5460 2416 5516 ἐπίστευσαν
2453 5462 2508 5515 τί
2536 5462 2689 5528 Θεός.
2736 5465 2924 5519 Πίστει
2970 5466 3076 5538 γάρ
3119 5467 3254 5538 μόνῃ
3307 5466 3590 5538 θεωρεῖται
3637 5467 3671 5538 ἡ

2086 5550 2391 5621 ἀνώλεθρος
2419 5553 2513 5605 καὶ
2545 5554 2789 5625 μακαρία
2829 5542 2992 5623 φύσις
3023 5556 3229 5625 ἐκείνη.
3268 5554 3456 5608 Βούλει
3487 5556 3543 5610 δὲ
3576 5557 3671 5610 καὶ

2087 5640 2271 5712 ἕτερον
2299 5644 2646 5707 ἀναστάσεως
2674 5645 2801 5698 ἰδεῖν
2830 5648 3085 5715 σημεῖον;
3124 5646 3258 5701 Ἀπὸ
3289 5648 3392 5717 τῆς
3422 5647 3532 5701 τῶν
3571 5666 3670 5718 μα-

2088 5732 2266 5803 θητῶν
2293 5733 2516 5805 γνώμης
2543 5734 2662 5804 ὄψει
2693 5738 2787 5790 καὶ
2816 5737 2973 5791 τοῦτο
3002 5739 3187 5812 μεῖζον
3211 5741 3495 5814 γινόμενον
3530 5743 3669 5813 μετά

2150 5843 2178 5885 ιι
2212 5844 2347 5894 Colb.
2372 5846 2756 5909 ἀποσμηξάμενα.

3270 5926 3310 5986 7
