4086 6418
490 390 594 445 H39

482 505 586 578 τὴν
617 505 931 560 ἀνάστασιν.
975 503 1085 558 Καὶ
1127 504 1232 575 γάρ
1281 502 1431 575 παρά
1477 502 1644 558 πᾶσιν
1686 501 2066 575 ὡμολόγηται,

487 597 571 652 δτι
613 596 642 650 ὁ
678 596 778 668 μὲν
813 595 941 666 περὶ
991 595 1170 658 ζῶντα
1213 593 1501 666 ἄνθρωπον
1550 593 1812 660 εὐνοϊκῶς
1864 593 2075 649 διακεί-

491 706 651 760 μενος
689 690 783 742 καὶ
832 686 1194 750 ἀποθανόντος
1245 685 1373 752 ίσως
1423 686 1545 740 οὐδὲ
1596 687 1906 758 μέμνηταιο
1941 687 1969 739 6
2016 683 2073 738 δέ

487 781 617 852 περί¹
665 780 845 844 ζῶντα
873 777 1206 849 ἀγνωμόνως
1250 777 1518 842 διατεθεὶς
1550 779 1646 831 καὶ
1687 774 2072 847 ἐγκαταλιπὼν

489 871 779 941 περιόντα,
839 869 1019 941 πολλῷ
1065 869 1263 940 μᾶλλον
1311 869 1674 934 ἀποθανόντος
1729 869 2071 941 ἐπιλήσεται.

489 961 650 1014 Ὅθεν
677 961 852 1024 οὐδεὶς
889 960 1001 1013 τῶν
1026 959 1330 1030 ἀνθρώπων
1357 959 1448 1012 τὸν
1493 958 1646 1029 φίλον
1684 959 1780 1012 καὶ
1811 958 1902 1011 τὸν
1931 957 2076 1011 διδά-

489 1052 688 1106 σκαλον
712 1053 871 1122 ἀφεὶς
903 1051 1083 1116 ζῶντα
1111 1051 1204 1105 καὶ
1237 1049 1642 1119 ἐγκαταλιπὼν,
1667 1050 2073 1121 τελευτήσαντα

484 1145 616 1216 περί
652 1144 851 1198 πολλοῦ
886 1148 1148 1208 ποιεῖται,
1200 1145 1295 1196 καὶ
1334 1143 1572 1214 μάλιστα
1621 1143 1750 1197 ὅταν
1797 1140 2076 1204 κινδύνους

486 1236 717 1308 μυρίους
763 1235 914 1307 αὐτῷ
946 1235 1338 1307 προκειμένους
1386 1233 1497 1288 ἀπὸ
1537 1233 1642 1304 τῆς
1693 1232 1821 1303 περὶ
1868 1232 2076 1286 ἐκεῖνον

491 1329 729 1400 σπουδῆς
760 1328 956 1400 βλέπῃ.
988 1327 1130 1381 Ἀλλ’
1161 1327 1270 1381 ἰδοὺ
1299 1326 1458 1380 τοῦτο
1485 1325 1545 1380 τὸ
1571 1325 1665 1379 ἐπὶ
1695 1324 1924 1397 μηδενὸς
1947 1341 2078 1395 συμο

490 1414 696 1481 ϐαῖνον,
727 1417 823 1470 ἐπὶ
849 1415 942 1470 τοῦ
972 1415 1217 1486 Χριστοῦ
1243 1415 1467 1469 καὶτῶν
1494 1413 1808 1469 ἀποστόλων
1835 1412 2075 1482 ἐγένετο,

489 1505 585 1559 καὶ
613 1505 663 1559 οἱ
696 1504 873 1570 ζῶντα
897 1506 1060 1560 αὐτὸν
1089 1505 1458 1577 ἀρνησάμενοι
1480 1504 1576 1558 καὶ
1595 1502 2076 1572 ἐγκαταλιπόντες,

489 1596 586 1650 καὶ
619 1595 991 1667 συλληφθέντα
1024 1597 1276 1666 ἀφέντες,
1306 1596 1404 1652 καὶ
1431 1596 1902 1667 ἀποπηδήσαντες,
1938 1593 2079 1665 μετά

493 1686 664 1755 μυρία
717 1688 899 1739 ἐκεῖνα
935 1686 1109 1756 ὀνείδη
1163 1685 1259 1740 καὶ
1304 1685 1398 1740 τὸν
1455 1685 1710 1757 σταυρὸν,
1768 1684 1911 1739 οὔτω
1950 1686 2080 1756 περί

491 1776 691 1830 πολλοῦ
718 1778 1063 1849 πεποίηνται,
1091 1777 1166 1842 ὡς
1195 1777 1291 1833 καὶ
1321 1778 1421 1842 τὰς
1456 1777 1635 1848 ψυχὰς
1664 1775 1940 1831 ἐπιδοῦναι
1981 1775 2080 1839 τὰς

489 1869 699 1924 ἑαυτῶν
731 1869 872 1942 ὐπέρ
899 1870 1000 1941 τῆς
1027 1871 1107 1934 εἰς
1148 1869 1310 1923 αὐτὸν
1355 1869 1650 1941 ὁμολογίας
1678 1869 1774 1923 καὶ
1818 1869 2076 1932 πίστεως.

489 1962 686 2016 Καίτοι
728 1978 792 2032 γε
837 1965 886 2016 εἰ
925 1963 1020 2016 καὶ
1071 1961 1450 2033 τετελευτήκει
1485 1975 1513 2004 α
1547 1961 1782 2033 Χριστὸς
1832 1963 1928 2016 καὶ
1979 1962 2080 2016 οὐκ

490 2054 692 2125 ἀνέστη
716 2095 731 2119 ,
777 2055 896 2120 πῶς
947 2049 1063 2125 εἶχε
1101 2053 1258 2124 λόγον
1301 2056 1428 2119 τοὺς
1458 2056 1622 2127 ἡνίκα
1659 2053 1756 2125 ἔζη
1808 2055 2081 2123 φυγόντας

489 2147 578 2200 διὰ
608 2146 698 2200 τὸν
733 2146 1080 2217 ἐπικείμενον
1109 2145 1373 2210 κίνδυνον,
1413 2145 1576 2217 ἡνίκα
1606 2143 1927 2215 ἐτελεύτησε
1974 2161 2078 2214 μυ-

494 2239 631 2310 ρίοις
675 2239 902 2302 ἑαυτοὺς
940 2239 1007 2293 δι’
1046 2240 1251 2293 ἐκεῖνον
1289 2237 1634 2311 περιϐάλλειν
1663 2236 1965 2302 κινδύνοις;
2014 2235 2077 2290 Οἰ

499 2332 600 2402 μὲν
619 2327 712 2386 οὐν
733 2332 882 2386 ἀλλοι
905 2333 1105 2397 πάντες
1129 2332 1346 2402 ἔφυγον,
1372 2330 1577 2402 Πέτρος
1600 2330 1656 2383 δὲ
1684 2330 1780 2383 καὶ
1807 2330 2080 2401 ἠρνήσατο

498 2422 620 2493 μεθ’
660 2424 824 2496 ὅρκου
860 2424 1064 2496 τρίτον,
1115 2421 1211 2476 καὶ
1257 2423 1284 2475 ὁ
1321 2421 1439 2493 μεθ’
1479 2423 1646 2493 ὅρκου
1685 2419 1867 2492 τρίτον
1917 2419 2080 2473 αὐτὸν

493 2515 874 2586 ἀρνησάμενος
901 2517 996 2571 καὶ
1028 2514 1431 2588 θεραπαινιδίου
1467 2513 1632 2583 φόϐον
1676 2511 1927 2575 εὐτελοῦς
1973 2509 2083 2565 δεί-

498 2619 620 2669 σας,
649 2603 835 2676 ἐπειδὴ
864 2604 1202 2676 ἐτελεύτησε,
1245 2603 1567 2676 βουλόμενος
1599 2603 1750 2673 ἡμᾶς
1783 2604 1968 2655 πεῖσαι
1994 2600 2084 2655 διά

494 2694 605 2749 τῶν
643 2696 985 2769 πραγμάτων
1018 2697 1219 2762 αὐτῶν,
1255 2697 1340 2750 ὅτι
1368 2690 1508 2749 εἶδεν
1540 2695 1704 2749 αὐτὸν
1746 2694 2081 2763 ἀναστάντα,

497 2787 671 2851 οὕτως
719 2790 914 2862 ἀθρόον
969 2789 1327 2860 μετεϐάλλετο
1375 2790 1452 2852 ὠς
1497 2789 1791 2861 ὁλοκλήρου
1845 2805 2084 2857 καταγε-

500 2879 662 2934 λάσαι
691 2881 884 2953 δήμου,
909 2882 1003 2934 καὶ
1026 2882 1106 2945 εἰς
1135 2881 1298 2954 μέσον
1331 2880 1440 2935 τῶν
1472 2879 1739 2933 Ἰουδαίων
1766 2879 1828 2932 τὸ
1854 2878 2082 2950 θέατρον

500 2972 828 3044 εἰσπηδῆσαι
861 2973 953 3026 καὶ
985 2975 1182 3040 εἰπεῖν,
1207 2973 1290 3026 δτι
1319 2974 1348 3027 6
1389 2970 1724 3042 σταυρωθεὶς
1763 2972 1856 3025 καὶ
1890 2971 2084 3040 ταφεὶς

500 3060 699 3132 ἀνέστη
739 3063 804 3115 ἐκ
831 3060 1043 3133 νεκρῶν
1066 3063 1133 3132 τῇ
1179 3060 1336 3132 τρίτῃ
1364 3059 1568 3132 ἡμέρᾳ,
1609 3058 1706 3113 καὶ
1733 3059 1814 3122 εἰς
1841 3059 1970 3121 τοὺς
2000 3057 2086 3110 οὐο

504 3153 700 3221 ρανούς
743 3153 931 3224 ἀνέϐη,
967 3153 1062 3205 καὶ
1114 3151 1281 3222 μηδὲν
1329 3151 1492 3204 αὐτὸν
1538 3148 2082 3205 ὐποδεῖσθαι’δεινόν.

503 3238 673 3293 Πόθεν
699 3237 792 3294 οὖν
829 3239 890 3294 τὸ
919 3239 1141 3312 θαρρεῖν
1171 3237 1320 3310 αὐτῷ
1345 3238 1597 3308 ἐγένετο;
1640 3237 1810 3292 Πόθεν
1839 3237 2082 3303 ἄλλοθεν,

500 3334 676 3406 ἀλλ’ἢ
711 3332 818 3386 ἀπὸ
849 3333 948 3405 τῆς
983 3331 1354 3405 πληροφορίας
1381 3332 1480 3403 τῆς
1518 3329 1660 3384 κατά
1703 3329 1802 3401 τὴν
1846 3329 2086 3384 ἀνάσταο

503 3443 626 3493 σιν;
666 3423 886 3496 Ἐπειδὴ
937 3423 1047 3496 γὰρ
1086 3419 1227 3478 εἶδεν
1273 3423 1454 3489 αὐτὸν,
1505 3422 1600 3476 καί⁸
1647 3421 1936 3493 διελέχθη,
1989 3422 2084 3476 καί

504 3515 633 3587 περὶ
658 3514 767 3568 τῶν
797 3513 1098 3585 μελλόντων
1125 3513 1345 3584 ἡκουσε,
1371 3511 1458 3566 διὰ
1486 3509 1642 3568 τοῦτο
1678 3510 1754 3574 ὼς
1780 3510 1922 3582 ὐπέρ
1950 3509 2086 3574 ζῶν·

501 3625 593 3671 τος
626 3604 950 3660 κινδυνεύων
981 3605 1190 3670 λοιπὸν,
1218 3602 1392 3668 οὕτως
1421 3603 1679 3658 ἁπάντων
1710 3603 2084 3673 κατετόλμησε

501 3701 612 3756 τῶν
645 3698 856 3765 δεινῶν,
896 3697 992 3753 ἆτε
1029 3696 1093 3770 δὴ
1125 3697 1220 3750 καὶ
1259 3696 1482 3750 πλείονα
1513 3692 1693 3748 λαϐὼν
1725 3691 1950 3764 δύναμιν
1987 3693 2085 3746 καὶ

497 3789 689 3861 ⁴μεῖζον
723 3790 782 3842 τὸ
819 3787 1019 3859 θάρσος
1057 3786 1133 3851 ὼς
1157 3786 1297 3856 ὐπέρ
1333 3783 1497 3840 αὐτοῦ
1534 3782 1844 3848 ἀποθανεῖν,
1883 3781 1976 3835 καὶ
2007 3780 2086 3852 τῷ

501 3879 720 3950 σταυρῷ
759 3879 905 3932 κατά
945 3877 1190 3948 κεφαλῆς
1223 3874 1647 3948 προσομιλῆσαι.
1689 3874 1859 3927 Ὅταν
1903 3873 2085 3927 τοίνυν

503 3970 621 4042 ἴδῃς
651 3969 680 4009 b
707 3968 800 4021 καὶ
831 3969 1033 4038 σημεῖα
1062 3964 1284 4036 μείζονα
1327 3964 1605 4035 γινόμενα,
1635 3962 1729 4015 καὶ
1755 3964 1882 4026 τοὺς
1911 3962 2088 4034 μαθη-

498 4061 605 4123 τάς
636 4057 862 4112 πλείονα
913 4057 1284 4128 κεκτημένους
1332 4054 1544 4108 εὐνοιαν
1582 4054 1709 4125 περὶ
1757 4053 1918 4106 αὐτὸν
1959 4054 2086 4116 τοὺς

503 4152 768 4222 πρότερον
799 4148 1264 4218 ἐγκαταλιπόντας
1287 4146 1470 4212 αὐτὸν,
1501 4145 1595 4199 καὶ
1621 4143 1738 4217 [94]
1773 4143 2086 4216 παρρησίαν

504 4242 729 4314 μείζονα
770 4237 1268 4310 ἐπιδεικνυμένους,
1316 4237 1414 4291 καὶ
1455 4236 1792 4306 πανταχόθεν
1835 4235 2085 4306 λαμπρο-

498 4333 666 4406 τέραν
718 4330 1010 4401 γινομένην
1063 4328 1173 4382 τῶν
1225 4328 1566 4399 πραγμάτων
1605 4327 1702 4398 τὴν
1757 4326 2083 4399 μεταϐολὴν,

503 4423 598 4477 καλ⁸
638 4423 729 4477 ἐπὶ
773 4423 836 4475 τὸ
883 4417 1440 4492 πεπαῤῥησιασμένον
1487 4417 1583 4470 καὶ
1619 4416 1845 4487 φαιδρὸν
1888 4417 2085 4488 προελ-

497 4515 664 4568 θόντα
704 4511 948 4575 ἅπαντα,
1004 4509 1242 4584 μάνθανε
1288 4508 1354 4561 δι’
1384 4507 1555 4579 αὐτῆς
1601 4509 1708 4561 τῶν
1746 4507 2086 4578 πραγμάτων

501 4605 602 4674 τῆς
646 4603 887 4674 πείρας,
927 4603 1009 4655 ὅτι
1062 4601 1122 4654 οὐ
1173 4600 1333 4672 μέχρι
1403 4597 1635 4652 θανάτου
1678 4596 1749 4650 τά
1792 4596 1956 4650 κατὰ-
1994 4595 2086 4651 τὸν

503 4693 738 4765 Χριστὸν
790 4692 1027 4763 ἔμεινεν,
1059 4690 1196 4744 ἀλλὰ
1244 4692 1540 4752 ἀνάστασις
1590 4686 1753 4740 αὐτὸν
1798 4683 2084 4751 διεδέξατο,

392 4835 393 4838 η
502 4785 599 4837 καὶ
631 4786 696 4856 ζῇ
731 4785 825 4838 καὶ
861 4783 1009 4854 μένει
1041 4780 1310 4852 διηνεκῶς
1341 4783 1370 4834 6
1405 4777 1733 4852 σταυρωθεὶς
1755 4777 1887 4840 Θεὸς
1925 4775 2088 4830 ἀναλ-

503 4874 741 4937 λοίωτος.
773 4873 848 4924 Οὐ
888 4871 998 4943 γάρ
1039 4871 1104 4925 ἂν
1133 4871 1182 4922 εἰ
1223 4867 1300 4941 μὴ
1329 4868 1527 4938 ἀνέστη
1569 4867 1664 4920 καὶ
1709 4865 1828 4936 ἔζη,
1865 4863 2086 4936 μείζονα

507 4963 646 5036 μετὰ
679 4963 850 5016 ταῦτα
883 4965 1084 5034 σημεῖα
1113 4959 1440 5031 εἰργάσαντο
1471 4959 1522 5011 οἰ
1565 4955 1806 5028 μαθηταὶ
1838 4953 1946 5008 τῶν
1979 4953 2087 5025 πρὸ

500 5050 597 5105 τοῦ
631 5050 863 5123 σταυροῦ
906 5049 1225 5122 γινομένων.
1262 5049 1394 5101 Τότε
1433 5047 1532 5118 μὲν
1565 5045 1674 5118 γὰρ
1712 5044 1876 5099 αὐτὸν
1916 5044 2007 5097 καὶ
2033 5045 2084 5096 οἰ

506 5143 744 5216 μαθηταί
797 5142 1183 5212 ἐγκατέλιπον·
1227 5141 1345 5195 νυνὶ
1387 5139 1443 5192 δέ
1488 5136 1637 5208 αὐτῷ
1684 5138 1780 5190 καί
1821 5139 1856 5208 ἡ
1909 5137 2085 5189 οἰκου-

506 5236 642 5308 μένη
691 5235 1016 5308 προστρέχει
1066 5234 1286 5300 ἀπασα,
1333 5232 1427 5284 καὶ
1475 5229 1596 5300 οὐχί
1648 5229 1854 5300 Πέτρος
1900 5226 2081 5298 μόνον,

503 5327 640 5383 ἀλλά
671 5330 780 5402 καὶ,
804 5327 888 5380 ἔτε
900 5343 980 5395 ροι
1029 5325 1232 5397 μυρίοι,
1264 5323 1360 5377 καὶ
1398 5320 1578 5392 πολλῷ
1610 5319 1770 5373 πλέον
1808 5319 1946 5391 μετά
1972 5318 2084 5399 ’Πέο

501 5433 631 5487 τρον
661 5415 771 5470 τῶν
797 5415 895 5486 οὐχ
923 5414 1248 5484 ἑωρακότων
1282 5411 1442 5466 αὐτὸν
1465 5411 1564 5473 τὰς
1592 5408 1769 5479 ψυχὰς
1803 5406 2084 5461 ἐπέδωκαν

503 5509 602 5570 τὰς
633 5507 840 5559 ἐαυτῶν
877 5506 1017 5576 ὑπὲρ
1052 5504 1282 5573 ἐκείνου,
1310 5503 1404 5558 καὶ
1432 5502 1528 5566 τὰς
1557 5499 1800 5570 κεφαλὰς
1836 5499 2085 5570 ἀπετμὴ-

506 5598 697 5668 θησαν,
723 5598 816 5650 καὶ
850 5597 1021 5669 μυρία
1061 5596 1261 5650 ἔπαθον
1290 5593 1468 5660 δεινὰ,
1511 5590 1648 5646 ὥστε
1686 5589 1782 5662 τὴν
1817 5592 1895 5654 εἰς
1924 5589 2084 5644 αὐτὸν

569 5704 596 5732 ³
623 5699 901 5761 Legebatur
944 5699 998 5747 οὐ
1037 5700 1377 5758 τετελευτήκει,
1408 5696 1564 5761 (ιιιοθ,⁸
1600 5695 2080 5761 ροειυιειῐιῑε-βεηευ,

505 5755 830 5819 εοετειῖῐηυε,
864 5763 1189 5818 interpretem
1224 5755 1503 5809 et'Emehd.
1526 5755 1649 5805 νοῇ.
1676 5755 2018 5819 εεειιιὶηΕηιτ.

568 5824 598 5882 Ρ
621 5816 839 5882 (ζοίδᾌτὸ
861 5816 1046 5882 θάρσος·
1076 5820 1164 5867 οὐκ
1184 5822 1240 5869 ἂν
1265 5823 1315 5869 δὲ
1334 5821 1528 5869 πλείονα
1550 5819 1743 5882 δύναμιν
1763 5818 1926 5882 ἔλαϐεν
1950 5816 2078 5879 παρὰ

506 5879 596 5930 τοῦ
618 5879 787 5942 νεκροῦ
810 5882 890 5929 καί
919 5879 1136 5942 μένοντος
1158 5883 1204 5928 ἐν
1228 5884 1296 5945 τῷ
1315 5883 1513 5946 θανάτῳ·
1542 5881 1651 5928 ὅταν
1671 5879 1752 5927 οὐν
1775 5879 1896 5940 ἴδῃς.

1173 403 1228 458 S.
1269 401 1554 459 JOANNIS
1591 399 2090 458 CHRYSOSTOMI
2131 396 2449 455 ARCIIIEP.
2490 396 3036 455 CONSTANTINOP.

2183 504 2472 574 ὁμολογίαν
2508 504 2634 578 ὐγιῆ
2673 507 2768 560 καὶ
2792 507 3051 580 ἀκέραιον
3084 507 3307 579 ἔχοντας
3333 509 3610 566 ἀπελθεῖν.
3646 511 3768 574 Πῶς

2179 591 2273 650 οῦν
2299 599 2328 650 ὁ
2361 597 2550 670 νεκρὸς
2588 599 2682 651 καὶ⁹
2710 600 2769 652 ἔν
2796 599 2874 671 τῷ
2899 599 3057 672 τάφῳ
3097 601 3294 672 μένων,
3335 601 3412 666 ὡς
3455 604 3520 657 σύ
3565 603 3766 673 λέγεις,

2181 680 2226 741 ὦ
2251 688 2490 753 Ἰουδαῖε,
2515 689 2783 762 τοσαύτην
2809 692 2905 746 καὶ
2929 694 2988 745 ἐν
3011 695 3123 757 τοῖς
3155 693 3274 763 μετ’
3297 693 3541 757 ἐκείνους
3563 694 3770 749 ἆπασιν

2181 778 2493 844 ἐπεδείξατο
2531 782 2629 854 τὴν
2675 783 2827 854 ἰσχὺν
2867 784 2961 836 καὶ
2995 783 3092 854 τὴν
3129 783 3380 854 δύναμιν,
3427 783 3629 840 πείθων
3671 786 3772 838 αὐ-

2180 871 2306 932 τοὺς
2339 870 2500 923 αὐτὸν
2537 871 2694 942 μόνον
2740 874 3086 943 προσκυνεῖν,
3131 871 3226 925 καὶ
3271 872 3452 924 πάντα
3493 869 3771 942 αἱρεῖσθαι

2155 960 2472 1032 ’ὑπομεῖναι
2504 963 2598 1016 καὶ
2631 963 2864 1034 πάσχειν
2893 964 3032 1035 ὑπὲρ
3061 963 3152 1016 τοῦ
3193 961 3266 1034 μὴ
3293 963 3393 1034 τὴν
3423 961 3605 1015 πίστιν
3633 962 3771 1015 ἀπο-

2183 1052 2336 1106 λέσαι
2383 1053 2481 1124 τὴν
2527 1055 2608 1117 εἰς
2655 1055 2857 1120 αὐτόν;
2899 1056 3062 1126 Ὁρᾷς
3095 1054 3181 1107 διὰ
3224 1053 3443 1107 πάντων
3477 1053 3620 1124 σαφῆ
3667 1053 3773 1121 τῆς

2184 1144 2536 1208 ἀναστάσεως
2557 1145 2654 1217 τὴν
2675 1145 2966 1213 ὐπόδειξιν,
2985 1145 3076 1199 διά
3098 1145 3208 1198 τῶν
3231 1145 3472 1215 σημείων
3494 1144 3602 1199 τῶν
3623 1145 3772 1208 τότε,

2183 1234 2291 1288 τῶν
2314 1234 2430 1302 νῦν,
2457 1235 2544 1290 διά
2573 1239 2670 1308 τῆς
2695 1237 2906 1300 εὐνοίας
2930 1236 3039 1290 τῶν
3070 1235 3327 1308 μαθητῶν
3353 1233 3462 1290 τῶν
3487 1233 3628 1298 τότε,
3657 1233 3773 1287 τῶν

2184 1327 2300 1394 νῦν,
2328 1327 2416 1382 διὰ
2445 1328 2554 1382 τῶν
2597 1327 2859 1382 κινδύνων
2887 1330 2945 1382 ἐν
2987 1324 3070 1393 οἷς
3107 1327 3414 1381 διετέλεσαν
3459 1327 3509 1380 οἰ
3541 1325 3772 1380 πιστεύ-

2187 1435 2406 1483 σαντες;
2442 1419 2630 1472 Βούλει
2661 1419 2906 1482 καὶτοὺς
2939 1419 3167 1490 ἐχθροὺς
3203 1419 3329 1472 ἰδεῖν
3355 1416 3774 1487 πεφοϐημένους

2185 1509 2350 1564 αὐτοῦ
2384 1511 2484 1582 τὴν
2521 1512 2673 1582 ἰσχὺν
2705 1511 2801 1565 καὶ
2828 1511 2928 1583 τὴν
2955 1510 3205 1582 δύναμιν,
3237 1509 3332 1564 καὶ
3360 1507 3538 1578 πολλῷ
3569 1506 3773 1578 μᾶλλον

2188 1603 2328 1675 μετά
2351 1603 2442 1657 τὸν
2475 1603 2707 1675 σταυρὸν
2734 1601 3116 1673 ἀγωνιῶντας;
3146 1602 3346 1655 ’Ἄκουε
3375 1601 3468 1654 καὶ
3499 1599 3629 1670 περὶ
3651 1599 3776 1652 τού⁴

2185 1713 2293 1751 των
2325 1695 2581 1760 συνετῶς.
2620 1695 2989 1766 Θεωροῦντες
3014 1695 3149 1765 τὰρ,
3191 1693 3375 1765 φησὶν,
3403 1695 3457 1747 οἰ
3492 1691 3772 1748 Ἰουδαῖοι

2184 1789 2300 1859 τὴν
2344 1789 2452 1844 τοῦ
2504 1788 2733 1858 Πέτρου
2776 1789 3122 1858 παρρησίαν
3171 1786 3274 1841 καὶ
3324 1785 3617 1847 Ἰωάννου,
3665 1783 3770 1837 καὶ

2186 1878 2654 1949 καταλαϐόμενοι
2675 1919 2692 1946 ,
2743 1878 2834 1932 ὅτι
2883 1875 3180 1945 ἅνθρωποι
3233 1872 3601 1943 ἀγράμματοί
3647 1873 3774 1924 εἰσι

2186 1972 2287 2026 καί
2318 1970 2568 2039 ἰδιῶται,
2611 1967 2966 2040 ἐθαύμαζον,
3013 1967 3106 2022 καὶ
3145 1967 3415 2038 ἡγωνίων,
3444 1963 3546 2017 οὐκ
3579 1960 3773 2034 ἐπειδὴ

2185 2063 2540 2135 ἀγράμματοι
2598 2057 2762 2132 ἦσαν,
2811 2059 2927 2114 ἀλλ’
2972 2057 3160 2130 ἐπειδὴ
3209 2056 3564 2127 ἀγράμματοι
3614 2053 3775 2117 ὄντες

2186 2154 2404 2209 πάντων
2443 2153 2553 2207 τῶν
2592 2152 2771 2223 σοφῶν
2797 2148 3292 2224 περιεγένοντο,κα¹ι¹
3317 2147 3434 2202 Τὸν
3457 2147 3778 2216 ἄνθρωπον

2187 2243 2310 2296 σὺν
2345 2241 2550 2308 αὐτοῖς
2588 2240 2845 2309 ὁρῶντες
2878 2239 2984 2294 τὸν
3021 2235 3548 2307 τεθεραπευμένον,
3585 2233 3777 2288 οὐδὲν

2185 2327 2353 2400 εἶχον
2393 2329 2721 2385 ἀντειπεῖν·
2770 2329 2948 2384 καίτοι
2993 2345 3056 2398 γε
3102 2326 3210 2399 πρὸ
3249 2324 3438 2378 τούτου
3482 2322 3778 2392 ἀντέλεγον

2189 2422 2391 2492 σημεῖα
2425 2420 2662 2491 ὁρῶντες
2689 2419 2968 2490 γινόμενα.
3001 2419 3124 2482 Πῶς
3155 2413 3248 2472 οὖν
3287 2415 3407 2470 τότε
3447 2415 3546 2468 οὐκ
3588 2414 3773 2468 ἀντεῖ-

2187 2529 2321 2578 πον;
2356 2509 2690 2582 Ἀπέστησεν
2729 2510 2908 2564 αὐτῶν
2937 2509 3038 2580 τὴν
3071 2509 3320 2577 γλῶτταν
3345 2509 3380 2580 ἡ
3413 2506 3642 2578 ἀόρατος
3671 2503 3772 2557 τοῦ

2190 2601 2593 2674 σταυρωθέντος
2631 2601 2889 2674 δύναμιςο
2916 2603 3122 2664 ἐκεῖνος
3151 2601 3212 2654 τὸ
3243 2600 3420 2671 στόμα
3454 2598 3634 2651 αὐτῶν
3691 2598 3780 2650 ἐν-

2201 2694 2469 2767 έφραξεν-
2521 2695 2734 2759 ἐκεῖνος
2797 2694 2896 2765 τὴν
2955 2692 3269 2765 παρρησίαν
3315 2688 3659 2744 κατέστειλεο
3685 2687 3779 2741 διὰ

2187 2784 2348 2838 τοῦτο
2372 2785 2466 2838 καὶ
2488 2784 2834 2856 εἱστήκεισαν
2859 2783 3023 2856 μηδὲν
3046 2782 3259 2853 ἔχοντες
3287 2781 3579 2835 ἀντειπεῖν.
3601 2779 3777 2832 Ὅταν

2189 2876 2247 2930 δέ
2280 2877 2374 2931 καί
2404 2875 2757 2948 ἐφθέγξαντο,
2786 2877 2888 2948 δρα
2924 2875 3040 2938 πῶς
3079 2873 3178 2945 τὴν
3205 2871 3406 2926 δειλίαν
3451 2870 3776 2943 ὁμολογοῦσι

2188 2967 2286 3040 τὴν
2315 2969 2542 3025 ἑαυτῶν.
2567 2971 2893 3033 Βούλεσθε,
2921 2966 3106 3038 φησὶν,
3137 2963 3458 3036 ἐπαγαγεῖν
3487 2963 3581 3033 ἐφ’
3615 2962 3779 3032 ἡμᾶς

2189 3058 2256 3111 τὸ
2289 3054 2433 3130 αἷμα
2475 3059 2582 3114 τοῦ
2618 3057 2934 3128 ἀνθρώπου
2985 3058 3201 3111 τούτου
3213 3071 3233 3121 ;
3272 3055 3382 3108 Καὶ
3428 3055 3554 3126 μὴν,
3586 3055 3635 3107 εἰ
3680 3054 3780 3108 άν-

2191 3148 2408 3221 θρωπός
2452 3152 2567 3205 ἐστι
2609 3151 2785 3222 ψιλὸς,
2825 3149 2880 3203 τί
2907 3148 3151 3212 δέδοικας
3183 3145 3347 3201 αὐτοῦ
3375 3147 3436 3200 τὸ
3462 3140 3636 3218 αἷμας
3676 3145 3780 3199 πό-

2192 3258 2318 3305 σους
2355 3241 2566 3306 ἀνεῖλες
2607 3243 2914 3314 προφήτας,
2945 3239 3145 3304 πόσους
3173 3238 3411 3307 ἔσφαξας
3439 3239 3697 3304 δικαίους,
3728 3233 3778 3293 ὦ

2203 3331 2444 3402 Ἰουδαῖε,
2471 3335 2566 3389 καὶ
2595 3333 2806 3396 οὐδενὸς
2835 3331 3015 3385 αὐτῶν
3041 3331 3101 3384 τὸ
3126 3326 3266 3402 αἷμα
3294 3330 3600 3401 ἐφοϐήθηςὶ
3629 3332 3780 3394 τινος

2189 3431 2381 3485 ἕνεκεν
2415 3423 2649 3480 ἐνταῦθα
2698 3421 2875 3492 φοϐῇ;
2911 3420 3242 3474 Κατέσεισεν
3281 3419 3462 3473 αὐτῶν
3497 3419 3665 3482 δντως
3709 3420 3776 3473 τὸ

2191 3519 2432 3581 συνειδὸς
2459 3519 2488 3571 ὁ
2524 3511 2892 3584 σταυρωθεὶς,
2938 3511 3035 3565 καί⁸
3077 3510 3178 3582 τὴν
3226 3509 3465 3579 ἀγωνίαν
3509 3510 3574 3580 ἢν
3625 3505 3776 3579 εἶχον

2189 3611 2394 3684 κρύψαι
2429 3607 2504 3680 μὴ
2549 3605 2865 3676 δυνάμενοι,
2911 3603 3007 3658 καὶ
3042 3601 3266 3665 ἄκοντες
3305 3600 3534 3656 ἐπὶτῶν
3563 3599 3779 3671 ἐχθρῶν

2189 3701 2508 3776 ὁμολογοῦσι
2530 3701 2627 3772 τὴν
2652 3697 2854 3752 οἰκείαν
2877 3694 3179 3748 ἀσθένειαν.
3206 3693 3316 3746 Καὶ
3338 3692 3426 3745 ὅτε
3458 3691 3558 3762 μὲν
3585 3690 3778 3744 ἐσταύ-

2191 3814 2320 3870 ρουν
2347 3794 2508 3850 αὐτὸν
2533 3792 2701 3847 ἐϐόων
2725 3790 2992 3858 λέγοντες·
3025 3786 3095 3841 Τὸ
3129 3779 3271 3854 αἷμα
3296 3783 3482 3836 αὐτοῦ
3503 3782 3595 3850 ἐφ’
3615 3781 3777 3850 ἡμᾶς

2191 3889 2289 3945 καί
2323 3885 2423 3940 ἐπὶ
2457 3885 2530 3940 τὰ
2559 3883 2743 3938 τέκνα
2769 3877 2970 3949 ήμῶν·
3003 3877 3145 3931 οὓτω
3171 3874 3534 3946 κατεφρόνουν
3566 3873 3660 3926 τοῦ
3692 3875 3776 3926 αῖ-

2195 3997 2361 4053 ματος
2387 3975 2573 4032 αὐτοῦ.
2595 3973 2749 4030 Μετά
2778 3973 2835 4027 δέ
2860 3972 2952 4027 τὸν
2983 3967 3216 4040 σταυρὸν
3248 3967 3443 4029 ἰδόντες
3476 3963 3642 4018 αὐτοῦ
3674 3964 3777 4036 τὴν

2191 4073 2422 4143 δύναμιν
2449 4068 2884 4137 διαλάμπουσαν,
2910 4060 3200 4132 φοϐοῦνται
3229 4059 3322 4112 καὶ
3349 4055 3646 4126 ἀγωνιῶσι,
3677 4059 3777 4110 καὶ

2192 4166 2408 4236 λέγουσι
2429 4180 2442 4193 ·
2489 4160 2796 4215 Βούλεσθε
2838 4154 2954 4230 [95]
3011 4150 3333 4224 ἐπαγαγεῖν
3373 4151 3466 4220 ἐφ’
3501 4147 3660 4219 ἡμᾶς
3705 4149 3775 4202 τὸ

2193 4255 2336 4328 αἷμα
2363 4255 2470 4310 τοῦ
2513 4251 2828 4321 ἀνθρώπου
2872 4247 3122 4310 τούτου;
3171 4243 3357 4298 Καίτοι
3390 4258 3453 4311 γε
3491 4243 3540 4295 εἰ
3574 4240 3776 4305 πλάνος

2193 4348 2260 4406 ἦν
2290 4350 2386 4403 καὶ
2430 4344 2703 4407 ἀντίθεος,
2746 4339 2930 4403 καθώς
2968 4354 3124 4408 φατε,
3164 4334 3406 4389 Ἰουδαῖοι
3441 4333 3774 4404 παράνομοι,

2192 4417 2338 4506 τίνος
2363 4440 2551 4495 ἔνεκεν
2582 4435 2746 4490 αὐτοῦ
2779 4433 3054 4488 δεδοίκατε
3079 4430 3140 4483 τὺ
3172 4422 3344 4498 αἷμας
3386 4425 3498 4480 Καὶ
3537 4424 3646 4494 γὰρ
3678 4424 3776 4476 καὶ

2193 4528 2694 4604 ἐγκαλλωπίζεσθαι
2723 4527 2831 4581 ἔδει
2857 4525 2935 4595 τῷ
2960 4523 3126 4594 φόνῳ,
3155 4522 3204 4574 εἰ
3232 4518 3474 4580 τοιοῦτος
3500 4511 3591 4588 ἦν.
3629 4515 3774 4568 Ἀλλ’

2192 4624 2384 4695 ἐπειδὴ
2413 4620 2654 4684 τοιοῦτος
2675 4619 2777 4673 οὐκ
2802 4613 2892 4689 ἦν,
2919 4615 3008 4670 διά
3032 4613 3190 4668 τοῦτο
3217 4609 3537 4680 τρέμουσιν.

2265 4775 2332 4830 θ’.
2350 4774 2516 4846 Ὁρᾷς
2533 4767 2870 4840 πανταχόθεν
2896 4766 2992 4820 καὶ
3018 4765 3147 4829 τοὺς
3175 4762 3402 4834 ἐχθροὺς
3421 4757 3778 4846 ἀγωνιῶντας

2192 4859 2288 4913 καὶ
2311 4841 2646 4920 δεδοικότας
2677 4848 2814 4914 εἰδες
2843 4849 3023 4904 αὐτῶν
3047 4849 3148 4918 τὴν
3175 4848 3449 4914 ἀγωνίαν;
3487 4841 3645 4897 Μάθε
3678 4841 3778 4894 καὶ

2191 4941 2285 4995 τοῦ
2327 4937 2732 5009 σταυρωθέντος
2762 4933 2863 5005 τὴν
2915 4927 3350 5002 φιλανθρωπίαν.
3399 4926 3628 5009 Ἐκεῖνοι
3652 4923 3780 5009 μὲν

2193 5024 2303 5096 γὰρ
2346 5006 2559 5091 ἔλεγον·
2601 5018 2672 5075 Τὸ
2709 5012 2854 5087 αἷμα
2883 5013 3070 5070 αὐτοῦ
3112 5012 3206 5082 ἐφ’
3230 5010 3411 5096 ἡμᾶς,
3440 5008 3536 5061 καὶ
3570 5006 3667 5096 ἐίτί
3699 5007 3778 5058 τὰ

2193 5088 2378 5162 τέκνα
2425 5088 2629 5173 ήμῶν·
2675 5104 2706 5154 ὁ
2748 5101 2806 5154 δέ
2839 5097 3076 5170 Χριστὸς
3115 5096 3214 5149 οὐκ
3258 5093 3516 5162 ἐποίησεν
3559 5088 3772 5173 οὕτως’

2191 5188 2328 5245 ἀλλά
2380 5170 2515 5258 πρδς
2546 5186 2636 5238 τὸν
2679 5183 2899 5254 Πατέρα
2942 5176 3310 5234 καθικετεύων
3343 5173 3524 5258 λέγει’
3558 5170 3774 5258 Πάτερ,

2191 5273 2342 5342 ἄφες
2375 5255 2617 5335 αὐτοῖςκ
2645 5269 2718 5321 οὺ
2761 5265 2870 5336 γὰρ
2901 5263 3102 5319 οἴδασι
3135 5261 3193 5315 τί
3231 5257 3531 5342 ποιοῦσιν.
3549 5255 3626 5342 ΔΕἰ
3654 5255 3775 5342 ,γὰρ

2192 5337 2411 5425 ἐγένετο
2447 5351 2509 5406 τὸ
2539 5346 2681 5422 αἷμα
2709 5347 2876 5403 αὐτοῦ
2916 5347 3003 5398 ἐπ’
3033 5344 3230 5406 αὐτοὺς
3258 5341 3353 5425 καὶ
3381 5339 3474 5425 ἐπὶ
3503 5337 3574 5391 τά
3608 5337 3780 5425 τέκνα

2192 5419 2392 5500 αὐτῶν,
2417 5435 2520 5489 οὐκ
2549 5419 2616 5488 ἂν
2646 5432 2756 5486 ἀπὸ
2785 5429 2894 5484 τῶν
2921 5429 3127 5482 τέκνων
3152 5424 3332 5480 αὐτῶν
3365 5422 3612 5491 ἐγένοντο
3643 5419 3781 5472 ἀπόκ-

2193 5522 2400 5577 στολοι·
2450 5518 2550 5572 οὐκ
2585 5515 2652 5571 ἂν
2695 5513 2830 5587 ὁμοῦ
2876 5511 3161 5584 τρισχίλιοι
3188 5507 3533 5570 ἐπίστευσαν,
3577 5503 3675 5587 οὐκ
3706 5501 3777 5587 ἂν

2191 5601 2633 5672 πεντακισχίλιοι.
2690 5583 2851 5669 Ὁρᾷς
2903 5583 3021 5660 πῶς
3074 5594 3272 5647 ἐκεῖνοι
3331 5590 3430 5661 μὲν
3481 5586 3626 5672 ῶμοὶ
3668 5583 3778 5672 Δκαὶ

2189 5689 2420 5758 ἀπηνεῖς
2456 5667 2591 5754 περὶ
2627 5681 2699 5736 τά
2727 5667 2925 5748 ἔκγονα
2963 5676 3143 5731 αὐτῶν
3179 5675 3330 5736 ὄντες
3359 5674 3452 5758 καὶ
3479 5671 3579 5742 τὴν
3613 5667 3778 5758 φύσιν

2207 5751 2376 5841 αὐτὴν
2401 5751 2697 5838 ἠγνόησαν,
2724 5765 2752 5816 ὁ
2779 5763 2836 5816 δέ
2861 5761 2994 5824 Θεὸς
3027 5759 3279 5830 πατέρων
3309 5751 3777 5841 ἀπάντων-φιλαν-

2197 5837 2560 5929 θρωπότερος,
2586 5849 2678 5903 καὶ
2711 5845 2966 5917 μητέρων
3003 5840 3479 5914 φιλοστοργότερος
3518 5837 3777 5907 γέγονενς

3669 394 3768 454 “0
3859 399 3862 402 ’
