4086 6416
357 411 454 471 {09

352 537 499 600 ptum
530 524 658 582 illud
688 537 902 596 quoque
947 523 1118 592 majus
1169 521 1375 578 videbis
1431 529 1551 592 post
1598 518 1948 575 resurrectio-

351 633 472 675 nem
501 615 793 672 affulsisse.
826 614 1102 686 Siquidem
1128 613 1181 669 in
1211 611 1463 669 confesso
1486 623 1571 668 est
1595 610 1735 681 apud
1758 624 1948 666 omnes

349 726 496 775 eum,
527 707 622 780 qui
656 723 784 780 erga
829 709 1096 762 viventem
1126 705 1400 761 hominem
1426 704 1688 761 benevole
1715 703 1786 760 sit
1818 703 1950 758 alie-

349 812 490 866 ctus,
515 801 632 872 ipso
655 809 873 855 mortuo
895 798 1122 854 fortasse
1140 813 1208 853 ne
1223 795 1442 868 quidem
1464 796 1581 866 ejus
1603 795 1944 850 meminisse:

351 894 442 964 qui
473 907 602 949 vero
629 891 770 946 male
815 889 1035 946 affectus
1063 891 1133 944 sit
1159 903 1287 959 erga
1333 888 1478 942 illum
1506 929 1521 954 ,
1552 887 1679 943 dum
1720 887 1944 954 viveret,

349 993 405 1038 et
429 982 779 1052 superstitem
807 979 1126 1044 deseruerit,
1161 979 1330 1034 multo
1356 978 1525 1048 magis
1575 978 1946 1033 immemorem

350 1073 590 1129 defuncti
621 1072 880 1128 futurum.
923 1072 1041 1140 Quo
1088 1070 1164 1136 fit,
1193 1079 1251 1125 ut
1273 1086 1430 1126 nemo
1455 1070 1546 1141 qui
1573 1071 1804 1125 amicum
1835 1084 1949 1124 ma-

353 1167 646 1238 gistrumve
670 1167 1008 1236 superstitem
1054 1163 1328 1235 reliquerit
1365 1179 1428 1220 ae
1472 1163 1790 1230 deseruerit,
1839 1163 1947 1219 vita

361 1259 598 1316 functum
649 1259 865 1330 plurimi
903 1258 1074 1324 faciat,
1107 1273 1172 1313 ac
1197 1267 1308 1313 tum
1341 1257 1639 1327 praicipue,
1670 1271 1792 1313 cum
1821 1272 1947 1326 pro-

357 1363 474 1424 pter
497 1352 794 1408 exhibitam
823 1351 875 1405 in
917 1365 1043 1406 eum
1065 1349 1493 1405 benevolentiam
1525 1349 1671 1404 mille
1712 1349 1946 1418 pericula

354 1443 462 1499 sibi
487 1441 679 1498 viderit
724 1442 1024 1497 imminere.
1054 1440 1197 1495 Ecce
1250 1449 1428 1495 tamen
1478 1439 1606 1494 illud
1630 1440 1774 1510 quod
1817 1439 1947 1495 nulli

355 1533 570 1600 accidit,
603 1533 658 1588 in
704 1532 918 1588 Christo
940 1539 998 1588 et
1021 1530 1299 1602 discipulis
1326 1529 1527 1595 evenit,
1560 1539 1614 1586 et
1640 1529 1731 1600 qui
1760 1529 1946 1586 viven-

357 1633 466 1680 tem
493 1624 644 1678 illum
671 1631 1000 1693 negaverant
1024 1637 1086 1677 ac
1112 1620 1483 1686 deseruerant,
1508 1627 1562 1675 et
1589 1620 1947 1692 comprehen-

355 1731 476 1771 sum
502 1717 867 1786 reliquerant,
896 1723 951 1769 et
992 1711 1328 1785 aufugerant,
1379 1721 1499 1783 post
1534 1713 1813 1768 innumera
1857 1713 1947 1768 illa

355 1808 665 1880 opprobria,
694 1816 750 1864 et
777 1822 1014 1872 crucem,
1045 1805 1177 1861 tanti
1203 1821 1325 1862 eum
1357 1805 1620 1873 fecerunt,
1652 1813 1712 1860 ut
1739 1821 1835 1876 pro
1861 1805 1945 1876 ip-

359 1906 472 1958 sius
487 1903 822 1959 confessione
841 1917 904 1958 ac
922 1902 1026 1958 fide
1052 1902 1258 1957 animas
1273 1903 1431 1956 etiam
1449 1916 1574 1957 suas
1595 1910 1944 1972 exponerent.

358 1995 645 2050 Enimvero
683 1995 728 2051 si
756 2001 1002 2050 mortuus
1051 1993 1240 2049 fuisset
1267 1991 1536 2060 Christus,
1563 2009 1737 2064 neque
1764 2009 1946 2048 resur-

355 2086 607 2154 rexisset,
661 2087 750 2158 qui
789 2085 904 2142 fieri
945 2085 1224 2158 potuisset,
1257 2086 1451 2156 utqui,
1498 2085 1626 2141 dum
1676 2096 1948 2156 superstes

357 2185 524 2244 esset,
552 2177 622 2232 ob
650 2177 946 2248 periculum
986 2178 1274 2233 imminens
1300 2177 1566 2248 fugerant,
1587 2194 1653 2234 eo
1691 2177 1802 2249 jam
1842 2179 1948 2234 vita

358 2267 562 2333 functo,
593 2279 814 2340 propter
851 2270 1002 2324 illum
1049 2269 1198 2325 mille
1240 2269 1486 2339 periculis
1515 2270 1721 2341 εείιιευε
1749 2271 1949 2342 objiceo

357 2364 613 2418 rent?Ac
637 2365 812 2420 exteri
838 2362 1051 2433 quidem
1077 2378 1268 2419 omnes
1293 2362 1574 2434 fugerunt,
1606 2365 1795 2420 Petrus
1820 2379 1950 2421 vero

356 2455 518 2511 etiam
546 2471 667 2511 cum
689 2456 992 2526 juramento
1023 2466 1104 2511 ter
1130 2456 1279 2512 illum
1312 2457 1545 2528 negavit,
1572 2467 1625 2513 et
1650 2459 1740 2528 qui
1763 2467 1842 2512 ter
1878 2458 1947 2512 il-

358 2547 469 2603 lum
495 2564 615 2604 cum
637 2549 942 2620 juramento
969 2539 1280 2620 negaverat,
1310 2560 1365 2606 et
1394 2551 1513 2605 vilis
1535 2551 1802 2606 ancillula:
1832 2552 1948 2606 fue-

358 2648 444 2694 rat
468 2641 661 2695 timore
684 2640 983 2712 perculsus,
1009 2649 1354 2713 posteaquam
1370 2641 1595 2707 obierat,
1619 2639 1774 2696 nobis
1790 2641 1950 2697 rebus

359 2731 490 2803 ipsis
519 2731 704 2786 volens
729 2731 884 2788 fidem
913 2732 1092 2788 facere
1141 2747 1201 2789 se
1242 2733 1554 2788 suscitatum
1581 2732 1729 2788 illum
1750 2747 1781 2786 a
1809 2747 1949 2788 mor-

362 2825 467 2881 tuis
488 2825 706 2892 vidisse,
733 2826 812 2880 sic
836 2835 1059 2896 repente
1095 2835 1329 2881 mutatus
1345 2835 1448 2894 est,
1479 2835 1534 2881 ut
1559 2826 1825 2897 integrum
1853 2841 1949 2896 po-

362 2918 542 2988 pulum
571 2927 978 2987 aspernaretur,
1020 2927 1077 2975 et
1104 2919 1158 2973 in
1204 2919 1437 2974 medium
1461 2917 1767 2974 Judacorum
1798 2917 1950 2973 thea-

361 3017 502 3062 trum
525 3007 810 3077 prosiliret,
833 3007 1145 3079 diceretque
1166 3009 1313 3064 illum
1337 3008 1428 3080 qui
1476 3009 1763 3065 cruciﬁxus
1784 3007 1954 3064 fuerat

361 3113 426 3152 ac
447 3099 706 3168 sepultus,
736 3115 767 3154 a
799 3099 1024 3154 mortuis
1075 3099 1162 3155 die
1190 3100 1364 3166 tertia,
1390 3100 1685 3156 surrexisse
1710 3108 1870 3171 atque
1899 3100 1952 3154 in

362 3190 526 3245 cmlos
549 3191 876 3259 ascendisse,
902 3208 1078 3263 neque
1125 3209 1185 3250 se
1224 3194 1347 3248 ntali
1394 3193 1681 3264 quidquam
1711 3194 1956 3249 reformi-

361 3281 513 3336 dare.
544 3281 695 3337 Unde
727 3283 886 3354 igitur
909 3285 1108 3340 factum
1149 3292 1289 3352 erat,
1316 3293 1376 3340 ut
1398 3285 1534 3340 adeo
1562 3285 1840 3342 confidens
1868 3300 1956 3340 es-

362 3373 485 3428 set?
527 3373 644 3429 Non
669 3374 883 3430 aliunde
909 3391 1060 3444 sane,
1088 3392 1248 3446 quam
1269 3391 1334 3431 ex
1367 3392 1433 3432 eo
1457 3377 1598 3448 quod
1621 3377 1689 3434 de
1711 3393 1957 3434 resurre-

365 3465 546 3521 ctione
570 3466 770 3521 certior
796 3465 968 3523 factus
993 3475 1156 3523 esset.
1192 3468 1324 3523 Cum
1351 3469 1494 3524 enim
1531 3468 1680 3524 illutn
1710 3468 1952 3536 vidisset,

365 3565 529 3626 atque
551 3551 856 3626 alloqttutus
904 3567 1065 3623 esset,
1095 3558 1266 3630 deque
1294 3559 1455 3615 rebus
1484 3559 1674 3615 futuris
1695 3560 1856 3616 verba
1889 3559 1958 3614 fa-

365 3648 597 3702 cientem
625 3648 900 3717 audiisset,
931 3649 1031 3706 hac
1058 3649 1124 3706 de
1151 3666 1313 3706 causa
1357 3659 1624 3722 tamquam
1653 3653 1704 3707 iu
1732 3653 1955 3724 gratiam

367 3738 599 3794 hominis
618 3739 726 3811 jam
755 3741 980 3796 viventis
1010 3736 1301 3810 perieulum
1326 3742 1500 3800 adire:
1525 3785 1540 3811 ,
1582 3745 1655 3800 ita
1711 3759 1771 3801 se
1802 3745 1956 3799 malis

365 3829 617 3884 omnibus
644 3829 948 3901 objiciebat,
987 3841 1173 3903 utpote
1201 3834 1292 3903 qui
1331 3835 1520 3905 majori
1547 3835 1740 3890 virtute
1769 3851 1955 3890 corro-

368 3921 592 3976 boratus
619 3931 762 3977 esset
789 3922 1217 3994 confidentiaque
1246 3925 1460 3994 majori,
1518 3926 1598 3981 sic
1631 3935 1688 3982 ut
1715 3942 1813 3998 pro
1842 3927 1958 3997 ipso

368 4023 598 4066 mortem
649 4023 945 4082 Oppeteret,
999 4024 1053 4070 et
1077 4016 1222 4070 cruci
1266 4017 1440 4086 capite
1471 4018 1522 4072 in
1578 4027 1775 4074 terram
1803 4033 1960 4075 verso

369 4102 692 4173 affigeretur.
720 4105 853 4158 Cum
883 4121 1014 4176 ergo
1043 4107 1243 4177 majora
1292 4107 1408 4163 fieri
1461 4110 1611 4180 signa
1655 4111 1873 4174 videris,
1903 4122 1960 4167 et

371 4195 662 4265 discipulos
687 4197 875 4268 majori
903 4215 1026 4253 eum
1055 4199 1434 4256 benevolentia
1481 4217 1602 4258 esse
1625 4204 1958 4274 complexos,

370 4291 461 4360 qui
491 4291 639 4361 prius
668 4307 790 4348 eum
817 4297 1185 4358 deseruerant,
1215 4303 1266 4349 et
1290 4295 1547 4365 majorem
1579 4290 1826 4352 fiduciam
1850 4313 1961 4369 pra:

371 4396 433 4436 se
457 4382 616 4446 ferre,
640 4382 785 4437 omni
811 4399 875 4439 ex
895 4391 1045 4453 parte
1061 4384 1404 4440 illustriorem
1425 4402 1602 4442 rerum
1625 4386 1819 4442 factam
1843 4403 1963 4444 esse

372 4473 744 4539 mutationem,
775 4475 1057 4544 omniaque
1085 4475 1265 4530 tutiori
1309 4491 1372 4531 ac
1413 4476 1715 4545 jucundiori
1761 4493 1882 4535 esse
1911 4479 1963 4534 in

371 4573 516 4620 statu
567 4565 858 4630 collocata,
913 4576 1022 4621 tum
1069 4566 1186 4636 ipso
1240 4581 1417 4622 rerum
1466 4569 1834 4638 experimento
1874 4583 1966 4624 co-

371 4672 593 4728 gnosce,
625 4672 712 4714 res
738 4657 934 4714 Christi
964 4673 1069 4714 non
1097 4673 1218 4715 esse
1267 4659 1456 4713 mortis
1500 4661 1691 4716 ﬁnibus
1738 4661 1967 4716 circum-

373 4750 576 4816 clusas,
605 4749 699 4806 sed
722 4751 1168 4807 resurrectionem
1194 4751 1268 4806 illi
1301 4751 1642 4817 successisse,
1673 4766 1736 4807 ac
1761 4753 1964 4820 vivere,

375 4841 825 4912 superstitemque
877 4853 1138 4913 perpetuo
1171 4842 1480 4898 crucifixum
1530 4859 1749 4898 manere
1799 4844 1964 4899 Deum

375 4931 762 4990 immutabilem
789 4944 840 4989 et
867 4935 1245 4990 immortalem.
1303 4933 1487 5004 Neque
1512 4935 1654 4990 enim
1697 4935 1966 5006 discipuli,

377 5023 482 5080 nisi
515 5024 891 5080 resnrrexisset
943 5041 1008 5080 ac
1066 5026 1295 5093 viveret,
1345 5026 1548 5095 majora
1597 5037 1779 5096 postea
1809 5027 1970 5082 mira-

377 5116 496 5170 cula
539 5125 861 5187 patrassent,
915 5132 1072 5186 quam
1129 5132 1248 5186 qua:
1301 5131 1513 5171 crucem
1561 5127 1964 5187 praecesserant.

379 5206 511 5262 Nam
542 5218 653 5262 tum
686 5211 938 5278 temporis
964 5209 1126 5263 etiam
1154 5208 1401 5278 discipuli
1446 5209 1779 5280 reliquerunt
1803 5225 1925 5266 eam
1951 5227 1964 5263 :

378 5297 485 5367 jam
513 5313 642 5355 vero
673 5307 816 5354 totus
843 5299 910 5355 ad
936 5301 1085 5355 illum
1112 5301 1258 5356 orbis
1286 5309 1549 5356 terrarum
1576 5302 1844 5370 accurrit,
1876 5317 1971 5359 ne-

380 5403 485 5458 que
513 5389 703 5446 Petrus
732 5391 902 5446 solum
932 5434 946 5458 ,
975 5392 1067 5447 sed
1097 5400 1151 5448 et
1179 5392 1326 5447 mille
1352 5393 1440 5448 alii
1465 5435 1480 5460 ,
1509 5409 1572 5448 ac
1603 5393 1769 5449 multo
1791 5394 1971 5464 plures

382 5489 503 5550 post
531 5481 746 5538 Petrum
773 5525 788 5550 ,
829 5499 893 5540 ex
939 5485 1044 5540 illis
1089 5485 1178 5556 qui
1228 5486 1375 5539 illum
1422 5487 1643 5546 minime
1688 5487 1968 5556 viderunt,

380 5574 587 5630 animas
640 5591 738 5645 pro
779 5576 872 5630 illo
913 5593 1038 5632 suas
1083 5587 1482 5648 exposuerunt,
1529 5582 1703 5650 capite
1744 5583 1973 5638 truncati

382 5673 508 5719 sunt
530 5707 546 5730 ,
579 5677 632 5720 et
660 5666 938 5724 innumera
965 5676 1090 5723 sunt
1117 5668 1256 5722 mala
1289 5669 1525 5739 perpessi
1551 5711 1567 5737 ,
1609 5679 1666 5724 ut
1693 5672 1892 5742 integra
1919 5682 1975 5728 et

383 5754 550 5810 illaesa
568 5757 734 5826 ipsius
749 5759 1083 5817 confessione
1108 5771 1404 5830 possentex
1431 5760 1530 5816 hac
1551 5762 1654 5816 vita
1677 5762 1970 5820 discedere.

384 5847 666 5916 Quomodo
694 5864 822 5923 ergo
853 5854 896 5908 is
920 5853 1009 5925 qui
1037 5862 1276 5910 mortuus
1320 5863 1433 5910 erat
1472 5863 1524 5910 et
1563 5855 1809 5926 sepulcro
1847 5870 1973 5912 con-

1035 407 1171 465 CUR
1209 406 1274 464 ΙΝ
1313 404 1603 462 PENTEC.
1646 403 1850 468 ACTA,
1893 401 2046 461 ETC.
2092 404 2154 458 ΙΝ
2187 405 2474 465 PlilNClP.
2519 409 2866 472 ACTORUM.
2911 415 2999 470 IV.

3551 432 3651 484 Illi

2059 518 2238 576 elusus
2262 563 2276 584 ,
2309 533 2367 578 ut
2393 533 2448 579 tu
2475 523 2647 594 dicis,
2687 545 2719 584 ο
2757 529 2942 586 Iudaee
2967 574 2982 598 ,
3034 533 3086 589 in
3130 537 3376 594 omnibus
3427 542 3517 610 qui
3567 563 3657 597 se-

2057 612 2208 680 quuti
2238 623 2363 669 sunt
2388 616 2507 672 illos
2530 626 2727 674 tantam
2755 621 2859 676 vim
2887 623 3130 680 exhibuit
3158 636 3464 702 tantamque
3489 634 3655 688 virtu-

2057 712 2163 757 tem
2189 744 2205 768 ,
2235 714 2292 759 ut
2320 706 2400 762 eis
2429 710 2815 779 persuaderet,
2857 714 3029 769 solum
3054 716 3206 772 illum
3233 729 3290 774 ttt
3318 720 3605 780 adorarent
3643 767 3660 792 ,

2055 793 2339 865 omniaque
2363 798 2630 855 sustinuere
2669 815 2731 856 ae
2758 804 2960 873 perpeti
2993 805 3253 874 mallent,
3298 825 3456 880 quam
3499 831 3649 869 suam

2057 883 2110 938 in
2154 884 2299 941 illum
2340 887 2496 944 fidem
2532 891 2820 947 amittere?
2858 893 3018 949 Vides
3057 896 3108 949 in
3149 901 3394 956 omnibus
3449 893 3653 960 certain

2055 978 2462 1035 resurrectionis
2489 984 2983 1051 comprobatiouem
3012 987 3229 1045 elucere
3252 1032 3266 1057 ,
3300 1007 3423 1047 cum
3465 1009 3530 1049 ex
3575 997 3653 1050 si-

2051 1067 2172 1137 gnis
2197 1084 2317 1140 qua:
2343 1079 2453 1126 tum
2485 1071 2622 1128 facta
2643 1083 2805 1141 sunt,
2829 1092 3054 1148 quicque
3082 1094 3228 1137 nunc
3249 1080 3382 1136 fiunt
3402 1089 3434 1148 ,‘
3450 1092 3560 1138 tum
3585 1100 3651 1139 es

2055 1158 2437 1232 discipulorum
2467 1164 2838 1223 benevolentia
2863 1209 2878 1235 ,
2906 1171 2995 1240 qui
3022 1179 3132 1226 tum
3162 1172 3415 1230 vivebant
3439 1217 3454 1241 ,
3483 1185 3536 1231 et
3561 1177 3652 1245 qui

2057 1267 2198 1308 nunc
2228 1253 2448 1320 vivunt,
2477 1263 2589 1311 tum
2610 1272 2676 1312 ex
2704 1258 2955 1327 periculis
2981 1261 3031 1316 in
3055 1264 3250 1333 quibus
3275 1279 3492 1336 semper
3521 1265 3653 1321 fide-

2055 1342 2138 1399 les
2192 1347 2587 1402 versabantur?
2637 1349 2802 1406 Visne
2855 1352 3148 1407 etiamnum
3195 1355 3379 1411 hostes
3431 1371 3654 1412 cernere

2055 1436 2347 1503 potentiam
2377 1451 2442 1493 ac
2468 1439 2721 1496 virtutem
2760 1441 2878 1513 ejus
2917 1443 3335 1514 pertimescere,
3381 1462 3444 1502 ac
3485 1447 3653 1502 multo

2053 1526 2285 1595 amplius
2311 1538 2430 1598 post
2456 1544 2672 1588 crucem
2700 1536 2973 1590 aestuare?
3000 1535 3140 1591 Audi
3163 1552 3292 1593 sane
3320 1538 3610 1608 prudenter
3633 1581 3649 1606 ,

2053 1617 2178 1686 quid
2205 1617 2273 1674 de
2295 1619 2378 1676 his
2416 1621 2671 1693 scriptum
2705 1624 2796 1678 sit.
2841 1625 2967 1680 Cum
3001 1629 3136 1681 enim
3177 1629 3400 1683 viderent
3423 1671 3438 1694 ,
3484 1631 3654 1701 inquit

2054 1708 2326 1780 Scriptura
2350 1745 2378 1778 ,~
2423 1712 2599 1768 Judazi
2647 1714 2790 1770 Petri
2834 1717 2887 1770 in
2942 1717 3192 1790 loquendo
3244 1719 3550 1787 libertatem,
3607 1730 3655 1774 et

2052 1801 2270 1860 Joannis
2288 1846 2305 1872 ,
2330 1815 2478 1876 atque
2502 1809 2956 1865 animaduerterent
2982 1812 3208 1868 homines
3236 1813 3354 1868 illos
3385 1813 3648 1869 literarum

2055 1897 2204 1953 rudes
2233 1908 2278 1953 et
2304 1901 2564 1968 imperitos
2589 1919 2729 1970 esse,
2775 1904 3092 1959 mirabantur
3135 1905 3155 1978 (
3180 1906 3292 1960 Act.
3315 1907 3369 1962 4.
3398 1908 3465 1962 15
3500 1908 3550 1977 ),
3599 1916 3656 1962 et

2055 1991 2368 2048 metuebant
2393 2007 2500 2048 non
2523 1995 2665 2066 quod
2695 1996 2879 2052 literas
2904 1997 3212 2064 nescirent,
3241 1998 3335 2055 sed
3361 1999 3504 2070 quod
3529 2014 3650 2054 cum

2056 2081 2294 2139 illiterati
2331 2094 2515 2142 essent
2552 2101 2744 2144 omnes
2781 2089 3049 2158 sapientes
3091 2090 3404 2157 vincerent,
3433 2090 3657 2159 Cumque

2057 2173 2312 2230 hominem
2349 2189 2646 2244 cernerent,
2690 2181 2778 2250 qui
2815 2190 3025 2235 sanatus
3063 2191 3208 2245 erat,
3249 2181 3378 2235 nihil
3423 2191 3653 2252 poterant

2057 2267 2401 2323 contradicere
2430 2271 2448 2342 (
2474 2269 2612 2324 Ibid.
2644 2288 2688 2325 υ.
2721 2273 2788 2328 14
2811 2272 2859 2340 ),
2891 2275 3104 2329 tametsi
3132 2282 3288 2330 antea
3316 2274 3654 2329 contradice-

2056 2359 2186 2414 bant
2213 2375 2334 2416 cum
2362 2361 2512 2432 signa
2541 2363 2659 2419 fieri
2683 2364 2945 2421 viderent.
2975 2364 3081 2422 Cur
3110 2366 3270 2437 igitur
3297 2374 3406 2420 tum
3435 2367 3656 2421 minime

2058 2452 2540 2509 contradicebant?
2590 2455 2888 2512 Cohibebat
2940 2457 3150 2512 illorum
3205 2457 3436 2528 linguam
3482 2457 3656 2512 virtus

2057 2545 2336 2601 invisibilis
2377 2547 2663 2603 crucifixi:
2714 2549 2804 2606 ille
2851 2565 2913 2606 os
2956 2565 3145 2606 eorum
3196 2550 3519 2618 obturabat,
3563 2551 3654 2605 ille

2058 2636 2358 2693 libertatem
2391 2640 2445 2693 in
2475 2638 2703 2694 dicendo
2737 2641 3114 2712 compescebat
3160 2659 3175 2696 :
3217 2651 3500 2712 prepterea
3538 2652 3652 2695 sta-

2057 2728 2185 2783 bant
2206 2767 2226 2797 ,
2251 2744 2426 2800 neque
2448 2740 2696 2801 poterant
2715 2731 3105 2789 contradicere.
3129 2733 3260 2788 Cum
3286 2741 3464 2788 autem
3492 2735 3652 2789 verba

2058 2820 2218 2874 etiam
2247 2821 2621 2890 protulerunt,
2651 2823 2772 2879 vide
2796 2840 2903 2894 quo
2937 2833 3092 2894 pacto
3135 2831 3334 2879 metum
3377 2839 3532 2880 suum
3573 2824 3655 2878 fa-

2061 2922 2294 2970 teanlur.
2334 2913 2496 2970 Vultis
2520 2958 2536 2981 ,
2567 2915 2815 2987 inqttiunt
2839 2957 2856 2980 ,
2885 2917 3124 2971 inducere
3151 2933 3302 2988 super
3327 2933 3418 2972 uos
3443 2932 3654 2988 sangui-

2058 3022 2172 3060 nem
2219 3007 2436 3062 hominis
2481 3007 2629 3062 istius
2669 3007 2795 3081 (1b.
2825 3009 2880 3065 5.
2907 3007 3057 3079 28)?
3102 3009 3173 3062 At
3215 3007 3357 3063 enim
3396 3008 3441 3062 si
3482 3008 3655 3062 nudus

2059 3098 2223 3154 homo
2259 3109 2380 3168 est,
2424 3115 2520 3156 cur
2563 3101 2679 3172 ejus
2727 3103 3040 3174 sanguinem
3083 3100 3458 3174 pertimescis?
3495 3115 3654 3171 quam

2060 3193 2256 3248 multos
2285 3192 2573 3264 prophetas
2599 3194 2842 3250 occidisti
2867 3237 2882 3260 ,
2912 3210 3071 3266 quam
3094 3194 3479 3264 multosjustos
3500 3193 3658 3264 jugu-

2061 3285 2182 3340 lasti
2207 3326 2223 3349 ,
2251 3285 2437 3341 Judtce
2459 3326 2474 3351 ,
2506 3300 2607 3342 nec
2637 3286 2794 3342 ullius
2823 3286 3035 3342 illorum
3065 3288 3376 3358 sanguinem
3405 3284 3624 3340 reformi
3645 3315 3659 3325 -

2061 3377 2244 3433 dasti?
2269 3394 2366 3433 cur
2391 3379 2552 3449 igitur
2581 3379 2667 3434 hic
2695 3379 3053 3436 reformidas?
3091 3380 3232 3436 Vere
3269 3379 3652 3435 conscientiam

2062 3473 2300 3527 terrebat
2354 3473 2563 3527 illorum
2616 3475 2902 3529 crucifixus
2931 3516 2946 3542 ,
3004 3488 3263 3544 suamque
3319 3470 3654 3526 formidinem

2062 3580 2185 3620 cum
2208 3565 2480 3621 occultare
2524 3581 2628 3621 non
2674 3574 2930 3636 possent,
2975 3566 3060 3622 vel
3103 3567 3262 3622 etiam
3313 3565 3460 3623 inviti
3505 3580 3656 3622 suam

2061 3655 2242 3711 coram
2273 3657 2501 3712 inimicis
2529 3657 2944 3712 imbecillitatem
2977 3656 3229 3714 fatentur.
3257 3659 3334 3712 Ac
3357 3656 3483 3711 dum
3507 3657 3655 3711 illum

2062 3745 2275 3816 quidem
2307 3746 2686 3818 crucifigerent
2709 3788 2725 3812 ,
2765 3733 3069 3801 clamabant
3108 3748 3347 3803 dicentes
3370 3787 3386 3813 ,
3433 3747 3660 3818 Sanguis

2061 3841 2173 3905 eius
2198 3855 2351 3907 super
2376 3855 2466 3893 nos
2490 3879 2504 3904 ,
2537 3849 2583 3893 et
2609 3855 2762 3910 super
2781 3840 2916 3909 ﬁlios
2935 3849 3130 3894 nostros
3157 3838 3378 3912 (:lfatth.
3406 3839 3496 3894 27.
3525 3839 3594 3894 25
3615 3840 3656 3910 );

2063 3929 2200 3985 adeo
2225 3931 2535 4000 sanguinem
2561 3930 2676 4001 ejus
2705 3931 3049 4002 spernebant.
3084 3931 3210 3986 Post
3233 3931 3532 4000 passionem
3560 3947 3661 3986 au-

2069 4033 2176 4076 tem
2206 4037 2329 4076 eum
2359 4020 2702 4092 effulgentem
2732 4021 2872 4076 illius
2902 4021 3152 4077 virtutem
3186 4021 3460 4076 intuentur
3487 4063 3501 4086 ,
3529 4037 3660 4094 per—

2071 4114 2359 4168 timescunt
2401 4122 2457 4168 et
2494 4121 2760 4179 mstuant,
2809 4103 3098 4182 dicuntque
3139 4131 3152 4167 :
3210 4111 3377 4167 Vultis
3425 4113 3663 4168 inducere

2068 4204 2366 4274 sanguinem
2397 4203 2613 4257 hominis
2636 4204 2778 4258 istius
2802 4220 2956 4274 super
2985 4219 3075 4257 nos
3097 4203 3123 4256 ?
3161 4203 3230 4258 At
3264 4203 3406 4258 enim
3435 4204 3477 4258 si
3507 4203 3667 4258 scdu-

2072 4302 2191 4348 ctor
2216 4301 2334 4348 erat
2357 4335 2372 4358 ,
2399 4301 2454 4349 et
2477 4293 2814 4348 adversarius
2841 4293 2935 4348 Dei
2962 4336 2976 4358 ,
3010 4300 3166 4364 prout
3197 4294 3370 4349 dicitis
3393 4335 3408 4361 ,
3451 4295 3668 4349 scelesti

2070 4385 2242 4441 Judzri
2269 4427 2284 4450 ,
2311 4401 2469 4456 quam
2495 4386 2566 4441 ob
2603 4401 2817 4441 causam
2861 4387 3170 4456 sanguinem
3220 4385 3385 4456 ipsius
3425 4386 3666 4440 timetis?

2074 4477 2286 4533 Etenim
2317 4477 2362 4532 si
2391 4478 2512 4532 talis
2541 4488 2653 4532 crat
2678 4518 2692 4542 ,
2718 4478 2857 4532 illius
2883 4477 3042 4531 etiam
3071 4475 3242 4530 fuerat
3263 4474 3409 4532 cmde
3430 4475 3664 4546 glorian-

2071 4568 2220 4624 dum.
2253 4566 2360 4624 Sed
2392 4569 2642 4639 quoniam
2675 4568 2794 4623 talis
2823 4582 2929 4622 non
2955 4576 3108 4631 erat,
3145 4567 3344 4622 ideirco
3371 4575 3627 4622 tremunt.

2145 4659 2199 4717 9.
2245 4660 2408 4716 Vides
2431 4661 2664 4730 undique
2693 4669 2747 4716 et
2789 4659 3033 4714 inimicos
3063 4667 3292 4715 mstuare
3332 4675 3395 4715 ac
3433 4660 3668 4715 timere?

2074 4753 2224 4808 vides
2252 4753 2461 4808 illorum
2490 4751 2858 4806 anxietatem?
2897 4750 3149 4806 Crucifixi
3177 4765 3389 4821 quoque
3418 4749 3667 4821 benigni-

2078 4854 2239 4900 tatem
2268 4858 2550 4915 cognosce.
2583 4841 2855 4912 Siquidem
2884 4841 2958 4896 illi
2979 4840 3190 4911 quidem
3212 4840 3462 4896 dicebant
3486 4858 3498 4894 :
3530 4841 3671 4896 San-

2078 4939 2188 5007 guis
2216 4938 2323 5007 ejus
2344 4922 2498 5006 Euper
2519 4950 2610 4988 nos
2634 4975 2647 4999 ,
2675 4942 2722 4987 et
2751 4949 2902 5002 super
2929 4932 3064 5001 filios
3095 4941 3289 4986 nostros
3316 4933 3335 5002 (
3361 4931 3549 4985 Matth.
3573 4931 3667 4986 27.

2076 5031 2146 5085 25
2175 5028 2192 5099 )
2219 5047 2231 5081 :
2263 5027 2505 5106 Christus
2548 5035 2725 5079 autem
2774 5039 2880 5079 non
2922 5023 2992 5077 ita
3029 5022 3193 5089 fecit;
3236 5037 3422 5079 verum
3467 5020 3672 5093 suppli—

2079 5135 2209 5175 cans
2239 5117 2385 5175 Patri
2416 5118 2525 5184 ait,
2561 5115 2718 5170 Pater
2744 5158 2759 5182 ,
2788 5115 2983 5169 dimitte
3005 5114 3148 5170 illis:
3177 5130 3279 5171 non
3307 5116 3439 5168 enim
3467 5114 3630 5168 sciunt
3653 5153 3670 5180 ,

2077 5209 2197 5280 quid
2229 5209 2420 5282 faciunt
2450 5206 2469 5277 (
2498 5205 2622 5259 Luc.
2649 5205 2741 5260 25.
2773 5207 2842 5261 54
2941 5205 2999 5261 Si
3027 5205 3168 5261 enim
3195 5203 3508 5275 super'illos
3541 5219 3670 5258 san-

2077 5302 2196 5372 guis
2224 5301 2410 5355 fuisset
2433 5341 2448 5366 ,
2483 5306 2538 5354 et
2565 5312 2727 5368 super
2767 5298 2906 5353 filios
2945 5297 3155 5353 illorum
3180 5337 3196 5363 ,
3237 5309 3568 5365 nequaquam
3603 5308 3668 5350 ex

2083 5393 2295 5448 illorum
2324 5391 2446 5446 filiis
2474 5390 2667 5448 delecti
2693 5399 2876 5447 essent
2901 5389 3128 5461 apostoli
3172 5405 3185 5441 :
3227 5401 3558 5457 nequaquam
3591 5395 3674 5442 ter

2085 5486 2233 5542 mille
2261 5486 2420 5542 simul
2446 5484 2798 5542 credidissent
2821 5526 2836 5550 ,
2865 5497 3037 5553 neque
3062 5480 3344 5551 quinquies
3371 5478 3539 5535 mille.
3583 5477 3674 5533 Vi-

2083 5579 2179 5636 des
2205 5589 2262 5635 ut
2282 5579 2358 5634 illi
2387 5577 2601 5650 quidem
2629 5577 2876 5633 crudeles
2904 5590 2968 5630 ac
2995 5574 3122 5629 sazvi
3151 5587 3272 5628 cum
3303 5573 3356 5628 in
3386 5586 3512 5627 suos
3535 5571 3674 5627 libe-

2085 5685 2175 5727 ros
2203 5679 2383 5727 essent
2411 5709 2427 5736 ,
2454 5670 2624 5739 ipsam
2656 5667 2815 5724 etiam
2866 5675 3106 5719 naturam
3147 5665 3459 5736 abnegarint
3481 5705 3498 5730 ,
3530 5663 3672 5719 Deus

2085 5773 2263 5820 autem
2295 5772 2475 5834 patres
2495 5775 2683 5817 omnes
2704 5759 3032 5828 superaverit
3057 5758 3381 5830 benignitate
3403 5797 3418 5823 ,
3445 5772 3508 5812 ac
3533 5755 3672 5812 filios

2085 5855 2269 5924 majori
2298 5866 2457 5924 quam
2487 5858 2682 5907 .natres
2726 5848 2885 5906 fuerit
2926 5863 3110 5906 amore
3149 5848 3502 5923 complexus?
3524 5844 3665 5900 Sun-
