4086 6422
505 405 595 460 ill

507 526 624 591 guis
653 522 797 578 enim
824 520 941 592 ejus
964 533 1130 591 super
1154 519 1273 574 illos
1298 527 1352 575 et
1376 534 1539 590 super
1565 519 1777 573 illorum
1807 519 1942 574 ﬁlios
1972 517 2097 580 fuit;

504 628 671 685 super
701 615 837 670 ﬁlios
861 628 993 669 vero
1020 628 1128 669 non
1152 626 1340 667 omnes
1368 653 1383 680 ,
1411 611 1506 667 sed
1531 626 1692 682 super
1723 612 1843 667 illos
1871 618 2097 679 tantum,

507 702 601 774 qui
634 715 905 774 paternam
937 702 1266 774 impietatem
1298 710 1351 756 ct
1380 700 1710 772 iniquitatem
1743 701 1932 757 imitati
1956 710 2100 767 sunt,

508 805 560 849 ct
587 803 846 866 quotquot
872 794 982 849 illis
1023 793 1120 849 ﬁlii
1162 793 1377 850 fuerunt
1413 809 1521 850 non
1563 793 1855 849 secundum
1898 802 2103 848 natura:

506 888 906 942 successionem
932 926 949 954 ,
995 886 1092 943 sed
1136 886 1429 943 secundum
1472 886 1763 943 voluntatis
1802 886 2059 941 insaniam
2084 925 2102 953 ,

517 978 570 1033 hi
598 977 701 1032 soli
728 976 884 1032 malis
912 979 1031 1033 lacti
1061 987 1189 1033 sunt
1214 978 1451 1033 obnoxii.

578 1068 866 1124 Jerusalem
894 1069 1096 1139 quando
1135 1071 1324 1124 excisa.
1359 1098 1433 1110 —
1457 1068 1536 1124 Tu
1561 1083 1691 1124 vero
1724 1068 1855 1124 mihi
1889 1067 2105 1123 bonita-

512 1167 619 1215 tcm
658 1175 721 1215 ac
750 1160 1131 1230 benignitatem
1174 1161 1270 1216 Dei
1307 1160 1520 1217 aliunde
1552 1175 1766 1232 quoque
1804 1159 2105 1216 considera.

514 1252 628 1308 Non
660 1254 803 1309 enim
834 1254 1014 1309 statim
1052 1254 1160 1309 illis
1192 1254 1509 1325 supplicium
1548 1268 1612 1309 ac
1656 1269 1869 1324 pmnam
1908 1253 2106 1319 intulit,

509 1344 608 1398 sed
638 1344 987 1415 quadraginta
1008 1354 1062 1400 et
1088 1346 1271 1415 plures
1297 1347 1434 1402 elabi
1463 1354 1583 1415 post
1608 1345 1913 1417 passionem
1938 1357 2112 1399 annos

514 1438 657 1491 sivit.
688 1438 965 1508 Siquidem
996 1438 1248 1494 Salvator
1274 1439 1386 1510 ipse
1410 1439 1629 1495 Tiberio
1648 1438 1944 1509 imperante
1966 1436 2112 1492 cruci

516 1529 711 1584 afﬁxus
738 1539 823 1585 est
856 1549 869 1584 :
905 1539 963 1585 at
1004 1530 1215 1586 illorum
1263 1530 1450 1586 civitas
1495 1529 1883 1601 imperantibus
1913 1529 2114 1599 VeSpa-

516 1622 671 1676 siano
694 1637 758 1676 ac
779 1622 900 1677 Tito
925 1630 1079 1691 capta
1100 1630 1203 1678 est.
1230 1622 1336 1679 Cur
1365 1622 1524 1691 igitur
1550 1636 1885 1691 consequens
1907 1628 2113 1689 tempus

518 1713 738 1768 omisit?
764 1713 943 1768 Voluit
973 1714 1078 1769 illis
1105 1714 1335 1784 spatium
1361 1713 1427 1768 ad
1457 1712 1828 1784 paenitentiam
1850 1712 2113 1781 agendam

512 1808 762 1879 .prtebere
782 1849 795 1873 ,
825 1815 884 1861 ut
914 1816 1131 1878 peccata
1156 1806 1507 1878 deponerent,
1540 1815 1599 1861 ut
1627 1805 1851 1862 crimina
1879 1820 1909 1859 a
1936 1818 1995 1859 se
2021 1802 2116 1858 de-

521 1901 804 1972 pellerent.
840 1900 1129 1970 Postquam
1156 1909 1337 1956 autem
1369 1900 1623 1970 temporis
1647 1899 1874 1969 spatium
1905 1896 1972 1951 ad
2004 1910 2117 1967 pm-

518 1994 800 2049 nitentiam
862 1994 1221 2065 praastitutum
1295 1993 1555 2048 habentes
1614 1990 1990 2048 immedicabili
2060 2004 2118 2046 se

526 2085 772 2140 laborare
800 2084 989 2139 morbo
1017 2099 1130 2154 pra:
1158 2099 1219 2140 se
1243 2084 1501 2151 tulerunt,
1535 2092 1644 2138 tum
1672 2081 1886 2138 demum
1915 2080 2119 2151 suppli-

525 2176 667 2231 cium
697 2176 803 2231 illis
830 2190 895 2230 ac
924 2191 1137 2245 pmnam
1166 2176 1375 2243 intulit,
1418 2183 1473 2231 et
1504 2188 1691 2230 eversa
1732 2172 1946 2228 illorum
1987 2171 2120 2227 urbe

526 2282 624 2339 per
644 2266 950 2323 universum
972 2266 1158 2322 orbem
1180 2275 1443 2323 terrarum
1464 2265 1685 2321 eductos
1708 2266 1827 2321 illos
1848 2263 2118 2333 dispersit.

528 2362 707 2431 Atque
738 2360 840 2416 hoc
869 2360 1216 2431 benignitatis
1241 2360 1358 2430 ejus
1388 2373 1524 2431 opus
1548 2358 1668 2414 fuit.
1700 2356 1974 2430 Siquidem
2004 2357 2123 2412 illos

527 2453 801 2523 dispersit,
831 2463 889 2509 ut
912 2453 1206 2521 Christum,
1235 2470 1393 2525 quem
1420 2453 1565 2509 cruci
1592 2453 1897 2519 aliixerant,
1929 2451 2125 2521 ubique

535 2556 797 2601 terrarum
844 2557 1133 2603 cernerent
1184 2548 1433 2613 adorari,
1482 2555 1542 2602 ut
1592 2560 1716 2602 cum
1760 2544 1830 2600 ab
1875 2543 2127 2600 omnibus

535 2637 812 2695 adoratum
841 2639 992 2695 illum
1018 2648 1323 2706 cernerent,
1352 2639 1576 2709 ejusque
1604 2638 1855 2693 virtutem
1886 2637 2130 2707 percipe-

533 2740 675 2797 rent,
706 2746 973 2787 summam
1000 2745 1149 2787 suam
1190 2730 1519 2801 impietatem
1548 2735 1922 2800 agnoscerent,
1959 2734 2131 2797 eaque

535 2822 750 2893 cognita
776 2822 843 2877 ad
872 2822 1154 2878 veritatem
1192 2822 1453 2878 redirent.
1484 2822 1659 2890 Atque
1699 2820 1813 2891 ipsa
1855 2818 2133 2886 captivitas

539 2916 646 2972 illis
686 2914 883 2971 deinde
924 2914 1224 2980 doctrinae,
1272 2928 1337 2969 ac
1383 2912 1704 2983 supplicium
1752 2908 2134 2965 admonitionis

538 3008 880 3066 occasionem
927 3007 1183 3063 aﬂ‘erebat
1225 3023 1239 3061 :
1287 3006 1334 3060 si
1377 3004 1521 3060 enim
1572 3004 1627 3059 in
1672 3004 1892 3073 regione
1932 3001 2137 3057 Judeae

543 3098 969 3167 remansissent,
999 3112 1216 3153 veraces
1244 3096 1410 3152 fuisse
1440 3096 1729 3166 prophetas
1759 3110 1865 3149 non
1890 3092 2140 3163 agnovis-

542 3200 685 3248 sent.
728 3190 868 3260 Quid
911 3190 1057 3247 enim
1097 3188 1373 3261 propheta:
1415 3187 1705 3244 dicebant?
1736 3185 1952 3242 Postulo
1977 3202 2010 3240 a
2037 3202 2137 3253 me,

544 3295 593 3339 et
620 3282 750 3338 dabo
788 3282 878 3338 tibi
918 3291 1087 3354 gentes
1132 3282 1459 3337 hereditatem
1488 3289 1653 3345 tuam,
1688 3290 1737 3335 et
1777 3279 2141 3351 possessionem

546 3385 686 3431 tuam
727 3374 969 3430 terminos
999 3382 1146 3428 teme
1173 3371 1361 3446 (Psal.
1383 3372 1439 3427 2.
1467 3368 1559 3443 8).
1596 3371 1780 3440 Itaque
1810 3370 1929 3425 illos
1958 3366 2141 3439 egredi

550 3467 787 3538 oportuit
823 3466 889 3521 ad
919 3474 1074 3521 terra:
1105 3464 1386 3530 terminos,
1412 3471 1472 3518 ut
1503 3462 1733 3533 propriis
1756 3460 1925 3517 oculis
1949 3474 2142 3516 cerne-

546 3568 676 3614 rent
700 3574 728 3614 a
755 3558 971 3614 Christo
997 3567 1153 3613 terra:
1184 3556 1440 3613 terminos
1468 3553 1749 3627 possideri.
1776 3552 1983 3609 Rursus
2008 3554 2146 3609 alius

553 3653 813 3724 prOpheta
844 3651 974 3707 dicit
1002 3666 1017 3705 :
1048 3649 1115 3705 Et
1158 3649 1443 3705 adorabunt
1482 3665 1597 3704 eum
1623 3648 1810 3721 singuli
1838 3664 1868 3704 e
1904 3646 2012 3702 loco
2052 3663 2146 3701 suo

544 3743 751 3816 (Soph.
780 3742 836 3800 2.
866 3744 924 3799 ll
953 3744 995 3814 ).
1046 3742 1185 3814 Ergo
1230 3743 1354 3799 illos
1387 3757 1485 3812 per
1528 3740 1706 3797 omnia
1739 3750 1895 3797 terra:
1924 3741 2037 3795 loca
2063 3740 2143 3794 di-

1210 403 1279 461 S.
1314 402 1591 461 JUANNIS
1628 402 2102 464 CHRYSOSTOMI
2144 403 2462 463 ARCHIEP.
2502 406 3035 466 CONSTANTINOP.
3675 421 3761 481 ΗΞ

2202 521 2386 593 spergi
2418 521 2675 591 oportuit,
2707 532 2765 578 ut
2796 537 3224 595 unumquemque
3250 525 3471 585 adorare
3498 528 3634 587 illum
3661 549 3771 603 pro-

2206 628 2339 683 prns
2368 615 2536 670 oculis
2563 627 2870 672 cernerent.
2909 616 3116 673 Rursus
3140 618 3275 673 alius
3301 617 3432 674 dixit
3460 638 3474 676 :
3504 620 3776 693 Replebiﬂtr

2211 714 2375 771 terra,
2422 716 2477 759 ut
2517 716 2783 777 cognoscat
2832 706 3130 773 Dominum,
3179 709 3309 763 sicut
3352 726 3481 780 aqua
3524 715 3675 768 multa
3711 719 3774 769 ad

2210 796 2542 866 aperiendum
2568 799 2735 852 maria
2764 796 2927 869 (Ilab.
2952 798 3008 853 2.
3039 801 3149 871 14).
3179 799 3237 854 In
3266 816 3474 857 omnem
3505 804 3654 875 igitur
3682 816 3771 862 ter-

2213 902 2324 942 ram
2353 888 2502 943 abire
2533 888 2653 943 illos
2681 889 2938 959 Oportuit,
2961 899 3019 943 ut
3046 890 3304 960 repletam
3334 893 3474 948 illam
3501 895 3774 964 cognitione

2217 980 2424 1033 Domini
2452 979 2727 1047 viderent,
2758 991 2811 1035 et
2838 985 3002 1036 maria
3026 1024 3041 1049 ,
3075 981 3177 1038 hoc
3216 993 3299 1039 est
3339 985 3628 1056 spirituales
3666 988 3777 1043 istas

2216 1070 2503 1139 Ecclesias,
2535 1071 2732 1142 pietate
2755 1072 3127 1128 redundantia.
3169 1054 3457 1145 PrOpterea
3480 1076 3661 1147 ubique
3688 1054 3808 1133 ter:

2215 1178 2393 1219 rarum
2424 1164 2676 1233 dispersit
2701 1164 2821 1220 illos
2845 1164 3023 1220 Deus:
3051 1165 3095 1219 si
3122 1166 3263 1221 enim
3294 1167 3345 1220 in
3373 1166 3548 1221 Juduea
3570 1168 3783 1223 resedis-

2216 1264 2369 1322 sent,
2404 1254 2517 1310 hmc
2560 1256 2914 1327 ignorassent.
2964 1255 3082 1311 Jam
3113 1271 3243 1313 vero
3276 1258 3560 1328 prophetas
3588 1274 3783 1313 veraces

2218 1360 2370 1410 esse,
2402 1355 2563 1416 atque
2604 1346 2776 1416 ipsum
2817 1348 3011 1401 virtute
3043 1348 3244 1417 pollere
3273 1363 3489 1403 suorum
3528 1349 3781 1405 oculorum

2222 1439 2592 1508 experimento
2633 1439 2744 1492 vult
2788 1439 2932 1509 ipsos
2975 1454 3344 1509 cognoscere:
3377 1449 3467 1507 ut,
3516 1440 3557 1493 si
3595 1439 3783 1509 quidem

2220 1530 2371 1599 probi
2415 1531 2661 1600 gratique
2708 1530 2938 1597 iuerint,
2985 1530 3051 1586 ad
3083 1533 3361 1587 veritatem
3393 1548 3485 1602 per
3514 1533 3607 1586 ista
3633 1532 3785 1587 dedu-

2220 1632 2410 1679 cantur
2438 1642 2453 1678 :
2484 1625 2565 1679 sin
2599 1633 2777 1679 autem
2808 1625 2859 1679 in
2893 1625 3164 1695 impietate
3196 1634 3571 1696 perseverent,
3610 1623 3784 1680 nullam

2223 1716 2456 1772 habeant
2482 1717 2533 1770 in
2575 1716 2851 1771 tremenda
2881 1716 2970 1771 die
3006 1716 3192 1786 judicii
3224 1716 3640 1772 excusationem.
3668 1713 3787 1770 Pro—

2226 1819 2408 1880 pterea
2436 1824 2531 1880 per
2558 1809 2864 1863 universum
2893 1808 3078 1863 orbem
3107 1818 3369 1863 terrarum
3398 1807 3514 1863 illos
3541 1805 3787 1876 dispersit,

2224 1912 2283 1955 ut
2311 1910 2366 1956 et
2395 1915 2493 1955 nos
2522 1900 2794 1971 quidpiam
2828 1899 2950 1954 inde
2989 1900 3123 1954 lucri
3152 1899 3501 1970 decerpamus
3522 1939 3536 1963 ,
3579 1897 3675 1952 hoc
3699 1904 3789 1959 est.

2225 1992 2350 2047 dum
2380 1992 2612 2063 prolatas
2656 1992 2776 2046 illas
2804 1990 2871 2045 de
2902 1991 3115 2046 illorum
3151 1991 3486 2062 dispersione
3512 1987 3792 2060 praedictio-

2228 2099 2347 2151 nes,
2375 2083 2551 2154 deque
2579 2083 3038 2154 Jerosolymorum
3065 2084 3346 2138 eversione
3369 2081 3652 2145 cernimus,
3678 2092 3795 2148 quas

2228 2188 2282 2232 et
2313 2176 2518 2241 Daniel,
2542 2175 2667 2230 dum
2691 2174 3103 2230 abominationis
3122 2174 3471 2229 desolationis
3498 2174 3795 2228 mentionem

2229 2267 2355 2323 facit
2382 2267 2401 2338 (
2425 2266 2559 2321 Dan.
2584 2268 2637 2323 9.
2670 2267 2739 2321 ‘27
2758 2267 2777 2338 )
2798 2308 2813 2332 ,
2842 2276 2897 2321 et
2920 2266 3205 2321 Malachias
3231 2266 3358 2321 dum
3391 2266 3466 2321 ait
3492 2282 3505 2319 τ
3540 2264 3663 2330 Quia
3688 2272 3728 2315 et
3753 2261 3799 2313 in

2230 2359 2366 2415 vobis
2411 2360 2709 2414 claudentur
2749 2360 2929 2429 janute
2977 2358 2997 2430 (
3023 2357 3153 2412 Mal.
3183 2359 3234 2413 1.
3262 2358 3329 2413 10
3360 2357 3380 2429 )
3406 2400 3421 2427 ,
3462 2366 3516 2412 et
3559 2354 3728 2419 David,
3754 2360 3801 2406 et

2232 2451 2425 2517 lsaias,
2454 2460 2509 2505 et
2537 2449 2626 2505 alii
2658 2449 2931 2520 propheta:
2956 2449 3107 2503 multi
3140 2448 3206 2504 de
3236 2448 3320 2504 his
3349 2447 3727 2519 praedixerunt,
3748 2451 3797 2496 ut

2233 2541 2477 2597 videntes
2506 2556 2601 2596 eos
2629 2542 2720 2610 qui
2750 2541 3033 2595 Dominum
3064 2547 3144 2595 tot
3171 2539 3381 2608 injuriis
3410 2538 3715 2600 alfecerant,
3741 2533 3802 2586 ita

2237 2634 2404 2690 fuisse
2435 2635 2672 2705 punitos,
2701 2634 2873 2704 patria
2901 2633 3149 2688 libertate
3176 2633 3414 2703 privatos
3442 2639 3495 2686 et
3523 2628 3629 2683 suis
3654 2624 3803 2679 omni-

2237 2726 2336 2782 bus
2363 2727 2571 2798 legibus
2610 2741 2673 2782 ac
2701 2726 2937 2797 paternis
2967 2724 3338 2780 traditionibus
3366 2765 3382 2791 ,
3430 2723 3670 2777 virtutem
3705 2716 3805 2785 ejus

2238 2832 2612 2889 agnoscamus,
2645 2833 2765 2888 qua:
2795 2817 2884 2871 illa
2912 2816 3160 2887 prtedixit
3185 2826 3346 2887 atque
3376 2812 3633 2887 perfecit,
3669 2817 3808 2878 atque

2239 2909 2443 2966 inimici
2471 2909 2686 2980 quidem
2714 2925 2777 2964 ex
2812 2908 3009 2964 nostris
3048 2907 3204 2963 bonis
3247 2907 3541 2977 potentiam
3571 2901 3702 2956 illius
3737 2898 3808 2952 in-

2242 3004 2501 3075 telligant,
2529 3018 2631 3059 nos
2659 3013 2839 3059 autem
2866 3018 2931 3058 ex
2960 3002 3221 3074 supplicio
3259 3001 3326 3057 de
3355 3002 3463 3057 illis
3491 3005 3695 3067 sumpto
3721 2993 3809 3047 im-

2246 3113 2487 3154 mensam
2508 3097 2626 3168 ejus
2652 3096 3034 3168 benignitatem
3060 3110 3124 3150 ac
3148 3095 3444 3164 potentiam
3471 3098 3812 3162 agnoscamus,

2245 3206 2346 3248 nec
2372 3205 2603 3262 unquam
2634 3191 2781 3246 illum
2820 3188 3121 3260 gloriﬁcare
3149 3186 3460 3242 desinamus
3481 3226 3495 3252 ,
3526 3189 3585 3237 ut
3610 3188 3661 3235 et
3682 3191 3811 3233 sem-

2246 3284 2455 3356 piterna
2483 3294 2645 3354 atque
2674 3282 2959 3337 ineli’abilia
2985 3281 3124 3336 bona
3152 3291 3566 3349 consequamur,
3593 3269 3747 3343 gratia
3771 3273 3816 3319 et

2250 3376 2577 3448 benignitate
2598 3374 2808 3429 Domini
2839 3372 3011 3427 nostri
3035 3370 3161 3427 Jesu
3182 3370 3406 3434 Christi,
3428 3382 3545 3423 cum
3571 3377 3672 3435 quo
3694 3356 3817 3414 l'atri

2248 3468 2416 3539 gloria
2434 3506 2449 3532 ,
2478 3479 2583 3522 una
2612 3480 2734 3521 cum
2765 3472 2953 3518 sancto
2980 3471 3035 3517 et
3061 3461 3273 3515 vivitico
3300 3458 3502 3529 Spiritu
3524 3498 3539 3523 ,
3587 3454 3747 3507 honor
3774 3455 3820 3501 et

2254 3558 2561 3629 imperium,
2594 3570 2736 3613 nunc
2763 3564 2818 3612 et
2846 3566 3061 3624 semper
3078 3592 3094 3621 ,
3121 3560 3175 3608 et
3204 3551 3258 3606 in
3284 3548 3483 3607 saecula
3510 3542 3819 3602 saeculorum.

2254 3654 2440 3707 Amen.
