4086 6430
368 416 464 473 ιιι

371 531 624 601 Ἐγένετο
663 529 766 603 μὲν
804 530 914 602 γὰρ
945 531 1007 584 τὸ
1041 525 1182 602 αἷμα
1207 529 1372 585 αὐτοῦ
1399 531 1486 584 ἐπ’
1516 530 1712 596 αὐτοὺς
1737 532 1830 586 καί
1858 530 1953 585 ἐπὶ

357 618 434 672 τὰ
462 616 632 670 τέκνα
670 614 884 669 αὐτῶνθ
913 614 1007 669 ἐπὶ
1040 613 1110 668 τὰ
1153 613 1321 668 τέκνα
1358 614 1415 668 δὲ
1448 614 1569 686 οὐχὶ
1600 614 1801 679 πάντα,
1836 614 1951 670 ἀλλ’

362 699 451 751 ἐπ’
474 698 659 751 ἐκεῖνα
693 697 855 769 μόνον
882 696 952 751 τὰ
989 696 1347 768 μιμησάμενα
1390 696 1488 769 τὴν
1517 699 1790 770 πατρικὴν
1827 696 1952 751 ἀσέ-

363 784 517 836 ϐειαν
561 782 660 835 καὶ
689 780 1060 854 παρανομίαν,
1088 780 1184 835 καὶ
1214 781 1326 835 ὅσοι
1358 776 1499 854 ἦσαν
1526 782 1709 845 αὐτοῖς
1742 780 1847 835 υἰοί
1889 779 1951 834 ού

362 863 507 918 κατά
533 864 635 936 τὴν
664 862 770 934 τῆς
808 862 1023 934 φύσεως
1065 864 1338 936 διαδοχὴν,
1379 863 1517 920 ἀλλά
1546 864 1690 919 κατά
1728 863 1826 937 τὴν
1852 862 1953 934 τῆς

365 946 746 1017 προαιρέσεως
778 947 998 1019 μανίαν,
1026 938 1172 1001 οῦτοι
1210 947 1360 1019 μόνοι
1400 947 1688 1018 γεγόνασιν
1716 945 1952 1001 ὐπεύθυ-

361 1048 448 1084 νοι
470 1046 580 1083 των
609 1046 819 1085 κακων.
1272 1098 1275 1101 Α

436 1112 641 1166 Σκόπει
676 1112 735 1166 δέ
787 1129 878 1184 μοι
931 1111 1025 1166 καὶ
1062 1112 1327 1184 ἑτέρωθεν
1369 1113 1468 1186 τὴν
1518 1112 1828 1186 ἀγαθότητα
1856 1115 1951 1170 καὶ

366 1195 780 1268 φιλανθρωπίαν
820 1195 914 1249 τοῦ
960 1194 1118 1253 Θεοῦ.
1158 1196 1234 1250 Οὐ
1279 1194 1389 1268 γάρ
1425 1196 1628 1261 εὐθέως
1669 1198 1950 1268 ἐπήγαγεν

367 1279 451 1333 ἐπ’
471 1279 671 1342 αὐτοὺς
695 1277 795 1349 τὴν
828 1277 1051 1333 κόλασιν
1076 1279 1171 1333 καὶ
1201 1277 1301 1351 τὴν
1328 1279 1619 1352 τιμωρίαν,
1653 1280 1790 1335 ἀλλά
1829 1298 1952 1334 τεσ-

366 1361 675 1433 σαράκοντα
704 1362 798 1416 καὶ
818 1360 1037 1416 πλείονα
1057 1362 1151 1434 ἐτη
1180 1362 1385 1416 διέλιπε
1419 1362 1557 1433 μετά
1580 1363 1670 1417 τὸν
1695 1364 1944 1435 σταυρόν.

363 1446 537 1510 Λύτδς
586 1446 684 1517 μὲν
726 1444 835 1518 γὰρ
872 1447 903 1499 ό
929 1444 1119 1518 Σωτὴρ
1169 1447 1264 1499 ἐπὶ
1309 1447 1560 1520 Τιϐερίου
1602 1448 1944 1523 ἐσταυρώθη·

360 1533 395 1602 ὴ
428 1530 485 1584 δὲ
517 1528 672 1592 πόλις
700 1528 881 1582 αὐτῶν
906 1528 1001 1581 ἐπὶ
1029 1529 1439 1583 Οὐεσπασιανοῦ
1473 1532 1568 1585 καὶ
1593 1531 1754 1585 Τίτου
1784 1530 1947 1586 ἐάλω.

362 1612 524 1677 Τίνος
548 1606 641 1666 οῦν
661 1611 847 1666 ἕνεκεν
875 1611 967 1665 τὸν
988 1610 1126 1683 μετά
1159 1612 1336 1668 ταῦτα
1353 1612 1541 1669 τοῦτον
1567 1614 1757 1686 χρόνον
1791 1611 1950 1669 διέλι-

363 1715 469 1754 πεν
498 1695 870 1768 ;Βουλόμενος
917 1697 1103 1761 αὐτοῖς
1139 1697 1323 1752 δοῦναι
1380 1700 1571 1772 καιρὸν
1626 1699 1946 1771 μετανοίας,

361 1782 505 1835 ὥστε
546 1779 919 1835 ἀποδύσασθαι
961 1781 1034 1835 τά
1070 1782 1580 1854 πεπλημμελημένα
1600 1824 1615 1850 ,
1645 1783 1786 1838 ὥστε
1814 1785 1950 1837 ἀπο-

362 1864 696 1938 κρούσασθαι
714 1864 783 1918 τὰ
800 1864 1143 1936 ἐγκλήματα.
1160 1866 1380 1937 Ἐπειδὴ
1408 1866 1466 1919 δὲ
1496 1867 1589 1920 καὶ
1611 1866 1948 1939 προθεσμίαν

366 1949 656 2020 μετανοίας
686 1947 943 2013 λαϐόντες
968 1948 1159 2020 ἔμενον
1189 1949 1424 2013 ἀνιάτως
1444 1948 1680 2021 ἔχοντες,
1703 1951 1948 2022 ἐπήγαγε

360 2032 551 2086 λοιπὸν
580 2032 763 2092 αὐτοῖς
793 2031 890 2103 τὴν
929 2031 1152 2086 κόλασιν
1184 2032 1279 2086 καὶ
1299 2032 1399 2104 τὴν
1419 2033 1708 2104 τιμωρίαν,
1737 2034 1832 2088 καὶ
1848 2034 1948 2106 τὴν

363 2117 520 2170 πόλιν
539 2115 783 2171 καθελὼν
805 2115 1073 2188 ἐξήγαγεν
1102 2117 1297 2180 αὐτοὺς
1328 2115 1647 2189 διασπείρας
1672 2117 1947 2191 πανταχοῦ

363 2202 464 2272 τῆς
488 2200 843 2272 οἰκουμένης,
879 2200 975 2253 καί
1000 2199 1160 2254 τοῦτο
1190 2198 1278 2253 διὰ
1316 2200 1727 2273 φιλανθρωπίαν
1756 2203 1948 2260 ποιῶν.

364 2286 649 2357 Διέσπειρε
683 2285 791 2355 γὰρ
820 2285 1039 2350 αὐτοὺς,
1078 2285 1165 2338 ἵνα
1192 2284 1470 2356 πανταχοῦ
1502 2287 1601 2358 τῆς
1624 2288 1948 2360 οἰκουμένης

362 2366 839 2440 προσκυνούμενον
884 2366 1039 2422 ἴδωσι
1065 2367 1156 2422 τὸν
1205 2368 1297 2421 ὑπ’
1341 2367 1523 2423 αὐτῶν
1566 2370 1950 2443 σταυρωθέντα

360 2451 597 2522 Χριστὸν
616 2489 632 2516 ,
676 2450 765 2504 ἴνα
815 2448 1052 2521 ὁρῶντες
1099 2450 1266 2505 αὑτὸν
1316 2452 1790 2524 προσκυνούμενον
1843 2455 1950 2509 ὑπὸ

362 2534 585 2588 πάντων
628 2534 725 2588 καὶ
771 2533 1035 2604 μαθόντες
1074 2534 1240 2588 αὐτοῦ
1284 2534 1381 2606 τὴν
1408 2534 1657 2606 δύναμιν,
1681 2538 1948 2607 ἐπιγνῶσι

360 2616 464 2689 τῆς
495 2616 704 2682 οἰκείας
742 2616 996 2681 ἀσεϐείας
1028 2616 1129 2689 τὴν
1157 2616 1482 2691 ὑπερϐολὴν,
1510 2620 1603 2672 καὶ
1637 2620 1949 2689 ἐπιγνόντες

363 2700 702 2755 ἐπανέλθωσι
728 2699 864 2771 πρὸς
886 2702 987 2773 τὴν
1010 2700 1287 2772 ἀλήθειαν.
1316 2703 1428 2756 Καὶ
1447 2700 1632 2755 λοιπὸν
1672 2705 1705 2775 ή
1744 2705 1946 2776 αἰχμα-

361 2784 534 2838 λωσία
563 2783 746 2847 αὐτοῖς
779 2783 1095 2838 διδασκαλία
1121 2784 1351 2853 ἐγίνετο,
1372 2786 1466 2838 καί
1496 2787 1528 2857 ή
1557 2785 1798 2857 τιμωρία
1826 2805 1948 2843 νου-

363 2867 555 2921 ίεσίαο
588 2868 637 2919 εἰ
664 2867 772 2939 γὰρ
811 2866 1004 2939 ἔμενον
1036 2869 1128 2921 ἐπὶ
1160 2868 1261 2939 τῆς
1299 2868 1558 2935 Ἰουδαίας
1585 2873 1708 2942 γῆς,
1755 2872 1851 2925 οὐκ
1880 2872 1948 2926 ἂν

369 2951 609 3019 ἔγνωσαν
653 2950 761 3005 τῶν
790 2951 1090 3024 προφητῶν
1130 2953 1232 3026 τὴν
1263 2952 1543 3025 ἀλήθειαν.
1577 2954 1643 3006 Τί
1690 2954 1798 3026 γὰρ
1853 2956 1948 3010 καὶ

361 3036 548 3104 ελεγον
571 3036 620 3089 οἱ
650 3036 925 3107 προφῆται
952 3053 967 3104 ;
991 3036 1249 3105 Αίτησαι
1275 3038 1414 3105 παρ’
1439 3037 1606 3107 ἐμοῦ,
1631 3035 1730 3091 καὶ
1775 3037 1947 3093 δώσω

361 3135 465 3173 σοι
482 3117 627 3186 ἔθνη
653 3118 768 3187 τὴν
786 3119 1201 3189 κληρονομίαν
1227 3135 1366 3185 σου,
1388 3118 1488 3174 καὶ
1517 3119 1633 3187 τὴν
1657 3119 1950 3191 κατάσχε-

360 3202 471 3255 σίν
484 3215 601 3256 σου
617 3202 690 3256 τὰ
718 3200 945 3270 πέρατα
968 3201 1080 3271 τῆς
1108 3200 1242 3273 γῆς.
1264 3202 1411 3256 Ἔδει
1433 3202 1612 3256 τοίνυν
1634 3202 1831 3268 αὐτοὺς
1859 3203 1947 3271 ἐξα

360 3284 540 3339 ελθεῖν
585 3286 664 3348 εἰς
710 3283 782 3337 τὰ
832 3284 1044 3357 πέρατα
1074 3285 1173 3356 τῆς
1195 3285 1322 3355 γῆς,
1365 3285 1453 3340 ἵνα
1494 3284 1676 3338 ίδωσιν
1731 3286 1952 3351 οἰκείοις

358 3367 683 3438 ὀφθαλμοῖς,
705 3368 788 3421 ὅτι
812 3369 907 3422 καί
933 3368 1003 3422 τὰ
1030 3369 1244 3440 πέρατα
1275 3368 1373 3439 τῆς
1401 3367 1507 3438 γῆς
1534 3368 1753 3439 κατέχει
1780 3368 1808 3422 ό
1827 3370 1952 3440 Χρι-

363 3450 512 3515 στός.
540 3450 707 3505 Πάλιν
731 3446 826 3505 οὖν
853 3450 1041 3522 ἕτερος
1081 3451 1366 3523 προφήτης
1388 3449 1537 3520 λέγει
1576 3467 1589 3481 ·
1616 3451 1728 3505 Kal
1758 3466 1946 3520 προσ-

358 3533 749 3602 κυνήσουσιν
789 3535 953 3602 αὐτῷ
976 3535 1234 3603 ἕκαστος
1265 3535 1334 3590 ἐκ
1365 3535 1470 3590 τοῦ
1503 3537 1692 3590 τόπου
1734 3535 1941 3591 αὑτοῦ.

362 3618 517 3675 Ἔδει
546 3620 724 3674 τοίνυν
768 3619 965 3683 αὐτοὺς
1001 3622 1082 3683 εἰς
1122 3618 1335 3675 ἅπαντα
1379 3619 1748 3691 διασπαρῆναι
1783 3620 1946 3674 τόπον

1015 422 1156 479 CUR
1194 425 1263 479 IN
1305 424 1596 484 I’ENTEC.
1635 427 1836 493 ACTA,
1871 428 1948 483 Ε]

2067 427 2135 485 IN
2176 428 2463 486 ΡιιιΝοιΡ.
2503 427 2863 486 ACTORUM.
2900 430 2989 486 IV.

3521 427 3547 481 1
3565 430 3642 484 12"

2053 530 2152 601 τῆς
2179 531 2307 601 γῆς,
2330 530 2418 584 Eva
2457 531 2640 586 ἴδωσιν
2667 531 2890 595 οἰκείοις
2909 531 3152 602 δμμασιν
3182 531 3411 587 ἕκαστον
3444 533 3510 588 ἐκ
3539 533 3641 591 τοῦ

2053 614 2220 666 τόπου
2247 613 2412 667 αὑτοῦ
2433 614 2848 687 προσκυνοῦντα
2877 614 3058 668 αὐτόν.
3092 614 3262 668 Πάλιν
3280 615 3439 680 ἄλλος
3475 613 3598 672 εἰπε
3617 636 3631 650 ο

2051 695 2480 763 Πλησθήσεται
2523 698 2562 767 ἡ
2596 697 2673 767 γῆ
2726 695 2833 751 τοῦ
2869 695 3092 766 γνῶναι-
3133 697 3241 751 τὸν
3277 698 3516 767 Κύριον,
3555 701 3638 768 ὡς

2051 777 2210 847 ὕδωρ
2255 779 2415 834 πολὺ
2460 781 2882 849 κατακαλύψαι
2918 778 3256 846 θαλάσσας.
3286 781 3431 834 Ἔδει
3455 783 3635 838 τοίνυν

2052 859 2168 933 [96]
2187 863 2385 927 αὐτοὺς
2411 864 2491 927 εἰς
2519 861 2738 918 ἃπασαν
2764 863 2864 934 τὴν
2887 863 2990 934 γῆν
3020 863 3297 928 ἀπελθεῖν,
3332 863 3473 919 ὥστε
3506 867 3636 922 ἰδεῖν

2053 944 2222 1017 αὐτὴν
2270 946 2711 1020 πεπληρωμένην
2752 947 2846 1001 τοῦ
2880 947 3086 1017 γνῶναι
3130 948 3223 1002 τὸν
3273 950 3508 1024 Κύριον,
3540 955 3635 1007 καὶ

2051 1027 2151 1093 τὰς
2212 1028 2508 1097 θαλάσσας,
2542 1030 2787 1085 τουτέστι
2842 1031 2943 1096 τάς
2999 1032 3378 1104 πνευματικὰς
3430 1033 3636 1100 ταύτας

2064 1110 2409 1184 Ἐκκλησίας,
2440 1113 2542 1184 τῆς
2569 1111 2875 1177 θεοσεϐείας
2905 1116 3358 1187 μεμεστωμένας.
3383 1117 3483 1171 Διά
3506 1116 3636 1172 ταῦ-

2049 1212 2119 1249 τα
2167 1195 2474 1269 διέσπειρεν
2523 1197 2723 1261 αὐτοὺς
2751 1200 2780 1252 ό
2807 1198 2939 1272 βεδς
2982 1198 3259 1270 πανταχοῦ
3302 1201 3403 1271 τῆς
3434 1202 3633 1272 γῆςοεί

2051 1277 2160 1350 γάρ
2184 1280 2242 1332 ἐν
2279 1265 2507 1351 Ἰουδαίᾳ
2529 1265 3011 1350 ἐκάθηντοίταῦτα
3035 1280 3103 1334 ἂν
3127 1265 3632 1353 ἠγνόησαν.Ᾱοιπὸν

2053 1362 2300 1433 βούλεται
2319 1364 2516 1428 αὐτοὺς
2548 1364 2642 1417 καὶ
2664 1364 2764 1435 τῆς
2801 1363 2909 1419 τῶν
2933 1364 3226 1435 προφητῶν
3248 1363 3509 1437 ἀληθείας
3538 1367 3639 1421 καίν

2049 1446 2149 1518 τῆς
2180 1445 2344 1501 αὐτοῦ
2373 1446 2656 1519 δυνάμεως
2680 1448 2872 1513 αὑταῖς
2901 1447 3058 1519 ὕψεσι
3085 1447 3182 1520 τὴν
3206 1451 3400 1520 πεῖραν
3426 1449 3633 1505 λαϐεῖν*

2050 1530 2137 1585 ἵνα
2161 1530 2258 1585 ἐὰν
2291 1530 2392 1602 μὲν
2416 1530 2933 1602 εύγνωμονῶσι,διά
2955 1529 3159 1587 τούτων
3181 1534 3647 1605 χειραγωγηθῶσι.

2051 1613 2187 1682 πρὸς
2227 1614 2326 1685 τὴν
2380 1613 2673 1685 ἀλήθειαν
2705 1613 2771 1669 ἂν
2810 1614 2866 1669 δὲ
2920 1613 3221 1683 ἐπιμένωσι
3271 1617 3337 1687 τῇ
3390 1615 3633 1689 ἀσεϐείᾳ,

2055 1696 2324 1769 μηδεμίαν
2354 1696 2552 1769 ἔχωσιν
2595 1697 2892 1767 ἀπολογίαν
2939 1700 2997 1752 ἐν
3033 1700 3101 1771 τῇ
3136 1698 3344 1771 φοϐερᾷ
3375 1699 3478 1769 τῆς
3510 1701 3634 1774 κρί-

2054 1797 2193 1844 σεως
2241 1780 2445 1853 ἡμέρᾳ.
2473 1781 2573 1837 Διά
2600 1779 2758 1836 τοῦτο
2785 1781 3091 1852 διέσπειρεν
3131 1781 3330 1845 αὐτοὺς
3355 1784 3635 1856 πανταχοῦ

2050 1863 2148 1932 τῆς
2185 1864 2531 1937 οἰκουμένης,
2555 1865 2644 1919 ἵνα
2675 1865 2769 1919 καὶ
2795 1866 2954 1936 ἡμεῖς
2979 1866 3046 1919 ἐκ
3069 1864 3258 1919 τούτου
3287 1866 3638 1940 κερδάνωμέν

2052 1965 2127 2012 τι,
2163 1950 2441 2004 τουτέστιν
2476 1951 2692 2016 ἐκείνας
2738 1950 2838 2016 τάς
2884 1952 3219 2023 προρρήσεις
3262 1951 3499 2022 ὁρῶντες
3535 1953 3639 2018 τάς

2053 2032 2182 2104 περί
2208 2034 2310 2105 τῆς
2342 2034 2644 2107 διασπορᾶς
2667 2035 2845 2089 αὐτῶν
2877 2035 3192 2107 εἰρημένας,
3226 2034 3325 2100 τὰς
3369 2036 3501 2108 περὶ
3536 2037 3640 2107 τῆς

2054 2115 2306 2181 ἁλώσεως
2323 2117 2433 2171 τῶν
2466 2116 2871 2189 Ἰεροσολύμων,
2902 2116 2969 2182 ἀς
2995 2118 3089 2172 καὶ
3117 2120 3147 2172 ό
3177 2119 3376 2190 Δανιὴλ
3403 2119 3496 2173 τοῦ
3520 2118 3640 2190 βδε-

2052 2200 2331 2272 λύγματος
2366 2203 2466 2273 τῆς
2493 2200 2828 2274 ἐρημώσεως
2853 2202 3132 2273 μνησθεὶς,
3160 2202 3256 2255 καὶ
3294 2202 3323 2256 ό
3350 2202 3638 2274 Μαλαχίας

2053 2283 2244 2352 εἰπὼν,
2265 2285 2393 2339 Ὀτι
2426 2284 2524 2340 καί
2553 2286 2624 2340 ἐν
2644 2284 2788 2356 ὑμῖν
2816 2283 3401 2355 συγκλεισθήσονται
3426 2286 3637 2350 πύλαι,

2054 2368 2149 2423 καί
2169 2371 2197 2424 ὁ
2232 2370 2399 2425 Δαυῖδ
2427 2369 2522 2424 καί
2543 2371 2572 2424 ό
2603 2370 2831 2434 Ἡσαΐας
2860 2368 2955 2424 καὶ
2989 2368 3171 2441 ἕτεροι
3208 2367 3393 2421 πολλοὶ
3423 2367 3639 2440 προφῆ-

2052 2469 2143 2505 ται
2179 2452 2307 2523 περί
2347 2453 2555 2509 τούτων
2585 2450 3049 2524 προανεφώνησαν
3072 2493 3087 2517 ,
3118 2452 3206 2505 ἰνα
3234 2451 3471 2521 ὁρῶντες
3510 2451 3638 2515 τοὺς

2054 2536 2182 2605 περὶ
2233 2535 2322 2588 τὸν
2369 2536 2648 2608 Δεσπότην
2680 2533 3005 2605 ἀγνώμονας
3050 2534 3451 2605 γεγενημένους
3493 2532 3639 2587 οὕτω

2052 2617 2470 2688 κολαζομένους,
2493 2618 2921 2681 ἐκπεπτωκότας
2944 2617 3044 2689 τῆς
3068 2616 3383 2689 ἐλευθερίας
3414 2617 3513 2688 τῆς
3538 2634 3636 2672 πα-

2050 2704 2245 2776 τρικῆς
2273 2703 2367 2756 καί
2388 2701 2499 2755 τῶν
2529 2701 2742 2757 οἰκείων
2770 2702 3027 2757 ἁπάντων
3061 2700 3280 2773 θεσμῶν
3306 2718 3366 2753 τε
3397 2701 3492 2754 καί⁸
3531 2718 3637 2754 πα-

2049 2785 2257 2858 τρικῶν
2303 2785 2689 2857 παραδόσεων,
2739 2785 2998 2857 μάθωμεν
3046 2783 3211 2839 αὐτοῦ
3245 2784 3344 2857 τὴν
3402 2783 3635 2855 δύναμιν

2050 2871 2151 2941 τὴν
2189 2869 2559 2940 προειποῦσαν
2599 2869 2740 2923 αὐτὰ
2768 2868 2865 2924 καί
2894 2867 3299 2941 ἐργασαμένην,
3326 2868 3421 2922 καὶ
3450 2869 3498 2921 οἰ
3535 2867 3637 2939 μὲν

2052 2954 2238 3027 ἐχθροὶ
2270 2953 2360 3007 ὅιά
2393 2953 2501 3007 τῶν
2538 2952 2829 3025 ἡμετέρων
2862 2952 3085 3023 ἀγαθῶν
3116 2953 3299 3007 ἴδωσιν
3339 2953 3504 3008 αὐτοῦ
3534 2954 3635 3025 τὴν

2055 3037 2243 3109 ἰσχύν⁸
2277 3038 2437 3109 ἡμεῖς
2461 3037 2517 3091 δὲ
2548 3037 2637 3092 διά
2682 3038 2792 3091 τῶν
2817 3039 2899 3102 εἰς
2940 3038 3181 3102 ἐκείνους
3210 3037 3492 3109 τιμωριῶν
3532 3038 3639 3110 μά-

2054 3123 2238 3194 θωμεν
2274 3120 2440 3175 αὑτοῦ
2469 3121 2568 3193 τὴν
2592 3122 2799 3191 ἄφατον
2830 3121 3241 3194 φιλανθρωπίαν
3267 3122 3363 3176 καὶ
3382 3120 3637 3192 δύναμιν,

2055 3206 2152 3260 καὶ
2189 3204 2277 3260 διά
2303 3203 2503 3268 παντὸς
2549 3202 2863 3270 δοξάζοντες
2895 3204 3058 3258 αὐτὸν
3100 3204 3455 3276 διατελῶμεν,
3486 3205 3644 3269 ὅπως

2049 3289 2144 3343 καὶ
2161 3287 2271 3341 τῶν
2295 3288 2528 3341 αἰωνίων
2549 3288 2641 3341 καὶ
2662 3288 2991 3360 ἀπορρήτων
3019 3286 3239 3357 ἀγαθῶν
3263 3287 3644 3360 ιὶττιτύχωμαεν,⁵

2050 3371 2232 3443 χάριτι
2281 3371 2375 3424 καὶ
2429 3370 2811 3443 φιλανθρωπίᾳ
2853 3369 2948 3425 τοῦ
2998 3369 3206 3444 Κυρίου
3253 3370 3412 3441 ήμῶν
3452 3368 3635 3441 Ἰησοῦ.

2052 3452 2312 3527 Χριστοῦ,
2339 3452 2458 3524 μεθ’
2495 3448 2556 3509 οὗ
2600 3454 2678 3525 τῷ
2719 3454 2894 3526 Πατρί
2931 3454 3049 3525 ἅμα
3087 3453 3166 3525 τῷ
3200 3454 3339 3526 ἀγίῳ
3368 3454 3464 3508 καὶ
3499 3454 3635 3518 ζωο-

2054 3540 2196 3610 ποιῴ
2218 3538 2498 3611 Πνεύματι
2527 3538 2660 3610 τιμὴ
2690 3541 2784 3594 καί⁵
2812 3539 3032 3612 κράτος,
3051 3538 3148 3594 νῦν
3180 3539 3272 3594 καὶ
3306 3540 3415 3607 ἀεὶ,
3441 3539 3535 3595 καὶ
3557 3538 3642 3604 εἰς

2053 3623 2179 3686 τοὺς
2216 3620 2415 3688 αἰῶνας
2454 3622 2560 3677 τῶν
2583 3620 2812 3678 αἰώνων.
2862 3624 2916 3676 Ἀ
2929 3624 3053 3695 μήν.
