4086 6426
371 393 470 448 HS
835 390 904 446 IN
943 387 1174 456 ILLUD,
1220 384 1495 445 SAULUS
1531 384 1765 445 ADHUC
1808 382 2124 441 SPIRANS.
2162 382 2250 439 DE
2287 381 2692 439 MUTATIONE
2748 377 3088 436 NOMINUM.
3130 379 3167 434 Ι.
3525 380 3624 434 ιη

380 569 3607 612 Wa

1167 922 1262 982 ΕΤ
1303 921 1381 983 ΙΝ
1423 917 1796 992 RELIQUAS
1837 915 1934 976 DE
1975 915 2415 977 MUTATIONE
2450 914 2828 977 NOMINUM.

375 1213 557 1259 autem
591 1199 770 1256 adhuc
800 1196 1016 1268 spirans
1033 1193 1211 1250 minas
1240 1203 1296 1250 et
1317 1193 1517 1249 aedem
1551 1191 1603 1246 in
1626 1191 1923 1262 discipulos
1955 1189 2192 1245 Domini.
2226 1190 2490 1245 Continuo
2529 1189 2760 1243 turbauit
2793 1205 2886 1242 nos
2938 1190 3241 1244 immutatio
3271 1193 3499 1245 nominis
3521 1234 3534 1256 ,
3575 1201 3634 1248 et

376 1307 569 1352 extera
601 1297 669 1352 de
698 1293 978 1350 nominum
1009 1290 1330 1355 mutatione,
1354 1302 1475 1358 quae
1507 1287 1756 1358 pluribus
1788 1286 1880 1342 ille
1912 1285 2299 1355 prosequitur;
2340 1285 2411 1338 ita
2442 1292 2501 1338 ut
2529 1283 2646 1337 haec
2681 1283 2904 1337 homilia
2935 1284 3006 1338 sit
3037 1298 3133 1338 ceu
3167 1284 3627 1353 complementum

333 1380 344 1391 ’
376 1389 756 1462 praecedentis.

281 1577 288 1589 ι
445 1509 597 1564 lianc
640 1505 920 1563 homiliam
963 1512 1184 1560 secutus
1231 1511 1316 1558 est
1367 1517 1552 1558 sermo
1601 1501 1710 1565 illc,
1743 1499 1836 1571 qui
1868 1508 1990 1571 post
2033 1497 2298 1554 Homilias
2351 1497 2406 1552 in
2454 1495 2710 1552 Genesim
2750 1510 2930 1549 nonus
2976 1501 3333 1548 numeratur:
3374 1490 3462 1544 ubi
3506 1491 3638 1546 due

374 1603 499 1666 illze,
526 1602 592 1655 de
621 1600 821 1670 quibus
846 1597 1072 1668 jamjam
1103 1597 1337 1668 egimus,
1373 1595 1610 1651 homilias
1641 1595 1845 1650 diserte
1886 1601 2283 1656 memorantur,
2313 1598 2368 1646 et
2408 1591 2476 1644 de
2518 1589 2824 1644 mutatione
2869 1587 3110 1642 nominis
3154 1584 3406 1650 Abrahae,
3451 1584 3638 1653 deque

374 1695 608 1748 aliorum
635 1691 918 1748 nominum
953 1693 1320 1763 propriorum,
1349 1707 1471 1762 qua:
1501 1691 1554 1746 in
1582 1689 1765 1745 Veteri
1819 1688 2172 1744 Testamento
2203 1696 2352 1751 sunt,
2384 1685 2782 1757 signiﬁcatione
2829 1692 3114 1738 tractatur.
3154 1682 3216 1735 In
3250 1681 3353 1735 hoc
3376 1694 3628 1736 sermone

374 1785 598 1856 perinde
635 1795 798 1856 atque
834 1787 885 1841 in
920 1785 1355 1856 praecedentibus
1406 1784 1667 1850 homiliis,
1703 1785 1864 1855 longo
1899 1782 2167 1854 prooemio
2198 1797 2334 1838 usus
2373 1790 2459 1836 est
2493 1779 2940 1850 Chrysostomus.
2975 1776 3114 1832 Hinc
3157 1775 3395 1846 querelae
3437 1773 3622 1844 populi

372 1882 717 1948 Antiocheni,
749 1882 876 1937 hinc
909 1882 1362 1952 reprehensiones
1395 1881 1449 1935 in
1479 1880 1954 1951 Chrysostomum,
1983 1879 2054 1935 ob
2097 1879 2323 1934 nimiam
2369 1892 2565 1948 nempe
2599 1877 2988 1948 prooemiorum
3032 1873 3417 1944 prolixitatem.
3457 1870 3638 1939 Cujus-

373 1971 732 2043 querimonire
759 1971 1046 2028 occasione
1077 1972 1268 2041 paucis
1304 1971 1504 2042 elapsis
1526 1970 1720 2026 diebus
1749 1970 1896 2025 illam
1924 1969 1993 2025 de
2039 1967 2281 2026 ferendis
2323 1967 2845 2037 reprehensionibus
2894 1965 3174 2020 homiliam
3223 1963 3434 2028 habuit,
3465 1976 3630 2033 quam

374 2084 477 2124 nos
501 2068 554 2122 in
588 2068 728 2124 serie
761 2065 1124 2122 Homiliarum
1156 2068 1224 2124 de
1251 2069 1535 2123 nominum
1566 2067 1870 2122 mutatione
1893 2065 2186 2136 ponimus;
2216 2063 2346 2134 quia
2372 2064 2510 2134 ipsa,
2539 2061 2669 2117 licet
2699 2062 2752 2116 in
2782 2064 2934 2133 prius
2955 2060 3115 2116 editis
3140 2059 3403 2115 distracta
3429 2063 3484 2112 et
3505 2069 3634 2126 pro-

372 2163 464 2220 cui
488 2163 557 2218 ab
582 2162 704 2218 aliis
739 2162 938 2230 posita,
969 2162 1304 2234 seseprodit
1333 2163 1436 2218 hoc
1468 2161 1661 2217 ordine
1694 2161 2000 2232 ponendam
2036 2175 2181 2225 esse,
2228 2174 2380 2214 num.
2415 2159 2474 2221 '5,
2520 2156 2605 2212 his
2635 2156 2856 2212 verbis:
2909 2155 2984 2211 De
3018 2152 3190 2208 Paulo
3239 2162 3414 2206 autem
3461 2163 3634 2204 sermo

373 2254 526 2310 nobis
550 2271 712 2324 nuper
738 2263 874 2322 erat,
904 2257 1116 2327 quando
1159 2252 1222 2309 de
1260 2253 1560 2309 nominibus
1605 2246 2012 2320 disserebamus,
2048 2251 2514 2324 querebamusque
2562 2266 2660 2305 cur
2705 2249 3000 2320 aliquando
3040 2245 3258 2311 Saulus,
3293 2252 3475 2316 postea
3515 2256 3635 2296 vero

376 2350 583 2405 Paulus
611 2361 823 2406 vocatus
855 2351 1036 2422 fuerit.
1071 2349 1205 2407 Inde
1235 2367 1350 2407 vero
1392 2351 1617 2422 digressi
1650 2367 1831 2406 sumus
1877 2349 1947 2404 ad
1995 2359 2218 2404 veterem
2264 2348 2566 2415 historiam,
2615 2361 2895 2417 omnesque
2944 2344 3035 2416 qui
3082 2342 3300 2397 nomina
3343 2338 3634 2393 habuerant

374 2448 813 2502 examinavimus.
841 2445 1021 2517 Pergit
1051 2447 1215 2502 etiam
1242 2447 1297 2502 in
1327 2448 1429 2503 hac
1455 2447 1742 2512 concione,
1783 2461 1848 2500 ac
1879 2445 2132 2515 disquirit
2167 2459 2268 2499 cur
2310 2441 2482 2497 Paulo
2508 2456 2706 2496 nomen
2733 2447 3002 2496 mutatum
3032 2438 3126 2502 sit,
3157 2445 3210 2492 et
3242 2450 3342 2491 cur
3386 2447 3494 2488 non
3521 2438 3635 2486 sta—

373 2542 472 2596 tim
507 2540 578 2595 ab
603 2540 722 2610 ejus
753 2541 1133 2608 conversione,
1171 2541 1264 2597 sed
1290 2557 1398 2596 non
1434 2541 1647 2596 modico
1670 2548 1792 2611 post
1823 2539 1972 2595 illam
2005 2549 2246 2609 tempore
2280 2537 2351 2592 sit
2384 2543 2678 2590 mutatum.

448 2655 603 2713 Hanc
649 2656 930 2728 aliquanto
973 2657 1292 2729 interposito
1323 2665 1567 2729 tempore
1617 2657 1832 2728 excepit
1881 2655 2118 2712 Homilia
2166 2655 2222 2709 in
2279 2653 2434 2719 illud,
2483 2650 2690 2706 Paulus
2737 2661 2974 2715 uocatus,
3006 2649 3058 2704 in
3094 2647 3248 2718 cujus
3289 2645 3468 2701 modio
3492 2644 3634 2699 idem

375 2755 560 2824 ipsum
599 2755 772 2826 tangit
801 2766 1208 2825 argumentum,
1238 2766 1292 2812 et
1321 2768 1430 2813 tres
1465 2758 1679 2828 priores
1711 2757 1966 2812 homilias
1991 2762 2405 2821 commemorat,
2433 2753 2520 2808 his
2541 2750 2725 2807 verbis
2758 2769 2772 2805 :
2808 2747 2953 2802 Nam
2973 2787 2989 2814 ,
3025 2746 3072 2800 si
3113 2737 3486 2802 recordamini,
3526 2747 3631 2788 tres

376 2849 606 2919 integros
628 2850 737 2906 dies
761 2851 826 2906 de
851 2850 964 2906 solo
987 2852 1084 2906 hoc
1116 2852 1324 2906 nomine
1351 2850 1664 2906 disseruisse
1697 2868 1776 2907 me
1809 2852 1978 2918 scitis,
2005 2851 2132 2905 dum
2153 2867 2343 2905 causas
2379 2849 2642 2918 aﬂ‘errem,
2663 2847 2723 2900 ob
2751 2861 2882 2916 quas
2899 2860 3020 2897 cum
3046 2838 3240 2896 Saulus
3272 2843 3392 2889 ante
3423 2846 3636 2886 vocare-

379 2954 492 3011 tur,
512 2945 713 3001 Paulus
739 2948 926 3002 deinde
947 2958 1165 3002 uocatus
1194 2957 1291 3017 est,
1316 2958 1365 3004 et
1393 2954 1732 3020 quamobrem
1759 2967 1861 3004 non
1891 2951 2075 3003 statim
2107 2950 2176 3002 ad
2205 2949 2362 3019 ﬁdem
2393 2962 2670 3001 conversus
2701 2945 2838 2998 hanc
2864 2940 3270 3012 appellationem
3292 2932 3513 3001 accepit,
3544 2927 3644 2982 sed-

377 3036 451 3090 ad
479 3038 704 3093 multum
736 3049 938 3112 tempus
974 3057 1162 3096 nomen
1192 3044 1433 3109 retinuit,
1461 3044 1600 3114 quod
1630 3043 1713 3098 illi
1738 3053 1980 3113 parentes
2009 3041 2416 3113 imposuerant?
2438 3039 2651 3107 Quibus
2685 3047 2795 3093 tres
2827 3037 2991 3091 hasce
3012 3033 3228 3103 priores
3257 3028 3324 3082 de
3354 3023 3642 3080 nominum

379 3131 689 3188 mutatione
729 3134 986 3191 homilias
1029 3135 1103 3191 ita
1143 3137 1348 3192 diserte
1388 3145 1811 3200 commemorat,
1859 3145 1920 3192 ut
1958 3137 2108 3192 nulla
2150 3135 2391 3207 supersit
2429 3133 2720 3189 adversum
2761 3125 3078 3199 suspicandi
3118 3136 3306 3178 causa.
3348 3116 3444 3172 liae
3477 3127 3644 3185 porro

378 3232 617 3293 quatuor
645 3225 883 3283 humilia:
915 3227 969 3283 in
999 3229 1153 3299 prius
1181 3231 1340 3285 editis
1374 3231 1575 3286 misere
1621 3229 1919 3294 distractae,
1963 3237 2036 3296 ct,
2091 3237 2149 3284 ut
2179 3205 2252 3283 ita
2281 3227 2498 3292 dicam,
2543 3223 2818 3294 dissipatae
2849 3229 3023 3284 erant,
3053 3225 3114 3272 ut
3146 3229 3254 3270 non
3300 3209 3404 3266 nisi
3438 3205 3643 3277 ingenti

381 3319 570 3373 labore
599 3330 787 3388 posset
810 3336 998 3377 earum
1032 3323 1204 3378 series
1233 3322 1553 3391 internosci,
1583 3322 2046 3394 quemadmodum
2080 3329 2129 3376 et
2161 3319 2530 3391 praecedentes
2555 3317 2678 3372 aliae
2699 3323 2935 3386 quatuor
2962 3313 3017 3370 in
3044 3309 3303 3366 Actorum
3330 3300 3644 3371 inscriptio-

380 3426 538 3478 nem;
572 3422 778 3482 quanto
802 3423 983 3470 autem
1025 3415 1076 3469 id
1101 3415 1367 3471 let-torum
1401 3391 1687 3488 dispendio
1713 3417 1994 3482 acciderit,
2036 3423 2240 3470 norunt
2268 3413 2327 3478 ii,
2352 3411 2449 3484 qui
2484 3411 2568 3466 vel
2601 3408 2934 3481 primoribus
2963 3403 3132 3460 labris
3168 3415 3280 3456 rem
3307 3391 3643 3453 ecclesiasti-

384 3519 506 3558 cam
534 3505 853 3562 litterariam
883 3508 1202 3579 attigerunt.

462 3615 676 3688 Primae,
710 3623 964 3678 secunda:
993 3631 1047 3679 et
1077 3630 1286 3694 quartae
1320 3621 1560 3677 homiliaa
1589 3621 1966 3691 interpretatio
2002 3620 2192 3675 Latina
2226 3629 2308 3675 est
2340 3619 2634 3675 Frontonis
2667 3617 2870 3682 Ducaai,
2901 3612 3074 3670 tertiae
3107 3623 3230 3665 vero
3266 3605 3505 3662 homilia:
3544 3620 3640 3659 no-

383 3727 508 3768 vam
543 3716 873 3786 paravimus,
907 3718 1032 3788 quia
1066 3726 1220 3774 vetus
1254 3718 1344 3774 illa
1373 3717 1566 3774 incerti
1600 3718 1778 3773 versio
1810 3731 1917 3770 non
1950 3719 2207 3768 accurata
2239 3721 2380 3766 erat.

3001 3883 3570 3906 .‘mﬁ—d

349 4141 486 4184 CUM
531 4140 764 4184 LECTUS
809 4142 1001 4186 ESSET
1044 4143 1185 4186 ILLE
1229 4145 1476 4188 TEXTL‘S
1507 4172 1521 4201 ,
1555 4145 1786 4190 SAULUS
1837 4149 2052 4193 AUTEM
2084 4148 2297 4192 ADHUC
2343 4145 2600 4191 SPIBANS
2642 4140 2834 4188 MINAS
2879 4140 2959 4182 ET
3014 4133 3279 4188 CBDEM,
3325 4130 3456 4175 CUM
3522 4129 3648 4171 EX-

431 4242 835 4286 SPECTARENT
875 4243 1084 4290 OMNES
1129 4245 1451 4290 HOMILIAM
1494 4247 1560 4289 IN
1603 4247 1975 4293 PRINCIPIUM
2017 4249 2157 4292 CAP.
2201 4232 2241 4291 9
2287 4247 2583 4292 ACTORUM
2629 4240 3004 4294 ΠΑΒΕΝΒΑΜ,
3052 4235 3133 4279 ΕΤ
3175 4231 3346 4288 QUOD
3389 4230 3638 4273 Μεδυλ-

434 4344 765 4387 RECTIONIS
798 4344 1290 4389 DEMONSTRATIO
1332 4347 1433 4390 SIT
1476 4347 1660 4390 PAULI
1709 4348 2000 4392 VOCATIO.

1667 4453 2092 4508 ——m

428 4573 480 4626 l.
513 4569 896 4625 Homines-non
922 4578 1073 4635 sunt,
1101 4569 1187 4635 qui
1219 4568 1315 4624 Dei
1350 4569 1552 4625 verbum
1591 4583 1853 4643 spernunt.
1875 4603 1947 4614 -—

353 4663 603 4719 Ilteccine
630 4673 751 4716 sunt
786 4660 1040 4717 ferenda?
1063 4661 1297 4716 haeccine
1334 4670 1458 4715 sunt
1483 4663 1797 4718 toleranda?
1820 4664 1945 4720 Sitt-

351 4757 488 4826 gulis
516 4754 705 4810 diebus
747 4769 933 4810 eorum
978 4768 1234 4809 numerus
1277 4754 1430 4809 nobis
1471 4755 1823 4821 imminuitur,
1855 4757 1946 4826 qui

348 4846 594 4902 collectis
619 4846 884 4901 intersunt
909 4863 923 4901 :
945 4854 1000 4900 et
1029 4845 1185 4914 plena
1209 4844 1424 4915 quidem
1451 4854 1533 4901 est
1558 4845 1833 4900 hominum
1868 4846 1946 4902 ci-

350 4940 524 5007 vitas,
581 4947 636 4993 at
684 4937 909 4994 ecclesia
967 4947 1050 4993 est
1104 4935 1410 4992 hominibus
1456 4951 1620 4993 vacua
1666 4955 1679 4991 :
1731 4938 1944 5008 plenum

351 5033 568 5103 quidem
617 5041 702 5086 est
757 5031 953 5098 forum,
992 5039 1046 5086 et
1090 5031 1324 5097 theatra,
1352 5039 1408 5085 et
1448 5030 1721 5101 porticus:
1753 5029 1946 5086 domus

353 5137 530 5181 autem
585 5124 678 5180 Dci
734 5123 945 5180 deserta
1003 5130 1126 5180 est:
1159 5124 1267 5178 imo
1318 5137 1477 5190 vero,
1527 5122 1572 5178 si
1623 5138 1808 5178 verum
1857 5121 1944 5178 dio

352 5219 582 5276 cendum
637 5225 760 5284 est,
813 5216 1066 5273 destituta
1115 5226 1200 5272 est
1258 5216 1564 5271 hominibus
1615 5215 1842 5283 civitas,
1893 5223 1948 5272 et

355 5313 509 5380 plena
549 5309 823 5365 hominum
869 5319 950 5364 est
988 5308 1235 5364 ecclesia.
1262 5308 1533 5380 Siquidem
1562 5307 1806 5363 homines
1848 5323 1948 5378 ap—

354 5403 588 5475 pellandi
614 5410 774 5470 sunt,
801 5419 906 5458 non
938 5403 1026 5474 qui
1054 5403 1106 5458 in
1140 5401 1258 5457 foro
1279 5444 1294 5470 ,
1325 5402 1420 5458 sed
1446 5418 1540 5457 vos
1566 5403 1655 5473 qui
1687 5401 1738 5456 in
1769 5402 1946 5457 eccle-

354 5499 433 5553 sia
462 5497 754 5553 versamini
781 5515 794 5553 :
823 5511 930 5552 non
963 5495 1041 5551 illi
1065 5494 1321 5551 socordes
1341 5537 1356 5562 ,
1388 5492 1481 5550 sed
1505 5509 1600 5549 vos
1626 5493 1944 5566 diligentes:

351 5606 459 5644 non
487 5589 585 5654 illi,
615 5589 707 5660 qui
731 5604 820 5645 res
846 5588 1133 5644 smculares
1157 5586 1225 5641 ad
1250 5595 1525 5656 stuporem
1554 5601 1724 5657 usque
1749 5585 1949 5640 miran-

349 5692 462 5750 tur,
509 5680 607 5738 sed
653 5697 750 5738 vos
799 5681 888 5752 qui
929 5680 1229 5751 Spiritualia
1273 5680 1537 5750 praelertis
1579 5679 1944 5735 saecularibus.

349 5772 466 5827 Non
505 5773 649 5829 enim
694 5772 738 5827 si
781 5773 899 5842 quis
928 5771 1162 5827 hominis
1187 5785 1382 5840 corpus
1416 5784 1479 5826 ac
1508 5784 1694 5825 vocem
1733 5768 1944 5835 habeat,

351 5866 554 5922 idcirco
596 5873 677 5922 est
723 5865 882 5920 homo
917 5882 927 5918 ε
959 5862 1055 5920 sed
1103 5866 1144 5920 si
1191 5863 1308 5932 quis
1358 5861 1590 5917 hominis
1635 5860 1865 5916 animam
1895 5868 1950 5917 ct

2055 4568 2397 4624 allectionem
2441 4563 2634 4619 anima:
2678 4558 2894 4614 habeat.
2938 4557 3106 4610 Porro
3159 4552 3406 4606 lunnana:
3457 4549 3647 4603 animat

2056 4662 2162 4716 tale
2193 4659 2395 4714 nullum
2416 4664 2498 4712 est
2521 4651 2798 4725 judicium,
2824 4663 2986 4719 quam
3011 4646 3055 4700 si
3079 4645 3386 4700 divinorum
3407 4639 3650 4710 eloquio-

2055 4767 2173 4806 rum
2201 4763 2387 4804 amore
2415 4746 2640 4801 ducatur
2669 4759 2683 4796 :
2715 4735 3167 4811 quemadmodum
3195 4733 3446 4790 belluinaa
3474 4746 3538 4786 ac
3562 4747 3648 4786 ra-

2057 4841 2218 4896 tionis
2261 4837 2496 4908 expertis
2543 4833 2736 4889 animte
2774 4831 2985 4901 signum
3029 4837 3083 4882 et
3130 4833 3504 4896 argumentum
3546 4823 3656 4878 tale

2054 4935 2258 4988 nullum
2302 4940 2418 4995 est,
2457 4944 2519 4982 ac
2547 4928 2591 4983 si
2635 4924 2846 4995 eloquia
2871 4921 3050 4976 divina
3090 4924 3416 4974 contemnat.
3449 4913 3566 4970 νειμ
3595 4922 3669 4968 ιιι

2056 5025 2374 5095 intelligere,
2402 5035 2562 5092 quam
2588 5032 2715 5072 vere
2743 5014 2833 5086 qui
2861 5013 3028 5069 divini
3068 5010 3216 5066 verbi
3257 5006 3664 5081 expositionem,

2055 5115 2239 5171 audire
2265 5113 2556 5185 negligant,
2583 5125 2680 5181 per
2707 5107 2848 5162 hunc
2871 5112 3237 5173 contemptum
3257 5100 3503 5156 homines
3528 5112 3652 5153 esse

2056 5209 2340 5274 desinant,
2390 5213 2446 5260 et
2490 5202 2604 5276 ipsa
2634 5217 2728 5258 sua
2755 5201 2933 5256 nativa
2963 5197 3246 5254 nobilitate
3288 5208 3349 5248 se
3383 5187 3656 5263 spoliant?

2056 5303 2171 5358 Non
2201 5316 2379 5357 meum
2410 5298 2563 5354 vobis
2587 5309 2891 5352 sermonem
2920 5289 3211 5364 proferant,
3241 5286 3334 5342 sed
3370 5281 3645 5354 propheti-

2055 5411 2174 5451 cam
2204 5409 2392 5463 vocem
2421 5390 2714 5463 proferam,
2746 5403 2864 5459 qua:
2893 5381 3211 5440 sententiam
3242 5390 3417 5432 meam
3455 5372 3656 5427 coniir-.

2057 5497 2170 5543 met
2189 5472 2216 5555 ,’
2253 5493 2314 5541 ut
2367 5483 2596 5538 rideatis
2645 5494 2740 5536 eos
2788 5476 2880 5549 qui
2934 5469 3286 5544 spiritualium
3338 5477 3666 5520 sermonum~

2055 5587 2298 5635 amantes
2328 5592 2432 5631 non
2465 5583 2625 5638 sunt;
2668 5585 2737 5626 ne
2769 5567 3016 5623 homines
3043 5559 3258 5634 quidem
3288 5571 3412 5615 esse
3453 5569 3650 5626 posse;

2056 5681 2116 5729 ut
2138 5671 2407 5727 civitatem
2431 5664 2736 5721 hominibus
2765 5660 3033 5715 desertam
3063 5653 3218 5709 nobis
3243 5665 3364 5707 esse
3395 5645 3646 5704 videatis.

2058 5761 2194 5818 Nam
2237 5758 2403 5814 Isaias
2442 5756 2530 5826 qui
2562 5751 2888 5810 sublimitate
2914 5748 3060 5804 vocis
3079 5745 3200 5802 aliis
3226 5739 3521 5808 antecellit,
3557 5738 3655 5808 qui.

2063 5851 2390 5910 mirabilium
2423 5849 2630 5903 illarum
2657 5850 2926 5915 Spectator
2950 5839 3214 5896 visionum
3243 5835 3338 5891 fuit
3358 5875 3373 5904 ,
3407 5832 3492 5891 cui
3517 5843 3652 5886 con:
