4086 6434
501 425 598 478 ίέ5

495 554 711 594 cessum
736 548 842 608 est,
873 548 930 595 ut
959 554 1078 594 cum
1106 536 1280 592 adhuc
1318 546 1462 592 esset
1488 551 1648 592 carne
1676 534 2041 592 circumdatus
2067 574 2082 596 ,

492 629 823 701 Seraphinos
853 630 1090 695 videret,
1137 627 1228 698 qui
1272 629 1556 699 mysticum
1587 627 1735 682 illum
1765 637 2084 683 c0nccnlum

494 723 720 787 audivit,
748 723 791 776 is
821 737 941 777 cum
974 722 1025 776 in
1055 720 1240 775 urbem
1267 719 1572 776 Judaeorum
1618 721 1953 792 metropolim
1991 719 2088 774 ho-

496 816 727 872 minibus
766 813 1018 870 refertam
1051 815 1323 885 ingressus
1355 823 1536 882 esset,
1566 814 1900 886 Jerosolyma
1929 815 2086 869 nimi.

492 924 632 971 rum,
650 917 809 977 atque
827 907 878 961 in
901 907 1079 962 medio
1103 907 1218 961 foro
1239 907 1584 972 constitisset,
1609 923 1728 961 cum
1757 916 1869 962 toto
1892 909 2086 978 populo

491 1000 880 1069 circumseptus
905 1008 1065 1064 esset,
1095 1015 1217 1054 cum
1245 999 1549 1068 significare
1579 999 1737 1054 vellet
1775 1015 1878 1052 non
1907 999 2082 1054 ho:ni-

489 1105 614 1145 ncm
661 1105 820 1157 esse,
863 1091 952 1161 qui
999 1090 1346 1160 propheticos
1387 1106 1664 1146 sermones
1708 1105 1815 1145 non
1843 1091 2081 1156 audiret,

488 1185 728 1239 clamans
761 1183 968 1239 dicebat
990 1226 1006 1250 ,
1043 1183 1200 1247 Veni,
1231 1194 1276 1237 et
1309 1201 1409 1239 non
1438 1195 1545 1238 erat
1573 1185 1722 1239 Itomo
1749 1201 1767 1240 :
1791 1186 1962 1239 vocavi
1981 1225 1996 1249 ,
2035 1196 2083 1238 et

487 1295 591 1332 non
622 1288 732 1333 erat
766 1279 853 1346 qui
881 1277 1101 1332 obediret
1133 1276 1287 1344 (lsui.
1318 1278 1408 1334 50.
1431 1278 1510 1350 2).
1545 1280 1720 1349 Atque
1748 1287 1805 1333 ut
1836 1278 1938 1334 hoc
1962 1293 2083 1334 esse

487 1374 684 1426 dictum
720 1371 985 1442 intelligas
1015 1388 1119 1426 non
1151 1371 1220 1426 ob
1249 1371 1522 1426 raritatem
1549 1387 1736 1427 eorum
1759 1413 1774 1437 ,
1806 1373 1896 1443 qui
1923 1372 2081 1427 ades-

487 1474 630 1526 sent,
664 1480 848 1520 verum
881 1465 949 1518 ob
975 1480 1159 1519 eorum
1193 1465 1492 1521 socordiam
1523 1465 1610 1536 qui
1637 1465 1901 1533 audirent,
1930 1478 2080 1536 post-

485 1572 644 1626 quam
673 1556 846 1622 dixit,
891 1555 1048 1622 Veni,
1076 1566 1119 1610 et
1150 1575 1250 1611 non
1289 1567 1396 1611 erat
1438 1559 1625 1624 homo,
1668 1557 1976 1628 subjunxit,
2013 1558 2080 1612 Et

485 1667 588 1704 non
613 1659 721 1704 erat
748 1650 834 1719 qui
864 1648 1107 1704 obediret.
1140 1649 1323 1720 Itaque
1353 1649 1580 1704 aderant
1606 1649 1680 1704 illi
1706 1650 1919 1719 quidem
1941 1691 1955 1714 ,
1985 1651 2080 1705 sed

487 1741 680 1796 adesse
721 1755 828 1794 non
869 1741 1246 1805 censebantur,
1293 1738 1725 1810 quandoquidem
1765 1742 2078 1811 prophetam

485 1848 593 1888 non
620 1833 908 1888 audiebant
935 1849 948 1884 :
983 1840 1261 1902 propterea
1287 1872 1303 1899 ,
1334 1831 1765 1901 quandoquidem
1806 1832 1984 1900 venit,
2026 1844 2080 1888 et

490 1946 594 1982 non
625 1937 738 1982 erat
769 1927 930 1981 homo
967 1943 980 1981 :
1017 1925 1257 1992 vocavit,
1303 1934 1358 1981 et
1395 1939 1498 1979 non
1529 1934 1644 1980 erat
1682 1926 1770 1996 qui
1801 1927 2076 1994 obediret,

481 2022 779 2076 orationem
801 2019 867 2075 ad
885 2020 1148 2075 elementa
1175 2021 1458 2086 convertit,
1482 2029 1535 2074 et
1552 2019 1626 2074 ait
1654 2037 1666 2075 :
1694 2020 1851 2088 Audi,
1875 2021 2072 2086 carlum,

482 2126 529 2167 et
557 2113 764 2168 auribus
793 2112 1014 2182 percipe,
1039 2121 1172 2166 terra
1199 2111 1306 2182 (Id.
1339 2113 1389 2166 i'.
1414 2110 1494 2183 2).
1525 2111 1656 2167 Nam
1711 2114 1958 2185 equidem
2010 2115 2075 2168 ad

482 2205 748 2270 homines,
783 2205 972 2274 inquit,
1007 2204 1203 2260 missus
1230 2205 1470 2270 fueram,
1500 2203 1567 2259 ad
1596 2203 2076 2279 hon'tineslratione

481 2315 545 2355 ac
595 2310 776 2356 mente
819 2299 1073 2370 praeditos
1107 2317 1120 2352 :
1149 2298 1364 2370 quando
1407 2310 1584 2354 autem
1627 2314 1798 2369 neque
1838 2299 2072 2366 ratione,

483 2408 658 2463 neque
702 2408 862 2448 sensu
913 2391 1122 2463 przcditi
1167 2402 1292 2447 sunt
1326 2392 1445 2456 isti,
1493 2403 1773 2463 propterea
1822 2392 2074 2448 destituta

481 2501 647 2540 sensu
674 2485 920 2555 alloquor
947 2484 1235 2551 elementa,
1265 2485 1320 2539 in
1350 2483 1824 2554 reprehensionem
1847 2500 2032 2540 eorum
2055 2526 2070 2551 ,

478 2578 568 2648 qui
599 2593 721 2632 cum
756 2576 999 2632 honorati
1043 2591 1204 2632 sensu
1249 2576 1509 2642 fuissent,
1543 2586 1718 2632 tamen
1749 2576 1954 2634 honore
1984 2578 2074 2632 illo

477 2686 584 2724 non
617 2678 852 2724 utuntur.
878 2668 966 2725 Sic
991 2669 1152 2726 etiam
1183 2669 1318 2724 alter
1345 2669 1598 2740 propheta
1628 2669 1763 2724 dixit
1789 2669 2069 2726 .lcretnias.

477 2761 749 2833 Siquidem
778 2763 866 2816 ille
891 2776 1104 2832 quoque
1145 2762 1198 2816 in
1245 2760 1424 2816 medio
1449 2761 1754 2816 Iudaeorum
1784 2773 1925 2817 coetu
1950 2776 2071 2817 cum

477 2853 732 2917 stetisset,
761 2853 811 2906 in
840 2852 1026 2908 eadem
1057 2852 1143 2906 illa
1175 2852 1322 2918 urbe,
1357 2853 1507 2924 quasi
1534 2853 1710 2907 nullus
1731 2854 1963 2920 adesset,
2000 2855 2072 2909 ita

414 2937 421 2953 ’
475 2945 776 3001 clamabat:
801 2945 880 2998 At!
907 2961 1052 3014 quem
1074 2945 1271 3016 loquar,
1297 2955 1344 2999 et
1370 2947 1685 3000 contestabor
1701 2946 1830 3018 (Jer.
1857 2948 1910 3002 6.
1939 2947 2073 3019 10)?

477 3037 614 3105 Quid
643 3038 762 3090 ais?
786 3053 906 3090 cum
939 3046 1138 3092 tantam
1169 3037 1350 3092 videas
1374 3038 1768 3095 multitudinem
1791 3081 1805 3105 ,
1834 3043 2067 3111 qureris,

475 3125 634 3200 quem
658 3129 1026 3199 alluquuturus
1052 3131 1160 3185 sis?
1183 3129 1376 3197 Qumro
1391 3131 1658 3200 equidem,
1681 3131 1880 3202 inquit:
1907 3132 2072 3203 siqui-

475 3223 597 3277 dem
631 3222 912 3277 multitudo
939 3237 1224 3293 corporum
1262 3229 1371 3288 est,
1399 3237 1504 3277 non
1534 3222 1806 3278 hominum
1830 3224 2063 3278 multitu-

473 3318 545 3370 do
571 3331 885 3386 :corporum
911 3325 994 3370 est
1017 3316 1321 3384 multitudo,
1347 3333 1466 3387 qua:
1493 3317 1674 3372 auditu
1710 3333 1815 3373 non
1843 3319 2066 3389 pollent.

475 3409 676 3464 Idcirco
694 3409 854 3464 etiam
883 3408 1077 3479 adjecit
1094 3427 1106 3463 :
1128 3407 1506 3465 Incircumcisa:
1517 3420 1632 3465 sunt
1647 3428 1793 3466 aures
1809 3429 2001 3476 eorum,
2021 3424 2068 3467 et

473 3500 652 3554 audire
669 3517 767 3554 nou
785 3510 1013 3570 possunt.
1035 3500 1196 3557 Vides
1222 3516 1411 3557 omnes
1434 3503 1565 3558 istos
1586 3518 1652 3558 eo
1678 3504 1820 3574 quod
1837 3520 1941 3560 non
1963 3522 2030 3560 au
2049 3539 2061 3546 -

473 3591 641 3657 diant,
674 3590 920 3647 homines
946 3607 1050 3646 non
1075 3593 1229 3648 esse?
1252 3594 1344 3650 Ille
1369 3594 1502 3649 dixit
1535 3613 1548 3649 :
1590 3594 1736 3660 Veni,
1760 3608 1806 3650 et
1837 3614 1937 3652 non
1960 3610 2066 3652 erat

473 3685 624 3738 homo
655 3701 674 3738 :
703 3685 873 3738 vocavi
893 3725 906 3748 ,
939 3693 982 3738 et
1015 3702 1114 3738 non
1142 3686 1366 3756 erat'qui
1393 3686 1618 3741 obcdiret
1649 3704 1667 3741 :
1696 3687 1779 3742 hic
1807 3689 1956 3760 dicit,
1988 3691 2068 3744 Ad

470 3795 619 3849 quem
664 3777 842 3848 loquar
880 3788 925 3832 et
965 3780 1323 3834 contestabor?
1352 3781 1717 3836 incircumcisa:
1758 3793 1878 3837 sunt
1917 3801 2066 3839 aures

474 3891 682 3941 eorum,
716 3881 762 3928 et
802 3874 982 3928 audire
1025 3891 1125 3929 non
1170 3884 1399 3946 possunt.
1431 3874 1582 3943 Quod
1613 3876 1658 3930 si
1696 3891 1790 3931 eos
1831 3877 1921 3948 qui
1967 3879 2063 3932 ad-

471 3975 661 4031 erant,
695 3976 974 4035 propterea
1007 3964 1146 4035 quod
1175 3965 1456 4036 diligenter
1483 3966 1550 4021 ad
1580 3982 1642 4022 ea
1667 3984 1786 4038 quae
1813 3967 2066 4024 diceban-

471 4071 556 4114 tur
585 4075 691 4114 non
726 4059 1091 4123 attendebant,
1122 4075 1190 4114 ne
1221 4059 1467 4114 homines
1495 4059 1710 4129 quidem
1736 4075 1856 4116 esse
1882 4061 2067 4116 dicunt

473 4151 746 4221 prophetce
777 4169 791 4206 :
818 4150 943 4220 quid
972 4151 1212 4205 dicemus
1243 4167 1341 4206 nos
1370 4151 1438 4206 de
1468 4151 1571 4207 illis
1611 4152 1700 4222 qui
1751 4167 1856 4207 non
1901 4153 2064 4208 modo

471 4259 576 4296 non
606 4241 862 4305 anditmt,
896 4241 988 4295 sed
1036 4257 1102 4295 ne
1145 4241 1349 4311 ingredi
1382 4241 1598 4311 quidem
1642 4242 1756 4297 hmc
1801 4243 2062 4299 vestibula

469 4353 619 4395 sacra
651 4336 958 4408 dignantur,
988 4333 1056 4390 de
1087 4335 1192 4389 illis
1219 4335 1308 4404 qui
1335 4345 1486 4391 extra
1517 4349 1726 4390 sacrum
1771 4337 1912 4392 hunc
1939 4353 2062 4408 gre-

465 4448 587 4504 gem
618 4439 894 4500 vagantur,
925 4429 1012 4498 qui
1047 4427 1227 4497 procul
1257 4427 1324 4481 ab
1350 4426 1553 4482 :edibus
1583 4427 1699 4482 istis
1726 4428 1983 4483 maternis
2011 4431 2062 4484 in

469 4523 639 4580 triviis
666 4530 721 4577 et
745 4520 1039 4591 angiportis
1081 4529 1352 4589 tamquam
1404 4518 1696 4574 insolentes
1726 4519 2063 4584 ac.socordcs

466 4616 684 4688 quidam
717 4616 922 4685 pueruli
964 4613 1286 4670 versantur?
1311 4612 1443 4666 Nam
1475 4623 1529 4668 et
1567 4613 1674 4678 illi,
1707 4629 1828 4667 cum
1878 4621 2062 4684 pater-

467 4725 591 4764 nam
635 4706 852 4762 domum
898 4705 1265 4768 deseruerint,
1298 4704 1496 4760 alicubi
1541 4704 1670 4760 foris
1699 4705 1980 4767 oberrant,
2009 4714 2064 4761 et

468 4811 612 4855 totos
654 4798 770 4854 dies
820 4799 872 4852 in
921 4797 1059 4852 ludis
1106 4798 1397 4866 puerilibus
1429 4797 1772 4867 transigunt:
1805 4813 1963 4867 quam
1993 4797 2063 4851 ob

465 4904 682 4948 causam
723 4899 776 4944 et
807 4889 1078 4956 libertate,
1109 4903 1171 4942 ac
1200 4903 1576 4958 smpenumero
1600 4889 1706 4942 vita
1735 4888 1945 4959 pueruli
1976 4898 2060 4943 ta-

467 4983 547 5038 les
574 4981 868 5051 privautur.
898 4979 1031 5035 Nam
1061 4995 1182 5034 cum
1223 4979 1275 5034 in
1303 4995 1494 5034 manus
1543 4981 1922 5052 plagiariorum
1971 4989 2064 5035 aut

469 5075 782 5146 pra-donum
828 5072 1131 5138 inciderint,
1180 5087 1324 5142 saepe
1366 5083 1540 5128 morte
1585 5073 1920 5144 negligentia:
1949 5088 2062 5127 sua:

467 5184 654 5241 poenas
681 5168 852 5223 luunt.
875 5167 1147 5236 Siquidem
1174 5167 1402 5237 arreptis
1430 5166 1558 5237 ipsis
1581 5183 1702 5222 cum
1725 5183 1885 5222 aurea
1903 5181 2062 5222 orna-

468 5270 646 5317 menta
677 5259 992 5316 sustulerint
1024 5259 1120 5325 illi,
1154 5269 1241 5313 aut
1271 5257 1548 5314 fluminum
1581 5260 1737 5314 undis
1759 5259 2020 5314 suﬂ'ocaut
2042 5300 2058 5325 ,

466 5364 557 5408 aut
583 5355 626 5408 si
654 5355 779 5425 quid
817 5353 996 5408 mitius
1032 5353 1101 5408 de
1143 5351 1250 5407 illis
1283 5352 1599 5418 statuerint,
1632 5353 1682 5405 in
1719 5353 2059 5422 longinquam

467 5447 586 5501 illos
629 5448 901 5516 regionem
939 5445 1200 5500 abductos
1229 5459 1293 5498 ac
1322 5443 1564 5498 servituti
1594 5442 1836 5497 addictos
1876 5444 2063 5498 diven-

466 5537 620 5590 dunt.
649 5537 791 5592 ldem
820 5537 936 5590 istis
966 5538 1125 5592 etiam
1152 5536 1363 5590 accidit.
1394 5534 1524 5590 Cum
1550 5535 1691 5588 enim
1721 5534 1878 5604 longe
1902 5550 1932 5588 a
1967 5550 2059 5601 pa-

470 5638 615 5683 terna
643 5629 804 5682 domo
825 5638 878 5681 et
899 5628 1053 5697 hujus
1082 5627 1264 5699 templi
1292 5625 1717 5696 frequentatione
1739 5625 2057 5690 aberrarint,

474 5719 524 5773 in
566 5719 938 5776 hmreticorum
969 5736 1061 5774 ora
1095 5719 1366 5784 incidunt,
1407 5729 1462 5772 et
1498 5718 1549 5771 in
1591 5716 1796 5786 linguas
1828 5715 2058 5770 hostium

469 5812 752 5866 veritatis:
785 5805 895 5865 tum
947 5812 1019 5866 illi
1070 5827 1190 5866 cum
1237 5821 1504 5880 tamquam
1555 5809 1791 5880 plagiarii
1845 5807 2057 5877 quidam

468 5903 611 5972 ipsos
658 5903 981 5969 invaserint,
1020 5913 1072 5959 et
1117 5919 1277 5958 aureo
1326 5904 1447 5960 fidei
1493 5912 1682 5958 ornatu
1731 5902 2006 5974 Spoliarint
2036 5943 2050 5970 ,

1211 424 1269 480 s.
1310 423 1587 480 JOANNIS
1621 419 2100 480 CliRYSOSTOMl
2142 420 2458 482 ARClllEP.
2487 427 3017 494 coxsrammoe.
3679 447 3771 504 im

2203 540 2478 596 confestim
2504 558 2599 600 eos
2628 561 2731 602 non
2755 549 2805 603 in
2832 549 3030 608 ﬂumen
3055 555 3340 624 projectos,
3369 559 3464 614 sed
3493 561 3546 617 in
3573 564 3771 623 turbida

2193 633 2438 703 dogmata
2469 637 2674 697 fastoris
2703 644 2784 698 sui
2810 643 3085 702 demersos
3107 659 3355 707 enecant.

2263 726 2317 780 2.
2365 728 2670 787 Vcstrarum
2720 732 2823 789 hoc
2863 737 3091 807 partium
3138 739 3324 806 fuerit,
3364 743 3520 799 saluti
3561 745 3771 804 fratrum

2191 821 2495 890 consulere,
2513 833 2673 895 atque
2693 825 2760 881 ad
2783 842 2880 883 nos
2906 828 3028 885 illos
3053 829 3332 896 reducere,
3363 834 3486 890 licet
3511 838 3769 907 resistant,

2193 914 2316 970 licet
2344 919 2656 986 reclament,
2690 920 2812 976 licet
2843 922 3226 981 lamententur.
3259 927 3482 984 Puerilis
3511 942 3592 986 est
3617 935 3769 990 animi

2189 1008 2466 1064 contentio
2504 1010 2602 1064 ista
2645 1019 2700 1066 et
2739 1013 3082 1084 negligentia.
3120 1016 3222 1072 Vos
3249 1033 3378 1072 vero
3415 1019 3769 1090 imperfectam

2191 1097 2366 1154 adhuc
2405 1109 2563 1171 atque
2605 1103 2676 1158 ita
2716 1105 2909 1160 misere
2963 1107 3207 1164 affectam
3267 1109 3502 1180 ipsorum
3547 1115 3769 1172 animam

2187 1191 2471 1262 corrigite;
2534 1196 2698 1251 vestri
2743 1199 2978 1252 muneris
3027 1208 3142 1266 est,
3189 1211 3246 1256 ut
3301 1203 3404 1258 illis
3453 1205 3769 1273 persuadea-

2191 1283 2292 1347 tis,
2346 1294 2402 1338 ut
2453 1285 2698 1342 homines
2738 1288 2885 1344 fiant.
2934 1289 3068 1346 Nam
3112 1293 3561 1363 quemadmodum
3610 1312 3766 1365 eum,

2187 1373 2279 1444 qui
2327 1373 2556 1431 humana
2614 1390 2892 1436 aversetur
2942 1383 3230 1450 alimenta,
3283 1394 3338 1442 et
3389 1402 3510 1442 cum
3561 1389 3770 1458 pecudi-

2187 1463 2288 1521 bus
2344 1467 2514 1536 spinis
2553 1467 2838 1543 herbisque
2883 1484 3150 1544 pascatur,
3201 1475 3472 1533 hominem
3521 1494 3640 1536 esse
3675 1481 3768 1535 mi-

2187 1556 2331 1611 nime
2351 1557 2592 1616 dicemus
2615 1578 2629 1614 :
2655 1565 2734 1618 sic
2759 1564 3013 1624 nimirum
3033 1580 3178 1633 eum,
3201 1569 3290 1638 qui
3315 1585 3493 1624 veram
3514 1579 3566 1625 et
3587 1571 3767 1626 anima:

2184 1651 2593 1706 convenientem
2621 1651 2868 1710 humana:
2897 1671 3076 1712 escam
3107 1657 3306 1726 oderit,
3339 1675 3460 1730 quae
3487 1675 3553 1716 ex
3587 1661 3767 1718 divinis

2185 1748 2395 1794 constat
2435 1741 2695 1813 eloquiis,
2738 1744 2794 1799 in
2841 1747 3186 1802 saecularibus
3233 1758 3411 1804 autem
3455 1751 3678 1806 canibus
3718 1762 3767 1807 et

2185 1833 2331 1887 omni
2363 1833 2602 1891 fmditate
2629 1836 3051 1894 redundantibus
3076 1841 3290 1896 circulis
3316 1841 3568 1907 resideat,
3596 1853 3649 1898 et
3693 1845 3769 1899 in—

2184 1925 2320 1996 iquis
2347 1927 2518 1983 alatur
2543 1929 2740 1995 verbis,
2785 1929 3056 1987 hominem
3087 1933 3363 2004 appellare
3405 1934 3622 1989 minime
3651 1951 3766 2006 pos-

2183 2035 2388 2075 sumus.
2422 2021 2693 2092 Siquidem
2727 2023 2868 2094 apud
2897 2040 2996 2080 nos
3024 2024 3185 2080 homo
3213 2034 3296 2081 est
3338 2042 3443 2082 non
3487 2029 3530 2082 is
3574 2038 3764 2082 tantum

2182 2113 2271 2182 qui
2302 2128 2439 2182 pane
2467 2125 2733 2180 vescatur,
2763 2116 2856 2171 sed
2883 2118 2971 2187 qui
3004 2119 3310 2187 priusquam
3335 2118 3450 2172 ullo
3473 2120 3610 2186 cibo,
3641 2121 3765 2174 divi-

2182 2206 2266 2260 nis
2295 2221 2358 2262 ac
2386 2206 2752 2277 spiritualibus
2794 2208 3023 2279 eloquiis
3068 2209 3390 2280 perfruatur.
3441 2211 3552 2266 lloc
3595 2222 3763 2266 autem

2183 2297 2454 2354 hominem
2483 2315 2623 2366 esse,
2653 2300 2801 2356 disce
2827 2317 2892 2356 ex
2920 2301 3003 2356 his
3027 2317 3147 2371 quae
3172 2301 3417 2357 Christus
3444 2302 3630 2359 effatus
3655 2313 3758 2358 est:

2185 2388 2303 2446 Non
2327 2392 2378 2446 in
2406 2393 2516 2446 solo
2543 2409 2675 2463 pane
2700 2394 2824 2447 vivet
2852 2393 3034 2461 homo,
3063 2394 3152 2448 sed
3180 2395 3232 2448 in
3259 2395 3399 2448 omni
3435 2394 3579 2449 verbo
3597 2437 3610 2462 ,
3639 2396 3762 2465 quod

2181 2485 2404 2554 procedit
2433 2483 2497 2538 de
2523 2500 2611 2538 ore
2635 2483 2734 2538 Dei
2759 2483 2982 2557 (Matth.
3013 2485 3066 2540 4.
3098 2482 3175 2558 4).
3209 2483 3394 2556 Itaque
3423 2485 3618 2556 duplex
3649 2486 3761 2539 vine

2181 2585 2378 2630 nostrae
2403 2585 2486 2631 est
2515 2575 2828 2631 alimentum
2850 2617 2864 2642 ,
2897 2593 3060 2632 unum
3088 2577 3322 2632 deterius
3341 2620 3356 2646 ,
3390 2579 3614 2633 alterum
3644 2593 3760 2633 vero

2180 2667 2560 2738 praestantius:
2593 2677 2650 2723 et
2696 2667 2798 2723 hoc
2841 2669 3108 2738 praecipue
3145 2669 3538 2738 capessendum
3566 2680 3677 2736 est,
3711 2680 3758 2722 ut

2177 2769 2233 2814 et
2263 2759 2496 2813 animam
2519 2759 2667 2815 alere
2688 2760 2973 2832 possimus,
2999 2775 3172 2831 neque
3194 2759 3336 2816 fame
3363 2761 3511 2816 illam
3535 2761 3754 2832 torqueri

2177 2850 2432 2905 sinamus.
2467 2849 2525 2905 In
2555 2861 2730 2906 vestra
2757 2851 2914 2922 igitur
2943 2861 3206 2922 potestate
3233 2854 3392 2908 situm
3422 2863 3524 2918 est,
3556 2865 3610 2908 ut
3633 2853 3754 2906 civi-

2179 2951 2340 2997 tatem
2368 2943 2522 2999 nobis
2555 2943 2828 2999 hominum
2859 2945 3070 3015 plenam
3097 2945 3362 3000 efficiatis.
3388 2947 3613 3015 Quando
3633 2961 3753 3015 ergo

2176 3033 2426 3090 destituta
2455 3045 2540 3091 est
2567 3035 2874 3091 hominibus
2899 3037 3077 3107 ampla
3105 3045 3158 3092 et
3184 3037 3450 3108 populosa
3482 3038 3593 3093 haec
3632 3038 3755 3093 civi-

2177 3137 2278 3195 tas,
2297 3143 2509 3200 :cquum
2529 3138 2612 3184 est
2641 3137 2699 3184 ut
2727 3129 2913 3201 patria:
2939 3139 3130 3184 vestra:
3160 3129 3296 3185 hanc
3325 3131 3551 3201 gratiam
3576 3138 3628 3185 et
3651 3145 3757 3184 mu-

2175 3221 2498 3277 nificentiam
2529 3221 2840 3287 conferatis,
2875 3231 2935 3278 ut
2966 3223 3292 3278 transmissis
3323 3222 3393 3278 ad
3427 3238 3520 3278 eos
3541 3240 3652 3294 quo:
3678 3221 3756 3276 hic

2172 3313 2502 3379 ditliceritis,
2534 3315 2758 3369 fratrum
2789 3315 2944 3370 nobis
2974 3315 3182 3371 animos
3215 3316 3595 3372 reconcilietis.
3629 3315 3752 3369 Tum

2172 3407 2315 3462 enim
2344 3422 2544 3462 mensa:
2566 3407 2852 3478 participes
2880 3423 2979 3463 nos
3001 3406 3166 3463 fuisse
3193 3409 3624 3478 comprobamus,
3655 3421 3751 3461 non

2172 3515 2294 3554 cum
2327 3515 2566 3554 mensam
2594 3500 2872 3556 laudamus
2901 3509 3126 3568 tantum,
3157 3501 3251 3557 sed
3276 3517 3399 3556 cum
3435 3503 3519 3568 iis,
3548 3501 3632 3572 qui
3658 3499 3750 3554 ab-

2173 3592 2402 3656 fuerint,
2434 3593 2756 3650 cibariorum
2783 3594 3056 3665 quidpiam
3102 3595 3280 3665 largiri
3320 3610 3622 3666 possumus.
3651 3593 3753 3648 Hoc

2173 3697 2226 3742 et
2256 3703 2350 3742 vos
2380 3703 2521 3742 nunc
2562 3687 2700 3757 agite
2727 3729 2740 3753 ,
2773 3689 2957 3758 sicque
2993 3687 3308 3744 alterutrum
3337 3704 3410 3743 ex
3441 3689 3522 3743 his
3557 3687 3751 3742 duobus

2171 3778 2395 3832 omnino
2423 3778 2633 3833 eveniet
2662 3819 2674 3841 ,
2707 3787 2765 3832 ut
2794 3777 2880 3832 vel
2910 3777 3013 3832 illis
3047 3777 3446 3846 persuadentis,
3488 3779 3552 3833 ad
3580 3793 3671 3832 nos
3700 3784 3749 3832 ut

2171 3871 2429 3936 redeant,
2463 3872 2548 3925 vel
2591 3871 2635 3925 si
2674 3871 2725 3924 in
2756 3871 2942 3926 eadem
2985 3873 3332 3927 contentione
3376 3882 3746 3942 perseverent,

2172 3971 2364 4018 vestrrc
2410 3963 2605 4033 lingua:
2645 3978 2804 4032 opera
2838 3965 3164 4031 nutriantur,
3195 3965 3302 4019 imo
3332 3981 3466 4021 vero
3493 3967 3642 4036 plane
3667 3981 3748 4018 τοι

2171 4063 2466 4109 vertantur.
2506 4054 2622 4109 Non
2655 4055 2795 4110 enim
2828 4057 3004 4125 potius
3047 4055 3240 4126 eligent
3285 4059 3514 4126 gratuita
3562 4056 3748 4112 benefi.

2171 4147 2342 4202 eentia
2368 4145 2579 4212 nutriri,
2612 4161 2733 4200 cum
2764 4161 2860 4215 pro
2883 4145 3120 4215 suojure
3149 4148 3346 4213 possint
3392 4149 3490 4218 ipsi
3532 4148 3626 4202 hac
3665 4162 3749 4216 pa-

2173 4249 2322 4292 terna
2345 4251 2528 4292 mensa
2558 4239 2736 4306 potiri.
2765 4237 2868 4292 Sed
2901 4238 3001 4292 hoc
3041 4253 3132 4294 vos
3162 4238 3332 4292 facere
3353 4280 3367 4304 ,
3402 4241 3485 4293 vel
3530 4240 3707 4294 fecisse
3729 4278 3742 4304 ,

2169 4331 2254 4386 vel
2281 4345 2400 4386 esse
2439 4329 2671 4385 facturos
2717 4331 2873 4399 plane
2915 4330 3127 4385 confido
3168 4330 3476 4402 credoque;
3523 4328 3747 4400 quando-

2169 4422 2383 4494 quidem
2413 4421 2721 4492 frequenter
2745 4421 2810 4476 ad
2844 4421 2955 4477 haec
2987 4421 3187 4476 hortari
3219 4436 3314 4476 vos
3340 4437 3448 4476 non
3471 4421 3668 4482 destiti,
3695 4429 3746 4474 et

2168 4531 2265 4572 vos
2293 4531 2504 4587 quoque
2533 4517 2677 4570 omni
2717 4515 2938 4570 scientia
2985 4515 3176 4584 repleti
3217 4516 3378 4583 estis,
3411 4517 3500 4587 qui
3541 4525 3594 4570 et
3621 4515 3743 4568 alios

2174 4606 2468 4662 admonere
2510 4610 2732 4678 possitis
2760 4608 2935 4680 (Rom.
2969 4609 3054 4666 15.
3087 4609 3190 4677 14).
3233 4607 3350 4663 Jam
3379 4623 3510 4664 vero
3543 4614 3738 4674 tempus

2173 4704 2277 4767 est,
2302 4710 2361 4754 ut
2383 4708 2626 4756 nostram
2653 4703 2809 4758 vobis
2839 4702 2982 4756 hanc
3013 4716 3255 4756 mensam
3287 4694 3737 4772 apponannts,vi-

2175 4792 2278 4848 lem
2293 4791 2510 4861 quidem
2527 4792 2697 4862 ipsam
2714 4807 2777 4847 ac
2791 4802 3221 4862 tenuem,etqua:
3235 4793 3458 4846 multam
3474 4786 3739 4860 penuriam

2175 4900 2287 4957 prae
2309 4902 2366 4939 se
2387 4885 2545 4950 ferat,
2571 4885 2665 4940 sed
2696 4901 2814 4957 quae
2837 4886 3041 4955 optimo
3059 4894 3239 4940 tamen
3258 4885 3365 4940 cibi
3383 4883 3739 4938 condimento,

2175 4974 2462 5030 alacritate
2502 4975 2836 5041 auditorum,
2884 4977 3155 5030 instructa
3191 4976 3285 5030 sit.
3324 4975 3566 5030 Mensam
3607 4969 3740 5025 enim

2167 5065 2333 5121 efficit
2368 5064 2807 5133 jucundissimam
2839 5078 2946 5118 non
2983 5063 3226 5118 ciborum
3257 5064 3632 5132 sumptuositas
3665 5072 3744 5111 so-

2170 5161 2302 5225 lum,
2335 5158 2430 5215 sed
2461 5174 2646 5214 eorum
2675 5159 2834 5212 etiam
2863 5156 2952 5226 qui
2985 5155 3190 5210 invitati
3227 5155 3422 5210 fuerint
3451 5151 3740 5224 appetitus:

2170 5255 2248 5310 sic
2275 5263 2330 5308 et
2357 5253 2496 5307 lauta
2528 5261 2582 5307 et
2610 5250 2887 5320 magnifica
2922 5265 3106 5303 mensa
3138 5250 3259 5304 vilis
3285 5265 3348 5303 ac
3388 5249 3562 5304 tenuis
3591 5259 3742 5313 appa-

2169 5348 2327 5410 rebit,
2354 5346 2456 5401 nisi
2484 5344 2622 5398 fame
2650 5343 2838 5413 pressi,
2867 5343 2958 5413 qui
2983 5342 3195 5406 adsunt,
3223 5340 3289 5394 ad
3318 5341 3457 5394 illam
3479 5337 3739 5396 accedant;

2169 5441 2246 5493 sic
2271 5439 2429 5494 etiam
2454 5436 2572 5489 vilis
2589 5445 2896 5504 sumptuosa
2928 5434 3253 5499 censebitur,
3281 5433 3323 5486 si
3343 5431 3608 5485 famelicos
3628 5438 3744 5480 suos

2170 5531 2422 5586 convivas
2464 5528 2750 5596 acceperit.
2806 5525 2968 5596 quue
3013 5540 3132 5580 cum
3186 5525 3350 5595 probe
3397 5529 3575 5576 nosset
3620 5517 3742 5571 alius

2172 5622 2433 5692 quispiam
2460 5662 2474 5684 ,
2509 5635 2614 5673 non
2644 5635 2708 5673 ex
2741 5626 2925 5671 natura
2953 5617 3193 5671 ciborum
3222 5658 3236 5682 ,
3269 5614 3362 5670 sed
3388 5629 3454 5668 ex
3479 5612 3661 5666 affectu
3687 5621 3744 5658 ae

2170 5713 2520 5783 dispositione
2549 5711 2891 5765 convivarum
2923 5708 2990 5763 de
3022 5723 3328 5762 mensarum
3371 5697 3742 5774 magnificentia

2167 5807 2423 5878 judicium
2455 5804 2601 5872 ferri,
2630 5805 2714 5860 his
2736 5804 2912 5858 verbis
2940 5804 3105 5858 utitur
3129 5820 3141 5855 :
3176 5801 3381 5865 Anima,
3405 5812 3514 5868 qua:
3531 5795 3582 5848 in
3608 5801 3738 5846 satu-

2175 5902 2321 5954 ritate
2366 5909 2471 5961 est,
2524 5898 2650 5964 {ovis
2699 5881 2868 5952 tlindit
2899 5912 2917 5950 :
2954 5895 3136 5949 animm
3187 5903 3350 5948 autem
3401 5886 3559 5961 egenti
3608 5882 3740 5936 etiam
