4086 6428
393 349 497 411 (£5

393 466 601 543 ραφεὶμ
630 465 759 520 ἰδεῖν
787 467 1146 536 καταξιωθεὶς
1183 468 1261 523 ἔτι
1286 468 1363 523 ὢν
1390 471 1447 523 ἐν
1474 471 1658 543 σαρκὶ,
1691 471 1720 523 ὁ
1742 469 1837 524 τοῦ
1871 488 1972 541 μυ-

391 550 579 609 στικοῦ
635 552 833 623 μέλους
881 553 1088 607 ἐκείνου
1119 565 1169 618 ι,
1212 547 1366 617 οὗτος
1407 556 1487 618 είς
1523 554 1624 626 τήν
1654 553 1812 608 πόλιν
1862 554 1973 607 τῶν

400 636 671 691 Ἰουδαίων
699 636 800 707 τὴν
845 635 1178 708 μητρόπολιν
1210 635 1467 690 εἰσελθὼν
1499 638 1600 708 τὴν
1626 636 1974 708 πολυάνθρω-

390 737 516 778 πον.
550 720 619 773 τὰ
660 720 1010 790 Ἰεροσόλυμα
1060 718 1224 787 λέγω,
1263 721 1322 772 ἐν
1356 721 1554 790 μέσαις
1600 722 1719 784 ταῖς
1746 721 1973 791 ἀγοραῖς

389 802 586 866 ἑστὼς,
614 801 709 855 τοῦ
743 801 916 873 δήμου
951 802 1152 866 παντὸς
1181 802 1342 855 αὑτὸν
1370 803 1754 875 περιεστῶτος,
1784 802 1971 874 βουλό-

391 904 554 957 μενος
600 885 792 949 δεῖξαι,
829 887 911 939 ὅτι
940 887 968 939 ό
1007 885 1081 957 μὴ
1110 886 1323 939 ἀκούων
1347 885 1456 940 τῶν
1488 886 1663 955 λόγων
1702 886 1810 940 τῶν
1840 903 1975 957 προ-

388 968 655 1039 φητικῶν,
684 969 783 1021 οὑκ
809 968 955 1021 ἐστιν
988 968 1293 1040 ἄνθρωπος,
1325 969 1455 1023 ἐϐόα
1491 970 1663 1040 λέγων
1689 989 1702 1002 ·
1726 966 1971 1034 Ἦλθεν,

387 1052 488 1105 καὶ
529 1053 642 1105 οὐκ
672 1047 750 1122 ἦν
781 1050 1119 1120 ἄνθρωπος·
1150 1051 1439 1118 ἐκάλεσα,
1472 1053 1569 1107 καὶ
1610 1055 1723 1108 οὐκ
1756 1050 1835 1124 ἦν
1862 1054 1977 1107 ὐπ-

390 1136 820 1203 ακουσόμενος.
849 1136 956 1188 Καὶ
983 1134 1064 1189 ὅτι
1096 1135 1159 1189 οὑ
1185 1134 1272 1189 διά
1306 1136 1404 1207 τὴν
1430 1136 1667 1208 ἐρημίαν
1692 1136 1800 1190 τῶν
1829 1140 1973 1207 παρ·

394 1217 729 1281 όντων,ἀλλά
755 1217 844 1270 διὰ
865 1217 963 1289 τὴν
992 1217 1265 1290 ρᾳθυμίαν
1283 1219 1394 1273 τῶν
1414 1220 1781 1292 ἀκροωμένων
1814 1219 1973 1273 τοῦτο

389 1296 572 1366 εἶπεν,
597 1300 797 1363 εἰπὼν,
822 1296 1072 1362 ⁷Ηλθον,
1101 1301 1200 1354 καὶ
1244 1304 1357 1357 οὐκ
1388 1299 1468 1373 ἦν
1509 1301 1841 1371 ἄνθρωπος,
1874 1303 1973 1355 ἐπ-

384 1386 586 1456 ήγαγε,
621 1384 717 1438 καὶ
744 1386 855 1438 οὐκ
894 1380 974 1454 ἦν
1006 1388 1039 1439 ό
1074 1386 1593 1455 ὑπακουσόμενος.
1629 1387 1792 1439 Ὥστε
1833 1403 1974 1458 παρ-

383 1469 525 1539 ῆσαν
544 1469 660 1538 μὲν,
677 1469 776 1522 οὑκ
804 1467 1116 1538 ἐνομίζοντο
1134 1468 1192 1521 δὲ
1214 1471 1486 1540 παρεῖναι,
1508 1469 1695 1538 ἐπειδὴ
1724 1468 1819 1523 τοῦ
1842 1486 1973 1541 προσ

383 1553 557 1622 φήτου
604 1552 706 1605 οὑκ
743 1551 941 1622 ἢκουον
962 1567 976 1581 ’
1005 1550 1096 1604 διά
1145 1550 1302 1605 τοῦτο
1339 1551 1528 1623 ἐπειδὴ
1559 1548 1714 1624 ἦλθε,
1748 1553 1843 1606 καὶ
1872 1552 1972 1606 οὑκ

380 1638 452 1713 ἦν
487 1641 793 1714 ἄνθρωπος,
825 1641 1184 1705 ἐκάλεσε,καὶ
1217 1642 1318 1696 οὑκ
1342 1638 1412 1713 ἦν
1441 1644 1471 1697 ὁ
1500 1644 1967 1715 ὑπακουσόμενος,

382 1733 524 1805 πρὸς
535 1734 601 1786 τά
617 1734 853 1804 στοιχεῖα
870 1733 1061 1803 τρέπει
1084 1732 1175 1787 τὸν
1202 1732 1380 1802 λόγον,
1401 1735 1494 1788 καί
1512 1751 1696 1805 :pncw,
1714 1735 1953 1794 Ἀκουε,

380 1827 623 1896 οίφανὲ,
651 1826 751 1881 καὶ
776 1824 1185 1896 ἐνωτιζουηοῆ.
1212 1824 1355 1895 Ἐγὼ
1381 1826 1479 1898 μὲν
1517 1826 1645 1897 γάρ,
1663 1826 1817 1897 φησὶ,
1832 1824 1967 1897 πρὸς

380 1918 702 1992 ἀνθρώπους
725 1916 1058 1989 ἀπεστάλην,
1081 1916 1220 1988 πρὸς
1234 1916 1555 1989 ἀνθρώπους
1574 1916 1699 1970 νοῦν
1720 1916 1963 1988 ἔχοντας·

380 2010 601 2066 ἐπειδὰν
627 2010 684 2063 δέ
708 2008 831 2063 οὔτε
851 2008 1030 2077 λόγον,
1050 2007 1174 2062 οὔτε
1207 2006 1463 2080 αἴσθησιν
1494 2008 1710 2079 ἔχοντες
1731 2002 1853 2074 ὦσι,
1879 2006 1967 2060 διὰ

376 2102 539 2157 τοῦτο
568 2104 680 2167 τοῖς
719 2102 819 2155 οὑκ
848 2100 1063 2172 ἔχουσιν
1095 2099 1215 2173 [99]
1249 2100 1505 2171 αἴσθησιν
1537 2100 1823 2172 στοιχείοις
1850 2101 1967 2155 δια-

377 2191 633 2261 λέγομαι,
663 2192 744 2256 είς
780 2192 1116 2263 κατηγορίαν
1156 2190 1266 2245 τῶν
1296 2191 1550 2265 αἰσθήσει
1585 2194 1968 2265 τετιμημένων

379 2284 502 2353 μὲν,
532 2283 591 2336 οὑ
625 2283 921 2355 χρωμένων
944 2282 1001 2336 δὲ
1029 2285 1095 2354 τῇ
1119 2285 1273 2355 τιμῇ.
1308 2282 1466 2337 Οὑτω
1494 2284 1588 2339 καὶ
1618 2285 1805 2357 ἕτερος
1837 2302 1967 2359 προ-

377 2377 560 2448 φήτης
611 2376 777 2446 φησὶν
818 2377 847 2429 ὁ
886 2375 1176 2447 Ἱερεμίας.
1219 2376 1331 2428 Καὶ
1372 2375 1481 2447 γὰρ
1527 2375 1625 2430 καὶ
1672 2376 1881 2442 ἐκεῖνος
1907 2378 1966 2431 ἐν

379 2470 536 2539 μέσῳ
566 2468 758 2540 πλήθει
778 2467 888 2521 τῶν
925 2468 1195 2522 Ἰουδαίων
1225 2468 1419 2533 ἑστὼς,
1441 2469 1499 2524 ἐν
1524 2469 1662 2540 αὐτῇ
1693 2472 1759 2540 τῇ
1788 2468 1963 2534 πόλει,

374 2562 567 2632 ὥσπερ
596 2560 805 2625 οὐδενὸς
852 2561 1150 2633 παρόντος,
1201 2560 1378 2626 οὕτως
1420 2561 1580 2615 ἐϐόα·
1618 2560 1778 2630 Πρὸς
1829 2563 1967 2616 τίνα

374 2644 633 2711 λαλήσω
670 2644 767 2698 καὶ
791 2642 1339 2715 διαμαρτυροῦμαι;
1376 2644 1441 2697 Τί
1465 2644 1646 2715 λέγεις
1671 2662 1686 2712 ;
1712 2644 1965 2699 τοσοῦτον

378 2736 583 2807 πλῆθος
601 2734 1010 2809 όρῶν,ἐρωτᾷς,
1038 2737 1175 2807 πρὸς
1204 2736 1323 2791 τίνα
1346 2736 1601 2809 λαλήσεις
1625 2755 1639 2801 ;
1659 2737 1787 2802 Ναὶ,
1804 2737 1960 2809 φησί·

376 2830 441 2883 τὸ
472 2828 671 2901 πλῆθος
703 2829 814 2902 γὰρ
850 2829 959 2882 τῶν
1010 2830 1280 2901 σωμάτων
1308 2832 1457 2884 ἐστὶν
1481 2871 1496 2895 ,
1526 2830 1640 2884 ἀλλ’
1663 2831 1724 2884 οὑ
1756 2830 1965 2901 πλῆθος

375 2920 678 2993 ἀνθρώπων
695 2941 708 2952 ·
728 2921 1000 2993 σωμάτων
1028 2922 1147 2975 ἐστὶ
1167 2921 1372 2992 πλῆθος
1396 2922 1497 2976 οὑκ
1520 2923 1752 2993 ἐχόντων
1771 2924 1960 2993 ἀκοήν.

374 3014 476 3068 Διά
505 3030 586 3067 τοι
639 3014 796 3069 τοῦτο
828 3015 923 3068 καλ⁵
966 3016 1247 3086 ἐπήγαγεν
1271 3032 1286 3047 °
1321 2998 1705 3086 Ἅπερίτμηέα
1735 3018 1808 3071 τὰ
1843 3012 1966 3070 ὦτα

372 3104 596 3170 αὐτῶν,
628 3105 726 3160 καὶ
765 3108 837 3161 οὑ
867 3098 1155 3161 δύνανται
1192 3107 1457 3164 ἀκούειν.
1494 3107 1657 3180 Ὁρᾷς
1695 3110 1776 3162 ὄτι
1825 3108 1963 3162 πάν-

372 3220 467 3266 τες
481 3197 623 3257 οὗτοι
638 3202 726 3257 διά
752 3204 813 3257 τὸ
840 3203 915 3275 μὴ
932 3202 1149 3258 ἀκούειν
1174 3205 1274 3259 οὑκ
1297 3206 1433 3259 είσὶν
1456 3203 1733 3276 ἄνθρωποι
1753 3222 1767 3271 ;
1789 3204 1963 3260 Ἐκεῖ-

373 3297 466 3360 νός
495 3293 945 3367 φησιν,Ἥλθον,
987 3298 1087 3352 καὶ
1114 3300 1228 3353 οὐκ
1269 3294 1349 3367 ἦν
1379 3297 1690 3368 ἅνθρωπος
1709 3339 1723 3362 ,
1751 3298 1964 3354 ἐκάλε-

371 3406 481 3454 σα,
495 3391 591 3444 καὶ
606 3392 719 3444 οὐκ
738 3386 818 3461 ἦν
839 3393 871 3444 ό
890 3392 1392 3460 ὑπακουσόμενος
1417 3408 1431 3423 ’
1458 3386 1613 3455 οὗτός
1632 3408 1786 3463 φησι,
1808 3390 1963 3459 Πρὸς

370 3482 512 3535 τίνα
539 3480 794 3550 λαλήσω
815 3481 913 3534 καὶ
948 3479 1454 3551 διαμαρτυροῦμαι
1469 3483 1867 3553 ;ἀπερίτμητα
1891 3483 1964 3535 τὰ

369 3569 496 3630 ὦτα
519 3574 737 3641 αὐτῶν,
771 3575 868 3629 καί
897 3576 969 3629 οὐ
1015 3573 1304 3629 δύνανται
1352 3575 1618 3629 ἀκούειν.
1663 3576 1721 3628 El
1751 3574 1807 3628 δὲ
1836 3576 1963 3637 τοὺς

374 3668 669 3740 παρόντας,
706 3666 894 3738 ἐπειδὴ
942 3665 1017 3738 μή
1070 3668 1358 3737 προσεῖχον
1405 3666 1542 3738 μετὰ
1579 3665 1817 3735 σπουδῆς
1847 3668 1960 3729 τοῖς

372 3756 708 3827 λεγομένοις,
735 3754 855 3807 οὑδέ
885 3753 1210 3827 ἀνθρώπους
1236 3750 1376 3809 εἶναί
1404 3772 1566 3825 φασιν
1595 3755 1645 3808 οἱ
1662 3754 1958 3825 προφῆται,

372 3850 427 3902 τί
453 3849 519 3903 ἂν
542 3848 791 3918 εἴποιμεν
824 3849 986 3919 ἡμεῖς
1016 3848 1146 3918 περὶ
1183 3846 1291 3901 τῶν
1332 3848 1392 3900 οὑ
1422 3848 1582 3918 μόνον
1621 3847 1722 3901 οὐκ
1750 3847 1959 3900 ἀκουο-

376 3940 586 4012 μένων,
633 3939 747 3992 ἀλλ’
791 3939 912 3992 οὑδὲ
952 3938 1209 4011 ἐπιϐῆναι
1244 3937 1355 3993 τῶν
1398 3937 1559 4010 ίερῶν
1587 3938 1793 3992 τούτων
1827 3955 1959 4008 προ·

373 4032 555 4103 θύριον
600 4029 966 4101 ἀνεχομένων,
999 4032 1130 4101 περὶ¹
1164 4030 1272 4084 τῶν
1314 4029 1420 4098 ἐξω
1441 4030 1541 4102 τῆς
1579 4031 1731 4103 ίερᾶς
1753 4030 1959 4103 ταύτης

374 4123 577 4193 ἀγέλης
624 4121 1013 4193 πλανωμένων,
1043 4122 1325 4195 πόρρωθεν
1355 4122 1524 4176 ὄντων
1553 4122 1654 4192 τῆς
1686 4123 1958 4195 μητρικῆς

372 4214 576 4285 ταύτης
602 4213 809 4280 οἰκίας,
839 4212 897 4266 ἐν
936 4212 1197 4283 ἀμφόδοις
1234 4213 1330 4266 καὶ
1361 4215 1678 4277 στενωποῖς,
1708 4211 1958 4283 καθάπερ

374 4306 444 4361 τὰ
480 4307 690 4360 ἄτακτα
720 4306 813 4358 καὶ
846 4296 1062 4376 ῥᾴθυμα
1090 4303 1198 4358 τῶν
1230 4304 1491 4371 παιδίων;
1522 4305 1616 4359 καὶ
1645 4305 1754 4377 γὰρ
1775 4307 1959 4360 ἐκεῖνα

372 4399 467 4454 τὸν
510 4396 762 4471 πατρῷον
810 4391 957 4451 οἷκον
1009 4398 1249 4467 ἀφέντα,
1279 4397 1384 4462 ἔξω
1426 4415 1528 4451 που
1576 4397 1863 4465 πλανᾶται,
1899 4400 1957 4453 ἐν

371 4490 652 4562 ἀθύρμασι
684 4490 1078 4561 διημερεύοντα
1109 4490 1378 4554 παιδικοῖς
1399 4506 1410 4518 ·
1434 4491 1521 4545 διά
1555 4508 1635 4544 τοι
1679 4490 1835 4545 τοῦτο
1866 4491 1958 4544 καὶ

370 4584 469 4653 τῆς
487 4580 797 4650 ἐλευθερίας
844 4582 938 4634 καλ⁸
983 4581 1080 4652 τῆς
1125 4580 1272 4649 ζωῆς
1326 4580 1585 4644 πολλάκις
1627 4581 1852 4646 ἐξέπεσε
1888 4580 1957 4635 τὰ

368 4673 595 4729 τοιαῦτα
618 4674 824 4728 παιδία.
845 4674 1316 4744 Περιτυγχάνοντα
1338 4674 1409 4741 γά
1416 4692 1447 4746 ρ
1464 4673 1902 4745 ἀνδραποδιστῶν
1919 4673 1952 4744 ἢ

369 4765 693 4819 λωποδυτῶν
718 4764 894 4835 χερσὶ,
913 4764 1142 4818 θάνατον
1166 4764 1424 4827 πολλάκις
1448 4762 1547 4834 τὴν
1571 4762 1840 4833 τιμωρίαν
1850 4762 1955 4833 ’τῆς

372 4853 644 4927 ῥᾳθυμίας
677 4854 903 4908 ἔδωκαν.
922 4854 1304 4925 Λαμὸάνοντες
1331 4854 1439 4926 γὰρ
1464 4854 1662 4907 ἐκεῖνοι
1686 4854 1844 4920 αὑτὰ,
1861 4854 1955 4907 καὶ

367 4945 461 5001 τὸν
492 4945 726 5017 χρυσοῦν
752 4945 1074 5016 ἀφελόμενοι
1099 4944 1323 5017 κόσμον,
1357 4945 1390 5017 ἢ
1429 4944 1663 5017 ῥεύμασι
1695 4944 1955 5015 ποταμῶν

366 5036 830 5107 ἀποπνίγουσιν,ἧ
852 5039 979 5090 ὅταν
999 5035 1511 5108 φιλανθρωπότερόν
1542 5054 1594 5089 τι
1626 5036 1753 5108 περὶ
1773 5035 1954 5090 αὐτῶν

369 5128 798 5200 βουλεύσωνται,
827 5132 905 5190 εἰς
937 5129 1037 5199 τὴν
1091 5128 1376 5201 ἀλλοτρίαν
1412 5130 1793 5199 ἀπαγαγόντες
1824 5130 1949 5201 γῆν,

361 5219 463 5289 τὴν
496 5218 804 5290 ἐλευθερίαν
843 5218 1022 5274 αὑτῶν
1067 5220 1424 5276 ἀποδίδονται.
1456 5221 1627 5274 Τοῦτο
1676 5222 1772 5276 καὶ
1805 5213 1951 5274 οὗτοι

364 5310 688 5380 πάσχουσιν.
724 5310 974 5364 Ἐπειδὰν
1006 5312 1113 5382 γάρ
1154 5311 1247 5365 τοῦ
1282 5309 1533 5383 πατρῴου
1561 5313 1707 5365 οῖκου
1736 5312 1952 5384 καὶτῆς

361 5401 595 5454 ἐνταῦθα
644 5400 925 5473 διατριϐῆς
988 5401 1448 5473 ἁποπλανηθῶσι,
1494 5403 1949 5474 περιτυγχάνουσι

360 5491 627 5562 στόμασιν
652 5491 965 5562 αἱρετικῶν,
994 5492 1087 5545 καὶ
1107 5494 1228 5556 ταῖς
1248 5491 1520 5561 γλώσσαις
1550 5491 1657 5547 τῶν
1685 5494 1783 5564 τῆς
1811 5493 1949 5564 ἀλη-

361 5583 511 5647 θείας
537 5583 747 5655 ἐχθρῶν
765 5601 778 5614 ⁸
807 5578 946 5649 εἶτα,
968 5582 1218 5655 καθάπερ
1247 5583 1667 5654 ἀνδραποδισταὶ
1691 5585 1947 5651 λαϐόντες

425 5784 450 5813 ⁸
472 5783 568 5834 Ιίξυ
584 5785 763 5836 deesse
795 5787 985 5837 videtur
1008 5786 1263 5850 ἀκροατής.

885 363 953 417 IN
990 363 1217 431 ILLLD,
1259 365 1537 423 SAL'LUS
1576 366 1819 425 ADHUC
1854 363 2178 420 SPIRANS.
2221 368 2308 424 DE
2348 370 2758 434 MUTATIONE
2785 378 3129 444 NUMINUM.
3154 383 3195 445 ῐ.

2079 475 2275 540 αὐτοὺς
2302 479 2521 547 ἐκεῖνοι,
2546 483 2641 536 καὶ
2684 484 2774 538 τὸν
2801 488 3034 559 χρυσοῦν
3066 495 3164 560 τῆς
3203 491 3437 559 πίστεως
3465 495 3662 563 ἀφελό-

2078 583 2226 637 μενοι
2274 569 2481 641 κόσμον
2501 612 2516 637 ,
2549 574 2942 645 ἀποπνίγουσιν
2979 580 3203 647 εὐθέως,
3236 586 3336 639 οὑκ
3381 587 3462 651 είς
3494 605 3663 646 ποτα-

2078 664 2213 730 μοὺς
2238 663 2618 735 ἐμϐάλλοντες,
2660 669 2776 722 ἀλλ’
2808 673 2888 735 είς
2912 673 2978 727 τά
3025 676 3220 747 θολερά
3268 679 3367 750 τῆς
3394 680 3661 748 δυσωδίας

2075 751 2256 806 αὐτῶν
2283 756 2769 825 καταποντίζοντες
2790 760 3053 834 δόγματα.

2146 864 2212 935 β’.
2246 866 2542 940 ’Υμέτερον
2568 869 2634 924 ἂν
2658 870 2744 942 εἴη
2772 871 2873 942 τῆς
2894 872 3001 926 τῶν
3030 874 3272 943 ἀδελφῶν
3293 877 3499 932 τούτων
3522 898 3659 951 προ-

2074 955 2262 1026 νοῆσαι
2287 958 2579 1031 σωτηρίας,
2596 961 2689 1014 καὶ
2713 962 3083 1032 ἐπαναγαγεῖν
3104 966 3303 1029 αὐτοὺς
3328 968 3464 1038 πρὸς
3487 971 3654 1040 ἡμᾶς,

2073 1047 2178 1101 κᾶν
2227 1048 2563 1116 ἀνθέλκωσι,
2599 1051 2704 1104 κᾶν
2761 1053 3120 1121 ἀντιτείνωσι,
3153 1058 3257 1112 κᾶν
3310 1062 3654 1128 κατασοῶσι,

2074 1140 2176 1196 κᾶν
2210 1143 2527 1215 ὀδύρωνται.
2555 1147 2819 1220 Παιδικῆς
2844 1151 2878 1220 ἡ
2917 1149 3218 1219 φιλονεικία
3248 1154 3386 1227 αὕτη
3433 1158 3525 1211 καὶ
3559 1161 3660 1230 ρᾳ-

2074 1234 2243 1306 θυμία
2289 1236 2527 1301 διανοίας
2576 1239 2743 1294 ἐστίν.
2802 1241 2943 1294 Ἀλλ’
2975 1242 3130 1313 ὑμεῖς
3172 1244 3500 1317 διορθώσατε
3557 1250 3656 1321 τὴν

2074 1329 2424 1402 ἀτελέστερον
2457 1331 2537 1384 ἔτι
2560 1332 2909 1405 διακειμένην
2941 1334 3121 1388 αὑτῶν
3150 1335 3330 1409 ψυχήν
3349 1356 3363 1370 ο
3395 1339 3657 1412 ὑμέτερόν

2073 1422 2189 1476 ἐστι
2219 1427 2404 1477 πεῖσαι
2430 1424 2685 1493 γενέσθαι
2711 1425 3030 1500 ἀνθρώπους
3050 1429 3268 1493 αὑτούς.
3300 1431 3512 1503 Ὠσπερ
3544 1432 3655 1505 γὰρ

2071 1515 2162 1569 τὸν
2192 1515 2541 1588 ἀνθρωπίνην
2600 1518 3077 1590 ἀποστρεφόμενον
3119 1523 3347 1592 τροφὴν,
3410 1525 3655 1589 ἀκάνθας

2070 1607 2129 1660 δὲ
2179 1607 2273 1661 καί
2303 1607 2532 1678 βοτάνας
2577 1610 2716 1681 μετά
2760 1610 2868 1664 τῶν
2915 1610 3249 1683 θρεμμάτων
3301 1613 3651 1686 βοσκόμενος),

2071 1700 2170 1754 οὑκ
2197 1699 2261 1753 ἂν
2300 1703 2550 1772 εἴποιμεν
2601 1702 2889 1774 ἄνθρωπον
2936 1700 3116 1759 εἶναι’
3146 1705 3289 1760 οὕτω
3334 1707 3397 1781 δὴ
3437 1709 3527 1762 τὸν
3556 1708 3656 1781 τὴν

2070 1793 2246 1865 ἀληθῆ
2294 1797 2390 1848 καὶ
2438 1796 2820 1867 προσήκουσαν
2858 1795 3173 1870 ἀνθρωπίνῃ
3215 1798 3360 1871 ψυχῇ
3395 1800 3657 1870 μισοῦντα

2068 1884 2294 1956 τροφὴν,
2321 1885 2420 1957 τὴν
2449 1886 2557 1939 ἀπὸ
2594 1884 2706 1939 τῶν
2739 1886 2898 1940 θείων
2942 1885 3159 1956 λογίων,
3180 1889 3237 1941 ἐν
3281 1890 3339 1943 δέ
3384 1890 3657 1961 βιωτικοῖς

2070 1977 2349 2047 συλλόγοις
2401 1978 2496 2033 καὶ
2554 1978 2850 2051 συνεδρίοις
2886 1980 2974 2034 ἀεὶ
3021 1981 3375 2054 αίσχρότητος
3426 1984 3656 2056 γέμουσι

2068 2072 2398 2144 καθήμενον,
2438 2072 2535 2126 καὶ
2569 2072 2865 2144 παράνομα
2901 2072 3232 2145 βοσκόμενον
3282 2077 3524 2148 ῥήματα,
3556 2080 3656 2133 οὑκ

2068 2163 2137 2218 ἂν
2180 2164 2429 2235 εἴποιμεν
2472 2163 2759 2235 ἄνθρωπον
2790 2158 2952 2218 εἶναι.
3006 2164 3329 2236 ’Ἄνθρωπος
3373 2167 3481 2240 γὰρ
3532 2169 3657 2222 καθ’

2069 2258 2235 2328 ἡμᾶς,
2269 2258 2369 2311 οὑκ
2406 2258 2460 2312 εῐ
2504 2275 2588 2321 τις
2622 2256 2785 2329 ἄρτον
2827 2257 3084 2328 τρέφοιτο
3121 2261 3303 2331 μόνον,
3332 2262 3450 2316 ἀλλ’
3489 2263 3543 2317 ετ
3570 2281 3656 2327 τις

2069 2348 2220 2421 [100]
2254 2351 2359 2419 πρὸ
2380 2352 2478 2421 τῆς
2509 2350 2717 2420 τροφῆς
2745 2350 2960 2421 ἐκείνης
2999 2351 3156 2404 θείων
3198 2352 3394 2421 λογίων
3435 2355 3652 2425 μετέχοι
3678 2402 3689 2411 .

2067 2444 2161 2497 καὶ
2191 2445 2599 2515 πνευματικῶν.
2624 2445 2734 2498 Καὶ
2773 2445 2855 2498 ὅτι
2894 2447 3052 2501 τοῦτο
3083 2447 3388 2519 ἄνθρωπος,
3422 2448 3655 2502 ἄκουσον

2065 2530 2161 2586 τοῦ
2202 2531 2438 2602 Χριστοῦ
2462 2533 2712 2601 λέγοντος
2731 2552 2744 2566 ·
2777 2539 2900 2591 Οὐκ
2928 2536 3020 2590 ἐπ’
3052 2534 3207 2603 ἄρτῳ
3223 2536 3391 2604 μόνῳ
3415 2535 3657 2605 ζήσεται

2066 2618 2411 2687 ἅνθρωπος.
2443 2620 2580 2675 ἀλλ’
2609 2623 2680 2676 ἐν
2719 2624 2899 2678 παντὶ
2935 2623 3156 2693 ῥήματι
3201 2623 3656 2693 ἐκπορευομένῳ

2067 2705 2168 2760 διὰ
2201 2709 2501 2777 στόματος
2531 2708 2698 2765 Θεοῦ.
2726 2711 2888 2764 Ὥστε
2935 2711 3095 2782 διπλῆ
3123 2711 3219 2782 τῆς
3246 2709 3390 2781 ζωῆς
3428 2710 3586 2781 ήμῶν
3619 2712 3650 2781 ή

2065 2795 2329 2867 τροφὴ,ή
2363 2796 2462 2867 μὲν
2496 2796 2756 2863 ἐλάττων,
2785 2801 2819 2870 ἡ
2851 2799 2908 2852 δέ
2960 2798 3183 2870 βελτίων
3203 2817 3214 2828 ·
3244 2799 3338 2851 καὶ
3367 2798 3449 2851 δεῖ
3492 2798 3654 2870 μάλι-

2069 2899 2169 2936 στα
2197 2882 2398 2955 ταύτης
2441 2886 2860 2954 ἀντιποιεῖσθαι,
2890 2886 3032 2940 ὥστε
3071 2887 3165 2940 καὶ
3196 2887 3295 2957 τὴν
3324 2886 3501 2958 ψυχὴν
3534 2887 3655 2941 δια-

2065 2972 2306 3042 τρέφειν,
2350 2975 2444 3028 καὶ
2490 2975 2564 3046 μὴ
2616 2979 2880 3050 περιορᾷν
2912 2978 3079 3049 αὐτὴν
3129 2976 3273 3048 λιμῷ
3319 2977 3650 3047 τηκομένην.

2078 3062 2374 3133 Ὑμέτερον
2401 3059 2493 3116 οὖν
2516 3064 2582 3118 ἂν
2610 3064 2695 3136 εἴη
2735 3066 2961 3135 ποιῆσαι
2980 3066 3079 3136 τὴν
3101 3065 3256 3118 πόλιν
3287 3067 3417 3135 ἡμῖν
3446 3067 3653 3137 μεστὴν

2066 3150 2385 3223 ἀνθρώπων.
2441 3153 2658 3225 Ἐπειδὴ
2706 3149 2798 3208 οὖν
2836 3154 3041 3226 ἔρημός
3084 3157 3232 3209 ἐστιν
3279 3153 3583 3226 ἀνθρώπων
3618 3158 3652 3227 ὴ

2068 3238 2280 3311 μεγάλη
2311 3239 2452 3311 αὕτη
2492 3241 2586 3294 καὶ
2616 3241 3061 3313 πολυάνθρωπος,
3090 3243 3294 3297 δίκαιοι
3311 3243 3356 3296 δ’
3390 3242 3458 3297 ἂν
3502 3243 3651 3315 εἴητε

2061 3325 2251 3382 τοῦτον
2290 3329 2356 3399 τῇ
2402 3327 2622 3398 πατρίδι
2652 3329 2743 3383 τὸν
2775 3328 2967 3400 ἔρανον
3016 3331 3368 3398 εἰσενεγκεῖν,
3395 3330 3488 3382 καὶ
3525 3331 3653 3394 τοὺς

2062 3415 2324 3486 ἀδελφοὺς
2348 3416 2757 3470 ἐπισπάσασθαι
2779 3416 2885 3483 δεῖ,
2907 3419 2973 3471 ἂν
2990 3416 3059 3471 τὰ
3080 3417 3327 3471 ἐντεῦθεν
3347 3417 3485 3488 πρὸς
3516 3418 3654 3471 ἐκεί-

2062 3521 2185 3567 νους
2214 3504 2586 3576 διακομίσητε.
2632 3505 2742 3558 Καὶ
2773 3504 2881 3576 γὰρ
2930 3504 3207 3577 τραπέζης
3239 3505 3359 3559 τότε
3394 3504 3652 3577 πείθομεν

2062 3590 2373 3652 ἀπολαύειν,
2406 3592 2503 3663 οὑχ
2535 3593 2663 3645 ὅταν
2695 3592 3005 3665 ἐπαινῶμεν
3032 3595 3132 3664 τὴν
3154 3594 3431 3666 τράπεζαν
3467 3595 3648 3665 μόνον,

2061 3678 2198 3733 ἀλλὰ
2217 3680 2307 3733 καὶ
2323 3680 2450 3733 ὅταν
2466 3680 2575 3733 τῶν
2590 3680 2647 3746 ἐξ
2667 3680 2837 3751 αὐτῆς
2860 3680 3169 3752 ἐδεσμάτων
3187 3684 3298 3746 τοῖς
3317 3681 3651 3751 ἀπολειφθεῖ-

2061 3784 2147 3821 σιν
2180 3765 2391 3839 ἔχωμέν
2427 3785 2480 3820 τι
2520 3770 2840 3839 παρασχεῖν.
2872 3769 3042 3823 Τοῦτο
3074 3771 3168 3822 καὶ
3194 3771 3354 3841 ὑμεῖς
3388 3771 3648 3837 ποιήσατε

2059 3853 2175 3921 νῦν,
2203 3856 2298 3909 καὶ
2325 3855 2470 3908 δυοῖν
2511 3855 2737 3926 θάτερον
2759 3854 2912 3908 ἔσται
2939 3856 3159 3917 πάντως
3182 3895 3195 3918 ,
3223 3857 3255 3925 ἥ
3291 3856 3514 3909 πείσατε
3554 3856 3651 3908 αὑ-

2058 3944 2185 4007 τοὺς
2215 3943 2350 4014 πρὸς
2371 3943 2517 4013 ἡμᾶς
2546 3942 2892 4006 ἐπανελθεῖν,
2925 3942 2956 4013 ἢ
2997 3942 3247 4014 μένοντες
3284 3945 3375 3996 ἐπὶ
3418 3944 3517 4015 τῆς
3552 3944 3648 3996 αὑ-

2057 4033 2157 4103 τῆς
2179 4030 2533 4101 φιλονεικίας,
2550 4030 2637 4085 διὰ
2668 4030 2766 4101 τῆς
2797 4032 3069 4102 ὑμετέρας
3092 4032 3460 4103 τραφήσονται
3483 4028 3648 4101 γλώτ-

2057 4136 2176 4190 της,
2198 4118 2396 4190 μᾶλλον
2417 4118 2472 4172 δέ
2501 4119 2826 4190 ἐπανήξουσι
2848 4119 3083 4182 πάντως.
3100 4119 3173 4171 Οὑ
3202 4118 3309 4190 γάρ
3332 4119 3647 4191 αἱρήσονται

2057 4209 2115 4261 ἐν
2162 4207 2384 4279 χάριτος
2429 4206 2727 4279 τρέφεσθαι
2774 4206 2965 4278 μέρει,
3004 4206 3177 4278 παρὸν
3232 4205 3347 4277 μετ’
3396 4206 3646 4272 ἐξουσίας

2056 4295 2157 4366 τῆς
2201 4296 2473 4367 πατρικῆς
2506 4294 2708 4366 ταύτης
2736 4294 3029 4349 ἀπολαύειν
3058 4293 3357 4365 τραπέζης.
3404 4293 3539 4346 Ἀλλ’
3564 4294 3643 4348 ὅτι

2061 4384 2161 4454 μὲν
2193 4383 2351 4436 τοῦτο
2396 4381 2678 4454 ποιεῖτε,ἢ
2718 4383 3071 4455 πεποιήκατε,
3098 4379 3129 4451 ἦ
3174 4381 3429 4451 ποιήσετε
3458 4421 3472 4444 ,
3501 4380 3642 4434 πάνυ

2058 4470 2245 4543 θαρρῶ
2279 4472 2372 4525 καὶ
2404 4469 2674 4523 πιστεύω’
2705 4472 2800 4522 καὶ
2844 4468 2953 4539 γὰρ
2984 4467 3146 4531 αὑτὸς
3186 4467 3424 4539 συνεχῶς
3468 4468 3643 4523 ταῦτα

2057 4561 2337 4633 παραινῶν
2375 4560 2436 4614 οὐ
2470 4559 2737 4612 διέλιπον⁸
2765 4559 2859 4611 καὶ
2910 4558 3066 4628 ὑμεῖς
3109 4557 3166 4609 δὲ
3222 4558 3641 4629 πεπληρωμένοι

2056 4648 2180 4702 ἐστέ
2225 4650 2406 4718 πάσης
2440 4644 2716 4715 γνώσεως,
2759 4645 3042 4715 δυνάμενοι
3088 4644 3182 4697 καὶ
3226 4644 3416 4710 ἄλλους
3458 4646 3643 4700 νουθε-

2054 4740 2192 4791 τεῖν.
2234 4737 2377 4807 Ὥρα
2406 4736 2469 4806 δὴ
2504 4733 2688 4788 λοιπὸν
2721 4732 2819 4804 τὴν
2839 4732 3117 4804 ἡμετέραν
3153 4732 3282 4803 ὑμῖν
3314 4733 3640 4805 παραθεῖναι

2052 4823 2333 4896 τράπεζαν
2358 4824 2456 4893 τὴν
2478 4821 2672 4893 εὐτελῆ
2697 4820 2904 4892 ταύτην
2934 4821 3030 4874 καὶ
3064 4821 3307 4893 πτωχὴν,
3341 4812 3435 4875 καῖ
3452 4822 3641 4887 πενίας

2057 4912 2157 4983 μὲν
2183 4911 2381 4981 πολλῆς
2394 4910 2693 4981 γέμουσαν,
2723 4908 2952 4978 ἔχουσαν
2986 4907 3043 4960 δὲ
3060 4907 3188 4978 ὄψον
3218 4908 3464 4979 ἄριστον,
3485 4910 3641 4981 ὑμῶν

2052 5000 2161 5053 τῶν
2189 4998 2557 5070 ἀκροωμένων
2595 4996 2694 5069 τὴν
2720 4993 3352 5066 ἐπιθυμίαν.Τράπεζαν
3379 4993 3490 5067 γάρ
3527 4996 3644 5067 ήδί-

2055 5105 2186 5159 στην
2220 5089 2321 5142 οὐκ
2373 5085 2689 5157 ἐδεσμάτων
2722 5084 3041 5139 πολυτέλεια
3072 5086 3217 5137 ποιεῖ
3266 5084 3446 5155 μόνον,
3501 5084 3639 5139 ἀλλὰ

2054 5176 2146 5232 καὶ
2180 5178 2213 5247 ἠ
2260 5175 2368 5229 τῶν
2417 5172 2768 5245 κεκλημένων
2806 5171 3188 5243 ποιεῖ-ὄρεξις*
3229 5171 3372 5225 οὕτω
3409 5172 3639 5243 λαμπρὰ

2051 5263 2301 5337 τράπεζα
2330 5261 2553 5333 εὐτελὴς
2592 5263 2860 5332 φανεῖται,
2892 5261 3020 5315 ὅταν
3054 5261 3127 5332 μὴ
3158 5258 3298 5330 μετά
3323 5258 3415 5313 τοῦ
3449 5262 3637 5329 πεινῇν

2054 5350 2433 5423 προσϐάλωσιν
2461 5352 2510 5404 οἱ
2544 5349 2831 5421 παρόντες·
2866 5347 3009 5402 οὕτω
3036 5348 3130 5401 καὶ¹
3159 5349 3192 5419 ή
3228 5347 3452 5418 εὐτελὴς
3475 5347 3634 5401 πολυ.

2052 5440 2212 5511 τελὴς
2260 5439 2558 5503 δείκνυται,
2594 5438 2723 5491 ὅταν
2778 5437 3076 5497 πεινῶντας
3112 5434 3250 5506 λάϐῃ
3288 5435 3413 5497 τοὺς
3449 5434 3635 5488 δαιτυο

2054 5529 2241 5602 μόνας.
2276 5529 2455 5599 Ὅπερ
2480 5522 2574 5580 οὖν
2607 5526 2701 5580 καὶ
2741 5525 2928 5595 ἕτερός
2950 5541 3033 5587 τις
3072 5521 3317 5586 συνιδὼν,
3354 5523 3437 5576 ὅτι
3466 5524 3527 5576 οὑ
3566 5524 3632 5595 τῇ

2051 5619 2211 5690 φύσει
2231 5616 2339 5671 τῶν
2363 5614 2702 5686 ἐδεσμάτων,
2730 5612 2862 5666 ἀλλά
2885 5614 2950 5682 τῇ
2976 5609 3212 5663 διαθέσει
3232 5608 3345 5663 τῶν
3371 5611 3634 5681 ἑστιωμέ-

2054 5724 2154 5759 ιων
2181 5707 2214 5775 ή
2240 5703 2557 5757 πολυτέλεια
2583 5700 2825 5772 κρίνεται
2855 5698 2961 5751 τῶν
2988 5697 3298 5769 τραπεζῶν,
3335 5699 3478 5753 οὑτω
3514 5700 3632 5765 πῶς

2059 5809 2209 5856 φησι·
2242 5788 2413 5859 Ψυχὴ
2444 5789 2511 5843 ἐν
2545 5784 2871 5857 πλησμονῇ
2892 5782 3071 5850 οὖσα,
3099 5788 3328 5856 κηρίοις
3350 5788 3633 5859 ἐμπαίζει,
