  <div class='ocr_page' id='page_1' title='image "/cluster/home/n/w/nwhite01/storage/ocr_20150623/51:no.3:pt.1/coo.31924054869502/119.png"; bbox 0 0 4086 6490; ppageno 0'>
   <div class='ocr_carea' id='block_1_1' title="bbox 478 384 580 444">
    <p class='ocr_par' dir='ltr' id='par_1_1' title="bbox 478 384 580 444">
     <span class='ocr_line' id='line_1_1' title="bbox 478 384 580 444; baseline 0.039 -4"><span class='ocrx_word' id='word_1_1' title='bbox 478 384 580 444; x_wconf 76' lang='grc' dir='ltr'>ίΠ</span> 
     </span>
    </p>
   </div>
   <div class='ocr_carea' id='block_1_2' title="bbox 480 477 2059 573">
    <p class='ocr_par' dir='ltr' id='par_1_2' title="bbox 480 477 2059 573">
     <span class='ocr_line' id='line_1_2' title="bbox 480 477 2059 573; baseline -0.016 -14"><span class='ocrx_word' id='word_1_2' title='bbox 480 497 655 573; x_wconf 64' lang='grc' dir='ltr'>ψυχῇ</span> <span class='ocrx_word' id='word_1_3' title='bbox 679 497 747 552; x_wconf 83' lang='grc' dir='ltr'>δὲ</span> <span class='ocrx_word' id='word_1_4' title='bbox 775 495 972 551; x_wconf 80' lang='grc' dir='ltr'>ἐνδεεῖ</span> <span class='ocrx_word' id='word_1_5' title='bbox 993 495 1091 549; x_wconf 80' lang='grc' dir='ltr'>καί</span> <span class='ocrx_word' id='word_1_6' title='bbox 1122 496 1193 548; x_wconf 84' lang='grc' dir='ltr'>τὰ</span> <span class='ocrx_word' id='word_1_7' title='bbox 1220 489 1398 559; x_wconf 81' lang='grc' dir='ltr'>πικρὰ</span> <span class='ocrx_word' id='word_1_8' title='bbox 1419 483 1978 573; x_wconf 22' lang='grc' dir='ltr'>γλυκέαᾲφαίνεταιί</span> <span class='ocrx_word' id='word_1_9' title='bbox 1994 477 2059 573; x_wconf 55' lang='grc' dir='ltr'>ρξ</span> 
     </span>
    </p>
   </div>
   <div class='ocr_carea' id='block_1_3' title="bbox 482 556 2071 656">
    <p class='ocr_par' dir='ltr' id='par_1_3' title="bbox 482 556 2071 656">
     <span class='ocr_line' id='line_1_3' title="bbox 482 556 2071 656; baseline -0.014 -17"><span class='ocrx_word' id='word_1_10' title='bbox 482 556 827 656; x_wconf 39' lang='grc' dir='ltr'>τῆςβφύσεως</span> <span class='ocrx_word' id='word_1_11' title='bbox 850 579 956 634; x_wconf 88' lang='grc' dir='ltr'>τῶν</span> <span class='ocrx_word' id='word_1_12' title='bbox 990 556 1364 650; x_wconf 81' lang='grc' dir='ltr'>προκειμένων</span> <span class='ocrx_word' id='word_1_13' title='bbox 1404 556 1904 656; x_wconf 76' lang='grc' dir='ltr'>μεταϐαλλομένης,</span> <span class='ocrx_word' id='word_1_14' title='bbox 1926 556 2071 656; x_wconf 68' lang='grc' dir='ltr'>ἀλλᾷ</span> 
     </span>
    </p>
   </div>
   <div class='ocr_carea' id='block_1_4' title="bbox 482 646 2065 739">
    <p class='ocr_par' dir='ltr' id='par_1_4' title="bbox 482 646 2065 739">
     <span class='ocr_line' id='line_1_4' title="bbox 482 646 2065 739; baseline -0.015 -15"><span class='ocrx_word' id='word_1_15' title='bbox 604 646 896 727; x_wconf 80' lang='grc' dir='ltr'>διαθέσεως</span> <span class='ocrx_word' id='word_1_16' title='bbox 924 646 1048 715; x_wconf 72' lang='grc' dir='ltr'>τῶν</span> <span class='ocrx_word' id='word_1_17' title='bbox 1080 646 1425 739; x_wconf 80' lang='grc' dir='ltr'>ἑστιωμένων</span> <span class='ocrx_word' id='word_1_18' title='bbox 1464 652 1803 739; x_wconf 79' lang='grc' dir='ltr'>κλεπτούσης</span> <span class='ocrx_word' id='word_1_19' title='bbox 1837 646 2065 739; x_wconf 43' lang='grc' dir='ltr'>τῆν-αἴ-</span> 
     </span>
    </p>
   </div>
   <div class='ocr_carea' id='block_1_5' title="bbox 488 732 2066 822">
    <p class='ocr_par' dir='ltr' id='par_1_5' title="bbox 488 732 2066 822">
     <span class='ocr_line' id='line_1_5' title="bbox 488 732 2066 822; baseline -0.016 -16"><span class='ocrx_word' id='word_1_20' title='bbox 488 732 701 822; x_wconf 82' lang='grc' dir='ltr'>σθησιν.</span> <span class='ocrx_word' id='word_1_21' title='bbox 732 748 793 800; x_wconf 84' lang='grc' dir='ltr'>Εἰ</span> <span class='ocrx_word' id='word_1_22' title='bbox 814 746 870 799; x_wconf 83' lang='grc' dir='ltr'>δὲ</span> <span class='ocrx_word' id='word_1_23' title='bbox 903 744 972 797; x_wconf 84' lang='grc' dir='ltr'>τά</span> <span class='ocrx_word' id='word_1_24' title='bbox 999 742 1169 814; x_wconf 87' lang='grc' dir='ltr'>πικρά</span> <span class='ocrx_word' id='word_1_25' title='bbox 1195 738 1399 810; x_wconf 81' lang='grc' dir='ltr'>γλυκέα</span> <span class='ocrx_word' id='word_1_26' title='bbox 1429 737 1678 808; x_wconf 85' lang='grc' dir='ltr'>φαίνεται</span> <span class='ocrx_word' id='word_1_27' title='bbox 1701 733 1800 822; x_wconf 16' lang='grc' dir='ltr'>λδιά</span> <span class='ocrx_word' id='word_1_28' title='bbox 1819 734 1929 822; x_wconf 63' lang='grc' dir='ltr'>τῆν</span> <span class='ocrx_word' id='word_1_29' title='bbox 1946 732 2066 783; x_wconf 78' lang='grc' dir='ltr'>ἐπι-</span> 
     </span>
    </p>
   </div>
   <div class='ocr_carea' id='block_1_6' title="bbox 488 818 2066 904">
    <p class='ocr_par' dir='ltr' id='par_1_6' title="bbox 488 818 2066 904">
     <span class='ocr_line' id='line_1_6' title="bbox 488 818 2066 904; baseline -0.013 -16"><span class='ocrx_word' id='word_1_30' title='bbox 488 818 685 904; x_wconf 66' lang='grc' dir='ltr'>θυμίαν</span> <span class='ocrx_word' id='word_1_31' title='bbox 712 830 820 884; x_wconf 87' lang='grc' dir='ltr'>τῶν</span> <span class='ocrx_word' id='word_1_32' title='bbox 847 827 1218 898; x_wconf 80' lang='grc' dir='ltr'>κεκλημένων,</span> <span class='ocrx_word' id='word_1_33' title='bbox 1244 822 1423 895; x_wconf 86' lang='grc' dir='ltr'>πολλῷ</span> <span class='ocrx_word' id='word_1_34' title='bbox 1446 822 1644 895; x_wconf 81' lang='grc' dir='ltr'>μᾶλλον</span> <span class='ocrx_word' id='word_1_35' title='bbox 1657 820 1726 874; x_wconf 78' lang='grc' dir='ltr'>τά</span> <span class='ocrx_word' id='word_1_36' title='bbox 1745 818 1935 904; x_wconf 76' lang='grc' dir='ltr'>εὐτελῆ</span> <span class='ocrx_word' id='word_1_37' title='bbox 1973 832 2066 870; x_wconf 86' lang='grc' dir='ltr'>πο-</span> 
     </span>
    </p>
   </div>
   <div class='ocr_carea' id='block_1_7' title="bbox 486 898 2068 986">
    <p class='ocr_par' dir='ltr' id='par_1_7' title="bbox 486 898 2068 986">
     <span class='ocr_line' id='line_1_7' title="bbox 486 898 2068 986; baseline -0.012 -16"><span class='ocrx_word' id='word_1_38' title='bbox 486 898 680 986; x_wconf 82' lang='grc' dir='ltr'>λυτελῆ</span> <span class='ocrx_word' id='word_1_39' title='bbox 712 913 985 984; x_wconf 87' lang='grc' dir='ltr'>φαίνεται,</span> <span class='ocrx_word' id='word_1_40' title='bbox 1018 910 1109 963; x_wconf 86' lang='grc' dir='ltr'>Διὸ</span> <span class='ocrx_word' id='word_1_41' title='bbox 1135 909 1199 980; x_wconf 80' lang='grc' dir='ltr'>δὴ</span> <span class='ocrx_word' id='word_1_42' title='bbox 1244 908 1339 962; x_wconf 81' lang='grc' dir='ltr'>καί</span> <span class='ocrx_word' id='word_1_43' title='bbox 1366 908 1527 978; x_wconf 83' lang='grc' dir='ltr'>ἡμεῖς</span> <span class='ocrx_word' id='word_1_44' title='bbox 1547 904 1752 977; x_wconf 78' lang='grc' dir='ltr'>ἐσχάτῃ</span> <span class='ocrx_word' id='word_1_45' title='bbox 1800 898 2068 986; x_wconf 67' lang='grc' dir='ltr'>συζῶντες</span> 
     </span>
    </p>
   </div>
   <div class='ocr_carea' id='block_1_8' title="bbox 486 981 2067 1069">
    <p class='ocr_par' dir='ltr' id='par_1_8' title="bbox 486 981 2067 1069">
     <span class='ocr_line' id='line_1_8' title="bbox 486 981 2067 1069; baseline -0.011 -16"><span class='ocrx_word' id='word_1_46' title='bbox 486 981 680 1069; x_wconf 64' lang='grc' dir='ltr'>πενία,⁷</span> <span class='ocrx_word' id='word_1_47' title='bbox 702 981 829 1060; x_wconf 74' lang='grc' dir='ltr'>τοὺς</span> <span class='ocrx_word' id='word_1_48' title='bbox 863 993 1180 1064; x_wconf 76' lang='grc' dir='ltr'>φιλοτίμους</span> <span class='ocrx_word' id='word_1_49' title='bbox 1211 990 1321 1045; x_wconf 88' lang='grc' dir='ltr'>τῶν</span> <span class='ocrx_word' id='word_1_50' title='bbox 1362 988 1693 1060; x_wconf 79' lang='grc' dir='ltr'>ἑστιατόρων</span> <span class='ocrx_word' id='word_1_51' title='bbox 1730 981 2067 1069; x_wconf 75' lang='grc' dir='ltr'>μιμούμεθα,</span> 
     </span>
    </p>
   </div>
   <div class='ocr_carea' id='block_1_9' title="bbox 487 1066 2069 1150">
    <p class='ocr_par' dir='ltr' id='par_1_9' title="bbox 487 1066 2069 1150">
     <span class='ocr_line' id='line_1_9' title="bbox 487 1066 2069 1150; baseline -0.01 -15"><span class='ocrx_word' id='word_1_52' title='bbox 487 1066 885 1150; x_wconf 51' lang='grc' dir='ltr'>καθ”έκάστην</span> <span class='ocrx_word' id='word_1_53' title='bbox 919 1075 1137 1141; x_wconf 85' lang='grc' dir='ltr'>σύναξιν</span> <span class='ocrx_word' id='word_1_54' title='bbox 1177 1075 1314 1145; x_wconf 82' lang='grc' dir='ltr'>πρὸς</span> <span class='ocrx_word' id='word_1_55' title='bbox 1342 1074 1441 1144; x_wconf 76' lang='grc' dir='ltr'>τὴν</span> <span class='ocrx_word' id='word_1_56' title='bbox 1479 1070 1752 1142; x_wconf 78' lang='grc' dir='ltr'>ἡμετέραν</span> <span class='ocrx_word' id='word_1_57' title='bbox 1778 1066 2069 1130; x_wconf 87' lang='grc' dir='ltr'>καλοῦντες</span> 
     </span>
    </p>
   </div>
   <div class='ocr_carea' id='block_1_10' title="bbox 489 1150 2071 1236">
    <p class='ocr_par' dir='ltr' id='par_1_10' title="bbox 489 1150 2071 1236">
     <span class='ocr_line' id='line_1_10' title="bbox 489 1150 2071 1236; baseline -0.01 -17"><span class='ocrx_word' id='word_1_58' title='bbox 489 1166 635 1234; x_wconf 76' lang='grc' dir='ltr'>ὑμᾶς</span> <span class='ocrx_word' id='word_1_59' title='bbox 669 1160 970 1236; x_wconf 78' lang='grc' dir='ltr'>τράπεζαν.</span> <span class='ocrx_word' id='word_1_60' title='bbox 989 1155 1152 1212; x_wconf 89' lang='grc' dir='ltr'>Ποιοῦ</span> <span class='ocrx_word' id='word_1_61' title='bbox 1160 1174 1257 1228; x_wconf 89' lang='grc' dir='ltr'>μεν</span> <span class='ocrx_word' id='word_1_62' title='bbox 1283 1156 1340 1210; x_wconf 76' lang='grc' dir='ltr'>δὲ</span> <span class='ocrx_word' id='word_1_63' title='bbox 1358 1155 1535 1221; x_wconf 88' lang='grc' dir='ltr'>τοῦτο,</span> <span class='ocrx_word' id='word_1_64' title='bbox 1560 1153 1622 1206; x_wconf 84' lang='lat'>06</span> <span class='ocrx_word' id='word_1_65' title='bbox 1646 1155 1713 1224; x_wconf 73' lang='grc' dir='ltr'>τῇ</span> <span class='ocrx_word' id='word_1_66' title='bbox 1728 1152 1840 1236; x_wconf 83' lang='grc' dir='ltr'>τῆς</span> <span class='ocrx_word' id='word_1_67' title='bbox 1864 1150 2071 1236; x_wconf 77' lang='grc' dir='ltr'>οἰκείας</span> 
     </span>
    </p>
   </div>
   <div class='ocr_carea' id='block_1_11' title="bbox 489 1233 2072 1318">
    <p class='ocr_par' dir='ltr' id='par_1_11' title="bbox 489 1233 2072 1318">
     <span class='ocr_line' id='line_1_11' title="bbox 489 1233 2072 1318; baseline -0.009 -17"><span class='ocrx_word' id='word_1_68' title='bbox 489 1233 749 1318; x_wconf 79' lang='grc' dir='ltr'>εύπορίας</span> <span class='ocrx_word' id='word_1_69' title='bbox 787 1242 1128 1306; x_wconf 73' lang='grc' dir='ltr'>πεποιθότες,</span> <span class='ocrx_word' id='word_1_70' title='bbox 1160 1239 1296 1293; x_wconf 83' lang='grc' dir='ltr'>ἀλλά</span> <span class='ocrx_word' id='word_1_71' title='bbox 1326 1241 1392 1311; x_wconf 80' lang='grc' dir='ltr'>τῇ</span> <span class='ocrx_word' id='word_1_72' title='bbox 1431 1238 1531 1309; x_wconf 84' lang='grc' dir='ltr'>τῆς</span> <span class='ocrx_word' id='word_1_73' title='bbox 1571 1235 1841 1308; x_wconf 81' lang='grc' dir='ltr'>ὑμετέρας</span> <span class='ocrx_word' id='word_1_74' title='bbox 1870 1233 2072 1307; x_wconf 87' lang='grc' dir='ltr'>ἀκροά-</span> 
     </span>
    </p>
   </div>
   <div class='ocr_carea' id='block_1_12' title="bbox 491 1327 1077 1400">
    <p class='ocr_par' dir='ltr' id='par_1_12' title="bbox 491 1327 1077 1400">
     <span class='ocr_line' id='line_1_12' title="bbox 491 1327 1077 1400; baseline -0.01 -16"><span class='ocrx_word' id='word_1_75' title='bbox 491 1348 628 1394; x_wconf 88' lang='grc' dir='ltr'>σεως</span> <span class='ocrx_word' id='word_1_76' title='bbox 657 1327 987 1400; x_wconf 69' lang='grc' dir='ltr'>θαρροῦντες</span> <span class='ocrx_word' id='word_1_77' title='bbox 1027 1337 1051 1365; x_wconf 80' lang='grc' dir='ltr'><strong><em>ο</em></strong></span> <span class='ocrx_word' id='word_1_78' title='bbox 1063 1366 1077 1379; x_wconf 92' lang='grc'>.</span> 
     </span>
    </p>
   </div>
   <div class='ocr_carea' id='block_1_13' title="bbox 559 1410 2076 1491">
    <p class='ocr_par' dir='ltr' id='par_1_13' title="bbox 559 1410 2076 1491">
     <span class='ocr_line' id='line_1_13' title="bbox 559 1410 2076 1491; baseline -0.008 -15"><span class='ocrx_word' id='word_1_79' title='bbox 559 1421 609 1490; x_wconf 89' lang='grc' dir='ltr'>γ’</span> <span class='ocrx_word' id='word_1_80' title='bbox 616 1463 629 1476; x_wconf 93' lang='grc'>.</span> <span class='ocrx_word' id='word_1_81' title='bbox 649 1420 762 1491; x_wconf 87' lang='grc' dir='ltr'>Τῆς</span> <span class='ocrx_word' id='word_1_82' title='bbox 781 1420 879 1490; x_wconf 80' lang='grc' dir='ltr'>μὲν</span> <span class='ocrx_word' id='word_1_83' title='bbox 897 1413 992 1471; x_wconf 83' lang='grc' dir='ltr'>οῦν</span> <span class='ocrx_word' id='word_1_84' title='bbox 1009 1415 1321 1487; x_wconf 73' lang='grc' dir='ltr'>ἐπιγραφῆς</span> <span class='ocrx_word' id='word_1_85' title='bbox 1340 1414 1368 1467; x_wconf 84' lang='lat'>6</span> <span class='ocrx_word' id='word_1_86' title='bbox 1377 1415 1467 1484; x_wconf 84' lang='grc' dir='ltr'>μῖν</span> <span class='ocrx_word' id='word_1_87' title='bbox 1482 1413 1544 1467; x_wconf 81' lang='grc' dir='ltr'>τὸ</span> <span class='ocrx_word' id='word_1_88' title='bbox 1564 1412 1724 1484; x_wconf 90' lang='grc' dir='ltr'>χρέος</span> <span class='ocrx_word' id='word_1_89' title='bbox 1743 1410 1888 1467; x_wconf 77' lang='grc' dir='ltr'>ἅπαν</span> <span class='ocrx_word' id='word_1_90' title='bbox 1907 1428 2076 1466; x_wconf 90' lang='grc' dir='ltr'>κατα-</span> 
     </span>
    </p>
   </div>
   <div class='ocr_carea' id='block_1_14' title="bbox 492 1494 2076 1577">
    <p class='ocr_par' dir='ltr' id='par_1_14' title="bbox 492 1494 2076 1577">
     <span class='ocr_line' id='line_1_14' title="bbox 492 1494 2076 1577; baseline -0.006 -18"><span class='ocrx_word' id='word_1_91' title='bbox 492 1506 857 1577; x_wconf 81' lang='grc' dir='ltr'>ϐεϐλήκαμεν,</span> <span class='ocrx_word' id='word_1_92' title='bbox 883 1502 977 1573; x_wconf 89' lang='grc' dir='ltr'>τῆς</span> <span class='ocrx_word' id='word_1_93' title='bbox 993 1499 1325 1569; x_wconf 76' lang='grc' dir='ltr'>ἐπιγραφῆς.</span> <span class='ocrx_word' id='word_1_94' title='bbox 1358 1497 1521 1568; x_wconf 74' lang='grc' dir='ltr'>φημὶ,</span> <span class='ocrx_word' id='word_1_95' title='bbox 1552 1495 1659 1577; x_wconf 68' lang='grc' dir='ltr'>τῶν</span> <span class='ocrx_word' id='word_1_96' title='bbox 1686 1495 1945 1577; x_wconf 78' lang='grc' dir='ltr'>Πράξεων</span> <span class='ocrx_word' id='word_1_97' title='bbox 1965 1494 2076 1549; x_wconf 89' lang='grc' dir='ltr'>τῶν</span> 
     </span>
    </p>
   </div>
   <div class='ocr_carea' id='block_1_15' title="bbox 492 1571 2077 1651">
    <p class='ocr_par' dir='ltr' id='par_1_15' title="bbox 492 1571 2077 1651">
     <span class='ocr_line' id='line_1_15' title="bbox 492 1571 2077 1651; baseline -0.008 -8"><span class='ocrx_word' id='word_1_98' title='bbox 492 1571 892 1645; x_wconf 75' lang='grc' dir='ltr'>ἀποστολικῶν.</span> <span class='ocrx_word' id='word_1_99' title='bbox 929 1571 1246 1638; x_wconf 68' lang='grc' dir='ltr'>’Ἀκόλουθον</span> <span class='ocrx_word' id='word_1_100' title='bbox 1265 1581 1322 1635; x_wconf 82' lang='grc' dir='ltr'>δὲ</span> <span class='ocrx_word' id='word_1_101' title='bbox 1350 1579 1537 1634; x_wconf 80' lang='grc' dir='ltr'>λοιπὸν</span> <span class='ocrx_word' id='word_1_102' title='bbox 1568 1574 1636 1650; x_wconf 86' lang='grc' dir='ltr'>ἦν</span> <span class='ocrx_word' id='word_1_103' title='bbox 1669 1571 1763 1633; x_wconf 76' lang='grc' dir='ltr'>καὶ</span> <span class='ocrx_word' id='word_1_104' title='bbox 1790 1577 2077 1651; x_wconf 86' lang='grc' dir='ltr'>τῆςάρχῆς</span> 
     </span>
    </p>
   </div>
   <div class='ocr_carea' id='block_1_16' title="bbox 494 1663 2079 1744">
    <p class='ocr_par' dir='ltr' id='par_1_16' title="bbox 494 1663 2079 1744">
     <span class='ocr_line' id='line_1_16' title="bbox 494 1663 2079 1744; baseline -0.009 -15"><span class='ocrx_word' id='word_1_105' title='bbox 494 1671 737 1744; x_wconf 70' lang='grc' dir='ltr'>ἅψασθαι</span> <span class='ocrx_word' id='word_1_106' title='bbox 770 1668 862 1723; x_wconf 89' lang='grc' dir='ltr'>τοῦ</span> <span class='ocrx_word' id='word_1_107' title='bbox 896 1668 1125 1738; x_wconf 89' lang='grc' dir='ltr'>βιϐλίου,</span> <span class='ocrx_word' id='word_1_108' title='bbox 1174 1666 1272 1720; x_wconf 76' lang='grc' dir='ltr'>καὶ</span> <span class='ocrx_word' id='word_1_109' title='bbox 1316 1667 1488 1719; x_wconf 89' lang='grc' dir='ltr'>εἰπεῖν</span> <span class='ocrx_word' id='word_1_110' title='bbox 1515 1664 1567 1717; x_wconf 92' lang='grc' dir='ltr'>τί</span> <span class='ocrx_word' id='word_1_111' title='bbox 1606 1663 1737 1717; x_wconf 88' lang='grc' dir='ltr'>ποτέ</span> <span class='ocrx_word' id='word_1_112' title='bbox 1784 1663 1920 1715; x_wconf 80' lang='grc' dir='ltr'>ἐστι·</span> <span class='ocrx_word' id='word_1_113' title='bbox 1968 1663 2079 1744; x_wconf 60' lang='lat' dir='ltr'><em>T61:</em></span> 
     </span>
    </p>
   </div>
   <div class='ocr_carea' id='block_1_17' title="bbox 489 1738 2081 1828">
    <p class='ocr_par' dir='ltr' id='par_1_17' title="bbox 489 1738 2081 1828">
     <span class='ocr_line' id='line_1_17' title="bbox 489 1738 2081 1828; baseline -0.008 -18"><span class='ocrx_word' id='word_1_114' title='bbox 489 1738 609 1828; x_wconf 71' lang='grc' dir='ltr'>μέν</span> <span class='ocrx_word' id='word_1_115' title='bbox 650 1753 884 1824; x_wconf 79' lang='grc' dir='ltr'>πρῶτον</span> <span class='ocrx_word' id='word_1_116' title='bbox 927 1752 1114 1821; x_wconf 71' lang='grc' dir='ltr'>λόγον</span> <span class='ocrx_word' id='word_1_117' title='bbox 1158 1748 1530 1818; x_wconf 77' lang='grc' dir='ltr'>ἐποιήσαμεν</span> <span class='ocrx_word' id='word_1_118' title='bbox 1560 1746 1693 1819; x_wconf 74' lang='grc' dir='ltr'>περὶ</span> <span class='ocrx_word' id='word_1_119' title='bbox 1747 1745 2006 1806; x_wconf 78' lang='grc' dir='ltr'>πάντων.</span> 
     </span>
    </p>
   </div>
   <div class='ocr_carea' id='block_1_18' title="bbox 498 1826 2080 1909">
    <p class='ocr_par' dir='ltr' id='par_1_18' title="bbox 498 1826 2080 1909">
     <span class='ocr_line' id='line_1_18' title="bbox 498 1826 2080 1909; baseline -0.008 -15"><span class='ocrx_word' id='word_1_120' title='bbox 498 1826 771 1909; x_wconf 61' lang='grc' dir='ltr'>Θεόφιλε,</span> <span class='ocrx_word' id='word_1_121' title='bbox 795 1831 882 1889; x_wconf 86' lang='grc' dir='ltr'>ὧν</span> <span class='ocrx_word' id='word_1_122' title='bbox 901 1834 1126 1904; x_wconf 75' lang='grc' dir='ltr'>ἤρξατο</span> <span class='ocrx_word' id='word_1_123' title='bbox 1158 1835 1191 1887; x_wconf 84' lang='grc' dir='ltr'>ό</span> <span class='ocrx_word' id='word_1_124' title='bbox 1227 1832 1457 1900; x_wconf 76' lang='grc' dir='ltr'>Ἰησοῦς</span> <span class='ocrx_word' id='word_1_125' title='bbox 1480 1832 1673 1887; x_wconf 79' lang='grc' dir='ltr'>ποιεῖν</span> <span class='ocrx_word' id='word_1_126' title='bbox 1693 1849 1756 1886; x_wconf 86' lang='grc' dir='ltr'>τε</span> <span class='ocrx_word' id='word_1_127' title='bbox 1784 1831 1879 1885; x_wconf 81' lang='grc' dir='ltr'>καί</span> <span class='ocrx_word' id='word_1_128' title='bbox 1916 1826 2080 1883; x_wconf 78' lang='grc' dir='ltr'>διδά-</span> 
     </span>
    </p>
   </div>
   <div class='ocr_carea' id='block_1_19' title="bbox 496 1912 2077 1987">
    <p class='ocr_par' dir='ltr' id='par_1_19' title="bbox 496 1912 2077 1987">
     <span class='ocr_line' id='line_1_19' title="bbox 496 1912 2077 1987; baseline -0.008 -9"><span class='ocrx_word' id='word_1_129' title='bbox 496 1937 694 1977; x_wconf 74' lang='grc' dir='ltr'>σκειν.</span> <span class='ocrx_word' id='word_1_130' title='bbox 735 1919 897 1973; x_wconf 83' lang='grc' dir='ltr'>’Λλλά</span> <span class='ocrx_word' id='word_1_131' title='bbox 944 1917 1156 1980; x_wconf 78' lang='grc' dir='ltr'>Παῦλος</span> <span class='ocrx_word' id='word_1_132' title='bbox 1191 1916 1291 1969; x_wconf 81' lang='grc' dir='ltr'>οὐκ</span> <span class='ocrx_word' id='word_1_133' title='bbox 1334 1916 1529 1985; x_wconf 85' lang='grc' dir='ltr'>ἀφίησί</span> <span class='ocrx_word' id='word_1_134' title='bbox 1563 1932 1630 1987; x_wconf 89' lang='grc' dir='ltr'>με</span> <span class='ocrx_word' id='word_1_135' title='bbox 1678 1912 1983 1986; x_wconf 83' lang='grc' dir='ltr'>χρήσασθαι</span> <span class='ocrx_word' id='word_1_136' title='bbox 2011 1915 2077 1984; x_wconf 79' lang='grc' dir='ltr'>τῇ</span> 
     </span>
    </p>
   </div>
   <div class='ocr_carea' id='block_1_20' title="bbox 500 1996 2082 2080">
    <p class='ocr_par' dir='ltr' id='par_1_20' title="bbox 500 1996 2082 2080">
     <span class='ocr_line' id='line_1_20' title="bbox 500 1996 2082 2080; baseline -0.007 -20"><span class='ocrx_word' id='word_1_137' title='bbox 500 2003 654 2080; x_wconf 76' lang='grc'>[101]</span> <span class='ocrx_word' id='word_1_138' title='bbox 676 2004 828 2071; x_wconf 82' lang='grc' dir='ltr'>τάξει</span> <span class='ocrx_word' id='word_1_139' title='bbox 856 2000 1029 2073; x_wconf 79' lang='grc' dir='ltr'>ταύτῃ</span> <span class='ocrx_word' id='word_1_140' title='bbox 1073 1999 1174 2070; x_wconf 88' lang='grc' dir='ltr'>τῆς</span> <span class='ocrx_word' id='word_1_141' title='bbox 1215 1997 1558 2065; x_wconf 79' lang='grc' dir='ltr'>ἀκολουθίας,</span> <span class='ocrx_word' id='word_1_142' title='bbox 1594 1997 1732 2080; x_wconf 81' lang='grc' dir='ltr'>πρὸς</span> <span class='ocrx_word' id='word_1_143' title='bbox 1764 1996 1960 2080; x_wconf 76' lang='grc' dir='ltr'>ἑαυτὸν</span> <span class='ocrx_word' id='word_1_144' title='bbox 1986 1996 2082 2080; x_wconf 75' lang='grc' dir='ltr'>καὶ</span> 
     </span>
    </p>
   </div>
   <div class='ocr_carea' id='block_1_21' title="bbox 498 2078 2079 2156">
    <p class='ocr_par' dir='ltr' id='par_1_21' title="bbox 498 2078 2079 2156">
     <span class='ocr_line' id='line_1_21' title="bbox 498 2078 2079 2156; baseline -0.007 -13"><span class='ocrx_word' id='word_1_145' title='bbox 498 2078 569 2144; x_wconf 68' lang='grc' dir='ltr'>τά</span> <span class='ocrx_word' id='word_1_146' title='bbox 596 2090 770 2142; x_wconf 86' lang='grc' dir='ltr'>οἰκεῖα</span> <span class='ocrx_word' id='word_1_147' title='bbox 794 2082 1199 2156; x_wconf 85' lang='grc' dir='ltr'>κατορθώματα</span> <span class='ocrx_word' id='word_1_148' title='bbox 1211 2081 1311 2152; x_wconf 80' lang='grc' dir='ltr'>τὴν</span> <span class='ocrx_word' id='word_1_149' title='bbox 1326 2081 1597 2153; x_wconf 77' lang='grc' dir='ltr'>ἡμετέραν</span> <span class='ocrx_word' id='word_1_150' title='bbox 1617 2078 1863 2148; x_wconf 87' lang='grc' dir='ltr'>γλῶτταν</span> <span class='ocrx_word' id='word_1_151' title='bbox 1879 2078 2079 2132; x_wconf 88' lang='grc' dir='ltr'>καλῶν.</span> 
     </span>
    </p>
   </div>
   <div class='ocr_carea' id='block_1_22' title="bbox 513 2163 2084 2241">
    <p class='ocr_par' dir='ltr' id='par_1_22' title="bbox 513 2163 2084 2241">
     <span class='ocr_line' id='line_1_22' title="bbox 513 2163 2084 2241; baseline -0.007 -16"><span class='ocrx_word' id='word_1_152' title='bbox 513 2168 800 2241; x_wconf 83' lang='grc' dir='ltr'>Ἐπιθυμῶ</span> <span class='ocrx_word' id='word_1_153' title='bbox 849 2168 958 2239; x_wconf 81' lang='grc' dir='ltr'>γὰρ</span> <span class='ocrx_word' id='word_1_154' title='bbox 987 2166 1150 2220; x_wconf 84' lang='grc' dir='ltr'>αὑτὸν</span> <span class='ocrx_word' id='word_1_155' title='bbox 1191 2164 1319 2219; x_wconf 89' lang='grc' dir='ltr'>ἰδεῖν</span> <span class='ocrx_word' id='word_1_156' title='bbox 1353 2166 1432 2229; x_wconf 86' lang='grc' dir='ltr'>είς</span> <span class='ocrx_word' id='word_1_157' title='bbox 1463 2163 1748 2236; x_wconf 77' lang='grc' dir='ltr'>Δαμασκὸν</span> <span class='ocrx_word' id='word_1_158' title='bbox 1791 2163 2084 2233; x_wconf 85' lang='grc' dir='ltr'>εἰσαγόμε-</span> 
     </span>
    </p>
   </div>
   <div class='ocr_carea' id='block_1_23' title="bbox 501 2246 2085 2325">
    <p class='ocr_par' dir='ltr' id='par_1_23' title="bbox 501 2246 2085 2325">
     <span class='ocr_line' id='line_1_23' title="bbox 501 2246 2085 2325; baseline -0.006 -15"><span class='ocrx_word' id='word_1_159' title='bbox 501 2273 611 2318; x_wconf 87' lang='grc' dir='ltr'>νον,</span> <span class='ocrx_word' id='word_1_160' title='bbox 640 2253 947 2325; x_wconf 81' lang='grc' dir='ltr'>δεδεμένον,</span> <span class='ocrx_word' id='word_1_161' title='bbox 979 2251 1080 2305; x_wconf 82' lang='grc' dir='ltr'>οὐκ</span> <span class='ocrx_word' id='word_1_162' title='bbox 1118 2251 1179 2303; x_wconf 82' lang='grc' dir='ltr'>ὲν</span> <span class='ocrx_word' id='word_1_163' title='bbox 1207 2247 1397 2303; x_wconf 82' lang='grc' dir='ltr'>ἁλύσει</span> <span class='ocrx_word' id='word_1_164' title='bbox 1423 2248 1639 2320; x_wconf 78' lang='grc' dir='ltr'>σιδηρᾷ,</span> <span class='ocrx_word' id='word_1_165' title='bbox 1665 2246 1803 2302; x_wconf 88' lang='grc' dir='ltr'>ἀλλά</span> <span class='ocrx_word' id='word_1_166' title='bbox 1828 2249 1978 2319; x_wconf 78' lang='grc' dir='ltr'>φωνῇ</span> <span class='ocrx_word' id='word_1_167' title='bbox 1995 2246 2085 2300; x_wconf 88' lang='grc' dir='ltr'>δε-</span> 
     </span>
    </p>
   </div>
   <div class='ocr_carea' id='block_1_24' title="bbox 503 2330 2085 2408">
    <p class='ocr_par' dir='ltr' id='par_1_24' title="bbox 503 2330 2085 2408">
     <span class='ocr_line' id='line_1_24' title="bbox 503 2330 2085 2408; baseline -0.006 -16"><span class='ocrx_word' id='word_1_168' title='bbox 503 2341 757 2408; x_wconf 74' lang='grc' dir='ltr'>σποτικῇο</span> <span class='ocrx_word' id='word_1_169' title='bbox 782 2335 1037 2407; x_wconf 80' lang='grc' dir='ltr'>ἐπιθυμῶ</span> <span class='ocrx_word' id='word_1_170' title='bbox 1067 2333 1193 2389; x_wconf 83' lang='grc' dir='ltr'>ἰδεῖν</span> <span class='ocrx_word' id='word_1_171' title='bbox 1224 2331 1541 2387; x_wconf 88' lang='grc' dir='ltr'>ἀλιευθέντα</span> <span class='ocrx_word' id='word_1_172' title='bbox 1576 2332 1668 2386; x_wconf 72' lang='grc' dir='ltr'>τὸν</span> <span class='ocrx_word' id='word_1_173' title='bbox 1708 2331 1860 2402; x_wconf 85' lang='grc' dir='ltr'>ἰχθὺν</span> <span class='ocrx_word' id='word_1_174' title='bbox 1897 2330 2085 2384; x_wconf 86' lang='grc' dir='ltr'>τοῦτον</span> 
     </span>
    </p>
   </div>
   <div class='ocr_carea' id='block_1_25' title="bbox 498 2415 2083 2493">
    <p class='ocr_par' dir='ltr' id='par_1_25' title="bbox 498 2415 2083 2493">
     <span class='ocr_line' id='line_1_25' title="bbox 498 2415 2083 2493; baseline -0.006 -18"><span class='ocrx_word' id='word_1_175' title='bbox 498 2421 592 2476; x_wconf 85' lang='grc' dir='ltr'>τδν</span> <span class='ocrx_word' id='word_1_176' title='bbox 633 2424 827 2493; x_wconf 86' lang='grc' dir='ltr'>μέγαν,</span> <span class='ocrx_word' id='word_1_177' title='bbox 855 2419 946 2473; x_wconf 82' lang='grc' dir='ltr'>τὸν</span> <span class='ocrx_word' id='word_1_178' title='bbox 975 2417 1194 2472; x_wconf 74' lang='grc' dir='ltr'>ἃπασαν</span> <span class='ocrx_word' id='word_1_179' title='bbox 1226 2415 1639 2487; x_wconf 84' lang='grc' dir='ltr'>ἀναϐράσσοντα</span> <span class='ocrx_word' id='word_1_180' title='bbox 1668 2416 1766 2488; x_wconf 77' lang='grc' dir='ltr'>τὴν</span> <span class='ocrx_word' id='word_1_181' title='bbox 1789 2415 2083 2477; x_wconf 88' lang='grc' dir='ltr'>θάλασσαν,</span> 
     </span>
    </p>
   </div>
   <div class='ocr_carea' id='block_1_26' title="bbox 500 2496 2083 2576">
    <p class='ocr_par' dir='ltr' id='par_1_26' title="bbox 500 2496 2083 2576">
     <span class='ocr_line' id='line_1_26' title="bbox 500 2496 2083 2576; baseline -0.004 -19"><span class='ocrx_word' id='word_1_182' title='bbox 500 2505 594 2557; x_wconf 73' lang='grc' dir='ltr'>τὸν</span> <span class='ocrx_word' id='word_1_183' title='bbox 618 2503 784 2576; x_wconf 82' lang='grc' dir='ltr'>μυρία</span> <span class='ocrx_word' id='word_1_184' title='bbox 800 2501 1022 2574; x_wconf 86' lang='grc' dir='ltr'>κύματα</span> <span class='ocrx_word' id='word_1_185' title='bbox 1052 2500 1193 2556; x_wconf 83' lang='grc' dir='ltr'>κατά</span> <span class='ocrx_word' id='word_1_186' title='bbox 1219 2501 1319 2571; x_wconf 84' lang='grc' dir='ltr'>τῆς</span> <span class='ocrx_word' id='word_1_187' title='bbox 1361 2498 1685 2572; x_wconf 88' lang='grc' dir='ltr'>Ἐκκλησίας</span> <span class='ocrx_word' id='word_1_188' title='bbox 1705 2496 2083 2570; x_wconf 78' lang='grc' dir='ltr'>ἐπεγείραντα·</span> 
     </span>
    </p>
   </div>
   <div class='ocr_carea' id='block_1_27' title="bbox 503 2579 2088 2658">
    <p class='ocr_par' dir='ltr' id='par_1_27' title="bbox 503 2579 2088 2658">
     <span class='ocr_line' id='line_1_27' title="bbox 503 2579 2088 2658; baseline -0.003 -18"><span class='ocrx_word' id='word_1_189' title='bbox 503 2585 758 2658; x_wconf 72' lang='grc' dir='ltr'>ἐπιθυμῶ</span> <span class='ocrx_word' id='word_1_190' title='bbox 803 2586 932 2639; x_wconf 83' lang='grc' dir='ltr'>ἰδεῖν</span> <span class='ocrx_word' id='word_1_191' title='bbox 960 2583 1122 2638; x_wconf 81' lang='grc' dir='ltr'>αὐτὸν</span> <span class='ocrx_word' id='word_1_192' title='bbox 1145 2582 1486 2646; x_wconf 85' lang='grc' dir='ltr'>ἀλιευθέντα,</span> <span class='ocrx_word' id='word_1_193' title='bbox 1503 2583 1604 2635; x_wconf 81' lang='grc' dir='ltr'>οὐκ</span> <span class='ocrx_word' id='word_1_194' title='bbox 1630 2581 1931 2653; x_wconf 82' lang='grc' dir='ltr'>ἀγκίστρῳ,</span> <span class='ocrx_word' id='word_1_195' title='bbox 1951 2579 2088 2635; x_wconf 89' lang='grc' dir='ltr'>ἀλλά</span> 
     </span>
    </p>
   </div>
   <div class='ocr_carea' id='block_1_28' title="bbox 502 2666 2089 2742">
    <p class='ocr_par' dir='ltr' id='par_1_28' title="bbox 502 2666 2089 2742">
     <span class='ocr_line' id='line_1_28' title="bbox 502 2666 2089 2742; baseline -0.004 -18"><span class='ocrx_word' id='word_1_196' title='bbox 502 2670 646 2742; x_wconf 86' lang='grc' dir='ltr'>λόγῳ</span> <span class='ocrx_word' id='word_1_197' title='bbox 666 2668 986 2740; x_wconf 68' lang='grc' dir='ltr'>δεσππικῴ.</span> <span class='ocrx_word' id='word_1_198' title='bbox 1016 2668 1283 2740; x_wconf 82' lang='grc' dir='ltr'>Καθάπερ</span> <span class='ocrx_word' id='word_1_199' title='bbox 1302 2666 1413 2739; x_wconf 85' lang='grc' dir='ltr'>γάρ</span> <span class='ocrx_word' id='word_1_200' title='bbox 1449 2684 1533 2730; x_wconf 89' lang='grc' dir='ltr'>τις</span> <span class='ocrx_word' id='word_1_201' title='bbox 1553 2666 1735 2731; x_wconf 80' lang='grc' dir='ltr'>ἁλιεὺς</span> <span class='ocrx_word' id='word_1_202' title='bbox 1771 2667 1864 2720; x_wconf 73' lang='grc' dir='ltr'>ἐπὶ</span> <span class='ocrx_word' id='word_1_203' title='bbox 1879 2666 2089 2738; x_wconf 84' lang='grc' dir='ltr'>πέτρας</span> 
     </span>
    </p>
   </div>
   <div class='ocr_carea' id='block_1_29' title="bbox 503 2751 2087 2826">
    <p class='ocr_par' dir='ltr' id='par_1_29' title="bbox 503 2751 2087 2826">
     <span class='ocr_line' id='line_1_29' title="bbox 503 2751 2087 2826; baseline -0.003 -17"><span class='ocrx_word' id='word_1_204' title='bbox 503 2754 718 2826; x_wconf 74' lang='grc' dir='ltr'>ὑψηλῆς</span> <span class='ocrx_word' id='word_1_205' title='bbox 759 2753 1090 2826; x_wconf 85' lang='grc' dir='ltr'>καθήμενος,</span> <span class='ocrx_word' id='word_1_206' title='bbox 1139 2753 1232 2806; x_wconf 83' lang='grc' dir='ltr'>τὸν</span> <span class='ocrx_word' id='word_1_207' title='bbox 1269 2752 1528 2826; x_wconf 27' lang='grc' dir='ltr'>,κάλαμον</span> <span class='ocrx_word' id='word_1_208' title='bbox 1576 2751 1942 2823; x_wconf 75' lang='grc' dir='ltr'>μετεωρίζων,</span> <span class='ocrx_word' id='word_1_209' title='bbox 1994 2752 2087 2820; x_wconf 80' lang='grc' dir='ltr'>ἀφ’</span> 
     </span>
    </p>
   </div>
   <div class='ocr_carea' id='block_1_30' title="bbox 504 2824 2089 2909">
    <p class='ocr_par' dir='ltr' id='par_1_30' title="bbox 504 2824 2089 2909">
     <span class='ocr_line' id='line_1_30' title="bbox 504 2824 2089 2909; baseline -0.001 -18"><span class='ocrx_word' id='word_1_210' title='bbox 504 2824 713 2909; x_wconf 60' lang='grc' dir='ltr'>ὑψηλοῦ</span> <span class='ocrx_word' id='word_1_211' title='bbox 744 2837 804 2890; x_wconf 79' lang='grc' dir='ltr'>τὸ</span> <span class='ocrx_word' id='word_1_212' title='bbox 846 2824 1143 2908; x_wconf 76' lang='grc' dir='ltr'>ἄγκιστρον</span> <span class='ocrx_word' id='word_1_213' title='bbox 1171 2824 1396 2907; x_wconf 81' lang='grc' dir='ltr'>ἀφίησιν</span> <span class='ocrx_word' id='word_1_214' title='bbox 1426 2838 1507 2900; x_wconf 90' lang='grc' dir='ltr'>εἰς</span> <span class='ocrx_word' id='word_1_215' title='bbox 1542 2835 1605 2888; x_wconf 81' lang='grc' dir='ltr'>τὸ</span> <span class='ocrx_word' id='word_1_216' title='bbox 1631 2833 1888 2903; x_wconf 84' lang='grc' dir='ltr'>πέλαγος·</span> <span class='ocrx_word' id='word_1_217' title='bbox 1947 2834 2089 2889; x_wconf 77' lang='grc' dir='ltr'>οὕτω</span> 
     </span>
    </p>
   </div>
   <div class='ocr_carea' id='block_1_31' title="bbox 503 2917 2091 2993">
    <p class='ocr_par' dir='ltr' id='par_1_31' title="bbox 503 2917 2091 2993">
     <span class='ocr_line' id='line_1_31' title="bbox 503 2917 2091 2993; baseline -0.002 -18"><span class='ocrx_word' id='word_1_218' title='bbox 503 2922 568 2993; x_wconf 84' lang='grc' dir='ltr'>δὴ</span> <span class='ocrx_word' id='word_1_219' title='bbox 603 2922 699 2976; x_wconf 71' lang='grc' dir='ltr'>καὶ</span> <span class='ocrx_word' id='word_1_220' title='bbox 726 2922 755 2974; x_wconf 88' lang='lat'>6</span> <span class='ocrx_word' id='word_1_221' title='bbox 781 2921 1060 2991; x_wconf 79' lang='grc' dir='ltr'>Δεσπότης</span> <span class='ocrx_word' id='word_1_222' title='bbox 1107 2922 1137 2974; x_wconf 96' lang='lat'>6</span> <span class='ocrx_word' id='word_1_223' title='bbox 1171 2919 1462 2991; x_wconf 84' lang='grc' dir='ltr'>ἡμέτερος,</span> <span class='ocrx_word' id='word_1_224' title='bbox 1492 2919 1521 2972; x_wconf 92' lang='lat'>6</span> <span class='ocrx_word' id='word_1_225' title='bbox 1545 2918 1646 2988; x_wconf 83' lang='grc' dir='ltr'>τὴν</span> <span class='ocrx_word' id='word_1_226' title='bbox 1690 2917 1877 2971; x_wconf 85' lang='grc' dir='ltr'>ἀλείαν</span> <span class='ocrx_word' id='word_1_227' title='bbox 1909 2917 2091 2985; x_wconf 78' lang='grc' dir='ltr'>δείξας</span> 
     </span>
    </p>
   </div>
   <div class='ocr_carea' id='block_1_32' title="bbox 501 3001 2089 3076">
    <p class='ocr_par' dir='ltr' id='par_1_32' title="bbox 501 3001 2089 3076">
     <span class='ocr_line' id='line_1_32' title="bbox 501 3001 2089 3076; baseline -0.003 -16"><span class='ocrx_word' id='word_1_228' title='bbox 501 3007 605 3076; x_wconf 68' lang='grc' dir='ltr'>τὴν</span> <span class='ocrx_word' id='word_1_229' title='bbox 653 3004 1053 3076; x_wconf 77' lang='grc' dir='ltr'>πνευματικὴν,</span> <span class='ocrx_word' id='word_1_230' title='bbox 1090 3003 1341 3073; x_wconf 88' lang='grc' dir='ltr'>καθάπερ</span> <span class='ocrx_word' id='word_1_231' title='bbox 1366 3004 1451 3070; x_wconf 76' lang='grc' dir='ltr'>ἐφ’</span> <span class='ocrx_word' id='word_1_232' title='bbox 1499 3001 1711 3073; x_wconf 81' lang='grc' dir='ltr'>ὑψηλῆς</span> <span class='ocrx_word' id='word_1_233' title='bbox 1748 3001 1955 3074; x_wconf 84' lang='grc' dir='ltr'>πέτρας</span> <span class='ocrx_word' id='word_1_234' title='bbox 1980 3002 2089 3055; x_wconf 89' lang='grc' dir='ltr'>τῶν</span> 
     </span>
    </p>
   </div>
   <div class='ocr_carea' id='block_1_33' title="bbox 504 3084 2090 3160">
    <p class='ocr_par' dir='ltr' id='par_1_33' title="bbox 504 3084 2090 3160">
     <span class='ocr_line' id='line_1_33' title="bbox 504 3084 2090 3160; baseline -0.004 -15"><span class='ocrx_word' id='word_1_235' title='bbox 504 3089 750 3160; x_wconf 79' lang='grc' dir='ltr'>οὐρανῶν</span> <span class='ocrx_word' id='word_1_236' title='bbox 793 3088 1125 3159; x_wconf 80' lang='grc' dir='ltr'>καθήμενος,</span> <span class='ocrx_word' id='word_1_237' title='bbox 1167 3084 1368 3158; x_wconf 83' lang='grc' dir='ltr'>,ὥσπερ</span> <span class='ocrx_word' id='word_1_238' title='bbox 1405 3086 1699 3158; x_wconf 77' lang='grc' dir='ltr'>ἄγκιστρον</span> <span class='ocrx_word' id='word_1_239' title='bbox 1746 3086 1847 3156; x_wconf 79' lang='grc' dir='ltr'>τὴν</span> <span class='ocrx_word' id='word_1_240' title='bbox 1905 3084 2090 3156; x_wconf 79' lang='grc' dir='ltr'>φωνὴν</span> 
     </span>
    </p>
   </div>
   <div class='ocr_carea' id='block_1_34' title="bbox 505 3167 2091 3242">
    <p class='ocr_par' dir='ltr' id='par_1_34' title="bbox 505 3167 2091 3242">
     <span class='ocr_line' id='line_1_34' title="bbox 505 3167 2091 3242; baseline -0.003 -16"><span class='ocrx_word' id='word_1_241' title='bbox 505 3172 710 3242; x_wconf 83' lang='grc' dir='ltr'>ταύτην</span> <span class='ocrx_word' id='word_1_242' title='bbox 733 3171 893 3241; x_wconf 72' lang='grc' dir='ltr'>ἀφεὶς</span> <span class='ocrx_word' id='word_1_243' title='bbox 929 3168 1156 3233; x_wconf 83' lang='grc' dir='ltr'>ἀνωθεν,</span> <span class='ocrx_word' id='word_1_244' title='bbox 1185 3170 1282 3224; x_wconf 72' lang='grc' dir='ltr'>καὶ</span> <span class='ocrx_word' id='word_1_245' title='bbox 1307 3167 1502 3235; x_wconf 86' lang='grc' dir='ltr'>εἰπὼν,</span> <span class='ocrx_word' id='word_1_246' title='bbox 1548 3168 1768 3232; x_wconf 73' lang='grc' dir='ltr'>Σαῦλε,</span> <span class='ocrx_word' id='word_1_247' title='bbox 1790 3169 2010 3235; x_wconf 76' lang='grc' dir='ltr'>Σαῦλε,</span> <span class='ocrx_word' id='word_1_248' title='bbox 2033 3170 2091 3223; x_wconf 86' lang='grc' dir='ltr'>τι</span> 
     </span>
    </p>
   </div>
   <div class='ocr_carea' id='block_1_35' title="bbox 501 3251 2090 3326">
    <p class='ocr_par' dir='ltr' id='par_1_35' title="bbox 501 3251 2090 3326">
     <span class='ocr_line' id='line_1_35' title="bbox 501 3251 2090 3326; baseline -0.003 -16"><span class='ocrx_word' id='word_1_249' title='bbox 501 3273 579 3326; x_wconf 78' lang='grc' dir='ltr'>με</span> <span class='ocrx_word' id='word_1_250' title='bbox 601 3253 863 3320; x_wconf 82' lang='grc' dir='ltr'>διώκεις;</span> <span class='ocrx_word' id='word_1_251' title='bbox 893 3252 1067 3317; x_wconf 74' lang='grc' dir='ltr'>οὕτως</span> <span class='ocrx_word' id='word_1_252' title='bbox 1108 3251 1324 3324; x_wconf 84' lang='grc' dir='ltr'>ἡλίευσε</span> <span class='ocrx_word' id='word_1_253' title='bbox 1351 3253 1442 3307; x_wconf 83' lang='grc' dir='ltr'>τὸν</span> <span class='ocrx_word' id='word_1_254' title='bbox 1475 3251 1626 3322; x_wconf 81' lang='grc' dir='ltr'>ἰχθὺν</span> <span class='ocrx_word' id='word_1_255' title='bbox 1654 3251 1845 3306; x_wconf 88' lang='grc' dir='ltr'>τοῦτον</span> <span class='ocrx_word' id='word_1_256' title='bbox 1877 3251 1969 3307; x_wconf 81' lang='grc' dir='ltr'>τὸν</span> <span class='ocrx_word' id='word_1_257' title='bbox 1994 3253 2090 3324; x_wconf 81' lang='grc' dir='ltr'>μέ-</span> 
     </span>
    </p>
   </div>
   <div class='ocr_carea' id='block_1_36' title="bbox 506 3331 2089 3407">
    <p class='ocr_par' dir='ltr' id='par_1_36' title="bbox 506 3331 2089 3407">
     <span class='ocr_line' id='line_1_36' title="bbox 506 3331 2089 3407; baseline -0.002 -15"><span class='ocrx_word' id='word_1_258' title='bbox 506 3355 633 3407; x_wconf 90' lang='grc' dir='ltr'>γαν.</span> <span class='ocrx_word' id='word_1_259' title='bbox 688 3337 800 3391; x_wconf 97' lang='lat' dir='ltr'>Kal</span> <span class='ocrx_word' id='word_1_260' title='bbox 830 3331 942 3391; x_wconf 82' lang='grc' dir='ltr'>οἷον</span> <span class='ocrx_word' id='word_1_261' title='bbox 975 3336 1069 3389; x_wconf 74' lang='grc' dir='ltr'>ἐπὶ</span> <span class='ocrx_word' id='word_1_262' title='bbox 1113 3334 1206 3389; x_wconf 90' lang='grc' dir='ltr'>τοῦ</span> <span class='ocrx_word' id='word_1_263' title='bbox 1260 3334 1443 3406; x_wconf 90' lang='grc' dir='ltr'>ἰχθύος</span> <span class='ocrx_word' id='word_1_264' title='bbox 1493 3335 1739 3404; x_wconf 85' lang='grc' dir='ltr'>γέγονεν,</span> <span class='ocrx_word' id='word_1_265' title='bbox 1770 3334 1830 3388; x_wconf 85' lang='grc' dir='ltr'>δν</span> <span class='ocrx_word' id='word_1_266' title='bbox 1868 3334 2089 3406; x_wconf 86' lang='grc' dir='ltr'>ἡλίευσε</span> 
     </span>
    </p>
   </div>
   <div class='ocr_carea' id='block_1_37' title="bbox 508 3417 2089 3493">
    <p class='ocr_par' dir='ltr' id='par_1_37' title="bbox 508 3417 2089 3493">
     <span class='ocr_line' id='line_1_37' title="bbox 508 3417 2089 3493; baseline -0.002 -17"><span class='ocrx_word' id='word_1_267' title='bbox 508 3423 716 3493; x_wconf 80' lang='grc' dir='ltr'>Πέτρος</span> <span class='ocrx_word' id='word_1_268' title='bbox 749 3420 887 3475; x_wconf 86' lang='grc' dir='ltr'>κατά</span> <span class='ocrx_word' id='word_1_269' title='bbox 935 3419 996 3473; x_wconf 82' lang='grc' dir='ltr'>τὸ</span> <span class='ocrx_word' id='word_1_270' title='bbox 1029 3420 1359 3491; x_wconf 76' lang='grc' dir='ltr'>πρόσταγμα</span> <span class='ocrx_word' id='word_1_271' title='bbox 1388 3418 1449 3473; x_wconf 85' lang='grc' dir='ltr'>τὸ</span> <span class='ocrx_word' id='word_1_272' title='bbox 1479 3418 1820 3483; x_wconf 78' lang='grc' dir='ltr'>δεσποτικὸν,</span> <span class='ocrx_word' id='word_1_273' title='bbox 1849 3417 2089 3474; x_wconf 90' lang='grc' dir='ltr'>τοιοῦτόν</span> 
     </span>
    </p>
   </div>
   <div class='ocr_carea' id='block_1_38' title="bbox 504 3496 2092 3577">
    <p class='ocr_par' dir='ltr' id='par_1_38' title="bbox 504 3496 2092 3577">
     <span class='ocr_line' id='line_1_38' title="bbox 504 3496 2092 3577; baseline -0.004 -15"><span class='ocrx_word' id='word_1_274' title='bbox 504 3524 561 3562; x_wconf 86' lang='grc' dir='ltr'>τι</span> <span class='ocrx_word' id='word_1_275' title='bbox 581 3507 677 3577; x_wconf 77' lang='grc' dir='ltr'>καὶ</span> <span class='ocrx_word' id='word_1_276' title='bbox 704 3506 797 3560; x_wconf 71' lang='grc' dir='ltr'>ἐπὶ</span> <span class='ocrx_word' id='word_1_277' title='bbox 818 3504 1010 3560; x_wconf 86' lang='grc' dir='ltr'>τούτου</span> <span class='ocrx_word' id='word_1_278' title='bbox 1051 3502 1272 3575; x_wconf 85' lang='grc' dir='ltr'>συνέϐη.</span> <span class='ocrx_word' id='word_1_279' title='bbox 1308 3502 1420 3556; x_wconf 84' lang='lat' dir='ltr'>Kal</span> <span class='ocrx_word' id='word_1_280' title='bbox 1449 3501 1558 3575; x_wconf 84' lang='grc' dir='ltr'>γὰρ</span> <span class='ocrx_word' id='word_1_281' title='bbox 1592 3500 1686 3556; x_wconf 81' lang='grc' dir='ltr'>καί</span> <span class='ocrx_word' id='word_1_282' title='bbox 1710 3496 1864 3566; x_wconf 76' lang='grc' dir='ltr'>οὗτος</span> <span class='ocrx_word' id='word_1_283' title='bbox 1893 3504 1921 3556; x_wconf 92' lang='lat'>6</span> <span class='ocrx_word' id='word_1_284' title='bbox 1940 3501 2092 3574; x_wconf 75' lang='grc' dir='ltr'>ἰχθῦς</span> 
     </span>
    </p>
   </div>
   <div class='ocr_carea' id='block_1_39' title="bbox 506 3584 2090 3659">
    <p class='ocr_par' dir='ltr' id='par_1_39' title="bbox 506 3584 2090 3659">
     <span class='ocr_line' id='line_1_39' title="bbox 506 3584 2090 3659; baseline -0.001 -17"><span class='ocrx_word' id='word_1_285' title='bbox 506 3588 705 3659; x_wconf 84' lang='grc' dir='ltr'>εὑρέθη</span> <span class='ocrx_word' id='word_1_286' title='bbox 732 3587 977 3659; x_wconf 80' lang='grc' dir='ltr'>στατῆρα</span> <span class='ocrx_word' id='word_1_287' title='bbox 1013 3585 1153 3657; x_wconf 80' lang='grc' dir='ltr'>έχων</span> <span class='ocrx_word' id='word_1_288' title='bbox 1175 3586 1233 3639; x_wconf 80' lang='grc' dir='ltr'>ὲν</span> <span class='ocrx_word' id='word_1_289' title='bbox 1264 3584 1343 3657; x_wconf 83' lang='grc' dir='ltr'>τῷ</span> <span class='ocrx_word' id='word_1_290' title='bbox 1395 3585 1645 3657; x_wconf 86' lang='grc' dir='ltr'>στόματι,</span> <span class='ocrx_word' id='word_1_291' title='bbox 1678 3585 1927 3658; x_wconf 80' lang='grc' dir='ltr'>στατῆρα</span> <span class='ocrx_word' id='word_1_292' title='bbox 1966 3586 2090 3658; x_wconf 84' lang='grc' dir='ltr'>μὲν,</span> 
     </span>
    </p>
   </div>
   <div class='ocr_carea' id='block_1_40' title="bbox 506 3667 2087 3743">
    <p class='ocr_par' dir='ltr' id='par_1_40' title="bbox 506 3667 2087 3743">
     <span class='ocr_line' id='line_1_40' title="bbox 506 3667 2087 3743; baseline -0.001 -16"><span class='ocrx_word' id='word_1_293' title='bbox 506 3672 762 3743; x_wconf 83' lang='grc' dir='ltr'>κίϐδηλον</span> <span class='ocrx_word' id='word_1_294' title='bbox 782 3671 858 3725; x_wconf 89' lang='grc' dir='ltr'>δέ·</span> <span class='ocrx_word' id='word_1_295' title='bbox 874 3667 986 3743; x_wconf 83' lang='grc' dir='ltr'>εῐχε</span> <span class='ocrx_word' id='word_1_296' title='bbox 1023 3670 1121 3743; x_wconf 75' lang='grc' dir='ltr'>μὲν</span> <span class='ocrx_word' id='word_1_297' title='bbox 1145 3670 1253 3743; x_wconf 77' lang='grc' dir='ltr'>γάρ</span> <span class='ocrx_word' id='word_1_298' title='bbox 1270 3668 1453 3741; x_wconf 75' lang='grc' dir='ltr'>ζῆλον,</span> <span class='ocrx_word' id='word_1_299' title='bbox 1470 3671 1532 3724; x_wconf 82' lang='lat'>06</span> <span class='ocrx_word' id='word_1_300' title='bbox 1551 3670 1668 3725; x_wconf 88' lang='grc' dir='ltr'>κατ’</span> <span class='ocrx_word' id='word_1_301' title='bbox 1684 3669 1979 3739; x_wconf 74' lang='grc' dir='ltr'>ἐπίγνωσιν</span> <span class='ocrx_word' id='word_1_302' title='bbox 2009 3671 2087 3726; x_wconf 88' lang='grc' dir='ltr'>δέ.</span> 
     </span>
    </p>
   </div>
   <div class='ocr_carea' id='block_1_41' title="bbox 507 3752 2092 3827">
    <p class='ocr_par' dir='ltr' id='par_1_41' title="bbox 507 3752 2092 3827">
     <span class='ocr_line' id='line_1_41' title="bbox 507 3752 2092 3827; baseline 0.001 -18"><span class='ocrx_word' id='word_1_303' title='bbox 507 3755 609 3810; x_wconf 73' lang='grc' dir='ltr'>Διά</span> <span class='ocrx_word' id='word_1_304' title='bbox 643 3753 803 3809; x_wconf 88' lang='grc' dir='ltr'>τοῦτο</span> <span class='ocrx_word' id='word_1_305' title='bbox 828 3755 927 3827; x_wconf 76' lang='grc' dir='ltr'>τὴν</span> <span class='ocrx_word' id='word_1_306' title='bbox 956 3755 1250 3825; x_wconf 74' lang='grc' dir='ltr'>ἐπίγνωσιν</span> <span class='ocrx_word' id='word_1_307' title='bbox 1295 3752 1446 3825; x_wconf 81' lang='grc' dir='ltr'>αὑτῷ</span> <span class='ocrx_word' id='word_1_308' title='bbox 1489 3754 1856 3826; x_wconf 81' lang='grc' dir='ltr'>χαρισάμενος</span> <span class='ocrx_word' id='word_1_309' title='bbox 1882 3756 1911 3809; x_wconf 89' lang='lat'>6</span> <span class='ocrx_word' id='word_1_310' title='bbox 1938 3754 2092 3820; x_wconf 81' lang='grc' dir='ltr'>Θεὸς,</span> 
     </span>
    </p>
   </div>
   <div class='ocr_carea' id='block_1_42' title="bbox 505 3836 2094 3911">
    <p class='ocr_par' dir='ltr' id='par_1_42' title="bbox 505 3836 2094 3911">
     <span class='ocr_line' id='line_1_42' title="bbox 505 3836 2094 3911; baseline 0.001 -19"><span class='ocrx_word' id='word_1_311' title='bbox 505 3839 730 3911; x_wconf 83' lang='grc' dir='ltr'>δόκιμον</span> <span class='ocrx_word' id='word_1_312' title='bbox 775 3838 999 3911; x_wconf 77' lang='grc' dir='ltr'>ἐποίησε</span> <span class='ocrx_word' id='word_1_313' title='bbox 1060 3839 1123 3894; x_wconf 80' lang='grc' dir='ltr'>τὸ</span> <span class='ocrx_word' id='word_1_314' title='bbox 1178 3838 1439 3910; x_wconf 88' lang='grc' dir='ltr'>νόμισμα·</span> <span class='ocrx_word' id='word_1_315' title='bbox 1493 3837 1590 3892; x_wconf 74' lang='grc' dir='ltr'>καὶ</span> <span class='ocrx_word' id='word_1_316' title='bbox 1648 3839 1786 3910; x_wconf 84' lang='grc' dir='ltr'>ὅπερ</span> <span class='ocrx_word' id='word_1_317' title='bbox 1843 3836 1936 3891; x_wconf 78' lang='grc' dir='ltr'>ἐπὶ</span> <span class='ocrx_word' id='word_1_318' title='bbox 1983 3838 2094 3893; x_wconf 90' lang='grc' dir='ltr'>τῶν</span> 
     </span>
    </p>
   </div>
   <div class='ocr_carea' id='block_1_43' title="bbox 508 3922 2092 3997">
    <p class='ocr_par' dir='ltr' id='par_1_43' title="bbox 508 3922 2092 3997">
     <span class='ocr_line' id='line_1_43' title="bbox 508 3922 2092 3997; baseline 0.001 -19"><span class='ocrx_word' id='word_1_319' title='bbox 508 3923 874 3996; x_wconf 87' lang='grc' dir='ltr'>ἁλιευομένων</span> <span class='ocrx_word' id='word_1_320' title='bbox 921 3923 1119 3997; x_wconf 88' lang='grc' dir='ltr'>ίχθύων</span> <span class='ocrx_word' id='word_1_321' title='bbox 1151 3924 1383 3994; x_wconf 88' lang='grc' dir='ltr'>γίνεται,</span> <span class='ocrx_word' id='word_1_322' title='bbox 1413 3922 1573 3977; x_wconf 90' lang='grc' dir='ltr'>τοῦτο</span> <span class='ocrx_word' id='word_1_323' title='bbox 1612 3924 1708 3978; x_wconf 71' lang='grc' dir='ltr'>καί⁸</span> <span class='ocrx_word' id='word_1_324' title='bbox 1758 3924 1850 3978; x_wconf 78' lang='grc' dir='ltr'>έπί</span> <span class='ocrx_word' id='word_1_325' title='bbox 1902 3924 2092 3980; x_wconf 91' lang='grc' dir='ltr'>τούτου</span> 
     </span>
    </p>
   </div>
   <div class='ocr_carea' id='block_1_44' title="bbox 509 4006 2096 4081">
    <p class='ocr_par' dir='ltr' id='par_1_44' title="bbox 509 4006 2096 4081">
     <span class='ocr_line' id='line_1_44' title="bbox 509 4006 2096 4081; baseline -0.001 -17"><span class='ocrx_word' id='word_1_326' title='bbox 509 4014 722 4081; x_wconf 81' lang='grc' dir='ltr'>γέγονε.</span> <span class='ocrx_word' id='word_1_327' title='bbox 750 4008 1017 4080; x_wconf 80' lang='grc' dir='ltr'>Καθάπερ</span> <span class='ocrx_word' id='word_1_328' title='bbox 1041 4007 1150 4080; x_wconf 90' lang='grc' dir='ltr'>γάρ</span> <span class='ocrx_word' id='word_1_329' title='bbox 1187 4010 1386 4062; x_wconf 80' lang='grc' dir='ltr'>ὲκεῖνοι</span> <span class='ocrx_word' id='word_1_330' title='bbox 1424 4006 1520 4061; x_wconf 85' lang='grc' dir='ltr'>τοῦ</span> <span class='ocrx_word' id='word_1_331' title='bbox 1572 4007 1846 4077; x_wconf 85' lang='grc' dir='ltr'>πελάγους</span> <span class='ocrx_word' id='word_1_332' title='bbox 1890 4008 2096 4073; x_wconf 82' lang='grc' dir='ltr'>εὐθέως</span> 
     </span>
    </p>
   </div>
   <div class='ocr_carea' id='block_1_45' title="bbox 510 4083 2096 4160">
    <p class='ocr_par' dir='ltr' id='par_1_45' title="bbox 510 4083 2096 4160">
     <span class='ocr_line' id='line_1_45' title="bbox 510 4083 2096 4160; baseline -0.003 -12"><span class='ocrx_word' id='word_1_333' title='bbox 510 4092 935 4156; x_wconf 80' lang='grc' dir='ltr'>ὀνελκυσθέντες</span> <span class='ocrx_word' id='word_1_334' title='bbox 960 4090 1419 4160; x_wconf 79' lang='grc' dir='ltr'>ἀποτυφλοῦνται,</span> <span class='ocrx_word' id='word_1_335' title='bbox 1461 4089 1606 4144; x_wconf 74' lang='grc' dir='ltr'>οὕτω</span> <span class='ocrx_word' id='word_1_336' title='bbox 1632 4091 1728 4144; x_wconf 75' lang='grc' dir='ltr'>καὶ</span> <span class='ocrx_word' id='word_1_337' title='bbox 1758 4083 1915 4155; x_wconf 72' lang='grc' dir='ltr'>οὗτος</span> <span class='ocrx_word' id='word_1_338' title='bbox 1940 4090 2096 4157; x_wconf 82' lang='grc' dir='ltr'>δεξά-</span> 
     </span>
    </p>
   </div>
   <div class='ocr_carea' id='block_1_46' title="bbox 515 4173 2095 4248">
    <p class='ocr_par' dir='ltr' id='par_1_46' title="bbox 515 4173 2095 4248">
     <span class='ocr_line' id='line_1_46' title="bbox 515 4173 2095 4248; baseline 0 -21"><span class='ocrx_word' id='word_1_339' title='bbox 515 4192 673 4248; x_wconf 82' lang='grc' dir='ltr'>μενος</span> <span class='ocrx_word' id='word_1_340' title='bbox 701 4173 902 4237; x_wconf 79' lang='grc' dir='ltr'>εὐθέως</span> <span class='ocrx_word' id='word_1_341' title='bbox 927 4173 990 4227; x_wconf 83' lang='grc' dir='ltr'>τὸ</span> <span class='ocrx_word' id='word_1_342' title='bbox 1011 4173 1327 4244; x_wconf 79' lang='grc' dir='ltr'>ἄγκιστρον,</span> <span class='ocrx_word' id='word_1_343' title='bbox 1356 4176 1451 4228; x_wconf 79' lang='grc' dir='ltr'>καὶ</span> <span class='ocrx_word' id='word_1_344' title='bbox 1485 4173 1856 4238; x_wconf 74' lang='grc' dir='ltr'>ἀνασπασθεὶς</span> <span class='ocrx_word' id='word_1_345' title='bbox 1892 4174 2095 4240; x_wconf 81' lang='grc' dir='ltr'>εὐθέως</span> 
     </span>
    </p>
   </div>
   <div class='ocr_carea' id='block_1_47' title="bbox 512 4255 2097 4329">
    <p class='ocr_par' dir='ltr' id='par_1_47' title="bbox 512 4255 2097 4329">
     <span class='ocr_line' id='line_1_47' title="bbox 512 4255 2097 4329; baseline -0.001 -16"><span class='ocrx_word' id='word_1_346' title='bbox 512 4255 894 4329; x_wconf 76' lang='grc' dir='ltr'>ἑπετυφλώθηο</span> <span class='ocrx_word' id='word_1_347' title='bbox 928 4255 1042 4310; x_wconf 79' lang='grc' dir='ltr'>ἀλλ’</span> <span class='ocrx_word' id='word_1_348' title='bbox 1066 4257 1250 4327; x_wconf 72' lang='grc' dir='ltr'>ἐκείνη</span> <span class='ocrx_word' id='word_1_349' title='bbox 1272 4258 1305 4328; x_wconf 83' lang='grc' dir='ltr'>ἡ</span> <span class='ocrx_word' id='word_1_350' title='bbox 1337 4255 1610 4326; x_wconf 85' lang='grc' dir='ltr'>τύφλωσις</span> <span class='ocrx_word' id='word_1_351' title='bbox 1631 4257 1812 4311; x_wconf 78' lang='grc' dir='ltr'>πᾶσαν</span> <span class='ocrx_word' id='word_1_352' title='bbox 1843 4257 2097 4329; x_wconf 78' lang='grc' dir='ltr'>οίκουμέο</span> 
     </span>
    </p>
   </div>
   <div class='ocr_carea' id='block_1_48' title="bbox 512 4335 2095 4413">
    <p class='ocr_par' dir='ltr' id='par_1_48' title="bbox 512 4335 2095 4413">
     <span class='ocr_line' id='line_1_48' title="bbox 512 4335 2095 4413; baseline -0.002 -16"><span class='ocrx_word' id='word_1_353' title='bbox 512 4360 612 4413; x_wconf 89' lang='grc' dir='ltr'>νην</span> <span class='ocrx_word' id='word_1_354' title='bbox 642 4338 943 4409; x_wconf 77' lang='grc' dir='ltr'>ἀναϐλέψαι</span> <span class='ocrx_word' id='word_1_355' title='bbox 969 4338 1215 4411; x_wconf 79' lang='grc' dir='ltr'>ἐποίησε.</span> <span class='ocrx_word' id='word_1_356' title='bbox 1243 4338 1408 4393; x_wconf 87' lang='grc' dir='ltr'>Ταῦτ’</span> <span class='ocrx_word' id='word_1_357' title='bbox 1442 4335 1535 4394; x_wconf 81' lang='grc' dir='ltr'>οὖν</span> <span class='ocrx_word' id='word_1_358' title='bbox 1572 4340 1788 4395; x_wconf 75' lang='grc' dir='ltr'>ἅπαντα</span> <span class='ocrx_word' id='word_1_359' title='bbox 1824 4340 1949 4395; x_wconf 85' lang='grc' dir='ltr'>ἰδεῖν</span> <span class='ocrx_word' id='word_1_360' title='bbox 1975 4343 2095 4395; x_wconf 78' lang='grc' dir='ltr'>ἑπι-</span> 
     </span>
    </p>
   </div>
   <div class='ocr_carea' id='block_1_49' title="bbox 512 4414 2097 4496">
    <p class='ocr_par' dir='ltr' id='par_1_49' title="bbox 512 4414 2097 4496">
     <span class='ocr_line' id='line_1_49' title="bbox 512 4414 2097 4496; baseline -0.001 -16"><span class='ocrx_word' id='word_1_361' title='bbox 512 4423 689 4496; x_wconf 85' lang='grc' dir='ltr'>θυμῶ.</span> <span class='ocrx_word' id='word_1_362' title='bbox 726 4423 835 4478; x_wconf 81' lang='grc' dir='ltr'>Καὶ</span> <span class='ocrx_word' id='word_1_363' title='bbox 868 4414 977 4492; x_wconf 83' lang='grc' dir='ltr'>γάρ</span> <span class='ocrx_word' id='word_1_364' title='bbox 1023 4423 1073 4475; x_wconf 90' lang='grc' dir='ltr'>εἰ</span> <span class='ocrx_word' id='word_1_365' title='bbox 1121 4421 1358 4494; x_wconf 88' lang='grc' dir='ltr'>πόλεμος</span> <span class='ocrx_word' id='word_1_366' title='bbox 1390 4423 1520 4494; x_wconf 78' lang='grc' dir='ltr'>ἡμῖν</span> <span class='ocrx_word' id='word_1_367' title='bbox 1560 4424 1930 4496; x_wconf 79' lang='grc' dir='ltr'>περιειστήκει</span> <span class='ocrx_word' id='word_1_368' title='bbox 1962 4423 2097 4496; x_wconf 87' lang='grc' dir='ltr'>βαρ-</span> 
     </span>
    </p>
   </div>
   <div class='ocr_carea' id='block_1_50' title="bbox 511 4505 2097 4581">
    <p class='ocr_par' dir='ltr' id='par_1_50' title="bbox 511 4505 2097 4581">
     <span class='ocr_line' id='line_1_50' title="bbox 511 4505 2097 4581; baseline 0.001 -19"><span class='ocrx_word' id='word_1_369' title='bbox 511 4506 759 4581; x_wconf 80' lang='grc' dir='ltr'>ϐαρικὸς,</span> <span class='ocrx_word' id='word_1_370' title='bbox 794 4507 890 4561; x_wconf 76' lang='grc' dir='ltr'>καὶ</span> <span class='ocrx_word' id='word_1_371' title='bbox 919 4505 1013 4561; x_wconf 76' lang='grc' dir='ltr'>ἐπὶ</span> <span class='ocrx_word' id='word_1_372' title='bbox 1042 4505 1146 4577; x_wconf 82' lang='grc' dir='ltr'>τῆς</span> <span class='ocrx_word' id='word_1_373' title='bbox 1185 4505 1539 4577; x_wconf 81' lang='grc' dir='ltr'>παρατάξεως</span> <span class='ocrx_word' id='word_1_374' title='bbox 1565 4508 1614 4561; x_wconf 87' lang='grc' dir='ltr'>οἰ</span> <span class='ocrx_word' id='word_1_375' title='bbox 1642 4506 1887 4579; x_wconf 89' lang='grc' dir='ltr'>πολέμιοι</span> <span class='ocrx_word' id='word_1_376' title='bbox 1926 4510 2097 4581; x_wconf 92' lang='grc' dir='ltr'>μυρία</span> 
     </span>
    </p>
   </div>
   <div class='ocr_carea' id='block_1_51' title="bbox 513 4585 2097 4667">
    <p class='ocr_par' dir='ltr' id='par_1_51' title="bbox 513 4585 2097 4667">
     <span class='ocr_line' id='line_1_51' title="bbox 513 4585 2097 4667; baseline 0.001 -21"><span class='ocrx_word' id='word_1_377' title='bbox 513 4594 772 4664; x_wconf 76' lang='grc' dir='ltr'>παρεῖχον</span> <span class='ocrx_word' id='word_1_378' title='bbox 792 4592 924 4663; x_wconf 87' lang='grc' dir='ltr'>ἡμῖν</span> <span class='ocrx_word' id='word_1_379' title='bbox 955 4590 1276 4662; x_wconf 88' lang='grc' dir='ltr'>πράγματα,</span> <span class='ocrx_word' id='word_1_380' title='bbox 1294 4585 1413 4644; x_wconf 84' lang='grc' dir='ltr'>εἶτα</span> <span class='ocrx_word' id='word_1_381' title='bbox 1443 4592 1471 4645; x_wconf 89' lang='lat'>6</span> <span class='ocrx_word' id='word_1_382' title='bbox 1500 4591 1805 4663; x_wconf 88' lang='grc' dir='ltr'>στρατηγὸς</span> <span class='ocrx_word' id='word_1_383' title='bbox 1827 4592 1937 4647; x_wconf 88' lang='grc' dir='ltr'>τῶν</span> <span class='ocrx_word' id='word_1_384' title='bbox 1964 4592 2097 4667; x_wconf 80' lang='grc' dir='ltr'>βαρ-</span> 
     </span>
    </p>
   </div>
   <div class='ocr_carea' id='block_1_52' title="bbox 515 4673 2096 4746">
    <p class='ocr_par' dir='ltr' id='par_1_52' title="bbox 515 4673 2096 4746">
     <span class='ocr_line' id='line_1_52' title="bbox 515 4673 2096 4746; baseline 0.003 -19"><span class='ocrx_word' id='word_1_385' title='bbox 515 4675 722 4745; x_wconf 90' lang='grc' dir='ltr'>ϐάρων,</span> <span class='ocrx_word' id='word_1_386' title='bbox 756 4676 786 4726; x_wconf 90' lang='lat'>6</span> <span class='ocrx_word' id='word_1_387' title='bbox 837 4673 1005 4746; x_wconf 88' lang='grc' dir='ltr'>μυρία</span> <span class='ocrx_word' id='word_1_388' title='bbox 1044 4674 1336 4746; x_wconf 86' lang='grc' dir='ltr'>προσάγων</span> <span class='ocrx_word' id='word_1_389' title='bbox 1372 4676 1760 4746; x_wconf 87' lang='grc' dir='ltr'>μηχανήματα,</span> <span class='ocrx_word' id='word_1_390' title='bbox 1793 4676 1887 4730; x_wconf 79' lang='grc' dir='ltr'>καί</span> <span class='ocrx_word' id='word_1_391' title='bbox 1919 4677 2096 4733; x_wconf 88' lang='grc' dir='ltr'>πάντα</span> 
     </span>
    </p>
   </div>
   <div class='ocr_carea' id='block_1_53' title="bbox 517 4754 2098 4834">
    <p class='ocr_par' dir='ltr' id='par_1_53' title="bbox 517 4754 2098 4834">
     <span class='ocr_line' id='line_1_53' title="bbox 517 4754 2098 4834; baseline 0.005 -25"><span class='ocrx_word' id='word_1_392' title='bbox 517 4756 761 4826; x_wconf 84' lang='grc' dir='ltr'>συγχέων</span> <span class='ocrx_word' id='word_1_393' title='bbox 789 4754 857 4809; x_wconf 82' lang='grc' dir='ltr'>τὰ</span> <span class='ocrx_word' id='word_1_394' title='bbox 881 4756 1145 4829; x_wconf 88' lang='grc' dir='ltr'>ἡμέτερα,</span> <span class='ocrx_word' id='word_1_395' title='bbox 1175 4758 1269 4811; x_wconf 77' lang='grc' dir='ltr'>καὶ</span> <span class='ocrx_word' id='word_1_396' title='bbox 1305 4756 1502 4811; x_wconf 89' lang='grc' dir='ltr'>πολλοῦ</span> <span class='ocrx_word' id='word_1_397' title='bbox 1538 4757 1768 4832; x_wconf 89' lang='grc' dir='ltr'>θορύϐου</span> <span class='ocrx_word' id='word_1_398' title='bbox 1805 4761 1898 4815; x_wconf 81' lang='grc' dir='ltr'>καί</span> <span class='ocrx_word' id='word_1_399' title='bbox 1928 4778 2098 4834; x_wconf 86' lang='grc' dir='ltr'>ταρα-</span> 
     </span>
    </p>
   </div>
   <div class='ocr_carea' id='block_1_54' title="bbox 515 4838 2100 4912">
    <p class='ocr_par' dir='ltr' id='par_1_54' title="bbox 515 4838 2100 4912">
     <span class='ocr_line' id='line_1_54' title="bbox 515 4838 2100 4912; baseline -0.003 -18"><span class='ocrx_word' id='word_1_400' title='bbox 515 4841 616 4912; x_wconf 88' lang='grc' dir='ltr'>χῆς</span> <span class='ocrx_word' id='word_1_401' title='bbox 638 4838 884 4911; x_wconf 84' lang='grc' dir='ltr'>πληρῶν,</span> <span class='ocrx_word' id='word_1_402' title='bbox 910 4840 1006 4893; x_wconf 68' lang='grc' dir='ltr'>καὶ</span> <span class='ocrx_word' id='word_1_403' title='bbox 1035 4840 1131 4911; x_wconf 85' lang='grc' dir='ltr'>τὴν</span> <span class='ocrx_word' id='word_1_404' title='bbox 1166 4839 1318 4893; x_wconf 85' lang='grc' dir='ltr'>πόλιν</span> <span class='ocrx_word' id='word_1_405' title='bbox 1339 4841 1508 4912; x_wconf 84' lang='grc' dir='ltr'>αὐτὴν</span> <span class='ocrx_word' id='word_1_406' title='bbox 1540 4843 1779 4898; x_wconf 81' lang='grc' dir='ltr'>ἀπειλῶν</span> <span class='ocrx_word' id='word_1_407' title='bbox 1819 4847 2100 4901; x_wconf 78' lang='grc' dir='ltr'>κατασχά-</span> 
     </span>
    </p>
   </div>
   <div class='ocr_carea' id='block_1_55' title="bbox 514 4921 2089 4999">
    <p class='ocr_par' dir='ltr' id='par_1_55' title="bbox 514 4921 2089 4999">
     <span class='ocr_line' id='line_1_55' title="bbox 514 4921 2089 4999; baseline 0.004 -21"><span class='ocrx_word' id='word_1_408' title='bbox 514 4927 658 4996; x_wconf 67' lang='grc' dir='ltr'>ψειν,</span> <span class='ocrx_word' id='word_1_409' title='bbox 684 4924 778 4977; x_wconf 75' lang='grc' dir='ltr'>καὶ</span> <span class='ocrx_word' id='word_1_410' title='bbox 804 4921 1145 4995; x_wconf 83' lang='grc' dir='ltr'>παραδώσειν</span> <span class='ocrx_word' id='word_1_411' title='bbox 1197 4923 1347 4994; x_wconf 80' lang='grc' dir='ltr'>πυρὶ,</span> <span class='ocrx_word' id='word_1_412' title='bbox 1379 4925 1476 4977; x_wconf 74' lang='grc' dir='ltr'>καὶ</span> <span class='ocrx_word' id='word_1_413' title='bbox 1522 4926 1767 4983; x_wconf 84' lang='grc' dir='ltr'>δουλείαν</span> <span class='ocrx_word' id='word_1_414' title='bbox 1797 4929 1929 4999; x_wconf 86' lang='grc' dir='ltr'>ἡμῖν</span> <span class='ocrx_word' id='word_1_415' title='bbox 1990 4932 2089 4985; x_wconf 80' lang='grc' dir='ltr'>έπ-</span> 
     </span>
    </p>
   </div>
   <div class='ocr_carea' id='block_1_56' title="bbox 514 5004 2099 5085">
    <p class='ocr_par' dir='ltr' id='par_1_56' title="bbox 514 5004 2099 5085">
     <span class='ocr_line' id='line_1_56' title="bbox 514 5004 2099 5085; baseline 0.005 -24"><span class='ocrx_word' id='word_1_416' title='bbox 514 5004 1223 5077; x_wconf 81' lang='grc' dir='ltr'>ανατεινόμενος,ὲξαίφνης</span> <span class='ocrx_word' id='word_1_417' title='bbox 1251 5007 1357 5061; x_wconf 90' lang='lat'><em>61:6</em></span> <span class='ocrx_word' id='word_1_418' title='bbox 1382 5007 1477 5062; x_wconf 85' lang='grc' dir='ltr'>τοῦ</span> <span class='ocrx_word' id='word_1_419' title='bbox 1506 5007 1768 5078; x_wconf 84' lang='grc' dir='ltr'>βασιλέως</span> <span class='ocrx_word' id='word_1_420' title='bbox 1779 5012 1873 5067; x_wconf 84' lang='grc' dir='ltr'>τοῦ</span> <span class='ocrx_word' id='word_1_421' title='bbox 1901 5014 2099 5085; x_wconf 85' lang='grc' dir='ltr'>ἡμετέ-</span> 
     </span>
    </p>
   </div>
   <div class='ocr_carea' id='block_1_57' title="bbox 514 5088 2098 5166">
    <p class='ocr_par' dir='ltr' id='par_1_57' title="bbox 514 5088 2098 5166">
     <span class='ocr_line' id='line_1_57' title="bbox 514 5088 2098 5166; baseline 0.006 -24"><span class='ocrx_word' id='word_1_422' title='bbox 514 5107 612 5161; x_wconf 86' lang='grc' dir='ltr'>ρου</span> <span class='ocrx_word' id='word_1_423' title='bbox 640 5088 815 5153; x_wconf 77' lang='grc' dir='ltr'>δεθεὶς</span> <span class='ocrx_word' id='word_1_424' title='bbox 856 5089 1201 5160; x_wconf 88' lang='grc' dir='ltr'>αἰχμάλωτος</span> <span class='ocrx_word' id='word_1_425' title='bbox 1240 5091 1320 5154; x_wconf 91' lang='grc' dir='ltr'>εἰς</span> <span class='ocrx_word' id='word_1_426' title='bbox 1351 5090 1448 5162; x_wconf 79' lang='grc' dir='ltr'>τὴν</span> <span class='ocrx_word' id='word_1_427' title='bbox 1480 5092 1634 5148; x_wconf 86' lang='grc' dir='ltr'>πόλιν</span> <span class='ocrx_word' id='word_1_428' title='bbox 1668 5095 1853 5166; x_wconf 84' lang='grc' dir='ltr'>ἡγετο,</span> <span class='ocrx_word' id='word_1_429' title='bbox 1896 5098 2098 5162; x_wconf 86' lang='grc' dir='ltr'>πάντες</span> 
     </span>
    </p>
   </div>
   <div class='ocr_carea' id='block_1_58' title="bbox 511 5171 2097 5253">
    <p class='ocr_par' dir='ltr' id='par_1_58' title="bbox 511 5171 2097 5253">
     <span class='ocr_line' id='line_1_58' title="bbox 511 5171 2097 5253; baseline 0.006 -26"><span class='ocrx_word' id='word_1_430' title='bbox 511 5174 580 5227; x_wconf 77' lang='grc' dir='ltr'>ἂν</span> <span class='ocrx_word' id='word_1_431' title='bbox 621 5174 758 5244; x_wconf 90' lang='grc' dir='ltr'>μετά</span> <span class='ocrx_word' id='word_1_432' title='bbox 814 5171 1090 5240; x_wconf 88' lang='grc' dir='ltr'>γυναικῶν</span> <span class='ocrx_word' id='word_1_433' title='bbox 1145 5173 1240 5227; x_wconf 76' lang='grc' dir='ltr'>καὶ</span> <span class='ocrx_word' id='word_1_434' title='bbox 1290 5173 1517 5229; x_wconf 85' lang='grc' dir='ltr'>παιδίων</span> <span class='ocrx_word' id='word_1_435' title='bbox 1558 5177 1695 5249; x_wconf 82' lang='grc' dir='ltr'>πρὸς</span> <span class='ocrx_word' id='word_1_436' title='bbox 1722 5177 1819 5251; x_wconf 83' lang='grc' dir='ltr'>τῆν</span> <span class='ocrx_word' id='word_1_437' title='bbox 1864 5179 2097 5253; x_wconf 89' lang='grc' dir='ltr'>θεωρίαν</span> 
     </span>
    </p>
   </div>
   <div class='ocr_carea' id='block_1_59' title="bbox 511 5254 2096 5337">
    <p class='ocr_par' dir='ltr' id='par_1_59' title="bbox 511 5254 2096 5337">
     <span class='ocr_line' id='line_1_59' title="bbox 511 5254 2096 5337; baseline 0.005 -26"><span class='ocrx_word' id='word_1_438' title='bbox 511 5257 729 5328; x_wconf 80' lang='grc' dir='ltr'>ἐκείνην</span> <span class='ocrx_word' id='word_1_439' title='bbox 774 5255 1213 5327; x_wconf 78' lang='grc' dir='ltr'>ἐξεπηδὴσαμεν.</span> <span class='ocrx_word' id='word_1_440' title='bbox 1260 5258 1414 5312; x_wconf 75' lang='grc' dir='ltr'>Ἐπεὶ</span> <span class='ocrx_word' id='word_1_441' title='bbox 1466 5254 1561 5314; x_wconf 80' lang='grc' dir='ltr'>οῦν</span> <span class='ocrx_word' id='word_1_442' title='bbox 1591 5261 1686 5315; x_wconf 80' lang='grc' dir='ltr'>καί</span> <span class='ocrx_word' id='word_1_443' title='bbox 1730 5262 1826 5317; x_wconf 92' lang='grc' dir='ltr'>νῦν</span> <span class='ocrx_word' id='word_1_444' title='bbox 1860 5264 2096 5337; x_wconf 88' lang='grc' dir='ltr'>πόλεμος</span> 
     </span>
    </p>
   </div>
   <div class='ocr_carea' id='block_1_60' title="bbox 513 5339 2097 5412">
    <p class='ocr_par' dir='ltr' id='par_1_60' title="bbox 513 5339 2097 5412">
     <span class='ocr_line' id='line_1_60' title="bbox 513 5339 2097 5412; baseline 0.006 -18"><span class='ocrx_word' id='word_1_445' title='bbox 513 5341 868 5412; x_wconf 78' lang='grc' dir='ltr'>συνέστηκεν,</span> <span class='ocrx_word' id='word_1_446' title='bbox 917 5339 1186 5395; x_wconf 79' lang='grc' dir='ltr'>Ἰουδαίων</span> <span class='ocrx_word' id='word_1_447' title='bbox 1217 5339 1593 5412; x_wconf 86' lang='grc' dir='ltr'>θορυϐούντων</span> <span class='ocrx_word' id='word_1_448' title='bbox 1633 5344 1850 5401; x_wconf 79' lang='grc' dir='ltr'>ἅπαντα</span> <span class='ocrx_word' id='word_1_449' title='bbox 1875 5349 1971 5403; x_wconf 74' lang='grc' dir='ltr'>καὶ</span> <span class='ocrx_word' id='word_1_450' title='bbox 2003 5365 2097 5403; x_wconf 85' lang='grc' dir='ltr'>τα-</span> 
     </span>
    </p>
   </div>
   <div class='ocr_carea' id='block_1_61' title="bbox 515 5423 2098 5504">
    <p class='ocr_par' dir='ltr' id='par_1_61' title="bbox 515 5423 2098 5504">
     <span class='ocr_line' id='line_1_61' title="bbox 515 5423 2098 5504; baseline 0.004 -27"><span class='ocrx_word' id='word_1_451' title='bbox 515 5423 838 5488; x_wconf 78' lang='grc' dir='ltr'>ραττόντων,</span> <span class='ocrx_word' id='word_1_452' title='bbox 899 5423 995 5478; x_wconf 76' lang='grc' dir='ltr'>καὶ</span> <span class='ocrx_word' id='word_1_453' title='bbox 1028 5423 1198 5478; x_wconf 87' lang='grc' dir='ltr'>πολλά</span> <span class='ocrx_word' id='word_1_454' title='bbox 1240 5427 1307 5498; x_wconf 80' lang='grc' dir='ltr'>τῇ</span> <span class='ocrx_word' id='word_1_455' title='bbox 1341 5426 1441 5497; x_wconf 87' lang='grc' dir='ltr'>τῆς</span> <span class='ocrx_word' id='word_1_456' title='bbox 1476 5427 1801 5498; x_wconf 84' lang='grc' dir='ltr'>Ἐκκλησίας</span> <span class='ocrx_word' id='word_1_457' title='bbox 1830 5431 2098 5504; x_wconf 74' lang='grc' dir='ltr'>ἀσφαλείᾳ</span> 
     </span>
    </p>
   </div>
   <div class='ocr_carea' id='block_1_62' title="bbox 511 5507 2095 5581">
    <p class='ocr_par' dir='ltr' id='par_1_62' title="bbox 511 5507 2095 5581">
     <span class='ocr_line' id='line_1_62' title="bbox 511 5507 2095 5581; baseline 0.008 -24"><span class='ocrx_word' id='word_1_458' title='bbox 511 5507 896 5577; x_wconf 86' lang='grc' dir='ltr'>προσαγόντων</span> <span class='ocrx_word' id='word_1_459' title='bbox 925 5509 1307 5581; x_wconf 79' lang='grc' dir='ltr'>μηχανήματα,</span> <span class='ocrx_word' id='word_1_460' title='bbox 1343 5508 1405 5562; x_wconf 82' lang='grc' dir='ltr'>τὸ</span> <span class='ocrx_word' id='word_1_461' title='bbox 1436 5509 1492 5563; x_wconf 86' lang='grc' dir='ltr'>δὲ</span> <span class='ocrx_word' id='word_1_462' title='bbox 1526 5511 1820 5581; x_wconf 84' lang='grc' dir='ltr'>κεφάλαιον</span> <span class='ocrx_word' id='word_1_463' title='bbox 1857 5513 1966 5569; x_wconf 90' lang='grc' dir='ltr'>τῶν</span> <span class='ocrx_word' id='word_1_464' title='bbox 1996 5533 2095 5569; x_wconf 88' lang='grc' dir='ltr'>πο-</span> 
     </span>
    </p>
   </div>
   <div class='ocr_carea' id='block_1_63' title="bbox 512 5584 2095 5666">
    <p class='ocr_par' dir='ltr' id='par_1_63' title="bbox 512 5584 2095 5666">
     <span class='ocr_line' id='line_1_63' title="bbox 512 5584 2095 5666; baseline 0.009 -27"><span class='ocrx_word' id='word_1_465' title='bbox 512 5584 716 5657; x_wconf 87' lang='grc' dir='ltr'>λεμίων</span> <span class='ocrx_word' id='word_1_466' title='bbox 761 5585 829 5659; x_wconf 79' lang='grc' dir='ltr'>ἦν</span> <span class='ocrx_word' id='word_1_467' title='bbox 861 5591 890 5643; x_wconf 92' lang='lat'>6</span> <span class='ocrx_word' id='word_1_468' title='bbox 921 5591 1153 5658; x_wconf 84' lang='grc' dir='ltr'>Παῦλος,</span> <span class='ocrx_word' id='word_1_469' title='bbox 1193 5594 1222 5647; x_wconf 93' lang='lat'>6</span> <span class='ocrx_word' id='word_1_470' title='bbox 1270 5594 1488 5648; x_wconf 84' lang='grc' dir='ltr'>πάντων</span> <span class='ocrx_word' id='word_1_471' title='bbox 1541 5594 1767 5666; x_wconf 80' lang='grc' dir='ltr'>μείζονα</span> <span class='ocrx_word' id='word_1_472' title='bbox 1796 5599 1892 5653; x_wconf 79' lang='grc' dir='ltr'>καὶ</span> <span class='ocrx_word' id='word_1_473' title='bbox 1927 5600 2095 5654; x_wconf 90' lang='grc' dir='ltr'>ποιῶν</span> 
     </span>
    </p>
   </div>
   <div class='ocr_carea' id='block_1_64' title="bbox 515 5671 2095 5751">
    <p class='ocr_par' dir='ltr' id='par_1_64' title="bbox 515 5671 2095 5751">
     <span class='ocr_line' id='line_1_64' title="bbox 515 5671 2095 5751; baseline 0.011 -30"><span class='ocrx_word' id='word_1_474' title='bbox 515 5671 606 5722; x_wconf 78' lang='grc' dir='ltr'>καὶ</span> <span class='ocrx_word' id='word_1_475' title='bbox 635 5671 834 5739; x_wconf 85' lang='grc' dir='ltr'>λέγων,</span> <span class='ocrx_word' id='word_1_476' title='bbox 876 5674 907 5727; x_wconf 92' lang='lat'>6</span> <span class='ocrx_word' id='word_1_477' title='bbox 950 5674 1128 5732; x_wconf 84' lang='grc' dir='ltr'>πάντα</span> <span class='ocrx_word' id='word_1_478' title='bbox 1159 5675 1402 5748; x_wconf 89' lang='grc' dir='ltr'>θορυϐῶν</span> <span class='ocrx_word' id='word_1_479' title='bbox 1449 5679 1545 5734; x_wconf 74' lang='grc' dir='ltr'>καὶ</span> <span class='ocrx_word' id='word_1_480' title='bbox 1588 5680 1894 5751; x_wconf 83' lang='grc' dir='ltr'>ταράττων,</span> <span class='ocrx_word' id='word_1_481' title='bbox 1935 5682 2095 5740; x_wconf 78' lang='grc' dir='ltr'>έδησε</span> 
     </span>
    </p>
   </div>
   <div class='ocr_carea' id='block_1_65' title="bbox 470 5799 1375 5868">
    <p class='ocr_par' dir='ltr' id='par_1_65' title="bbox 470 5799 1375 5868">
     <span class='ocr_line' id='line_1_65' title="bbox 470 5799 1375 5868; baseline 0.012 -21"><span class='ocrx_word' id='word_1_482' title='bbox 470 5820 473 5823; x_wconf 94' lang='grc'>·</span> <span class='ocrx_word' id='word_1_483' title='bbox 579 5799 605 5827; x_wconf 83' lang='grc'><strong><em>⁸</em></strong></span> <span class='ocrx_word' id='word_1_484' title='bbox 629 5801 721 5850; x_wconf 81' lang='lat' dir='ltr'>Hic</span> <span class='ocrx_word' id='word_1_485' title='bbox 752 5804 929 5855; x_wconf 82' lang='lat' dir='ltr'>deesse</span> <span class='ocrx_word' id='word_1_486' title='bbox 953 5806 1140 5868; x_wconf 80' lang='lat' dir='ltr'>aliquid</span> <span class='ocrx_word' id='word_1_487' title='bbox 1166 5809 1375 5859; x_wconf 73' lang='lat' dir='ltr'>videtur.</span> 
     </span>
    </p>
   </div>
   <div class='ocr_carea' id='block_1_66' title="bbox 1207 366 3076 439">
    <p class='ocr_par' dir='ltr' id='par_1_66' title="bbox 1207 366 3076 439">
     <span class='ocr_line' id='line_1_66' title="bbox 1207 366 3076 439; baseline -0.007 0"><span class='ocrx_word' id='word_1_488' title='bbox 1207 383 1266 439; x_wconf 90' lang='lat' dir='ltr'>S.</span> <span class='ocrx_word' id='word_1_489' title='bbox 1313 377 1601 437; x_wconf 71' lang='lat' dir='ltr'>JOANNIS</span> <span class='ocrx_word' id='word_1_490' title='bbox 1637 367 2137 432; x_wconf 72' lang='lat' dir='ltr'>CIIRYSOSTOMI</span> <span class='ocrx_word' id='word_1_491' title='bbox 2174 366 2494 425; x_wconf 71' lang='lat' dir='ltr'>ARCHIEP.</span> <span class='ocrx_word' id='word_1_492' title='bbox 2527 366 3076 425; x_wconf 69' lang='lat' dir='ltr'>CONSTANTINOP.</span> 
     </span>
    </p>
   </div>
   <div class='ocr_carea' id='block_1_67' title="bbox 3698 358 3803 416">
    <p class='ocr_par' dir='ltr' id='par_1_67' title="bbox 3698 358 3803 416">
     <span class='ocr_line' id='line_1_67' title="bbox 3698 358 3803 416; baseline 0.01 -1"><span class='ocrx_word' id='word_1_493' title='bbox 3698 358 3803 416; x_wconf 81' lang='lat' dir='ltr'><strong>H8</strong></span> 
     </span>
    </p>
   </div>
   <div class='ocr_carea' id='block_1_68' title="bbox 2161 472 3807 551">
    <p class='ocr_par' dir='ltr' id='par_1_68' title="bbox 2161 472 3807 551">
     <span class='ocr_line' id='line_1_68' title="bbox 2161 472 3807 551; baseline 0.004 -25"><span class='ocrx_word' id='word_1_494' title='bbox 2161 472 2219 526; x_wconf 79' lang='grc' dir='ltr'>δὲ</span> <span class='ocrx_word' id='word_1_495' title='bbox 2245 474 2406 529; x_wconf 73' lang='grc' dir='ltr'>αὐτὸν</span> <span class='ocrx_word' id='word_1_496' title='bbox 2437 476 2466 529; x_wconf 90' lang='lat'>6</span> <span class='ocrx_word' id='word_1_497' title='bbox 2487 475 2689 549; x_wconf 79' lang='grc' dir='ltr'>Κύριος</span> <span class='ocrx_word' id='word_1_498' title='bbox 2726 476 2883 549; x_wconf 84' lang='grc' dir='ltr'>ἡμῶν</span> <span class='ocrx_word' id='word_1_499' title='bbox 2915 475 3122 550; x_wconf 80' lang='grc' dir='ltr'>Ἰησοῦς</span> <span class='ocrx_word' id='word_1_500' title='bbox 3148 476 3429 551; x_wconf 79' lang='grc' dir='ltr'>Χριστὸς,</span> <span class='ocrx_word' id='word_1_501' title='bbox 3463 478 3498 532; x_wconf 87' lang='lat'>6</span> <span class='ocrx_word' id='word_1_502' title='bbox 3531 476 3807 549; x_wconf 51' lang='lat'>$100.66;</span> 
     </span>
    </p>
   </div>
   <div class='ocr_carea' id='block_1_69' title="bbox 2163 558 3805 636">
    <p class='ocr_par' dir='ltr' id='par_1_69' title="bbox 2163 558 3805 636">
     <span class='ocr_line' id='line_1_69' title="bbox 2163 558 3805 636; baseline 0.004 -25"><span class='ocrx_word' id='word_1_503' title='bbox 2163 558 2193 610; x_wconf 93' lang='lat'>6</span> <span class='ocrx_word' id='word_1_504' title='bbox 2225 558 2513 630; x_wconf 85' lang='grc' dir='ltr'>ἡμέτερος,</span> <span class='ocrx_word' id='word_1_505' title='bbox 2540 559 2696 631; x_wconf 77' lang='grc' dir='ltr'>ἔδησε</span> <span class='ocrx_word' id='word_1_506' title='bbox 2741 560 2837 615; x_wconf 84' lang='grc' dir='ltr'>καί</span> <span class='ocrx_word' id='word_1_507' title='bbox 2867 562 3212 634; x_wconf 79' lang='grc' dir='ltr'>αἰχμάλωτον</span> <span class='ocrx_word' id='word_1_508' title='bbox 3251 563 3557 636; x_wconf 83' lang='grc' dir='ltr'>εἰσήγαγε</span> <span class='ocrx_word' id='word_1_509' title='bbox 3604 560 3805 617; x_wconf 86' lang='grc' dir='ltr'>τοῦτον</span> 
     </span>
    </p>
   </div>
   <div class='ocr_carea' id='block_1_70' title="bbox 2163 651 3809 729">
    <p class='ocr_par' dir='ltr' id='par_1_70' title="bbox 2163 651 3809 729">
     <span class='ocr_line' id='line_1_70' title="bbox 2163 651 3809 729; baseline 0.002 -24"><span class='ocrx_word' id='word_1_510' title='bbox 2163 651 2255 705; x_wconf 82' lang='grc' dir='ltr'>τὸν</span> <span class='ocrx_word' id='word_1_511' title='bbox 2284 653 2460 708; x_wconf 89' lang='grc' dir='ltr'>πάντα</span> <span class='ocrx_word' id='word_1_512' title='bbox 2501 653 2895 727; x_wconf 86' lang='grc' dir='ltr'>ἀνατρέποντα,</span> <span class='ocrx_word' id='word_1_513' title='bbox 2920 656 3021 710; x_wconf 73' lang='grc' dir='ltr'>οὐκ</span> <span class='ocrx_word' id='word_1_514' title='bbox 3043 656 3362 729; x_wconf 68' lang='grc' dir='ltr'>ἐξέλθωμεν</span> <span class='ocrx_word' id='word_1_515' title='bbox 3378 657 3670 717; x_wconf 71' lang='grc' dir='ltr'>’ἅπαντες</span> <span class='ocrx_word' id='word_1_516' title='bbox 3710 656 3809 709; x_wconf 74' lang='grc' dir='ltr'>ἐπὶ</span> 
     </span>
    </p>
   </div>
   <div class='ocr_carea' id='block_1_71' title="bbox 2164 742 3806 818">
    <p class='ocr_par' dir='ltr' id='par_1_71' title="bbox 2164 742 3806 818">
     <span class='ocr_line' id='line_1_71' title="bbox 2164 742 3806 818; baseline 0.003 -22"><span class='ocrx_word' id='word_1_517' title='bbox 2164 742 2263 815; x_wconf 81' lang='grc' dir='ltr'>τὴν</span> <span class='ocrx_word' id='word_1_518' title='bbox 2319 743 2551 817; x_wconf 87' lang='grc' dir='ltr'>θεωρίαν</span> <span class='ocrx_word' id='word_1_519' title='bbox 2586 746 2812 818; x_wconf 85' lang='grc' dir='ltr'>ταύτην.</span> <span class='ocrx_word' id='word_1_520' title='bbox 2850 745 2994 801; x_wconf 82' lang='grc' dir='ltr'>ὥστε</span> <span class='ocrx_word' id='word_1_521' title='bbox 3037 745 3166 801; x_wconf 87' lang='grc' dir='ltr'>ἰδεῖν</span> <span class='ocrx_word' id='word_1_522' title='bbox 3197 746 3382 801; x_wconf 77' lang='grc' dir='ltr'>αὑτὸν</span> <span class='ocrx_word' id='word_1_523' title='bbox 3422 745 3806 818; x_wconf 82' lang='grc' dir='ltr'>αἰχμάλωτον</span> 
     </span>
    </p>
   </div>
   <div class='ocr_carea' id='block_1_72' title="bbox 2166 836 3807 910">
    <p class='ocr_par' dir='ltr' id='par_1_72' title="bbox 2166 836 3807 910">
     <span class='ocr_line' id='line_1_72' title="bbox 2166 836 3807 910; baseline 0.001 -21"><span class='ocrx_word' id='word_1_524' title='bbox 2166 836 2467 908; x_wconf 88' lang='grc' dir='ltr'>ἀγόμενον;</span> <span class='ocrx_word' id='word_1_525' title='bbox 2495 838 2606 892; x_wconf 86' lang='lat' dir='ltr'>Kal</span> <span class='ocrx_word' id='word_1_526' title='bbox 2635 836 2745 910; x_wconf 89' lang='grc' dir='ltr'>γάρ</span> <span class='ocrx_word' id='word_1_527' title='bbox 2771 838 2823 892; x_wconf 83' lang='grc' dir='ltr'>οἰ</span> <span class='ocrx_word' id='word_1_528' title='bbox 2866 838 3087 908; x_wconf 74' lang='grc' dir='ltr'>ἄγγελοι</span> <span class='ocrx_word' id='word_1_529' title='bbox 3117 839 3239 892; x_wconf 87' lang='grc' dir='ltr'>τότε</span> <span class='ocrx_word' id='word_1_530' title='bbox 3271 839 3349 892; x_wconf 67' lang='grc' dir='ltr'>ἐκ</span> <span class='ocrx_word' id='word_1_531' title='bbox 3378 837 3508 892; x_wconf 85' lang='grc' dir='ltr'>τῶν</span> <span class='ocrx_word' id='word_1_532' title='bbox 3541 837 3807 905; x_wconf 81' lang='grc' dir='ltr'>οὐρανῶν</span> 
     </span>
    </p>
   </div>
   <div class='ocr_carea' id='block_1_73' title="bbox 2167 927 3803 1003">
    <p class='ocr_par' dir='ltr' id='par_1_73' title="bbox 2167 927 3803 1003">
     <span class='ocr_line' id='line_1_73' title="bbox 2167 927 3803 1003; baseline 0.002 -22"><span class='ocrx_word' id='word_1_533' title='bbox 2167 927 2404 1000; x_wconf 83' lang='grc' dir='ltr'>ὁρῶντες</span> <span class='ocrx_word' id='word_1_534' title='bbox 2434 929 2597 983; x_wconf 82' lang='grc' dir='ltr'>αὐτὸν</span> <span class='ocrx_word' id='word_1_535' title='bbox 2622 929 2906 1001; x_wconf 81' lang='grc' dir='ltr'>δεδεμένον</span> <span class='ocrx_word' id='word_1_536' title='bbox 2931 931 3025 985; x_wconf 77' lang='grc' dir='ltr'>καὶ</span> <span class='ocrx_word' id='word_1_537' title='bbox 3049 930 3453 1003; x_wconf 84' lang='grc' dir='ltr'>εἰσαγόμενον,</span> <span class='ocrx_word' id='word_1_538' title='bbox 3486 928 3803 1000; x_wconf 73' lang='grc' dir='ltr'>ἐσκίρτωνο</span> 
     </span>
    </p>
   </div>
   <div class='ocr_carea' id='block_1_74' title="bbox 2168 1017 3810 1094">
    <p class='ocr_par' dir='ltr' id='par_1_74' title="bbox 2168 1017 3810 1094">
     <span class='ocr_line' id='line_1_74' title="bbox 2168 1017 3810 1094; baseline 0.002 -23"><span class='ocrx_word' id='word_1_539' title='bbox 2168 1017 2270 1072; x_wconf 79' lang='grc' dir='ltr'>οὐκ</span> <span class='ocrx_word' id='word_1_540' title='bbox 2321 1019 2509 1093; x_wconf 77' lang='grc' dir='ltr'>ἐπειδὴ</span> <span class='ocrx_word' id='word_1_541' title='bbox 2541 1020 2822 1091; x_wconf 84' lang='grc' dir='ltr'>δεδεμένον</span> <span class='ocrx_word' id='word_1_542' title='bbox 2861 1018 3000 1075; x_wconf 84' lang='grc' dir='ltr'>εἶδον</span> <span class='ocrx_word' id='word_1_543' title='bbox 3055 1022 3236 1093; x_wconf 90' lang='grc' dir='ltr'>μόνον,</span> <span class='ocrx_word' id='word_1_544' title='bbox 3286 1020 3423 1076; x_wconf 78' lang='grc' dir='ltr'>ἀλλ’</span> <span class='ocrx_word' id='word_1_545' title='bbox 3464 1022 3679 1094; x_wconf 70' lang='grc' dir='ltr'>ἐπειδὴ</span> <span class='ocrx_word' id='word_1_546' title='bbox 3722 1024 3810 1075; x_wconf 80' lang='grc' dir='ltr'>ὲν-</span> 
     </span>
    </p>
   </div>
   <div class='ocr_carea' id='block_1_75' title="bbox 2170 1110 3810 1186">
    <p class='ocr_par' dir='ltr' id='par_1_75' title="bbox 2170 1110 3810 1186">
     <span class='ocr_line' id='line_1_75' title="bbox 2170 1110 3810 1186; baseline 0.004 -24"><span class='ocrx_word' id='word_1_547' title='bbox 2170 1110 2354 1163; x_wconf 87' lang='grc' dir='ltr'>ενόουν</span> <span class='ocrx_word' id='word_1_548' title='bbox 2367 1110 2526 1177; x_wconf 83' lang='grc' dir='ltr'>ὅσους</span> <span class='ocrx_word' id='word_1_549' title='bbox 2550 1111 2869 1185; x_wconf 83' lang='grc' dir='ltr'>ἀνθρώπους</span> <span class='ocrx_word' id='word_1_550' title='bbox 2889 1112 2997 1167; x_wconf 77' lang='grc' dir='ltr'>ἀπὸ</span> <span class='ocrx_word' id='word_1_551' title='bbox 3024 1111 3135 1167; x_wconf 89' lang='grc' dir='ltr'>τῶν</span> <span class='ocrx_word' id='word_1_552' title='bbox 3163 1111 3398 1185; x_wconf 82' lang='grc' dir='ltr'>δεσμῶν</span> <span class='ocrx_word' id='word_1_553' title='bbox 3430 1113 3601 1168; x_wconf 84' lang='grc' dir='ltr'>λύειν</span> <span class='ocrx_word' id='word_1_554' title='bbox 3636 1112 3810 1186; x_wconf 76' lang='grc' dir='ltr'>ἔμελ-</span> 
     </span>
    </p>
   </div>
   <div class='ocr_carea' id='block_1_76' title="bbox 2168 1201 3807 1278">
    <p class='ocr_par' dir='ltr' id='par_1_76' title="bbox 2168 1201 3807 1278">
     <span class='ocr_line' id='line_1_76' title="bbox 2168 1201 3807 1278; baseline 0.004 -22"><span class='ocrx_word' id='word_1_555' title='bbox 2168 1201 2281 1256; x_wconf 79' lang='grc' dir='ltr'>λενο</span> <span class='ocrx_word' id='word_1_556' title='bbox 2334 1203 2435 1257; x_wconf 78' lang='grc' dir='ltr'>οὐκ</span> <span class='ocrx_word' id='word_1_557' title='bbox 2483 1203 2671 1277; x_wconf 74' lang='grc' dir='ltr'>ἐπειδὴ</span> <span class='ocrx_word' id='word_1_558' title='bbox 2718 1204 3227 1278; x_wconf 87' lang='grc' dir='ltr'>χειραγωγούμενον</span> <span class='ocrx_word' id='word_1_559' title='bbox 3280 1205 3645 1271; x_wconf 74' lang='grc' dir='ltr'>ἐθεάσαντο,</span> <span class='ocrx_word' id='word_1_560' title='bbox 3685 1206 3807 1262; x_wconf 83' lang='grc' dir='ltr'>ἀλλ’</span> 
     </span>
    </p>
   </div>
   <div class='ocr_carea' id='block_1_77' title="bbox 2172 1293 3809 1370">
    <p class='ocr_par' dir='ltr' id='par_1_77' title="bbox 2172 1293 3809 1370">
     <span class='ocr_line' id='line_1_77' title="bbox 2172 1293 3809 1370; baseline 0.002 -22"><span class='ocrx_word' id='word_1_561' title='bbox 2172 1293 2359 1367; x_wconf 79' lang='grc' dir='ltr'>ἐπειδὴ</span> <span class='ocrx_word' id='word_1_562' title='bbox 2388 1293 2716 1365; x_wconf 71' lang='grc' dir='ltr'>ἐλογίζοντο,</span> <span class='ocrx_word' id='word_1_563' title='bbox 2739 1296 2898 1361; x_wconf 85' lang='grc' dir='ltr'>ὅσους</span> <span class='ocrx_word' id='word_1_564' title='bbox 2918 1296 3239 1369; x_wconf 83' lang='grc' dir='ltr'>ἀνθρώπους</span> <span class='ocrx_word' id='word_1_565' title='bbox 3258 1296 3517 1369; x_wconf 71' lang='grc' dir='ltr'>ἔμελλεν</span> <span class='ocrx_word' id='word_1_566' title='bbox 3555 1298 3676 1352; x_wconf 80' lang='grc' dir='ltr'>ἀπὸ</span> <span class='ocrx_word' id='word_1_567' title='bbox 3706 1299 3809 1370; x_wconf 89' lang='grc' dir='ltr'>τῆς</span> 
     </span>
    </p>
   </div>
   <div class='ocr_carea' id='block_1_78' title="bbox 2172 1387 3810 1461">
    <p class='ocr_par' dir='ltr' id='par_1_78' title="bbox 2172 1387 3810 1461">
     <span class='ocr_line' id='line_1_78' title="bbox 2172 1387 3810 1461; baseline 0.004 -21"><span class='ocrx_word' id='word_1_568' title='bbox 2172 1387 2275 1459; x_wconf 85' lang='grc' dir='ltr'>γῆς</span> <span class='ocrx_word' id='word_1_569' title='bbox 2313 1388 2394 1453; x_wconf 87' lang='grc' dir='ltr'>είς</span> <span class='ocrx_word' id='word_1_570' title='bbox 2415 1387 2508 1442; x_wconf 82' lang='grc' dir='ltr'>τὸν</span> <span class='ocrx_word' id='word_1_571' title='bbox 2530 1387 2757 1459; x_wconf 78' lang='grc' dir='ltr'>οὐρανὸν</span> <span class='ocrx_word' id='word_1_572' title='bbox 2788 1391 3147 1461; x_wconf 85' lang='grc' dir='ltr'>χειραγωγεῖν</span> <span class='ocrx_word' id='word_1_573' title='bbox 3196 1391 3447 1454; x_wconf 73' lang='grc' dir='ltr'>ἐκεῖνος.</span> <span class='ocrx_word' id='word_1_574' title='bbox 3494 1389 3607 1444; x_wconf 83' lang='grc' dir='ltr'>Διά</span> <span class='ocrx_word' id='word_1_575' title='bbox 3641 1390 3810 1448; x_wconf 86' lang='grc' dir='ltr'>τοῦτο</span> 
     </span>
    </p>
   </div>
   <div class='ocr_carea' id='block_1_79' title="bbox 2174 1478 3806 1558">
    <p class='ocr_par' dir='ltr' id='par_1_79' title="bbox 2174 1478 3806 1558">
     <span class='ocr_line' id='line_1_79' title="bbox 2174 1478 3806 1558; baseline 0.004 -26"><span class='ocrx_word' id='word_1_576' title='bbox 2174 1478 2412 1552; x_wconf 80' lang='grc' dir='ltr'>ἔχαιρον,</span> <span class='ocrx_word' id='word_1_577' title='bbox 2446 1480 2548 1535; x_wconf 80' lang='grc' dir='ltr'>οὐκ</span> <span class='ocrx_word' id='word_1_578' title='bbox 2580 1480 2770 1552; x_wconf 76' lang='grc' dir='ltr'>ἐπειδὴ</span> <span class='ocrx_word' id='word_1_579' title='bbox 2794 1482 3196 1553; x_wconf 80' lang='grc' dir='ltr'>πεπηρωμένον</span> <span class='ocrx_word' id='word_1_580' title='bbox 3219 1478 3398 1548; x_wconf 74' lang='grc' dir='ltr'>εἶδον,</span> <span class='ocrx_word' id='word_1_581' title='bbox 3444 1482 3574 1537; x_wconf 80' lang='grc' dir='ltr'>ἀλλ’</span> <span class='ocrx_word' id='word_1_582' title='bbox 3608 1483 3806 1558; x_wconf 71' lang='grc' dir='ltr'>ἐπειδὴ</span> 
     </span>
    </p>
   </div>
   <div class='ocr_carea' id='block_1_80' title="bbox 2174 1573 3807 1646">
    <p class='ocr_par' dir='ltr' id='par_1_80' title="bbox 2174 1573 3807 1646">
     <span class='ocr_line' id='line_1_80' title="bbox 2174 1573 3807 1646; baseline 0.003 -18"><span class='ocrx_word' id='word_1_583' title='bbox 2174 1573 2416 1629; x_wconf 70' lang='grc' dir='ltr'>ινενόουν</span> <span class='ocrx_word' id='word_1_584' title='bbox 2444 1574 2602 1639; x_wconf 73' lang='grc' dir='ltr'>ὅσους</span> <span class='ocrx_word' id='word_1_585' title='bbox 2639 1574 2863 1646; x_wconf 71' lang='grc' dir='ltr'>ἔμελλεν</span> <span class='ocrx_word' id='word_1_586' title='bbox 2891 1574 3001 1628; x_wconf 78' lang='grc' dir='ltr'>ἀπὸ</span> <span class='ocrx_word' id='word_1_587' title='bbox 3057 1576 3281 1640; x_wconf 86' lang='grc' dir='ltr'>σκότους</span> <span class='ocrx_word' id='word_1_588' title='bbox 3317 1574 3665 1646; x_wconf 73' lang='grc' dir='ltr'>ἐξαγαγεῖν.</span> <span class='ocrx_word' id='word_1_589' title='bbox 3700 1578 3807 1633; x_wconf 80' lang='grc' dir='ltr'>Πο-</span> 
     </span>
    </p>
   </div>
   <div class='ocr_carea' id='block_1_81' title="bbox 2182 1664 3808 1738">
    <p class='ocr_par' dir='ltr' id='par_1_81' title="bbox 2182 1664 3808 1738">
     <span class='ocr_line' id='line_1_81' title="bbox 2182 1664 3808 1738; baseline 0.002 -20"><span class='ocrx_word' id='word_1_590' title='bbox 2182 1664 2404 1736; x_wconf 89' lang='grc' dir='ltr'>ρεύθητι</span> <span class='ocrx_word' id='word_1_591' title='bbox 2432 1666 2564 1736; x_wconf 88' lang='grc' dir='ltr'>γάρ.</span> <span class='ocrx_word' id='word_1_592' title='bbox 2596 1666 2784 1737; x_wconf 76' lang='grc' dir='ltr'>φησὶν,</span> <span class='ocrx_word' id='word_1_593' title='bbox 2816 1667 2895 1730; x_wconf 88' lang='grc' dir='ltr'>εἰς</span> <span class='ocrx_word' id='word_1_594' title='bbox 2922 1666 2991 1720; x_wconf 85' lang='grc' dir='ltr'>τὰ</span> <span class='ocrx_word' id='word_1_595' title='bbox 3023 1666 3173 1738; x_wconf 72' lang='grc' dir='ltr'>ἔθνη,</span> <span class='ocrx_word' id='word_1_596' title='bbox 3206 1667 3303 1721; x_wconf 72' lang='grc' dir='ltr'>καὶ</span> <span class='ocrx_word' id='word_1_597' title='bbox 3319 1666 3679 1734; x_wconf 82' lang='grc' dir='ltr'>ἀπαλλάξας</span> <span class='ocrx_word' id='word_1_598' title='bbox 3709 1669 3808 1722; x_wconf 80' lang='lat' dir='ltr'>a6-</span> 
     </span>
    </p>
   </div>
   <div class='ocr_carea' id='block_1_82' title="bbox 2177 1758 3806 1835">
    <p class='ocr_par' dir='ltr' id='par_1_82' title="bbox 2177 1758 3806 1835">
     <span class='ocr_line' id='line_1_82' title="bbox 2177 1758 3806 1835; baseline 0.004 -24"><span class='ocrx_word' id='word_1_599' title='bbox 2177 1758 2304 1822; x_wconf 78' lang='grc' dir='ltr'>τοὺς</span> <span class='ocrx_word' id='word_1_600' title='bbox 2331 1758 2442 1813; x_wconf 80' lang='grc' dir='ltr'>ἀπὸ</span> <span class='ocrx_word' id='word_1_601' title='bbox 2465 1759 2710 1825; x_wconf 88' lang='grc' dir='ltr'>σκότους,</span> <span class='ocrx_word' id='word_1_602' title='bbox 2744 1761 3103 1832; x_wconf 80' lang='grc' dir='ltr'>μεταστήσεις</span> <span class='ocrx_word' id='word_1_603' title='bbox 3132 1760 3335 1825; x_wconf 77' lang='grc' dir='ltr'>αὐτοὺς</span> <span class='ocrx_word' id='word_1_604' title='bbox 3379 1762 3473 1825; x_wconf 88' lang='grc' dir='ltr'>εἰς</span> <span class='ocrx_word' id='word_1_605' title='bbox 3506 1762 3618 1835; x_wconf 79' lang='grc' dir='ltr'>τὴν</span> <span class='ocrx_word' id='word_1_606' title='bbox 3648 1761 3806 1834; x_wconf 82' lang='grc' dir='ltr'>βασι-</span> 
     </span>
    </p>
   </div>
   <div class='ocr_carea' id='block_1_83' title="bbox 2180 1850 3807 1925">
    <p class='ocr_par' dir='ltr' id='par_1_83' title="bbox 2180 1850 3807 1925">
     <span class='ocr_line' id='line_1_83' title="bbox 2180 1850 3807 1925; baseline 0.004 -22"><span class='ocrx_word' id='word_1_607' title='bbox 2180 1850 2330 1904; x_wconf 82' lang='grc' dir='ltr'>λείαν</span> <span class='ocrx_word' id='word_1_608' title='bbox 2376 1851 2475 1923; x_wconf 88' lang='grc' dir='ltr'>τῆς</span> <span class='ocrx_word' id='word_1_609' title='bbox 2530 1850 2753 1924; x_wconf 84' lang='grc' dir='ltr'>ἀγάπης</span> <span class='ocrx_word' id='word_1_610' title='bbox 2807 1850 3067 1925; x_wconf 75' lang='grc' dir='ltr'>Χριστοῦ.</span> <span class='ocrx_word' id='word_1_611' title='bbox 3118 1851 3270 1925; x_wconf 68' lang='grc'><strong>[102]</strong></span> <span class='ocrx_word' id='word_1_612' title='bbox 3331 1851 3449 1907; x_wconf 85' lang='grc' dir='ltr'>Διά</span> <span class='ocrx_word' id='word_1_613' title='bbox 3499 1853 3691 1909; x_wconf 84' lang='grc' dir='ltr'>ταῦτα</span> <span class='ocrx_word' id='word_1_614' title='bbox 3744 1855 3807 1909; x_wconf 80' lang='grc' dir='ltr'>τὸ</span> 
     </span>
    </p>
   </div>
   <div class='ocr_carea' id='block_1_84' title="bbox 2181 1942 3800 2018">
    <p class='ocr_par' dir='ltr' id='par_1_84' title="bbox 2181 1942 3800 2018">
     <span class='ocr_line' id='line_1_84' title="bbox 2181 1942 3800 2018; baseline 0.003 -21"><span class='ocrx_word' id='word_1_615' title='bbox 2181 1942 2465 2017; x_wconf 89' lang='grc' dir='ltr'>προοίμιον</span> <span class='ocrx_word' id='word_1_616' title='bbox 2502 1943 2683 2013; x_wconf 85' lang='grc' dir='ltr'>ἀφεὶς,</span> <span class='ocrx_word' id='word_1_617' title='bbox 2739 1944 2820 2009; x_wconf 90' lang='grc' dir='ltr'>εἰς</span> <span class='ocrx_word' id='word_1_618' title='bbox 2874 1943 2938 1999; x_wconf 81' lang='grc' dir='ltr'>τδ</span> <span class='ocrx_word' id='word_1_619' title='bbox 2994 1944 3159 2018; x_wconf 89' lang='grc' dir='ltr'>μέσον</span> <span class='ocrx_word' id='word_1_620' title='bbox 3207 1944 3495 2001; x_wconf 75' lang='grc' dir='ltr'>ἀλλεσθαι</span> <span class='ocrx_word' id='word_1_621' title='bbox 3552 1946 3800 2002; x_wconf 84' lang='grc' dir='ltr'>σπεύδω.</span> 
     </span>
    </p>
   </div>
   <div class='ocr_carea' id='block_1_85' title="bbox 2182 2033 3808 2110">
    <p class='ocr_par' dir='ltr' id='par_1_85' title="bbox 2182 2033 3808 2110">
     <span class='ocr_line' id='line_1_85' title="bbox 2182 2033 3808 2110; baseline 0.002 -20"><span class='ocrx_word' id='word_1_622' title='bbox 2182 2034 2394 2100; x_wconf 88' lang='grc' dir='ltr'>Παῦλος</span> <span class='ocrx_word' id='word_1_623' title='bbox 2425 2033 2536 2107; x_wconf 85' lang='grc' dir='ltr'>γὰρ</span> <span class='ocrx_word' id='word_1_624' title='bbox 2591 2035 2685 2091; x_wconf 77' lang='grc' dir='ltr'>καὶ</span> <span class='ocrx_word' id='word_1_625' title='bbox 2715 2037 2745 2088; x_wconf 90' lang='lat'>6</span> <span class='ocrx_word' id='word_1_626' title='bbox 2787 2034 3000 2090; x_wconf 88' lang='grc' dir='ltr'>Παύλου</span> <span class='ocrx_word' id='word_1_627' title='bbox 3054 2034 3220 2100; x_wconf 84' lang='grc' dir='ltr'>πόθος</span> <span class='ocrx_word' id='word_1_628' title='bbox 3273 2036 3622 2109; x_wconf 69' lang='grc' dir='ltr'>ἠνάγκασεν</span> <span class='ocrx_word' id='word_1_629' title='bbox 3656 2037 3808 2110; x_wconf 77' lang='grc' dir='ltr'>ἡμᾶς</span> 
     </span>
    </p>
   </div>
   <div class='ocr_carea' id='block_1_86' title="bbox 2183 2127 3803 2202">
    <p class='ocr_par' dir='ltr' id='par_1_86' title="bbox 2183 2127 3803 2202">
     <span class='ocr_line' id='line_1_86' title="bbox 2183 2127 3803 2202; baseline 0.005 -23"><span class='ocrx_word' id='word_1_630' title='bbox 2183 2127 2424 2199; x_wconf 85' lang='grc' dir='ltr'>πηδῆσαι</span> <span class='ocrx_word' id='word_1_631' title='bbox 2452 2127 2610 2182; x_wconf 87' lang='grc' dir='ltr'>τοῦτο</span> <span class='ocrx_word' id='word_1_632' title='bbox 2632 2128 2693 2181; x_wconf 82' lang='grc' dir='ltr'>τὸ</span> <span class='ocrx_word' id='word_1_633' title='bbox 2719 2128 2965 2202; x_wconf 85' lang='grc' dir='ltr'>πήδημα.</span> <span class='ocrx_word' id='word_1_634' title='bbox 3019 2128 3232 2195; x_wconf 90' lang='grc' dir='ltr'>Παῦλος</span> <span class='ocrx_word' id='word_1_635' title='bbox 3259 2131 3367 2185; x_wconf 72' lang='grc' dir='ltr'>καὶ</span> <span class='ocrx_word' id='word_1_636' title='bbox 3389 2132 3423 2184; x_wconf 92' lang='lat'>6</span> <span class='ocrx_word' id='word_1_637' title='bbox 3446 2131 3680 2186; x_wconf 86' lang='grc' dir='ltr'>Παύλου</span> <span class='ocrx_word' id='word_1_638' title='bbox 3701 2132 3803 2186; x_wconf 84' lang='grc' dir='ltr'>πό-</span> 
     </span>
    </p>
   </div>
   <div class='ocr_carea' id='block_1_87' title="bbox 2184 2219 3805 2294">
    <p class='ocr_par' dir='ltr' id='par_1_87' title="bbox 2184 2219 3805 2294">
     <span class='ocr_line' id='line_1_87' title="bbox 2184 2219 3805 2294; baseline 0.001 -20"><span class='ocrx_word' id='word_1_639' title='bbox 2184 2219 2296 2284; x_wconf 88' lang='grc' dir='ltr'>θος.</span> <span class='ocrx_word' id='word_1_640' title='bbox 2325 2220 2613 2291; x_wconf 86' lang='grc' dir='ltr'>Σύγγνωτέ</span> <span class='ocrx_word' id='word_1_641' title='bbox 2643 2239 2754 2293; x_wconf 92' lang='grc' dir='ltr'>μοι,</span> <span class='ocrx_word' id='word_1_642' title='bbox 2784 2220 2983 2292; x_wconf 78' lang='grc' dir='ltr'>μᾶλλον</span> <span class='ocrx_word' id='word_1_643' title='bbox 3004 2221 3059 2275; x_wconf 80' lang='grc' dir='ltr'>δὲ</span> <span class='ocrx_word' id='word_1_644' title='bbox 3088 2221 3165 2294; x_wconf 82' lang='grc' dir='ltr'>μὴ</span> <span class='ocrx_word' id='word_1_645' title='bbox 3186 2222 3515 2292; x_wconf 84' lang='grc' dir='ltr'>σύγγνωτε,</span> <span class='ocrx_word' id='word_1_646' title='bbox 3549 2222 3805 2278; x_wconf 80' lang='grc' dir='ltr'>ἀλλὰκαὶ</span> 
     </span>
    </p>
   </div>
   <div class='ocr_carea' id='block_1_88' title="bbox 2187 2313 3802 2389">
    <p class='ocr_par' dir='ltr' id='par_1_88' title="bbox 2187 2313 3802 2389">
     <span class='ocr_line' id='line_1_88' title="bbox 2187 2313 3802 2389; baseline 0.002 -21"><span class='ocrx_word' id='word_1_647' title='bbox 2187 2313 2467 2386; x_wconf 81' lang='grc' dir='ltr'>ζηλώσατε</span> <span class='ocrx_word' id='word_1_648' title='bbox 2491 2315 2581 2369; x_wconf 84' lang='grc' dir='ltr'>τὸν</span> <span class='ocrx_word' id='word_1_649' title='bbox 2614 2315 2793 2387; x_wconf 75' lang='grc' dir='ltr'>ἔρωτα</span> <span class='ocrx_word' id='word_1_650' title='bbox 2818 2313 3028 2370; x_wconf 82' lang='grc' dir='ltr'>τοῦτον.</span> <span class='ocrx_word' id='word_1_651' title='bbox 3066 2315 3126 2369; x_wconf 83' lang='lat' dir='ltr'>&#39;U</span> <span class='ocrx_word' id='word_1_652' title='bbox 3157 2315 3255 2387; x_wconf 78' lang='grc' dir='ltr'>μὲν</span> <span class='ocrx_word' id='word_1_653' title='bbox 3271 2315 3395 2389; x_wconf 86' lang='grc' dir='ltr'>γάρ</span> <span class='ocrx_word' id='word_1_654' title='bbox 3425 2317 3642 2371; x_wconf 76' lang='grc' dir='ltr'>ἄτοπον</span> <span class='ocrx_word' id='word_1_655' title='bbox 3658 2316 3802 2389; x_wconf 75' lang='grc' dir='ltr'>ἐρῶν</span> 
     </span>
    </p>
   </div>
   <div class='ocr_carea' id='block_1_89' title="bbox 2185 2407 3800 2481">
    <p class='ocr_par' dir='ltr' id='par_1_89' title="bbox 2185 2407 3800 2481">
     <span class='ocr_line' id='line_1_89' title="bbox 2185 2407 3800 2481; baseline 0.002 -21"><span class='ocrx_word' id='word_1_656' title='bbox 2185 2407 2387 2481; x_wconf 72' lang='grc' dir='ltr'>ἔρωτα,</span> <span class='ocrx_word' id='word_1_657' title='bbox 2410 2408 2636 2472; x_wconf 87' lang='grc' dir='ltr'>εἰκότως</span> <span class='ocrx_word' id='word_1_658' title='bbox 2665 2407 2994 2480; x_wconf 84' lang='grc' dir='ltr'>συγγνώμην</span> <span class='ocrx_word' id='word_1_659' title='bbox 3015 2408 3176 2462; x_wconf 59' lang='lat' dir='ltr'><strong><em>alte?</em></strong></span> <span class='ocrx_word' id='word_1_660' title='bbox 3204 2408 3233 2461; x_wconf 90' lang='lat'>6</span> <span class='ocrx_word' id='word_1_661' title='bbox 3255 2407 3318 2461; x_wconf 81' lang='grc' dir='ltr'>δὲ</span> <span class='ocrx_word' id='word_1_662' title='bbox 3350 2408 3616 2463; x_wconf 86' lang='grc' dir='ltr'>τοιοῦτον</span> <span class='ocrx_word' id='word_1_663' title='bbox 3637 2409 3800 2481; x_wconf 75' lang='grc' dir='ltr'>ἐρῶν,</span> 
     </span>
    </p>
   </div>
   <div class='ocr_carea' id='block_1_90' title="bbox 2188 2498 3799 2572">
    <p class='ocr_par' dir='ltr' id='par_1_90' title="bbox 2188 2498 3799 2572">
     <span class='ocr_line' id='line_1_90' title="bbox 2188 2498 3799 2572; baseline 0.002 -19"><span class='ocrx_word' id='word_1_664' title='bbox 2188 2498 2614 2565; x_wconf 79' lang='grc' dir='ltr'>καλλωπιςέσθω</span> <span class='ocrx_word' id='word_1_665' title='bbox 2659 2499 2738 2572; x_wconf 88' lang='grc' dir='ltr'>τῷ</span> <span class='ocrx_word' id='word_1_666' title='bbox 2777 2499 2948 2571; x_wconf 81' lang='grc' dir='ltr'>πόθῳ,</span> <span class='ocrx_word' id='word_1_667' title='bbox 2983 2499 3080 2555; x_wconf 81' lang='grc' dir='ltr'>καὶ</span> <span class='ocrx_word' id='word_1_668' title='bbox 3126 2498 3364 2565; x_wconf 79' lang='grc' dir='ltr'>πολλοὺς</span> <span class='ocrx_word' id='word_1_669' title='bbox 3407 2501 3651 2556; x_wconf 88' lang='grc' dir='ltr'>ποιείτω</span> <span class='ocrx_word' id='word_1_670' title='bbox 3687 2518 3799 2557; x_wconf 77' lang='grc' dir='ltr'>κοιο</span> 
     </span>
    </p>
   </div>
   <div class='ocr_carea' id='block_1_91' title="bbox 2187 2590 3801 2664">
    <p class='ocr_par' dir='ltr' id='par_1_91' title="bbox 2187 2590 3801 2664">
     <span class='ocr_line' id='line_1_91' title="bbox 2187 2590 3801 2664; baseline 0.002 -20"><span class='ocrx_word' id='word_1_671' title='bbox 2187 2592 2389 2656; x_wconf 74' lang='grc' dir='ltr'>νωνοῦς</span> <span class='ocrx_word' id='word_1_672' title='bbox 2416 2591 2519 2663; x_wconf 88' lang='grc' dir='ltr'>τῆς</span> <span class='ocrx_word' id='word_1_673' title='bbox 2547 2590 2867 2664; x_wconf 75' lang='grc' dir='ltr'>ἐπιθυμίας,</span> <span class='ocrx_word' id='word_1_674' title='bbox 2899 2591 2994 2646; x_wconf 77' lang='grc' dir='ltr'>καὶ</span> <span class='ocrx_word' id='word_1_675' title='bbox 3030 2591 3377 2663; x_wconf 87' lang='grc' dir='ltr'>συνεραστάς</span> <span class='ocrx_word' id='word_1_676' title='bbox 3410 2590 3592 2648; x_wconf 85' lang='grc' dir='ltr'>αὑτοῦ</span> <span class='ocrx_word' id='word_1_677' title='bbox 3631 2609 3801 2647; x_wconf 85' lang='grc' dir='ltr'>κατα-</span> 
     </span>
    </p>
   </div>
   <div class='ocr_carea' id='block_1_92' title="bbox 2190 2680 3798 2758">
    <p class='ocr_par' dir='ltr' id='par_1_92' title="bbox 2190 2680 3798 2758">
     <span class='ocr_line' id='line_1_92' title="bbox 2190 2680 3798 2758; baseline 0.002 -20"><span class='ocrx_word' id='word_1_678' title='bbox 2190 2684 2502 2750; x_wconf 78' lang='grc' dir='ltr'>σκευαζέτω</span> <span class='ocrx_word' id='word_1_679' title='bbox 2530 2685 2777 2757; x_wconf 89' lang='grc' dir='ltr'>μυρίους.</span> <span class='ocrx_word' id='word_1_680' title='bbox 2821 2685 2886 2739; x_wconf 87' lang='grc' dir='ltr'>Εἰ</span> <span class='ocrx_word' id='word_1_681' title='bbox 2928 2685 3028 2757; x_wconf 86' lang='grc' dir='ltr'>μὲν</span> <span class='ocrx_word' id='word_1_682' title='bbox 3074 2683 3185 2757; x_wconf 77' lang='grc' dir='ltr'>γὰρ</span> <span class='ocrx_word' id='word_1_683' title='bbox 3219 2680 3287 2758; x_wconf 80' lang='grc' dir='ltr'>ἦν</span> <span class='ocrx_word' id='word_1_684' title='bbox 3340 2684 3458 2757; x_wconf 82' lang='grc' dir='ltr'>6δῷ</span> <span class='ocrx_word' id='word_1_685' title='bbox 3508 2684 3798 2756; x_wconf 78' lang='grc' dir='ltr'>βαδίζοντα</span> 
     </span>
    </p>
   </div>
   <div class='ocr_carea' id='block_1_93' title="bbox 2188 2777 3800 2851">
    <p class='ocr_par' dir='ltr' id='par_1_93' title="bbox 2188 2777 3800 2851">
     <span class='ocr_line' id='line_1_93' title="bbox 2188 2777 3800 2851; baseline -0.001 -19"><span class='ocrx_word' id='word_1_686' title='bbox 2188 2779 2284 2832; x_wconf 79' lang='grc' dir='ltr'>καὶ</span> <span class='ocrx_word' id='word_1_687' title='bbox 2314 2777 2465 2845; x_wconf 81' lang='grc' dir='ltr'>τάξει</span> <span class='ocrx_word' id='word_1_688' title='bbox 2499 2777 2881 2851; x_wconf 89' lang='grc' dir='ltr'>προϐαίνοντα,</span> <span class='ocrx_word' id='word_1_689' title='bbox 2926 2778 3020 2832; x_wconf 76' lang='grc' dir='ltr'>καὶ</span> <span class='ocrx_word' id='word_1_690' title='bbox 3051 2777 3121 2832; x_wconf 89' lang='grc' dir='ltr'>τά</span> <span class='ocrx_word' id='word_1_691' title='bbox 3147 2778 3407 2850; x_wconf 84' lang='grc' dir='ltr'>πρότερα</span> <span class='ocrx_word' id='word_1_692' title='bbox 3434 2778 3647 2843; x_wconf 82' lang='grc' dir='ltr'>εἰπεῖν,</span> <span class='ocrx_word' id='word_1_693' title='bbox 3705 2778 3800 2832; x_wconf 69' lang='grc' dir='ltr'>καὶ</span> 
     </span>
    </p>
   </div>
   <div class='ocr_carea' id='block_1_94' title="bbox 2189 2860 3797 2943">
    <p class='ocr_par' dir='ltr' id='par_1_94' title="bbox 2189 2860 3797 2943">
     <span class='ocr_line' id='line_1_94' title="bbox 2189 2860 3797 2943; baseline 0.001 -20"><span class='ocrx_word' id='word_1_694' title='bbox 2189 2870 2325 2942; x_wconf 83' lang='grc' dir='ltr'>πρὸς</span> <span class='ocrx_word' id='word_1_695' title='bbox 2347 2870 2417 2925; x_wconf 73' lang='grc' dir='ltr'>τὰ</span> <span class='ocrx_word' id='word_1_696' title='bbox 2441 2870 2581 2943; x_wconf 84' lang='grc' dir='ltr'>μέσα</span> <span class='ocrx_word' id='word_1_697' title='bbox 2612 2870 2859 2943; x_wconf 40' lang='grc' dir='ltr'>φθάσαιι</span> <span class='ocrx_word' id='word_1_698' title='bbox 2872 2869 2973 2923; x_wconf 84' lang='grc' dir='ltr'>οῦκ</span> <span class='ocrx_word' id='word_1_699' title='bbox 2994 2868 3062 2924; x_wconf 80' lang='grc' dir='ltr'>ἀν</span> <span class='ocrx_word' id='word_1_700' title='bbox 3088 2870 3188 2942; x_wconf 83' lang='grc' dir='ltr'>τὴν</span> <span class='ocrx_word' id='word_1_701' title='bbox 3212 2870 3399 2942; x_wconf 81' lang='grc' dir='ltr'>ἀρχὴν</span> <span class='ocrx_word' id='word_1_702' title='bbox 3431 2860 3693 2940; x_wconf 79' lang='grc' dir='ltr'>ἀφέντες,</span> <span class='ocrx_word' id='word_1_703' title='bbox 3716 2870 3797 2924; x_wconf 83' lang='grc' dir='ltr'>εύ-</span> 
     </span>
    </p>
   </div>
   <div class='ocr_carea' id='block_1_95' title="bbox 2190 2961 3793 3036">
    <p class='ocr_par' dir='ltr' id='par_1_95' title="bbox 2190 2961 3793 3036">
     <span class='ocr_line' id='line_1_95' title="bbox 2190 2961 3793 3036; baseline 0 -21"><span class='ocrx_word' id='word_1_704' title='bbox 2190 2961 2330 3026; x_wconf 88' lang='grc' dir='ltr'>θέως</span> <span class='ocrx_word' id='word_1_705' title='bbox 2359 2961 2453 3016; x_wconf 77' lang='grc' dir='ltr'>ἐπὶ</span> <span class='ocrx_word' id='word_1_706' title='bbox 2489 2961 2553 3016; x_wconf 79' lang='grc' dir='ltr'>τὺ</span> <span class='ocrx_word' id='word_1_707' title='bbox 2579 2962 2744 3034; x_wconf 88' lang='grc' dir='ltr'>μέσον</span> <span class='ocrx_word' id='word_1_708' title='bbox 2771 2961 3029 3035; x_wconf 82' lang='grc' dir='ltr'>ἡλθομεν·</span> <span class='ocrx_word' id='word_1_709' title='bbox 3065 2962 3256 3034; x_wconf 69' lang='grc' dir='ltr'>ἐπειδὴ</span> <span class='ocrx_word' id='word_1_710' title='bbox 3282 2962 3347 3017; x_wconf 78' lang='grc' dir='ltr'>δὲ</span> <span class='ocrx_word' id='word_1_711' title='bbox 3382 2962 3503 3018; x_wconf 89' lang='grc' dir='ltr'>τῶν</span> <span class='ocrx_word' id='word_1_712' title='bbox 3533 2963 3793 3036; x_wconf 88' lang='grc' dir='ltr'>Πατέρων</span> 
     </span>
    </p>
   </div>
   <div class='ocr_carea' id='block_1_96' title="bbox 2186 3051 3791 3125">
    <p class='ocr_par' dir='ltr' id='par_1_96' title="bbox 2186 3051 3791 3125">
     <span class='ocr_line' id='line_1_96' title="bbox 2186 3051 3791 3125; baseline 0.002 -20"><span class='ocrx_word' id='word_1_713' title='bbox 2186 3053 2216 3105; x_wconf 90' lang='lat'>6</span> <span class='ocrx_word' id='word_1_714' title='bbox 2248 3052 2412 3123; x_wconf 88' lang='grc' dir='ltr'>νόμος</span> <span class='ocrx_word' id='word_1_715' title='bbox 2448 3051 2659 3107; x_wconf 89' lang='grc' dir='ltr'>κελεύει</span> <span class='ocrx_word' id='word_1_716' title='bbox 2693 3053 2832 3125; x_wconf 86' lang='grc' dir='ltr'>μετά</span> <span class='ocrx_word' id='word_1_717' title='bbox 2866 3051 2964 3125; x_wconf 75' lang='grc' dir='ltr'>τὴν</span> <span class='ocrx_word' id='word_1_718' title='bbox 2998 3054 3393 3125; x_wconf 77' lang='grc' dir='ltr'>Πεντηκοστὴν</span> <span class='ocrx_word' id='word_1_719' title='bbox 3433 3054 3791 3109; x_wconf 87' lang='grc' dir='ltr'>ἀποτίθεσθαι</span> 
     </span>
    </p>
   </div>
   <div class='ocr_carea' id='block_1_97' title="bbox 2187 3143 3793 3219">
    <p class='ocr_par' dir='ltr' id='par_1_97' title="bbox 2187 3143 3793 3219">
     <span class='ocr_line' id='line_1_97' title="bbox 2187 3143 3793 3219; baseline 0.001 -21"><span class='ocrx_word' id='word_1_720' title='bbox 2187 3144 2249 3198; x_wconf 80' lang='grc' dir='ltr'>τὸ</span> <span class='ocrx_word' id='word_1_721' title='bbox 2272 3143 2500 3215; x_wconf 89' lang='grc' dir='ltr'>βιϐλίον,</span> <span class='ocrx_word' id='word_1_722' title='bbox 2530 3144 2725 3216; x_wconf 75' lang='grc' dir='ltr'>καὶτῷ</span> <span class='ocrx_word' id='word_1_723' title='bbox 2760 3143 2904 3199; x_wconf 84' lang='grc' dir='ltr'>τέλει</span> <span class='ocrx_word' id='word_1_724' title='bbox 2928 3145 3029 3217; x_wconf 87' lang='grc' dir='ltr'>τῆς</span> <span class='ocrx_word' id='word_1_725' title='bbox 3050 3145 3245 3217; x_wconf 71' lang='grc' dir='ltr'>ἑορτῆς</span> <span class='ocrx_word' id='word_1_726' title='bbox 3269 3146 3492 3219; x_wconf 89' lang='grc' dir='ltr'>ταύτης</span> <span class='ocrx_word' id='word_1_727' title='bbox 3520 3163 3793 3217; x_wconf 82' lang='grc' dir='ltr'>συγκατα-</span> 
     </span>
    </p>
   </div>
   <div class='ocr_carea' id='block_1_98' title="bbox 2188 3235 3784 3312">
    <p class='ocr_par' dir='ltr' id='par_1_98' title="bbox 2188 3235 3784 3312">
     <span class='ocr_line' id='line_1_98' title="bbox 2188 3235 3784 3312; baseline 0.003 -23"><span class='ocrx_word' id='word_1_728' title='bbox 2188 3235 2376 3290; x_wconf 87' lang='grc' dir='ltr'>λύεται</span> <span class='ocrx_word' id='word_1_729' title='bbox 2409 3236 2504 3291; x_wconf 76' lang='grc' dir='ltr'>καὶ</span> <span class='ocrx_word' id='word_1_730' title='bbox 2540 3238 2575 3308; x_wconf 88' lang='grc' dir='ltr'>ἡ</span> <span class='ocrx_word' id='word_1_731' title='bbox 2613 3235 2709 3290; x_wconf 88' lang='grc' dir='ltr'>τοῦ</span> <span class='ocrx_word' id='word_1_732' title='bbox 2765 3235 2972 3307; x_wconf 89' lang='grc' dir='ltr'>βιϐλίου</span> <span class='ocrx_word' id='word_1_733' title='bbox 3013 3236 3348 3307; x_wconf 84' lang='grc' dir='ltr'>ἀνάγνωσις,</span> <span class='ocrx_word' id='word_1_734' title='bbox 3387 3238 3679 3312; x_wconf 74' lang='grc' dir='ltr'>ἐφοϐήθην</span> <span class='ocrx_word' id='word_1_735' title='bbox 3713 3239 3784 3311; x_wconf 81' lang='grc' dir='ltr'>μή</span> 
     </span>
    </p>
   </div>
   <div class='ocr_carea' id='block_1_99' title="bbox 2191 3328 3791 3405">
    <p class='ocr_par' dir='ltr' id='par_1_99' title="bbox 2191 3328 3791 3405">
     <span class='ocr_line' id='line_1_99' title="bbox 2191 3328 3791 3405; baseline 0.002 -22"><span class='ocrx_word' id='word_1_736' title='bbox 2191 3346 2322 3383; x_wconf 84' lang='grc' dir='ltr'>ποτε</span> <span class='ocrx_word' id='word_1_737' title='bbox 2345 3329 2478 3401; x_wconf 78' lang='grc' dir='ltr'>περὶ</span> <span class='ocrx_word' id='word_1_738' title='bbox 2504 3328 2575 3384; x_wconf 88' lang='grc' dir='ltr'>τά</span> <span class='ocrx_word' id='word_1_739' title='bbox 2599 3328 2865 3402; x_wconf 90' lang='grc' dir='ltr'>προοίμια</span> <span class='ocrx_word' id='word_1_740' title='bbox 2896 3329 3315 3402; x_wconf 81' lang='grc' dir='ltr'>ἀσχολουμένων</span> <span class='ocrx_word' id='word_1_741' title='bbox 3343 3331 3518 3405; x_wconf 86' lang='grc' dir='ltr'>ἡμῶν</span> <span class='ocrx_word' id='word_1_742' title='bbox 3550 3332 3649 3385; x_wconf 75' lang='grc' dir='ltr'>καί</span> <span class='ocrx_word' id='word_1_743' title='bbox 3679 3331 3791 3386; x_wconf 90' lang='grc' dir='ltr'>δια·</span> 
     </span>
    </p>
   </div>
   <div class='ocr_carea' id='block_1_100' title="bbox 2189 3420 3790 3496">
    <p class='ocr_par' dir='ltr' id='par_1_100' title="bbox 2189 3420 3790 3496">
     <span class='ocr_line' id='line_1_100' title="bbox 2189 3420 3790 3496; baseline 0 -20"><span class='ocrx_word' id='word_1_744' title='bbox 2189 3421 2506 3495; x_wconf 83' lang='grc' dir='ltr'>τριϐόντων,</span> <span class='ocrx_word' id='word_1_745' title='bbox 2548 3421 2944 3496; x_wconf 83' lang='grc' dir='ltr'>προσεκδράμῃ</span> <span class='ocrx_word' id='word_1_746' title='bbox 2984 3421 3084 3494; x_wconf 82' lang='grc' dir='ltr'>τὴν</span> <span class='ocrx_word' id='word_1_747' title='bbox 3135 3423 3423 3496; x_wconf 78' lang='grc' dir='ltr'>ἡμετέραν</span> <span class='ocrx_word' id='word_1_748' title='bbox 3467 3422 3661 3495; x_wconf 78' lang='grc' dir='ltr'>ἄφιξιν</span> <span class='ocrx_word' id='word_1_749' title='bbox 3691 3420 3790 3492; x_wconf 89' lang='grc' dir='ltr'>τῆς</span> 
     </span>
    </p>
   </div>
   <div class='ocr_carea' id='block_1_101' title="bbox 2194 3514 3790 3590">
    <p class='ocr_par' dir='ltr' id='par_1_101' title="bbox 2194 3514 3790 3590">
     <span class='ocr_line' id='line_1_101' title="bbox 2194 3514 3790 3590; baseline 0.001 -21"><span class='ocrx_word' id='word_1_750' title='bbox 2194 3516 2438 3589; x_wconf 89' lang='grc' dir='ltr'>ἰστορίας</span> <span class='ocrx_word' id='word_1_751' title='bbox 2495 3517 2531 3589; x_wconf 83' lang='grc' dir='ltr'>ἡ</span> <span class='ocrx_word' id='word_1_752' title='bbox 2586 3515 2898 3571; x_wconf 87' lang='grc' dir='ltr'>ἀκολουθία.</span> <span class='ocrx_word' id='word_1_753' title='bbox 2942 3514 3045 3569; x_wconf 80' lang='grc' dir='ltr'>Διά</span> <span class='ocrx_word' id='word_1_754' title='bbox 3080 3515 3239 3571; x_wconf 92' lang='grc' dir='ltr'>τοῦτο</span> <span class='ocrx_word' id='word_1_755' title='bbox 3270 3516 3518 3590; x_wconf 76' lang='grc' dir='ltr'>ἔδραμον</span> <span class='ocrx_word' id='word_1_756' title='bbox 3551 3515 3664 3571; x_wconf 79' lang='grc' dir='ltr'>ἀπὸ</span> <span class='ocrx_word' id='word_1_757' title='bbox 3693 3514 3790 3585; x_wconf 84' lang='grc' dir='ltr'>τῆς</span> 
     </span>
    </p>
   </div>
   <div class='ocr_carea' id='block_1_102' title="bbox 2192 3605 3787 3681">
    <p class='ocr_par' dir='ltr' id='par_1_102' title="bbox 2192 3605 3787 3681">
     <span class='ocr_line' id='line_1_102' title="bbox 2192 3605 3787 3681; baseline -0.004 -17"><span class='ocrx_word' id='word_1_758' title='bbox 2192 3609 2366 3681; x_wconf 85' lang='grc' dir='ltr'>ἀρχῆς</span> <span class='ocrx_word' id='word_1_759' title='bbox 2394 3608 2489 3663; x_wconf 89' lang='grc' dir='ltr'>τοῦ</span> <span class='ocrx_word' id='word_1_760' title='bbox 2505 3608 2860 3681; x_wconf 79' lang='grc' dir='ltr'>διηγήματος,</span> <span class='ocrx_word' id='word_1_761' title='bbox 2890 3608 2984 3662; x_wconf 77' lang='grc' dir='ltr'>καὶ</span> <span class='ocrx_word' id='word_1_762' title='bbox 3003 3606 3256 3680; x_wconf 85' lang='grc' dir='ltr'>καθάπερ</span> <span class='ocrx_word' id='word_1_763' title='bbox 3294 3608 3552 3679; x_wconf 82' lang='grc' dir='ltr'>κεφαλῆς</span> <span class='ocrx_word' id='word_1_764' title='bbox 3572 3605 3787 3661; x_wconf 74' lang='grc' dir='ltr'>ὄπισθεν</span> 
     </span>
    </p>
   </div>
   <div class='ocr_carea' id='block_1_103' title="bbox 2192 3699 3785 3772">
    <p class='ocr_par' dir='ltr' id='par_1_103' title="bbox 2192 3699 3785 3772">
     <span class='ocr_line' id='line_1_103' title="bbox 2192 3699 3785 3772; baseline -0.003 -17"><span class='ocrx_word' id='word_1_765' title='bbox 2192 3701 2439 3771; x_wconf 85' lang='grc' dir='ltr'>κατέχων</span> <span class='ocrx_word' id='word_1_766' title='bbox 2475 3699 2537 3754; x_wconf 82' lang='grc' dir='ltr'>τὸ</span> <span class='ocrx_word' id='word_1_767' title='bbox 2558 3700 2846 3772; x_wconf 89' lang='grc' dir='ltr'>προοίμιον</span> <span class='ocrx_word' id='word_1_768' title='bbox 2868 3700 2969 3772; x_wconf 87' lang='grc' dir='ltr'>τῆς</span> <span class='ocrx_word' id='word_1_769' title='bbox 2997 3700 3261 3772; x_wconf 87' lang='grc' dir='ltr'>ἰστορίας,</span> <span class='ocrx_word' id='word_1_770' title='bbox 3300 3699 3581 3764; x_wconf 87' lang='grc' dir='ltr'>κελεύσας</span> <span class='ocrx_word' id='word_1_771' title='bbox 3616 3700 3785 3769; x_wconf 78' lang='grc' dir='ltr'>μεῖναι</span> 
     </span>
    </p>
   </div>
   <div class='ocr_carea' id='block_1_104' title="bbox 2191 3785 3775 3866">
    <p class='ocr_par' dir='ltr' id='par_1_104' title="bbox 2191 3785 3775 3866">
     <span class='ocr_line' id='line_1_104' title="bbox 2191 3785 3775 3866; baseline -0.004 -18"><span class='ocrx_word' id='word_1_772' title='bbox 2191 3794 2286 3848; x_wconf 82' lang='grc' dir='ltr'>καί</span> <span class='ocrx_word' id='word_1_773' title='bbox 2305 3793 2493 3865; x_wconf 83' lang='grc' dir='ltr'>στῆναι</span> <span class='ocrx_word' id='word_1_774' title='bbox 2523 3794 2669 3865; x_wconf 74' lang='grc' dir='ltr'>ὑμᾶς</span> <span class='ocrx_word' id='word_1_775' title='bbox 2696 3794 2755 3848; x_wconf 81' lang='grc' dir='ltr'>ὲν</span> <span class='ocrx_word' id='word_1_776' title='bbox 2782 3796 2849 3865; x_wconf 79' lang='grc' dir='ltr'>τῇ</span> <span class='ocrx_word' id='word_1_777' title='bbox 2888 3794 3030 3866; x_wconf 75' lang='grc' dir='ltr'>ἀρχῇ</span> <span class='ocrx_word' id='word_1_778' title='bbox 3057 3794 3157 3865; x_wconf 89' lang='grc' dir='ltr'>τῆς</span> <span class='ocrx_word' id='word_1_779' title='bbox 3190 3792 3336 3848; x_wconf 84' lang='grc' dir='ltr'>ὀδοῦ.</span> <span class='ocrx_word' id='word_1_780' title='bbox 3374 3794 3495 3866; x_wconf 89' lang='grc' dir='ltr'>Τῆς</span> <span class='ocrx_word' id='word_1_781' title='bbox 3521 3792 3633 3863; x_wconf 78' lang='grc' dir='ltr'>γὰρ</span> <span class='ocrx_word' id='word_1_782' title='bbox 3682 3785 3775 3843; x_wconf 88' lang='grc' dir='ltr'>τοῦ</span> 
     </span>
    </p>
   </div>
   <div class='ocr_carea' id='block_1_105' title="bbox 2191 3882 3781 3961">
    <p class='ocr_par' dir='ltr' id='par_1_105' title="bbox 2191 3882 3781 3961">
     <span class='ocr_line' id='line_1_105' title="bbox 2191 3882 3781 3961; baseline -0.005 -18"><span class='ocrx_word' id='word_1_783' title='bbox 2191 3889 2525 3961; x_wconf 77' lang='grc' dir='ltr'>διηγήματος</span> <span class='ocrx_word' id='word_1_784' title='bbox 2556 3887 2801 3959; x_wconf 86' lang='grc' dir='ltr'>κεφαλῆς</span> <span class='ocrx_word' id='word_1_785' title='bbox 2837 3886 3139 3959; x_wconf 76' lang='grc' dir='ltr'>ἁψάμενος,</span> <span class='ocrx_word' id='word_1_786' title='bbox 3171 3886 3398 3958; x_wconf 76' lang='grc' dir='ltr'>θαρρῶν</span> <span class='ocrx_word' id='word_1_787' title='bbox 3426 3884 3621 3940; x_wconf 79' lang='grc' dir='ltr'>λοιπὸν</span> <span class='ocrx_word' id='word_1_788' title='bbox 3646 3882 3781 3937; x_wconf 82' lang='grc' dir='ltr'>ἀπα-</span> 
     </span>
    </p>
   </div>
   <div class='ocr_carea' id='block_1_106' title="bbox 2194 3972 3781 4053">
    <p class='ocr_par' dir='ltr' id='par_1_106' title="bbox 2194 3972 3781 4053">
     <span class='ocr_line' id='line_1_106' title="bbox 2194 3972 3781 4053; baseline -0.006 -18"><span class='ocrx_word' id='word_1_789' title='bbox 2194 3999 2279 4037; x_wconf 91' lang='grc' dir='ltr'>σιν</span> <span class='ocrx_word' id='word_1_790' title='bbox 2308 3981 2564 4053; x_wconf 74' lang='grc' dir='ltr'>ἐπέξειμι</span> <span class='ocrx_word' id='word_1_791' title='bbox 2589 3982 2707 4045; x_wconf 76' lang='grc' dir='ltr'>τοῖς</span> <span class='ocrx_word' id='word_1_792' title='bbox 2733 3979 2966 4045; x_wconf 83' lang='grc' dir='ltr'>λοιποῖς,</span> <span class='ocrx_word' id='word_1_793' title='bbox 2997 3979 3100 4035; x_wconf 80' lang='grc' dir='ltr'>κάν</span> <span class='ocrx_word' id='word_1_794' title='bbox 3130 3982 3164 4052; x_wconf 88' lang='grc' dir='ltr'>ἡ</span> <span class='ocrx_word' id='word_1_795' title='bbox 3189 3979 3358 4053; x_wconf 78' lang='grc' dir='ltr'>ἑορτὴ</span> <span class='ocrx_word' id='word_1_796' title='bbox 3396 3977 3670 4051; x_wconf 67' lang='grc' dir='ltr'>παρέλθῃ*</span> <span class='ocrx_word' id='word_1_797' title='bbox 3695 3972 3781 4027; x_wconf 82' lang='lat'><em>06-</em></span> 
     </span>
    </p>
   </div>
   <div class='ocr_carea' id='block_1_107' title="bbox 2190 4070 3780 4153">
    <p class='ocr_par' dir='ltr' id='par_1_107' title="bbox 2190 4070 3780 4153">
     <span class='ocr_line' id='line_1_107' title="bbox 2190 4070 3780 4153; baseline -0.006 -18"><span class='ocrx_word' id='word_1_798' title='bbox 2190 4081 2303 4146; x_wconf 74' lang='grc' dir='ltr'>δεὶς</span> <span class='ocrx_word' id='word_1_799' title='bbox 2333 4080 2444 4153; x_wconf 81' lang='grc' dir='ltr'>γὰρ</span> <span class='ocrx_word' id='word_1_800' title='bbox 2466 4081 2599 4152; x_wconf 78' lang='grc' dir='ltr'>ἡμῖν</span> <span class='ocrx_word' id='word_1_801' title='bbox 2639 4077 2898 4151; x_wconf 88' lang='grc' dir='ltr'>ἀκαιρίαν</span> <span class='ocrx_word' id='word_1_802' title='bbox 2942 4076 3251 4149; x_wconf 78' lang='grc' dir='ltr'>ἐγκαλέσει,</span> <span class='ocrx_word' id='word_1_803' title='bbox 3302 4077 3482 4150; x_wconf 85' lang='grc' dir='ltr'>αὐτῆς</span> <span class='ocrx_word' id='word_1_804' title='bbox 3523 4075 3622 4148; x_wconf 87' lang='grc' dir='ltr'>τῆς</span> <span class='ocrx_word' id='word_1_805' title='bbox 3649 4070 3780 4128; x_wconf 83' lang='grc' dir='ltr'>κατά</span> 
     </span>
    </p>
   </div>
   <div class='ocr_carea' id='block_1_108' title="bbox 2192 4175 3778 4257">
    <p class='ocr_par' dir='ltr' id='par_1_108' title="bbox 2192 4175 3778 4257">
     <span class='ocr_line' id='line_1_108' title="bbox 2192 4175 3778 4257; baseline -0.008 -16"><span class='ocrx_word' id='word_1_806' title='bbox 2192 4186 2292 4257; x_wconf 79' lang='grc' dir='ltr'>τὴν</span> <span class='ocrx_word' id='word_1_807' title='bbox 2310 4182 2636 4239; x_wconf 79' lang='grc' dir='ltr'>ἀκολουθίαν</span> <span class='ocrx_word' id='word_1_808' title='bbox 2665 4182 2915 4256; x_wconf 80' lang='grc' dir='ltr'>ἀνάγκης</span> <span class='ocrx_word' id='word_1_809' title='bbox 2946 4182 3056 4236; x_wconf 89' lang='grc' dir='ltr'>τῶν</span> <span class='ocrx_word' id='word_1_810' title='bbox 3082 4182 3185 4255; x_wconf 88' lang='grc' dir='ltr'>τῆς</span> <span class='ocrx_word' id='word_1_811' title='bbox 3212 4182 3485 4256; x_wconf 87' lang='grc' dir='ltr'>ἀκαιρίας</span> <span class='ocrx_word' id='word_1_812' title='bbox 3507 4175 3778 4251; x_wconf 80' lang='grc' dir='ltr'>ἐγκλημά-</span> 
     </span>
    </p>
   </div>
   <div class='ocr_carea' id='block_1_109' title="bbox 2193 4284 3777 4360">
    <p class='ocr_par' dir='ltr' id='par_1_109' title="bbox 2193 4284 3777 4360">
     <span class='ocr_line' id='line_1_109' title="bbox 2193 4284 3777 4360; baseline -0.005 -17"><span class='ocrx_word' id='word_1_813' title='bbox 2193 4307 2301 4344; x_wconf 89' lang='grc' dir='ltr'>των</span> <span class='ocrx_word' id='word_1_814' title='bbox 2324 4287 2776 4360; x_wconf 86' lang='grc' dir='ltr'>ἀπαλλαττούσης</span> <span class='ocrx_word' id='word_1_815' title='bbox 2820 4288 2989 4359; x_wconf 81' lang='grc' dir='ltr'>ἡμᾶς·</span> <span class='ocrx_word' id='word_1_816' title='bbox 3029 4285 3119 4341; x_wconf 80' lang='grc' dir='ltr'>διὰ</span> <span class='ocrx_word' id='word_1_817' title='bbox 3143 4287 3304 4341; x_wconf 89' lang='grc' dir='ltr'>τοῦτο</span> <span class='ocrx_word' id='word_1_818' title='bbox 3334 4286 3449 4341; x_wconf 82' lang='grc' dir='ltr'>ἀπὸ</span> <span class='ocrx_word' id='word_1_819' title='bbox 3468 4284 3578 4340; x_wconf 88' lang='grc' dir='ltr'>τῶν</span> <span class='ocrx_word' id='word_1_820' title='bbox 3604 4297 3777 4354; x_wconf 83' lang='grc' dir='ltr'>προοι-</span> 
     </span>
    </p>
   </div>
   <div class='ocr_carea' id='block_1_110' title="bbox 2200 4376 3773 4462">
    <p class='ocr_par' dir='ltr' id='par_1_110' title="bbox 2200 4376 3773 4462">
     <span class='ocr_line' id='line_1_110' title="bbox 2200 4376 3773 4462; baseline -0.003 -21"><span class='ocrx_word' id='word_1_821' title='bbox 2200 4389 2340 4462; x_wconf 87' lang='grc' dir='ltr'>μίων</span> <span class='ocrx_word' id='word_1_822' title='bbox 2371 4386 2466 4441; x_wconf 77' lang='grc' dir='ltr'>ἑ.πί</span> <span class='ocrx_word' id='word_1_823' title='bbox 2509 4386 2572 4442; x_wconf 83' lang='grc' dir='ltr'>τὸ</span> <span class='ocrx_word' id='word_1_824' title='bbox 2621 4388 2787 4459; x_wconf 87' lang='grc' dir='ltr'>μέσον</span> <span class='ocrx_word' id='word_1_825' title='bbox 2815 4386 3072 4458; x_wconf 72' lang='grc' dir='ltr'>ἔδραμον.</span> <span class='ocrx_word' id='word_1_826' title='bbox 3116 4385 3238 4440; x_wconf 81' lang='grc' dir='ltr'>Ὀτι</span> <span class='ocrx_word' id='word_1_827' title='bbox 3276 4387 3391 4457; x_wconf 89' lang='grc' dir='ltr'>γάρ</span> <span class='ocrx_word' id='word_1_828' title='bbox 3429 4386 3532 4440; x_wconf 84' lang='grc' dir='ltr'>οὐκ</span> <span class='ocrx_word' id='word_1_829' title='bbox 3568 4377 3637 4454; x_wconf 78' lang='grc' dir='ltr'>ἦν</span> <span class='ocrx_word' id='word_1_830' title='bbox 3676 4376 3773 4447; x_wconf 81' lang='grc' dir='ltr'>ὁδῷ</span> 
     </span>
    </p>
   </div>
   <div class='ocr_carea' id='block_1_111' title="bbox 2198 4479 3774 4564">
    <p class='ocr_par' dir='ltr' id='par_1_111' title="bbox 2198 4479 3774 4564">
     <span class='ocr_line' id='line_1_111' title="bbox 2198 4479 3774 4564; baseline -0.009 -17"><span class='ocrx_word' id='word_1_831' title='bbox 2198 4490 2480 4562; x_wconf 79' lang='grc' dir='ltr'>βαδίζοντα</span> <span class='ocrx_word' id='word_1_832' title='bbox 2507 4489 2643 4564; x_wconf 77' lang='grc' dir='ltr'>πρὸς</span> <span class='ocrx_word' id='word_1_833' title='bbox 2668 4489 2879 4544; x_wconf 88' lang='grc' dir='ltr'>Παῦλον</span> <span class='ocrx_word' id='word_1_834' title='bbox 2903 4488 3096 4549; x_wconf 77' lang='grc' dir='ltr'>ἐλθεῖν.</span> <span class='ocrx_word' id='word_1_835' title='bbox 3120 4486 3260 4543; x_wconf 87' lang='grc' dir='ltr'>ἀλλὰ</span> <span class='ocrx_word' id='word_1_836' title='bbox 3282 4484 3693 4560; x_wconf 79' lang='grc' dir='ltr'>προεξέδραμεν</span> <span class='ocrx_word' id='word_1_837' title='bbox 3712 4479 3774 4534; x_wconf 79' lang='grc' dir='ltr'>ἂν</span> 
     </span>
    </p>
   </div>
   <div class='ocr_carea' id='block_1_112' title="bbox 2196 4583 3770 4664">
    <p class='ocr_par' dir='ltr' id='par_1_112' title="bbox 2196 4583 3770 4664">
     <span class='ocr_line' id='line_1_112' title="bbox 2196 4583 3770 4664; baseline -0.015 -6"><span class='ocrx_word' id='word_1_838' title='bbox 2196 4591 2586 4664; x_wconf 82' lang='grc' dir='ltr'>τῆςήμετέρας</span> <span class='ocrx_word' id='word_1_839' title='bbox 2613 4589 2860 4663; x_wconf 85' lang='grc' dir='ltr'>γλώττης</span> <span class='ocrx_word' id='word_1_840' title='bbox 2886 4590 2947 4644; x_wconf 82' lang='grc' dir='ltr'>τὺ</span> <span class='ocrx_word' id='word_1_841' title='bbox 2976 4588 3203 4662; x_wconf 88' lang='grc' dir='ltr'>βιϐλίον,</span> <span class='ocrx_word' id='word_1_842' title='bbox 3218 4589 3311 4644; x_wconf 82' lang='grc' dir='ltr'>καί</span> <span class='ocrx_word' id='word_1_843' title='bbox 3330 4590 3434 4654; x_wconf 87' lang='grc' dir='ltr'>τάς</span> <span class='ocrx_word' id='word_1_844' title='bbox 3461 4586 3631 4659; x_wconf 88' lang='grc' dir='ltr'>θύρας</span> <span class='ocrx_word' id='word_1_845' title='bbox 3649 4583 3770 4654; x_wconf 79' lang='grc' dir='ltr'>ἡμῖν</span> 
     </span>
    </p>
   </div>
   <div class='ocr_carea' id='block_1_113' title="bbox 2195 4686 3771 4759">
    <p class='ocr_par' dir='ltr' id='par_1_113' title="bbox 2195 4686 3771 4759">
     <span class='ocr_line' id='line_1_113' title="bbox 2195 4686 3771 4759; baseline -0.009 -12"><span class='ocrx_word' id='word_1_846' title='bbox 2195 4690 2519 4747; x_wconf 80' lang='grc' dir='ltr'>ἀπέκλεισεν</span> <span class='ocrx_word' id='word_1_847' title='bbox 2563 4690 2652 4755; x_wconf 79' lang='grc' dir='ltr'>ἂν,</span> <span class='ocrx_word' id='word_1_848' title='bbox 2682 4689 2743 4759; x_wconf 77' lang='grc' dir='ltr'>ἐξ</span> <span class='ocrx_word' id='word_1_849' title='bbox 2781 4687 2949 4744; x_wconf 84' lang='grc' dir='ltr'>αὐτοῦ</span> <span class='ocrx_word' id='word_1_850' title='bbox 2976 4687 3072 4743; x_wconf 85' lang='grc' dir='ltr'>τοῦ</span> <span class='ocrx_word' id='word_1_851' title='bbox 3112 4687 3403 4759; x_wconf 87' lang='grc' dir='ltr'>προοιμίου</span> <span class='ocrx_word' id='word_1_852' title='bbox 3433 4686 3647 4756; x_wconf 83' lang='grc' dir='ltr'>ποιήσω</span> <span class='ocrx_word' id='word_1_853' title='bbox 3673 4695 3771 4750; x_wconf 79' lang='grc' dir='ltr'>φαο</span> 
     </span>
    </p>
   </div>
   <div class='ocr_carea' id='block_1_114' title="bbox 2194 4787 3340 4863">
    <p class='ocr_par' dir='ltr' id='par_1_114' title="bbox 2194 4787 3340 4863">
     <span class='ocr_line' id='line_1_114' title="bbox 2194 4787 3340 4863; baseline -0.001 -18"><span class='ocrx_word' id='word_1_854' title='bbox 2194 4790 2372 4863; x_wconf 73' lang='grc' dir='ltr'>νερὸν,</span> <span class='ocrx_word' id='word_1_855' title='bbox 2402 4793 2452 4846; x_wconf 86' lang='grc' dir='ltr'>εἰ</span> <span class='ocrx_word' id='word_1_856' title='bbox 2500 4791 2596 4845; x_wconf 71' lang='grc' dir='ltr'>καὶ</span> <span class='ocrx_word' id='word_1_857' title='bbox 2624 4790 2726 4862; x_wconf 74' lang='grc' dir='ltr'>ἤδη</span> <span class='ocrx_word' id='word_1_858' title='bbox 2753 4789 2943 4860; x_wconf 86' lang='grc' dir='ltr'>γέγονε</span> <span class='ocrx_word' id='word_1_859' title='bbox 2974 4788 3133 4843; x_wconf 86' lang='grc' dir='ltr'>τοῦτο</span> <span class='ocrx_word' id='word_1_860' title='bbox 3159 4787 3340 4859; x_wconf 88' lang='grc' dir='ltr'>δῆλον.</span> 
     </span>
    </p>
   </div>
   <div class='ocr_carea' id='block_1_115' title="bbox 2266 4888 3768 4968">
    <p class='ocr_par' dir='ltr' id='par_1_115' title="bbox 2266 4888 3768 4968">
     <span class='ocr_line' id='line_1_115' title="bbox 2266 4888 3768 4968; baseline -0.004 -19"><span class='ocrx_word' id='word_1_861' title='bbox 2266 4894 2329 4949; x_wconf 83' lang='grc' dir='ltr'>δ’.</span> <span class='ocrx_word' id='word_1_862' title='bbox 2372 4895 2436 4949; x_wconf 83' lang='grc' dir='ltr'>Εἰ</span> <span class='ocrx_word' id='word_1_863' title='bbox 2472 4894 2583 4967; x_wconf 83' lang='grc' dir='ltr'>γὰρ</span> <span class='ocrx_word' id='word_1_864' title='bbox 2611 4894 2927 4968; x_wconf 78' lang='grc' dir='ltr'>ἐπιγραφὴν</span> <span class='ocrx_word' id='word_1_865' title='bbox 2963 4893 3134 4967; x_wconf 88' lang='grc' dir='ltr'>μόνην</span> <span class='ocrx_word' id='word_1_866' title='bbox 3160 4894 3291 4965; x_wconf 80' lang='grc' dir='ltr'>ὑμῖν</span> <span class='ocrx_word' id='word_1_867' title='bbox 3315 4888 3768 4962; x_wconf 83' lang='grc' dir='ltr'>ἀναγινώσκοντες</span> 
     </span>
    </p>
   </div>
   <div class='ocr_carea' id='block_1_116' title="bbox 2197 4970 3764 5057">
    <p class='ocr_par' dir='ltr' id='par_1_116' title="bbox 2197 4970 3764 5057">
     <span class='ocr_line' id='line_1_116' title="bbox 2197 4970 3764 5057; baseline -0.004 -18"><span class='ocrx_word' id='word_1_868' title='bbox 2197 4987 2290 5039; x_wconf 80' lang='grc' dir='ltr'>καὶ</span> <span class='ocrx_word' id='word_1_869' title='bbox 2322 4984 2697 5057; x_wconf 74' lang='grc' dir='ltr'>ἐξηγούμενοι,</span> <span class='ocrx_word' id='word_1_870' title='bbox 2716 4985 2777 5038; x_wconf 81' lang='lat'>:6</span> <span class='ocrx_word' id='word_1_871' title='bbox 2797 4984 2970 5055; x_wconf 78' lang='grc' dir='ltr'>ἥμισυ</span> <span class='ocrx_word' id='word_1_872' title='bbox 2987 4985 3086 5056; x_wconf 87' lang='grc' dir='ltr'>τῆς</span> <span class='ocrx_word' id='word_1_873' title='bbox 3102 4983 3298 5056; x_wconf 83' lang='grc' dir='ltr'>ἑορτῆς</span> <span class='ocrx_word' id='word_1_874' title='bbox 3326 4979 3701 5054; x_wconf 84' lang='grc' dir='ltr'>ἀνηλώσαμεν,</span> <span class='ocrx_word' id='word_1_875' title='bbox 3721 4970 3764 5023; x_wconf 70' lang='grc' dir='ltr'>εἰ</span> 
     </span>
    </p>
   </div>
   <div class='ocr_carea' id='block_1_117' title="bbox 2198 5069 3761 5149">
    <p class='ocr_par' dir='ltr' id='par_1_117' title="bbox 2198 5069 3761 5149">
     <span class='ocr_line' id='line_1_117' title="bbox 2198 5069 3761 5149; baseline -0.008 -18"><span class='ocrx_word' id='word_1_876' title='bbox 2198 5076 2295 5131; x_wconf 72' lang='grc' dir='ltr'>καὶ</span> <span class='ocrx_word' id='word_1_877' title='bbox 2319 5075 2457 5149; x_wconf 80' lang='grc' dir='ltr'>πρὸς</span> <span class='ocrx_word' id='word_1_878' title='bbox 2477 5075 2539 5129; x_wconf 80' lang='grc' dir='ltr'>τὸ</span> <span class='ocrx_word' id='word_1_879' title='bbox 2567 5075 2806 5145; x_wconf 82' lang='grc' dir='ltr'>πέλαγος</span> <span class='ocrx_word' id='word_1_880' title='bbox 2829 5075 2964 5129; x_wconf 73' lang='grc' dir='ltr'>αὐτὸ</span> <span class='ocrx_word' id='word_1_881' title='bbox 2992 5074 3085 5129; x_wconf 88' lang='grc' dir='ltr'>τοῦ</span> <span class='ocrx_word' id='word_1_882' title='bbox 3116 5074 3320 5145; x_wconf 87' lang='grc' dir='ltr'>βιϐλίου</span> <span class='ocrx_word' id='word_1_883' title='bbox 3350 5073 3460 5129; x_wconf 84' lang='grc' dir='ltr'>ἀπὸ</span> <span class='ocrx_word' id='word_1_884' title='bbox 3480 5069 3573 5125; x_wconf 90' lang='grc' dir='ltr'>τοῦ</span> <span class='ocrx_word' id='word_1_885' title='bbox 3595 5080 3761 5138; x_wconf 85' lang='grc' dir='ltr'>προοι·</span> 
     </span>
    </p>
   </div>
   <div class='ocr_carea' id='block_1_118' title="bbox 2200 5160 3759 5239">
    <p class='ocr_par' dir='ltr' id='par_1_118' title="bbox 2200 5160 3759 5239">
     <span class='ocr_line' id='line_1_118' title="bbox 2200 5160 3759 5239; baseline -0.004 -18"><span class='ocrx_word' id='word_1_886' title='bbox 2200 5166 2325 5238; x_wconf 90' lang='grc' dir='ltr'>μίου</span> <span class='ocrx_word' id='word_1_887' title='bbox 2356 5166 2671 5239; x_wconf 82' lang='grc' dir='ltr'>ἀρξάμενοι,</span> <span class='ocrx_word' id='word_1_888' title='bbox 2716 5167 2807 5221; x_wconf 80' lang='grc' dir='ltr'>τὸν</span> <span class='ocrx_word' id='word_1_889' title='bbox 2860 5167 3021 5236; x_wconf 88' lang='grc' dir='ltr'>λόγον</span> <span class='ocrx_word' id='word_1_890' title='bbox 3071 5168 3287 5236; x_wconf 83' lang='grc' dir='ltr'>ἀφεῖναι</span> <span class='ocrx_word' id='word_1_891' title='bbox 3321 5160 3759 5236; x_wconf 71' lang='grc' dir='ltr'>ἐπεχειρήσαμεν.</span> 
     </span>
    </p>
   </div>
   <div class='ocr_carea' id='block_1_119' title="bbox 2199 5241 3764 5332">
    <p class='ocr_par' dir='ltr' id='par_1_119' title="bbox 2199 5241 3764 5332">
     <span class='ocr_line' id='line_1_119' title="bbox 2199 5241 3764 5332; baseline -0.008 -17"><span class='ocrx_word' id='word_1_892' title='bbox 2199 5260 2363 5315; x_wconf 88' lang='grc' dir='ltr'>πόσον</span> <span class='ocrx_word' id='word_1_893' title='bbox 2412 5259 2479 5314; x_wconf 83' lang='grc' dir='ltr'>ἂν</span> <span class='ocrx_word' id='word_1_894' title='bbox 2506 5259 2868 5332; x_wconf 88' lang='grc' dir='ltr'>ἀνηλώσαμεν</span> <span class='ocrx_word' id='word_1_895' title='bbox 2907 5258 3122 5330; x_wconf 90' lang='grc' dir='ltr'>χρόνον,</span> <span class='ocrx_word' id='word_1_896' title='bbox 3157 5257 3298 5312; x_wconf 84' lang='grc' dir='ltr'>ὥστε</span> <span class='ocrx_word' id='word_1_897' title='bbox 3344 5255 3541 5325; x_wconf 84' lang='grc' dir='ltr'>φθάσαι</span> <span class='ocrx_word' id='word_1_898' title='bbox 3588 5250 3665 5311; x_wconf 89' lang='grc' dir='ltr'>είς</span> <span class='ocrx_word' id='word_1_899' title='bbox 3702 5241 3764 5332; x_wconf 62' lang='grc' dir='ltr'>τᾲ</span> 
     </span>
    </p>
   </div>
   <div class='ocr_carea' id='block_1_120' title="bbox 2197 5331 3757 5422">
    <p class='ocr_par' dir='ltr' id='par_1_120' title="bbox 2197 5331 3757 5422">
     <span class='ocr_line' id='line_1_120' title="bbox 2197 5331 3757 5422; baseline -0.01 -15"><span class='ocrx_word' id='word_1_900' title='bbox 2197 5352 2339 5407; x_wconf 88' lang='grc' dir='ltr'>κατά</span> <span class='ocrx_word' id='word_1_901' title='bbox 2366 5351 2457 5406; x_wconf 84' lang='grc' dir='ltr'>τὸν</span> <span class='ocrx_word' id='word_1_902' title='bbox 2484 5351 2694 5406; x_wconf 91' lang='grc' dir='ltr'>Παῦλον</span> <span class='ocrx_word' id='word_1_903' title='bbox 2723 5351 3070 5422; x_wconf 86' lang='grc' dir='ltr'>διηγήματα;</span> <span class='ocrx_word' id='word_1_904' title='bbox 3102 5349 3320 5404; x_wconf 83' lang='grc' dir='ltr'>Μᾶλλον</span> <span class='ocrx_word' id='word_1_905' title='bbox 3346 5349 3401 5401; x_wconf 79' lang='grc' dir='ltr'>δὲ</span> <span class='ocrx_word' id='word_1_906' title='bbox 3428 5345 3485 5412; x_wconf 77' lang='grc' dir='ltr'>ἐξ</span> <span class='ocrx_word' id='word_1_907' title='bbox 3506 5331 3757 5396; x_wconf 71' lang='grc' dir='ltr'>αὐτοῦτοῦ</span> 
     </span>
    </p>
   </div>
   <div class='ocr_carea' id='block_1_121' title="bbox 2198 5423 3760 5517">
    <p class='ocr_par' dir='ltr' id='par_1_121' title="bbox 2198 5423 3760 5517">
     <span class='ocr_line' id='line_1_121' title="bbox 2198 5423 3760 5517; baseline -0.012 -19"><span class='ocrx_word' id='word_1_908' title='bbox 2198 5443 2488 5517; x_wconf 87' lang='grc' dir='ltr'>προοιμίου</span> <span class='ocrx_word' id='word_1_909' title='bbox 2518 5443 2678 5515; x_wconf 89' lang='grc' dir='ltr'>δῆλον</span> <span class='ocrx_word' id='word_1_910' title='bbox 2707 5443 2837 5514; x_wconf 81' lang='grc' dir='ltr'>ύμῖν</span> <span class='ocrx_word' id='word_1_911' title='bbox 2856 5440 3016 5496; x_wconf 90' lang='grc' dir='ltr'>τοῦτο</span> <span class='ocrx_word' id='word_1_912' title='bbox 3041 5442 3264 5510; x_wconf 86' lang='grc' dir='ltr'>ποιῆσαι</span> <span class='ocrx_word' id='word_1_913' title='bbox 3295 5436 3640 5509; x_wconf 85' lang='grc' dir='ltr'>πειράσομαι.</span> <span class='ocrx_word' id='word_1_914' title='bbox 3657 5423 3760 5517; x_wconf 61' lang='lat' dir='ltr'><em>T61:</em></span> 
     </span>
    </p>
   </div>
   <div class='ocr_carea' id='block_1_122' title="bbox 2191 5506 3757 5603">
    <p class='ocr_par' dir='ltr' id='par_1_122' title="bbox 2191 5506 3757 5603">
     <span class='ocr_line' id='line_1_122' title="bbox 2191 5506 3757 5603; baseline -0.009 -16"><span class='ocrx_word' id='word_1_915' title='bbox 2191 5506 2310 5603; x_wconf 54' lang='grc' dir='ltr'>μέν</span> <span class='ocrx_word' id='word_1_916' title='bbox 2337 5506 2785 5602; x_wconf 47' lang='grc' dir='ltr'>πρῶτοκλό</span> <span class='ocrx_word' id='word_1_917' title='bbox 2830 5506 3212 5600; x_wconf 66' lang='grc' dir='ltr'>ἐποιησάμην</span> <span class='ocrx_word' id='word_1_918' title='bbox 3269 5506 3402 5598; x_wconf 76' lang='grc' dir='ltr'>περί</span> <span class='ocrx_word' id='word_1_919' title='bbox 3440 5524 3688 5580; x_wconf 74' lang='grc' dir='ltr'>πάντων,</span> <span class='ocrx_word' id='word_1_920' title='bbox 3713 5506 3757 5566; x_wconf 78' lang='grc' dir='ltr'><strong><em>ὦ</em></strong></span> 
     </span>
    </p>
   </div>
   <div class='ocr_carea' id='block_1_123' title="bbox 2201 5614 3752 5695">
    <p class='ocr_par' dir='ltr' id='par_1_123' title="bbox 2201 5614 3752 5695">
     <span class='ocr_line' id='line_1_123' title="bbox 2201 5614 3752 5695; baseline -0.01 -13"><span class='ocrx_word' id='word_1_921' title='bbox 2201 5626 2469 5695; x_wconf 75' lang='grc' dir='ltr'>Θεόφιλε.</span> <span class='ocrx_word' id='word_1_922' title='bbox 2523 5626 2676 5681; x_wconf 87' lang='grc' dir='ltr'>Πόσα</span> <span class='ocrx_word' id='word_1_923' title='bbox 2718 5624 2968 5695; x_wconf 81' lang='grc' dir='ltr'>νομίζετε</span> <span class='ocrx_word' id='word_1_924' title='bbox 3008 5622 3242 5678; x_wconf 81' lang='grc' dir='ltr'>ἐνταῦθα</span> <span class='ocrx_word' id='word_1_925' title='bbox 3277 5618 3411 5677; x_wconf 79' lang='grc' dir='ltr'>εἶναι</span> <span class='ocrx_word' id='word_1_926' title='bbox 3454 5614 3752 5695; x_wconf 67' lang='grc' dir='ltr'>ζητήματαῇ</span> 
     </span>
    </p>
   </div>
   <div class='ocr_carea' id='block_1_124' title="bbox 2200 5693 3749 5791">
    <p class='ocr_par' dir='ltr' id='par_1_124' title="bbox 2200 5693 3749 5791">
     <span class='ocr_line' id='line_1_124' title="bbox 2200 5693 3749 5791; baseline 0.001 -18"><span class='ocrx_word' id='word_1_927' title='bbox 2200 5693 2444 5791; x_wconf 86' lang='grc' dir='ltr'>Πρῶτον,</span> <span class='ocrx_word' id='word_1_928' title='bbox 2468 5718 2612 5782; x_wconf 81' lang='grc' dir='ltr'>τίνος</span> <span class='ocrx_word' id='word_1_929' title='bbox 2629 5693 2814 5772; x_wconf 75' lang='grc' dir='ltr'>ἕνεκεν</span> <span class='ocrx_word' id='word_1_930' title='bbox 2846 5717 3255 5788; x_wconf 86' lang='grc' dir='ltr'>ἀναμιμνήσκει</span> <span class='ocrx_word' id='word_1_931' title='bbox 3276 5713 3435 5770; x_wconf 80' lang='grc' dir='ltr'>αὑτὸν</span> <span class='ocrx_word' id='word_1_932' title='bbox 3460 5705 3549 5762; x_wconf 84' lang='grc' dir='ltr'>τοῦ</span> <span class='ocrx_word' id='word_1_933' title='bbox 3581 5693 3749 5791; x_wconf 68' lang='grc' dir='ltr'>προτέξ</span> 
     </span>
    </p>
   </div>
   <div class='ocr_carea' id='block_1_125' title="bbox 2206 5779 3749 5879">
    <p class='ocr_par' dir='ltr' id='par_1_125' title="bbox 2206 5779 3749 5879">
     <span class='ocr_line' id='line_1_125' title="bbox 2206 5779 3749 5879; baseline -0.012 -14"><span class='ocrx_word' id='word_1_934' title='bbox 2206 5779 2296 5879; x_wconf 77' lang='grc' dir='ltr'>ρόυ</span> <span class='ocrx_word' id='word_1_935' title='bbox 2318 5779 2543 5879; x_wconf 77' lang='grc' dir='ltr'>βιϐλίου.</span> <span class='ocrx_word' id='word_1_936' title='bbox 2575 5779 2857 5878; x_wconf 86' lang='grc' dir='ltr'>Δεύτερον,</span> <span class='ocrx_word' id='word_1_937' title='bbox 2888 5779 3035 5872; x_wconf 73' lang='grc' dir='ltr'>τίνος</span> <span class='ocrx_word' id='word_1_938' title='bbox 3049 5779 3235 5862; x_wconf 70' lang='grc' dir='ltr'>ἕνεκεν</span> <span class='ocrx_word' id='word_1_939' title='bbox 3261 5806 3444 5875; x_wconf 67' lang='grc' dir='ltr'>,λόγον</span> <span class='ocrx_word' id='word_1_940' title='bbox 3472 5794 3633 5856; x_wconf 77' lang='grc' dir='ltr'>καλεῖ,</span> <span class='ocrx_word' id='word_1_941' title='bbox 3664 5779 3749 5841; x_wconf 59' lang='grc' dir='ltr'>καὶ</span> 
     </span>
    </p>
   </div>
  </div>
