4086 6430
272 406 362 463 li‘l

279 536 454 580 amara
482 515 664 572 dulcia
688 510 918 567 ridentur
943 499 1129 572 (Prov.
1151 494 1244 548 27.
1268 490 1324 561 7)
1350 507 1364 544 :
1393 500 1499 541 non
1521 477 1662 554 quod
1685 486 1872 532 eorum

282 631 398 688 qua:
426 609 679 682 apposita
706 610 864 666 sunt,
889 604 1078 651 natura
1107 593 1364 649 mutetur,
1394 577 1488 634 sed
1512 573 1655 646 quod
1686 583 1876 626 eorum

1289 677 1301 687 '
1484 683 1581 688 αμα
1645 661 1854 688 ιιιλεηειιο

287 661 398 688 ψη.
426 661 642 682 ,τμη
851 661 860 666 ,

287 705 520 775 affectio,
549 701 645 773 qui
670 690 919 753 convivio
945 693 1070 742 sunt
1095 677 1343 747 excepti,
1371 683 1587 728 sensum
1628 661 1878 733 decipiat.

288 773 433 875 Quod
459 799 507 855 si
530 755 754 868 propter
770 781 1113 842 convivarum
1137 769 1480 842 cupiditatem
1506 776 1683 817 amara
1709 755 1882 812 dulcia

291 857 556 955 videntur,
580 857 753 940 multo
792 874 963 945 magis
987 887 1051 930 ea
1087 882 1207 940 qua:
1233 863 1356 918 vilia
1395 864 1539 922 sunt,
1573 857 1884 921 sumptuosa

294 986 639 1043 videbuntur.
683 977 857 1044 Atque
882 967 1081 1024 idcirco
1120 973 1221 1016 nos
1258 966 1491 1028 quoque,
1523 958 1731 1004 summa
1761 941 1888 996 licet

296 1077 462 1151 inopia
495 1071 699 1146 pressi,
720 1061 1030 1136 magniﬁcos
1047 1052 1420 1113 convivatores
1446 1042 1735 1099 imitamur.
1758 1033 1885 1088 dum

301 1129 430 1151 ""'l"
499 1129 512 1146 I
683 1129 696 1138 ν
808 1129 836 1136 ν

301 1171 512 1244 singulis
540 1162 789 1223 collectis
813 1157 882 1212 ad
908 1159 1148 1210 nostram
1177 1158 1274 1200 vos
1301 1151 1545 1197 mensam
1576 1129 1885 1188 invitamus.

1092 1239 1104 1244 ‘
1228 1234 1261 1244 "
1374 1229 1397 1244 “
1458 1228 1490 1244 -’
1544 1222 1632 1244 -ΑΔ
1660 1216 1795 1244 -..ΛΑ
1822 1215 1885 1244 ,1η

306 1267 352 1324 hi
378 1215 507 1318 ιευριπ-ο
536 1257 768 1314 facimus
796 1263 905 1306 non
935 1239 1138 1300 nostris
1156 1234 1346 1308 Opibus
1372 1228 1516 1296 freti,
1540 1222 1636 1282 sed
1655 1216 1799 1292 quod
1821 1215 1890 1272 de

304 1367 466 1414 vestra
497 1349 782 1406 auditione
807 1335 1162 1396 conﬁdamus.

365 1451 417 1505 ’5.
463 1441 629 1498 Pauli
669 1433 894 1494 conversi
929 1445 1044 1485 cum
1098 1424 1236 1495 pisce
1273 1411 1604 1485 comparatio.
1659 1435 1731 1448 --
1782 1401 1893 1458 Το-

303 1555 408 1600 tum
439 1540 602 1610 igitur
644 1531 882 1589 debitum
923 1513 1286 1588 inscriptionis
1323 1508 1474 1565 vobis
1499 1499 1852 1576 persolvimus
1875 1535 1892 1559 ,

1488 1608 1495 1610 _
1541 1597 1573 1610 ..
1826 1587 1892 1610 η,

304 1629 668 1702 inscriptionis
693 1668 706 1693 ,
750 1623 964 1690 inquam
990 1656 1006 1682 ,
1050 1612 1305 1666 Actorum
1352 1597 1786 1672 apostolicornm.
1826 1587 1897 1643 Ut

305 1729 456 1799 igitur
485 1720 699 1776 initium
731 1711 850 1768 libri
890 1707 1303 1775 attingeremus,
1339 1692 1474 1750 ordo
1516 1685 1794 1758 exigebat,
1837 1694 1900 1734 ac

1051 1796 1080 1799 “-
1105 1794 1118 1799 ⁸
1430 1783 1469 1799 ἢ
1506 1783 1517 1793 ·
1708 1773 1897 1799 ..-.:.1-...

306 1773 644 1875 (feceremus,
696 1803 823 1879 quid
869 1801 971 1857 hoc
1020 1773 1122 1852 sibi
1172 1789 1302 1846 velit
1357 1805 1372 1842 :
1423 1783 1658 1838 Primum
1700 1773 1901 1846 quidem

305 1869 584 1966 sermonem
628 1869 847 1972 fecimus
899 1893 962 1947 de
1017 1885 1246 1944 omnibus
1275 1922 1291 1949 ,
1336 1896 1367 1933 ο
1417 1877 1460 1931 Τ
1466 1869 1737 1942 heophile,
1790 1881 1903 1937 qua:

309 2004 447 2075 εωρξι
487 1966 648 2052 Iesus
677 1999 843 2066 facere
875 2003 934 2041 ac
961 1983 1139 2038 docere
1169 1977 1308 2048 (Act.
1340 1973 1391 2028 l.
1414 1970 1490 2042 1).
1519 1966 1902 2023 Verumtamen

313 2113 410 2154 non
455 2093 589 2148 sinit
638 2085 836 2142 Paulus
888 2086 946 2134 ut
995 2075 1134 2130 hanc
1179 2068 1374 2125 seriem
1420 2059 1626 2117 ordinis
1668 2067 1902 2125 sequar,

312 2190 399 2248 sed
439 2185 505 2241 ad
552 2198 614 2238 se
654 2188 856 2247 suaque
894 2177 1044 2227 recte
1085 2165 1220 2219 facta
1266 2159 1503 2228 linguam
1550 2157 1785 2205 nostram
1827 2143 1910 2197 in-

313 2282 456 2336 vitat.
505 2272 682 2344 Cupio
719 2235 951 2335 namque
987 2256 1169 2314 videre
1215 2252 1362 2308 illum
1403 2242 1765 2302 introductum
1811 2235 1912 2290 Da-

315 2383 546 2429 mascum
585 2408 602 2433 ,
665 2376 771 2419 non
816 2359 989 2412 ferrea
1041 2357 1268 2411 catena,
1327 2339 1422 2398 sed
1461 2333 1726 2394 dominica
1780 2343 1914 2385 voce

315 2465 570 2517 vinctum.
605 2453 778 2524 Cupio
819 2446 1005 2504 videre
1040 2441 1249 2514 piscatu
1285 2442 1502 2504 captum
1541 2427 1742 2499 piscem
1772 2422 1916 2476 hunc

316 2566 592 2624 magnum,
633 2512 723 2618 qui
745 2550 916 2599 totum
943 2512 1244 2593 exaistuans
1269 2539 1420 2582 mare
1463 2518 1778 2582 conturbat,
1824 2512 1913 2583 qui

317 2604 524 2624 --.την
580 2604 592 2616 ,
651 2604 667 2618 ι

317 2646 505 2702 ﬂuctus
546 2641 866 2696 innumeros
911 2628 1169 2684 adversus
1217 2615 1511 2676 Ecclesiam
1559 2609 1773 2672 excitat.
1809 2604 1916 2659 Cu-

321 2740 403 2812 pio
448 2735 644 2792 videre
695 2730 870 2800 ipsum
910 2723 1115 2794 piscatu
1161 2721 1376 2786 captum
1423 2721 1528 2763 non
1572 2703 1763 2766 hamo,
1822 2693 1918 2751 sed

322 2793 496 2888 verbis
523 2793 773 2882 Domini.
803 2793 936 2874 Nam
964 2804 1410 2885 quemadmodum
1446 2801 1500 2855 in
1544 2793 1757 2852 sublimi
1787 2801 1921 2858 rupe

327 2921 618 2980 considcns
646 2918 877 2988 piscator
904 2950 920 2976 ,
961 2915 1017 2963 et
1041 2901 1354 2959 arundinem
1385 2891 1634 2950 attollens
1659 2930 1674 2954 ,
1704 2886 1921 2940 hamum

326 3019 391 3072 ah
427 3016 540 3070 aito
573 3013 626 3065 in
675 3020 824 3063 mare
863 2998 1097 3058 demittit
1126 3015 1140 3052 :
1169 2993 1246 3049 sic
1287 2989 1534 3045 nimirum
1577 2991 1632 3038 et
1666 2977 1925 3034 Dominus

330 3117 508 3164 noster
541 3097 874 3174 spiritualem
905 3089 1168 3149 exhibens
1201 3085 1524 3156 piscaturam
1571 3084 1839 3143 tamquam
1872 3067 1926 3122 in

331 3199 545 3259 sublimi
575 3162 828 3253 caelorum
855 3201 989 3259 rupe
1015 3180 1322 3244 considens,
1352 3174 1497 3229 velut
1517 3170 1678 3225 hamo
1698 3162 1927 3236 quodam

334 3295 569 3363 desuper
599 3289 699 3342 hac
725 3296 857 3339 voce
883 3279 1047 3351 missa
1075 3287 1196 3330 cum
1223 3268 1487 3330 dixisset,
1524 3260 1684 3318 Saule
1703 3299 1718 3323 ,
1749 3253 1928 3320 Saule,

336 3349 570 3458 quidlme
595 3349 904 3449 persequeris
944 3369 1091 3442 (Act.
1128 3365 1184 3420 9.
1219 3359 1314 3433 4)?
1341 3359 1540 3429 piscem
1572 3353 1714 3407 hunc
1743 3349 1930 3418 ingen—

340 3444 443 3536 tem
484 3444 728 3548 piscatus
750 3444 867 3524 Vest.
911 3465 978 3519 Et
1014 3457 1157 3532 quod
1202 3456 1257 3510 in
1296 3453 1444 3524 pisce
1485 3444 1729 3516 contigit,
1775 3453 1935 3512 quem

344 3535 505 3640 jussu.
521 3561 737 3622 Domini
766 3559 1000 3630 piscatus
1024 3559 1110 3608 est
1130 3549 1326 3605 Petrus
1345 3583 1361 3610 ,
1386 3542 1489 3597 hoc
1516 3547 1572 3595 et
1600 3537 1656 3591 in
1682 3535 1784 3590 isto
1815 3544 1940 3586 eve-

470 3655 752 3728 Siquidem
769 3623 878 3706 -hic
904 3657 1118 3718 quoque
1153 3638 1314 3712 piscis
1341 3636 1394 3689 in
1421 3646 1515 3688 ore
1543 3639 1799 3686 staterem
1840 3623 1938 3676 ha-

346 3755 476 3810 bens
518 3713 770 3806 inventus
798 3713 937 3806 est;-
961 3713 1216 3794 staterem
1261 3727 1514 3800 quidem,
1553 3719 1646 3778 sed
1688 3713 1944 3773 adulleri-

350 3861 475 3902 num
508 3863 524 3899 :
556 3841 753 3912 quippe
788 3833 879 3906 qui
900 3805 1080 3886 izelum
1109 3823 1361 3886 haberet,
1391 3815 1486 3874 sed
1514 3827 1621 3870 non
1647 3805 1941 3866 secundum

351 3902 664 3996 scientia-tn:
682 3902 974 3999 Propterea
1003 3935 1124 3977 cum
1150 3913 1429 3973 scientiam
1455 3907 1529 3963 illi
1552 3902 1774 3974 largitus
1803 3902 1949 3952 esset

565 3989 965 4097 probum-illum
995 4022 1273 4068 nummum
1308 3999 1542 4060 reddidit
1574 4013 1588 4051 :
1617 4004 1672 4050 et
1696 3989 1838 4063 quod
1870 3989 1949 4058 pi-

355 4079 701 4186 scatu,captis
727 4107 923 4167 accidit
963 4101 1198 4176 piscibus
1219 4137 1236 4164 ,
1278 4096 1381 4150 hoc
1409 4099 1465 4147 et
1503 4089 1558 4145 in
1603 4087 1705 4142 isto
1735 4079 1948 4137 accidit.

355 4213 488 4268 Nam
519 4217 580 4264 ut
601 4178 678 4263 illi
701 4217 824 4260 cum
853 4199 1086 4272 primum
1110 4189 1334 4249 extracti
1358 4203 1390 4242 e
1416 4182 1553 4241 mari
1581 4178 1796 4245 fuerint,
1824 4189 1955 4230 con-

360 4306 539 4362 festim
566 4301 694 4357 ςωοί
722 4298 856 4352 ﬁunt
887 4310 902 4348 :
932 4292 1011 4347 sic
1036 4297 1091 4344 et
1115 4288 1216 4343 iste
1244 4280 1526 4339 confestim
1556 4275 1771 4330 hamum
1794 4283 1955 4324 exec-

361 4399 459 4468 pit,
487 4405 544 4452 et
565 4398 833 4449 extractus
849 4382 1136 4442 confestim
1161 4384 1246 4434 est
1269 4380 1567 4430 excaecatus
1595 4383 1610 4422 :
1640 4378 1827 4420 verum
1859 4375 1958 4416 ex-

363 4489 584 4548 caecatio
596 4486 714 4541 hate
734 4481 930 4546 effecit,
947 4485 1008 4533 ut
1027 4482 1174 4531 totus
1189 4469 1335 4527 orbis
1351 4475 1613 4522 terrarum
1627 4460 1803 4515 visum
1824 4452 1961 4509 reei-

369 4589 540 4654 peret.
570 4579 696 4634 Haec
730 4574 890 4644 igitur
916 4569 1096 4624 omnia
1125 4561 1284 4632 cupio
1312 4570 1556 4614 cernere.
1584 4551 1717 4606 Nam
1753 4547 1798 4603 si
1825 4545 1962 4600 forte

370 4636 568 4729 bellum
597 4681 696 4724 nos
714 4662 1050 4722 barbaricum
1069 4649 1496 4713 circumsideret,
1517 4643 1644 4702 etin
1666 4640 1834 4696 aciem
1856 4636 1965 4692 dis-

373 4766 528 4836 positi
547 4765 729 4818 hostes
748 4759 1025 4813 innumera
1043 4749 1199 4806 nobis
1216 4743 1430 4816 negotia
1452 4742 1798 4800 facesserent,
1811 4733 1965 4788 dein-

375 4859 441 4914 de
462 4856 811 4911 barbarorum
833 4846 1100 4904 exercitus
1124 4840 1341 4901 ductor,
1365 4833 1455 4905 qui
1477 4827 1738 4887 machinis
1755 4839 1852 4880 nos
1872 4837 1969 4892 op-

379 4957 638 5022 pugnaret
662 4939 980 5007 innumeris,
1011 4947 1204 5004 resque
1231 4935 1444 4985 nostras
1471 4935 1662 4979 omnes
1685 4915 1971 4975 conturba-

381 5008 490 5108 ret”,
517 5047 572 5096 et
591 5035 820 5094 tumultu
841 5047 904 5088 ac
924 5024 1325 5102 perturbatione
1343 5018 1654 5090 compleret,
1679 5011 1866 5068 urbem
1887 5008 1971 5079 ip-

384 5149 493 5189 sam
518 5130 756 5187 funditus
775 5135 1085 5182 eversurum
1105 5133 1166 5173 se
1190 5115 1504 5176 minaretur,
1527 5117 1581 5164 et
1599 5109 1720 5178 igne
1747 5116 1972 5159 succen-

385 5239 590 5290 surum,
621 5223 709 5292 qui
741 5218 1054 5275 servitutem
1071 5213 1380 5273 intentaret,
1402 5201 1684 5260 confestim
1719 5195 1974 5264 ablmpe‘

388 5326 560 5372 ratore
577 5322 762 5369 nostro
774 5313 986 5366 vinctus
1006 5313 1059 5359 et
1077 5301 1319 5372 captivus
1340 5298 1390 5352 in
1408 5295 1592 5352 urbem
1611 5289 1979 5347 introducere-

390 5419 494 5470 tur,
519 5421 696 5462 nonne
723 5417 913 5458 omnes
937 5413 1058 5455 eum
1088 5392 1401 5452 mulieribus
1428 5399 1482 5445 et
1507 5385 1743 5459 puerulis
1770 5381 1837 5437 ad
1861 5394 1983 5451 Spe-

392 5500 653 5556 ctaculum
670 5494 798 5550 illud
819 5492 1156 5550 exsiliremus
1171 5488 1195 5541 ?
1212 5481 1436 5554 Quando
1457 5479 1614 5550 igitur
1638 5487 1690 5532 et
1711 5488 1852 5530 nunc
1878 5471 1984 5527 bel-

396 5594 500 5650 lum
529 5602 612 5650 est
633 5591 914 5656 indictum,
945 5585 1072 5641 dum
1100 5579 1281 5637 omnia
1311 5572 1643 5632 confundunt
1665 5567 1987 5636 turbamque

401 5687 592 5754 Judaei,
627 5694 682 5741 et
707 5682 888 5740 multis
917 5675 1183 5735 machinis
1209 5667 1464 5727 Ecclesiae
1485 5665 1721 5736 quietem
1747 5674 1809 5715 ac
1836 5671 1989 5714 secu-

401 5782 609 5837 ritatem
636 5782 977 5849 Oppugnant;
1019 5776 1178 5840 caput
1201 5774 1375 5819 autem
1401 5769 1455 5817 et
1482 5759 1730 5830 princeps
1757 5751 1988 5808 hostium

405 5885 525 5925 cum
548 5883 696 5928 esset
727 5870 946 5932 Paulus,
975 5865 1062 5937 qui
1099 5860 1298 5931 majora
1329 5870 1487 5929 quam
1517 5850 1696 5910 czeteri
1726 5847 1986 5910 faciebat,

818 387 884 445 ΙΝ
925 380 1149 446 lLLUD,
1187 368 1454 432 S.\ULUS
1490 361 1720 422 ADIIUC
1760 354 2066 416 SPHHNS.
2113 354 2198 410 DE
2239 351 2638 410 MUTATIONE
2666 348 3000 409 NOMINUM.
3039 345 3084 402 ι.

3471 344 3574 400 tts

1988 484 2052 526 ac
2077 468 2308 536 diccbat,
2347 469 2435 540 qui
2461 476 2652 524 cuncta
2689 465 2947 521 miscebat
2970 472 3024 519 et
3047 457 3400 518 conturbabat
3421 500 3436 525 ,
3469 456 3576 519 iam

1989 579 2020 620 a
2046 563 2275 619 Domino
2302 571 2485 616 nostro
2505 560 2633 616 Jesu
2658 555 2869 613 Christo
2897 555 3225 626 Imperatore
3252 558 3435 606 nostro
3464 550 3578 602 \‘in-

1991 668 2109 714 etus
2135 667 2237 722 est,
2269 665 2324 712 et
2363 654 2604 726 captivus
2628 650 2888 706 abductus
2917 648 3008 719 qui
3036 655 3226 702 cuncta
3260 657 3457 713 susque
3481 643 3577 695 dc-

1993 765 2098 820 que
2135 748 2416 814 vertebat,
2462 761 2570 801 non
2597 744 2664 800 ad
2689 741 3049 814 spectaculum
3081 735 3220 793 istud
3246 734 3583 805 egrediemur

1993 858 2201 910 omnes,
2225 849 2284 897 ut
2301 841 2567 912 captivum
2590 837 2763 908 ipsum
2791 833 2914 889 duci
2934 829 3240 887 videamus?
3261 827 3392 882 Nam
3415 835 3468 881 et
3487 841 3585 879 an-

1993 936 2096 1006 gcli
2127 950 2249 992 cum
2297 949 2329 990 e
2372 933 2518 988 caelis
2559 931 2732 1002 ipsum
2775 926 2898 982 duci
2942 923 3211 994 captivum
3257 925 3578 982 cernerent,

1995 1030 2334 1087 exsultabant
2363 1045 2377 1082 :
2408 1041 2516 1082 non
2559 1022 2705 1096 quod
2733 1022 2970 1076 vinctum
3011 1021 3299 1073 cernerent
3333 1019 3538 1066 tantum
3565 1050 3582 1074 ,

1996 1124 2090 1182 sed
2119 1123 2242 1195 quia
2263 1163 2279 1189 ,
2314 1135 2474 1193 quam
2503 1117 2698 1173 multos
2723 1111 2968 1169 homines
2991 1124 3022 1163 a
3051 1105 3276 1162 vinculis
3301 1101 3586 1171 expeditu-

1998 1234 2090 1274 rus
2120 1223 2302 1279 esset,
2333 1212 2640 1284 cogitabant
2669 1228 2683 1264 :
2716 1222 2820 1262 non
2861 1203 3002 1276 quod
3033 1217 3191 1257 manu
3219 1197 3344 1254 duci
3373 1200 3587 1265 specta-

1999 1317 2139 1373 rent,
2173 1306 2264 1362 sed
2285 1304 2426 1376 quod
2456 1312 2632 1357 mente
2657 1304 2956 1361 versarent,
2989 1308 3148 1364 quam
3180 1289 3374 1344 multos
3401 1284 3576 1339 inuni-

2003 1413 2098 1453 nes
2127 1398 2178 1452 in
2209 1396 2398 1451 cmlum
2429 1410 2459 1449 e
2487 1391 2645 1448 terris
2675 1388 2866 1459 injecta
2898 1401 3058 1440 manu
3085 1389 3228 1437 esset
3257 1375 3591 1433 introductu-

2001 1505 2114 1547 rus.
2146 1490 2437 1560 Pmpterea
2469 1483 2801 1556 gaudebant,
2832 1494 2938 1534 non
2975 1475 3118 1547 quod
3154 1477 3478 1528 excmeatum
3507 1467 3588 1521 vi-

2003 1586 2220 1651 derent,
2251 1582 2345 1638 sed
2368 1580 2508 1652 quod
2537 1577 2915 1647 intelligerent,
2945 1578 3173 1642 quantos
3211 1575 3353 1622 esset
3378 1581 3406 1617 e
3435 1571 3590 1618 tene-

2004 1677 2116 1733 bris
2167 1675 2457 1731 educturus
2511 1689 2524 1726 :
2579 1668 2933 1725 Proﬁciscere
2986 1673 3240 1729 namque,
3290 1655 3478 1724 inquit,
3528 1651 3592 1706 ad

2006 1776 2213 1839 gentes,
2240 1774 2294 1820 et
2322 1780 2351 1818 a
2385 1761 2617 1817 tenebris
2646 1759 2901 1813 liberatos
2927 1754 2979 1808 in
3001 1765 3223 1821 regnum
3251 1764 3342 1802 eos
3364 1743 3598 1801 dilectio-

2009 1860 2092 1915 nis
2122 1856 2321 1914 ChriSti
2365 1853 2674 1909 transferes.
2705 1850 2997 1918 Proliterca
3034 1844 3200 1898 misso
3239 1838 3493 1903 exordio,
3530 1834 3598 1890 ad

2010 1949 2244 2006 medium
2269 1961 2498 2018 propero
2528 1941 2796 1998 transilire
2827 1957 2841 1994 :
2866 1953 2986 1994 nam
3008 1935 3206 1992 Paulus
3227 1942 3283 1988 et
3301 1934 3352 1986 in
3378 1931 3600 1985 Paulum

2012 2058 2164 2098 amor
2190 2041 2331 2095 hunc
2358 2038 2489 2094 dare
2513 2035 2708 2090 saltum
2735 2047 2833 2088 nos
2861 2028 3055 2100 coegit.
3083 2026 3278 2083 Paulus
3299 2032 3352 2079 et
3381 2022 3432 2076 in
3459 2022 3602 2075 Pau-

2014 2135 2124 2190 lum
2163 2147 2336 2187 amor.
2378 2128 2641 2200 Ignoscite
2670 2123 2800 2180 mihi
2834 2120 2964 2178 :vel
2993 2119 3206 2190 potius,
3242 2115 3408 2170 nolite
3450 2115 3602 2183 igno-

2016 2240 2168 2283 scere
2187 2265 2204 2292 ,
2239 2221 2333 2278 sed
2364 2230 2419 2277 et
2451 2233 2691 2274 amorem
2723 2218 2880 2271 istum
2910 2208 3253 2267 minulamini.
3281 2205 3412 2262 Nam
3444 2206 3489 2258 is
3517 2203 3607 2273 qui

2019 2319 2163 2390 turpi
2201 2331 2385 2373 amore
2413 2320 2694 2383 correptus
2719 2318 2800 2365 est
2819 2349 2834 2374 ,
2868 2305 3062 2360 merito
3087 2302 3296 2358 veniam
3325 2296 3557 2368 postulat
3591 2313 3603 2350 :

2019 2387 2125 2484 quit
2141 2425 2268 2466 vero
2311 2404 2574 2477 ejusmodi
2602 2416 2786 2458 amore
2814 2397 3003 2468 flagrat
3025 2437 3039 2462 ,
3089 2393 3189 2450 hac
3213 2388 3460 2461 cupidine
3496 2387 3611 2458 glo-

2020 2505 2210 2564 rietur,
2251 2501 2556 2568 multosque
2586 2495 2744 2550 faciat
2776 2487 3026 2546 desiderii
3062 2485 3215 2541 istius
3240 2481 3527 2553 participes
3559 2485 3614 2532 et

2023 2597 2336 2651 innumeros
2356 2595 2630 2660 comparet
2655 2585 2756 2641 sibi
2785 2581 2999 2638 rivales.
3031 2578 3086 2633 Si
3111 2575 3252 2631 enim
3286 2572 3398 2626 ﬁeri
3427 2576 3613 2643 posset

2025 2697 2083 2744 ut
2110 2696 2253 2744 recta
2273 2685 2358 2740 via
2387 2687 2694 2753 pergentes,
2719 2685 2774 2732 et
2795 2673 2984 2730 ordine
3012 2666 3414 2740 progredientes
3437 2661 3614 2731 priora

2026 2781 2328 2837 diceremus
2353 2816 2369 2844 ,
2403 2783 2459 2831 et
2493 2773 2562 2828 ad
2597 2787 2659 2827 ea
2690 2784 2807 2840 qum
2851 2767 2903 2821 in
2932 2763 3111 2820 medio
3151 2767 3275 2815 sunt
3313 2768 3618 2827 pervenire-

2027 2890 2150 2932 mus
2173 2917 2186 2940 ,
2213 2883 2553 2942 nequaquam
2585 2864 2784 2921 omisso
2816 2857 3075 2932 principio
3104 2850 3385 2908 confestim
3410 2846 3478 2903 ad
3509 2861 3621 2900 me—

2030 2970 2177 3026 dium
2198 2965 2534 3022 venissemus
2566 2979 2579 3015 :
2603 2957 2695 3014 sed
2719 2954 2968 3028 quoniam
3000 2956 3121 3020 post
3148 2947 3503 3001 Pentecostcn
3529 2939 3625 2994 de-

2033 3062 2160 3134 poni
2203 3060 2398 3115 librum
2439 3056 2525 3110 lex
2554 3061 2766 3123 patrum
2794 3046 2986 3117 jubet,
3018 3049 3075 3097 et
3107 3054 3210 3094 una
3238 3051 3358 3091 eum
3389 3035 3495 3087 ﬁne
3533 3046 3624 3085 so-

2033 3151 2328 3208 lemnitatis
2356 3145 2514 3216 hujus
2543 3143 2702 3198 lectio
2731 3137 2850 3194 libri
2877 3134 3191 3191 terminatur
3214 3168 3230 3196 ,
3257 3126 3460 3180 veritus
3485 3137 3626 3188 sum,

2036 3263 2105 3305 ne
2133 3247 2258 3302 dum
2284 3245 2337 3300 in
2365 3239 2696 3313 exponendis
2724 3233 2998 3308 prommiis
3016 3242 3338 3299 occupamur
3361 3231 3414 3279 et
3434 3223 3630 3277 immo-

2040 3357 2224 3396 ramur
2243 3381 2258 3406 ,
2287 3336 2525 3392 historia:
2549 3332 2720 3388 series
2745 3344 2844 3384 nos
2876 3328 3020 3397 prius
3046 3322 3306 3392 effugeret
3325 3360 3340 3384 ,
3372 3329 3530 3387 quam
3559 3312 3626 3366 ilo

2041 3433 2151 3488 1am
2198 3442 2477 3502 possemus
2503 3425 2785 3493 attingere.
2835 3419 3036 3473 Idcirco
3077 3429 3108 3468 a
3152 3407 3411 3482 principio
3443 3417 3634 3458 narra.

2045 3523 2206 3581 tionis
2230 3521 2293 3576 ad
2325 3519 2429 3575 alia
2457 3529 2774 3588 properans,
2805 3520 2859 3565 ct
2885 3507 3203 3580 prati-mium
3233 3497 3470 3556 historiae
3495 3503 3633 3550 tam-

2045 3630 2204 3687 quam
2231 3627 2260 3666 a
2290 3609 2575 3683 posteriori
2606 3604 2795 3675 capitis
2821 3609 2970 3672 parte
3000 3597 3325 3670 prehensum
3356 3589 3594 3646 retinens
3615 3627 3633 3653 ,

2047 3718 2266 3761 manere
2291 3716 2388 3758 vos
2408 3698 2566 3772 jussi,
2594 3705 2649 3753 et
2670 3697 2722 3749 in
2746 3691 3005 3765 principio
3026 3688 3129 3742 vite
3152 3685 3462 3742 subsistere.
3486 3679 3640 3733 Post-

2049 3811 2210 3869 quam
2253 3771 2761 3849 enimrnarrationis
2799 3792 2958 3854 caput
2998 3779 3225 3848 attigero
3251 3817 3267 3842 ,
3307 3771 3642 3829 conﬁdenter

2052 3891 2307 3960 deinceps
2332 3900 2451 3958 qua:
2475 3889 2792 3952 sequuntur,
2815 3873 3056 3947 quamvis
3080 3871 3272 3925 festum
3301 3861 3641 3937 praeterierit,

2053 3991 2243 4040 cuncta
2287 3989 2628 4049 percurram;
2671 3983 2846 4040 neque
2889 3980 3018 4020 vero
3060 3977 3159 4018 nos
3196 3970 3451 4014 accusare
3494 3951 3645 4022 quis-

2057 4091 2215 4148 quam
2245 4072 2460 4145 poterit,
2488 4067 2628 4140 quod
2660 4060 3090 4132 intempestivam
3121 4051 3484 4110 narrationem
3510 4044 3645 4100 affe—

2059 4183 2242 4226 ramus
2265 4209 2280 4232 ,
2312 4180 2432 4221 cum
2474 4160 2680 4218 ordinis
2721 4155 2886 4228 ipsius
2921 4149 3216 4208 necessitas
3243 4142 3388 4200 omni
3430 4153 3528 4194 nos
3569 4137 3648 4191 in.

2063 4259 2364 4332 tempesxivi
2405 4251 2703 4326 argumenti
2747 4246 3089 4304 accusatione
3118 4241 3308 4296 liberet
3339 4254 3352 4290 :
3385 4247 3545 4306 quam
3584 4229 3656 4284 ob

2063 4367 2281 4410 causam
2320 4365 2349 4403 a
2387 4343 2651 4420 prooemio
2697 4340 2762 4396 ad
2795 4337 3028 4394 medium
3054 4346 3224 4402 usque
3263 4325 3497 4384 decurri.
3539 4321 3660 4377 Non

2066 4444 2209 4502 enim
2242 4439 2359 4497 ﬁeri
2399 4436 2635 4509 potuisse
2655 4475 2670 4501 ,
2713 4432 2758 4488 si
2785 4436 2931 4486 recta
2957 4426 3039 4482 via
3073 4418 3342 4494 progressi
3378 4426 3658 4477 essemus,

2068 4546 2128 4592 ut
2155 4535 2222 4592 ad
2250 4530 2476 4589 Paulum
2519 4523 2920 4598 perveniremus
2945 4559 2959 4586 ,
3005 4514 3097 4571 sed
3141 4513 3378 4581 linguam
3418 4512 3658 4561 nostram

2069 4627 2219 4699 prius
2243 4635 2529 4681 evasurum
2553 4616 2725 4672 fuisse
2751 4612 2945 4667 librum
2968 4649 2984 4674 ,
3019 4604 3279 4674 nobisque
3312 4599 3455 4655 fores
3475 4593 3661 4650 occlu-

2071 4732 2254 4776 surum
2274 4756 2290 4784 ,
2320 4729 2384 4770 ex
2425 4710 2593 4782 ipsius
2625 4701 2869 4778 prooemii
2899 4696 3234 4770 expositione
3257 4685 3663 4752 demonstrabo,

2076 4810 2288 4868 tametsi
2313 4809 2424 4879 jam
2457 4801 2590 4860 illud
2619 4815 2678 4856 re
2707 4798 2822 4868 ipsa
2852 4790 3174 4865 patefactum
3201 4793 3304 4842 est.

2147 4904 2202 4959 4.
2233 4901 2368 4958 Nam
2392 4899 2438 4954 si
2467 4896 2595 4952 dum
2626 4890 2795 4948 solam
2823 4884 2976 4943 vobis
3006 4877 3406 4948 inscriptionem
3444 4869 3673 4940 legimus

2079 5007 2135 5054 et
2162 5005 2496 5057 enarramus,
2528 4983 2807 5043 dimidium
2831 4971 3184 5034 solemnitatis
3215 4961 3678 5034 consumpsimus,

2083 5093 2130 5148 si
2155 5091 2222 5146 ab
2249 5086 2470 5145 exordio
2498 5080 2652 5137 initio
2694 5079 2834 5132 facto
2872 5072 2927 5127 in
2955 5070 3128 5141 ipsum
3159 5062 3281 5119 libri
3307 5061 3523 5132 pelagus
3555 5068 3676 5109 ora-
3707 5097 3709 5099 .

2084 5187 2285 5242 tionem
2320 5177 2606 5234 immittere
2628 5169 2997 5241 coepissemus,
3016 5168 3292 5232 quantum,
3312 5163 3515 5224 quazso,
3543 5154 3678 5200 tem-

2085 5277 2232 5351 poris
2262 5269 2709 5342 impendissemus
2731 5303 2747 5330 ,
2780 5269 2839 5316 ut
2870 5257 2938 5312 ad
2968 5255 3084 5310 illas
3125 5249 3194 5305 de
3222 5245 3389 5302 Paulo
3416 5235 3676 5294 narratio-

3089 5343 3101 5351 ·
3345 5331 3492 5351 -ικ--ερ
3525 5324 3676 5351 -.λιες

2089 5324 2231 5351 rw"
2262 5324 2362 5342 ""r
2383 5324 2397 5327 -
2455 5324 2458 5325 ν
2733 5324 2744 5330 -

2089 5385 2186 5426 nes
2213 5357 2654 5439 perveniremus?
2687 5355 2799 5410 lmo
2831 5363 2959 5406 vero
2986 5361 3053 5402 ex
3088 5343 3205 5412 ipso
3236 5331 3498 5407 prooemio
3525 5324 3683 5380 vobis

2091 5463 2196 5519 hoc
2221 5461 2394 5530 ipsum
2414 5452 2650 5511 conabor
2674 5442 2978 5503 ostendere.
3011 5434 3242 5489 Primum
3262 5424 3464 5498 quidem
3490 5431 3683 5474 sermo-

3165 5521 3273 5530 ..κ
3341 5517 3356 5530 .
3434 5514 3478 5530 ..
3546 5509 3681 5530 re.-.

2093 5509 2741 5625 nerit'gcfindemnnibus,
2781 5552 2812 5591 ο
2849 5526 3133 5598 Tlteopltile
3159 5521 3295 5593 (Act.
3335 5517 3387 5572 1.
3429 5509 3684 5625 i).uQuot

2097 5600 2417 5706 existimatis
2459 5637 2547 5691 hic
2576 5645 2696 5688 esse
2733 5615 3098 5697 qumstiones?
3144 5611 3379 5668 Primum
3426 5600 3639 5674 quidem
3666 5635 3685 5660 ,

3458 5695 3470 5706 .
3607 5686 3679 5706 an:

2100 5686 2416 5706 υλιοιιιιουι-..σ
2462 5686 2543 5691 ---ν
2584 5686 2599 5688 _
2751 5686 2769 5697 -

2100 5754 2260 5812 quam
2296 5735 2365 5790 ob
2393 5740 2608 5786 causam
2645 5721 2878 5793 priorem
2919 5711 3113 5769 librum
3156 5706 3209 5759 in
3247 5695 3563 5756 memoriam
3607 5686 3685 5741 illi

2882 5806 2896 5812 ³
3194 5795 3226 5812 τ’
3249 5801 3483 5812 ίν---ιι--ιιι
3509 5787 3658 5812 -σΜΛΙ

2105 5787 2259 5812 .,.-,---
2302 5787 2343 5790 _,
2647 5787 2662 5793 _

2105 5835 2338 5892 revocet.
2363 5818 2629 5884 Secundo,
2662 5824 2818 5884 qttatn
2847 5806 2915 5862 ob
2941 5813 3153 5860 causam
3191 5795 3486 5851 Sermonem
3509 5787 3689 5844 vocet,
