4086 6478
431 397 530 452 H9

421 524 478 568 tt
512 529 616 567 nou
650 511 1003 584 Evangelium
1037 533 1049 568 :
1083 515 1292 568 tametsi
1324 514 1518 569 Paulus
1549 513 1894 582 Evangelium
1944 513 2011 566 il-

427 605 536 658 lum
567 612 723 659 vocat
745 645 761 672 ,
805 605 932 658 dum
963 605 1041 659 sic
1066 606 1140 658 ait
1174 623 1188 659 :
1219 605 1378 676 Cujus
1408 605 1521 660 laus
1564 614 1635 660 est
1663 605 1717 658 in
1759 604 2017 675 evangelio

428 711 517 764 per
543 711 714 749 omnes
745 695 1000 749 Ecclesias
1040 696 1118 764 (2.
1150 695 1267 750 Cor.
1313 695 1366 750 8.
1404 694 1491 768 l8)
1517 736 1534 762 ,
1576 695 1644 751 de
1685 695 1824 750 Luca
1853 694 2018 750 verba

430 785 654 840 faciens.
685 785 866 839 Tertio
903 801 1005 855 qua
1041 786 1109 840 de
1141 801 1299 840 causa
1330 786 1502 851 dicat,
1533 786 1610 841 De
1645 787 1874 842 omnibus
1907 801 2023 858 qua:

431 876 548 944 fecit
594 873 765 928 Iesus.
820 874 875 928 Si
915 876 1059 930 enim
1101 875 1337 932 Joannes
1377 876 1574 932 Christi
1621 878 1882 944 dilectus,
1929 877 2022 948 qui

435 975 575 1020 tanta
609 967 800 1022 fiducia
822 970 1099 1041 gratiaque
1124 970 1264 1041 apttd
1293 971 1440 1025 illum
1465 971 1696 1036 valebat,
1727 972 1811 1026 cui
1839 971 2021 1027 datum

435 1058 626 1124 fuerat,
661 1068 720 1113 ttt
745 1075 906 1130 supra
935 1075 1147 1116 sacrum
1178 1063 1307 1118 illud
1341 1072 1526 1133 pectus
1547 1064 1906 1130 recumberet,
1933 1063 2025 1133 qui

435 1150 653 1219 spiritus
675 1150 850 1207 fontes
878 1153 1001 1208 inde
1032 1153 1300 1222 hauserat,
1337 1156 1424 1211 hic
1451 1155 1580 1210 illud
1604 1157 1784 1211 dicere
1805 1156 2026 1218 minime

437 1256 599 1295 ausus
621 1251 724 1307 est,
743 1243 836 1298 sed
867 1253 1065 1298 tantam
1089 1247 1389 1301 cautionem
1413 1245 1673 1310 adhibuit,
1703 1256 1759 1300 ut
1784 1247 1984 1302 diceret
2011 1265 2025 1303 :

439 1331 500 1386 Si
529 1334 813 1387 scribantur
841 1352 930 1406 per
953 1339 1156 1408 singula
1182 1339 1351 1392 omnia
1378 1381 1394 1406 ,
1438 1355 1552 1410 qua:
1590 1341 1708 1410 fecit
1754 1338 1985 1395 Christus
2009 1382 2024 1406 ,

439 1440 530 1476 nec
557 1425 723 1495 ipsum
751 1426 971 1481 arbitror
998 1429 1241 1482 mundum
1271 1446 1452 1500 capere
1476 1447 1622 1502 posse
1646 1447 1730 1486 eos
1749 1472 1764 1496 ,
1793 1433 1878 1503 qui
1897 1432 2030 1486 scri-

439 1517 586 1570 bendi
631 1527 790 1584 sunt,
835 1519 989 1574 libros
1031 1519 1210 1593 (Joan.
1243 1521 1334 1578 21.
1370 1523 1464 1594 25)
1498 1543 1510 1579 :
1540 1524 1811 1595 quomodo
1852 1525 2033 1580 dicere

441 1608 529 1662 hic
557 1623 720 1664 ausus
745 1619 827 1666 est
855 1628 866 1663 :
897 1610 1131 1666 Primum
1153 1613 1355 1683 quidem
1379 1631 1656 1669 sermonem
1675 1617 1770 1687 feci
1786 1617 1849 1670 de
1871 1616 2035 1670 omni-

443 1704 555 1765 bus,
589 1718 618 1754 ο
647 1701 949 1774 Theophila,
975 1721 1090 1776 quae
1115 1708 1234 1778 fecit
1259 1707 1413 1762 Jesus
1439 1707 1590 1778 (Luc.
1618 1709 1667 1763 1.
1694 1703 1788 1781 1)⁴Ι
1813 1725 1881 1764 an
1907 1724 2034 1764 vero

444 1809 604 1862 parva
629 1793 783 1848 nobis
808 1794 924 1851 lu-c
952 1798 1177 1866 qumstio
1204 1798 1452 1854 videtur?
1473 1801 1649 1870 Atque
1670 1800 1777 1855 Illic
1795 1801 2030 1870 quidem,

448 1877 652 1953 Optime
691 1884 1004 1958 TheOphile,
1041 1904 1234 1944 nomen
1277 1905 1399 1944 cum
1434 1886 1590 1946 laude
1634 1891 1866 1961 positum
1904 1901 1986 1947 est
2019 1910 2033 1947 :

447 1990 622 2045 neque
652 1977 794 2030 enim
839 1978 941 2034 hoc
980 1979 1096 2034 sine
1138 1997 1299 2036 causa
1341 1982 1542 2038 dictum
1589 1992 1673 2040 est
1713 1985 1930 2040 sanctis.
1969 1984 2038 2040 Et

447 2067 588 2120 forte
628 2066 757 2122 illud
785 2083 849 2124 ex
895 2078 1047 2140 parte
1089 2071 1573 2129 demonstravimus
1598 2116 1612 2141 ,
1658 2091 1830 2146 neque
1872 2091 2038 2130 unum

449 2159 555 2212 iota
579 2201 596 2226 ,
643 2175 815 2230 neque
849 2164 1054 2232 apicem
1105 2181 1270 2220 unum
1307 2175 1511 2223 temere
1553 2169 1783 2238 positum
1825 2183 1946 2225 esse
1985 2170 2038 2224 in

447 2249 757 2320 Scripturis.
805 2253 858 2310 Si
900 2271 1029 2326 ergo
1065 2267 1145 2312 tot
1187 2274 1250 2314 ac
1292 2268 1454 2315 tanta:
1501 2271 1626 2316 sunt
1672 2262 1725 2316 in
1777 2262 2040 2333 proonnio

448 2345 805 2412 quaestiones,
845 2359 1101 2418 quantum
1149 2351 1301 2406 nobis
1333 2354 1588 2422 temporis
1625 2355 2040 2424 impendendum

448 2435 658 2501 fuisset,
688 2439 732 2493 si
763 2441 942 2495 omnia
970 2458 1088 2513 qua:
1119 2446 1498 2516 sequebantur,
1531 2448 1891 2504 voluissemus
1919 2467 2042 2522 per-

448 2531 716 2586 currere?
746 2532 850 2588 llas
874 2535 944 2590 ob
973 2551 1183 2602 causas,
1213 2541 1589 2608 praetermissis
1617 2556 1737 2612 qua:
1764 2543 2040 2614 interjecta

449 2630 622 2686 erant,
651 2631 868 2679 coactus
887 2641 1006 2680 sum
1033 2627 1098 2682 ad
1124 2628 1345 2685 Paulum
1370 2631 1571 2687 venire.
1601 2632 1711 2687 Cur
1732 2633 1891 2705 igitur
1923 2651 2046 2704 pro-

451 2716 640 2784 positis
682 2721 1069 2788 quaestionibus
1109 2738 1295 2778 earum
1327 2725 1648 2782 solutionem
1693 2743 1798 2782 non
1845 2729 2046 2800 adjeci-

449 2809 609 2863 mus?
658 2809 728 2864 Ut
775 2812 980 2868 scilicet
1024 2829 1119 2870 vos
1165 2819 1624 2874 assuefaceremus
1675 2835 1782 2875 non
1832 2837 2048 2892 semper

451 2915 697 2979 mansum
724 2905 970 2975 excipere
989 2908 1186 2973 cibum,
1212 2909 1305 2964 sed
1330 2924 1700 2980 sarpcnumero
1722 2913 2045 2970 solutionem

451 2995 734 3050 sententiis
779 3012 876 3067 per
917 3013 1012 3054 vos
1054 3004 1199 3069 ipsos
1237 2999 1552 3073 adjuugere,
1582 3004 1724 3075 quod
1755 3003 1931 3061 facere
1957 3021 2046 3062 so-

457 3085 570 3140 lent
597 3086 882 3143 columbae.
935 3089 1207 3161 Siquidem
1253 3092 1361 3148 illae
1404 3095 1577 3164 pullos
1621 3095 1874 3166 quamdiu
1925 3098 2047 3167 qui-

454 3175 576 3231 dem
609 3178 664 3232 in
693 3178 817 3234 nido
838 3193 1076 3250 manent,
1104 3199 1197 3239 ore
1223 3187 1440 3257 preprio
1465 3188 1742 3245 nutriunt:
1766 3198 2046 3261 postquam

456 3277 635 3325 autem
663 3269 861 3340 ejicere
892 3273 1010 3330 illos
1051 3291 1082 3332 e
1127 3277 1253 3333 nido
1293 3287 1558 3348 possunt,
1601 3281 1787 3352 eisque
1821 3291 2050 3338 cernunt

453 3363 560 3433 jam
590 3374 745 3422 natas
771 3367 882 3421 alas
907 3408 921 3433 ,
967 3385 1072 3424 non
1117 3371 1226 3440 jam
1256 3372 1488 3442 amplius
1528 3373 1580 3428 id
1614 3384 1869 3444 praestant
1892 3417 1907 3441 ,
1949 3376 2048 3432 sed

462 3470 688 3523 granum
725 3458 942 3528 quidem
987 3475 1082 3516 ore
1110 3472 1322 3532 gestant
1364 3471 1420 3519 et
1457 3473 1729 3520 ostentant
1759 3485 1771 3520 :
1805 3467 1893 3521 ubi
1921 3484 2051 3523 vero

458 3544 582 3612 pulli
616 3558 895 3616 sperantes
923 3552 1140 3620 propius
1179 3553 1540 3622 accesserint,
1569 3555 1844 3610 dimissam
1876 3557 1926 3612 in
1958 3573 2052 3628 pa-

455 3637 750 3694 vimentum
781 3655 958 3695 eseam
982 3653 1181 3699 matres
1202 3661 1298 3716 per
1318 3647 1525 3718 seipsos
1540 3648 1731 3719 jubent
1756 3651 2007 3722 colligere
2034 3672 2047 3708 :

457 3729 534 3782 sic
563 3737 618 3784 et
646 3744 744 3784 nos
772 3729 1013 3802 fecimus,
1043 3735 1169 3791 dum
1197 3749 1419 3810 accepto
1445 3741 1498 3795 in
1520 3757 1616 3797 ore
1637 3743 1900 3813 spirituali
1928 3744 2050 3800 cibo

459 3837 552 3877 vos
591 3825 930 3884 invitavimus
961 3839 1230 3903 tamquam
1260 3835 1580 3891 solutionem
1609 3852 1758 3893 more
1787 3849 2050 3895 consueto

456 3918 748 3985 exposituri
779 3937 793 3974 :
821 3930 1100 3992 postquam
1134 3934 1310 3980 autem
1342 3927 1654 3998 advenistis,
1687 3939 1742 3986 et
1767 3945 1862 3986 vos
1886 3947 2046 3988 exce-

458 4015 644 4074 pturos
669 4014 944 4080 sperastis,
974 4031 1069 4070 vos
1092 4015 1427 4086 dimisimus,
1458 4030 1516 4076 ut
1544 4021 1642 4092 ipsi
1671 4039 1769 4093 per
1800 4039 1896 4079 vos
1921 4039 2048 4080 scn-

461 4101 653 4154 tentias
705 4103 985 4174 colligatis.
1037 4108 1324 4178 Propterea
1373 4114 1634 4182 prommio
1675 4115 1933 4174 derelicto
1983 4119 2050 4174 ad

462 4189 681 4245 Paulum
710 4195 1044 4254 festinamus.
1081 4201 1281 4258 Dicturi
1311 4219 1472 4274 porro
1509 4222 1695 4264 sumus
1725 4225 1829 4266 non
1858 4225 1920 4268 ea
1957 4227 2047 4268 so-

462 4279 571 4333 lum
601 4282 808 4364 quibus
834 4285 1089 4344 Ecclesia:
1120 4293 1345 4361 profuit,
1375 4296 1470 4350 sed
1499 4299 1658 4352 etiam
1687 4315 1748 4354 ca
1777 4301 1974 4371 quibus
2001 4304 2048 4358 ei

461 4373 644 4427 nocuit
677 4391 690 4426 :
720 4390 842 4431 nam
872 4387 927 4433 et
956 4379 1070 4437 hate
1107 4397 1138 4438 e
1167 4399 1225 4439 re
1256 4395 1436 4441 nostra
1472 4398 1554 4444 est
1581 4390 1774 4446 oratio.
1804 4393 2053 4451 Dicemus

460 4478 566 4532 quo
617 4475 774 4558 pacto
815 4469 1037 4526 verbum
1089 4474 1482 4543 prmdicationis
1533 4493 1899 4554 Oppugnaret,
1947 4502 2052 4558 quo

463 4564 616 4622 pacto
642 4555 856 4616 Christo
888 4562 1085 4620 bellum
1133 4567 1372 4637 inferret,
1427 4589 1535 4644 quo
1581 4587 1736 4646 pacto
1777 4555 2052 4650 apostolos

465 4661 905 4719 persequeretur,
937 4670 1042 4725 quo
1072 4667 1226 4728 pacto
1256 4660 1435 4718 hostili
1464 4666 1515 4720 in
1545 4681 1638 4722 eos
1665 4670 1847 4725 animo
1871 4681 2050 4739 esset,

459 4755 566 4830 quo
599 4751 753 4810 pacto
773 4744 1026 4804 Ecclesiae
1055 4751 1174 4822 plus
1203 4757 1437 4825 negotii,
1466 4774 1625 4830 quam
1657 4763 1840 4818 exteri
1865 4779 2053 4821 omnes

462 4829 770 4888 facesseret.
817 4835 1194 4898 Verumtamen
1224 4847 1493 4904 neminem
1520 4851 1716 4920 pudeat
1736 4853 1850 4910 lucc
1870 4857 2054 4913 audire

461 4921 529 4976 de
561 4922 728 4979 Paulo
759 4943 772 4980 :
802 4931 909 4983 non
933 4932 1075 4987 enim
1105 4933 1220 4990 lucc
1249 4947 1373 4994 sunt
1398 4939 1515 5010 ejus
1540 4945 1928 5013 accusationes,
1958 4947 2055 5003 sed

464 5016 678 5070 laudum
711 5021 886 5089 potius
927 5027 1258 5083 occasiones.
1301 5030 1415 5086 Non
1445 5034 1584 5088 enim
1613 5036 1815 5092 crimen
1843 5049 1924 5093 est
1954 5039 2052 5107 illi,

463 5125 584 5164 cum
624 5113 770 5182 prius
805 5115 1081 5186 improbus
1115 5119 1334 5190 fuisset,
1383 5125 1584 5182 bonum
1631 5129 1884 5200 deinceps
1932 5147 2057 5188 eva-

462 5203 633 5272 sisse;
666 5205 761 5261 sed
787 5208 854 5274 si,
885 5223 1006 5264 cum
1036 5213 1182 5281 prius
1209 5215 1407 5272 virtute
1433 5219 1688 5286 praeditus
1715 5220 1925 5289 fuisset,
1961 5239 2057 5293 po-

463 5307 577 5354 stea
625 5309 861 5356 mutatus
900 5303 965 5357 ad
1018 5305 1412 5376 improbitatem
1449 5309 1795 5380 descivisset;
1842 5329 2060 5385 semper

466 5391 607 5444 enim
638 5408 726 5448 res
755 5409 824 5449 ex
857 5394 962 5452 line
999 5397 1328 5468 judicantur.
1371 5401 1502 5456 Nam
1542 5413 1595 5458 et
1629 5405 2013 5475 gubernatores
2037 5448 2054 5474 ,

471 5483 594 5538 licet
625 5486 903 5545 innumera
931 5491 1037 5547 sint
1065 5495 1204 5563 passi
1235 5493 1508 5566 naufragia
1531 5539 1546 5565 ,
1578 5513 1699 5553 cum
1742 5500 1806 5554 ad
1841 5510 2055 5572 portum

469 5588 654 5631 navem
682 5581 956 5650 appulsuri
988 5595 1146 5652 sunt,
1189 5587 1232 5640 si
1265 5585 1517 5642 refertam
1547 5589 1818 5646 mercibus
1857 5606 2058 5649 onera-

474 5665 606 5718 riam
634 5669 954 5728 deduxerint
978 5717 991 5742 ,
1025 5694 1360 5748 nequaquam
1387 5681 1506 5735 illos
1532 5681 1671 5737 male
1696 5681 1906 5740 functos
1935 5699 2057 5740 esse

479 5770 696 5817 manere
721 5780 818 5819 suo
845 5766 1090 5836 dicimus,
1122 5787 1242 5826 cum
1272 5777 1346 5828 rei
1375 5775 1547 5830 exitus
1573 5775 1750 5830 omnia
1777 5793 1896 5849 qua:
1922 5793 2058 5848 pra:—

479 5858 745 5907 cesserant
769 5861 1055 5917 occultarit
1085 5878 1096 5914 :
1131 5872 1179 5916 ct
1213 5879 1394 5921 rursus
1419 5867 1667 5932 athletas,
1699 5866 1819 5926 licet
1852 5869 2050 5924 multo-

1140 400 1196 456 S.
1239 399 1518 455 JO.\L\NIS
1558 395 2030 456 CHRYSOSTOM!
2069 396 2386 453 ARCHIEP.
2429 397 2959 456 CONSTAN'I‘INOP.

3643 388 3753 446 1'20

2129 512 2229 565 ties
2257 511 2453 566 fuerint
2477 521 2602 567 ante
2623 511 2885 582 superati,
2914 509 3074 565 tnodo
3103 511 3155 565 in
3181 525 3244 566 ea
3276 525 3469 582 pugna
3504 511 3758 576 vincant,

2127 601 2180 655 iu
2211 617 2314 672 qua
2343 601 2412 658 de
2435 617 2630 657 corona
2662 603 2837 672 agitur
2856 643 2870 668 ,
2903 617 3235 672 nequaquam
3264 611 3509 672 propter
3541 617 3607 656 ea
3637 617 3762 671 qua:

2129 702 2515 764 prwcesserunt
2533 736 2548 760 ,
2578 695 2814 748 victoria:
2836 693 3115 763 przeconiis
3135 692 3561 747 defraudamus.
3587 690 3684 746 Sic
3710 699 3764 745 et

2127 801 2252 856 erga
2276 786 2496 841 Paulum
2521 803 2620 841 nos
2645 801 2913 858 geramus.
2937 786 3069 840 Nam
3093 795 3148 841 et
3169 787 3281 856 ipse
3302 783 3610 856 naufragia
3638 799 3765 853 pas-

2130 893 2220 933 sus
2245 886 2330 932 est
2373 878 2651 934 innumera
2685 895 2700 934 :
2741 878 2838 932 sed
2880 893 3001 933 cum
3043 877 3110 932 ad
3152 885 3369 947 portum
3417 875 3763 945 appulsurus

2132 984 2321 1024 navem
2363 969 2500 1034 fuit,
2541 968 2792 1024 refertam
2830 967 3099 1024 mercibus
3141 967 3460 1022 onerariam
3502 965 3760 1021 deduxit.

2134 1063 2200 1118 Et
2241 1062 2689 1133 quemadmodum
2733 1061 2885 1117 Judae
2931 1061 3064 1115 nihil
3115 1059 3314 1131 profuit
3342 1101 3358 1125 ,
3417 1059 3764 1128 discipulum

2136 1156 2283 1224 prius
2308 1154 2474 1210 fuisse
2499 1196 2513 1220 ,
2544 1169 2666 1210 cum
2693 1153 2886 1209 deinde
2915 1153 3084 1209 factus
3109 1153 3181 1208 sit
3208 1152 3469 1223 proditor
3502 1168 3520 1208 :
3558 1152 3634 1205 ita
3660 1165 3764 1205 nec

2136 1248 2221 1303 isti
2263 1247 2553 1318 quidquam
2606 1246 2788 1301 nocuit
2829 1253 2986 1300 antea
3036 1253 3498 1315 perscquutorem
3542 1240 3762 1306 fuisse,

2134 1355 2255 1394 cum
2282 1339 2603 1409 evangelista
2643 1338 2894 1407 deinceps
2938 1337 3189 1393 evaserit.
3233 1335 3364 1390 Haac
3407 1335 3574 1390 Pauli
3623 1342 3757 1389 sunt

2137 1432 2423 1502 praeconia,
2448 1447 2554 1486 non
2586 1430 2730 1502 quod
2763 1430 3058 1486 Ecclesiam
3087 1427 3446 1494 subverterit,
3477 1425 3581 1481 sed
3614 1425 3762 1496 quod

2138 1525 2307 1595 ipsam
2349 1539 2534 1579 rursus
2562 1521 2842 1578 aedilicarit
2871 1538 2887 1577 :
2920 1535 3026 1576 non
3063 1518 3208 1590 quod
3237 1518 3476 1574 verbum
3525 1517 3626 1572 Dei
3659 1531 3758 1586 0p-

2140 1617 2386 1687 pugnarit
2405 1656 2419 1680 ,
2459 1613 2556 1670 sed
2585 1612 2728 1685 quod
2753 1654 2766 1677 ,
2795 1620 3076 1683 postquam
3106 1609 3328 1666 verbum
3363 1618 3759 1678 oppugnarat,

2141 1710 2254 1780 ipse
2296 1708 2423 1764 illud
2452 1723 2638 1762 rursus
2678 1706 3129 1776 amplificaverit:
3167 1720 3272 1760 non
3305 1703 3461 1772 quod
3491 1699 3762 1772 apostolis

2144 1800 2344 1855 bellum
2374 1799 2646 1863 intulerit,
2696 1811 2802 1853 non
2847 1797 2988 1868 quod
3024 1811 3244 1868 gregem
3288 1793 3624 1872 dissiparit,
3667 1789 3761 1846 sed

2142 1891 2306 1963 quod,
2338 1891 2424 1945 ubi
2454 1889 2800 1960 dissipasset,
2836 1889 2986 1943 illum
3015 1888 3126 1958 ipse
3150 1884 3348 1941 deinde
3374 1881 3756 1954 congregarit.

2213 1984 2268 2040 5.
2295 1981 2448 2038 Pauli
2475 1982 2729 2037 conversio
2759 1997 2997 2052 maguum
3032 1978 3354 2033 miraculum.
3392 1975 3649 2030 Liberum
3679 1989 3760 2026 ar-

2144 2077 2366 2132 bitrium.
2390 2106 2463 2117 —
2490 2075 2629 2142 Quid
2657 2073 2757 2130 hoc
2787 2072 3151 2128 admirabilius
3178 2069 3291 2124 fieri
3324 2065 3546 2139 possit?
3578 2064 3762 2134 Lupus

2146 2180 2327 2241 pastor
2359 2175 2444 2224 est
2481 2167 2652 2222 factus
2680 2183 2694 2221 :
2723 2166 2812 2236 qui
2841 2164 3153 2235 sanguinem
3181 2162 3363 2216 ovium
3396 2157 3756 2224 absorbebat,

2145 2261 2457 2332 sanguinem
2487 2274 2642 2314 suum
2668 2273 2767 2329 pro
2787 2259 2958 2312 salute
2977 2256 3155 2311 ovium
3180 2252 3411 2309 fundere
3441 2266 3554 2307 non
3583 2263 3760 2322 cessa-

2147 2354 2244 2408 vit.
2267 2353 2359 2408 Vis
2387 2361 2443 2407 tu
2474 2352 2768 2423 intelligere
2793 2365 2900 2422 quo
2927 2357 3078 2420 pacto
3100 2346 3421 2417 sanguinem
3455 2344 3645 2400 ovium
3671 2343 3761 2398 ab-

2147 2445 2430 2503 sorberet?
2466 2460 2572 2517 quo
2599 2454 2756 2514 pacto
2785 2443 3098 2514 sanguinem
3125 2439 3244 2510 ejus
3269 2439 3459 2509 lingua
3488 2435 3762 2491 stillaret?

2149 2541 2340 2597 Saulus
2359 2548 2529 2594 autem
2553 2537 2724 2592 adhuc
2746 2537 2946 2607 spirans
2973 2535 3135 2588 minas
3157 2541 3203 2586 et
3222 2531 3419 2586 credent
3443 2529 3499 2583 in
3527 2528 3759 2598 discipu-

2154 2636 2229 2690 los
2257 2633 2464 2689 Domini
2489 2630 2622 2705 (Act.
2646 2629 2700 2685 9.
2735 2627 2810 2702 l).
2842 2629 3091 2682 Attamen
3118 2625 3218 2680 iste
3241 2623 3332 2694 qui
3363 2622 3550 2676 minas
3575 2628 3632 2675 et
3659 2633 3761 2674 ca:-

2149 2726 2270 2782 dem
2292 2723 2551 2796 spirabat,
2574 2731 2630 2778 et
2653 2730 2958 2776 sanctorum
2986 2717 3296 2787 sanguinem
3325 2712 3616 2777 fundebat,
3636 2708 3758 2765 audi

2149 2833 2256 2889 quo
2296 2824 2451 2887 pacto
2475 2814 2787 2885 sanguinem
2817 2826 2972 2866 suum
3002 2825 3097 2880 pro
3129 2805 3331 2864 sanctis
3379 2804 3655 2860 funderet.
3701 2801 3760 2856 Si

2150 2911 2427 2966 secundum
2467 2909 2751 2982 hominem,
2782 2906 2973 2976 inquit,
3003 2904 3070 2957 ad
3095 2903 3276 2958 bestias
3302 2900 3537 2972 pugnaui
3570 2898 3757 2969 Ephesi

2153 3003 2228 3073 (Ι.
2257 3001 2376 3057 Cor.
2395 3002 2482 3058 15.
2506 2999 2595 3065 32)
2617 3008 2701 3054 :et
2720 3011 2926 3062 rursus,
2953 2994 3194 3062 Quotidie
3220 2993 3417 3047 morior
3440 2990 3550 3063 (Ib.
3572 3007 3618 3044 υ.
3635 2986 3756 3057 5t):

2153 3105 2206 3152 ct
2235 3109 2442 3160 rursus,
2466 3090 2735 3147 Estimati
2761 3105 2934 3144 sumus
2965 3088 3093 3143 sicut
3128 3102 3243 3140 ores
3269 3083 3547 3138 occisionis
3578 3081 3753 3152 (Rom.

2146 3188 2198 3242 8.
2218 3183 2332 3254 36).
2356 3184 2534 3254 Atque
2550 3182 2652 3237 hoc
2677 3180 2889 3237 dicebat
2920 3178 2965 3235 is
2989 3178 3079 3249 qui
3106 3176 3310 3241 aderat,
3342 3191 3473 3230 cum
3502 3170 3758 3243 Stephani

2154 3279 2371 3350 sanguis
2398 3276 2728 3341 funderetur,
2759 3283 2813 3330 et
2838 3282 2954 3329 erat
2975 3271 3317 3327 consentiens
3348 3269 3474 3324 neci
3501 3270 3641 3337 ejus.
3673 3264 3755 3318 Vi-

2155 3372 2250 3428 des
2280 3380 2337 3425 ut
2363 3371 2518 3440 lupus
2547 3376 2726 3439 pastor
2752 3364 3020 3422 evaserit?
3049 3360 3314 3432 Numquid
3343 3376 3457 3414 non
3483 3354 3756 3415 erubesci-

2157 3465 2265 3533 tis,
2309 3479 2429 3519 cum
2473 3460 2786 3517 audiveritis
2826 3468 2982 3513 antea
3027 3461 3472 3527 perscquutorem
3500 3451 3674 3516 illum,
3701 3455 3753 3502 et

2157 3556 2531 3627 blaspltemum
2580 3561 2635 3609 et
2680 3549 3126 3608 contumeliosum
3172 3545 3373 3601 fuisse?
3431 3541 3656 3599 Vidistis
3702 3545 3755 3592 ut

2157 3650 2307 3719 prior
2331 3644 2598 3701 accusatio
2619 3642 2802 3698 laudes
2818 3643 2934 3712 ejus
2951 3653 3084 3694 nova
3107 3633 3420 3692 acCessione
3437 3627 3753 3690 cumularit?

2159 3718 2348 3796 Nonne
2393 3738 2444 3792 in
2488 3735 2651 3807 priori
2671 3733 2823 3789 vobis
2855 3731 3079 3787 collecta
3110 3726 3353 3784 dicebam
3381 3741 3449 3781 ea
3480 3718 3749 3781 miracula,

2157 3847 2278 3902 qua:
2305 3843 2520 3885 crucem
2546 3834 2771 3896 sequuta
2797 3831 2938 3890 sunt,
2963 3822 3026 3877 iis
3049 3821 3249 3890 majora
3274 3833 3397 3889 quas
3427 3818 3596 3887 ipsam
3623 3825 3750 3912 pra!-

2158 3931 2438 3981 cesserant
2464 3919 2766 3976 exstitisse?
2789 3929 2968 3972 nonne
2997 3913 3048 3968 id
3075 3910 3282 3967 ostendi
3310 3909 3468 3964 vobis
3493 3915 3548 3963 et
3571 3920 3635 3960 ex
3651 3909 3749 3957 tnt-

2158 4019 2354 4077 raculis
2382 4025 2435 4072 et
2460 4031 2526 4071 ex
2543 4011 2925 4082 discipulorum
2951 4005 3353 4070 benevolentia;
3389 4016 3446 4060 et
3474 4015 3578 4073 quo
3599 4006 3748 4069 pacto

2158 4121 2315 4167 antea
2346 4108 2559 4180 quidem
2585 4105 2830 4164 Christus
2861 4103 3131 4172 imperans
3157 4105 3400 4154 mortuos
3427 4091 3746 4180 suscitabat,

2158 4213 2340 4276 postea
2364 4177 2498 4257 vero
2527 4211 2802 4255 servorum
2826 4194 2942 4264 ejus
2967 4191 3152 4247 umbra
3179 4189 3410 4260 idipsum
3431 4177 3747 4258 prmstabat?

2157 4311 2264 4368 quo
2295 4303 2452 4366 pacto
2481 4300 2592 4347 tum
2617 4288 2830 4361 quidem
2862 4286 2952 4342 ille
2979 4299 3078 4340 suo
3101 4283 3256 4353 jussu
3286 4277 3546 4335 miracula
3573 4281 3744 4345 patra—

2156 4390 2248 4446 bat
2277 4405 2290 4443 :
2321 4393 2508 4457 postea
2537 4397 2666 4438 vero
2693 4380 2831 4435 servi
2862 4378 2978 4448 ejus
3003 4389 3196 4432 nomen
3234 4373 3404 4442 ipsius
3438 4373 3744 4438 usurpantes

2156 4481 2360 4552 majora
2390 4475 2692 4533 faciebant?
2739 4485 2919 4526 nonne
2961 4468 3028 4524 de
3070 4465 3313 4522 hostibus
3352 4461 3618 4524 dicebam,
3645 4464 3744 4523 quo

2158 4581 2314 4646 pacto
2349 4567 2732 4627 conscientiam
2763 4565 2976 4619 illorum
3006 4555 3483 4631 perterrefaceret?
3523 4564 3627 4621 quo
3653 4559 3741 4616 p.1-

2157 4677 2244 4723 cto
2271 4665 2521 4720 universo
2546 4669 2808 4716 terrarum
2838 4655 2954 4711 orbi
2984 4655 3269 4723 imperaret
3285 4649 3308 4701 ?
3324 4663 3432 4719 quo
3453 4653 3608 4717 pacto
3634 4653 3741 4693 ma-

2154 4759 2272 4829 jora
2302 4755 2499 4812 fuerint
2524 4759 2644 4822 post
2666 4763 2878 4805 crucem
2907 4743 3181 4808 miracula,
3204 4755 3362 4812 quam
3389 4752 3511 4809 qua:
3539 4741 3739 4834 erucem

2158 4826 2584 4922 praeesserant?
2614 4842 2757 4897 Illius
2781 4852 3034 4911 germana
3060 4850 3181 4907 quae
3205 4849 3264 4889 se
3287 4845 3430 4887 nunc
3455 4826 3644 4922 ingerit
3665 4826 3741 4875 est

2158 4915 2348 4999 oratio.
2376 4938 2532 5008 Quod
2559 4937 2702 4992 enim
2731 4932 2902 5003 majus
2922 4931 3026 4986 hoc
3045 4928 3190 4986 cerni
3218 4925 3386 4997 possit
3412 4915 3738 5008 miraculum.

2158 5033 2300 5104 quod
2331 5033 2382 5086 in
2404 5005 2580 5086 'Paulo
2604 5025 2862 5097 contigit?
2898 5023 3029 5078 Nam
3060 5021 3325 5074 viventem
3355 5013 3568 5104 quidem
3599 5005 3737 5104 illum

2160 5099 2348 5180 f’etrus
2395 5119 2623 5192 negavit,
2667 5127 2722 5172 at
2769 5125 3036 5170 mortuum
3089 5109 3286 5164 Paulus
3324 5103 3598 5165 confessus
3645 5099 3736 5149 est.

2161 5216 2329 5271 Porro
2351 5221 2585 5268 mentem
2613 5208 2764 5265 Pauli
2791 5203 3076 5277 pellexisse
3102 5210 3262 5272 atque
3285 5203 3613 5270 expugnasse
3635 5199 3742 5241 ma-

2157 5307 2246 5379 jus
2267 5305 2475 5376 signum
2508 5302 2621 5366 fuit,
2653 5314 2811 5372 quam
2841 5295 3151 5360 umbrarum
3175 5306 3338 5362 opera
3364 5294 3598 5343 mortuos
3625 5289 3733 5331 sus-

2161 5403 2376 5458 citassc.
2421 5397 2556 5453 Nam
2599 5395 2705 5450 illic
2743 5391 2959 5463 quidem
2994 5385 3316 5459 sequebatur
3340 5390 3544 5442 natura,
3574 5379 3734 5464 licqu

2163 5489 2444 5562 imperanti
2473 5458 2873 5543 contradieebat
2902 5500 2915 5536 :
2948 5479 3034 5534 hic
3062 5458 3192 5534 vero
3218 5475 3270 5530 itt
3305 5475 3561 5544 potestate
3595 5458 3735 5514 liberi

2162 5583 2367 5640 arbitrii
2393 5582 2552 5636 situm
2577 5587 2730 5641 erat,
2763 5586 2820 5632 ut
2848 5571 3261 5645 persuaderetur
3286 5566 3371 5622 vel
3395 5578 3497 5619 non
3526 5563 3731 5628 persua-

2163 5677 2413 5739 deretur;
2443 5671 2584 5728 unde
2611 5683 2800 5740 magna
2827 5668 2992 5721 virtus
3016 5662 3133 5733 ejus
3154 5660 3242 5732 qui
3265 5651 3541 5729 persuasit,
3565 5650 3732 5744 Os'leil‘

2163 5769 2325 5825 ditur.
2359 5765 2526 5820 Multo
2553 5762 2695 5817 enim
2730 5757 2902 5828 majus
2933 5755 3027 5810 fuit
3051 5753 3374 5809 voluntatem
3403 5741 3728 5827 convertis-9?,

2166 5876 2322 5933 quam
2355 5865 2597 5914 naturam
2619 5849 2914 5910 correxisse
2940 5865 2952 5903 :
2978 5845 3148 5916 majus
3171 5842 3329 5914 igitur
3351 5831 3554 5934 caeteris
3577 5833 3726 5882 omm-
