4086 6478
414 376 520 435 H9

416 493 541 567 οὐχὶ
562 491 929 564 Εὐαγγέλιυνι
969 497 1147 552 καίτοι
1186 515 1252 568 γε
1279 498 1497 564 Παῦλος
1520 498 1854 569 Εύαγγέλιον
1887 494 2020 550 αὐτὸ

419 586 602 653 καλεῖ,
614 588 824 643 οὑτωσὶ
850 589 1045 659 λέγων,
1062 585 1146 646 θῦ
1168 593 1202 645 ὁ
1222 590 1472 659 ἔπαινος
1485 593 1555 647 ἐν
1572 591 1655 657 τῷ
1677 589 2022 662 Εὐαγγελίῳ

422 678 525 734 διὰ
540 676 760 733 πασῶν
800 677 922 733 τῶν
974 680 1369 748 Ἐκκλησιῶν,
1414 682 1543 755 περὶ
1588 681 1683 736 τοῦ
1718 682 1906 737 Λουκᾶ
1934 679 2022 733 λέ-

422 772 562 840 γων.
590 768 812 840 Τρίτον,
862 768 1009 831 τίνος
1053 768 1239 823 ἐνεκέν
1274 786 1431 841 φησι,
1478 769 1624 839 Περὶ
1669 767 1912 823 πάντων
1934 760 2023 820 ὧν

420 862 721 929 ἐποίησεν
748 861 1060 930 δἸησοῦς.
1107 863 1173 915 El
1203 860 1314 934 γὰρ
1356 861 1628 933 Ἰωάννης,
1666 864 1695 915 6
1739 859 2023 933 ἀγαπητὸς

419 953 523 1008 τοῦ
557 953 819 1026 Χριστοῦ,
880 956 911 1007 6
938 952 1210 1025 τοσαύτης
1258 955 1577 1021 ἀπολαύσας
1624 956 1961 1029 παρρησίας,
1992 956 2021 1008 6

423 1048 522 1101 ἐπὶ
558 1047 618 1101 16
655 1046 852 1118 στῆθος
883 1047 1060 1100 ἐκεῖνο
1085 1046 1149 1099 τὸ
1177 1045 1332 1117 ἅγιον
1352 1047 1744 1120 κατακλιθῆναι
1760 1046 2024 1113 καταξιω-

425 1139 569 1206 θεὶς,
613 1139 643 1192 6
671 1138 772 1202 τάς
805 1138 991 1211 πηγὰς
1025 1136 1238 1191 ἐκεῖθεν
1264 1138 1611 1210 ἀρυσάμενος
1641 1139 1734 1193 τοῦ
1763 1138 2018 1210 Πνεύμα-

431 1250 541 1297 τος,
574 1226 728 1296 οὗτος
755 1231 858 1285 οὐκ
897 1231 1168 1303 ἐτόλμησε
1202 1231 1363 1285 τοῦτο
1388 1234 1585 1298 εἰπεῖν,
1615 1230 1752 1288 ἀλλά
1784 1230 2020 1305 τοσαύτῃ

428 1324 696 1395 κέχρηται
727 1320 1017 1392 ἀσφαλείᾳ,
1047 1321 1126 1385 ὡς
1146 1322 1342 1386 εἰπεῖν,
1370 1319 1453 1374 δτι
1475 1320 1550 1379 El
1573 1318 1867 1391 ἐγξράερετο
1888 1318 2021 1372 καθ’

422 1413 498 1467 ἐν
517 1413 714 1467 πάντα
740 1412 859 1466 ὅσα
885 1410 1177 1479 ἐποίησεν
1205 1412 1238 1464 ὁ
1270 1408 1548 1478 Χριστὸς,
1582 1409 1708 1464 οὐδ’
1731 1408 1805 1463 ἂν
1831 1405 2022 1463 αὐτὸν

422 1504 589 1578 οἶμαι
624 1504 893 1576 χωρῆσαι
929 1505 1035 1561 τόν
1071 1509 1309 1577 κόσμον
1326 1507 1401 1561 τὰ
1423 1508 1768 1578 γραφόμενα
1784 1504 2016 1572 ,ϐιϐλίαο

423 1596 551 1662 πῶς
574 1590 725 1661 οὗτος
762 1596 1065 1668 ἐτόλμησεν
1117 1600 1315 1663 εἰπεῖν,
1343 1598 1427 1652 ὄτι
1482 1599 1593 1653 Τὸν
1633 1598 1750 1668 μὲν
1784 1596 2022 1666 πρῶτον

421 1691 615 1760 λόγον
642 1687 1025 1759 ἐποιησάμην
1076 1689 1210 1760 περὶ
1244 1688 1507 1759 πάντων,
1553 1685 1601 1746 ὦ
1634 1691 1904 1760 Θεόφιλε,
1932 1683 2021 1743 ὧν

422 1782 717 1851 ἐποίησεν
752 1784 786 1835 ὁ
828 1781 1109 1851 Ἰησοῦς;
1140 1778 1251 1854 ἆρα
1301 1783 1496 1855 μικρὸν
1544 1784 1678 1855 ἡμῖν
1705 1782 1767 1836 16
1799 1782 2020 1854 ζήτημα

423 1875 585 1929 τοῦτο
613 1870 752 1930 εἶναι
783 1876 962 1944 δοκεῖ;
990 1875 1139 1949 [105]
1178 1877 1358 1931 Κάκεῖ
1392 1876 1514 1949 μὲν,
1544 1875 1842 1947 Κράτιστε
1885 1877 2020 1931 Θεό-

422 1972 589 2039 φιλε,
621 1967 733 2040 μετ’
769 1969 1048 2041 ἐγκωμίου
1085 1969 1147 2023 16
1172 1968 1364 2042 ὄνομαο
1394 1968 1516 2022 οὺδέ
1542 1967 1653 2041 γὰρ
1676 1968 1865 2032 ἁπλῶς
1892 1967 2020 2022 τοῦ-

423 2077 490 2115 το
506 2063 617 2124 τοῖς
643 2059 819 2131 ἁγίοις
836 2059 1072 2132 εἴρηται.
1093 2061 1205 2115 Καὶ
1221 2061 1360 2132 τάχα
1384 2060 1650 2116 καὶτοῦτο
1677 2059 1788 2114 ἀπὸ
1820 2059 2020 2131 μέρους

424 2153 732 2224 ἐδείξαμεν,
745 2153 827 2207 ὅτι
851 2152 974 2206 οὐδὲ
1011 2151 1143 2206 ίῶτα
1168 2151 1245 2219 ἓν,
1280 2153 1402 2207 οὐδὲ
1426 2153 1555 2225 μίαν
1572 2152 1801 2223 κεραίαν
1832 2150 2019 2216 ἁπλῶς

425 2243 577 2299 ἐστιν
606 2241 734 2298 ίδεῖν
761 2244 820 2298 ἐν
842 2245 961 2307 ταῖς
985 2242 1231 2315 Γραφαῖς
1271 2242 1559 2314 κειμένην.
1589 2241 1654 2296 Et
1671 2242 1853 2297 τοίνυν
1867 2242 1926 2295 ἐν
1940 2240 2020 2312 τῷ

423 2336 699 2411 προοιμίῳ
728 2335 967 2390 τοσαῦτα
988 2335 1302 2408 ζητήματα,
1324 2336 1493 2390 πόσον
1519 2335 1818 2408 ἐμέλλομεν
1833 2334 2021 2390 ἀναλί-

424 2448 582 2486 σκειν
608 2430 800 2502 χρόνον
847 2430 917 2484 τὰ
962 2428 1092 2501 ἑξῆς
1126 2429 1345 2484 ἅπαντα
1392 2428 1672 2496 ἐπιόντες;
1714 2427 1818 2483 Διά
1846 2427 2021 2483 ταῦτα

422 2521 784 2594 ἠναγκάσθην
810 2520 874 2575 τὸ
921 2522 979 2575 ἐν
1010 2520 1163 2593 μέσῳ
1197 2519 1593 2593 παραδραμὼν,
1635 2521 1773 2593 πρὸς
1807 2520 2020 2574 Παῦλον

425 2620 625 2676 ἐλθεῖν.
659 2619 817 2684 Τίνος
841 2615 935 2675 οὖν
967 2618 1156 2674 ἐνεκεν
1198 2618 1268 2673 τά
1293 2619 1585 2691 ζητήματα
1619 2617 1888 2682 εἰπόντες,
1917 2616 2019 2689 τὴν

426 2708 584 2765 λύσιν
614 2708 796 2763 αὐτῶν
829 2710 933 2762 οὐκ
986 2708 1375 2781 ἐπηγάγομενς
1420 2708 1724 2775 Ἐθίζοντες
1768 2698 1914 2779 ὑμᾶς
1943 2706 2018 2778 μὴ

425 2802 517 2857 διὰ
548 2800 747 2865 παντὸς
779 2800 1179 2874 μεμασημένην
1205 2800 1456 2873 δέχεσθαι
1492 2800 1593 2873 τὴν
1626 2800 1857 2873 τροφὴν,
1884 2799 2020 2854 ἀλλά

426 2900 699 2974 πολλαχοῦ
730 2903 825 2956 xal
857 2901 1057 2967 αὐτοὺς
1090 2900 1317 2971 ἐπάγειν
1339 2901 1440 2973 τὴν
1474 2901 1629 2955 λύσιν
1662 2903 1775 2965 τοῖς
1808 2901 2019 2972 νοήμα-

427 3011 537 3060 σιν,
565 2995 702 3066 ὅπερ
755 2993 1001 3049 ποιοῦσιν
1038 2995 1096 3049 αί
1132 2992 1473 3067 περιστεραί.
1506 2993 1616 3047 Kal
1668 2992 1780 3065 γὰρ
1813 2994 2020 3047 ἐκεῖναι

424 3088 555 3153 τοὺς
585 3089 853 3156 νεοττοὺς,
895 3088 1001 3153 ἕως
1046 3087 1144 3160 μὲν
1175 3087 1242 3142 ἂν
1279 3089 1339 3141 ἐν
1377 3089 1444 3159 τῇ
1473 3087 1635 3159 καλιᾷ
1671 3087 1914 3158 μένουσι,
1941 3084 2021 3157 τῷ

422 3178 615 3251 οἰκείῳ
638 3179 903 3254 τρέφουσι
931 3180 1184 3252 στόματν
1216 3179 1439 3235 ἐπειδὰν
1465 3180 1522 3234 δὲ
1552 3180 1751 3244 αὐτοὺς
1778 3176 2021 3250 δυνηθῶ-

427 3287 516 3325 σιν
536 3272 825 3342 ἐξαγαγεῖν
857 3271 957 3342 τῆς
974 3273 1216 3339 νοσσιᾶς,
1248 3271 1343 3325 καὶ¹
1367 3271 1550 3325 ἴδωσιν
1574 3271 1759 3335 αὐτοῖς
1777 3271 2021 3342 παγέντα

424 3363 499 3419 τά
535 3364 730 3436 πτερὰ,
759 3362 944 3417 οὐκέτι
961 3362 1122 3417 τοῦτο
1136 3362 1325 3418 λοιπὸν
1346 3362 1613 3430 ποιοῦσιν,
1633 3363 1770 3418 ἀλλά
1790 3362 2019 3436 φέρουσι

430 3457 533 3526 μὲν
556 3455 649 3509 16v
688 3455 889 3510 κόκκον
934 3455 1029 3509 ἐπὶ
1073 3454 1168 3509 τοῦ
1214 3455 1483 3527 στόματος
1529 3455 1623 3509 καὶ
1660 3454 2017 3511 δεικνύουσιν

428 3548 649 3603 ἐπειδὰν
677 3549 735 3603 δέ
764 3550 814 3602 οἱ
843 3548 1047 3604 νεοττοὶ
1081 3548 1558 3621 προσδοκήσαντες
1596 3548 1824 3622 πλησίον
1852 3547 2020 3602 ἔλθω-

429 3659 538 3705 σιν,
564 3642 621 3695 αῖ
652 3641 892 3714 μητέρες
929 3640 1152 3711 ἀφεῖσαι
1176 3640 1277 3713 τήν
1303 3640 1511 3713 τροφὴν
1537 3641 1629 3695 ἐπὶ
1640 3640 1734 3693 τοῦ
1765 3640 2017 3711 ἐδάφους,

426 3734 495 3788 δι’
522 3733 732 3788 ἑαυτῶν
766 3734 1081 3788 κελεύουσιν
1123 3732 1505 3803 ἀναλέγεσθαι·
1546 3734 1690 3789 οὖτω
1720 3736 1812 3791 καὶ
1857 3738 2021 3807 ἡμεῖς

428 3828 791 3900 ἐποιήσαμεν,
822 3826 1080 3893 λαϐόντες
1124 3825 1225 3899 τὴν
1264 3828 1642 3900 πνευματικήν
1682 3829 1889 3903 τροφὴν
1928 3831 2020 3885 ἐπὶ

426 3920 523 3974 τοῦ
559 3920 848 3992 στόματος,
874 3918 1217 3992 ἐκαλέσαμεν
1246 3919 1412 3991 ὑμᾶς,
1438 3921 1513 3985 ὡς
1534 3920 1867 3992 δηλώσοντες
1891 3924 2019 3996 ὑμῖν

432 4012 682 4085 συνήθως
716 4012 816 4084 τὴν
844 4012 1018 4067 λύσιν·
1051 4012 1243 4084 ἐπειδὴ
1278 4013 1336 4067 δὲ
1358 4012 1692 4086 προσήλθετε
1716 4016 1813 4069 καὶ
1844 4033 2019 4089 προσ-

430 4105 725 4177 εδοκήσατε
746 4102 1025 4171 δέξασθαι,
1061 4103 1378 4175 ἀφήκαμεν,
1410 4102 1552 4159 ὥστε
1584 4106 1730 4176 ὑμᾶς
1762 4107 1830 4161 δι’
1865 4107 2020 4180 ὑμῶν

429 4194 614 4249 αὐτῶν
633 4193 995 4261 ἀναδέξασθαι
1034 4193 1105 4248 τά
1132 4194 1404 4267 νοήματα.
1435 4195 1536 4251 Διά
1561 4196 1721 4251 τοῦτο
1746 4197 1807 4252 16
1836 4199 2021 4271 προοί-

431 4310 556 4364 μιον
578 4292 827 4363 ἀφέντες,
857 4292 995 4366 πρὸς
1029 4291 1239 4347 Παῦλον
1265 4295 1618 4368 ἐπειγόμεθα.
1665 4297 1932 4370 Ἐροῦμεν
1960 4299 2018 4354 δὲ

427 4386 530 4456 οὐχ
572 4385 674 4441 ὅσα
695 4385 796 4456 τὴν
832 4384 1162 4459 Ἐκκλησίαν
1182 4385 1432 4459 ὠφέλησε
1447 4387 1629 4459 μόνον,
1654 4388 1769 4444 ἀλλ’
1793 4391 1895 4445 ὅσα
1924 4393 2021 4448 καὶ

428 4473 654 4546 26mm-
716 4474 812 4530 καὶ
852 4476 967 4550 γὰρ
1020 4478 1319 4548 ἀναγκαῖος
1363 4480 1496 4551 ήμῖν
1548 4474 1705 4547 οὗτος
1760 4484 1788 4536 6
1839 4482 2016 4555 λόγος.

442 4566 709 4639 Ἔροῦμεν
731 4566 849 4633 πῶς
875 4570 1192 4642 ἐμαχήσατο
1222 4570 1301 4643 τῷ
1337 4569 1482 4644 λόγῳ
1516 4572 1611 4628 τοῦ
1640 4575 2018 4648 κηρύγματος,

430 4656 552 4722 πῶς
583 4657 897 4732 ἐπολέμησε
945 4659 1024 4731 τῷ
1069 4660 1312 4733 Χριστῷ,
1361 4660 1481 4726 πῶς
1507 4661 1695 4731 ἐδίωξε
1731 4664 1858 4730 τοῦς
1886 4666 2021 4720 ἀπο-

431 4748 676 4817 στόλους,
708 4749 910 4815 πῶςτά
942 4752 1053 4805 τῶν
1083 4750 1358 4822 πολεμίων
1389 4752 1627 4824 ἐφρόνει,
1650 4754 1768 4820 πῶς
1802 4756 2020 4813 πάντων

431 4840 655 4895 πλείονα
680 4844 910 4915 παρεῖχε
937 4846 1003 4916 τῇ
1047 4842 1345 4917 Ἐκκλησία
1371 4845 1693 4918 πράγματα.
1735 4848 1895 4904 Ἀλλά
1918 4867 2023 4922 μη-

429 4932 544 4997 δεὶς
574 4934 917 5005 αἰσχυνέσθω
947 4935 1075 5008 περὶ
1106 4935 1321 4989 Παύλου
1354 4936 1529 4991 ταῦτα
1558 4938 1791 4994 ἀκούωψ
1821 4941 1883 4994 οὐ
1911 4942 2021 5015 γάρ

432 5027 583 5078 ἐστιν
612 5024 779 5079 αὑτοῦ
811 5028 1266 5100 κατηγορήματα,
1298 5028 1411 5083 ἀλλ’
1436 5031 1728 5103 ἐγκωμίων
1742 5033 2017 5100 ὑπόθεσις.

433 5115 510 5169 Ού
550 5115 660 5191 γὰρ
682 5119 989 5190 κατηγορία
1018 5118 1169 5190 αὐτῷ
1200 5120 1462 5194 πρότερον
1484 5121 1613 5177 ὄντα
1629 5124 1849 5193 φαῦλον,
1866 5124 2020 5179 ὓστε-

438 5222 531 5276 ρον
555 5205 811 5276 γενέσθαι
836 5208 1094 5280 χρηστὸν,
1128 5208 1265 5264 ἀλλά
1298 5210 1362 5265 16
1391 5212 1654 5285 πρότερον
1689 5213 1819 5268 ὄντα
1851 5232 2020 5269 σπου-

431 5297 602 5363 δαῖον,
639 5295 870 5371 ὕστερον
923 5299 1358 5371 μεταϐάλλεσθαι
1402 5303 1539 5375 πρὸς
1588 5306 1878 5378 πονηρίαν’
1910 5307 2021 5361 ἀπὸ

434 5388 545 5461 γὰρ
565 5389 657 5444 τοῦ
680 5390 871 5456 τέλους
903 5393 990 5446 ἀεὶ
1016 5392 1086 5448 τά
1124 5393 1431 5467 πράγματα
1459 5397 1725 5469 κρίνεται.
1757 5399 1869 5453 Kal
1912 5400 2020 5471 γὰρ

433 5481 562 5545 τοὺς
602 5481 966 5555 κυϐερνήτας,
1012 5483 1116 5539 κᾶν
1145 5486 1316 5559 μυρία
1365 5487 1598 5557 ναυάγια
1634 5489 2018 5561 ὑπομείνωσιν,

434 5573 565 5627 ὅταν
598 5572 866 5645 μέλλωσιν
900 5577 978 5640 είς
1000 5574 1094 5631 τὸν
1127 5575 1321 5650 λιμένα
1352 5580 1658 5654 καταίρειν,
1691 5579 1757 5636 ἂν
1783 5582 2021 5653 φορτίων

433 5663 881 5739 πεπληρωμένην
916 5668 1116 5724 ὁλκάδα
1162 5671 1664 5741 καταγάγωσιν,“ού
1702 5675 1877 5745 φαμὲν
1920 5692 2019 5728 πε-

436 5752 680 5825 πρᾶχθαι
702 5755 912 5822 κακῶς,
944 5756 1040 5812 τοῦ
1083 5758 1269 5823 τέλους
1300 5757 1370 5812 τά
1409 5759 1752 5831 παρελθόντα
1778 5759 2023 5832 ἀποκρύ-

432 5844 655 5913 ψαντος·
685 5847 783 5902 καὶ
814 5848 938 5913 τοὺς
960 5847 1200 5922 ἀθλητάς
1230 5848 1410 5919 πάλιν,
1445 5849 1548 5904 κᾶν
1566 5851 1738 5923 μυρία
1756 5852 2020 5926 πρότερον

891 383 960 440 ΙΝ
1000 383 1241 450 lLLUD,
1287 383 1566 442 SAULUS
1605 382 1842 440 ADHUC
1884 383 2199 439 SPIRANS.
2236 383 2324 439 DE
2367 385 2779 445 MUTATIONE
2818 387 3167 444 NOMINUM.
3209 387 3246 442 1.

3609 392 3712 453 «so

2129 494 2426 566 ἡττηθῶσι,
2452 494 2553 567 τὴν
2579 495 2636 550 δὲ
2685 496 2936 568 περὶτοῦ
2969 496 3236 568 στεφάνου
3278 498 3454 570 πάλην
3503 505 3712 575 κρατή-

2132 603 2317 650 σωσιν,
2352 588 2453 641 οὐκ
2481 587 2895 660 ἀποστεροῦμεν
2923 589 3033 644 τῶν
3064 592 3356 663 ἐγκωμίων
3377 591 3487 646 τῶν
3522 595 3616 650 ἐπὶ
3644 598 3713 669 τῇ

2129 681 2256 754 νίκῃ
2280 681 2369 736 διὰ
2396 684 2466 736 τά
2494 683 2759 755 πρότερα.
2795 683 2952 738 Οὕτω
2978 686 3072 738 καὶ
3103 686 3194 738 ἐπὶ
3226 686 3441 740 Παύλου
3474 689 3715 760 ποιήσω-

2132 791 2251 846 μεν.
2282 774 2392 829 Καὶ
2410 774 2519 848 γὰρ
2547 775 2641 829 καὶ
2672 770 2825 841 οὗτος
2875 778 2970 830 καὶ
3011 777 3181 850 μυρία
3216 778 3452 849 ναυάγια
3489 781 3718 853 ὑπέμει-

2128 883 2238 930 νεν,
2267 866 2384 920 ἀλλ’
2410 867 2500 920 ὅτε
2522 869 2603 931 είς
2638 867 2729 922 τὸν
2744 867 2939 939 λιμένα
2952 870 3234 941 καταίρειν
3254 868 3469 941 ἔμελλε,
3504 873 3716 945 πεπλη-

2130 957 2383 1030 ρωμένην
2408 961 2651 1032 ἐπήγαγε
2668 960 2776 1015 τῶν
2792 960 3026 1034 φορτίων
3051 963 3150 1033 τὴν
3165 961 3383 1017 ὁλκάδα.
3399 964 3509 1017 Καὶ
3525 964 3717 1037 ῶσπερ
3804 1034 3817 1046 υ

2126 1062 2155 1113 6
2199 1059 2401 1124 Ἰούδας
2440 1060 2593 1115 οὐδὲν
2630 1061 2882 1135 ὠφέλησε
2932 1063 3040 1134 πρὸ
3088 1064 3280 1117 τούτου
3325 1064 3573 1137 μαθητὴς
3614 1066 3713 1132 ὢν,

2127 1156 2247 1215 εἶτα
2287 1162 2556 1235 προδότης
2578 1165 2888 1236 γενόμενος·
2917 1164 3167 1219 οὕτωκαὶ
3191 1158 3345 1231 οὗτος
3382 1167 3535 1220 οὐδὲν
3573 1185 3716 1241 παρ-

2128 1261 2331 1335 εϐλάϐη
2374 1263 2480 1335 πρὸ
2501 1263 2688 1318 τούτου
2720 1264 2956 1338 διώκτης
2987 1264 3082 1331 ὢν,
3105 1266 3244 1336 μετά
3278 1267 3335 1320 δὲ
3362 1268 3534 1321 ταῦτα
3557 1269 3714 1337 γενό-

2131 1381 2290 1436 μενος
2315 1365 2729 1438 εὐαγγελιστής.
2775 1366 3058 1439 Ἐγκώμια
3081 1369 3296 1421 Παύλου
3339 1369 3514 1423 ταῦτά
3542 1370 3713 1434 ἐστιν,

2125 1466 2226 1520 οὐκ
2265 1465 2454 1537 ἐπειδὴ
2490 1467 2803 1539 κατέσκαψε
2839 1468 2939 1540 τήν
3003 1467 3349 1540 Ἐκκλησίαν,
3394 1470 3510 1526 ἀλλ’
3552 1471 3715 1537 αὐτὸς

2127 1566 2299 1638 αὐτὴν
2345 1568 2509 1623 πάλιν
2538 1568 2908 1641 ᾠκοδόμησεν·
2940 1571 3041 1624 οὐκ
3083 1571 3271 1643 ἐπειδὴ
3306 1573 3578 1645 ἐπόρθησε
3620 1574 3716 1629 τὸν

2128 1668 2277 1742 [104]
2305 1669 2482 1739 λόγον,
2513 1668 2628 1724 ἀλλ’
2659 1669 2849 1742 ἐπειδὴ
2880 1672 3163 1743 πορθήσας
3209 1671 3301 1725 τὸν
3329 1671 3506 1740 λόγον,
3553 1673 3717 1736 αὐτὸς

2126 1772 2288 1826 αὐτὸν
2334 1772 2498 1827 πάλιν
2545 1771 2805 1843 ηὔξησενο
2841 1774 2942 1827 οὐκ
2974 1773 3163 1845 ἐπειδὴ
3225 1773 3532 1844 ἐπολέμησε
3586 1775 3715 1840 τοὺς

2127 1872 2480 1940 ἀποστόλους,
2512 1874 2614 1927 οὐκ
2648 1872 2836 1947 ἐπειδὴ
2870 1872 3200 1947 διεσπάραξε
3227 1877 3326 1946 τὴν
3351 1877 3574 1950 ἀγέλην,
3597 1877 3714 1933 ἀλλ’

2127 1972 2318 2047 ἐπειδὴ
2346 1973 2747 2046 διασπαράξας,
2788 1973 3016 2048 ὓστερον
3057 1978 3218 2044 αὐτὸς
3253 1979 3425 2053 αὐτὴν
3462 1980 3720 2054 συνεκρό-

2126 2092 2282 2148 τησε.

2199 2177 2264 2227 ε’.
2298 2172 2364 2226 Τί
2394 2171 2584 2228 τούτου
2631 2174 3061 2249 παραδοξότερον
3095 2177 3292 2247 γένοιτ’
3321 2177 3422 2243 iv;
3464 2180 3522 2233 Ὀ
3552 2178 3718 2240 λύκος

2127 2263 2344 2333 ἐγένετο
2372 2265 2577 2337 ποιμήν
2595 2280 2610 2296 υ
2659 2266 2688 2318 6
2718 2264 2780 2319 16
2810 2259 2950 2337 αἷμα
2981 2266 3090 2320 τῶν
3124 2267 3414 2340 προϐάτων
3446 2267 3716 2329 ἐκπίνων,

2125 2356 2187 2409 ού
2215 2355 2421 2409 διέλιπε
2442 2354 2504 2408 τὸ
2529 2351 2668 2428 αἷμα
2690 2355 2885 2410 ἐαυτοῦ
2913 2357 3120 2429 ἐκχέων
3151 2359 3294 2431 ὑπὲρ
3325 2360 3424 2431 τῆς
3443 2358 3553 2412 τῶν
3583 2376 3718 2429 προ-

2128 2447 2307 2503 ϐάτων
2354 2447 2648 2519 σωτηρίας.
2703 2448 2892 2502 Βούλει
2941 2451 3132 2521 μαθεῖν
3166 2450 3284 2515 πῶς
3331 2451 3391 2505 16
3439 2445 3579 2521 αἷμα
3607 2450 3716 2504 τῶν

2127 2537 2420 2604 προϐάτων
2475 2538 2730 2606 ἐξέπινε;
2794 2539 2914 2603 πῶς
2972 2540 3270 2612 ᾑμαγμένη
3328 2536 3398 2612 ἦν
3454 2538 3618 2595 αὐτοῦ
3681 2541 3715 2611 ἠ

2125 2630 2383 2701 γλώσσας
2412 2628 2653 2697 Σαῦλος
2679 2629 2749 2684 δὲ
2772 2629 2860 2684 ἔτι
2887 2630 3164 2700 ἐμπνέων
3198 2630 3457 2698 ἀπειλῆς
3486 2630 3585 2686 καὶ
3612 2631 3717 2702 φό-

2125 2737 2237 2775 νου
2283 2722 2371 2787 είς
2410 2720 2553 2787 τοὺς
2583 2719 2854 2790 μαθητὰς
2885 2720 2993 2775 τοῦ
3037 2721 3279 2789 Kvpz’ov.
3324 2720 3463 2775 Ἀλλ’
3501 2714 3654 2784 οὗτος
3687 2722 3718 2773 6

2126 2810 2355 2883 ἀπειλῆς
2385 2812 2480 2864 καὶ
2515 2811 2675 2881 φόνου
2703 2811 2956 2883 ἐμπνέων
2976 2852 2991 2877 ,
3019 2811 3113 2866 καὶ
3144 2812 3205 2866 16
3235 2807 3375 2885 αἷμα
3401 2812 3510 2867 τῶν
3547 2812 3718 2883 ἁγίων

2127 2904 2370 2975 ἐκχέων,
2416 2903 2649 2959 ἄκουσον
2693 2904 2814 2967 πῶς
2864 2905 2926 2959 16
2973 2900 3114 2977 αἷμα
3151 2905 3213 2959 16
3261 2905 3457 2959 ἐαυτοῦ
3503 2905 3719 2977 ἐξέχεεν

2128 2995 2269 3067 ὑπὲρ
2298 2993 2408 3050 τῶν
2442 2993 2637 3063 ἀγίων.
2688 2997 2760 3049 El
2790 2996 2941 3050 κατὰ
2977 2994 3324 3064 ἄνθρωπον,
3360 2996 3555 3067 φησὶν,
3584 2996 3721 3063 ἐθη-

2119 3085 2465 3157 ριομάχησα
2502 3086 2573 3141 ἐν
2621 3085 2876 3157 Ἐφέσῳ·
2923 3085 3021 3141 καὶ
3073 3087 3270 3152 πάλιν,
3321 3087 3462 3141 Καθ’
3490 3085 3720 3156 ἡμέραν

2126 3175 2494 3244 ἀποθνήσκω
2512 3193 2527 3209 ’
2550 3176 2642 3230 καὶ¹
2674 3175 2857 3239 πάλιν,
2902 3177 3337 3248 Ἐλογίσθημεν
3354 3177 3433 3243 ὡς
3458 3178 3721 3245 πρόϐατα

2127 3267 2392 3338 σφαγῆς.
2425 3268 2535 3323 Kal
2563 3267 2734 3324 ταῦτα
2768 3268 2955 3339 ἔλεγεν
2977 3271 3006 3322 6
3035 3268 3227 3342 παρὼν
3259 3270 3349 3323 ὅτε
3377 3269 3616 3341 ἐξεχεῖτο
3658 3270 3721 3323 16

2127 3354 2269 3431 αἷμα
2315 3361 2625 3431 Στεφάνου,
2674 3361 2770 3414 καὶ
2812 3355 2882 3431 ἦν
2931 3361 3268 3415 συνευδοκῶν
3315 3364 3380 3433 τῇ
3437 3361 3718 3434 ἀναιρέσει

2128 3445 2316 3502 αὐτοῦ.
2356 3447 2519 3520 Ὁρᾷς
2557 3447 2677 3513 πῶς
2704 3451 2733 3502 6
2760 3448 2923 3513 λύκος
2952 3450 3157 3521 ποιμὴν
3183 3451 3435 3519 ἐγένετος
3457 3446 3582 3521 Ἆρ’
3616 3451 3721 3523 οὐκ

2128 3543 2450 3615 αἰσχύνεσθε
2492 3544 2599 3617 πρὸ
2625 3544 2818 3599 τούτου
2847 3544 3137 3610 ἀκούοντες
3168 3546 3250 3599 ὅτι
3273 3544 3506 3618 διώκτης
3534 3542 3602 3618 ἦν
3627 3547 3721 3602 καὶ

2130 3635 2452 3709 βλάσφημος
2495 3638 2592 3692 καὶ
2620 3637 2916 3710 ύϐριστήςς
2946 3638 3131 3692 Εἴδετε
3174 3638 3291 3703 πῶς
3328 3638 3514 3710 μεῖζον
3551 3640 3718 3695 αὐτοῦ

2127 3728 2355 3800 ἐποίησε
2387 3728 2451 3782 16
2479 3727 2758 3800 ἐγκώμιον
2788 3734 2821 3803 ἡ
2846 3730 3087 3803 προτέρα
3109 3731 3415 3803 κατηγορία
3436 3748 3449 3798 ;
3472 3732 3587 3787 Οὐκ
3611 3731 3722 3785 ἕλε·

2127 3838 2221 3891 γον
2271 3823 2401 3892 ὑμῖν
2432 3825 2491 3876 ἐν
2537 3825 2605 3895 τῇ
2659 3822 2905 3894 προτέρᾳ
2954 3823 3173 3890 συνάξει
3219 3824 3447 3878 ὅτιτῶν
3477 3824 3583 3896 πρὸ
3621 3823 3718 3877 τοῦ

2129 3913 2365 3987 σταυροῦ
2407 3915 2650 3987 σημείων
2683 3913 2751 3968 τά
2784 3914 2925 3986 μετά
2961 3915 3052 3968 16v
3078 3916 3311 3988 σταυρὸν
3340 3915 3565 3987 μείζονα
3595 3915 3719 3985 ἐγέ-

2127 4024 2278 4074 νετο;
2313 4006 2415 4063 οὐκ
2464 4007 2642 4075 ἐδειξα
2689 4008 2818 4080 ὑμῖν
2862 4008 2958 4062 καὶ
3003 4007 3111 4063 ἀπὸ
3156 4008 3267 4062 τῶν
3301 4008 3574 4080 σημείων,
3621 4009 3717 4063 καὶ

2127 4101 2239 4155 ἀπὸ
2270 4100 2369 4171 τῆς
2408 4100 2620 4166 εὐνοίας
2645 4099 2753 4154 τῶν
2786 4099 3078 4173 μαθητῶν,
3113 4099 3210 4154 καὶ
3237 4099 3354 4164 πῶς
3383 4100 3489 4172 πρὸ
3521 4098 3714 4154 τούτου

2132 4194 2231 4265 μὲν
2254 4195 2284 4247 6
2307 4193 2543 4266 Χριστὸς
2569 4193 2875 4247 ἐπιτάττων
2899 4192 3090 4264 ἤγειρε
3111 4193 3237 4257 τοὺς
3267 4192 3495 4265 νεκροὺς
3516 4233 3530 4257 ,
3557 4192 3715 4246 ὓστε-

2131 4303 2224 4359 ρον
2262 4286 2319 4340 δὲ
2353 4287 2410 4339 αί
2453 4285 2604 4340 σκιαὶ
2639 4285 2750 4339 τῶν
2797 4284 3001 4339 δούλων
3047 4284 3214 4339 αὐτοῦ
3261 4285 3419 4339 τοῦτο
3462 4285 3715 4351 ἐποίουν;

2130 4377 2247 4443 πῶς
2270 4376 2392 4432 τότε
2425 4377 2525 4450 μὲν
2555 4377 2719 4441 αὐτὸς
2741 4376 2979 4432 κελεύων
3002 4376 3461 4450 ἐθαυματούργει,
3490 4376 3717 4449 ὕστερον

2127 4471 2184 4526 δὲ
2233 4472 2281 4525 οί
2331 4470 2507 4526 δοῦλοι
2551 4469 2716 4525 αὑτοῦ
2766 4469 2844 4543 τῷ
2900 4470 3126 4542 ὀνόματι
3167 4469 3333 4525 αὐτοῦ
3382 4470 3715 4541 κεχρημένοι

2132 4563 2358 4636 μείζονα
2380 4563 2674 4636 ἐποίησαν;
2706 4564 2806 4618 οὐκ
2831 4560 2982 4617 εἷπον
3015 4562 3146 4633 ὑμῖν
3174 4561 3434 4634 περὶτῶν
3461 4562 3675 4635 ἐχθρῶν
3697 4603 3714 4629 ,

2130 4657 2247 4721 πῶς
2279 4657 2546 4711 διέσεισεν
2576 4655 2759 4711 αὐτῶν
2783 4656 2843 4710 16
2867 4655 3142 4721 συνειδός;
3176 4656 3294 4721 πῶς
3318 4655 3590 4729 ἐκράτησε
3614 4658 3716 4730 τῆς

2127 4745 2452 4820 οἰκουμένης
2494 4746 2743 4817 ἀπάσης;
2789 4745 2907 4810 πῶς
2950 4747 3176 4818 μείζονα
3222 4746 3289 4803 τὰ
3330 4750 3532 4821 σημεῖα
3577 4748 3716 4820 μετά

2126 4840 2219 4894 τὸν
2272 4839 2500 4911 σταυρὸν
2543 4833 2611 4911 ἦν
2655 4838 2764 4892 τῶν
2808 4838 2916 4911 πρὸ
2954 4838 3049 4893 τοῦ
3118 4841 3393 4913 σταυροῦ;
3460 4842 3715 4913 Ἀδελφὸς

2127 4931 2336 4987 ἐκείνου
2371 4932 2465 4986 καὶ
2514 4933 2543 4985 6
2573 4932 2813 5003 σήμερον
2860 4930 3118 4987 εἰσελθὼν
3159 4933 3336 5003 λόγος.
3370 4934 3435 4988 Τί
3475 4934 3583 5008 γάρ
3618 4935 3714 4990 τοῦ

2129 5024 2270 5080 κατά
2309 5025 2523 5080 Παῦλον
2560 5023 2748 5096 μεῖξον
2782 5024 3010 5096 σημείου
3043 5025 3240 5095 γένοιτ’
3266 5025 3368 5094 ἀν;
3401 5028 3587 5082 Ζῶντα
3616 5027 3715 5099 μὲν

2127 5115 2239 5189 γὰρ
2275 5116 2437 5172 αὐτὸν
2482 5116 2579 5171 καὶ
2607 5119 2635 5171 ὁ
2680 5116 2888 5188 Πέτρος
2915 5116 3228 5189 ἠρνήσατο,
3278 5118 3617 5174 ἀποθανόντα
3657 5118 3716 5172 δὲ

2127 5212 2156 5264 6
2202 5208 2415 5275 Παῦλος
2456 5209 2797 5282 ὡμολόγησε.
2834 5209 2941 5265 Τοῦ
2986 5211 3044 5266 δέ
3092 5213 3319 5285 νεκροὺς
3369 5214 3582 5285 ἐγεῖραι
3624 5212 3715 5267 διά

2125 5302 2236 5358 τῶν
2274 5301 2442 5357 σκιῶν
2478 5302 2662 5374 μεῖζον
2690 5305 2914 5375 σημεῖον
2935 5298 3004 5376 ἦν
3024 5303 3085 5358 16
3112 5305 3211 5375 τὴν
3237 5303 3464 5376 γνώμην
3500 5303 3713 5358 Παύλου

2127 5396 2535 5452 ἐπισπάσασθαι
2588 5397 2681 5451 καὶ
2731 5397 2891 5452 ἐλείν.
2955 5399 3103 5453 Ἐκεῖ
3150 5398 3247 5468 μὲν
3291 5399 3402 5468 γάρ
3457 5398 3490 5468 ή
3552 5396 3716 5467 φύσις

2129 5489 2347 5555 εἵπετο,
2378 5487 2473 5541 καὶ
2523 5486 2623 5541 οὐκ
2661 5487 2916 5556 ἀντέλεγε
2955 5486 3034 5558 τῷ
3067 5486 3408 5541 ἐπιτάττοντι
3430 5503 3443 5516 ·
3476 5485 3716 5541 ἐνταῦθα

2127 5580 2187 5635 δὲ
2221 5579 2541 5652 προαίρεσις
2572 5574 2640 5652 ἦν
2691 5578 2788 5633 τοῦ
2836 5578 3155 5649 πεισθῆναι,
3202 5577 3298 5632 καὶ
3335 5577 3430 5632 τοῦ
3472 5577 3549 5651 μὴ
3593 5594 3716 5631 πει-

2132 5672 2324 5743 σθῆναι
2366 5670 2562 5743 κυρία·
2599 5670 2722 5727 ὅθεν
2770 5669 2938 5742 πολλή
2971 5671 3005 5740 ἡ
3036 5667 3267 5741 δύναμις
3292 5668 3388 5724 τοῦ
3429 5669 3718 5734 πείσαντος

2129 5761 2423 5816 δείκνυται.
2470 5758 2579 5812 Τοῦ
2629 5759 2739 5831 γάρ
2770 5758 2931 5829 φύσιν
2974 5758 3266 5832 διορθῶσαι
3295 5760 3356 5814 τὸ
3393 5760 3718 5833 προαίρεσιν

2135 5852 2461 5926 μεταϐαλεῖν
2497 5850 2676 5922 πολλῷ
2710 5852 2892 5923 μεῖζον
2925 5848 3025 5926 ἦν·
3053 5851 3243 5925 μεῖζον
3274 5853 3381 5926 ἄρα
3408 5854 3517 5909 τῶν
3544 5853 3717 5913 ἄλλων
