4086 6476
507 362 602 420 εει

507 485 763 539 ἁπάντων
809 481 1033 552 σημεῖον
1067 479 1282 548 ἐγένετο
1309 479 1370 530 τὸ
1397 475 1610 530 Παῦλον
1647 473 1965 546 προσελθεῖν
2007 472 2086 544 τῷ

507 575 731 650 Χριστῷ
764 574 901 646 μετά
940 573 1031 627 τὸν
1073 572 1302 646 σταυρὸν
1351 569 1562 644 καὶτὸν
1606 567 1796 637 τάφον.
1835 566 1945 621 Καὶ
1979 565 2087 636 γὰρ

507 668 596 721 διὰ
622 666 779 720 τοῦτο
807 665 1018 735 ἀφῆκεν
1046 663 1213 716 αὑτὸν
1252 665 1280 716 ὁ
1299 661 1534 735 Χριστὸς
1559 661 1738 714 πᾶσαν
1763 658 1862 729 τὴν
1892 656 2088 730 ἔχθραν

508 761 913 830 ἐπιδείξασθαι.
966 760 1060 812 καὶ
1120 759 1242 812 τότε
1289 755 1581 824 ἐκάλεσεν,
1635 753 1722 806 ἴνα
1781 748 2089 803 ἀνύποπτον

512 855 712 924 ποιήσῃ
740 851 838 921 τῆς
876 849 1227 912 ἀναστάσεως
1267 848 1368 918 τὴν
1411 842 1719 908 ἀπόδειξιν,
1753 840 1848 895 καὶ
1887 839 1978 892 τὸν
2013 838 2091 890 δι-

510 941 806 1006 δασκαλίας
835 941 1013 1010 λόγον.
1059 941 1265 1012 Πέτρος
1297 939 1396 1010 μὲν
1426 937 1534 1008 γάρ
1565 936 1693 1008 περὶ
1719 932 1884 987 αὑτοῦ
1916 931 2089 1000 λέγων

510 1036 640 1098 ἴσως
685 1033 1041 1088 ὑπωπτεύετο
1071 1051 1086 1065 ·
1135 1029 1248 1103 εἶχε
1297 1031 1405 1104 γάρ
1449 1046 1532 1093 τις
1577 1027 1687 1082 τῶν
1719 1023 2090 1096 ἀναισχύντων

511 1128 686 1180 εἰπεῖν
724 1145 798 1181 τι.
830 1124 997 1180 Εἶπον
1032 1125 1088 1180 δὲ
1124 1125 1233 1179 τῶν
1269 1121 1660 1194 ἀναισχύντων,
1691 1121 1772 1173 ὅτι
1796 1119 1956 1172 κάκεῖ
1983 1133 2088 1186 φαο

511 1220 644 1291 νερά
696 1221 728 1290 ή
777 1219 1050 1284 ἀπόδειξις
1104 1213 1194 1290 ἦν.
1246 1218 1358 1271 Καὶ⁵
1411 1216 1520 1288 γὰρ
1561 1214 1656 1269 καὶ
1684 1214 1889 1276 ἐκεῖνος
1928 1209 2092 1264 αὑτὸν

513 1312 790 1382 ἠρνήσατο
821 1310 1117 1382 πρότερον,
1152 1309 1248 1364 καὶ
1276 1309 1554 1380 ἠρνήσατο
1595 1305 1711 1376 μεθ’
1739 1304 1902 1374 ὅρκου
1924 1341 1938 1366 ,
1975 1299 2092 1353 ἀλλ’

513 1405 662 1474 ὅμως
709 1404 800 1456 τὸν
836 1401 998 1456 αὐτὸν
1029 1402 1218 1456 τοῦτον
1262 1399 1540 1470 ὁμολογῶν
1587 1398 1812 1467 ὕστερον
1857 1395 1952 1449 καὶ
1993 1392 2094 1462 τὴν

512 1494 690 1565 ψυχήν
723 1493 965 1548 ἐπέδωκε
994 1495 1093 1564 τὴν
1123 1492 1334 1546 ἐαυτοῦ.
1376 1493 1437 1545 Et
1473 1490 1531 1544 δὲ
1565 1490 1640 1562 μὴ
1667 1488 1867 1558 ἀνέστη
1891 1526 1905 1549 ,
1940 1482 2092 1558 [105]

513 1588 616 1643 οὐκ
646 1587 711 1640 ἂν
743 1586 772 1639 6
799 1585 976 1650 ζῶντα
1017 1586 1426 1657 ἀρνησάμενος,
1454 1581 1596 1638 ὥστε
1645 1581 1719 1653 μὴ
1753 1576 2094 1651 ἀρνήσασθαι

514 1677 944 1750 τελευτήσαντα,
995 1678 1222 1750 μυρίους
1263 1677 1329 1732 ἂν
1377 1676 1640 1739 θανάτους
1686 1673 1976 1742 ὑπέμεινεο
2013 1668 2096 1722 διὸ

516 1772 613 1825 καὶ
645 1771 738 1824 ἐπὶ
767 1772 973 1843 Πέτρου
1005 1771 1270 1842 φανεράὴ
1298 1770 1571 1837 ἀπόδειξις
1604 1769 1706 1840 τῆς
1745 1765 2095 1829 ἀναστάσεως

514 1856 603 1933 ἦν.
632 1862 777 1933 Πλὴν
805 1863 916 1916 ἀλλ’
948 1865 1125 1918 ἐκεῖνο
1151 1864 1249 1935 μὲν
1274 1859 1418 1934 εἶχον
1440 1865 1490 1916 οἱ
1514 1862 1858 1934 ἀναίσχυντοι
1889 1859 2092 1927 λέγειν,

515 1954 598 2008 ὅτι
626 1954 812 2026 ἐπειδὴ
840 1955 1092 2028 μαθητὴς
1111 1955 1275 2010 αὐτοῦ
1301 1953 1368 2029 ἦν
1387 1995 1404 2020 ,
1433 1956 1621 2026 ἐπειδὴ
1649 1953 1928 2026 τραπέζης
1952 1955 2096 2006 ἐκοι-

515 2046 755 2118 νώνησεν
777 2047 943 2119 αὐτῷ,
971 2049 1065 2102 καὶ
1093 2049 1219 2120 τρία
1247 2049 1341 2121 ἔτη
1365 2047 1515 2119 αὑτῷ
1542 2046 1875 2116 συνεγένετο,
1906 2044 2094 2116 ἐπειδὴ

515 2139 863 2206 διδασκαλίας
908 2142 1244 2214 ἀπήλαυσεν,
1280 2143 1467 2214 ἐπειδὴ
1492 2140 1830 2211 ἐκολακεύθη
1866 2140 1956 2193 ὑπ’
1991 2138 2093 2192 αύ-

487 2227 610 2284 ⁴τοῦ
655 2231 988 2303 ἀπατηθεὶς,
1028 2231 1116 2286 διὰ
1151 2232 1307 2286 τοῦτο
1341 2232 1601 2303 κηρύττει
1636 2229 1800 2284 αὐτοῦ
1829 2229 1929 2302 τὴν
1965 2228 2096 2283 ἀνά-

517 2338 740 2376 στασιν·
781 2323 909 2377 ὅταν
948 2324 1004 2376 δέ
1039 2324 1250 2378 Παῦλον
1287 2323 1400 2396 ἴδῃς
1433 2323 1523 2377 τὸν
1555 2323 1656 2376 οὐκ
1689 2323 1863 2376 εἰδότα
1899 2321 2094 2390 αὑτὸν,

516 2413 606 2467 τὸν
651 2413 751 2468 οὐκ
789 2415 1102 2470 ἀκούσαντα
1129 2416 1326 2482 αὐτοῦ,
1365 2417 1457 2470 τὸν
1503 2417 1563 2469 ού
1621 2415 1959 2487 μετασχόντα
1996 2416 2096 2488 τῆς

516 2503 883 2571 διδασκαλίας,
919 2507 1010 2560 τὸν
1045 2509 1139 2561 καὶ
1181 2509 1318 2579 μετά
1354 2508 1444 2562 τὸν
1480 2508 1710 2580 σταυρὸν
1746 2508 1893 2580 αὐτῷ
1937 2507 2096 2562 πολε-

520 2594 752 2664 μοῦντα,
791 2596 881 2650 τὸν
915 2599 1310 2654 ἀποκτιννύντα
1351 2602 1478 2664 τοὺς
1507 2603 1588 2664 εἰς
1625 2601 1786 2654 αὐτὸν
1821 2600 2096 2655 πιστεύον-

517 2703 648 2752 τας,
679 2688 770 2743 τὺν
810 2692 986 2745 πάντα
1034 2693 1329 2765 συγχέοντα
1368 2695 1463 2747 καὶ
1497 2694 1869 2766 ταράττοντα,
1908 2693 2094 2748 τοῦτον

515 2778 779 2853 ἐξαίφνης
809 2783 1311 2857 μεταϐεϐλημένον,
1356 2787 1451 2840 καὶ
1490 2790 1601 2851 τοῖς
1623 2788 1762 2858 ὑπὲρ
1787 2786 1880 2840 τοῦ
1921 2785 2093 2859 κηρύ-

515 2886 726 2940 γματος
780 2874 1049 2944 καμάτοις
1107 2876 1351 2942 ἅπαντας
1389 2879 1773 2950 παρελάσαντα
1819 2878 1948 2942 τοὺς
1999 2878 2094 2933 τοῦ

518 2963 754 3034 Χριστοῦ
782 2966 991 3035 φίλους,
1031 2968 1190 3021 ποίαν
1215 2968 1355 3034 ἐξεις
1390 2968 1574 3022 λοιπὸν
1594 3009 1609 3033 ,
1642 2969 1766 3022 είπέ
1792 2986 1912 3040 μοι,
1944 2969 2096 3022 ἀναι-

518 3057 776 3125 σχυντίας
825 3059 1124 3128 πρόφασιν,
1175 3060 1418 3115 ἀπιστῶν
1465 3060 1544 3132 τῷ
1594 3062 1694 3133 τῆς
1749 3062 2095 3126 ἀναστάσεως

517 3144 695 3214 λόγῳ;
729 3148 792 3200 Et
833 3147 943 3220 γάρ
984 3149 1058 3222 μὴ
1088 3150 1285 3223 ἀνέστη
1319 3154 1346 3205 6
1383 3151 1652 3223 Χριστὸς,
1687 3152 1772 3217 τίς
1803 3152 1894 3206 τὸν
1921 3150 2095 3215 οὕτως

520 3238 565 3291 ὼ
572 3239 670 3309 μὸν
694 3240 788 3293 καὶ
815 3241 1202 3308 ἀπάνθρωπον,
1236 3243 1318 3306 τίς
1343 3243 1433 3296 τὸν
1457 3243 1980 3314 ἐκπεπολεμωμένον
2001 3244 2094 3297 καὶ

518 3331 858 3402 ἠγριωμένον
887 3335 1234 3388 ἐπεσπάσατο
1261 3335 1348 3400 ἂν,
1381 3335 1474 3388 καὶ
1499 3334 1638 3406 πρὸς
1671 3336 1860 3390 ἑαυτὸν
1884 3336 2094 3407 ἐπηγά-

517 3439 682 3492 γετο;
717 3424 852 3478 Εἰπὲ
883 3427 991 3497 γάρ
1023 3443 1147 3496 μοι,
1182 3420 1228 3481 ὦ
1267 3427 1517 3492 Ἰουδαῖε,
1549 3427 1633 3491 τίς
1663 3427 1876 3482 Παῦλον
1909 3427 2093 3482 ἔπεισε

518 3517 834 3588 προσελθεῖν
883 3517 962 3590 τῷ
1011 3518 1266 3590 Χριστῷ;
1327 3519 1565 3592 Πέτρος;
1624 3519 1740 3575 ἀλλ’
1808 3521 2090 3589 Ἰἀκωϐοςς

516 3607 631 3662 ἀλλ’
671 3609 947 3679 Ἰωάννηςς
989 3610 1127 3663 Ἀλλ’
1150 3604 1294 3664 οὗτοι
1326 3611 1523 3676 πάντες
1547 3610 1709 3666 αὐτὸν
1738 3611 2094 3666 ἐδεδοίκεισαν

518 3702 612 3755 καὶ
640 3701 893 3774 ἔφριττον
912 3745 928 3770 ,
964 3705 1057 3758 καὶ
1095 3705 1215 3775 οὐχὶ
1245 3706 1351 3776 πρὸ
1381 3705 1572 3760 τούτου
1615 3705 1803 3776 μόνον,
1837 3705 1973 3760 ἀλλά
1999 3705 2095 3759 καὶ

517 3793 604 3846 ὅτε
642 3794 749 3846 τῶν
787 3793 954 3863 φίλων
987 3795 1228 3870 ἐγένετο.
1265 3797 1353 3850 ὅτε
1391 3797 1677 3868 Βαρνάϐας
1703 3797 2094 3869 ἐπιλαϐόμενος

516 3884 680 3938 αὐτοῦ
703 3886 801 3956 τῆς
834 3885 1013 3956 χειρὸς
1061 3888 1408 3958 ἐπανήγαγεν
1456 3889 1535 3952 είς
1578 3889 1960 3961 Ἰεροσόλυμα,
2011 3889 2091 3942 ἔτι

516 3977 809 4048 ἐφοϐοῦντο
846 3978 1134 4033 κολλᾶσθαι
1176 3979 1325 4050 αύτῷ
1347 3996 1359 4009 '
1394 3982 1487 4035 καὶ
1518 3983 1546 4034 6
1585 3981 1681 4052 μὲν
1713 3981 1946 4051 πόλεμος
1973 3980 2091 4034 ἐλέ-

514 4069 662 4134 λυτο,
687 4073 716 4123 6
742 4069 798 4122 δέ
816 4070 976 4140 φόϐος
999 4071 1228 4142 ἐπέμενε
1254 4074 1366 4134 τοῖς
1383 4072 1723 4136 ἀποστόλοις.
1747 4073 1810 4126 Οἱ
1829 4069 1922 4127 οῦν
1954 4089 2089 4127 κατ-

516 4162 819 4230 αλλαγέντα
865 4162 1024 4215 αὐτὸν
1071 4163 1151 4216 ἔτι
1206 4163 1561 4235 φοϐούμενοι,
1598 4164 1790 4234 ἐχθρὸν
1831 4165 1960 4220 ὄντα
1997 4167 2092 4220 καὶ

518 4252 775 4323 πολέμιον
815 4253 1056 4323 ἐτόλμων
1100 4255 1313 4318 πείσαις
1362 4253 1681 4325 προσελθεῖν
1721 4253 1828 4326 γὰρ
1861 4255 2090 4328 ὃλως,ἢ

519 4345 730 4418 στῆναι,
764 4344 797 4416 ἢ
829 4345 1014 4416 διᾶραι
1045 4344 1240 4416 στόμα,
1272 4347 1506 4416 φανῆναι
1539 4345 1598 4398 δέ
1622 4344 1759 4408 ὅλως
1784 4346 2088 4417 ὑπέμενον;

517 4439 633 4492 Οὐκ
653 4437 768 4492 ἐστι
792 4438 984 4505 ταῦτα,
1011 4439 1111 4493 οὐκ
1135 4438 1281 4492 ἐστιν
1301 4453 1312 4466 '
1337 4439 1439 4492 οὐκ
1461 4433 1528 4510 ἦν
1554 4437 1869 4511 ἀνθρωπίνη
1887 4439 2091 4512 σπουδὴ

515 4529 576 4582 τὸ
604 4531 920 4601 γινόμενον,
956 4530 1092 4586 ἀλλά
1133 4530 1285 4594 θείας
1322 4529 1559 4602 χάριτος.
1601 4530 1665 4582 Εἰ
1698 4529 1875 4584 τοίνυν
1901 4531 2091 4603 νεκρὸς

515 4617 582 4692 ἦν
603 4662 618 4686 ,
652 4621 727 4685 ὣς
759 4640 896 4691 φατε
917 4662 930 4687 ,
960 4624 989 4676 6
1031 4621 1298 4693 Χριστὸς,
1350 4621 1446 4676 καὶ
1489 4621 1736 4684 ἐλθόντες
1765 4622 1814 4674 οἱ
1849 4621 2090 4693 μαθηταὶ

518 4729 684 4782 αὐτοῦ
712 4729 944 4799 ἔκλεψαν
975 4729 1166 4794 αὑτὸν,
1213 4729 1330 4792 πῶς
1362 4729 1583 4800 μείζονα
1614 4729 1684 4783 τὰ
1714 4731 1916 4800 σημεῖα
1951 4728 2091 4800 μετά

517 4820 608 4874 τὸν
644 4803 872 4891 σταυρὸν
916 4819 1164 4888 ἐγένετο;
1207 4820 1322 4884 πῶς
1355 4821 1558 4874 πλείων
1603 4821 1636 4892 ἡ
1676 4821 1950 4888 ἀπόδειξις
1988 4821 2090 4890 τῆς

515 4911 827 4981 δυνάμεως;
868 4913 943 4965 Οὐ
980 4911 1090 4983 γὰρ
1121 4911 1280 4982 μόνον
1329 4913 1628 4983 μετέστησε
1666 4913 1757 4966 τὸν
1791 4913 2084 4984 πολέμιον,

516 5003 610 5056 καὶ
637 5003 877 5074 ἀρχηγὸν
923 5003 1022 5072 τῆς
1060 5003 1240 5076 μάχης
1268 5003 1454 5074 ὑμῶν·
1510 5003 1688 5059 καίτοι
1729 5005 1779 5058 εί
1804 5005 1898 5058 καὶ
1929 5005 2088 5058 τοῦτο

518 5111 678 5182 μόνον
711 5111 954 5181 ἐποίησε,
994 5093 1256 5181 μεγίστης
1281 5110 1564 5181 δυνάμεως
1589 5106 1657 5182 ἦν
1689 5111 1751 5164 τὸ
1773 5111 1866 5165 τὸν
1894 5112 2090 5183 ἐχθρὸν

515 5205 611 5258 καὶ
650 5203 909 5274 πολέμιον
938 5202 1123 5257 λαϐεῖν
1154 5202 1500 5274 αἰχμάλωτον
1523 5217 1538 5232 '
1570 5202 1665 5258 νῦν
1698 5203 1756 5257 δέ
1783 5204 1906 5275 οὐχὶ
1931 5203 2088 5258 τοῦτο

516 5312 677 5384 μόνον
707 5292 1020 5384 είργάσατο,
1053 5310 1189 5363 ἀλλά
1216 5309 1308 5364 καὶ
1327 5309 1514 5363 τούτου
1546 5309 1726 5380 πολλῷ
1761 5311 1963 5382 μεῖζον.
2010 5309 2084 5364 Οὐ

513 5418 622 5488 γάρ
652 5417 809 5488 μόνον
839 5415 1168 5487 μετέστησεν
1189 5459 1202 5483 ,
1239 5413 1354 5468 ἀλλ’
1379 5413 1550 5478 οὕτως
1577 5415 1772 5468 οἰκεῖον
1805 5417 2083 5488 ἐποίησεν,

513 5519 685 5586 οὓτως
714 5521 1063 5576 ἐπεσπάσατο
1097 5523 1233 5593 πρὸς
1264 5519 1361 5592 τὴν
1391 5519 1602 5575 εὔνοιαν
1629 5519 1728 5592 τὴν
1757 5521 1948 5575 ἐαυτοῦ
1969 5564 1983 5588 ,
2010 5521 2086 5586 ὡς

515 5613 610 5666 καὶ
631 5612 780 5681 αύτῷ
809 5614 988 5667 πάντα
1013 5613 1113 5683 τῆς
1151 5614 1474 5684 Ἐκκλησίας
1495 5613 1562 5668 τά
1587 5614 1888 5684 πράγματα
1915 5614 2086 5686 ἐγχει-

519 5701 684 5772 ρίσαι.
719 5703 945 5770 Σκεῦος
967 5705 1096 5774 γὰρ,
1133 5707 1296 5776 φησὶν
1315 5748 1330 5772 ,
1360 5704 1616 5775 ἐκλογῆς
1653 5706 1758 5774 μοί
1783 5706 1953 5761 ἐστιν
1984 5701 2086 5761 οὗ·

521 5809 648 5858 τος,
681 5794 788 5848 τοῦ
811 5795 1119 5859 βαστάσαι
1157 5797 1223 5852 τὸ
1257 5797 1445 5870 ὄνομά
1465 5817 1582 5870 μου
1613 5799 1866 5854 ἐνώπιον
1893 5797 2085 5854 ἐθνῶν

1221 380 1274 434 S.
1313 377 1601 436 JOANNIS
1633 371 2126 432 CHRYSOSTOMI
2167 369 2485 427 ARCIIIEP.
2527 370 3075 428 CONSTANTINOP.
3688 362 3781 417 1'29.

2198 473 2297 527 καὶ
2320 475 2665 539 βασιλέων,
2706 476 2803 530 καὶ
2850 475 3071 529 πλείονα
3099 475 3209 528 τῶν
3247 476 3572 531 ἀποστόλων
3605 480 3782 536 πεῖσαι

2197 569 2394 636 καμεῖν
2436 567 2576 640 ὑπὲρ
2605 568 2706 638 τῆς
2753 569 3079 640 Ἐκκλησίας
3111 569 3212 639 τῆς
3244 569 3519 642 πρότερον
3563 571 3656 626 ὑπ’
3687 573 3782 629 αὑ-

2195 655 2288 708 τοῦ
2321 656 2752 730 πολεμουμένης.

2269 746 2340 813 ς’.
2367 748 2554 802 Βούλει
2581 751 2770 820 μαθεῖν
2790 750 2906 816 πῶς
2927 753 3090 805 αυτὸν
3114 752 3416 826 μετέστησε
3438 770 3454 818 ;
3481 753 3599 817 πῶς
3626 753 3783 812 αὑτὸν
3891 788 3893 790 -

2197 840 2543 910 ᾠκειώσατος
2579 844 2694 908 πῶς
2739 845 2902 898 αὑτὸν
2953 848 3340 910 ἐπεσπάσατος
3379 847 3502 912 πῶς
3536 849 3618 914 είς
3661 850 3781 915 τοὺς

2197 930 2448 1002 πρώτους
2488 934 2596 987 τῶν
2629 935 2801 1004 φίλων
2845 937 3172 1005 κατέλεξεν;
3206 939 3399 993 Οὐδενὶ
3440 940 3552 994 τῶν
3581 941 3782 1014 ἀνθρώο

2199 1041 2316 1077 πων
2339 1025 2573 1080 τοσαῦτα
2607 1028 2913 1100 ἐθάρρησεν
2963 1031 3138 1086 εἰπεῖν
3187 1033 3520 1105 ἀπόρρητα,
3573 1034 3673 1088 ὅσα
3711 1036 3784 1106 τῷ

2199 1116 2418 1187 Παύλῳ.
2452 1118 2563 1172 Καὶ
2614 1120 2778 1174 πόθεν
2824 1121 2984 1176 τοῦτο
3011 1124 3204 1194 δῆλον;
3239 1127 3526 1181 Ἤκουσα
3564 1127 3782 1196 ἄρρητα

2191 1206 2464 1276 ῥήματα,
2514 1212 2710 1282 φησὶν,
2751 1211 2790 1266 d
2821 1215 2933 1268 οὐκ
2960 1214 3104 1279 ἐξόν
3144 1216 3441 1286 ἀνθρώπῳ
3492 1219 3780 1290 λαλῆσαι.

2201 1296 2383 1366 Εἶδες,
2435 1304 2463 1355 6
2519 1303 2739 1374 ἐχθρὸς,
2803 1308 2832 1359 6
2881 1306 3140 1378 πολέμιος
3186 1309 3364 1382 πόσην
3419 1309 3636 1365 εῦνοιαν
3687 1314 3782 1366 ἐπ-

2200 1388 2471 1459 εδείξατος
2498 1393 2597 1446 Διά
2635 1393 2783 1468 [ιοδ]
2825 1395 2990 1460 ,τοῦτο
3015 1401 3313 1468 ἀναγκαῖον
3358 1402 3456 1455 καὶ
3507 1402 3602 1457 τὸν
3651 1405 3780 1476 πρό-

2198 1497 2357 1552 τερον
2409 1481 2522 1553 βίον
2568 1484 2734 1540 αὐτοῦ
2785 1489 2997 1543 εἰπεῖν’
3045 1492 3150 1544 ’καὶ
3205 1493 3315 1562 γὰρ
3362 1493 3465 1565 τὴν
3512 1494 3606 1548 τοῦ
3652 1495 3779 1550 Θεοῦ

2199 1571 2474 1627 δείκνυσιν
2545 1577 2679 1648 ἡμῖν
2734 1578 3149 1654 φιλανθρωπίαν
3213 1584 3304 1638 καὶ
3372 1583 3644 1656 δύναμινο
3703 1606 3780 1657 φι-

2199 1664 2552 1736 λανθρωπίαν
2603 1670 2739 1740 μὲν,
2780 1672 2866 1727 ὅτι
2903 1673 3171 1747 ἐϐουλήθη
3213 1676 3306 1729 τὸν
3353 1676 3598 1732 τοσαῦτα
3645 1681 3778 1734 κακὲ

2201 1758 2578 1830 ἐργασάμενον
2638 1763 2848 1830 σῶσαι,
2900 1766 2995 1819 καὶ
3047 1767 3186 1839 πρὸς
3237 1769 3438 1824 ἐαυτὸν
3485 1773 3779 1827 ἐπισπάσα-

2203 1848 2365 1902 σθαι·
2413 1849 2645 1925 δύναμιν
2690 1854 2786 1920 δὲ,
2826 1857 2909 1910 ὅτι
2959 1858 3248 1932 βουληθεὶς
3295 1861 3510 1932 ίσχυσε.
3550 1866 3657 1918 Καὶ
3691 1866 3779 1937 τὴν

2203 1940 2414 1995 Παύλου
2455 1943 2511 1997 δέ
2566 1945 2726 2000 τοῦτο
2770 1947 3012 2004 δείκνυσι
3069 1951 3278 2024 ψυχὴν,
3313 1953 3399 2008 δτι
3450 1955 3604 2008 οὐδὲν
3653 1956 3778 2026 πρὸς

2203 2033 2536 2100 φιλονεικίαν
2581 2038 2785 2105 ἐποίει,
2828 2042 2951 2096 ούδέ
3003 2044 3320 2117 ἀνθρωπίνῃ
3379 2047 3779 2119 προκατειλημο

2205 2125 2367 2196 μένος
2407 2127 2565 2203 δόξῃ.
2615 2131 2870 2206 καθάπερ
2908 2136 2958 2189 οί
2999 2137 3268 2192 Ἰουδαῖοι·
3306 2139 3453 2194 ἀλλά
3498 2139 3644 2212 ζήλῳ
3691 2158 3778 2194 πε-

2202 2220 2527 2290 πυρωμένος
2547 2263 2561 2287 ,
2597 2225 2697 2278 οὐκ
2719 2225 2864 2298 ὀρθῷ
2893 2227 2992 2298 μὲν
3011 2269 3028 2293 ,
3065 2229 3210 2301 ζήλῳ
3237 2231 3293 2284 δέ
3329 2233 3512 2303 ὅμως·
3539 2234 3672 2305 ὅπερ
3693 2236 3778 2288 καὶ

2201 2309 2366 2374 αὐτὸς
2393 2311 2524 2367 ἐϐόα
2567 2314 2778 2384 λέγων,
2831 2319 2914 2373 ὅτι
2963 2320 3068 2374 Διὰ
3117 2322 3294 2377 τοῦτο
3339 2323 3647 2394 ἠλεήθην,
3696 2323 3777 2378 ὅτι

2201 2401 2436 2471 ἀγνοῶν
2445 2405 2705 2476 ἐποίησα
2721 2409 2792 2464 ἐν
2801 2411 3051 2482 ἀπιστίᾳ
3069 2431 3084 2446 ο
3103 2415 3199 2468 καὶ
3219 2415 3320 2487 τὴν
3339 2416 3435 2470 τοῦ
3447 2415 3584 2470 θεοῦ
3603 2415 3774 2486 φιλαν·

2202 2494 2448 2566 θρωπίαν
2468 2501 2904 2575 ἐκπληττόμενος
2929 2506 3115 2577 ἔλεγεν
3133 2524 3148 2539 ⁶
3182 2508 3310 2564 Ἵνα
3335 2510 3407 2564 ἐν
3428 2510 3559 2580 ἐμοὶ
3582 2511 3774 2580 πρώτῳ

2199 2587 2539 2658 ἐνδείξηται
2587 2595 2844 2664 Χριστὸς
2897 2598 3010 2668 τὴν
3055 2600 3306 2656 ἅπασαν
3344 2604 3770 2672 μακροθυμίαν.

2201 2677 2353 2746 πρὸς
2393 2683 2792 2740 ὑποτύπωσιν
2827 2687 2897 2742 δὲ
2941 2689 3063 2744 τῶν
3084 2694 3449 2761 μελλόντων
3477 2694 3771 2748 πιστεύειν

2199 2769 2293 2821 ἐπ’
2326 2771 2486 2837 αὐτῷ
2531 2777 2621 2839 είς
2667 2775 2823 2845 ζωὴν
2868 2779 3144 2836 αίώνιον·
3190 2785 3286 2837 καὶ
3327 2782 3563 2856 ἀλλαχοῦ
3627 2783 3769 2839 πάλιν

2202 2857 2414 2928 ἔλεγεν,
2463 2863 2545 2917 ὅτι
2595 2866 2714 2936 Τὴν
2751 2868 3061 2940 ἐνέργειαν
3100 2873 3206 2944 τῆς
3240 2875 3555 2947 δυνάμεως
3603 2877 3769 2932 αὑτοῦ

2197 2950 2466 3018 μάλιστα
2513 2955 2748 3022 ἔδειξεν
2797 2963 2885 3028 είς
2946 2964 3105 3033 ἡμᾶς
3162 2967 3307 3035 τοὺς
3364 2971 3767 3036 πιστεύοντας.

2201 3038 2355 3106 Εἶδες
2411 3045 2527 3110 πῶς
2567 3050 2658 3101 καὶ
2682 3050 2780 3122 τὴν
2809 3053 3222 3126 φιλανθρωπίαν
3259 3061 3432 3127 ἔδειξε
3476 3063 3572 3116 τοῦ
3607 3061 3762 3126 Θεοῦ.

2201 3134 2296 3188 καὶ
2319 3136 2417 3208 τὴν
2459 3137 2722 3210 δύναμιν,
2766 3145 2858 3198 καὶ
2886 3145 2947 3199 τὸ
2975 3148 3077 3218 τῆς
3105 3151 3300 3207 ἑαυτοῦ
3333 3153 3557 3225 γνώμης
3585 3155 3765 3208 ἀδέκα-

2203 3241 2326 3279 στον
2349 3229 2377 3280 6
2419 3229 2684 3301 πρότερος
2721 3235 2931 3290 Παύλου
2973 3239 3121 3310 βίοςς
3151 3243 3325 3298 Τοῦτο
3349 3247 3483 3314 γοῦν
3517 3247 3765 3309 Γαλάταις

2201 3315 2428 3386 γράφων
2461 3321 2542 3385 είς
2570 3321 2843 3390 ἀπόδειξιν
2887 3331 3210 3401 παρήγαγε,
3242 3335 3338 3389 τοῦ
3376 3339 3452 3408 μὴ
3478 3337 3547 3390 δι’
3573 3336 3765 3406 ἀνθρώο

2202 3424 2340 3472 πους
2369 3413 2799 3480 μεταϐαλέσθαι,
2844 3418 2979 3474 ἀλλά
3022 3420 3142 3494 θείᾳ.
3193 3428 3584 3499 μετενενῆχθαι
3619 3428 3764 3481 δυνά-

2205 3517 2313 3569 μει.
2338 3503 2409 3556 El
2439 3503 2548 3574 γὰρ
2576 3506 2938 3584 ἀνθρώποις,
2980 3514 3163 3585 φησὶν.
3198 3516 3502 3586 ἤρεσκον,
3527 3519 3766 3589 Χριστοῦ

2200 3591 2422 3661 δοῦλος
2450 3597 2563 3650 οὐκ
2591 3595 2669 3651 ἂν
2701 3597 2884 3669 ἥμην.
2913 3603 3025 3658 Καὶ
3053 3606 3219 3662 πόθεν
3246 3611 3407 3684 δῆλον
3439 3614 3518 3666 ὅτι
3556 3613 3652 3666 οὐκ
3683 3613 3766 3666 άν-

2202 3684 2440 3756 θρὼποις
2507 3688 2793 3761 ἀρέσκων,
2841 3695 2978 3766 πρὸς
3041 3699 3104 3752 τὸ
3157 3703 3424 3776 κήρυγμα
3482 3705 3761 3776 μετέστηςὶ

2213 3777 2560 3843 Ἠκούσατε,
2593 3782 2748 3854 φησὶ,
2779 3783 2894 3854 τὴν
2915 3787 3073 3857 ἐμὴν
3103 3791 3503 3866 ἀναστροφήν
3530 3811 3669 3849 ποτε
3702 3794 3764 3847 ἐν

2200 3869 2280 3934 τῷ
2311 3871 2666 3942 ίουδαῖσμῷ,
2710 3875 2800 3931 ὅτι
2830 3882 2962 3934 καθ’
3009 3883 3362 3956 ὑπερϐολὴν
3392 3887 3638 3942 ἐδίωκον
3659 3884 3762 3951 τὴν

2213 3961 2582 4031 Ἐκκλησίαν
2611 3965 2720 4020 τοῦ
2751 3968 2929 4035 Θεοῦ,
2961 3972 3059 4026 καί
3086 3974 3388 4045 ἐπόρθουν
3417 3980 3627 4046 αὐτήν.
3659 3976 3760 4030 Οὐκ

2198 4050 2264 4104 ἂν
2299 4053 2385 4115 δὲ,
2418 4057 2466 4108 εἰ
2492 4057 2800 4129 ἀνθρώποις
2830 4062 3085 4134 ἀρέσκειν
3123 4067 3283 4138 ἤθελε
3304 4109 3320 4134 ,
3353 4071 3605 4142 μετέθετο
3637 4067 3758 4138 πρὸς

2197 4148 2297 4218 τὴν
2331 4148 2532 4203 πίστιν.
2566 4151 2664 4205 Διά
2699 4153 2790 4220 τί;
2845 4156 3103 4228 Ἐτιμᾶτο
3147 4162 3300 4232 παρὰ
3352 4161 3646 4224 Ἰουδαίοις,
3675 4159 3757 4211 καὶ

2198 4240 2383 4305 ἀδείας
2407 4242 2654 4312 ἀπήλαυε
2684 4246 2905 4319 πολλῆς,
2943 4249 3036 4303 καὶ
3065 4253 3363 4326 προεδρίας
3389 4252 3601 4325 ἠξιοῦτο
3622 4268 3634 4282 ·
3667 4249 3756 4302 οὐκ

2198 4331 2263 4386 ἂν
2292 4328 2386 4387 οῦν
2422 4333 2559 4406 πρὸς
2592 4337 2930 4394 ἐπικίνδυνον
2965 4342 3198 4416 μετέστη
3229 4343 3348 4416 βίον
3384 4346 3474 4400 τὸν
3503 4344 3606 4399 τῶν
3630 4343 3753 4396 ἀπο·

2200 4426 2433 4490 στόλων,
2483 4427 2575 4481 τὸν
2635 4429 2948 4504 δυσφημίας
3009 4436 3282 4508 γέμοντα,
3331 4441 3423 4495 τὸν
3481 4434 3753 4508 συμφορῶν

2197 4519 2683 4591 ἐμπεπλησμένον·
2709 4523 2848 4578 ὥστε
2899 4527 3066 4599 αὐτὴν
3105 4529 3260 4601 (sic)
3286 4530 3462 4603 ἀθρόᾳ
3501 4524 3748 4601 μεταδολῇ

2196 4611 2291 4664 καὶ
2327 4612 2655 4681 μεταστάσει
2677 4653 2692 4677 ,
2734 4615 2829 4670 καὶ
2877 4615 2938 4670 τὸ
2988 4619 3308 4676 καταλιπεῖν
3364 4623 3464 4694 μὲν
3495 4621 3591 4693 τὴν
3619 4616 3751 4687 παρὰ

2209 4700 2483 4766 Ἰουδαίοις
2531 4705 2694 4776 τιμὴν
2742 4706 2833 4759 καὶ
2878 4708 2970 4762 τὸν
3006 4710 3280 4784 ἀπόλεμον
3319 4714 3465 4785 βίον,
3505 4708 3750 4768 ἀνταλλά-

2196 4789 2390 4858 ξασθαι
2427 4792 2484 4846 δέ
2527 4795 2624 4866 τὴν
2665 4794 2773 4850 τῶν
2818 4796 3133 4854 ἀποστόλων
3172 4802 3347 4874 ζωὴν,
3397 4803 3495 4875 τήν
3545 4800 3749 4872 μυρίους

2194 4879 2423 4950 ἔχουσαν
2472 4880 2761 4949 θανάτους,
2815 4885 3048 4958 μεγίστη
3101 4888 3324 4958 γέγονεν
3369 4886 3629 4952 ἀπόδειξις
3667 4879 3747 4935 τοῦ

2198 4970 2272 5042 μὴ
2307 4970 2372 5024 δι’
2405 4970 2752 5044 ἀνθρωπίνην
2785 4975 2906 5029 τινὰ
2952 4978 3240 5048 πρόφασιν’
3273 4979 3626 5052 μετατεθῆναι
3667 4971 3747 5026 τὸν

2195 5061 2426 5116 Παῦλον.
2481 5063 2578 5117 Διά
2611 5064 2768 5118 τοῦτο
2798 5069 2892 5120 καὶ
2923 5069 3082 5138 ἡμεῖς
3115 5071 3485 5144 ἐϐουλήθημεν
3513 5070 3599 5124 τὸν
3627 5063 3746 5137 πρό·

2193 5169 2349 5224 τερον
2381 5153 2544 5208 αὑτοῦ
2587 5154 2700 5226 βίον
2735 5159 2814 5222 εἰς
2849 5159 3014 5228 μέσον
3051 5163 3310 5232 ἀγαγεῖν,
3353 5165 3445 5218 καὶ
3477 5161 3636 5226 δεῖξαι
3663 5154 3744 5208 τὸν

2193 5244 2587 5316 πεπυρωμένον
2619 5246 2780 5319 ζῆλον
2811 5249 2901 5302 τὸν
2949 5252 3090 5306 κατά
3121 5255 3220 5326 τῆς
3270 5251 3584 5323 Ἐκκλησίας
3603 5289 3618 5314 ς
3652 5244 3741 5306 ῖν’ν

2191 5335 2319 5389 ὅταν
2348 5336 2464 5408 ἴδῃς
2495 5337 2593 5409 τὴν
2628 5339 2830 5412 πολλὴν
2861 5341 3170 5414 προθυμίαν
3199 5346 3296 5418 τὴν
3334 5346 3471 5416 ὑπὲρ
3494 5343 3588 5412 τῆς
3621 5338 3738 5391 -Ἐκ-

2192 5427 2452 5498 κλησίας,
2496 5428 2782 5505 θαυμάσῃς
2819 5431 2910 5486 τὸν
2954 5435 3210 5488 ποιοῦντα
3256 5439 3431 5492 πάντα
3473 5431 3561 5487 καὶ
3588 5441 3738 5500 μετα-

2194 5518 2526 5584 σκευάζοντα
2553 5519 2705 5576 Θεόν.
2749 5523 2848 5576 Διὰ
2892 5523 3052 5578 τοῦτο
3085 5527 3180 5580 καὶ
3218 5531 3246 5581 6
3277 5524 3518 5599 μαθητής
3553 5520 3580 5572 6
3605 5511 3737 5571 Παύ-

2191 5610 2283 5665 λου
2309 5612 2376 5665 τά
2411 5612 2654 5684 πρότερα
2688 5615 2821 5686 ἡμῖν
2851 5616 2969 5685 μετ’
2999 5618 3284 5688 ἀκριϐείας
3313 5616 3625 5687 διηγήσατο,
3655 5601 3738 5660 καὶ

2191 5704 2392 5777 πολλῆς
2430 5705 2754 5776 ἐμφάσεως,
2809 5707 2983 5772 οὕτως
3037 5709 3242 5764 εἰπών’
3295 5710 3526 5770 Σαῦλος
3571 5701 3633 5754 δὲ
3656 5693 3735 5746 ἔτι

2190 5798 2463 5868 ἐμπνέων
2513 5798 2770 5870 ἀπειλῆς
2808 5800 2905 5856 καὶ
2943 5801 3133 5871 φόνου
3177 5805 3262 5869 είς
3310 5800 3447 5865 τοὺς
3489 5785 3729 5866 μαθητὰς
