4086 6476
307 411 403 468 121
894 411 960 469 IN
998 411 1224 478 iLLUD,
1264 407 1533 468 SAULUS
1569 407 1802 465 ADIIUC
1839 406 2145 465 SPIRANS.
2190 409 2278 464 DE
2317 411 2714 470 MUTATIONE
2741 412 3068 471 NOMINUM.
3112 414 3151 468 Ι.

307 530 405 585 bus
436 528 667 601 signum
698 529 811 598 fuit,
841 529 1064 585 Paulum
1106 537 1226 600 post
1263 542 1480 583 crucem
1510 535 1566 581 et
1593 523 1924 595 sepulturam

306 623 373 676 ad
404 621 697 679 Christum
735 624 1045 679 accessisse.
1087 623 1374 694 Propterea
1414 635 1643 690 namque
1681 617 1924 689 permisit

3518 416 3623 472 ηε

2025 533 2189 592 portet
2223 540 2403 580 nomen
2442 543 2607 580 nteant
2633 543 2804 592 coram
2828 528 3078 599 gentibus,
3103 537 3150 581 et
3171 526 3368 600 regibus
3395 526 3531 598 (Att.
3559 529 3615 585 9.

2026 615 2138 689 i5),
2170 618 2326 688 eique
2350 621 2691 688 persuaserit,
2722 629 2777 674 ut
2803 622 2920 690 plus
2946 635 3106 692 quam
3136 621 3362 691 apostoli
3385 638 3483 694 pro
3513 622 3618 678 Ec-

309 731 430 772 cum
463 715 724 772 Christus
752 732 909 773 omne
934 717 1114 771 odium
1143 732 1250 786 prae
1277 731 1335 769 se
1367 717 1524 780 terre,
1547 727 1610 768 ac
1639 721 1747 766 tum
1771 710 1919 765 illum

311 808 546 873 vocavit,
582 819 648 862 ut
693 807 1100 864 resurrectionis
1143 806 1510 876 probationem
1553 819 1618 860 ac
1662 803 1920 858 doctrinm

314 914 634 954 sermonem
686 901 830 955 omni
879 899 1184 970 suspicione
1227 898 1499 954 liberaret.
1549 894 1680 950 Nam
1732 895 1922 949 Petrus

313 993 531 1062 quidem
576 993 625 1046 si
678 992 744 1047 de
784 1007 851 1048 eo
891 992 1143 1062 loquutus
1188 998 1354 1057 esset,
1384 997 1665 1059 suspectus
1695 985 1877 1040 fuisset
1905 983 1945 1038 :‘

316 1084 582 1155 potuisset
638 1085 781 1139 enim
840 1085 1120 1156 impudens
1168 1083 1358 1152 aliquis
1404 1081 1673 1152 quidpiam
1723 1079 1920 1134 dicere.

321 1175 482 1229 Porro
525 1174 901 1245 impudentem
947 1175 1078 1242 dixi,
1111 1175 1362 1245 quoniam
1403 1182 1457 1227 ct
1497 1172 1604 1227 illic
1647 1171 1922 1226 manifesta

328 1264 417 1319 fuit
455 1265 877 1322 demonstratio.
923 1267 1195 1337 Siquidem
1227 1266 1315 1321 ille
1344 1280 1552 1336 quoque
1579 1265 1724 1334 prius
1750 1263 1922 1332 ipsum

324 1360 552 1430 negavit,
579 1368 639 1414 et
665 1376 786 1414 cum
806 1359 1114 1431 juramento
1138 1359 1348 1429 negavit
1367 1377 1377 1409 :
1394 1366 1759 1412 verumtamen
1782 1353 1924 1408 hunc

321 1453 492 1522 ipsum
523 1451 728 1507 deinde
751 1453 876 1506 dum
899 1451 1206 1515 conﬁtetur,
1221 1450 1302 1505 vel
1329 1450 1496 1520 ipsam
1520 1449 1749 1502 animam
1773 1460 1921 1500 suam
1966 1449 1968 1451 ’

323 1557 418 1613 pro
444 1543 536 1597 illo
561 1541 805 1597 tradidit.
835 1541 987 1610 Quod
1011 1543 1054 1597 si
1081 1556 1187 1595 non
1215 1539 1612 1603 resurrexisset,
1636 1549 1924 1604 numquam

321 1635 366 1689 is
387 1675 400 1695 ,
431 1636 522 1706 qui
555 1635 830 1690 viventem
865 1643 1183 1705 negaverat,
1216 1632 1411 1688 millies
1439 1641 1665 1685 mortem
1697 1628 1924 1682 toleras-

325 1738 426 1794 set,
462 1741 530 1781 ne
556 1727 674 1796 jam
704 1738 908 1782 morm"
939 1743 969 1780 ιι
1000 1726 1291 1796 abnegaret
1319 1741 1332 1778 :
1363 1738 1468 1794 quo
1499 1721 1577 1788 ﬁt,
1607 1719 1848 1776 utetiam
1873 1719 1924 1773 in

326 1819 484 1873 Petro
533 1818 950 1874 resurrectionis
993 1817 1382 1872 demonstratio
1435 1811 1716 1868 manifesta
1765 1810 1928 1866 fuisse

327 1911 592 1966 videatur.
654 1911 1038 1968 Verumtamen
1082 1910 1152 1966 de
1194 1909 1288 1965 illo
1332 1907 1546 1979 quidem
1593 1903 1927 1974 impudentes

323 2002 502 2058 dicere
531 2004 858 2074 potuissent,
882 2018 1002 2058 eum
1031 2008 1311 2072 propterea
1334 1999 1478 2071 quod
1500 1997 1789 2066 discipulus
1814 2003 1930 2051 erat

328 2093 466 2148 illius
486 2136 504 2160 ,
535 2103 822 2164 propterea
869 2093 1012 2165 quod
1057 2093 1322 2163 particeps
1348 2089 1464 2161 ejus
1492 2102 1693 2143 menses
1723 2085 1927 2151 fuerat,

326 2201 387 2240 ac
418 2187 593 2242 tribus
625 2187 783 2242 annis
814 2202 937 2242 cum
978 2186 1070 2242 illo
1110 2192 1352 2240 versatus
1396 2182 1596 2246 fuerat;
1645 2187 1926 2250 propterea

328 2277 467 2347 quod
515 2278 636 2348 ejus
686 2277 928 2332 doctrina
972 2277 1172 2347 potitus
1211 2283 1354 2342 erat;
1387 2280 1668 2344 propterea
1702 2268 1844 2340 quod
1875 2268 1929 2322 in

329 2367 570 2423 fraudem
628 2369 840 2425 illectus
885 2367 1156 2424 blanditiis
1201 2367 1318 2436 ejus
1361 2365 1561 2429 fuerat,
1599 2361 1799 2417 idcirco
1845 2374 1930 2415 re-

329 2461 722 2514 surrectionem
767 2460 908 2514 illius
955 2458 1247 2530 praedicare
1296 2473 1310 2510 :
1363 2471 1484 2511 cum
1537 2468 1668 2509 vero
1705 2451 1928 2507 Paulutn

326 2548 531 2618 videas,
565 2550 660 2619 qui
707 2550 877 2619 ipsum
915 2564 1021 2604 non
1053 2547 1294 2612 viderat,
1325 2545 1412 2616 qui
1444 2545 1616 2615 ipsum
1643 2557 1751 2596 non
1775 2540 1931 2595 audi-

326 2653 513 2710 verat,
575 2643 665 2714 qui
719 2643 974 2698 doctrinaa
1013 2641 1281 2714 particeps
1326 2639 1547 2694 minime
1595 2636 1796 2699 fuerat,
1840 2633 1930 2702 qui

329 2735 484 2789 etiam
514 2744 646 2806 post
673 2750 888 2790 crucem
921 2734 994 2789 illi
1024 2734 1221 2789 bellum
1253 2731 1537 2794 indixerat,
1569 2737 1624 2784 et
1643 2742 1737 2782 eos
1763 2727 1849 2795 qui
1875 2726 1927 2780 in

331 2825 499 2894 ipsum
526 2826 850 2894 credebant,
873 2825 1246 2890 interﬁciebat,
1268 2822 1356 2893 qui
1385 2821 1562 2876 omnia
1589 2819 1847 2875 miscebat
1871 2833 1934 2873 ac

335 2917 588 2973 turbabat
609 2959 624 2982 ,
657 2919 796 2974 hunc
821 2919 999 2973 subito
1025 2927 1285 2972 mutatum
1317 2916 1369 2969 in
1400 2912 1634 2970 ferendis
1659 2928 1754 2982 pro
1794 2926 1933 2980 prae-

331 3007 604 3064 dicatione
630 3009 779 3065 verbi
807 3009 1078 3065 laboribus
1102 3022 1290 3063 omnes
1323 3005 1518 3060 Christi
1547 3004 1749 3058 amicos
1769 3017 1932 3073 supe-

334 3116 472 3168 rare,
491 3117 620 3173 quae
635 3102 726 3157 tibi
740 3102 1012 3172 deinceps,
1035 3116 1237 3172 quaeso,
1259 3099 1600 3169 impudentiae
1615 3097 1826 3152 occasio
1845 3111 1936 3150 rc-

335 3194 636 3265 linquetnr,
657 3195 700 3251 si
723 3195 1130 3251 resurrectionis
1149 3194 1316 3250 verbo
1335 3209 1442 3248 non
1466 3193 1690 3259 credas?
1712 3192 1767 3248 Si
1790 3192 1932 3246 enim

336 3280 586 3341 Christus
610 3301 717 3340 non
743 3286 1145 3347 resurrexisset,
1165 3285 1286 3355 quis
1303 3285 1570 3340 hominem
1589 3285 1724 3339 adeo
1745 3283 1937 3340 crude-

339 3375 438 3430 lem
454 3385 508 3432 et
523 3377 898 3441 inhumanum,
913 3377 1032 3450 quis
1049 3376 1182 3432 adeo
1198 3376 1464 3431 infensum
1478 3386 1530 3431 et
1543 3373 1817 3430 eﬂ‘cratum
1835 3373 1934 3428 sibi

340 3469 684 3524 conciliasset
709 3478 766 3526 et
785 3469 850 3524 ad
869 3484 927 3524 se
947 3468 1291 3525 attraxisset?
1315 3468 1410 3523 Dic
1433 3468 1596 3530 enim.
1621 3481 1823 3538 quaso,
1854 3465 1940 3520 Ju-

340 3557 470 3626 ἀπε,
505 3560 632 3629 quis
661 3560 826 3616 Paulo
859 3560 1154 3632 persuasit,
1183 3569 1241 3614 ut
1269 3557 1483 3614 Christo
1509 3573 1566 3613 se
1588 3556 1936 3627 adjungeret?

341 3669 463 3708 num
487 3654 712 3709 Petrus?
741 3670 866 3708 num
890 3653 1160 3709 Iacobus?
1189 3667 1313 3707 num
1341 3651 1608 3707 Joannes?
1637 3650 1792 3720 Atqui
1821 3665 1937 3704 om-

342 3760 435 3801 nes
455 3747 545 3802 isti
563 3761 684 3802 eum
711 3747 966 3802 timebant
987 3755 1041 3801 et
1065 3745 1374 3811 horrebant,
1401 3758 1571 3812 neque
1591 3751 1792 3796 tantum
1812 3751 1936 3795 ante

344 3837 445 3894 hoc
467 3848 705 3909 tempus,
735 3839 829 3894 sed
861 3848 970 3894 tum
997 3839 1158 3894 etiam
1189 3853 1308 3894 cum
1341 3838 1394 3893 in
1422 3836 1716 3892 amicorum
1748 3850 1939 3888 nume-

345 3945 459 3986 rum
485 3932 689 3988 relatus
708 3940 846 3999 erat,
873 3930 1086 4001 quando
1105 3945 1264 3985 manu
1290 3928 1611 4000 prehensum
1639 3927 1786 3981 illum
1807 3926 1940 3980 Bar-

345 4022 509 4079 nabas
551 4023 940 4094 Jerosolymam
972 4022 1298 4088 introduxit,
1330 4021 1504 4076 adhuc
1533 4019 1604 4074 illi
1635 4018 1855 4089 prepius
1879 4033 1938 4072 se

346 4113 638 4185 adjungere
665 4115 962 4179 timebant;
991 4131 1053 4170 ac
1081 4114 1320 4169 sedatum
1343 4112 1555 4184 quidem
1579 4119 1691 4165 erat
1718 4109 1934 4175 bellum,

348 4213 522 4261 metus
554 4215 730 4264 tamen
760 4205 934 4261 adhuc
963 4205 1014 4259 in
1045 4205 1302 4275 apostolis
1329 4200 1694 4272 permanebat.
1725 4202 1806 4254 An
1836 4200 1936 4269 igi-

349 4305 431 4351 tur
457 4297 538 4353 illi
563 4299 650 4367 qui
682 4297 1082 4354 rccouciliatum
1113 4295 1289 4350 adhuc
1316 4293 1592 4359 timebant,
1619 4307 1739 4347 cum
1763 4291 1940 4345 inimi-

349 4403 440 4444 cus
467 4397 526 4445 et
553 4389 721 4445 hostis
749 4397 912 4456 esset,
943 4390 1186 4445 oratione
1221 4387 1442 4444 flectere
1470 4387 1584 4442 ausi
1611 4383 1830 4442 essent?
1869 4400 1937 4439 an

349 4495 475 4537 vero
501 4482 570 4536 ad
598 4483 746 4538 illum
775 4481 1032 4538 accedere
1059 4480 1298 4547 omnino,
1324 4479 1410 4536 vel
1439 4493 1622 4534 coram
1648 4477 1741 4533 illo
1766 4475 1940 4532 subsi-

352 4580 513 4642 stere,
531 4576 616 4630 vel
641 4590 704 4630 os
726 4576 957 4646 aperire,
974 4587 1064 4631 aut
1088 4575 1307 4631 omnino
1321 4588 1580 4644 apparere
1610 4572 1939 4643 potuissent?

353 4665 463 4723 Non
510 4669 580 4723 ita
620 4684 682 4724 se
709 4683 797 4724 res
828 4669 1008 4734 habet,
1038 4683 1142 4724 non
1171 4668 1242 4723 ita
1268 4676 1373 4732 est;
1412 4681 1512 4723 nec
1547 4664 1790 4720 humanae
1812 4664 1936 4720 dili-

353 4761 544 4828 gentia:
578 4760 784 4816 facinus
823 4760 954 4816 illud
984 4760 1109 4822 fuit.
1135 4759 1230 4816 sed
1255 4759 1440 4830 gratia:
1467 4757 1680 4812 divinae.
1727 4755 1783 4811 Si
1811 4771 1940 4827 ergo

355 4860 594 4908 mortuus
621 4861 738 4907 erat
757 4851 1019 4918 Christus,
1051 4861 1109 4908 ut
1127 4850 1318 4917 dicitis,
1346 4860 1398 4906 et
1423 4865 1542 4906 cum
1561 4848 1831 4904 venissent
1855 4848 1940 4902 di-

355 4945 540 5015 scipuli
569 4945 706 5015 ejus,
751 4944 907 5001 furati
949 4954 1076 5001 sunt
1117 4961 1262 5012 eum,
1291 4943 1562 5015 quomodo
1592 4942 1792 5012 majora
1823 4949 1942 5011 post

356 5052 563 5094 crucem
593 5038 728 5094 facta
758 5047 882 5094 sunt
906 5038 1202 5095 miracula?
1226 5038 1498 5110 quomodo
1523 5036 1750 5107 amplior
1769 5037 1941 5091 virtu-

359 5131 422 5188 tis
445 5143 665 5206 sequuta
693 5144 777 5191 est
800 5136 1222 5192 demonstratio?
1270 5136 1385 5192 Non
1422 5136 1565 5192 enim
1603 5143 1808 5200 tantum
1840 5133 1942 5189 ho-

357 5233 486 5280 stem
510 5226 610 5282 sibi
635 5229 1005 5284 reconciliavit
1029 5236 1085 5285 et
1109 5230 1401 5300 principem
1428 5228 1722 5299 ducemque
1752 5243 1942 5299 pugna:

361 5327 580 5388 vestrae;
610 5322 841 5390 tametsi,
867 5323 988 5378 licet
1015 5321 1118 5378 hoc
1143 5323 1313 5378 solum
1336 5323 1568 5388 fecisset,
1595 5323 1825 5377 maxime
1846 5321 1944 5376 fuit

361 5406 457 5466 hoc
483 5413 768 5482 potentiae,
815 5414 1089 5470 inimicum
1131 5423 1188 5471 et
1228 5413 1435 5470 hostem
1462 5414 1746 5470 abduxisse
1769 5414 1942 5484 capti-

361 5516 516 5569 vum;
541 5503 654 5573 jam
679 5519 807 5559 vero
834 5521 939 5560 non
975 5506 1076 5562 hoc
1101 5506 1275 5562 solum
1303 5507 1569 5577 prazstitit,
1599 5505 1695 5561 sed
1721 5513 1775 5560 et
1799 5505 1941 5560 aliud

364 5594 525 5651 multo
547 5611 740 5667 majus.
769 5596 885 5653 Non
912 5600 1056 5654 enim
1083 5607 1287 5656 taMnm
1311 5601 1413 5656 sibi
1441 5601 1822 5669 reconciliavit,
1847 5605 1942 5659 sed

361 5684 426 5740 ita
453 5688 552 5743 sibi
583 5687 894 5746 familiarem
917 5691 1166 5760 reddidit,
1189 5694 1268 5748 sic
1291 5708 1414 5748 eum
1434 5692 1501 5748 ad
1521 5709 1757 5749 amorem
1786 5710 1940 5750 suum

363 5780 592 5848 pellexit,
615 5791 671 5838 ιιι
699 5784 816 5854 ejus
843 5784 962 5840 fidei
994 5785 1250 5842 Ecclesia:
1272 5786 1482 5858 negotia
1505 5796 1696 5844 cuncta
1720 5789 1942 5844 commi-

363 5873 529 5927 serit:
572 5873 674 5930 Vas
716 5878 880 5945 enim,
929 5879 1116 5948 inquit,
1161 5881 1415 5938 electionis
1461 5892 1535 5936 est
1583 5883 1706 5938 milii
1743 5883 1853 5938 iste.
1887 5893 1940 5936 ut

2024 708 2183 764 clesia
2214 711 2498 776 laboraret,
2525 727 2686 781 quam
2711 721 2866 766 antea
2896 711 3257 782 oppugnabat.

2095 800 2148 857 6.
2182 801 2272 857 Vis
2303 811 2354 856 tu
2387 802 2685 873 intelligere
2712 818 2819 874 quo
2846 813 3000 872 pacto
3042 803 3190 858 illum
3229 802 3332 857 sibi
3370 801 3615 858 reconci-

2025 894 2198 948 liarit?
2241 911 2347 964 quo
2393 905 2548 965 pacto
2591 895 2907 950 familiarem
2947 895 3274 950 reddiderit?
3320 910 3426 965 quo
3462 905 3619 964 pacto

2023 988 2123 1043 sibi
2154 988 2478 1044 adsciverit?
2507 1004 2611 1060 quo
2641 999 2794 1058 pacto
2828 988 2881 1042 in
2914 1003 3196 1042 numerum
3227 987 3615 1058 prmcipuorum

2023 1082 2318 1136 amicorum
2343 1082 2623 1138 retulerit?
2657 1081 2796 1137 Nulli
2828 1082 3103 1137 hominum
3133 1092 3238 1136 tam
3271 1082 3434 1136 multa
3463 1080 3616 1136 dete-

2023 1187 2148 1243 gere
2175 1189 2388 1238 arcana,
2416 1189 2574 1245 quam
2606 1175 2768 1229 multa
2810 1174 2974 1230 Paulo
2998 1185 3078 1230 est
3097 1189 3279 1230 ausus.
3307 1173 3461 1230 Unde
3487 1189 3617 1230 vero

2024 1262 2078 1318 id
2107 1265 2358 1319 constat?
2387 1265 2572 1319 Audivi
2600 1281 2790 1319 arcana
2818 1265 2984 1331 verba,
3015 1264 3206 1334 inquit,
3238 1280 3352 1334 qua:
3375 1280 3474 1318 non
3503 1265 3617 1318 licet

2024 1353 2217 1408 homini
2242 1355 2379 1425 loqui
2408 1355 2483 1428 (9..
2517 1354 2635 1412 Cor.
2663 1356 2750 1412 12.
2781 1357 2862 1427 4).
2905 1356 3066 1412 Vides
3091 1366 3340 1428 quantam
3369 1357 3616 1412 inimicus

2024 1454 2078 1502 et
2099 1445 2267 1502 hosus
2287 1447 2714 1503 benevolentiam
2735 1449 3073 1504 exhibuerit?
3099 1449 3268 1514 Quam
3296 1447 3365 1502 ob
3393 1462 3612 1502 causam

2025 1552 2203 1608 operze
2242 1538 2468 1607 pretium
2505 1537 2664 1593 fuerit
2711 1541 2943 1609 priorem
2981 1539 3098 1609 ejus
3125 1539 3288 1592 vitam
3327 1537 3563 1608 proferre
3600 1555 3614 1591 :

2025 1627 2288 1699 siquidem
2316 1629 2387 1684 ita
2415 1628 2526 1695 ﬁet,
2557 1639 2614 1684 ut
2656 1631 2810 1685 nobis
2857 1630 2945 1685 Dei
2978 1629 3276 1700 benignitas
3302 1637 3356 1684 et
3382 1629 3617 1699 potentia

2026 1721 2363 1777 innotescat:
2395 1722 2696 1793 benignitas
2725 1723 2983 1794 quidem,
3022 1722 3164 1794 quod
3201 1737 3344 1788 eum,
3379 1721 3467 1792 qui
3513 1732 3616 1775 tam

2027 1816 2192 1870 multa
2224 1815 2361 1870 mala
2395 1825 2829 1886 perpetravcrat,
2875 1830 3092 1871 scrvare
3135 1815 3382 1881 voluerit,
3423 1821 3478 1869 et
3519 1813 3618 1868 sibi

2026 1909 2313 1964 conciliare
2342 1925 2355 1962 :
2389 1909 2680 1979 potentiam
2709 1923 2858 1974 vero,
2887 1907 3032 1978 quod
3075 1907 3149 1975 id,
3191 1906 3334 1978 quod
3372 1905 3618 1971 volebat,

2027 2005 2249 2075 exsequi
2273 2007 2521 2076 potuerit.
2552 2006 2618 2060 Et
2640 2020 2766 2061 vero
2790 2006 3023 2060 animum
3048 2005 3195 2060 Pauli
3221 2007 3322 2060 hoc
3342 2004 3617 2077 patefecit,

2028 2097 2168 2170 quod
2217 2097 2348 2154 nihil
2386 2099 2745 2154 contentionis
2774 2098 2951 2154 studio
2989 2097 3206 2164 faceret,
3237 2113 3409 2169 neque
3435 2097 3620 2168 glorize

2029 2189 2276 2244 humanae
2329 2190 2620 2260 cupiditate
2678 2198 3120 2262 prmoccupatus,
3170 2188 3621 2260 quemadmodum

2028 2284 2199 2340 Judrei
2228 2303 2240 2338 :
2270 2285 2365 2341 sed
2417 2285 2535 2341 zelo
2578 2299 2870 2341 succensus
2910 2299 3016 2339 non
3058 2291 3206 2339 recto
3245 2283 3336 2338 illo
3382 2283 3620 2353 quidem,

2030 2381 2126 2436 sed
2154 2381 2269 2435 zelo
2300 2390 2501 2448 tamen,
2531 2379 2672 2451 quod
2710 2387 2764 2434 ct
2802 2379 2916 2449 ipse
2955 2379 3192 2433 clamans
3217 2377 3424 2430 diccbat
3453 2393 3465 2429 :
3498 2374 3624 2429 Ideo

2031 2474 2428 2527 misericordiam
2470 2481 2809 2543 consequutus
2851 2488 2962 2524 sum
2986 2511 3000 2536 ,
3033 2470 3151 2540 quia
3186 2469 3427 2540 ignorans
3454 2467 3547 2538 [eri
3572 2467 3626 2520 in

2029 2565 2379 2621 incredulitate
2419 2565 2496 2635 (1.
2547 2563 2676 2618 Tim.
2721 2565 2771 2618 1.
2817 2561 2925 2630 15)
2956 2580 2969 2618 :
3000 2571 3055 2617 et
3101 2559 3481 2631 benignitatem
3531 2559 3622 2612 Dei

2032 2657 2418 2726 obstupescens
2443 2654 2675 2720 dicebat,
2710 2653 2778 2709 Ut
2802 2654 2853 2707 in
2879 2669 2960 2708 me
2986 2654 3150 2722 primo
3173 2651 3451 2705 ostenderet
3474 2647 3626 2704 Chri-

2031 2758 2139 2803 stus
2191 2764 2388 2802 omnem
2430 2747 2725 2816 patientiam
2766 2745 2834 2798 ad
2876 2742 3286 2814 informationem
3325 2757 3498 2795 eorum
3540 2740 3627 2810 qui

2034 2840 2277 2895 credituri
2297 2848 2414 2893 sunt
2436 2839 2514 2892 illi
2537 2839 2589 2892 in
2609 2842 2764 2892 vitam
2791 2845 3037 2889 wternam
3058 2831 3164 2904 (Ib.
3190 2849 3237 2886 υ.
3269 2831 3377 2902 16).
3406 2830 3476 2885 Ει
3497 2831 3621 2884 alibi

2034 2948 2220 2986 rursus
2240 2931 2468 2996 diccbat,
2496 2929 2849 2999 Operationem
2875 2925 3069 2980 virtutis
3089 2941 3195 2979 sua:
3221 2925 3439 2978 maxime
3459 2932 3626 2977 osten-

2035 3025 2109 3078 dit
2138 3024 2190 3076 in
2216 3038 2307 3076 nos
2335 3021 2422 3092 qui
2448 3021 2699 3074 credimus
2725 3017 2941 3091 (Ep/tes.
2967 3016 3154 3088 1.19).
3174 3015 3336 3071 Vides
3361 3022 3419 3070 ut
3446 3023 3500 3070 et
3525 3013 3622 3068 be-

2035 3115 2344 3187 nignitatem
2376 3113 2469 3168 Dei
2497 3123 2549 3167 et
2575 3113 2822 3167 virtutem
2853 3110 2999 3180 prior
3037 3108 3143 3164 vita
3187 3107 3338 3162 Pauli
3371 3106 3626 3161 ostende-

2036 3207 2128 3274 rit,
2163 3217 2218 3262 et
2255 3220 2415 3276 quam
2461 3205 2768 3272 incorrupta
2804 3201 3121 3270 sinceraque
3158 3207 3338 3254 mente
3374 3196 3628 3268 praeditus

2037 3299 2152 3369 ipse
2179 3296 2368 3352 luerit?
2397 3295 2540 3350 Sane
2563 3294 2774 3365 quidem
2796 3292 2864 3346 ad
2889 3291 3102 3347 Galatas
3118 3289 3358 3345 scribens
3383 3288 3483 3343 hoc
3505 3304 3629 3357 pro-

2039 3389 2174 3454 tulit,
2202 3396 2262 3443 ut
2290 3403 2348 3442 se
2379 3387 2652 3440 hominum
2685 3397 2845 3440 causa
2880 3383 3098 3437 minime
3136 3380 3297 3435 fuisse
3326 3388 3586 3434 mutatum
3612 3421 3627 3444 ,

2037 3481 2130 3536 sed
2157 3480 2333 3535 divina
2352 3479 2543 3533 virtute
2567 3476 2728 3530 fuisse
2749 3489 3066 3530 conversum
3095 3472 3366 3552 probaret.
3401 3471 3461 3525 Si
3491 3471 3626 3523 enim

2038 3574 2355 3639 Ιιοηιὶηἱὺυε,
2389 3571 2558 3642 inquit
2582 3611 2599 3636 ,
2633 3568 2904 3639 placerem,
2934 3565 3120 3622 Christi
3148 3579 3316 3620 servus
3345 3580 3444 3616 non
3471 3579 3628 3616 essem

2040 3665 2182 3736 (Gal.
2213 3665 2266 3718 1.
2296 3663 2410 3733 10).
2445 3662 2592 3719 Unde
2616 3677 2742 3716 vero
2773 3660 2824 3714 id
2852 3667 3061 3714 constat
3088 3667 3139 3712 te
3163 3670 3270 3710 non
3311 3663 3369 3709 ut
3398 3653 3629 3708 homini-

2040 3762 2138 3816 bus
2167 3759 2428 3830 placeres,
2472 3756 2540 3811 ad
2590 3753 3019 3825 praedicationem
3065 3752 3230 3806 fuisse
3275 3747 3629 3804 conversum?

2039 3849 2288 3916 Audistis,
2329 3847 2536 3918 inquit,
2583 3843 3013 3900 conversationem
3056 3858 3220 3896 meam
3255 3839 3528 3910 aliquando
3573 3839 3628 3892 in

2037 3943 2328 4007 Judaismo,
2370 3940 2610 4012 quoniam
2649 3953 2808 4008 supra
2844 3935 3052 3989 modum
3093 3934 3420 4005 persequebar
3447 3933 3631 3987 Eccle-

2038 4036 2167 4089 siam
2194 4032 2309 4099 Dei,
2339 4042 2383 4086 et
2407 4029 2760 4111 expugnabam
2787 4043 2902 4082 eam
2932 4024 3035 4098 (Ib.
3064 4044 3110 4080 υ.
3139 4027 3248 4096 15).
3281 4024 3433 4092 Quod
3460 4025 3506 4079 si
3531 4023 3624 4079 lto-

2040 4127 2270 4182 minibns
2298 4125 2508 4194 placere
2527 4123 2816 4187 voluisset,
2848 4135 3181 4190 nequaquam
3212 4119 3276 4173 ad
3306 4118 3464 4172 ﬁdem
3496 4133 3626 4173 con-

2039 4227 2226 4268 versus
2252 4209 2458 4265 fuisset.
2488 4207 2623 4276 Quid
2651 4207 2760 4262 ita?
2787 4205 3070 4262 Colebatur
3089 4220 3118 4258 a
3140 4203 3361 4274 Judzeis,
3385 4212 3440 4258 et
3463 4203 3628 4256 multa

2039 4306 2328 4362 securitate
2367 4303 2676 4368 fruebatur,
2716 4316 2781 4356 ac
2820 4315 2928 4371 prie
2957 4299 3166 4355 caeteris
3196 4298 3401 4352 honore
3435 4295 3633 4350 allicie-

2040 4399 2198 4453 batur
2223 4413 2238 4450 :
2269 4411 2376 4450 non
2404 4395 2562 4466 igitur
2586 4392 2653 4448 ad
2681 4393 3042 4473 apostolgrum
3070 4384 3230 4445 vitam
3259 4397 3338 4443 tot
3361 4388 3628 4458 objecta")

2042 4487 2294 4560 periculis
2327 4503 2388 4543 se
2427 4485 2819 4552 transtulisset,
2852 4498 2972 4554 quze
2996 4483 3160 4537 multa
3188 4481 3462 4535 laborabat
3488 4481 3627 4534 iu"a-

2041 4588 2148 4641 mia
2171 4629 2187 4654 ,
2216 4599 2334 4654 quas
2365 4592 2444 4638 tot
2465 4579 2853 4638 calamitatibus
2879 4576 3208 4632 redundabat
3238 4591 3252 4628 :
3286 4576 3462 4645 itaque
3491 4573 3632 4643 quod

2041 4679 2190 4734 illum
2222 4677 2506 4738 honorem,
2538 4685 2644 4742 quo
2686 4668 2826 4740 apud
2863 4666 3078 4724 Judzeos
3113 4665 3406 4732 fruebatur,
3439 4679 3634 4735 repen-

2044 4771 2149 4825 tina
2185 4768 2480 4824 mutatione
2507 4781 2570 4820 ac
2603 4762 2972 4830 conversione,
3001 4768 3054 4815 et
3085 4760 3246 4815 vitam
3273 4759 3508 4830 quietam
3535 4758 3634 4813 de-

2042 4863 2291 4927 seruerit,
2319 4869 2374 4916 et
2399 4875 2520 4914 cum
2547 4856 2911 4927 apostolorum
2938 4854 3045 4910 vita
3070 4853 3480 4909 commutaverit
3497 4894 3512 4917 ,
3546 4853 3634 4907 in-

2043 4955 2280 5011 numeris
2317 4951 2526 5022 objecta
2569 4949 2756 5004 mortis
2799 4946 3123 5018 generibus,
3169 4946 3458 5000 maximum
3503 4945 3633 5002 illud

2043 5055 2412 5120 argumentum
2452 5044 2551 5100 fuit
2593 5059 2700 5098 non
2733 5041 2806 5097 ob
2846 5041 3134 5096 humanam
3159 5037 3442 5109 quamdam
3471 5053 3633 5093 occa-

2045 5143 2248 5196 sionem
2277 5137 2495 5193 Paulum
2522 5149 2644 5191 esse
2667 5148 3006 5190 conversum.
3035 5131 3320 5200 Propterea
3343 5143 3443 5185 nos
3468 5129 3633 5185 etiam

2046 5235 2277 5305 priorem
2321 5231 2437 5302 ejus
2478 5230 2637 5284 vitam
2685 5228 2738 5282 in
2785 5226 3019 5282 medium
3049 5223 3242 5280 aﬂ'erre
3265 5223 3547 5286 voluimus,
3578 5233 3633 5276 et

2044 5325 2321 5381 ardentem
2345 5323 2518 5378 zelum
2540 5321 2656 5391 ejus
2676 5320 2980 5384 ostendere,
3011 5333 3116 5389 quo
3142 5316 3435 5372 Ecclesiam
3465 5327 3635 5382 oppuo

2043 5419 2239 5489 guabat
2259 5457 2274 5481 ,
2307 5424 2364 5470 ut
2390 5429 2512 5470 cum
2540 5414 2657 5484 ejus
2688 5428 2784 5483 pro
2822 5410 3075 5467 Ecclesia:
3113 5407 3422 5463 defensione
3452 5421 3632 5474 prom-

2048 5508 2363 5580 ptitudincm
2411 5507 2574 5562 animi
2612 5505 2848 5572 videris,
2893 5504 3058 5559 Deum
3103 5500 3327 5566 laudes,
3372 5501 3462 5569 qui
3510 5498 3636 5554 facit

2048 5602 2226 5657 omnia
2255 5609 2310 5656 et
2349 5597 2711 5656 transformat.
2747 5597 3031 5666 Propterea
3060 5592 3208 5649 Pauli
3237 5607 3449 5664 quoque
3473 5591 3636 5647 disci-

2046 5697 2203 5767 pulus
2240 5695 2521 5766 diligenter
2562 5692 2714 5747 nobis
2759 5705 2824 5745 ac
2867 5687 3146 5758 perspicue
3173 5687 3348 5758 priora
3375 5685 3634 5754 narravit,

2048 5792 2122 5847 ita
2147 5791 2329 5846 dicens
2355 5807 2367 5842 :
2398 5785 2588 5842 Saulus
2624 5792 2786 5838 autent
2821 5783 2987 5836 adhuc
3023 5783 3222 5852 spirans
3251 5781 3413 5834 minas
3451 5789 3497 5834 et
3525 5793 3637 5834 ca:-

2049 5883 2161 5936 dem
2187 5884 2237 5936 in
2266 5878 2538 5950 discipulos
2569 5875 2777 5933 Domini
2807 5874 2942 5950 (Act.
2970 5873 3024 5930 9.
3055 5874 3131 5948 1).
3161 5875 3236 5930 Ac
3263 5871 3452 5929 vellem
3480 5885 3624 5942 cqui-
