4086 6478
523 375 624 430 μὶῦ

522 489 647 542 dem
677 500 777 558 ego
807 500 1016 555 quoque
1057 484 1314 539 hodierno
1352 484 1438 538 die
1482 482 1797 553 prooemium
1836 480 2110 549 inchoare,

519 579 713 632 vellem
753 576 815 630 ad
858 575 1062 630 initium
1102 575 1419 629 narrationis
1445 573 1692 644 aggredi;
1723 573 1816 628 sed
1841 573 1995 627 video
2021 587 2114 643 pe-

526 668 673 737 lagus
700 667 963 736 quoddam
991 665 1372 720 sententiarqu
1397 680 1462 718 ex
1488 665 1602 719 solo
1627 664 1844 719 nomine
1873 678 1932 719 se
1959 662 2112 718 nobis

523 760 832 812 obtrudere.
877 757 1056 827 Cogita
1097 771 1328 826 namque
1368 766 1620 826 quautam
1649 771 1679 812 e
1708 756 1930 826 vestigio
1957 754 2113 810 nobis

527 848 677 914 illud,
704 847 915 912 Saulus,
951 847 1301 918 qumstiouem
1330 856 1540 901 moveat
1570 865 1582 902 :
1609 847 1871 908 siquidem
1893 846 2035 900 aliud
2059 847 2111 900 in

521 941 759 1011 epistolis
783 945 1015 1012 positum
1048 956 1243 996 nomen
1267 941 1517 996 occurrit.
1569 938 1767 994 Paulus
1793 956 1963 994 servus
1987 937 2020 991 .Ι
2026 955 2113 992 esu

519 1032 727 1097 Christi,
758 1043 962 1087 vocatus
997 1033 1255 1104 apostolus
1295 1032 1469 1104 (Rom.
1501 1035 1548 1088 l.
1576 1031 1631 1101 1)
1657 1049 1670 1085 :
1703 1029 1902 1084 Paulus
1930 1039 1976 1083 et
2009 1028 2112 1084 So-

522 1125 720 1178 sthenes
742 1139 761 1178 :
789 1122 985 1178 Paulus
1009 1134 1210 1179 vocatus
1236 1123 1498 1194 apostolus
1530 1124 1606 1192 (ι.
1637 1121 1752 1177 Cor.
1786 1123 1835 1177 l.
1869 1120 1920 1194 1)
1945 1139 1959 1176 :
1981 1121 2114 1175 Ecce

522 1233 613 1288 ego
663 1214 860 1270 Paulus
903 1217 1016 1271 dico
1061 1217 1197 1271 vobis
1247 1215 1444 1289 (Galat.
1475 1215 1528 1270 5.
1564 1214 1640 1286 2)
1677 1214 1830 1283 :jam
1879 1227 2006 1268 vero
2059 1220 2117 1266 ut

521 1311 738 1376 Paulus,
769 1320 822 1364 et
853 1309 1046 1380 ubique
1074 1309 1266 1364 Paulus
1292 1309 1608 1380 appellatur,
1642 1322 1746 1362 nou
1773 1314 1951 1361 autem
1982 1305 2117 1360 Sau-

519 1401 600 1455 lus
627 1401 841 1455 dicitur.
868 1400 977 1455 Cur
1004 1401 1162 1472 igitur
1185 1410 1340 1455 antea
1371 1401 1581 1465 Saulus,
1613 1409 1791 1470 postea
1820 1415 1947 1454 vero
1980 1398 2115 1452 Pan-

521 1492 604 1546 lus
634 1503 852 1547 vccatus
880 1493 995 1546 est?
1021 1491 1205 1562 Neque
1227 1508 1353 1546 vero
1374 1491 1605 1559 simplex
1635 1499 1715 1546 est
1741 1490 1827 1543 illa
1855 1489 2110 1558 quaestio:

518 1584 698 1637 statim
731 1584 873 1638 enim
918 1584 1104 1638 Petrus
1133 1584 1369 1652 accurrit
1396 1601 1408 1636 :
1441 1598 1563 1636 nam
1603 1591 1658 1637 et
1699 1583 1812 1652 ipse
1841 1590 1997 1634 antea
2027 1580 2111 1635 Si-

521 1691 645 1727 mon
675 1673 972 1741 dicebatur,
998 1683 1179 1744 postea
1198 1691 1326 1729 vero
1349 1673 1546 1744 Ceplue
1575 1687 1770 1728 nomen
1800 1671 2004 1742 accepit
2029 1689 2041 1724 :
2063 1680 2115 1725 ct

531 1765 775 1820 Zebedmi
804 1765 894 1820 ﬁlii
921 1765 1150 1820 Jacobus
1177 1773 1232 1820 et
1259 1765 1493 1820 Joannes
1523 1773 1724 1818 mutato
1753 1763 1968 1817 nomine
1994 1760 2113 1816 Filii

523 1859 740 1912 tnnitt'ui
763 1867 888 1912 sunt
911 1859 1158 1928 appellati
1189 1857 1377 1930 (Marc.
1413 1859 1466 1913 5.
1496 1858 1581 1912 16.
1613 1858 1728 1928 l7).
1755 1855 1865 1911 Nec
1892 1857 1942 1911 in
1969 1855 2116 1911 Novo

517 1951 688 2004 solum
728 1952 1095 2018 Testamento,
1147 1951 1238 2006 sed
1288 1952 1446 2006 etiam
1498 1950 1549 2004 in
1593 1950 1776 2005 Veteri
1820 1950 2117 2020 reperimus

519 2043 788 2097 Abraham
821 2055 975 2099 antea
1004 2044 1202 2099 dictum
1234 2045 1432 2098 Abram
1459 2085 1471 2105 .
1506 2052 1688 2114 postea
1717 2041 2022 2107 Abraham;
2064 2050 2118 2097 et

517 2135 683 2190 Jaeoh
726 2136 955 2205 primum
982 2135 1149 2191 Jaeob
1175 2152 1294 2192 esse
1343 2137 1543 2191 dictum
1571 2179 1581 2198 .
1613 2135 1806 2190 deinde
1833 2133 2024 2200 Israel;
2064 2143 2119 2189 et

518 2225 731 2280 Sarratn
784 2229 1013 2298 primum
1066 2226 1252 2282 Saram
1306 2242 1469 2292 esse,
1524 2225 1718 2280 deinde
1771 2224 1986 2281 Sarram
2023 2232 2120 2279 :et

1269 370 1328 425 S.
1368 368 1646 424 JOANNIS
1682 365 2154 423 CHRYSOSTOMI
2195 365 2515 422 ARCHIEP.
2557 363 3089 424 CONSTANTINOP.
3708 371 3799 428 lii

2220 479 2416 534 multas
2446 479 2598 534 nobis
2627 479 2740 535 luce
2767 482 2989 536 mutatio
3011 483 3285 536 nominum
3309 483 3453 552 parit
3472 483 3800 553 quaestiones,

2220 587 2282 625 ac
2313 587 2519 639 vereor,
2551 589 2616 627 ne
2642 573 2820 628 multis
2849 575 3125 629 fluminum
3147 574 3354 641 effusis,
3377 576 3590 631 fluentis
3617 575 3806 636 doctri-

2221 677 2304 716 na:
2333 677 2636 719 sermonem
2667 664 2810 720 velut
2837 665 3059 721 obruam
3087 675 3141 721 et
3163 666 3444 722 sullucem.
3471 667 3604 722 Nam
3631 686 3804 739 quem-

2221 753 2507 810 admodum
2537 756 2587 810 in
2614 772 2743 827 agro
2769 757 2990 813 humido
3030 767 3084 813 et
3121 760 3322 828 trriguo
3355 759 3677 831 ubicumque
3699 763 3808 831 quis

2221 845 2372 912 fodit,
2399 847 2632 918 undique
2656 848 2828 904 fontes
2853 847 3155 906 scaturiunt'
3174 868 3186 903 :
3211 851 3289 904 sic
3309 860 3364 906 et
3393 851 3446 904 in
3475 865 3606 918 agro
3629 852 3808 909 divinae

2222 937 2509 1007 Scriptum
2533 980 2547 1005 ,
2585 941 2908 1011 ubicumque
2941 941 3298 1008 reseraveris,
3332 941 3597 1011 plurimos
3635 939 3809 999 ﬂuvios

2222 1028 2427 1086 videbis
2456 1046 2738 1101 erumpere
2769 1049 2782 1085 :
2817 1047 2974 1102 quam
3015 1031 3084 1085 ob
3122 1047 3338 1086 eausatn
3380 1047 3448 1085 ne
3483 1047 3671 1086 omnes
3704 1032 3810 1086 illos

2223 1121 2377 1175 simul
2413 1123 2670 1176 hodierno
2695 1123 2782 1177 die
2809 1122 3074 1177 effundam
3100 1165 3113 1188 ,
3143 1138 3249 1177 non
3284 1122 3634 1178 mediocriter
3658 1123 3807 1193 perti-

2223 1228 2423 1268 mesco.
2473 1214 2807 1284 Quapropter
2844 1215 3015 1268 rivum
3057 1214 3198 1269 hunc
3244 1226 3490 1270 nostrum
3535 1214 3806 1280 claudens,

2222 1306 2496 1360 caritatem
2530 1317 2762 1361 vestram
2791 1306 2856 1361 ad
2895 1323 3108 1362 sacrum
3142 1307 3342 1363 fontem
3377 1309 3663 1378 praesulum
3691 1309 3808 1363 isto-

2223 1413 2363 1461 rum,
2409 1401 2892 1470 magistrorumque
2935 1401 3287 1456 transmittam
3331 1401 3612 1470 limpidum
3651 1401 3806 1466 illum,

2225 1490 2508 1559 potabilem
2543 1507 2606 1546 ac
2643 1491 2882 1556 dulcem,
2913 1494 3054 1563 quod
3087 1509 3151 1548 ex
3188 1493 3456 1562 spirituali
3487 1503 3634 1563 petra
3658 1493 3810 1549 fluen-

2225 1591 2333 1636 tum
2358 1593 2555 1638 manat.
2588 1584 2818 1639 Mentem
2843 1585 3000 1656 igitur
3019 1584 3084 1638 ad
3107 1585 3479 1656 excipiendam
3503 1584 3806 1652 doctrinam,

2224 1673 2290 1726 ad
2319 1674 2622 1744 spirituales
2661 1676 2844 1731 latices
2875 1661 3197 1732 hauriendos
3227 1691 3511 1746 paremus,
3555 1686 3611 1732 ut
3645 1676 3731 1730 fiat
3760 1678 3805 1732 iu

2224 1765 2377 1820 nobis
2415 1766 2533 1822 fons
2568 1781 2718 1838 aqure
2761 1767 3000 1823 salientis
3043 1768 3094 1821 in
3133 1769 3293 1822 vitam
3335 1778 3597 1823 aeternam
3627 1785 3639 1819 :
3666 1784 3805 1838 quam

2226 1873 2324 1912 uos
2348 1873 2533 1914 omnes
2562 1859 2805 1915 obtinere
2845 1861 3148 1930 contingat,
3185 1860 3355 1930 gratia
3399 1872 3457 1914 et
3501 1859 3809 1931 benignitate

2229 1950 2437 2005 Domini
2472 1952 2639 2006 nostri
2666 1952 2793 2008 .lesu
2817 1952 3033 2016 Christi,
3059 1969 3156 2023 per
3180 1968 3340 2022 quem
3368 1962 3423 2006 et
3447 1967 3570 2007 cum
3597 1967 3696 2023 quo
3724 1953 3810 2005 Pa-

2227 2042 2294 2097 tri
2318 2043 2507 2112 gloria,
2539 2043 2729 2111 honor,
2765 2045 3066 2116 imperium,
3100 2060 3204 2099 una
3233 2060 3355 2099 cmn
3388 2054 3575 2099 saneto
3600 2060 3661 2100 ac
3687 2044 3807 2098 Vlli-

2228 2133 2328 2188 lico
2355 2133 2572 2204 Spiritu,
2599 2151 2738 2190 nunc
2768 2146 2821 2192 et
2849 2151 3081 2206 semper,
3102 2145 3155 2191 et
3185 2137 3236 2190 iu
3267 2136 3465 2190 saecula
3488 2137 3805 2191 szeculurutn.

2225 2227 2416 2280 Amen.

522 2483 603 2525 AD
648 2482 760 2525 EOS
805 2481 913 2534 QUI
961 2479 1556 2523 REPREHENDEBANT
1600 2477 1736 2520 EUM
1767 2475 1846 2518 OB
1878 2474 2354 2516 PROLIXITATEM
2392 2474 2636 2530 EORUM,
2683 2476 2826 2530 ρυλε
2870 2479 3060 2522 DICTA
3105 2481 3431 2532 FUEBANT,
3481 2481 3561 2522 ET
3597 2480 3673 2522 AD
3715 2477 3806 2521 Εω

597 2585 704 2637 θυι
750 2585 1159 2626 BREVITATEM
1204 2581 1532 2626 ORATIOle
1576 2580 1758 2623 EGRE
1802 2577 2161 2631 FEBEBANT,
2207 2575 2420 2627 DEQUE
2465 2577 2664 2640 SAULI_
2692 2579 2772 2621 ET
2815 2580 3001 2622 PAULI
3035 2581 3538 2634 APPEILATIONE,
3590 2581 3666 2622 ET
3699 2580 3806 2622 CUB

596 2684 831 2727 PRIMUS
876 2683 1048 2726 nano
1091 2683 1370 2726 VOCATUS
1416 2682 1513 2724 SIT
1549 2681 1749 2734 ADAM,
1797 2679 1877 2721 ET
1907 2676 2078 2728 QUOD
2124 2676 2422 2719 UTILITER
2455 2677 2528 2720 AC
2573 2680 2986 2738 FRUCTCOSE;
3034 2683 3242 2735 ATQUE
3289 2683 3357 2725 Ν
3407 2682 3516 2726 EOS
3559 2682 3662 2734 QUI
3694 2682 3808 2723 RE—

599 2786 752 2830 CENS
793 2785 1093 2828 FUERANT
1138 2783 1532 2827 ILLUMINATI.

1825 2862 2518 2905 ———a000€-———

591 3021 642 3074 Ι.
673 3017 808 3086 Quid
834 3031 1016 3086 quzeso
1049 3014 1206 3069 nobis
1253 2999 1641 3082 agendttmi'est
1685 3011 1944 3066 hodierno
1988 3008 2112 3064 die?

521 3107 795 3178 Siquidem
821 3105 949 3160 dum
973 3104 1368 3159 multitudinem
1394 3111 1626 3157 vestram
1665 3117 1831 3158 cerno
1849 3141 1866 3168 ,
1909 3115 1978 3155 ne
2003 3099 2121 3154 lon-

519 3199 638 3268 gius
667 3210 972 3251 sermonem
1018 3193 1361 3263 protraham,
1408 3193 1750 3263 pertimesco.
1794 3191 1929 3248 Cum
1972 3191 2117 3246 enim

520 3289 830 3362 provehitur
855 3288 1066 3357 longius
1096 3286 1352 3341 doctrina:
1381 3299 1580 3348 sermo,
1613 3283 1768 3338 video
1804 3298 1899 3338 vos
1935 3283 1987 3336 in
2018 3297 2117 3336 an-

519 3384 723 3452 gustias
751 3381 998 3437 redactos
1026 3395 1121 3435 vos
1149 3380 1373 3433 invicem
1402 3377 1720 3433 conculcare
1742 3417 1759 3440 ,
1791 3384 1950 3446 atque
1982 3375 2120 3429 hanc

520 3491 585 3531 ex
619 3473 876 3545 angustiis
919 3471 1300 3544 afflictionem,
1353 3485 1458 3540 quo
1496 3469 1673 3523 minus
1714 3467 1998 3538 diligenter
2026 3480 2122 3518 au-

522 3567 703 3633 diatis,
731 3565 990 3636 impedire
1016 3581 1030 3617 :
1059 3563 1162 3619 nisi
1195 3563 1338 3617 enim
1369 3562 1582 3631 quietus
1607 3561 1674 3615 sit
1704 3575 1766 3613 ac
1805 3557 2120 3627 tranquillus

523 3651 736 3711 auditor
756 3691 770 3715 ,
802 3649 1021 3704 minime
1051 3656 1224 3719 potest
1252 3662 1372 3702 cum
1405 3645 1581 3700 studio
1610 3643 1678 3700 ad
1700 3658 1762 3699 ea
1790 3659 1909 3714 quae
1934 3643 2121 3698 dicun-

525 3751 614 3796 tur
646 3740 944 3796 attendere.

597 3832 712 3886 Duo
741 3849 920 3902 genera
946 3831 1255 3885 auditorum.
1285 3861 1354 3870 —
1385 3830 1518 3886 Cum
1549 3829 1706 3900 igitur
1727 3826 2118 3884 multitudinem

527 3937 762 3979 vestram
787 3965 803 3990 ,
836 3935 892 3977 ut
921 3923 1062 3988 dixi,
1090 3923 1246 3978 video
1265 3964 1280 3986 ,
1318 3937 1384 3977 ne
1419 3921 1630 3992 longius
1659 3934 1964 3975 sermonem
1994 3933 2120 3987 pro-

524 4015 732 4070 traham
781 4016 1137 4084 pertimesco,
1193 4015 1287 4068 sed
1331 4013 1457 4067 dum
1505 4011 1848 4082 cupiditatem
1891 4018 2120 4065 vestram

525 4109 829 4172 considero,
860 4105 1155 4160 doctrinam
1187 4105 1504 4159 contrahere
1530 4103 1842 4158 reformido.
1872 4102 2007 4158 Nam
2031 4102 2120 4172 qui

527 4199 670 4261 sitit,
721 4197 822 4250 nisi
854 4197 1000 4266 prius
1026 4197 1276 4264 poculum
1303 4196 1566 4266 repletum
1595 4195 1824 4262 viderit,
1868 4211 1938 4250 ne
1964 4195 2124 4250 labris

529 4289 746 4360 quidem
780 4287 1024 4342 lubenter
1054 4287 1180 4341 illud
1205 4287 1498 4355 admovet,
1538 4287 1631 4343 sed
1668 4290 1915 4358 quamvis
1954 4295 2124 4342 totum

529 4381 887 4438 exhausturos
913 4395 1019 4435 non
1048 4381 1151 4448 sit,
1184 4388 1352 4436 totum
1379 4380 1642 4450 repletum
1674 4394 1899 4436 cernere
1927 4395 2127 4436 concu-

531 4473 707 4544 piscit.
756 4471 1116 4539 Quamobrem
1145 4512 1160 4537 ,
1205 4486 1310 4541 quo
1340 4479 1498 4540 pacto
1526 4485 1612 4525 me
1655 4471 1708 4525 in
1740 4470 1840 4524 hac
1868 4471 2126 4527 concione

529 4579 718 4634 gerere
757 4563 982 4619 debeam
1006 4605 1021 4629 ,
1062 4563 1268 4633 ignoro.
1313 4563 1446 4618 Nam
1474 4573 1528 4618 et
1567 4562 1828 4619 brevitate
1863 4564 2127 4619 sermonis

532 4659 770 4715 laborem
799 4667 1035 4714 vestrum
1065 4659 1306 4715 minuere
1331 4658 1454 4715 volo
1477 4701 1492 4727 ,
1535 4666 1590 4714 et
1618 4659 1876 4714 orationis
1904 4658 2126 4729 prolixi-

533 4759 641 4806 tate
671 4760 901 4806 vestram
943 4751 1289 4820 cupiditatem
1337 4752 1576 4822 explere.
1632 4751 1795 4822 Atqui
1843 4759 2129 4820 utrumque

533 4843 757 4898 istorum
801 4857 1174 4914 saapenumero
1215 4844 1468 4913 praestiti,
1514 4858 1577 4899 ac
1603 4859 1672 4899 ne
1706 4844 1874 4900 semel
1915 4843 2128 4911 quidem

535 4935 734 4990 crimen
762 4933 940 5006 effugi.
982 4934 1106 4989 Scio
1135 4951 1222 4991 me
1253 4949 1532 5005 persaepe,
1574 4934 1701 4990 dum
1743 4935 1895 4989 vobis
1942 4948 2126 5003 parco,

534 5037 658 5083 ante
684 5026 843 5081 finem
876 5027 1156 5097 abrupisse
1180 5042 1508 5092 sermonem,
1541 5035 1594 5082 et
1621 5029 1674 5081 in
1706 5042 1804 5082 nos
1833 5027 2133 5081 clamarunt

535 5120 606 5182 ii,
635 5134 863 5188 quorum
885 5119 1098 5174 animus
1134 5121 1318 5175 satiari
1356 5121 1576 5177 minime
1600 5129 1811 5191 potest,
1841 5119 1932 5190 qui
1963 5121 2131 5175 sacris

535 5209 784 5266 laticibus
824 5211 1040 5266 assidue
1066 5211 1314 5267 fruuntur
1337 5254 1353 5279 ,
1394 5211 1489 5267 sed
1517 5227 1804 5282 numquam
1831 5221 2006 5266 tamen
2032 5225 2130 5266 ex-

535 5302 786 5372 plentur,
833 5300 977 5356 Beati
1017 5301 1122 5367 illi,
1171 5304 1257 5374 qui
1297 5304 1551 5368 esuriant,
1592 5312 1637 5357 et
1669 5304 1845 5357 sitiunt
1877 5303 2133 5374 justitiam

537 5393 751 5462 (Matth.
787 5394 840 5449 5.
871 5394 929 5465 6)
956 5436 970 5459 ,
1015 5401 1070 5449 et
1114 5394 1336 5450 istorum
1367 5394 1624 5450 adversos
1671 5394 1932 5449 clamores
1962 5393 2126 5464 perti-

543 5501 788 5541 mescens
816 5502 1000 5544 rursus
1022 5487 1282 5543 doctrinae
1312 5501 1617 5543 sermonem
1649 5487 1880 5557 protraxi
1900 5487 2130 5555 longius,

543 5586 599 5631 et
626 5578 823 5632 idcirco
850 5579 902 5633 in
945 5579 1150 5635 crimen
1178 5580 1398 5635 incurri.
1445 5577 1578 5633 Nam
1603 5578 1690 5649 qui
1714 5577 1978 5632 sermonis
2009 5575 2134 5630 bre-

545 5667 709 5722 vitate
738 5671 1072 5725 delectantur
1091 5711 1107 5737 ,
1151 5679 1499 5728 occurrentes
1525 5669 1784 5735 orabant,
1817 5677 1872 5723 ut
1898 5668 2136 5737 ipsorum

550 5759 840 5815 infirmitati
887 5777 1162 5830 parcerem
1189 5803 1205 5830 ,
1250 5773 1412 5834 atque
1455 5763 1731 5818 concionis
1774 5759 2137 5832 prolixitatem

553 5847 938 5905 contrahereIn.
988 5851 1117 5907 Dum
1163 5853 1318 5922 igitur
1358 5869 1450 5910 vos
1483 5855 1536 5910 in
1577 5853 1844 5927 angustias
1892 5851 2136 5908 redactos

2229 3005 2445 3060 intueor
2467 3048 2482 3072 ,
2539 3021 2842 3063 sermonem
2893 3009 3107 3063 silentio
3151 3024 3409 3066 coercere
3436 3009 3662 3065 studeo:
3692 3005 3801 3060 dum

2225 3111 2355 3150 vero
2378 3112 2471 3151 vos
2506 3098 2762 3167 angustiis
2792 3113 3005 3168 pressos
3043 3100 3242 3154 ideirco
3271 3116 3383 3154 non
3417 3099 3693 3159 recedere,
3722 3091 3805 3149 sed

2227 3191 2293 3246 ad
2335 3191 2632 3261 longiorem
2661 3207 2875 3246 cursum
2921 3201 3134 3261 paratos
3161 3207 3284 3247 esse
3309 3233 3323 3258 ,
3370 3207 3564 3247 acuere
3598 3191 3806 3258 linguam

2227 3282 2496 3339 desidero.
2534 3283 2796 3354 Angustus
2833 3284 2959 3337 mihi
2997 3295 3114 3338 sunt
3142 3285 3368 3354 undique
3395 3283 3554 3356 (Dan.
3589 3282 3670 3337 l5.
3695 3277 3800 3343 εξ).

2226 3375 2363 3443 Quid
2403 3375 2631 3431 faciam?
2666 3375 2797 3429 Nam
2833 3377 2878 3431 is
2907 3376 3123 3447 quidem
3146 3376 3237 3446 qui
3270 3377 3358 3430 uni
3394 3376 3610 3431 domino
3635 3370 3801 3431 servit,

2227 3468 2425 3538 ttnique
2478 3467 2758 3522 sententia:
2807 3469 3016 3539 cogitur
3064 3468 3350 3535 famulari,
3411 3469 3563 3524 facile
3609 3462 3807 3521 domino

2229 3568 2405 3630 potest
2447 3560 2661 3630 placere
2681 3600 2697 3626 ,
2750 3575 2925 3630 neque
2953 3575 2980 3612 a
3014 3560 3286 3628 proposito
3313 3559 3570 3614 aberrare
3601 3573 3614 3609 :
3644 3563 3692 3607 at
3720 3564 3806 3620 ego

2229 3650 2426 3704 multos
2455 3649 2626 3704 habeo
2654 3650 2901 3704 dominos
2920 3690 2934 3713 ,
2976 3649 3062 3718 qui
3091 3657 3238 3703 tanto
3266 3650 3480 3704 servire
3509 3644 3695 3717 p0pulo
3718 3653 3802 3694 co-

2227 3758 2324 3814 gor
2343 3784 2356 3808 ,
2388 3741 2542 3811 cujus
2568 3741 2777 3796 diversa
2809 3750 2892 3796 est
2922 3741 3211 3796 sententia.
3247 3741 3370 3795 llmc
3405 3749 3579 3794 autem
3604 3749 3702 3790 non
3730 3729 3803 3784 id-

2229 3836 2374 3889 circo
2403 3842 2527 3887 sunt
2551 3849 2580 3888 a
2621 3848 2708 3888 me
2745 3833 2883 3887 dicta
2906 3873 2920 3897 ,
2951 3832 3092 3902 quod
3119 3832 3437 3886 servitutem
3464 3843 3602 3900 a‘gre
3631 3825 3801 3884 feram.

2229 3927 2405 3992 absit,
2455 3939 2628 3994 neque
2679 3923 2823 3994 quod
2875 3931 3112 3978 vestrum
3159 3922 3432 3993 defugiam
3477 3919 3803 3976 dominatum.

2229 4017 2372 4072 Nihil
2399 4017 2540 4072 enim
2570 4015 2700 4070 mihi
2719 4026 2801 4070 est
2827 4014 2927 4070 hac
2947 4015 3204 4069 servitute
3229 4009 3683 4068 honoriﬁcentius.
3701 4003 3802 4058 Non

2232 4111 2304 4164 ita
2333 4109 2634 4163 diademate
2663 4123 2726 4162 ac
2755 4123 2988 4178 purpura
3015 4107 3273 4176 gloriatur
3300 4105 3617 4176 Imperator,
3641 4106 3693 4152 ut
3713 4107 3801 4164 ego

2231 4201 2470 4256 caritatis
2517 4193 2710 4254 vestra:
2756 4200 3073 4256 servitutem
3116 4199 3247 4253 mihi
3293 4196 3634 4252 honorificam
3662 4189 3803 4243 duco.

2231 4292 2505 4363 Siquidem
2539 4292 2613 4345 illi
2661 4305 2825 4362 regno
2865 4305 3013 4345 mors
3040 4289 3278 4346 succedit
3307 4306 3320 4342 :
3355 4287 3483 4342 huic
3506 4295 3674 4338 autem
3696 4291 3798 4332 ser-

2232 4386 2384 4440 vituti
2406 4427 2420 4452 ,
2453 4385 2498 4440 si
2530 4393 2674 4440 recte
2707 4393 2917 4454 peracta
2947 4381 3149 4449 fuerit,
3194 4396 3419 4452 regnum
3443 4379 3651 4439 0310-510
3678 4381 3801 4441 Pm’

2235 4487 2472 4546 paratum
2487 4484 2586 4530 est.
2614 4476 2807 4529 Beatus
2827 4475 2969 4529 enim
2987 4483 3068 4528 est
3091 4473 3287 4528 Fidelis
3304 4487 3498 4537 seruus,
3522 4477 3566 4522 et
3583 4461 3799 4534 prudens.

2233 4587 2381 4637 quem
2414 4569 2670 4623 constituit
2696 4569 2930 4623 dominus
2957 4567 3068 4638 ejus
3089 4609 3105 4633 ,
3133 4575 3187 4620 ut
3211 4565 3461 4622 conservis
3499 4561 3600 4616 suis
3623 4555 3696 4610 det
3721 4550 3797 4604 tri-

2235 4662 2322 4715 tici
2342 4677 2648 4715 mensuram.
2692 4660 2852 4714 Amen
2882 4659 2995 4712 dico
3022 4659 3179 4721 vobis,
3204 4674 3356 4727 super
3384 4654 3554 4710 omnia
3580 4650 3702 4704 bona
3721 4653 3803 4696 δυσ

2235 4753 2499 4808 constituet
2534 4769 2646 4807 eum
2685 4751 2833 4822 (Luc.
2881 4751 2968 4804 12.
3001 4749 3090 4806 42.
3120 4749 3234 4820 44).
3291 4747 3452 4806 Vides
3495 4752 3714 4818 quantus
3746 4733 3810 4786 Sil

2237 4846 2507 4901 servitutis
2537 4843 2694 4914 hujus
2735 4853 3004 4914 qumstus,
3055 4843 3098 4896 si
3141 4842 3426 4914 diligenter
3469 4840 3606 4896 obita
3637 4828 3816 4888 fuerit?

2237 4938 2410 5007 Super
2440 4936 2616 4991 omnia
2642 4936 2841 4990 domini
2875 4935 3011 4990 bona
3038 4937 3336 4992 constituit.
3377 4935 3492 4989 Non
3519 4943 3642 4999 ergo
3670 4921 3808 4978 defu-

2237 5031 2324 5100 gio
2350 5029 2661 5083 servitutem
2688 5069 2701 5088 ,
2731 5028 2927 5097 quippe
2957 5029 3192 5100 quicum
3226 5027 3390 5082 Paulo
3417 5023 3657 5080 serviam.
3689 5010 3800 5066 Nam

2239 5131 2293 5176 et
2327 5121 2417 5175 ille
2443 5119 2608 5175 dicit:
2645 5117 2765 5174 Non
2798 5121 3129 5190 nosmetipsos
3157 5120 3490 5190 pradicamus
3511 5157 3525 5180 ,
3563 5109 3647 5166 sed
3672 5101 3799 5160 Chri-

2239 5220 2371 5264 stum
2398 5209 2573 5264 Jesum
2603 5209 2875 5266 Dominum
2905 5228 2923 5265 :
2949 5227 3040 5265 nos
3087 5220 3254 5263 autem
3287 5225 3453 5263 servos
3493 5211 3667 5258 vestras
3703 5204 3784 5263 Ρνθ

2244 5313 2355 5375 pter
2395 5302 2573 5358 Jesuru
2605 5303 2694 5376 (2.
2726 5303 2845 5360 Cor.
2873 5303 2928 5358 4.
2960 5303 3051 5375 5).
3095 5303 3162 5358 Et
3189 5301 3316 5373 quid
3343 5301 3459 5356 dico
3486 5286 3733 5376 Paulum?
3757 5281 3800 5335 SI

2241 5394 2286 5450 is
2313 5395 2402 5468 qui
2431 5394 2484 5451 in
2527 5395 2697 5451 forma
2730 5395 2820 5450 Dei
2848 5404 2997 5462 erat,
3030 5396 3375 5466 semetipsum
3405 5381 3688 5448 exinanivit
3711 5374 3804 5468 fur-

2251 5463 2392 5546 ma‘m
2411 5493 2554 5546 servi
2575 5491 2849 5559 accipiens
2871 5497 3092 5558 propter
3119 5463 3309 5542 servos
3332 5481 3581 5554 (Philipp.
3597 5474 3646 5528 2.
3665 5469 3711 5523 6.
3733 5463 3797 5560 7),

2253 5580 2378 5650 quid
2409 5594 2666 5650 magnum
2710 5587 2927 5648 praesto,
2963 5577 3009 5632 si
3041 5591 3144 5647 ego
3180 5591 3372 5631 servus
3406 5574 3524 5627 [iam
3545 5564 3798 5621 consertis

2253 5674 2370 5743 ipse
2387 5688 2580 5728 servus
2601 5680 2822 5741 Propter
2839 5671 2943 5726 mei
2951 5671 3142 5741 psum?
3158 5669 3275 5724 Non
3290 5683 3420 5737 ergo
3431 5660 3570 5735 quod
3591 5656 3799 5747 vestram

2255 5766 2572 5822 servitutem
2604 5766 2924 5830 detrectem,
2964 5766 3071 5822 ista
3105 5765 3246 5827 dixi,
3281 5762 3377 5818 sed
3413 5768 3469 5815 ut
3512 5749 3633 5843 mihi
3661 5749 3794 5843 vf"?

2257 5861 2436 5924 detur,
2473 5858 2520 5914 si
2558 5857 2698 5913 forte
2724 5859 2904 5914 minus
2927 5858 3341 5915 convenientem
3368 5834 3796 5912 omniumjudit‘Io

3466 6075 3473 6100 ι
