4086 6426
341 327 451 382 195

332 475 577 516 mensam
608 470 898 529 apponam.
948 451 1048 509 Vel
1101 447 1276 520 potius
1322 443 1374 498 id
1414 440 1557 512 agile
1581 480 1595 505 ,
1627 436 1768 509 quod
1798 447 1941 491 nunc

332 554 536 609 dicam.
582 552 689 607 Vos
717 551 811 621 qui
838 557 1125 615 numquam
1163 535 1365 608 expleri
1397 531 1620 605 potestis
1642 572 1658 598 ,
1690 528 1786 584 sed
1812 540 1942 582 esu-

336 647 459 700 ritis
483 643 769 715 justitiam,
800 655 864 695 ac
887 637 1068 703 sititis,
1108 630 1451 705 prolixosquc
1478 635 1755 680 sermones
1778 633 1941 715 expe-

338 710 501 804 titis,
536 744 758 806 propter
796 732 1018 795 fratrum
1050 735 1351 781 vestrorum
1397 715 1819 774 imbecillitatem
1839 710 1943 765 ali-

336 832 465 901 quid
491 805 650 887 sinite
685 827 754 883 de
797 831 1051 881 consueta
1089 817 1357 876 sermonis
1399 826 1649 870 mensura
1687 805 1941 866 resecari.

339 899 554 979 Rursus
585 934 685 974 vos
710 918 800 990 qui
831 916 1146 971 brevitatem
1168 906 1426 965 orationis
1450 902 1734 969 adamatis,
1766 907 1821 955 et
1845 899 1945 953 im-

345 1014 654 1068 becilliores
679 1009 831 1075 estis,
864 1006 1031 1077 gratia
1064 1004 1286 1058 fratrum
1315 1006 1638 1060 vestrorum,
1669 992 1759 1065 qui
1784 1000 1944 1047 exsa-

343 1105 511 1158 turari
542 1118 645 1158 non
671 1107 914 1172 possunt,
934 1097 1175 1153 laborem
1198 1092 1448 1162 exiguum
1474 1087 1723 1149 tolerate,
1744 1089 1944 1139 vestra-

344 1212 452 1266 que
482 1194 711 1249 invicem
743 1205 907 1247 onera
939 1196 1148 1258 portate
1169 1225 1185 1251 ,
1234 1192 1395 1253 atque
1423 1180 1496 1234 ita
1527 1175 1731 1234 Christi
1770 1175 1946 1244 legem

349 1287 639 1356 adimplete
674 1283 818 1357 (Gal.
859 1281 912 1337 6.
944 1278 1025 1352 2).
1080 1277 1268 1332 Nonne
1307 1273 1501 1329 videtis
1545 1267 1949 1341 Olympicorum

350 1379 601 1433 ludorum
653 1356 881 1428 athletas
934 1371 985 1425 in
1037 1367 1215 1424 medio
1259 1374 1465 1422 stantes
1512 1360 1722 1417 theatro
1751 1358 1806 1413 iu
1836 1356 1951 1426 ipso

349 1468 580 1527 meridie
610 1476 877 1535 tamquam
908 1461 961 1515 in
1013 1460 1230 1513 fornace
1273 1455 1326 1511 in
1362 1452 1538 1509 stadio
1571 1466 1635 1507 ac
1661 1449 1806 1505 nudo
1830 1462 1951 1535 cor-

361 1568 500 1626 pore
526 1551 659 1607 Snlis
688 1532 875 1604 radios
901 1545 1236 1616 excipientes
1263 1541 1419 1613 quasi
1446 1544 1658 1596 statuas
1680 1532 1946 1606 quasdam

361 1659 558 1705 aereas,
574 1650 627 1698 et
648 1656 772 1697 cum
804 1639 939 1702 sole,
962 1635 1205 1707 pulvere,
1233 1639 1479 1700 aestuque
1502 1641 1766 1700 pugnare,
1795 1631 1854 1677 ut
1874 1627 1955 1676 tot

363 1734 628 1793 aerumnis
642 1739 896 1789 vexatum
920 1737 1083 1799 caput
1112 1725 1251 1781 lauri
1283 1721 1427 1778 foliis
1450 1717 1767 1776 coronetur?
1785 1714 1951 1770 Vobis

364 1841 552 1886 autem
577 1841 684 1882 non
702 1826 890 1879 laurea
913 1834 1141 1884 corona,
1165 1818 1256 1874 sed
1275 1814 1505 1887 iustitiae
1521 1825 1726 1868 corona
1750 1808 1803 1864 in
1823 1821 1956 1879 prte-

366 1922 541 1977 mium
576 1916 875 1973 auditionis
912 1924 996 1970 est
1028 1910 1330 1984 proposita,
1385 1921 1564 1979 neque
1594 1904 1663 1961 ad
1713 1901 1954 1959 medium

366 2028 548 2084 usque
580 2011 857 2067 meridiem
892 2022 988 2062 vos
1026 2005 1357 2069 detinenms,
1393 2000 1487 2056 sed
1534 1998 1602 2054 ab
1628 1997 1765 2070 ipsis
1816 1994 1956 2050 lucis

365 2104 611 2162 exordiis
637 2117 735 2159 vos
762 2101 1094 2156 dimittimus
1131 2105 1352 2168 propter
1377 2100 1616 2150 vestram
1657 2086 1955 2162 ignaviam,

366 2200 499 2251 dum
540 2196 718 2249 adlmc
736 2209 828 2250 aer
845 2202 928 2249 est
944 2192 1193 2263 frigidus,
1213 2184 1520 2258 nequedum
1541 2182 1820 2239 radiorum
1837 2195 1958 2235 cre-

368 2290 488 2343 hris
510 2286 751 2355 jactibus
777 2283 1187 2341 t-onealefactus
1207 2297 1222 2349 ;
1241 2294 1351 2334 non
1375 2276 1556 2347 capite
1577 2272 1726 2331 nudo
1744 2287 1842 2329 vos
1865 2271 1957 2341 ju-

366 2382 561 2436 bemus
578 2380 710 2436 solis
728 2391 918 2434 aesuuu
932 2376 1204 2446 excipere,
1224 2372 1317 2429 sed
1339 2372 1442 2429 sub
1456 2370 1716 2426 eximium
1736 2369 1960 2437 laqucar

368 2474 520 2529 istud
545 2473 890 2533 deducimus,
916 2482 1123 2539 vosque
1157 2465 1286 2521 tecti
1314 2461 1512 2522 solatio
1539 2468 1593 2517 et
1613 2471 1961 2531 quocumque

370 2582 573 2637 genere
592 2563 959 2635 jucunditatis
982 2578 1011 2617 a
1037 2561 1197 2616 nobis
1215 2559 1524 2629 excogitato
1545 2566 1880 2613 recreamus,
1902 2557 1961 2603 ut

368 2675 459 2725 ea,
485 2674 604 2730 qnte
633 2659 781 2712 dicta
817 2654 1044 2717 fuerint,
1075 2651 1281 2706 diutius
1315 2654 1370 2704 et
1400 2643 1745 2704 constantius
1767 2640 1960 2696 audire

370 2751 618 2823 possitis.
644 2748 723 2805 Ne
746 2748 914 2818 igitur
941 2743 1189 2818 puerulis
1209 2740 1412 2798 nostris
1439 2737 1717 2793 molliores
1742 2733 1958 2797 fiamus,

368 2844 468 2914 qui
498 2842 718 2898 scholas
744 2840 1098 2909 frequentant
1128 2853 1141 2889 :
1176 2833 1254 2889 illi
1285 2838 1413 2887 ante
1435 2827 1716 2884 meridiem
1739 2823 1960 2879 donmm

371 2951 484 2992 non
503 2935 707 2990 audent
727 2932 926 2994 redire.
948 2929 1041 2985 sed
1072 2943 1179 2983 non
1198 2926 1271 2981 ita
1289 2923 1497 2995 pridem
1522 2936 1551 2974 a
1570 2920 1709 2975 laete
1724 2914 1959 2987 depulsi,

368 3027 541 3100 paqu
568 3037 691 3081 ante
705 3023 883 3080 avulsi
912 3022 979 3076 ab
995 3019 1186 3083 ubere,
1205 3032 1330 3073 cum
1349 3011 1587 3069 nondum
1602 3008 1845 3081 quinque
1865 3021 1965 3060 an-

372 3132 574 3172 norum
593 3122 807 3170 :etatem
827 3103 1434 3181 attigerint,injuveni|i
1449 3117 1513 3157 ac
1528 3111 1719 3155 tenero
1734 3109 1966 3168 corpore

371 3209 729 3265 tolerantiam
761 3220 982 3261 omnem
1014 3217 1127 3273 prae
1148 3215 1209 3255 se
1238 3199 1420 3254 ferunt
1450 3215 1463 3251 :
1493 3191 1748 3266 quamvis
1775 3196 1963 3252 aestus,

372 3302 630 3374 quamvis
656 3299 803 3364 sitis,
823 3295 1078 3368 quamvis
1100 3291 1247 3348 aliud
1267 3287 1486 3361 quidvis
1504 3284 1808 3342 molestiam
1833 3279 1969 3337 ισθ-

372 3372 487 3459 rat,
526 3393 591 3449 ad
617 3391 858 3446 medium
890 3402 1067 3458 usque
1096 3383 1378 3439 meridiem
1409 3381 1463 3435 in
1489 3377 1678 3435 schola
1711 3372 1967 3431 sedentes

375 3485 665 3541 tolerando
687 3499 750 3538 ac
772 3481 1046 3555 patienter
1067 3474 1293 3533 ferendo
1311 3477 1683 3545 perseverant.
1708 3466 1897 3537 Itaque
1920 3462 1968 3519 si

375 3579 591 3635 nullum
623 3576 812 3637 alium,
841 3572 1105 3644 puerulos
1135 3568 1264 3623 illos
1285 3566 1564 3620 imitemur
1588 3577 1692 3616 nos
1723 3559 1846 3623 viri,
1874 3556 1969 3626 qui

372 3673 447 3727 ad
469 3673 671 3740 justam
693 3683 759 3722 ac
780 3666 1077 3736 perfectam
1101 3669 1317 3718 tetatem
1342 3657 1714 3731 pervenimus.
1740 3652 1799 3708 Si
1821 3652 1968 3708 enim

381 3763 670 3820 institutos
701 3761 769 3815 de
802 3758 1011 3813 virtute
1041 3768 1327 3812 sermones
1362 3751 1556 3806 audire
1590 3763 1701 3804 non
1728 3744 1970 3802 sustine-

378 3868 529 3916 mus,
550 3853 676 3922 quis
700 3850 863 3905 nobis;
878 3847 1106 3903 credere
1134 3844 1338 3918 poterit
1359 3859 1460 3899 nos
1478 3841 1697 3896 labores
1715 3835 1972 3891 toleratu-

375 3961 474 4002 ros
496 3960 594 4016 pro
610 3943 808 3998 virtute
830 3938 1187 3997 subeundos?
1210 3936 1253 3993 si
1281 3934 1348 3991 ad
1375 3930 1707 3988 audiendum
1734 3926 1974 3981 illibera-

383 4039 471 4092 lcs
513 4038 648 4097 adeo
683 4034 856 4090 simus
888 4047 954 4087 ac
984 4029 1232 4094 sordidi,
1275 4027 1421 4082 unde
1455 4040 1556 4080 nos
1596 4021 1662 4077 ad
1696 4017 1966 4092 agendum

381 4131 748 4203 promptiores
771 4128 885 4184 fore
910 4124 1225 4183 constabit?
1244 4122 1290 4178 si
1308 4120 1452 4193 quod
1478 4117 1693 4173 facilius
1709 4121 1792 4171 est
1807 4112 1972 4169 omit-

386 4233 593 4285 tamus,
612 4220 889 4290 quomodo
910 4217 1058 4291 quod
1092 4215 1367 4272 diilicilius
1392 4220 1477 4268 est
1506 4205 1883 4282 perferemus?
1903 4205 1972 4258 At

380 4314 532 4368 enim
551 4312 734 4366 nutlta:
750 4318 878 4367 sunt
900 4308 1001 4365 loci
1026 4305 1316 4378 angustias,
1334 4303 1503 4358 multa
1520 4294 1972 4358 violentia.Audi,

381 4419 540 4471 sane,
567 4403 712 4474 quod
736 4417 961 4475 regnum
985 4400 1251 4456 caelorum
1276 4396 1492 4467 rapiant
1511 4392 1730 4449 violenti
1754 4388 1971 4459 (Matth.

384 4497 476 4552 11.
502 4495 612 4564 12),
639 4492 787 4565 quod
819 4500 976 4548 arcta
1009 4492 1082 4548 sit
1110 4497 1165 4545 ct
1194 4487 1547 4559 angustavia,
1581 4499 1702 4556 quae
1732 4484 1884 4539 ducit
1908 4480 1976 4536 ad

381 4588 554 4642 vitam
578 4585 799 4657 (Matth.
818 4583 869 4640 7.
885 4584 993 4655 14).
1010 4580 1243 4650 Quando
1267 4581 1435 4649 igitur
1458 4595 1553 4648 per
1580 4586 1785 4631 arctam
1809 4582 1863 4630 et
1889 4589 1982 4628 an-

384 4678 772 4751 gustamviam
803 4676 1136 4739 incedimus,
1159 4688 1260 4729 nos
1275 4672 1440 4728 etiam
1461 4677 1676 4739 oportet
1705 4682 1806 4722 nos
1830 4666 1980 4735 ipsos

385 4779 675 4826 coarctarc
725 4775 782 4824 et
814 4769 1199 4839 comprimere,
1247 4772 1307 4819 ut
1345 4772 1552 4818 arctam
1588 4768 1642 4817 et
1688 4765 1979 4830 augustam

387 4862 668 4920 conﬁcere
702 4861 842 4914 viam
874 4860 1174 4930 possimus.
1205 4855 1337 4910 Nam
1363 4855 1456 4926 qui
1489 4854 1731 4925 seipsum
1757 4850 1977 4913 dilatat,

385 4971 501 5011 non
540 4954 615 5008 ita
672 4952 835 5007 facile
876 4952 1015 5006 viam
1058 4956 1351 5020 angustam
1398 4954 1705 5018 percurret,
1744 4941 1840 4999 sed
1884 4941 1979 5011 qui

383 5046 463 5101 sei
478 5059 636 5114 psum
666 5042 910 5105 cohibet,
954 5040 1297 5112 comprimit,
1337 5046 1393 5094 et
1431 5035 1780 5103 constringit.

482 5128 540 5184 2.
588 5129 868 5184 Nomia-um
917 5131 1129 5183 mutatio
1173 5130 1349 5200 quanti
1397 5128 1653 5199 facienda.
1707 5127 1993 5198 Scriptura:

384 5235 556 5274 sacra
596 5220 850 5289 quoruodo
896 5219 1142 5290 legendae.
1192 5249 1266 5260 —
1318 5218 1505 5289 Neque
1549 5219 1692 5274 enim
1728 5210 1807 5274 de
1835 5220 1994 5274 rebus

390 5309 695 5365 trivialibus
722 5312 1072 5381 quaestionem
1094 5310 1355 5365 habemus
1378 5309 1559 5374 hodie,
1585 5309 1680 5365 sed
1707 5309 1772 5365 de
1796 5325 1856 5365 re
1875 5325 1995 5376 qua:

387 5417 476 5457 cas
488 5404 562 5472 pit
588 5403 800 5474 quidem
824 5403 1075 5459 hrsterno
1107 5404 1197 5460 die
1237 5404 1483 5474 proponi,
1508 5419 1612 5459 non
1636 5403 1995 5474 potuitautem

392 5495 596 5549 solutio
624 5495 936 5566 qumstionis
961 5495 1140 5551 afferri
1164 5536 1180 5564 ,
1212 5506 1432 5567 prepter
1471 5511 1656 5552 eorum
1700 5496 1999 5552 multitudi-

400 5601 551 5653 nem,
569 5601 689 5657 qua:
718 5585 922 5642 fuerant
951 5588 1002 5642 iu
1024 5587 1255 5642 medium
1274 5588 1497 5658 prolata.
1530 5587 1667 5655 Quid
1686 5587 1812 5642 illud
1839 5603 1999 5658 porro

400 5676 524 5732 est?
556 5677 629 5731 De
660 5678 1679 5750 nominumimpositionequmstioerat,
1711 5696 1831 5750 qua:
1862 5682 2000 5736 Deus

402 5769 603 5826 sanctis
641 5770 922 5840 imposuit.
964 5770 1070 5826 lies
1092 5780 1270 5827 autem
1300 5771 1397 5827 ista
1423 5771 1596 5830 tenuis
1618 5771 1831 5828 videtur
1851 5787 1993 5841 csse,

1519 325 1610 383 DE
1650 316 2049 381 MUTATIONE
2088 312 2418 373 NOMINUM.
2460 311 2525 369 II.

3539 312 3643 369 ΙΞῦ

2049 431 2090 485 si
2116 429 2237 500 quis
2263 427 2445 483 audiat
2476 444 2490 481 :
2519 427 2744 481 multum
2775 439 2903 482 vero
2937 426 3175 483 continet
3218 419 3525 483 thesaurum
3551 469 3565 496 ,
3598 431 3643 484 si

2045 525 2167 597 quis
2193 525 2478 596 diligenter
2504 523 2765 579 attendat.
2789 522 2923 578 Nam
2951 532 3006 579 et
3030 537 3250 579 auream
3279 531 3498 589 terram,
3523 538 3646 593 quas

2048 617 2103 672 in
2126 616 2326 673 fodinis
2356 614 2640 686 reperitur,
2670 613 2921 685 imperiti,
2953 623 3008 670 et
3035 612 3126 685 qui
3149 613 3478 685 negligenter
3499 614 3647 684 aspi-

2047 711 2225 777 ciunt,
2255 718 2453 765 terram
2476 707 2673 764 nudam
2695 707 2868 763 solum
2899 720 3019 763 esse
3047 715 3256 778 putant,
3297 722 3470 778 neque
3494 707 3652 778 quid-

2048 817 2209 874 quam
2258 801 2487 885 ampl‘ius
2530 800 2768 864 habere,
2817 814 2977 871 quam
3026 799 3186 854 aliam
3236 798 3479 869 quamvis
3514 817 3527 854 :
3561 800 3650 869 qui

2054 908 2186 950 vero
2204 893 2334 948 artis
2360 892 2531 949 oculis
2558 892 2701 948 illam
2732 891 3095 959 considerant,
3127 890 3280 946 istius
3311 901 3467 946 teme
3497 889 3651 945 nobi—

2051 987 2257 1042 litatem
2307 994 2606 1054 noverunt,
2649 993 2706 1041 et
2741 985 2870 1041 dum
2908 984 3055 1041 illam
3087 985 3140 1040 in
3172 984 3350 1056 ignem
3398 983 3650 1054 injectam

2053 1078 2312 1149 probant,
2359 1093 2575 1135 omnem
2603 1077 2746 1134 illius
2781 1076 3145 1148 praestantiam
3184 1074 3528 1147 patefaciunt.
3561 1072 3653 1129 Sic

2055 1170 2306 1225 nimirum
2351 1169 2403 1224 in
2444 1167 2612 1224 sacris
2640 1166 2970 1238 Scripturis,
3017 1167 3107 1238 qui
3151 1165 3444 1222 oscitanter
3469 1164 3653 1219 literas

2054 1261 2239 1333 legunt
2258 1284 2291 1329 ,~
2323 1262 2496 1318 nudas
2522 1277 2644 1319 esse
2673 1262 2856 1317 literas
2894 1260 3222 1316 arbitrantur
3241 1300 3257 1327 ,
3288 1274 3390 1316 nec
3422 1258 3655 1328 amplius

2055 1354 2345 1426 quidquam
2395 1355 2448 1410 in
2479 1369 2539 1411 se
2579 1354 2857 1410 continere
2894 1369 3050 1425 quam
3097 1361 3319 1409 cretcras
3352 1370 3366 1407 :
3407 1353 3498 1423 qui
3526 1367 3656 1408 vero

2059 1446 2182 1503 fidei
2206 1447 2382 1503 oculis
2407 1447 2523 1504 illas
2544 1446 2908 1514 considerant,
2937 1446 3389 1518 quemadmodum
3418 1446 3494 1501 illi
3521 1445 3654 1501 artis

2058 1539 2449 1607 instrumentis,
2481 1540 2696 1597 illarum
2723 1540 3093 1612 probationem
3115 1539 3223 1611 igni
3248 1538 3482 1610 Spiritus
3509 1552 3657 1593 corn-

2060 1634 2355 1700 mittentes,
2385 1642 2552 1689 totum
2579 1634 2789 1689 illarum
2813 1648 3000 1688 aurum
3026 1631 3184 1688 facile
3211 1640 3455 1688 cernent.
3504 1629 3660 1687 Unde

2062 1725 2222 1796 igitur
2256 1725 2570 1797 qumstiouis
2612 1724 2823 1780 initium
2862 1731 2948 1781 est
2985 1722 3241 1780 ductum?
3295 1722 3478 1793 Neque
3516 1720 3660 1777 enim

2061 1826 2266 1874 temere
2310 1818 2364 1873 in
2411 1817 2550 1874 hanc
2591 1816 3033 1888 disceptationem
3077 1814 3399 1881 incidimus,
3445 1827 3513 1869 ne
3542 1811 3664 1883 quis

2063 1909 2453 1979 intempestivae
2492 1922 2593 1964 nos
2630 1907 2956 1964 curiositatis
2981 1905 3305 1963 condemnet
3334 1922 3347 1960 :
3375 1903 3468 1960 sed
3492 1946 3507 1970 ,
3538 1917 3663 1958 cum

2064 2000 2358 2072 apostolica
2400 1999 2554 2055 vobis
2584 2007 2701 2054 acta
2731 1998 3069 2069 legerentur,
3114 1996 3265 2052 Pauli
3297 1995 3550 2066 pneclara
3580 1992 3664 2048 fa-

2063 2093 2245 2148 cinora
2273 2106 2496 2147 narrare
2521 2089 2868 2161 cupiebanms
2889 2129 2905 2157 ,
2944 2090 3166 2159 jamque
3205 2086 3445 2142 historia:
3473 2083 3666 2155 attige-

2064 2197 2247 2238 ramus
2300 2180 2581 2237 exordium
2607 2222 2622 2247 ,
2672 2190 2727 2236 et
2765 2180 2848 2234 his
2873 2179 3050 2236 verbis
3084 2188 3403 2248 conceptum
3452 2175 3663 2230 initium

2067 2275 2388 2332 narrationis
2440 2274 2742 2330 invenimus
2776 2292 2789 2329 :
2824 2272 3017 2329 Saulus
3057 2282 3226 2327 autem
3254 2271 3422 2326 adhuc
3461 2269 3667 2339 spirans

2066 2368 2231 2421 minus
2260 2377 2306 2421 et
2325 2365 2514 2422 aedem
2541 2366 2595 2421 in
2624 2365 2900 2437 discipulos
2934 2364 3138 2419 Domini
3164 2362 3298 2434 (Act.
3331 2363 3385 2417 9.
3420 2361 3496 2431 I).
3523 2360 3668 2416 Con-

2070 2459 2219 2513 tinuo
2266 2458 2497 2514 turbavit
2540 2472 2641 2512 nos
2688 2456 2986 2511 immutatio
3038 2453 3318 2510 nominis:
3366 2452 3668 2509 invenimus

2068 2549 2213 2604 enim
2241 2548 2293 2603 in
2318 2549 2565 2605 omnibus
2591 2548 2835 2618 epistolis
2855 2589 2870 2614 ,
2899 2556 2954 2602 et
2982 2547 3034 2601 in
3058 2546 3269 2601 illarmn
3293 2545 3530 2602 exordiis
3557 2558 3667 2600 non

2068 2642 2287 2698 Saulum
2313 2657 2458 2708 eum,
2487 2641 2581 2697 sed
2604 2640 2825 2696 Paulum
2844 2640 3120 2712 appellari,
3148 2647 3204 2696 et
3227 2639 3330 2695 hoc
3353 2654 3458 2695 non
3491 2639 3543 2694 in
3562 2637 3668 2695 hoc

2070 2734 2217 2799 solo,
2252 2734 2346 2790 sed
2376 2742 2432 2789 et
2461 2732 2514 2787 iu
2548 2733 2731 2788 multis
2757 2732 2877 2788 aliis
2906 2731 3185 2788 accidisse.
3234 2731 3368 2787 Nam
3395 2739 3450 2787 et
3478 2730 3671 2787 Petrus

2072 2827 2257 2884 Simon
2285 2825 2562 2883 dicebatur
2581 2867 2596 2893 ,
2621 2834 2677 2882 et
2702 2825 2793 2881 filii
2822 2823 3071 2881 Zcbedrei
3099 2823 3332 2880 Iacobus
3356 2832 3411 2880 et
3435 2823 3674 2879 Joannes

2074 2919 2195 2975 Filii
2239 2918 2456 2975 tonitrui
2484 2925 2690 2973 mutato
2731 2915 2930 2973 deinde
2973 2916 3193 2972 nomine
3221 2926 3347 2971 sunt
3375 2916 3549 2971 vocati
3579 2924 3674 2971 :ct

2075 3011 2128 3067 in
2163 3010 2339 3066 Veteri
2369 3009 2717 3066 Testamento
2759 3008 2898 3066 hanc
2939 3009 3186 3065 eamdem
3226 3008 3672 3065 consuetudinem

2076 3104 2129 3159 in
2160 3101 2481 3175 quihusdam
2522 3101 2819 3159 obtinuisse
2844 3100 3226 3171 comperimus.
3267 3098 3400 3154 Nam
3426 3108 3481 3154 et
3507 3097 3677 3154 Abra-

2077 3193 2201 3248 ham
2228 3194 2376 3263 prius
2404 3192 2603 3248 Abram
2631 3191 3031 3263 appellabatur,
3074 3200 3128 3246 et
3154 3190 3314 3247 Sarra
3347 3191 3497 3263 prius
3522 3188 3674 3257 Sara,

2077 3286 2275 3343 deinde
2298 3285 2459 3342 Sarra
2482 3286 2756 3340 nominata
2775 3292 2859 3341 est
2875 3325 2891 3350 ,
2922 3292 2978 3340 et
2999 3283 3168 3340 Jacob
3196 3292 3381 3355 postea
3406 3283 3567 3339 Israel
3592 3292 3678 3338 est

2078 3388 2298 3434 vocatus
2325 3394 2339 3431 :
2370 3376 2661 3433 absurdum
2692 3376 2853 3448 igitur
2878 3376 3032 3432 nobis
3061 3384 3145 3432 cst
3170 3375 3341 3431 visum
3361 3417 3377 3444 ,
3424 3377 3468 3431 si
3501 3382 3680 3430 tantus

2080 3485 2110 3524 a
2139 3469 2293 3525 nobis
2329 3468 2613 3524 thesaurus
2653 3466 2929 3522 nominum
2957 3477 3159 3522 temere
3199 3466 3581 3536 praeteriretur.
3623 3464 3682 3521 Id

2080 3576 2211 3616 vero
2253 3561 2306 3616 in
2345 3560 2674 3631 principibus
2700 3559 2861 3615 etiam
2892 3558 3241 3614 saecularibus
3279 3559 3498 3615 evenire
3532 3572 3682 3615 com-

2083 3653 2316 3723 perimus
2349 3669 2362 3707 :
2398 3652 2661 3722 siquidem
2710 3651 2785 3706 illi
2833 3651 3033 3721 duplex
3064 3665 3276 3723 quoque
3305 3667 3501 3707 nomen
3528 3665 3685 3706 assu-

2084 3752 2256 3798 tnuut.
2306 3741 2441 3797 Vide
2484 3751 2663 3797 autem
2699 3759 2712 3796 :
2741 3741 3029 3809 Successit,
3058 3743 3251 3812 inquit,
3278 3740 3444 3797 Felici
3464 3741 3684 3797 Porcius

2089 3832 2269 3887 Festus
2296 3833 2431 3903 (Act.
2455 3831 2546 3886 ‘24.
2569 3827 2663 3902 9.7}
2694 3849 2706 3884 :
2736 3841 2791 3886 et
2817 3844 3024 3896 rursus,
3050 3830 3175 3885 Erat
3200 3832 3409 3904 quidam
3433 3847 3546 3886 eum
3573 3849 3686 3904 pro-

2086 3923 2312 3990 consule,
2355 3924 2442 3993 qui
2462 3922 2735 3977 vocabatur
2762 3921 2976 3993 Sergius
3002 3921 3201 3977 Paulus
3252 3922 3358 3991 (ην.
3386 3923 3474 3978 15.
3501 3922 3558 3995 7)
3584 3965 3598 3989 ,
3629 3933 3684 3980 ct

2085 4016 2176 4088 qui
2205 4015 2406 4071 Judaeis
2446 4013 2716 4070 Christum
2750 4012 3006 4081 tradidit,
3051 4012 3279 4068 Pontius
3308 4012 3507 4068 Pilatus
3536 4012 3685 4067 dice-

2088 4111 2263 4165 batur.
2292 4108 2477 4179 Neque
2505 4123 2633 4162 vero
2662 4106 3002 4178 principibus
3025 4114 3262 4173 tantum,
3296 4105 3392 4161 sed
3423 4114 3477 4161 et
3502 4106 3689 4161 militi-

2087 4200 2191 4256 bus
2216 4215 2361 4272 smpc
2375 4200 2607 4272 duplicia
2628 4199 2844 4254 fuerunt
2871 4199 3110 4265 nomina,
3139 4208 3194 4254 et
3214 4198 3287 4253 illi
3314 4198 3402 4269 qui
3426 4198 3688 4269 privatam

2091 4295 2254 4349 vitam
2306 4293 2609 4364 elegerant,
2657 4293 2726 4349 ob
2763 4306 2981 4348 causam
3010 4300 3065 4347 et
3088 4292 3426 4347 occasionem
3456 4291 3690 4361 aliquant

2091 4387 2360 4456 duplicem
2413 4385 2587 4441 sortiti
2644 4394 2771 4440 sunt
2822 4384 3258 4455 appellationem.
3311 4382 3417 4438 Sed
3468 4383 3537 4437 de
3587 4383 3693 4436 illis

2092 4478 2309 4548 quidem
2339 4476 2496 4532 nobis
2529 4476 2662 4531 nihil
2703 4475 2946 4546 proderit
2973 4476 3020 4529 si
3062 4456 3402 4544 quaeramus,
3451 4472 3592 4528 unde
3620 4475 3692 4529 ita

2095 4569 2293 4625 fuerint
2339 4568 2589 4638 appellati
2624 4585 2637 4622 :
2679 4582 2802 4622 cum
2842 4581 2972 4621 vero
3014 4565 3156 4620 Deus
3205 4580 3399 4620 nomen
3446 4565 3692 4636 imponit,

2095 4660 2241 4716 omni
2290 4658 2469 4714 studio
2516 4656 2932 4713 ineumbendum
2981 4663 3105 4722 est,
3158 4664 3216 4711 ut
3260 4670 3478 4712 causam
3531 4671 3694 4728 repe-

2096 4752 2316 4807 riauuts.

2168 4842 2309 4897 Deus
2345 4843 2473 4897 nihil
2515 4844 2638 4915 facit
2672 4842 2882 4912 frustra.
2939 4841 3042 4896 Cur
3078 4839 3276 4896 Paulus
3310 4857 3491 4897 nomen
3532 4850 3698 4896 muto-

2096 4939 2239 4992 aerit.
2268 4965 2340 4978 —-
2365 4936 2546 5007 Neque
2562 4939 2709 4992 enim
2739 4944 2941 4992 temere
2967 4944 3058 4990 aut
3082 4936 3199 4991 sine
3218 4950 3378 4991 causa
3405 4933 3693 5007 quidquam

2099 5031 2181 5085 vel
2211 5028 2389 5085 facere
2419 5029 2561 5084 Deus
2581 5026 2667 5083 vel
2694 5026 2877 5084 dicere
2894 5028 3193 5094 consuevit,
3218 5026 3313 5083 sed
3340 5026 3549 5099 singula
3572 5043 3695 5083 cum

2100 5137 2186 5186 ca,
2216 5137 2338 5191 qua:
2377 5120 2475 5191 ipsi
2515 5118 2805 5186 convenit,
2848 5119 3133 5190 sapientia.
3181 5119 3290 5175 Cur
3314 5133 3444 5190 ergo
3483 5120 3694 5174 tandem

2101 5214 2293 5270 Saulus
2312 5213 2613 5279 dicebatur,
2647 5228 2767 5267 cum
2808 5221 3256 5283 persequeretur,
3285 5222 3338 5268 et
3360 5212 3552 5267 Paulus
3582 5228 3699 5266 mu-

2104 5315 2214 5362 tato
2255 5305 2474 5361 nomine
2510 5304 2686 5359 dictus
2710 5312 2828 5372 est,
2870 5305 3086 5376 quando
3126 5303 3403 5359 credidit?
3447 5302 3697 5358 Nonnulli

2103 5399 2322 5465 dicunt,
2354 5396 2570 5469 quando
2610 5397 2898 5466 turbabat,
2944 5397 3399 5461 tumultuabatur,
3428 5404 3485 5451 et
3511 5397 3703 5451 misceo

2105 5494 2196 5549 hat
2240 5492 2418 5549 omnia
2442 5533 2457 5558 ,
2508 5491 2910 5561 Ecclesiamque
2935 5487 3275 5560 exagitabat,
3303 5488 3522 5544 Saulunt
3550 5487 3702 5543 illum

2106 5585 2272 5641 fuisse
2301 5586 2522 5647 dictum,
2555 5591 2611 5638 et
2633 5583 2700 5637 ab
2722 5581 2821 5637 hac
2852 5583 2964 5651 ipsa
3005 5580 3259 5636 Ecclesiae
3289 5581 3569 5635 vexatione
3600 5595 3701 5633 uo-

2108 5693 2231 5733 men
2266 5693 2387 5734 esse
2409 5677 2653 5731 sortitum
2685 5694 2700 5730 :
2744 5682 3025 5746 postquam
3056 5680 3236 5729 autem
3262 5675 3331 5730 ab
3360 5674 3448 5730 illa
3477 5675 3705 5730 recessit

2115 5770 2691 5845 insania,'turbasquc
2740 5768 2884 5824 ciere
2928 5783 2992 5824 ac
3038 5767 3238 5824 bellum
3281 5768 3479 5828 inferre
3518 5768 3704 5837 desiit,
