4086 6474
538 343 645 398 127

537 469 721 512 rursus
750 455 996 519 Paulum,
1027 467 1146 508 cum
1175 463 1392 519 pausam
1411 445 1648 511 fecisset,
1673 453 1876 498 mutato
1907 443 2122 498 nomine

537 551 736 606 dictum
763 562 884 604 esse
907 562 924 611 ;
953 543 1046 600 sed
1077 543 1238 597 futilis
1260 551 1314 596 et
1345 539 1477 594 falsa
1505 547 1588 593 est
1608 537 1724 591 haec
1749 537 1940 603 oratio,
1966 547 2125 612 atque

529 640 735 695 idcirco
759 653 789 692 a
820 650 905 692 me
937 636 1139 706 prolata
1171 634 1221 687 in
1254 630 1488 686 medium
1514 671 1528 696 ,
1561 644 1628 683 ne
1658 627 1796 682 forte
1823 626 1978 682 nudis
2003 627 2122 697 qui-

533 735 759 789 husdam
791 745 1068 786 causarum
1117 725 1542 798 expositionibus
1571 723 1746 794 deeipi
1779 738 1874 778 vos
1913 722 2117 776 sinatis.

536 827 770 880 Primum
797 823 941 878 enim
972 828 1220 890 parentes
1261 817 1364 872 hoc
1391 817 1466 870 illi
1499 829 1694 871 nomen
1727 814 2118 884 imposuerunt,

534 931 638 968 non
668 911 809 983 quod
838 910 1113 981 prophetae
1140 907 1353 978 quidam
1387 914 1569 960 essent
1593 944 1608 968 ,
1636 912 1691 958 et
1718 903 1860 974 quod
1886 901 2120 957 futurum

529 1014 646 1060 erat
671 1002 1044 1074 prinvidcrent.
1081 997 1281 1053 Deinde
1315 997 1357 1049 si
1385 1004 1666 1066 propterea
1695 993 1884 1049 Saulus
1909 992 2123 1047 diceba-

529 1107 632 1162 tur,
666 1094 916 1165 quoniam
942 1091 1235 1146 Ecclesiam
1258 1088 1564 1158 exagitabat
1589 1097 1642 1140 et
1670 1085 1896 1140 vexabat
1921 1124 1934 1147 ,
1963 1097 2120 1153 opor-

529 1187 673 1240 lebat
702 1200 823 1238 eum
851 1225 865 1250 ,
893 1196 1013 1236 cum
1042 1180 1317 1250 exagitare
1352 1177 1600 1232 desiisset
1634 1175 1957 1240 Ecclesiam,
1988 1189 2119 1228 con-

530 1277 676 1330 tinuo
731 1288 923 1328 nomen
976 1285 1188 1342 quoque
1239 1269 1513 1339 deponere
1563 1285 1576 1322 :
1617 1267 1726 1337 jam
1783 1282 1910 1320 vero
1968 1266 2118 1320 illum

527 1369 774 1423 videmus
799 1407 814 1434 ,
855 1380 976 1420 cum
1006 1364 1190 1418 turbas
1219 1363 1364 1417 ciere
1392 1361 1648 1415 adversus
1675 1358 1970 1414 Ecclesiam
1999 1372 2118 1412 ces-

526 1468 701 1524 saret,
741 1473 935 1512 nomen
967 1455 1167 1510 idcirco
1194 1469 1298 1508 non
1327 1452 1639 1521 deposuisse
1665 1493 1679 1516 ,
1729 1466 1916 1504 verum
1945 1450 2120 1505 adhuc

529 1553 746 1608 Saulum
773 1566 892 1606 esse
918 1550 1260 1621 appellatum.
1292 1546 1368 1601 Nc
1403 1562 1529 1601 vero
1556 1545 1750 1616 putetis
1779 1545 1891 1598 lnL-c
1921 1543 2121 1599 idcirco

527 1663 558 1701 a
589 1662 672 1701 me
699 1647 804 1699 dici
825 1683 858 1709 ,ς
881 1653 937 1698 ut
963 1658 1058 1696 vos
1088 1640 1507 1696 circumveniam
1529 1680 1544 1703 ,
1575 1655 1687 1694 rem
1719 1639 1886 1708 ipsam
1914 1636 2064 1692 vobis
2087 1652 2118 1691 a

526 1739 701 1808 capite
733 1737 982 1791 narrabo.
1034 1734 1306 1805 Ejecerunt
1328 1774 1342 1799 ,
1374 1733 1545 1801 inquit
1568 1731 1860 1798 Scriptura,
1893 1729 2117 1797 Stepha-

527 1845 668 1893 num,
696 1837 740 1881 et
760 1825 1053 1897 lapidabant
1072 1841 1204 1889 eum,
1227 1833 1273 1876 et
1299 1832 1442 1876 testcs
1467 1822 1802 1892 deposuerunt
1830 1821 2118 1874 vestimenta

527 1937 620 1973 sua
645 1936 788 1972 secus
812 1919 963 1987 pedes
983 1915 1333 1978 adolescentis,
1361 1913 1448 1981 qui
1471 1911 1739 1966 vocabatur
1760 1910 1951 1966 Saulus
1979 1910 2113 1980 (Act.

528 2015 578 2067 7.
614 2012 704 2082 57)
730 2029 744 2077 ;
773 2021 825 2065 et
852 2026 1067 2076 rursus,
1113 2008 1305 2062 Saulus
1331 2017 1496 2060 autem
1532 2014 1638 2058 erat
1669 2005 1980 2058 consentiens
2010 2004 2117 2056 neci

526 2103 635 2173 ejus
670 2101 826 2172 (Ibid.
854 2116 902 2155 υ.
933 2100 1059 2167 59);
1109 2108 1164 2154 ct
1206 2097 1578 2173 alibiLSaulus
1621 2105 1788 2150 autem
1832 2095 2117 2148 devastabat

527 2192 810 2248 Ecclesium
833 2233 850 2259 ,
881 2208 969 2262 per
999 2191 1174 2244 domos
1204 2165 1399 2243 intrans
1421 2230 1435 2254 ,
1465 2198 1510 2242 et
1541 2188 1742 2241 trahens
1763 2187 1894 2241 viros
1920 2203 1978 2240 ac
2005 2204 2119 2239 mu-

525 2287 670 2340 lieres
701 2285 858 2357 (Ibid.
886 2285 937 2340 8.
973 2283 1062 2355 5);
1089 2292 1143 2338 et
1166 2298 1346 2337 rursus
1368 2322 1383 2348 ,
1415 2280 1609 2336 Saulus
1630 2290 1796 2334 autem
1817 2281 1984 2334 adhuc
2011 2280 2118 2350 spi-

523 2394 643 2431 rans
672 2377 833 2430 minas
862 2391 921 2428 ac
943 2377 1131 2429 caedem
1156 2375 1208 2427 in
1249 2373 1526 2441 discipulos
1573 2371 1779 2426 Domini
1806 2370 1911 2442 (Ib.
1940 2372 1994 2427 9.
2022 2371 2113 2441 1);

525 2479 577 2524 et
600 2484 784 2523 rursus
805 2510 820 2534 ,
870 2467 1072 2521 Audit-it
1100 2482 1267 2520 vocem
1294 2466 1537 2518 dicentem
1559 2463 1652 2517 sibi
1675 2505 1688 2528 ,
1724 2462 1902 2529 Saule,
1935 2461 2109 2528 Saule,

524 2563 646 2633 quid
685 2580 764 2616 me
790 2561 1096 2632 persequeris
1128 2559 1286 2630 (Ibid.
1313 2559 1366 2612 9.
1399 2558 1502 2626 4)?
1552 2560 1732 2627 Itaque
1761 2556 1997 2626 oportuit
2048 2570 2116 2610 ex

523 2657 626 2711 hoc
655 2665 893 2726 tempore
923 2663 979 2709 ut
1019 2653 1166 2709 Sauli
1207 2668 1400 2708 nomen
1448 2650 1705 2721 abjiceret
1730 2692 1746 2716 ,
1795 2648 2058 2718 siquidem
2083 2663 2114 2702 a

523 2747 935 2816 persequutione
973 2743 1292 2799 abstinebat.
1335 2741 1470 2796 Num
1519 2743 1676 2812 igitur
1701 2739 1983 2794 coiil‘estim
2016 2739 2112 2791 ah-

521 2838 680 2908 jecit?
700 2838 1064 2907 Nequaquam,
1085 2835 1243 2903 idque
1263 2850 1327 2887 ex
1356 2835 1418 2887 iis
1444 2849 1561 2903 qua:
1583 2842 1895 2902 sequuntur,
1919 2830 2110 2900 liquet:

524 2927 950 2989 animadvertite,
983 2940 1188 2995 quasso.
1224 2923 1460 2978 Surrexit
1489 2921 1678 2976 Saulus
1700 2922 1762 2974 de
1783 2930 1938 2989 terra,
1963 2938 2114 2988 aper-

525 3021 685 3090 tisque
705 3019 862 3072 oculis
901 3017 1030 3070 nihil
1064 3015 1254 3070 videbat
1281 3013 1385 3085 (Ib.
1414 3031 1462 3068 v.
1487 3015 1580 3085 8);
1629 3025 1682 3068 ct
1719 3028 1906 3068 rursus
1927 3054 1942 3079 ,
1973 3011 2115 3068 Dixit

525 3122 692 3164 autem
731 3108 945 3162 Anania:
976 3107 1223 3161 Dominus
1252 3123 1270 3160 :
1308 3105 1448 3159 Vade
1473 3107 1526 3159 in
1555 3107 1716 3159 vicum
1740 3145 1754 3169 ,
1785 3105 1892 3176 qui-
1911 3115 2116 3158 vocatur

528 3203 742 3268 Rectus,
773 3211 819 3256 et
848 3201 1065 3255 invenies
1084 3200 1138 3254 in
1159 3199 1309 3254 domo
1334 3197 1488 3252 Judee
1523 3197 1744 3252 Saulum
1773 3198 1976 3250 nomine
2006 3194 2110 3266 (Ib.

527 3311 574 3348 υ.
605 3295 661 3348 ll
699 3293 758 3363 );
788 3305 841 3347 et
869 3307 1054 3346 rursus
1075 3333 1090 3357 ,
1130 3289 1363 3344 Introivit
1387 3288 1615 3342 Ananias
1637 3330 1652 3355 ,
1685 3298 1729 3342 et
1763 3287 1926 3352 dixit,
1957 3286 2117 3342 Saule

524 3388 714 3456 frater,
751 3385 996 3440 Dominus
1032 3384 1164 3438 misit
1198 3399 1310 3448 me,
1343 3383 1429 3454 qui
1465 3381 1700 3452 apparuit
1728 3379 1815 3432 tibi
1844 3379 1896 3432 in
1918 3380 2028 3444 via,
2061 3386 2116 3430 ut

525 3480 691 3533 videas
723 3476 829 3547 (Ib.
855 3494 902 3531 υ.
934 3476 1042 3546 17).
1097 3475 1299 3530 Deinde
1338 3473 1499 3542 C(Bpil.
1542 3472 1867 3542 praedicare,
1903 3479 1957 3525 et
1982 3486 2117 3525 con-

524 3570 778 3625 l‘undehat
801 3567 1046 3634 Judaeos,
1081 3583 1180 3621 nec
1210 3576 1384 3621 tamen
1410 3567 1480 3620 ita
1502 3580 1694 3619 nomen
1721 3563 1985 3632 deposuit,
2019 3562 2114 3618 sed

523 3661 698 3715 adhuc
743 3660 935 3715 Saulus
977 3659 1273 3714 dicebatur.
1320 3657 1472 3712 Nota:
1504 3657 1684 3722 enim,
1727 3656 1932 3726 inquit,
1967 3659 2117 3726 factm

524 3759 638 3805 sunt
671 3750 838 3805 Saulo‘
853 3749 1051 3802 insidiae
1071 3747 1372 3803 Judteorum
1405 3746 1512 3812 (Ib.
1558 3763 1603 3801 υ.
1633 3747 1748 3819 24).
1780 3746 1917 3801 Num
1958 3747 2116 3817 igitur

524 3844 606 3898 his
635 3853 836 3898 tantum
867 3842 918 3896 in
947 3843 1121 3898 locis?
1171 3841 1545 3912 Nequaquam,
1577 3841 1670 3895 sed
1692 3883 1705 3905 ,
1735 3839 1898 3894 Facta
1933 3851 2004 3894 est
2035 3840 2116 3909 [u-

525 3957 648 4004 mes,
673 3938 841 4010 inquit
865 3980 878 4000 ,
909 3947 954 3990 et
983 3947 1353 4008 proposuerunt
1375 3936 1611 4005 discipuli
1635 3935 1828 3988 mittere
1855 3933 2117 4004 Jerosoly-

526 4050 659 4086 mam
685 4032 871 4086 sanctis
893 4030 946 4083 in
967 4030 1314 4082 ministerium.
1338 4027 1586 4081 Miserunt
1611 4035 1777 4079 autem
1799 4043 1886 4096 per
1911 4041 2115 4078 manum

524 4121 774 4176 Barnath
799 4129 842 4174 et
877 4118 1024 4174 Sauli
1065 4117 1172 4186 (Ib.
1204 4119 1291 4172 11.
1316 4117 1406 4171 29.
1437 4116 1548 4186 50).
1574 4116 1714 4171 Ecce
1737 4117 1934 4170 sanctis
1962 4117 2116 4171 mini-

525 4222 694 4273 strat,
739 4221 792 4265 et
834 4209 1008 4263 adhuc
1035 4209 1228 4262 Saulus
1256 4209 1490 4262 dicitur:
1533 4216 1588 4262 et
1617 4217 1800 4276 postea
1845 4208 2116 4277 ingrt-ssns

525 4317 611 4362 est
633 4303 904 4359 Barnabas
931 4300 1266 4356 Antiochiam
1293 4341 1307 4365 ,
1350 4309 1403 4353 et
1427 4299 1614 4353 videns
1641 4301 1863 4368 gratiam
1891 4298 1981 4353 Dei
2007 4339 2022 4364 ,
2063 4309 2117 4354 et

529 4416 772 4471 magnam
796 4397 865 4453 ibi
889 4411 1007 4452 esse
1034 4395 1450 4460 multitudinem,
1478 4391 1746 4462 prolectus
1767 4402 1847 4448 est
1867 4392 2112 4453 Tarsum.

528 4507 582 4550 ut
610 4501 874 4566 quaereret
900 4491 1118 4548 Saulum
1143 4487 1248 4560 (Ib.
1277 4487 1348 4542 22
1364 4496 1408 4540 et
1427 4487 1582 4558 sqq.).
1608 4487 1744 4542 Ecce
1770 4487 1963 4541 multos
1989 4502 2116 4542 con-

527 4587 722 4649 vertit,
761 4593 816 4639 et
839 4583 1032 4639 Saulus
1059 4581 1286 4647 dicitur;
1329 4588 1385 4636 et
1424 4594 1647 4646 rursus,
1683 4579 1878 4645 Erant,
1922 4579 2111 4650 inquit,

525 4674 806 4728 Antiochia:
842 4675 895 4727 in
935 4672 1162 4727 Ecclesia
1186 4715 1201 4739 ,
1247 4687 1359 4742 qute
1404 4671 1511 4725 illic
1550 4679 1695 4735 erat,
1741 4671 1999 4739 praplteta:
2023 4709 2037 4735 ,
2066 4681 2116 4746 et

529 4770 755 4821 doctores
777 4809 792 4833 ,
826 4765 1048 4836 Symeon
1081 4764 1164 4834 qui
1203 4763 1472 4817 vocabatur
1498 4761 1681 4832 Niger,
1723 4771 1766 4815 et
1805 4761 1993 4816 Lucius
2023 4761 2115 4832 δυο

528 4875 746 4924 remeas,
780 4867 824 4912 et
851 4859 1138 4922 Manahen,
1168 4856 1252 4921 qui
1278 4865 1382 4910 erat
1417 4853 1637 4909 Herodis
1668 4853 1933 4908 tetrarcha:
1956 4853 2116 4907 colla-

529 4961 754 5016 ctaneus,
781 4960 826 5002 et
864 4947 1056 5003 Saulus
1084 4947 1191 5017 (Ib.
1228 4947 1311 5002 l5.
1345 4946 1419 5017 1).
1453 4946 1592 5000 Ecce
1621 4955 1675 5000 ct
1719 4947 1906 5000 doctor
1944 4944 2113 5000 factus

527 5050 718 5096 eratet
743 5042 1019 5110 prephcla,
1038 5048 1092 5094 et
1110 5038 1284 5093 adhuc
1300 5037 1492 5092 Saulus
1507 5037 1798 5092 dicebatur.
1821 5037 1885 5091 Et
1904 5051 2110 5100 rursus,

533 5132 586 5186 Μ
594 5131 939 5186 inistrantibus
961 5141 1127 5184 autem
1144 5129 1247 5183 illis
1277 5127 1512 5195 Domino,
1539 5138 1584 5182 et
1595 5127 1966 5198 jejunantibus,
1985 5127 2114 5181 dixit

531 5226 756 5296 Spiritus
776 5234 977 5278 sanctus
1006 5239 1025 5277 :
1053 5223 1326 5293 Segregate
1357 5221 1478 5274 milii
1503 5219 1792 5274 Barnabam
1821 5229 1866 5274 et
1896 5219 2114 5274 Saulum

529 5319 633 5393 (Ib.
663 5335 709 5372 υ.
741 5319 821 5389 2).

597 5413 650 5466 5.
689 5411 839 5464 Pauli
886 5426 1066 5464 nomen
1114 5408 1198 5462 ubi
1251 5407 1468 5474 primunt
1514 5406 1806 5460 occurrerit.
1851 5433 1924 5445 —
1974 5405 2113 5459 Ecce

521 5503 688 5558 etiam
726 5519 752 5554 a
800 5502 1000 5572 Spiritu
1039 5511 1225 5554 sancto
1269 5510 1616 5569 scgregatur,
1660 5497 1885 5553 necdum
1935 5505 2109 5551 tamen

523 5609 721 5647 nomen
751 5593 1002 5663 deponit,
1033 5593 1125 5648 sed
1151 5592 1361 5662 quando
1390 5591 1532 5646 venit
1565 5590 1831 5645 Salamina
1851 5631 1866 5655 ,
1898 5588 2113 5658 quando

529 5699 739 5752 magum
761 5685 979 5750 invenit,
1011 5694 1133 5738 tunc
1161 5685 1234 5739 ait
1257 5684 1426 5738 Lucas
1443 5683 1508 5738 de
1540 5683 1628 5736 illo
1661 5700 1673 5736 :
1707 5682 1898 5736 Saulus
1919 5690 2108 5747 autem,

532 5774 612 5838 qui
634 5784 676 5825 et
706 5773 920 5842 Paulus_
950 5775 1170 5841 repletus
1189 5775 1385 5845 Spiritu
1415 5786 1587 5830 saneto
1609 5774 1658 5827 (Ii
1672 5775 1734 5828 rit
1759 5773 1862 5844 (Ib.
1915 5774 1996 5827 15.
2026 5771 2100 5844 9).

1291 336 1347 390 S.
1389 333 1666 390 JUANNIS
1701 328 2178 387 CI‘IRYSOSTOMI
2220 330 2536 387 ABCIHEP.
2577 332 3116 390 CONSTANTINOP.

3764 335 3865 390 1‘28

2237 441 2372 498 llinc
2398 445 2708 501 mutationis
2756 447 2984 502 nominis
3025 447 3229 502 initium
3257 459 3349 504 est
3385 449 3629 508 factum.
3659 451 3745 506 αθ
3785 467 3878 520 igi-

2233 542 2319 589 tur
2361 535 2750 606 defatigemur,
2799 539 2924 593 dum
2977 540 3239 596 rationem
3286 541 3448 596 hanc
3496 541 3871 613 impositionis

2231 630 2506 682 nominum
2533 630 2842 698 quaerimus.
2891 630 3165 700 Siquidem
3197 633 3496 687 nominum
3526 633 3782 688 inventio
3816 642 3868 690 in

2229 719 2574 774 saecularibus
2624 735 2834 790 quoque
2890 722 3117 792 negotiis
3168 724 3275 777 vim
3336 738 3466 778 non
3526 723 3862 781 mediocrem

2229 809 2450 864 obtinet.
2484 810 2615 865 Nam
2644 821 2698 866 et
2728 827 3100 881 saepenumero
3120 813 3283 869 efﬁcit
3309 857 3327 882 ,
3365 823 3433 868 ut
3461 823 3597 884 post
3632 817 3862 871 multum

2229 910 2440 973 tempus
2486 905 2723 973 elapsum
2770 905 3012 960 homines
3057 922 3460 974 agnoscamus,
3509 915 3571 962 et
3603 908 3857 964 latentem

2226 1001 2595 1064 c0gnationcm
2621 997 2867 1066 patefacit
2893 998 3126 1052 inventio
3157 1000 3475 1065 nominum,
3507 1010 3684 1071 atque
3711 1018 3861 1056 exor-

2229 1095 2308 1141 tas
2337 1087 2388 1140 in
2407 1087 2605 1155 judicio
2625 1088 2984 1144 dubitationes
3013 1089 3204 1155 solvit,
3234 1101 3286 1146 et
3321 1107 3551 1163 pugnas
3588 1093 3731 1147 tollit
3760 1135 3774 1157 ,
3810 1104 3859 1149 et

2226 1179 2420 1236 bellum
2464 1183 2754 1252 exstinguit
2791 1183 3026 1237 inventio
3069 1184 3345 1238 nominum
3371 1227 3388 1251 ,
3423 1200 3495 1239 ac
3522 1200 3677 1254 saepe
3717 1188 3858 1255 pacis

2227 1273 2470 1328 ineunda:
2494 1275 2830 1330 occasionem
2862 1275 3192 1344 suppeditat.
3219 1275 3376 1344 Quod
3414 1276 3462 1328 si
3499 1277 3859 1332 saecularibus

2227 1365 2279 1420 in
2325 1365 2552 1436 negotiis
2600 1366 2835 1421 inventio
2886 1367 3161 1422 nominum
3192 1376 3407 1422 tantum
3455 1369 3647 1435 valet,
3690 1369 3857 1426 multo

2226 1458 2394 1528 magis
2416 1458 2466 1512 in
2493 1458 2876 1528 Spiritualibus.
2909 1459 3012 1514 Sed
3033 1461 3178 1528 prius
3209 1475 3446 1516 necesse
3473 1470 3588 1528 est,
3622 1469 3684 1516 ut
3714 1462 3854 1532 ipsas

2223 1550 2545 1620 qumstiones
2569 1560 2817 1606 accurate
2845 1550 3228 1606 discernamus.

2299 1639 2524 1695 Nomina
2558 1643 2822 1695 immutata
2849 1643 2904 1696 in
2941 1631 3123 1695 Veteri.
3147 1641 3483 1698 Testamento
3502 1660 3526 1710 ;
3559 1643 3682 1699 cluat
3718 1661 3852 1714 qua:-

2223 1733 2408 1786 stiones
2437 1733 2500 1787 de
2528 1734 2790 1787 nominum
2825 1734 3121 1787 mutatione.
3145 1762 3217 1774 —
3241 1734 3497 1788 Primum
3532 1750 3669 1806 ergo
3698 1751 3843 1806 qua:-

2223 1824 2393 1886 ritur,
2425 1838 2525 1892 qua
2567 1823 2634 1878 de
2661 1837 2822 1877 causa
2862 1823 3177 1893 quibusdam
3219 1825 3430 1879 sanctis
3463 1825 3617 1880 Deus
3653 1841 3844 1880 nomen

2223 1914 2538 1984 imposuerit
2558 1956 2572 1977 ,
2605 1914 2922 1984 quibusdam
2961 1930 3069 1968 non
3099 1915 3443 1984 imposuerit.
3479 1914 3676 1986 Neque
3705 1917 3840 1971 enim

2223 2007 2469 2062 omnibus
2492 2008 2691 2061 sanctis
2713 2007 2924 2062 nomina
2948 2006 3201 2076 imposuit
3222 2007 3356 2075 ipse,
3386 2021 3576 2076 neque
3599 2006 3652 2060 in
3675 2005 3840 2071 Novo,

2222 2115 2395 2169 neque
2417 2101 2467 2153 in
2496 2099 2672 2154 Veteri
2697 2099 3068 2162 Testamento;
3099 2097 3352 2166 quodque
3377 2097 3435 2151 in
3459 2096 3622 2151 Novo
3643 2095 3836 2151 factum

2221 2201 2324 2257 est,
2349 2191 2400 2246 id
2423 2192 2582 2246 etiam
2609 2192 2663 2244 in
2688 2189 2890 2254 Veteri,
2915 2200 2969 2244 ut
2998 2205 3162 2243 unum
3191 2189 3480 2258 utriusque
3503 2187 3836 2242 Testamenti

2225 2283 2506 2337 Domimun
2534 2297 2654 2337 esse
2677 2296 2990 2351 cognoscas.
3023 2279 3204 2348 Itaque
3233 2280 3284 2333 in
3313 2279 3476 2334 Novo
3507 2278 3729 2350 quidem
3759 2277 3836 2333 Si-

2223 2376 2367 2429 moni
2392 2374 2640 2430 Christus
2667 2373 2808 2428 Petri
2838 2387 3031 2428 nomen
3061 2371 3335 2442 imposuit,
3358 2380 3418 2426 et
3439 2370 3572 2425 [iliis
3593 2369 3834 2424 Zebeda-i

2221 2465 2420 2522 Iacobo
2450 2476 2504 2520 et
2539 2464 2731 2520 Joanni
2766 2464 3025 2519 Filiorum
3055 2463 3306 2529 tonitrui,
3339 2463 3481 2518 solis
3510 2462 3631 2516 istis
3664 2479 3678 2516 :
3710 2460 3829 2516 reli-

2221 2575 2447 2630 quorum
2469 2567 2646 2613 autem
2675 2557 3058 2628 discipulorum
3084 2557 3309 2622 nemini,
3339 2556 3443 2611 sed
3467 2571 3600 2612 suas
3625 2555 3728 2609 illis
3747 2568 3830 2621 ap-

2221 2652 2538 2722 pellationes
2576 2652 2822 2721 reliquit,
2855 2667 2985 2722 quas
3033 2667 3063 2706 a
3109 2650 3372 2721 principio
3419 2658 3682 2721 parentes
3729 2649 3830 2704 illis

2221 2745 2612 2815 imposuerant;
2648 2747 2700 2799 in
2734 2745 2913 2800 Veteri
2944 2755 3124 2800 autem
3154 2744 3469 2799 Abrahamo
3503 2759 3702 2799 nomen
3733 2742 3826 2795 im—

2222 2837 2447 2891 mutavit
2477 2837 2618 2891 Deus
2646 2845 2700 2892 et
2725 2836 2890 2891 Jacob
2923 2854 2936 2889 :
2969 2851 3072 2890 non
3105 2837 3230 2892 item
3261 2835 3496 2904 Joseph,
3531 2849 3708 2904 neque
3733 2832 3824 2889 Sa-

2220 2929 2383 2984 mueli
2409 2969 2422 2994 ,
2458 2943 2632 2998 neque
2660 2929 2842 2983 Davidi
2869 2971 2883 2993 ,
2914 2943 3088 2998 neque
3119 2929 3284 2984 Helia:
3309 2970 3325 2994 ,
3360 2944 3546 3000 neque
3599 2927 3816 2992 Elismo,

2219 3035 2395 3091 neque
2415 3020 2625 3074 caeteris
2653 3019 2952 3089 prephetis,
2981 3020 3074 3074 sed
3103 3029 3156 3074 ut
3185 3020 3393 3089 priores
3418 3021 3494 3074 illi
3518 3018 3823 3088 appellatio-

2221 3131 2315 3170 nes
2347 3115 2660 3179 retinerent,
2689 3113 2949 3182 permisit.
2984 3112 3108 3168 limo
3131 3113 3344 3183 quidem
3376 3113 3554 3184 prima
3581 3119 3819 3180 estquin-

2220 3206 2354 3273 stio,
2386 3220 2550 3276 quare
2591 3203 2907 3275 quibusdam
2935 3218 3004 3259 ex
3046 3205 3244 3258 sanctis
3284 3205 3572 3258 immutata
3606 3202 3710 3257 sint
3733 3215 3820 3254 nn-

2221 3300 2387 3362 mina,
2427 3298 2744 3368 quibusdam
2781 3312 2884 3352 non
2930 3297 3055 3352 item
3086 3314 3098 3349 :
3129 3295 3361 3351 secunda
3387 3309 3523 3351 vero
3545 3304 3662 3366 post
3684 3293 3817 3348 illam

2222 3403 2324 3458 cst,
2353 3409 2449 3445 cur
2470 3408 2534 3445 ex
2565 3391 2647 3444 his
2677 3390 2993 3460 quibusdam
3024 3390 3076 3442 in
3105 3387 3277 3443 media
3303 3396 3471 3442 aetate
3501 3394 3700 3443 mutata
3721 3383 3817 3437 sint

2221 3483 2459 3548 nomina,
2483 3481 2800 3552 quibusdam
2831 3481 2897 3536 ab
2927 3481 3098 3546 initio,
3117 3489 3277 3550 atque
3307 3490 3436 3535 ante
3461 3488 3661 3535 ortum.
3692 3475 3811 3530 Nam

2222 3575 2381 3630 Petro
2408 3575 2622 3644 quidem
2653 3582 2708 3629 et
2733 3572 2935 3629 Jacobo
2959 3581 3014 3628 et
3039 3571 3228 3627 Joanni
3259 3571 3311 3625 in
3341 3571 3522 3626 media
3549 3578 3705 3624 mune
3729 3579 3814 3618 no-

2221 3667 2362 3721 mina
2401 3665 2645 3720 Christus
2690 3663 2990 3719 immutavit
3034 3682 3047 3718 :
3085 3661 3273 3718 Joanni
3318 3671 3504 3717 autem
3536 3659 3808 3729 Baptista},

2224 3760 2529 3830 priusquam
2563 3758 2721 3812 etiam
2747 3773 2810 3812 ex
2843 3767 2992 3811 utero
3018 3755 3203 3810 matris
3233 3754 3497 3824 prodiret.
3531 3751 3673 3806 Venit
3692 3748 3812 3803 enim

2222 3850 2429 3920 angelus
2469 3847 2676 3901 Domini
2701 3887 2714 3910 ,
2742 3857 2788 3900 et
2819 3847 2944 3900 dixit
2973 3863 2991 3901 :
3025 3846 3106 3900 Ne
3138 3846 3335 3911 timeas,
3379 3845 3636 3899 Zacltaria
3663 3859 3681 3896 :
3706 3854 3808 3894 ecce

2221 3959 2351 3996 uxor
2379 3952 2464 3995 tua
2495 3939 2720 3995 Elisabet
2760 3941 2919 4010 pariet
2955 3941 3118 4008 ﬁlium
3141 3982 3155 4004 ,
3185 3948 3235 3994 et
3267 3937 3472 3993 vocabis
3506 3952 3683 3991 nomen
3711 3933 3808 4001 ejus

2221 4032 2474 4087 Joannem
2499 4031 2658 4103 (Luc.
2686 4033 2737 4086 1.
2769 4031 2889 4102 15).
2919 4031 3081 4086 Vides
3109 4030 3420 4101 impositum
3445 4030 3519 4085 illi
3545 4028 3702 4100 fuisse
3722 4037 3806 4076 uo-

2222 4140 2367 4188 men,
2398 4136 2681 4193 antequam
2725 4124 3079 4178 nasceretur?
3111 4123 3224 4178 Hoc
3252 4131 3305 4177 et
3333 4123 3388 4177 in
3421 4119 3600 4177 Veteri
3629 4111 3804 4172 accidit

2223 4216 2586 4270 Testamento.
2613 4213 2681 4270 Ut
2708 4214 2852 4268 enim
2884 4213 2934 4267 in
2964 4213 3113 4269 Novo
3138 4213 3325 4268 Petrus
3351 4211 3570 4282 quidem
3590 4219 3642 4264 et
3658 4206 3802 4263 Jaco-

2223 4306 2323 4361 bus
2351 4315 2405 4360 et
2442 4306 2678 4360 Joannes
2707 4305 2762 4360 in
2792 4305 2932 4359 virili
2976 4313 3137 4359 aetate
3184 4318 3380 4358 nomen
3428 4300 3572 4358 allud
3598 4308 3801 4362 accepe-

2221 4407 2364 4465 runt,
2389 4410 2440 4454 et
2465 4398 2660 4468 duplici
2689 4398 2905 4453 nomine
2930 4407 3053 4451 sunt
3080 4397 3354 4466 appellati,
3377 4397 3614 4452 Joannes
3633 4397 3791 4444 autem

2224 4489 2456 4558 Baptista
2488 4505 2682 4544 nomen
2712 4489 2914 4557 accepit
2954 4497 3241 4558 antequam
3275 4496 3584 4543 nasceretur
3613 4501 3625 4536 :
3655 4481 3728 4536 sic
3750 4485 3798 4531 et

2223 4582 2275 4635 in
2308 4579 2484 4635 Veteri
2517 4582 2826 4637 Abrahamo
2853 4581 3066 4650 quidem
3097 4591 3151 4636 et
3177 4579 3342 4636 Iacob
3371 4581 3426 4634 in
3458 4577 3626 4634 media
3654 4578 3793 4628 astate

2229 4689 2424 4729 nomen
2453 4684 2534 4730 est
2566 4674 2902 4728 immutatum
2930 4691 2944 4737 ;
2980 4689 3102 4728 nam
3135 4674 3223 4728 ille
3248 4674 3465 4743 quidem
3494 4671 3683 4726 Abram
3708 4675 3790 4716 vo-

2227 4767 2480 4832 cabatur,
2521 4775 2576 4820 et
2615 4764 2882 4820 Abraham
2923 4773 3141 4820 vocatus
3184 4773 3268 4820 est
3302 4782 3316 4820 :
3349 4764 3437 4820 hic
3478 4775 3601 4817 vero
3641 4751 3790 4812 Iacob

2222 4859 2528 4920 vocabatur,
2559 4867 2612 4913 ct
2639 4857 2800 4912 lsrael
2827 4865 2910 4912 est
2933 4867 3172 4912 vocatus.
3203 4855 3352 4910 lsaac
3379 4863 3555 4910 autem
3587 4862 3687 4905 non
3707 4845 3790 4909 ita.

2221 4951 2316 5006 sed
2361 4961 2644 5019 antequam
2699 4957 2849 5017 partu
2901 4947 3189 5013 ederetur,
3233 4962 3429 5002 nomen
3477 4940 3695 5010 accepit;
3743 4939 3788 4985 ει

2199 5043 2675 5114 quemadmodum
2706 5041 2814 5096 illic
2839 5041 3064 5111 angelus
3091 5040 3224 5094 dixit
3255 5057 3270 5094 :
3305 5037 3448 5094 Umor
3477 5046 3560 5091 tua
3587 5034 3637 5086 in
3661 5036 3786 5083 utero

2219 5136 2483 5205 concipiet,
2516 5143 2562 5188 et
2593 5135 2753 5205 pariet
2780 5133 2964 5201 ﬁlium,
2995 5142 3042 5186 et
3075 5131 3273 5186 vocabis
3298 5146 3480 5185 nomen
3507 5128 3611 5198 ejus
3635 5119 3784 5175 Joan-

2221 5243 2334 5280 nem
2355 5241 2374 5279 :
2405 5227 2476 5280 ita
2507 5225 2592 5279 hic
2619 5239 2834 5295 quoque
2862 5225 3004 5280 Deus
3044 5223 3110 5278 ad
3157 5223 3426 5278 Abraham
3465 5218 3591 5276 dixit
3617 5232 3629 5268 :
3657 5207 3784 5266 Uxor

2221 5327 2308 5370 tua
2339 5316 2501 5372 Sarra
2538 5316 2699 5387 pariet
2742 5315 2905 5384 [ilium
2930 5356 2944 5379 ,
2986 5323 3034 5368 et
3076 5313 3275 5368 vocabis
3318 5327 3497 5366 nomen
3523 5307 3629 5378 ejus
3647 5300 3782 5355 Isaac

2220 5409 2392 5478 (Gen.
2427 5410 2512 5464 17.
2560 5409 2685 5479 19).
2720 5407 2836 5466 Una
2879 5408 3040 5478 igitur
3070 5407 3188 5462 haec
3229 5405 3454 5476 quaestio
3493 5409 3606 5462 est,
3633 5404 3775 5479 ulla":

2220 5499 2490 5556 nonnullis
2512 5477 2771 5554 mutatum
2791 5499 2859 5553 sit
2874 5477 3090 5563 nomen,
3120 5497 3390 5552 nonnullis
3410 5507 3530 5548 vero
3551 5477 3776 5540 minime:

2219 5591 2382 5646 altera
2414 5605 2542 5645 vero
2577 5589 2646 5645 ab
2688 5589 2770 5644 illa
2793 5629 2808 5653 ,
2841 5604 2937 5644 cur
2974 5587 3188 5643 tandem
3231 5585 3496 5641 nonnullis
3547 5573 3707 5633 medio
3729 5579 3776 5620 ιη

2216 5683 2390 5739 astatis
2415 5682 2641 5738 decursu
2663 5723 2678 5748 ,
2710 5679 2981 5736 nonnullis
3009 5679 3169 5734 etiam
3212 5688 3489 5747 antequam
3519 5675 3775 5724 nasceren-

2220 5783 2339 5838 tur;
2369 5772 2528 5844 idque
2558 5774 2607 5826 in
2639 5780 2864 5840 utroque
2892 5770 3257 5826 Testamento.
3285 5765 3393 5822 Nos
3420 5771 3584 5819 autem
3610 5757 3667 5808 ad
3689 5755 3776 5817 Ρ⁰⁹
