4086 6408
336 477 437 535 ιττ

338 592 749 668 μετωνομάσθη
772 608 786 623 °
836 593 952 650 ἀλλ’
998 592 1164 658 ἕωλος
1208 583 1364 657 οὗτος
1415 594 1444 647 6
1491 592 1649 661 λόγος
1696 595 1789 648 καὶ
1831 595 1933 648 οὐκ

338 684 569 757 ἀληθὴς,
603 685 704 739 καὶ
739 684 829 738 διὰ
859 683 1020 738 τοῦτο
1048 683 1212 738 αὑτὸν
1243 683 1467 738 τέθεικα
1499 685 1580 748 είς
1618 684 1813 756 μέσον,
1852 685 1939 737 ἵνα

343 777 424 850 μὴ
457 776 889 850 παρακρούησθε
932 779 1053 841 ταῖς
1084 776 1270 847 ψιλαῖς
1301 778 1671 848 αἰτιολογίαις.
1711 778 1936 850 Πρῶτον

344 871 449 942 μὶν
467 869 576 942 γάρ
602 870 653 923 οἱ
679 872 859 938 γονεῖς
886 868 1037 941 αὐτῷ
1064 869 1224 924 τοῦτο
1252 869 1528 925 τεθείκασι
1552 870 1791 943 τοῦνομα
1815 870 1938 942 οὐχὶ

341 963 622 1037 προφῆται
666 979 813 1027 τινες
856 962 1029 1026 ὄντες,
1086 963 1181 1017 καὶ
1226 962 1289 1016 τὸ
1327 962 1520 1035 μέλλον
1569 963 1932 1035 προορῶντες.

343 1059 580 1112 Ἔπειτα
619 1059 670 1111 εί
713 1055 805 1110 διά
852 1056 1013 1110 τοῦτο
1064 1056 1266 1119 Σαῦλος
1312 1057 1553 1125 ὲλέγετο,
1596 1056 1786 1129 ἐπειδὴ
1836 1056 1935 1128 τὴν

352 1146 683 1218 Ἐκκλησίαν
712 1146 937 1199 ἐσάλευε
966 1145 1063 1199 καὶ⁵
1092 1146 1410 1218 ἐτάραττεν,
1442 1145 1548 1198 ἔδει
1583 1147 1935 1217 παυσάμενον

342 1240 509 1295 αὑτὸν
545 1237 640 1292 τοῦ
683 1236 934 1292 σαλεύειν
983 1236 1082 1308 τὴν
1139 1235 1468 1307 Ἐκκλησίαν
1504 1234 1707 1299 εὐθέως
1742 1234 1836 1289 καὶ
1874 1234 1934 1287 τὸ

341 1332 517 1404 ὄνομα
570 1328 907 1385 ἀποθέσθαι·
964 1327 1060 1382 νῦν
1111 1327 1168 1381 δὲ
1209 1326 1428 1400 ὁρῶμεν
1471 1327 1632 1381 αὑτὸν
1686 1325 1780 1380 τοῦ
1836 1326 1933 1398 μὲν

343 1423 512 1479 σάλου
536 1422 644 1477 τῶν
666 1420 808 1476 κατά
836 1420 936 1492 τῆς
971 1418 1296 1491 Ἐκκλησίας
1328 1420 1663 1485 ἀποστάντα,
1684 1419 1746 1472 τὸ
1765 1419 1936 1492 ὄνομα

339 1516 403 1571 δὲ
435 1514 583 1588 [Ill]
616 1515 718 1568 οὐκ
743 1513 1106 1584 ἀποθέμενον,
1135 1511 1251 1566 ἀλλ’
1283 1510 1363 1565 ἔτι
1386 1512 1592 1566 Σαῦλον
1620 1511 1933 1583 λεγόμενον.

344 1605 454 1660 Καὶ
479 1606 570 1660 ἴνα
593 1604 668 1677 μὴ
693 1604 952 1676 νομίσητε
975 1603 1057 1657 ὃτι
1083 1602 1567 1676 παρακρουόμενος
1594 1602 1738 1674 ὑμᾶς
1762 1603 1937 1657 ταῦτα

341 1699 511 1767 λέγω,
538 1695 743 1753 ἄνωθεν
763 1696 893 1767 ὑμῖν
915 1693 1074 1749 τοῦτο
1094 1695 1573 1767 άπαριθμήσομαι.
1611 1694 1937 1761 Ἐξέϐαλον

341 1791 453 1845 τὸν
486 1787 810 1858 Στέφανον,
847 1786 1001 1857 φησὶ,
1034 1786 1128 1840 καὶ
1163 1786 1557 1840 ἐλιθοϐόλουν
1583 1785 1802 1853 αὐτὸν,
1832 1786 1932 1842 καί

338 1885 400 1938 al
425 1880 724 1952 μάρτυρες
752 1878 1043 1935 ἀπέθεντο
1070 1878 1141 1932 τὰ
1163 1876 1363 1946 ἱμάτια
1385 1875 1586 1932 αὐτῶν
1610 1878 1772 1947 παρὰ
1792 1877 1936 1945 τοὺς

340 1973 539 2041 πόδας
583 1973 829 2027 νεανίου
868 1971 1248 2041 καλουμένου
1288 1970 1560 2024 Σαύλου⁶
1602 1971 1713 2024 καὶε
1735 1968 1932 2036 πάλιν,

340 2064 582 2132 Σαῦλος
624 2062 694 2117 δὲ
730 2063 812 2133 ἦν
842 2061 1233 2117 συνευδοκῶν
1267 2059 1343 2129 τῇ
1377 2060 1681 2131 ἀναιρέσει
1714 2061 1932 2116 αὐτοῦ’

341 2156 440 2212 καὶ
471 2154 726 2227 ἀλλαχοῦ,
760 2154 998 2221 Σαῦλος
1029 2153 1098 2208 δὲ
1132 2153 1489 2222 ἐλυμαίνετο
1526 2154 1642 2223 τὴν
1682 2153 1935 2222 Ἐκκλη-

338 2249 493 2326 σίαν
528 2248 681 2303 κατὰ
726 2248 869 2316 τοὺς
907 2247 1118 2314 οῑκους
1160 2249 1694 2317 είσπορευόμενος,
1732 2247 1937 2315 σύρων

339 2357 412 2396 τε
451 2338 676 2409 ἄνδρας
720 2340 817 2394 καὶ
855 2339 1149 2409 γυναῖκας
1166 2355 1180 2370 ·
1230 2339 1326 2392 καὶ
1358 2339 1551 2405 πάλιν,
1597 2339 1834 2406 Σαῦλος
1867 2338 1938 2393 δὲ

339 2432 433 2486 ἔτι
460 2431 735 2502 ἐμπνέων
762 2430 1019 2500 ἀπειλῆς
1043 2433 1140 2486 καὶ
1166 2432 1358 2501 φόνου
1382 2433 1470 2499 είς
1499 2430 1641 2499 τοὺς
1663 2429 1936 2501 μαθητὰς

343 2523 452 2579 τοῦ
479 2523 720 2592 Κυρίου·
752 2524 847 2577 καὶ
872 2522 1055 2587 πάλιν,
1091 2524 1358 2579 ’Ἤκουσε
1387 2522 1599 2593 φωνὴν
1623 2522 1936 2593 λέγουσαν

337 2616 526 2683 αὐτῷ,
547 2618 764 2684 Σαοὺλ,
791 2617 1013 2680 Σαοὺλ,
1036 2617 1094 2671 τί
1112 2634 1189 2686 με
1214 2616 1485 2682 διώκεις;
1511 2615 1722 2670 Οὐκοῦν
1749 2614 1937 2671 ἐντεῦ-

339 2711 440 2763 θεν
474 2708 636 2764 αὐτὸν
666 2709 774 2763 ἔδει
812 2709 999 2763 λοιπὸν
1036 2708 1342 2763 ἀποθέσθαι
1370 2708 1431 2763 τὸ
1457 2709 1651 2779 ὄνομα,
1693 2709 1789 2763 καὶ
1825 2709 1935 2781 γάρ

338 2803 556 2873 ἀπέστη
585 2801 678 2857 τοῦ
703 2801 943 2858 διώκειν.
978 2803 1043 2855 Τί
1071 2798 1201 2868 οῦν;
1228 2801 1430 2867 εὐθέως
1458 2801 1721 2868 ἀπέθετο;
1758 2801 1934 2856 Οὐδα-

344 2894 488 2964 μῶς,
520 2895 614 2948 καὶ
654 2893 812 2949 τοῦτο
863 2898 928 2949 ὲκ
967 2894 1080 2951 τῶν
1127 2896 1253 2967 ἑξῆς
1285 2895 1479 2966 δῆλον·
1530 2897 1785 2949 σκοπεῖτε
1836 2895 1930 2950 δέ⁹

353 2984 604 3055 Ἠγέρθη
648 2987 885 3054 Σαῦλος
916 2987 1036 3043 ἀπὸ
1074 2986 1185 3056 τῆς
1228 2986 1374 3057 γῆς,
1407 2987 1507 3042 καὶ
1543 2988 1936 3059 ἀνεῳγμένων

340 3074 468 3130 τῶν
500 3076 825 3148 ὀφθαλμῶν
851 3078 1040 3134 αὐτοῦ
1067 3078 1288 3133 οὐδένα
1319 3078 1537 3134 ἕϐλεπε
1556 3097 1569 3111 ·
1613 3081 1707 3134 καὶ
1733 3080 1895 3136 πάλιν
1916 3096 1929 3110 ·

342 3165 497 3226 Εἷπε
526 3170 595 3224 δὲ
621 3171 839 3240 Κύριος
885 3170 965 3237 τῷ
1024 3172 1289 3240 Ἁνανίςν
1332 3173 1659 3242 Πορεύθητι
1699 3174 1788 3239 εἰς
1819 3172 1935 3243 τὴν

334 3263 544 3332 ῥύμην
586 3263 969 3332 καλουμένην
1008 3262 1266 3319 Εὐθεῖαν
1289 3306 1302 3330 ,
1349 3263 1634 3334 εὑρήσεις
1667 3264 1736 3319 ἐν
1778 3265 1936 3333 οἰκίᾳ

353 3353 546 3410 Ἰούδα
593 3354 832 3410 Σαῦλον
872 3356 1151 3426 ὀνόματι·
1203 3355 1298 3409 καὶ
1333 3355 1528 3423 πάλιν,
1565 3355 1875 3411 Εισελθὼν
1902 3359 1937 3410 ό

356 3447 627 3513 Ἁνανίας
663 3442 825 3513 εἷπε,
862 3446 1063 3502 Σαοὺλ
1098 3446 1357 3517 ἀδελφέ,
1391 3447 1741 3503 ἀπέσταλκε
1777 3464 1855 3519 με
1903 3451 1937 3504 ό

342 3542 581 3611 Κύριος,
613 3543 646 3595 ό
677 3539 882 3610 ὀφθείς
913 3555 1013 3594 σοι
1042 3540 1113 3594 ἐν
1144 3538 1219 3608 τῇ
1251 3538 1390 3606 όδῷ,
1423 3540 1526 3594 ἵνα
1556 3541 1932 3610 ἀναϐλέψῃς.

339 3628 485 3689 Εἶτα
513 3633 715 3706 ἦρξατο
743 3632 1042 3704 κηρύσσειν
1081 3634 1177 3686 καὶ
1208 3631 1428 3704 συνέχεε
1458 3632 1586 3694 τοὺς
1619 3633 1933 3699 Ἰουδαίους,

339 3729 444 3782 καὶ
481 3726 602 3781 οὐδὲ
638 3725 811 3790 οὕτως
835 3725 897 3779 τὸ
938 3725 1109 3794 ὄνομα
1142 3725 1397 3788 ἀπέθετο,
1449 3724 1565 3778 ἀλλ’
1612 3724 1692 3779 ἔτι
1732 3724 1939 3789 Σαῦλος

341 3819 584 3888 ἐλέγετο.
633 3816 929 3887 Ἐγνώσθη
966 3816 1096 3888 γὰρ,
1130 3817 1295 3888 φησὶ,
1342 3815 1424 3882 τῷ
1475 3817 1692 3882 Σαύλῳ
1734 3817 1772 3886 ἠ
1807 3815 1938 3869 ἐπι-

341 3911 539 3977 ϐουλὴ
582 3908 699 3964 τῶν
760 3910 1085 3965 Ἰουδαίων.
1131 3904 1255 3981 ’Ἆρ’
1302 3905 1398 3963 οῦν
1440 3907 1678 3963 ἐνταῦθα
1737 3908 1933 3980 μόνον;

339 4001 633 4073 Οὐδαμῶς,
668 4000 808 4068 ἀλλ’,
853 4000 1120 4070 Ἐγένετο
1157 4000 1354 4070 λιμὸς,
1394 3999 1549 4072 φησὶ,
1586 4000 1683 4054 καί
1710 3999 1939 4068 ὥρισαν

341 4096 404 4150 οι
426 4094 681 4165 μαθηταὶ
707 4093 938 4163 πέμψαι
961 4094 1051 4159 είς
1088 4093 1467 4162 Ἰεροσόλυμα
1489 4091 1614 4158 τοῖς
1638 4092 1830 4163 ἁγίοις
1850 4095 1939 4161 είς

342 4185 681 4241 διακονίαν.
718 4186 1039 4255 Ἔπεμψαν
1066 4183 1135 4238 δὲ
1165 4182 1262 4239 διὰ
1296 4184 1497 4254 χειρὸς
1527 4183 1803 4252 Βαρνάϐα
1837 4185 1937 4242 καί

342 4280 608 4335 Σαύλου.
660 4278 791 4331 Ἰδοὺ
828 4277 1069 4331 διακονεῖ
1102 4278 1215 4340 τοῖς
1247 4277 1445 4346 ἁγίοις,
1478 4277 1573 4331 καί¹
1614 4276 1697 4330 ἔτι
1734 4276 1940 4343 Σαῦλος

341 4369 588 4439 λέγεται.
618 4368 851 4440 Εἰσῆλθε
883 4368 979 4422 καὶ
1015 4367 1155 4439 μετά
1183 4365 1358 4422 ταῦτα
1382 4366 1671 4439 Βαρνάϐας
1699 4371 1780 4433 είς
1820 4369 1941 4423 Ἀν-

340 4458 608 4531 τιόχειαν,
637 4462 733 4513 καὶ
764 4457 888 4513 ἰδὼν
918 4458 1016 4531 τὴν
1044 4459 1209 4531 χάριν
1245 4458 1341 4511 τοῦ
1369 4458 1507 4513 Θεοῦ
1527 4500 1543 4527 ,
1574 4461 1669 4514 καί
1692 4460 1776 4513 ὅτι
1799 4460 1940 4532 πλῆ-

342 4551 446 4615 θος
487 4545 556 4622 ἦν
585 4551 704 4604 ἐκεῖ
738 4548 896 4613 πολὺ,
940 4548 1166 4619 ἐξῆλθεν
1214 4550 1295 4613 εἰς
1332 4549 1546 4621 Ταρσὸν
1594 4550 1939 4623 ἀναζητῆσαι

346 4640 573 4697 Σαῦλον.
632 4640 764 4695 Ἰδοὺ
803 4639 902 4694 καὶ
932 4640 1260 4711 ἐπιστρέφει
1294 4640 1544 4705 πολλοὺς,
1595 4643 1690 4695 καὶ
1734 4642 1940 4707 Σαῦλος

322 4736 565 4806 ,λέγεται
587 4751 599 4764 ·
633 4734 730 4788 καὶ
768 4734 931 4789 πάλιν
954 4752 968 4766 ο
1015 4730 1241 4798 Ἦσαν,
1272 4734 1439 4806 φησὶν
1459 4775 1472 4801 ,
1503 4734 1574 4788 ἐν
1617 4736 1941 4806 Ἀντιοχείᾳ

344 4829 501 4884 κατά
534 4828 649 4897 τὴν
673 4822 873 4883 οὖσαν
911 4827 1283 4894 Ἐκκλησίαν
1319 4826 1620 4897 προφῆται
1656 4827 1756 4882 καὶ
1785 4827 1939 4883 διδά-

341 4926 590 4986 σκαλοι,
618 4921 863 4993 Συμεὼν
884 4924 917 4975 ό
942 4921 1314 4990 καλούμενος
1338 4922 1535 4991 Νίγερ,
1563 4921 1662 4975 καὶ
1685 4923 1939 4989 Λούκιος

343 5020 383 5072 ό
411 5014 763 5085 Κὺρηναῖος,
799 5011 1051 5080 Μαναήν
1080 5031 1145 5067 τε
1184 5011 1435 5082 Ἡρώδου
1475 5014 1580 5068 τοῦ
1609 5013 1938 5085 τετράρχου

345 5109 727 5179 σύντροφος,
782 5106 879 5160 καὶ
936 5105 1195 5170 Σαῦλος.
1262 5105 1393 5158 Ἰδοὺ
1462 5107 1556 5160 καὶ
1618 5106 1939 5173 διδάσκαλος

345 5200 567 5269 ἐγένετο
600 5199 696 5252 καὶ
726 5197 1035 5268 προφήτηςς
1084 5196 1181 5249 καὶ
1208 5194 1289 5248 ἔτι
1321 5193 1526 5258 Σαῦλος
1552 5195 1792 5265 ἐλέγετο.
1828 5199 1940 5253 Καὶ

349 5291 543 5355 πάλιν,
580 5290 1098 5358 Λειτουργούντων
1138 5285 1209 5340 δὲ
1245 5284 1446 5341 αὐτῶν
1482 5286 1561 5353 τῷ
1602 5289 1797 5358 Κυρίῳ
1839 5291 1938 5345 καὶ

346 5382 793 5449 νηστευόντων,
818 5375 948 5433 εἷπε
982 5380 1048 5433 τὸ
1086 5377 1332 5448 Πνεῦμα
1358 5377 1424 5431 τὸ
1459 5377 1652 5447 ἅγιονο
1709 5380 1939 5449 Ἀφορί-

346 5473 502 5531 σατέ
519 5490 624 5544 μοι
653 5473 759 5526 τὸν
792 5470 1108 5540 Βαρνάϐαν
1132 5471 1231 5524 καὶ
1262 5468 1368 5525 τὸν
1398 5470 1660 5526 Σαῦλον.

421 5565 495 5636 γ’.
543 5565 676 5620 Ἰδοὺ
714 5564 810 5618 καὶ
837 5563 1158 5635 ἀφορίζεται
1195 5562 1304 5616 ὑπὸ
1333 5562 1425 5617 τοῦ
1465 5563 1806 5635 Πνεῦματος,
1843 5568 1941 5621 καὶ

345 5659 564 5716 οὐδέπω
587 5656 650 5710 τὸ
674 5654 846 5727 ὄνομα
875 5656 1216 5720 ἀποτίθεται,
1250 5655 1366 5710 ἀλλ’
1386 5656 1476 5709 ὅτε
1492 5651 1656 5726 ἦλθεν
1674 5658 1755 5721 είς
1771 5657 1943 5712 Σαλα.

353 5754 506 5826 μῖνα,
536 5751 628 5804 ὅτε
656 5748 748 5802 τὸν
774 5748 948 5819 μάγον
971 5741 1121 5819 εὗρε,
1146 5747 1269 5801 τότε
1304 5747 1469 5817 φησὶν
1495 5749 1523 5801 6
1565 5748 1783 5813 Λουκᾶς
1812 5753 1939 5823 περὶ

349 5846 519 5903 αὑτοῦ
539 5863 552 5877 ο
581 5844 817 5910 Σαῦλος
839 5841 927 5906 δὲ,
959 5846 991 5898 ό
1014 5845 1113 5897 καὶ
1149 5842 1412 5910 Παῦλος,
1436 5843 1735 5910 πλησθεὶς
1754 5846 1941 5900 Πνεύ-

346 5955 537 6011 ματος
573 5937 767 6007 ἁγίου,
802 5930 990 5989 εἷπεν.
1034 5932 1315 5989 Ἐντεῦθεν
1347 5934 1379 6005 ἡ
1418 5931 1560 6004 ἀρχὴ
1590 5932 1687 6003 τῆς
1715 5952 1934 6005 μετονο-

1485 484 1575 540 DE
1608 482 2015 542 MUTATIONE
2058 485 2400 545 NOMlNUM.
2436 485 2502 543 ll.

3532 492 3643 546 128

2047 594 2246 667 μασίας
2275 594 2506 665 ἐγίνετο.
2528 594 2622 667 Μὴ
2647 595 2826 651 τοίνυν
2854 597 3235 669 άποκάμωμεν
3266 594 3357 652 τόν
3376 600 3631 671 περὶτῶν

2038 688 2318 759 ὀνομάτων
2361 685 2551 742 τοῦτον
2598 686 2888 761 ζητοῦντες
2920 688 3101 759 λόγον.
3160 688 3477 762 Ὀνομάτων
3517 694 3629 767 γάρ

2038 776 2259 851 εὕρεσις
2286 778 2381 832 καὶ
2410 780 2468 833 ὲν
2498 781 2609 844 τοῖς
2640 778 2916 851 βιωτικοῖς
2955 781 3249 851 πράγμασι
3279 781 3483 853 πολλὴν
3515 782 3631 855 ἔχει

2039 869 2136 941 τὴν
2168 869 2341 942 ίσχύν.
2386 870 2499 925 Καὶ
2526 870 2638 942 γάρ
2665 871 3087 944 άναγνωρισμὺν
3132 870 3221 925 διὰ
3258 872 3461 927 πολλοῦ
3500 876 3630 947 χρό-

2038 979 2131 1016 νου
2152 962 2415 1027 πολλάκις
2442 964 2758 1035 είργάσατο,
2787 964 2883 1018 καὶ
2908 965 3232 1034 συγγένειαν
3255 965 3632 1021 λανθάνουσαν

2037 1055 2385 1127 ἐφανέρωσεν
2414 1055 2696 1127 ὀνομάτων
2720 1054 2958 1128 εὕρεσις,
2983 1058 3076 1110 καὶ
3098 1055 3545 1129 ἀμφισϐητήσεις
3571 1058 3630 1110 ὲν

2035 1146 2376 1218 δικαστηρίῳ
2406 1146 2596 1211 ἔλυσε,
2630 1146 2727 1201 καὶ
2765 1148 2946 1218 μάχας
2991 1148 3231 1216 καθεῖλε,
3268 1149 3363 1202 καὶ¹
3392 1148 3632 1221 πόλεμον

2036 1240 2260 1295 ἔσϐεσεν
2285 1242 2569 1313 ὀνομάτων
2596 1240 2837 1313 εὕρεσις,
2866 1243 2959 1295 καὶ
2983 1243 3244 1307 πολλάκις
3272 1242 3529 1308 ὑπόθεσις
3559 1244 3634 1296 εί-

2038 1333 2209 1405 ρήνης
2231 1333 2475 1403 γέγονεν.
2509 1334 2573 1387 El
2600 1333 2657 1387 δὲ
2692 1336 2750 1387 ὲν
2781 1336 2892 1398 τοῖς
2924 1334 3197 1405 βιωτικοῖς
3223 1334 3517 1407 πράγμασι
3544 1353 3632 1389 το-

2039 1424 2264 1497 σαύτηή
2292 1424 2525 1497 δύναμις
2549 1425 2650 1497 τῆς
2674 1424 2785 1478 τῶν
2816 1426 3098 1497 ὀνομάτων
3125 1426 3419 1498 εὑρέσεως,
3449 1425 3631 1497 πολλῷ

2041 1518 2243 1590 μᾶλλον
2285 1519 2344 1572 ὲν
2375 1521 2490 1583 τοῖς
2524 1522 2942 1590 πνευματικοῖς.
2989 1519 3264 1591 Πρότερον
3317 1519 3375 1572 δὲ
3414 1518 3632 1589 ἀνάγκη

2037 1608 2178 1664 αὐτὰ
2214 1607 2284 1662 τά
2334 1607 2621 1681 ζητήματα
2667 1610 2943 1681 διακρῖναι
2996 1610 3138 1680 μετὰ
3175 1608 3484 1681 ἀκριϐείας.
3522 1611 3631 1680 Ζη-

2038 1702 2212 1755 τεῖται
2250 1699 2429 1754 τοίνυν
2482 1698 2635 1773 [ΗΞ]
2672 1700 2891 1772 πρῶτον
2930 1699 3051 1772 μὲν,
3095 1700 3188 1753 διὰ
3221 1700 3275 1753 τί
3303 1700 3412 1754 τῶν
3463 1699 3633 1767 ἁγίων
3707 1711 3712 1715 ”

2036 1796 2162 1859 τοὺς
2192 1793 2291 1864 μὲν
2312 1793 2600 1865 ὠνόμασεν
2629 1796 2657 1848 6
2679 1793 2832 1860 Θεὸς,
2860 1794 2987 1856 τοὺς
3008 1793 3063 1846 δὲ
3090 1794 3191 1846 οὐκ
3218 1792 3524 1864 ὠνόμασεν.
3556 1792 3630 1845 Οὐ

2036 1886 2146 1958 γάρ
2178 1886 2243 1957 δὴ
2276 1885 2488 1949 πάντας
2511 1884 2636 1949 τοὺς
2666 1884 2858 1954 ἁγίους
2886 1883 3051 1947 αὐτὸς
3083 1883 3391 1954 ὠνόμασεν,
3426 1880 3550 1935 οὔτε
3574 1882 3633 1934 έν

2036 1980 2103 2049 τῇ
2140 1978 2316 2048 Καινῇ
2337 2019 2352 2042 ,
2395 1974 2521 2029 οὔτε
2560 1977 2620 2029 ὲν
2648 1977 2714 2048 τῇ
2746 1976 2962 2047 Παλαιᾷ
2981 1990 2994 2006 ·
3030 1974 3124 2028 καὶ
3150 1975 3289 2046 ὅπερ
3318 1973 3545 2042 γέγονεν
3576 1973 3634 2025 ιν

2034 2073 2101 2143 τῇ
2127 2074 2325 2142 Καινῇ,
2349 2069 2509 2124 τοῦτο
2537 2068 2632 2123 καὶ
2660 2072 2718 2123 έν
2742 2072 2809 2141 τῇ
2839 2068 3074 2141 Παλαιᾷ,
3102 2068 3191 2122 ἵνα
3216 2067 3415 2140 μάθῃς,
3445 2067 3526 2120 ὅτι
3552 2059 3634 2128 εἷς

2034 2165 2183 2218 ἐστιν
2217 2165 2246 2218 6
2274 2163 2555 2235 Δεσπότης
2593 2162 2873 2235 ἑκατέρων
2904 2161 3015 2215 τῶν
3062 2160 3360 2231 διαθηκῶν.
3402 2158 3490 2212 Ἐν
3534 2157 3634 2228 μὲν

2034 2254 2129 2313 οὖν
2170 2259 2236 2329 τῇ
2281 2258 2459 2327 Καινῇ
2502 2255 2595 2310 τὸν
2636 2255 2856 2327 Σίμωνα
2905 2256 2934 2307 6
2976 2253 3213 2326 Χριστὸς
3244 2251 3451 2323 Πέτρον
3497 2250 3636 2303 ὠνό-

2039 2369 2201 2424 μασε,
2240 2350 2335 2404 καὶ
2366 2348 2437 2403 τὰ
2469 2349 2637 2402 τέκνα
2675 2346 2964 2402 Ζεϐεδαίου
3013 2344 3270 2400 Ἰάκωϐον
3306 2343 3399 2395 καὶ
3445 2341 3631 2395 Ἰωάν-

2033 2462 2135 2517 νην
2165 2442 2328 2506 Υἱοὺς
2375 2440 2629 2512 βροντῆς,
2661 2439 2885 2501 τούτους
2934 2437 3158 2509 μόνους·
3198 2434 3307 2487 τῶν
3338 2434 3394 2487 δὲ
3427 2433 3632 2487 λοιπῶν

2038 2533 2298 2608 μαθητῶν
2329 2533 2551 2595 οὐδένα,
2579 2530 2695 2584 ἀλλ’
2736 2530 2949 2599 ἀφῆκεν
2978 2526 3178 2590 αὐτοὺς
3212 2528 3270 2579 ὲν
3307 2527 3428 2590 ταῖς
3459 2541 3632 2595 προσ-

2032 2627 2309 2699 ηγορίαις,
2343 2626 2401 2678 ὲν
2429 2617 2517 2687 αἶς
2548 2622 2730 2676 ἔθεντο
2758 2621 2957 2684 αὐτοὺς
2978 2619 3028 2672 οί
3058 2621 3240 2688 γονεῖς
3261 2618 3319 2684 ἐξ
3350 2617 3546 2689 ἀρχῆς·
3573 2620 3631 2670 ἐν

2031 2721 2089 2774 δὲ
2123 2721 2189 2790 τῇ
2232 2717 2446 2788 Παλαιᾷ
2474 2716 2567 2769 τὸν
2615 2713 2868 2785 Ἀϐραὰμ
2900 2713 2928 2767 6
2972 2711 3106 2774 Θεὸς
3140 2710 3493 2780 μετωνόμασε
3536 2708 3632 2761 καὶ

2032 2811 2126 2865 τὸν
2166 2808 2361 2864 Ἰακώϐ
2382 2826 2394 2838 ·
2427 2806 2552 2861 οὔτε
2584 2806 2639 2860 δὲ
2674 2806 2768 2859 τὸν
2806 2804 3027 2874 Ἰωσὴφ,
3065 2801 3191 2857 οὔτε
3224 2802 3318 2856 τὸν
3348 2800 3625 2871 Σαμουὴλ,

2031 2904 2157 2957 οὔτε
2180 2902 2273 2956 τὸν
2298 2899 2482 2964 Δαυῖδ,
2508 2898 2632 2953 οὔτε
2664 2899 2757 2952 τὸν
2795 2897 3001 2962 Ἠλίαν,
3030 2893 3153 2949 οὕτε
3175 2895 3265 2947 τὸν
3302 2894 3628 2956 Ἐλισσαῖον,

2032 2994 2157 3050 οῦτε
2205 2995 2332 3058 τοὺς
2369 2992 2594 3056 λοιποὺς
2643 2991 2963 3064 προφήτας,
3014 2986 3134 3043 ἀλλ’
3182 2987 3394 3057 ἀφῆκεν
3432 2985 3631 3048 αὐτοὺς

2033 3087 2127 3140 ἐπὶ
2155 3083 2261 3156 τῆς
2304 3080 2677 3156 προσηγορίας
2711 3080 2895 3152 μένειν
2923 3078 3023 3149 τῆς
3063 3079 3119 3131 ὲν
3158 3077 3326 3149 ἀρχῇ.
3385 3075 3481 3128 Ἐν
3532 3074 3631 3145 μὲν

2032 3174 2191 3231 τοῦτο
2246 3172 2463 3247 πρῶτον
2513 3170 2738 3243 ζήτημά
2778 3171 2918 3235 ἐστι,
2968 3166 3061 3222 διὰ
3111 3168 3166 3222 τί
3214 3166 3323 3220 τῶν
3367 3166 3540 3235 άγίων
3580 3166 3629 3218 οἱ

2037 3268 2136 3340 μὲν
2195 3264 2733 3338 μετωνομάσθησαν,
2776 3264 2827 3315 οι
2870 3261 2927 3315 δὲ
2973 3259 3070 3315 οῦ-
3117 3258 3368 3330 δεύτερον
3413 3259 3469 3311 δὲ
3511 3259 3629 3329 μετ’

2033 3361 2229 3426 ἐκεῖνο,
2262 3357 2350 3412 διά
2373 3358 2428 3411 τί
2455 3356 2661 3410 τούτων
2693 3356 2744 3409 οἱ
2780 3354 2877 3426 μὲν
2914 3355 2972 3406 ὲν
3004 3353 3147 3427 μέσῃ
3175 3354 3243 3423 τῇ
3286 3349 3472 3422 ἡλικίᾳ
3508 3364 3630 3421 μετ-

2033 3451 2398 3524 ωνομάζοντο,
2420 3450 2468 3504 οί
2494 3448 2551 3503 δὲ
2580 3446 2639 3513 ἐξ
2662 3447 2839 3519 ἀρχῆς
2860 3487 2873 3512 ,
2905 3446 3003 3500 καὶ
3029 3446 3136 3518 πρὸ
3168 3443 3347 3498 αὐτῶν
3375 3442 3483 3497 τῶν
3502 3440 3630 3497 ὠδί-

2034 3562 2164 3599 νων.
2197 3544 2304 3597 Τὸν
2328 3544 2427 3614 μὲν
2454 3541 2564 3613 γάρ
2593 3540 2801 3612 Πέτρον
2826 3540 2921 3593 καὶ
2957 3537 3215 3593 Ἰάκωϐον
3244 3537 3338 3589 καὶ
3376 3537 3632 3607 Ἰωάννην

2034 3637 2094 3690 ὲν
2124 3635 2263 3707 μέσῃ
2293 3637 2361 3706 τῇ
2391 3633 2583 3705 ἡλικίᾳ
2616 3632 3001 3704 μετωνόμασεν
3028 3632 3057 3683 6
3084 3628 3127 3683 Χ
3137 3628 3341 3701 ριστόςο
3378 3628 3634 3698 Ἰωάννην

2035 3729 2094 3783 δὲ
2111 3729 2205 3782 τὸν
2230 3726 2544 3798 Βαπτιστὴν
2575 3726 2682 3796 πρὸ
2705 3724 2889 3778 αὐτῶν
2917 3725 3023 3778 τῶν
3052 3721 3279 3776 ὠδίνων.
3296 3718 3487 3776 Ἦλθε
3521 3721 3632 3789 γὰρ

2034 3819 2291 3891 ἄγγελος
2338 3817 2582 3886 Κυρίου,
2614 3815 2712 3870 καί
2756 3810 2914 3868 εἷπε·
2942 3811 3033 3881 Μὴ
3073 3812 3282 3882 φοϐοῦ,
3328 3810 3628 3879 Ζαχαρία·

2039 3910 2168 3965 ίδοὺ
2201 3909 2241 3977 ἠ
2282 3908 2437 3981 γυνή
2478 3924 2596 3963 σου
2657 3904 2968 3961 Ἐλισάϐετ
3021 3903 3253 3969 τέξεται
3309 3901 3473 3966 υίόν,
3531 3900 3632 3955 καί

2036 4002 2315 4068 καλέσεις
2347 4000 2412 4054 τὸ
2436 4000 2625 4070 ὄνομα
2653 3998 2840 4053 αὑτοῦ
2882 3998 3177 4064 Ἰωάννην.
3202 3991 3355 4059 Εἶδες
3383 3994 3501 4058 πῶς
3524 3994 3631 4065 πρὸ

2035 4095 2144 4150 τῶν
2174 4094 2380 4149 ὠδίνων
2408 4095 2441 4165 ὴ
2484 4091 2864 4174 προσηγορία;
2905 4089 3077 4154 Τοῦτο
3101 4090 3197 4146 καὶ
3226 4090 3283 4141 ὲν
3313 4090 3380 4159 τῇ
3415 4088 3632 4156 Παλαιᾷ

2036 4190 2283 4259 γέγονεν.
2317 4189 2527 4259 Ὠσπερ
2553 4185 2663 4258 γὰρ
2700 4186 2759 4239 ὲν
2790 4186 2859 4256 τῇ
2888 4185 3064 4255 Καινῇ
3109 4185 3138 4236 6
3170 4181 3270 4253 μὲν
3302 4182 3508 4253 Πέτρος
3539 4179 3633 4234 καὶ

2049 4280 2307 4344 Ἰάκωϐος
2331 4280 2426 4334 καὶ
2462 4278 2715 4349 Ἰωάννης
2745 4279 2825 4341 εἰς
2846 4276 3049 4349 ἄνδρας
3068 4275 3354 4339 τελοῦντες
3389 4290 3631 4345 μετωνο-

2042 4371 2356 4444 μάσθησαν,
2398 4372 2494 4425 καὶ
2537 4369 2801 4440 διώνυμοι
2845 4368 3169 4438 γεγόνασιν,
3222 4368 3475 4436 Ἰωάννης
3510 4364 3569 4419 δὲ
3601 4366 3631 4419 6

2038 4463 2352 4535 Βαπτιστὴς
2396 4462 2504 4534 πρὸ
2551 4460 2732 4516 αὐτῶν
2775 4460 2884 4513 τῶν
2922 4459 3129 4531 ὠδίνων
3173 4460 3268 4510 καὶ
3306 4455 3413 4508 τῶν
3454 4455 3630 4510 τόκων

2038 4554 2199 4608 ἔλαϐε
2228 4554 2327 4626 τὴν
2350 4551 2746 4624 προσηγορίαν’
2777 4549 2922 4603 οὕτω
2944 4549 3040 4603 καὶ
3064 4550 3122 4602 έν
3144 4550 3208 4618 τῇ
3235 4546 3443 4618 Παλαιᾷ
3469 4546 3498 4599 6
3530 4546 3630 4617 μὲν

2050 4645 2305 4719 Ἀϐραὰμ
2341 4644 2437 4698 καὶ
2476 4639 2673 4696 Ἰακὼϐ
2708 4642 2767 4695 ὲν
2798 4640 2938 4711 μέση
2974 4642 3041 4711 τῇ
3087 4638 3273 4709 ἡλικίᾳ
3308 4639 3632 4709 μετωνομά-

2038 4740 2231 4805 ζοντοο
2280 4740 2309 4792 6
2372 4738 2470 4809 μὲν
2520 4735 2629 4807 γάρ
2677 4733 2923 4788 ἐκαλεῖτο
2986 4733 3234 4804 ’Λϐρὰμ,
3277 4734 3372 4786 καὶ
3425 4731 3627 4805 ἐκλήθη

2050 4832 2337 4905 Ἀϐραάμ·
2372 4833 2400 4885 6
2432 4830 2490 4883 δὲ
2528 4827 2776 4883 ἐκαλεῖτο
2819 4825 3035 4891 Ἰακὼϐ,
3068 4826 3272 4899 ἐκλήθη
3296 4826 3350 4879 δὲ
3388 4824 3632 4898 Ἰσραήλ.

2050 4927 2108 4980 '0
2142 4924 2199 4979 δὲ
2252 4922 2439 4977 Ἰσαάκ
2469 4922 2572 4975 οὐκ
2613 4921 2693 4975 ἔτι
2742 4921 2939 4987 οὕτως,
2977 4920 3117 4974 ἀλλά
3159 4921 3265 4991 πρὸ
3306 4919 3486 4974 αὐτῶν
3521 4920 3633 4975 τῶν

2037 5018 2242 5073 ὠδίνων
2273 5017 2333 5071 τὸ
2361 5017 2534 5088 ὀνομα
2563 5014 2777 5086 δέχεται
2799 5030 2811 5043 ·
2849 5014 2942 5067 καὶ
2973 5012 3228 5085 καθάπερ
3256 5013 3375 5067 ἐκεῖ
3399 5016 3427 5067 6
3458 5013 3630 5083 ἄγγει

2037 5114 2129 5177 λος
2162 5108 2349 5166 εἶπεν*
2394 5108 2457 5165 Ἠ
2497 5106 2653 5179 γυνή
2689 5122 2806 5162 σου
2833 5106 3099 5175 λήψεται
3127 5106 3197 5160 ἐν
3236 5105 3449 5177 γαστρὶ
3469 5147 3484 5172 ,
3528 5106 3628 5159 καί

2038 5204 2271 5270 τέξεται
2288 5200 2447 5267 υἱὸν,
2464 5200 2563 5254 καί
2589 5198 2872 5265 καλέσεις
2902 5196 2969 5251 τὸ
2996 5197 3186 5268 ὄνομα
3212 5197 3399 5252 αὐτοῦ
3437 5194 3623 5249 Ἰωάν-

2037 5310 2192 5365 νην·
2244 5292 2389 5348 οῦτω
2442 5291 2538 5345 καὶ
2587 5289 2825 5345 ἐνταῦθα
2879 5292 2907 5343 6
2971 5289 3104 5352 Θεὸς
3166 5282 3290 5342 εἷπε
3345 5286 3480 5356 πρὸς
3538 5286 3608 5339 τὸ·

2051 5386 2339 5460 Ἀϐραάμ·
2388 5384 2460 5439 Ἠ
2501 5381 2660 5453 γυνή
2711 5398 2827 5437 σου
2867 5380 3065 5449 Σάρρα
3101 5378 3332 5444 τέξεται
3358 5376 3494 5431 υἱὸν
3528 5393 3600 5431 κο

1942 5514 1947 5521 ι
2038 5479 2324 5545 καλέσεις
2342 5475 2411 5530 τὸ
2432 5476 2619 5546 ὄνομα
2643 5473 2830 5528 αὐτοῦ
2864 5470 3080 5527 Ἰσαάκ.
3112 5471 3207 5522 Ἓν
3232 5468 3333 5539 μὲν
3355 5462 3447 5521 οὖν
3470 5466 3632 5523 τοῦτο

2040 5574 2286 5646 ζήτημα,
2316 5572 2463 5634 τίνος
2484 5569 2672 5622 ἕνεκεν
2710 5568 2758 5620 οἱ
2802 5565 2902 5637 μὲν
2946 5560 3465 5635 μετωνομάσθησαν,
3496 5562 3544 5614 οί
3570 5560 3627 5614 δὲ

2039 5668 2255 5721 οὐκέτι·
2287 5663 2538 5733 δεύτερον
2561 5659 2616 5713 δὲ
2656 5658 2774 5730 μετ’
2805 5658 3003 5719 ἐκεῖνο,
3036 5655 3089 5707 τί
3110 5655 3313 5726 δήποτε
3345 5654 3393 5705 οἱ
3430 5653 3529 5724 μὲν
3567 5654 3626 5707 ἐν

2044 5754 2184 5827 μέση
2220 5755 2283 5824 τῇ
2318 5749 2526 5823 ἡλικίᾳ,
2557 5748 2608 5800 οἱ
2646 5747 2703 5800 δὲ
2737 5746 2845 5817 πρὸ
2875 5743 3057 5798 αὐτῶν
3094 5744 3202 5797 τῶν
3243 5742 3481 5807 ὠδίνων,
3529 5743 3625 5798 καὶ

2040 5847 2212 5901 ταῦτα
2244 5844 2343 5915 μὲν
2367 5844 2425 5895 ὲν
2457 5838 2749 5911 ἑκατέραις
2776 5837 3094 5910 Διαθῆκαις.
3144 5837 3334 5909 Ἡμεῖς
3357 5836 3415 5891 δὲ
3443 5835 3534 5891 ἐπὶ
3560 5832 3622 5890 τδ

2044 5937 2294 6002 δεύτερον
2339 5936 2504 6001 ἴωμεν
2544 5930 2808 6000 πρότερον
2830 5944 2845 5961 ³
2883 5930 3027 5985 οὕτω
3057 5930 3165 5997 γὰο
3206 5929 3297 5984 καὶ
3327 5929 3503 5986 ἐκεῖνο
3526 5943 3621 5981 σα-
