4086 6438
275 454 382 516 59.9

265 568 568 623 steriorem
599 568 750 639 prius
776 566 1183 640 aggrediamur;
1217 566 1296 621 sic
1323 567 1465 621 enim
1498 567 1643 637 prior
1670 581 1880 636 quoque

273 661 568 723 dilucidior
599 661 734 716 ﬁet:
763 675 963 731 eosque
1004 661 1092 730 qui
1130 659 1199 715 ab
1240 659 1392 714 initio
1430 674 1623 715 nomen
1654 673 1882 727 accepe—

277 762 400 808 runt
418 753 732 819 videamus,
752 768 814 808 ac
841 751 1164 824 pedetentim
1184 750 1537 807 ascendentes
1559 749 1624 804 ad
1648 750 1882 820 primum

277 844 558 899 hominem
583 845 890 909 veniamus,
915 843 1000 899 cui
1026 858 1057 897 a
1087 843 1195 897 Deo
1223 856 1418 897 nomen
1442 849 1528 897 est
1548 838 1880 910 impositum,

264 948 317 992 ut
355 935 426 990 ab
458 935 589 1005 ipso
621 934 775 991 initio
803 934 1161 1031 qpaestionnm
1191 932 1387 989 solutio
1412 932 1702 988 derivetur.

348 1026 512 1081 Terra
538 1028 686 1099 uirgo
713 1023 878 1081 Edent
897 1072 912 1097 ,
966 1026 1190 1097 Virginis
1223 1026 1404 1080 Matris
1431 1026 1618 1097 ﬁgura.
1650 1055 1721 1065 —
1753 1023 1884 1092 Quis

274 1134 403 1190 ergo
433 1119 597 1189 prius
634 1134 664 1175 a
707 1120 819 1176 Deo
860 1134 1055 1174 nomen
1096 1117 1342 1188 accepit?
1383 1118 1513 1186 Quis
1539 1133 1669 1173 vero
1705 1117 1842 1172 alius
1865 1158 1881 1183 ,

275 1226 434 1281 quam
458 1212 557 1282 qui
583 1212 791 1283 primus
815 1210 1074 1266 formatus
1098 1211 1215 1265 est?
1239 1209 1423 1280 Neque
1449 1211 1592 1265 enim
1615 1208 1751 1264 alius
1770 1217 1885 1263 erat

278 1302 464 1369 homo,
513 1303 611 1358 cui
683 1318 878 1358 nomen
935 1312 1113 1374 posset
1169 1302 1389 1373 imponi.
1440 1301 1671 1370 .Qualem
1728 1300 1886 1371 igitur

276 1396 704 1464 appellationem
775 1396 1025 1467 accepit?
1086 1395 1254 1450 Adam
1306 1410 1435 1450 voce
1488 1393 1749 1450 Hebraiea
1799 1393 1885 1447 di~

277 1497 393 1540 ctus
435 1495 527 1541 est
581 1502 597 1539 :
655 1503 827 1558 neque
870 1488 1015 1543 enim
1072 1487 1317 1544 Graecum
1375 1496 1457 1543 est
1495 1503 1730 1551 nomen,
1790 1487 1883 1543 sed

184 1575 198 1589 '
276 1575 329 1630 in
374 1575 628 1633 Graecam
676 1579 909 1649 linguam
952 1594 1165 1635 versum
1224 1578 1354 1635 nihil
1393 1579 1535 1634 aliud
1579 1579 1882 1650 signiﬁcat,

278 1682 440 1738 quam
484 1678 766 1725 terrenum
810 1686 824 1723 :
866 1671 1124 1741 siquidem
1169 1670 1335 1726 Edem
1382 1681 1576 1726 terram
1628 1670 1883 1742 virginem

279 1769 482 1825 sonat;
514 1762 645 1817 talis
701 1777 862 1832 porro
901 1762 998 1817 fuit
1052 1762 1201 1818 locus
1259 1763 1384 1829 ille,
1432 1763 1484 1817 in
1535 1777 1641 1833 quo
1670 1761 1884 1832 paradi-

278 1862 395 1904 snm
421 1850 570 1906 Deus
610 1851 886 1922 plantavit.
915 1851 1171 1907 Plantavit
1195 1854 1328 1907 enim
1358 1851 1518 1919 Deus,
1549 1852 1717 1923 inquit
1736 1852 1885 1908 Scri~

278 1952 433 2012 ptura
458 1986 474 2011 ,
511 1945 816 2013 paradisum
843 1946 895 2000 in
923 1944 1086 2000 Edent
1111 1945 1179 1999 ad
1207 1945 1462 2001 Orientem
1495 1945 1659 2017 (Gen.
1690 1946 1745 2000 2.
1772 1944 1842 2011 8)
1868 1962 1882 2011 ;

279 2044 338 2091 ut
376 2036 657 2108 intelligas
698 2053 804 2093 non
852 2038 1204 2095 humanarum
1251 2054 1387 2111 opus
1428 2055 1681 2095 manuum
1722 2039 1886 2095 fuisse

280 2128 594 2198 paradisum
630 2149 643 2185 :
672 2131 934 2202 siquidem
960 2142 1097 2188 terra
1131 2133 1229 2188 fuit
1255 2133 1423 2204 virgo,
1447 2148 1566 2205 qua:
1592 2148 1766 2204 neque
1786 2149 1884 2188 vo-

280 2235 481 2277 merem
513 2232 749 2294 experta
775 2233 891 2280 erat
914 2267 929 2291 ,
958 2241 1131 2297 neque
1156 2226 1307 2282 sulco
1335 2238 1573 2295 exarata,
1604 2227 1699 2283 sed
1727 2228 1886 2283 nullis

282 2312 646 2382 agricolarum
698 2315 945 2371 manibus
986 2317 1128 2372 culta
1171 2318 1287 2372 solo
1319 2320 1473 2388 jussu
1515 2318 1723 2389 plantas
1769 2319 1887 2374 illas

281 2406 640 2474 germinarat.
672 2407 962 2479 PrOpterea
1004 2408 1172 2464 Edem
1204 2410 1348 2465 illam
1389 2410 1678 2480 appellavit
1701 2452 1716 2478 ,
1745 2412 1886 2482 quod

287 2506 480 2553 terram
512 2500 780 2571 virginem
811 2501 1093 2572 signiﬁcat.
1124 2502 1250 2558 llaec
1278 2503 1428 2574 virgo
1471 2503 1635 2574 ﬁgura
1667 2505 1887 2576 virginis

284 2588 422 2646 illius
453 2591 576 2647 fuit.
606 2592 739 2648 Nam
770 2594 1222 2663 quemadmodum
1259 2604 1397 2650 terra
1431 2596 1529 2650 ista
1559 2597 1703 2651 nullo
1730 2611 1888 2652 exce-

242 2734 245 2739 .
286 2687 374 2747 pto
402 2683 619 2738 semine
653 2683 958 2755 paradisum
997 2684 1153 2740 nobis
1189 2684 1508 2756 germinavit
1542 2704 1557 2741 :
1598 2688 1676 2743 sic
1703 2696 1757 2743 et
1798 2687 1885 2744 illa

284 2772 427 2828 nullo
447 2775 549 2830 viri
577 2776 786 2832 semine
806 2786 1056 2846 suscepto
1077 2775 1347 2832 Christum
1370 2778 1523 2834 nobis
1543 2779 1882 2849 germinavit.

286 2862 506 2931 Quando
538 2866 706 2938 igitur
728 2867 871 2923 dicet
900 2868 990 2923 tibi
1019 2867 1235 2923 Judaeus
1255 2909 1270 2933 ,
1301 2868 1582 2936 Quomodo
1610 2870 1762 2941 virgo
1792 2885 1887 2940 pe-

287 2955 457 3022 perit?
480 2957 575 3014 dic
598 2965 654 3011 tu
680 2958 757 3012 illi
783 2976 796 3012 :
819 2958 1102 3025 Quomodo
1125 2968 1263 3014 terra
1288 2959 1436 3030 virgo
1455 2960 1746 3031 stupendas
1767 2960 1887 3017 illas

286 3044 502 3103 arbores
544 3049 903 3120 geminavit?
931 3049 1203 3119 Siquidem
1247 3050 1467 3106 Hebraea
1502 3054 1684 3122 lingua
1718 3050 1885 3107 Edem

288 3134 478 3193 dicitur
500 3147 649 3195 terra
672 3139 821 3211 virgo
848 3158 861 3194 :
890 3140 1032 3210 quod
1058 3141 1102 3196 si
1130 3141 1289 3197 ﬁdem
1318 3140 1514 3197 habere
1535 3142 1655 3212 quis
1676 3152 1884 3212 renuat,

290 3227 523 3286 l-lcbraem
544 3232 744 3303 lingua:
763 3233 964 3303 peritos
989 3234 1304 3304 interroget,
1328 3244 1381 3289 et
1404 3232 1543 3289 hanc
1563 3248 1741 3289 veram
1766 3250 1887 3290 esse

289 3322 516 3378 nominis
538 3322 712 3378 Edem
744 3324 1234 3395 interpretationem
1258 3325 1572 3395 comperiet.
1603 3324 1719 3380 Non
1741 3327 1886 3381 enim

293 3416 537 3483 quoniam
564 3430 662 3471 eos
682 3416 1005 3487 alloquimur
1018 3417 1107 3488 qui
1133 3417 1363 3488 linguam
1387 3417 1530 3472 illam
1552 3434 1659 3473 non
1681 3425 1884 3487 tenent,

290 3504 484 3564 idcirco
500 3525 604 3565 vos
625 3510 786 3566 velim
808 3510 993 3567 fallere
1023 3527 1037 3564 :
1067 3509 1161 3566 sed
1178 3511 1228 3564 in
1245 3510 1296 3565 id
1319 3526 1483 3567 unum
1504 3511 1881 3581 incumbimus,

292 3608 340 3652 ut
364 3599 807 3673 inexpugnabiles
830 3619 926 3659 vos
947 3603 1258 3670 reddamus,
1282 3616 1336 3658 et
1359 3614 1627 3675 tamquam
1651 3620 1887 3675 prmsen-

295 3691 426 3749 tibus
453 3696 690 3751 inimicis
716 3698 805 3768 qui
837 3699 939 3753 ista
966 3706 1250 3765 noverunt,
1280 3698 1349 3752 ita
1382 3711 1573 3754 cuncta
1602 3699 1888 3771 diligenter

293 3780 725 3856 interpretamur.
753 3789 1014 3857 Quoniam
1045 3791 1207 3861 igitur
1232 3806 1298 3845 ex
1324 3790 1486 3846 ﬁdem
1517 3799 1654 3846 terra
1684 3791 1887 3862 virgine

293 3872 547 3934 formatus
573 3887 656 3934 est
685 3879 846 3936 homo
867 3922 882 3949 ,
916 3882 1072 3936 matri
1101 3882 1436 3952 cognominis
1465 3881 1634 3937 Adam
1665 3891 1886 3939 vocatus

294 3975 389 4022 est.
409 3968 481 4026 lta
504 3972 710 4027 faciunt
733 3972 979 4030 homines
1006 3989 1238 4045 quoque,
1264 3974 1463 4030 liberos
1483 3974 1572 4044 qui
1595 3983 1888 4029 nascuntur

296 4072 430 4130 szepe
464 4064 777 4120 nominibus
817 4074 1048 4120 matrum
1091 4066 1401 4135 appellant:
1435 4065 1509 4120 ita
1555 4065 1694 4121 Deus
1723 4066 1886 4122 etiam

298 4147 576 4208 formatum
600 4170 663 4209 ex
693 4164 831 4210 terra
860 4156 1153 4223 hominem,
1176 4156 1242 4212 de
1261 4155 1480 4213 nomine
1505 4156 1691 4212 matris
1716 4156 1886 4213 Adam

298 4239 437 4299 dixit.
474 4246 569 4300 Illa
592 4245 760 4301 Edem
781 4286 796 4312 ,
830 4245 916 4301 hic
943 4246 1136 4302 Adam.

361 4335 413 4390 4.
445 4337 553 4394 Sed
583 4354 704 4408 quae
730 4339 943 4395 tandem
985 4340 1110 4395 inde
1150 4339 1390 4395 dimanat
1431 4341 1670 4399 utilitas?
1702 4341 1886 4398 llomi-

299 4438 388 4481 nes
411 4431 556 4486 enim
585 4433 799 4488 nomine
828 4443 1055 4488 matrum
1082 4441 1276 4489 vocant
1297 4475 1312 4495 ,
1344 4434 1414 4489 ob
1441 4434 1699 4491 honorem
1728 4451 1888 4507 quem

299 4515 541 4577 deferunt
585 4524 880 4587 matribus,
926 4540 1046 4594 qua:
1094 4534 1417 4595 pepererunt
1463 4543 1476 4579 :
1526 4526 1667 4581 Deus
1708 4536 1888 4582 autem

301 4624 448 4677 quam
472 4615 545 4670 ob
570 4630 785 4670 causam
817 4618 1034 4672 nomine
1058 4618 1245 4672 matris
1269 4618 1597 4687 appellavit?
1626 4619 1752 4688 quid
1777 4635 1890 4675 ma-

301 4703 382 4768 gni
404 4747 418 4770 ,
447 4709 532 4763 vel
562 4709 737 4780 exigui
770 4710 871 4765 hoc
900 4710 1106 4781 agendo
1137 4710 1434 4779 disposuit?
1463 4710 1604 4765 Nihil
1634 4713 1777 4768 enim
1812 4723 1890 4769 te-

306 4808 444 4853 mere
470 4809 566 4856 aut
595 4802 712 4856 sine
730 4812 899 4879 .t'ausa
942 4803 1087 4868 facit,
1119 4801 1213 4856 sed
1244 4804 1406 4857 multa
1438 4819 1561 4858 cum
1593 4804 1798 4859 ratione
1828 4821 1891 4860 ac

303 4889 555 4956 Sapientia
587 4909 602 4945 :
637 4895 832 4965 quippe
877 4894 1037 4967 Cujus
1081 4896 1344 4965 sapientia:
1390 4913 1493 4951 non
1540 4906 1611 4952 est
1654 4914 1891 4954 numerus

299 4978 481 5050 (Ριαι.
511 4985 749 5058 146.5).

372 5077 533 5132 Adam
552 5081 677 5151 quid
690 5093 830 5136 sonet
849 5098 867 5146 ;
886 5084 979 5137 cur
999 5101 1031 5138 a
1061 5092 1193 5140 terra
1213 5101 1394 5140 nomen
1410 5084 1613 5139 Adami.
1630 5116 1702 5125 —
1721 5086 1889 5142 Edent

311 5170 438 5221 terra
458 5213 473 5237 ,
507 5172 740 5227 Adantus
768 5183 1012 5231 terrenus
1032 5218 1047 5240 ,
1082 5176 1364 5245 pulvercus
1386 5218 1400 5240 ,
1431 5192 1461 5231 e
1490 5185 1631 5231 terra
1656 5178 1887 5246 genitus.

312 5254 410 5314 Cur
429 5262 586 5334 igitur
611 5266 690 5320 sic
717 5267 862 5321 illum
892 5269 1213 5339 appellavit?
1243 5268 1402 5324 Suam
1434 5269 1682 5324 nimirum
1712 5269 1788 5324 illi
1816 5270 1893 5325 vi-

314 5344 502 5410 litatem
533 5358 826 5414 naturalem
860 5359 961 5414 hoc
992 5362 1207 5415 nomine
1238 5361 1291 5414 in
1322 5361 1633 5416 memoriam
1665 5376 1890 5417 revoca-

314 5439 399 5508 γίι,
417 5454 469 5501 et
490 5457 755 5519 tamquam
782 5450 835 5504 in
863 5466 1008 5506 aereo
1030 5452 1187 5522 cippo
1212 5450 1522 5508 substantiis
1538 5450 1889 5508 humilitatem

315 5540 561 5605 exaravit,
591 5552 645 5596 ut
673 5558 740 5597 ex
768 5543 1002 5598 nominis
1026 5545 1106 5597 sui
1139 5543 1443 5613 magisterio
1470 5544 1783 5600 modestiam
1812 5544 1892 5599 di-

314 5638 435 5694 scat,
463 5649 633 5705 neque
659 5636 916 5707 majorem
941 5678 957 5703 ,
984 5652 1143 5706 quam
1170 5652 1267 5707 par
1292 5638 1395 5702 sit,
1419 5636 1487 5693 de
1511 5653 1603 5692 sua
1634 5637 1891 5708 dignitate

318 5720 602 5786 opinionem
616 5728 899 5797 concipiat.
932 5727 1061 5783 Nam
1089 5743 1187 5783 nos
1208 5729 1421 5795 quidem
1443 5739 1639 5788 terram
1658 5745 1754 5783 nos
1772 5746 1892 5786 esse

318 5811 470 5874 lll’Obc
497 5820 776 5885 novimus,
807 5818 969 5889 idque
1009 5820 1163 5874 nobis
1202 5820 1312 5886 ipsa
1353 5834 1533 5874 rerum
1563 5818 1891 5889 experientia

322 5912 629 5978 mpertmn
659 5922 739 5970 est
771 5931 783 5968 :
814 5921 867 5969 at
898 5913 983 5970 ille
1011 5902 1278 5969 neminem
1308 5921 1432 5969 ante
1461 5926 1518 5970 sc
1543 5913 1767 5982 viderat,
1795 5913 1885 5984 qui

1358 453 1449 508 DE
1488 450 1891 510 MUTATIONE
1920 452 2248 512 NOMINUM.
2293 456 2357 512 ll.
3484 466 3583 523 150

1994 574 2223 622 mortem
2267 566 2524 637 obiisset,
2555 583 2728 640 neque
2773 571 2824 626 in
2866 571 3102 629 cinerem
3148 575 3418 633 redactum
3446 620 3459 642 ,
3489 586 3583 636 sed

1992 658 2185 712 eximia
2215 659 2455 728 corporis
2486 661 2879 730 pulchritudine
2922 663 3151 733 pollebat
3174 709 3187 734 ,
3230 678 3285 723 et
3313 679 3582 741 tamquam

1989 755 2164 817 statua
2190 749 2431 819 quaedam
2471 765 2630 806 aurea
2655 793 2670 816 ,
2699 767 2818 822 qua:
2849 770 3033 811 recens
3059 772 3089 811 e
3118 758 3427 815 eouﬁatoria
3472 761 3581 817 for-

1992 852 2126 892 nace
2155 839 2440 908 prodiisset
2463 882 2479 908 ,
2512 842 2583 897 ita
2627 841 2879 912 fulgebat.
2913 845 2992 902 Ne
3036 847 3194 917 igitur
3223 859 3441 920 propter
3469 854 3586 908 exi-

1992 929 2153 985 miam
2185 932 2419 1003 speciem
2459 934 2707 1004 superbia
2738 936 3018 994 efferretur
3041 982 3056 1006 ,
3087 941 3162 995 illi
3195 957 3387 998 nomen
3421 960 3588 1015 Oppo-

1992 1023 2138 1089 suit,
2190 1024 2342 1095 cujus
2387 1026 2695 1096 magisterio
2744 1028 3071 1086 sufﬁcienter
3113 1032 3179 1086 ad
3230 1034 3583 1091 humilitatem

1994 1113 2370 1171 informaretur
2396 1134 2411 1169 :
2442 1117 2706 1174 accedens
2731 1120 2871 1174 enim
2916 1121 3158 1178 diabolus
3184 1125 3251 1179 ad
3279 1126 3583 1196 superbiam

1996 1206 2171 1262 verbis
2201 1206 2348 1262 illum
2393 1209 2504 1264 suis
2559 1211 2876 1267 incitaturus
2920 1223 3072 1279 erat,
3115 1230 3271 1286 etque
3312 1217 3582 1281 dicturus,

1994 1296 2155 1354 Erilis
2190 1299 2319 1354 sicut
2343 1301 2416 1354 dii
2446 1301 2600 1371 (Gen.
2634 1303 2686 1356 3.
2719 1304 2804 1374 5).
2836 1303 2906 1360 Ut
2934 1304 3093 1375 igitur
3122 1306 3353 1364 nominis
3392 1311 3472 1364 sui
3503 1327 3586 1366 rc-

1994 1391 2325 1457 cordarctur,
2352 1407 2381 1445 a
2408 1408 2513 1464 quo
2539 1402 2733 1448 terram
2762 1410 2821 1450 se
2847 1410 2967 1452 esse
2993 1395 3300 1464 docebatur,
3336 1416 3434 1456 nec
3464 1418 3584 1455 um-

1993 1497 2152 1552 quam
2182 1484 2441 1553 azqualem
2470 1500 2530 1540 se
2571 1485 2681 1541 Deo
2706 1484 2941 1542 futurum
2972 1489 3239 1558 opinionis
3269 1507 3452 1547 errore
3483 1494 3583 1548 sihi

1994 1573 2239 1646 ﬁngeret,
2273 1585 2555 1646 propterea
2582 1578 2965 1634 conscientiam
2996 1580 3113 1647 ejus
3142 1593 3497 1653 praeoccupat,
3531 1596 3586 1640 et

1994 1668 2228 1722 nominis
2256 1668 2495 1724 subsidio
2532 1669 2815 1726 sufﬁcienti
2856 1687 2981 1728 eum
3024 1673 3282 1729 adversus
3310 1675 3528 1730 insidias
3554 1693 3585 1731 a

1994 1757 2256 1813 scelerato
2281 1758 2525 1815 dazmone
2550 1762 2832 1817 struendas
2855 1764 3102 1819 cautione
3120 1767 3422 1834 praemunit,
3455 1767 3580 1822 dum

1994 1857 2050 1904 et
2088 1864 2201 1905 suae
2236 1865 2358 1906 cum
2418 1860 2558 1907 terra
2606 1855 2939 1924 cognationis
2991 1856 3138 1911 illum
3190 1856 3480 1926 admonet,
3536 1869 3592 1914 ct

1994 1955 2209 1998 onmem
2235 1943 2311 1997 illi
2343 1953 2544 2000 natura:
2567 1960 2677 2000 suae
2698 1944 3028 2001 nobilitatem
3050 1947 3307 2015 declarat,
3335 1948 3440 2005 hoc
3469 1965 3591 2021 pro~

1996 2033 2285 2103 pemodum
2311 2035 2385 2090 illi
2427 2036 2649 2093 dicens:
2679 2037 2734 2094 Si
2762 2037 2900 2093 forte
2930 2038 3124 2095 dixerit
3156 2039 3284 2106 tibi,
3319 2042 3426 2097 eris
3454 2043 3593 2098 sicut

1997 2125 2171 2194 Deus,
2228 2129 2462 2185 nominis
2489 2131 2561 2185 tui
2592 2131 2912 2200 recordare,
2942 2140 2996 2187 ct
3024 2133 3311 2189 sufficienti
3341 2134 3588 2190 adomni-

1998 2219 2141 2274 tione
2166 2216 2465 2287 instrueris,
2500 2231 2556 2277 ut
2584 2237 2650 2277 ne
2676 2223 2957 2278 consilium
2986 2224 3256 2280 admittas.
3282 2226 3588 2284 Recordare

1996 2310 2185 2365 matris
2208 2351 2223 2376 ,
2251 2319 2306 2366 et
2343 2313 2677 2382 cognationis
2696 2329 2928 2383 agnosce
2954 2316 3208 2371 vilitatem
3230 2358 3245 2380 ,
3272 2334 3376 2372 non
3407 2329 3462 2373 ut
3492 2319 3589 2375 hu-

1996 2402 2276 2458 militatem
2303 2403 2479 2460 discas
2504 2446 2519 2470 ,
2567 2405 2662 2460 sed
2700 2420 2772 2463 ne
2794 2422 3044 2477 umquam
3077 2408 3327 2478 superbia
3360 2409 3591 2467 intume-

1995 2508 2135 2549 scas.
2168 2494 2454 2564 PrOpterea
2480 2496 2673 2551 Paulus
2688 2511 2900 2567 quoque
2924 2498 3137 2553 diccbat
3166 2518 3177 2552 :
3214 2497 3419 2555 Ptimus
3438 2502 3588 2557 homo

1996 2587 2059 2641 de
2079 2595 2212 2641 terra
2236 2597 2477 2642 terrenus.
2508 2587 2645 2656 Quid
2673 2587 2814 2643 enim
2851 2589 2919 2644 sit
2950 2589 3120 2645 Adam
3150 2592 3305 2646 nobis
3332 2594 3592 2664 interpre-

1998 2686 2115 2735 tans
2142 2679 2317 2734 aiebat
2365 2679 2492 2735 illud
2524 2697 2539 2736 :
2570 2679 2648 2735 De
2685 2689 2819 2735 terra
2848 2690 3106 2747 terrenus,
3153 2685 3403 2738 secundus
3438 2686 3589 2740 Ιιοηιο

1995 2771 2106 2842 ipse
2134 2770 2382 2828 Dominus
2415 2772 2478 2826 de
2499 2773 2621 2827 caelo
2650 2772 2725 2846 (l.
2756 2772 2876 2828 Cor.
2913 2775 2997 2830 15.
3024 2774 3142 2842 47).
3192 2775 3298 2830 Sed
3333 2775 3591 2831 invadunt

1997 2878 2095 2918 nos
2122 2862 2359 2918 hmrctici
2381 2906 2395 2929 ,
2433 2879 2497 2918 ac
2522 2864 2707 2919 dicunt
2742 2883 2756 2919 :
2786 2864 2922 2920 Ecce
2961 2881 3176 2920 carnem
3205 2863 3453 2921 Christus
3483 2882 3590 2921 non

1996 2954 2318 3025 assumpsit:
2343 2956 2416 3009 ait
2441 2955 2583 3011 enim
2612 2956 2831 3022 Paulus,
2854 2956 3120 3012 Secundus
3148 2958 3317 3022 homo,
3343 2957 3593 3013 Dominus

1997 3046 2062 3099 de
2092 3047 2233 3101 calo.
2275 3046 2443 3102 Audis
2481 3048 2734 3104 secundus
2770 3049 2920 3109 homo
2942 3090 2956 3114 ,
2989 3059 3042 3104 et
3070 3049 3205 3105 dicis
3226 3066 3346 3106 eum
3375 3067 3592 3106 carnem

1998 3152 2103 3191 non
2132 3138 2528 3209 assumpsisse?
2555 3138 2684 3206 Quis
2729 3140 2887 3195 talem
2919 3155 3170 3211 umquam
3207 3141 3592 3212 impudentiam

1995 3228 2170 3284 vidit?
2211 3231 2329 3300 quis
2367 3230 2511 3286 enim
2554 3230 2717 3286 homo
2754 3245 2874 3287 esse
2900 3224 3099 3302 poteSI,‘
3125 3232 3212 3303 qui
3236 3248 3450 3287 carnem
3485 3249 3590 3287 non

1997 3321 2227 3379 habeat?
2260 3306 2462 3380 Idcirco
2505 3324 2646 3379 enim
2691 3333 2744 3379 et
2773 3323 3047 3380 hominem
3082 3333 3136 3380 et
3173 3324 3466 3380 secundum
3498 3325 3594 3377 lm-

1997 3416 2197 3471 minem
2227 3416 2534 3486 appellavit,
2568 3425 2621 3470 ut
2648 3431 2769 3470 cum
2799 3431 2861 3470 ex
2896 3430 3143 3479 numero,
3179 3424 3289 3470 tum
3315 3431 3381 3470 ex
3406 3426 3593 3470 natura

1996 3509 2366 3578 cognationem
2402 3509 2520 3576 ejus
2556 3521 2836 3577 agnoscas.
2879 3505 3011 3572 Quis
3041 3507 3229 3577 igitur,
3265 3506 3466 3576 inquit,
3501 3521 3592 3561 se-

1997 3601 2200 3656 cundus
2222 3609 2303 3657 est
2326 3599 2531 3656 homo?
2556 3598 2807 3654 Dominus
2827 3599 2890 3654 de
2915 3600 3060 3654 εωιο.
3104 3602 3171 3654 At
3192 3601 3334 3655 enim
3365 3600 3592 3656 scanda-

1996 3691 2123 3746 lizat
2144 3707 2230 3748 me
2251 3692 2401 3747 locus
2420 3733 2436 3760 ,
2470 3692 2676 3761 inquit,
2707 3699 2762 3747 et
2785 3690 2925 3761 quod
2953 3690 3161 3746 dicatur
3190 3692 3253 3745 de
3282 3694 3427 3747 ratio.
3459 3692 3592 3748 Cum

1995 3787 2149 3841 audis
2175 3786 2402 3857 primum
2431 3786 2700 3841 hominem
2735 3778 2999 3839 Adamdm
3022 3799 3142 3840 esse
3170 3785 3238 3841 de
3263 3794 3400 3841 terra
3425 3795 3594 3841 terre-

1997 3893 2159 3945 num,
2214 3876 2471 3947 numquid
2524 3890 2644 3932 esse
2700 3884 3007 3930 terrestrem
3054 3877 3228 3946 ipsum
3269 3875 3594 3931 arbitraris?

1997 3968 2254 4040 numquid
2302 3976 2571 4023 terrenum
2621 3982 2742 4023 csse
2789 3974 2993 4022 tantum
3040 3966 3360 4037 suSpicaris,
3417 3983 3592 4037 neque

1996 4062 2248 4118 virtutem
2295 4061 2578 4132 quamdam
2622 4062 2994 4130 incorporeum
3048 4059 3280 4126 habere,
3328 4059 3586 4124 animam,

1998 4153 2253 4224 inquam,
2304 4153 2525 4223 ejusque
2572 4151 2859 4206 naturam?
2909 4150 2975 4205 Et
3010 4152 3128 4222 quis
3168 4150 3271 4207 hoc
3315 4150 3497 4206 dicat"
3529 4150 3596 4205 Ut

1999 4247 2160 4319 igitur
2196 4263 2315 4303 cum
2359 4247 2428 4301 de
2468 4245 2674 4302 Adamo
2700 4246 2854 4300 audis
2892 4254 3166 4300 terrenum
3198 4244 3370 4314 ipsum
3405 4242 3592 4310 fuisse,

1999 4355 2107 4396 non
2152 4339 2464 4395 destitutum
2512 4340 2689 4394 anima
2730 4338 2895 4394 fuisse
2933 4353 3128 4409 corpus
3158 4337 3444 4407 suspicaris
3475 4353 3490 4393 :
3525 4338 3595 4391 ita

1998 4446 2121 4487 cum
2151 4431 2303 4487 audis
2326 4473 2340 4495 ,
2372 4430 2619 4486 Dominus
2639 4431 2704 4485 de
2725 4431 2867 4494 avio,
2914 4430 3019 4484 noli
3049 4431 3467 4485 incarnationem
3503 4445 3596 4484 ne-

1999 4540 2157 4595 gare,
2195 4523 2339 4594 quod
2366 4524 2680 4595 adjiciatur,
2730 4522 2794 4575 de
2819 4523 2970 4578 cwlo.
3015 4522 3195 4592 ltaqne
3220 4522 3330 4591 jam
3363 4522 3591 4592 primum

2000 4632 2196 4671 nomen
2224 4614 2509 4669 sufﬁcienti
2533 4612 2848 4670 defensione
2876 4613 3258 4668 communitum
3286 4620 3370 4667 est
3402 4629 3416 4667 :
3450 4612 3594 4666 Ada-

2000 4722 2121 4761 mns
2150 4706 2292 4762 enim
2342 4714 2565 4761 vocatus
2611 4713 2695 4760 est
2731 4704 2798 4759 de
2842 4704 3058 4759 nomine
3107 4704 3322 4770 matris,
3356 4721 3421 4758 ne
3452 4705 3593 4759 ultra

2002 4816 2161 4872 quam
2208 4801 2349 4857 vires
2378 4800 2497 4870 ejus
2522 4799 2724 4864 ferant,
2752 4798 2820 4854 de
2851 4814 2910 4854 se
2935 4798 3219 4869 magniﬁce
3265 4798 3490 4865 sentiat,
3543 4808 3600 4854 et

2001 4893 2196 4950 diaboli
2233 4893 2504 4948 fraudibus
2549 4891 2706 4947 nullis
2752 4891 2920 4961 possit
2949 4890 3262 4961 expugnari.
3314 4890 3593 4961 Siquidem

2001 4986 2177 5043 aiebat
2210 5004 2223 5039 :
2267 4985 2424 5040 Erilis
2443 4986 2569 5039 sicut
2589 4983 2681 5037 dii.
2717 4985 2829 5054 Age
2860 5000 2998 5039 nunc
3013 4984 3153 5055 quod
3185 4985 3449 5054 reliquum
3472 4995 3555 5039 est
3578 5027 3591 5049 ,

2001 5080 2067 5136 ad
2093 5081 2318 5135 alterum
2349 5078 2571 5150 gradum
2600 5078 2857 5135 facientes
2877 5121 2892 5147 ,
2917 5080 3005 5149 qui
3034 5089 3157 5135 ante
3187 5090 3394 5149 partum
3421 5080 3593 5151 ipsum

2001 5186 2029 5226 a
2076 5173 2188 5228 Deo
2216 5187 2410 5226 nomen
2452 5186 2596 5241 arce;
2617 5169 2689 5236 it,
2735 5172 2892 5226 linem
2924 5171 3133 5226 dicendi
3165 5170 3440 5226 faciamus.
3467 5172 3597 5238 Quis

2001 5263 2161 5335 igitur
2191 5271 2310 5333 post
2351 5262 2614 5317 Adamum
2645 5278 2673 5316 a
2693 5262 2803 5317 Deo
2831 5278 3024 5317 nomen
3055 5264 3358 5332 priusquam
3402 5276 3595 5318 nascc-

2003 5365 2151 5411 retur
2180 5356 2423 5425 accepit?
2477 5355 2646 5410 Isaac.
2696 5353 2831 5409 Ecce
2867 5355 3045 5421 enim,
3092 5353 3296 5424 inquit,
3351 5364 3601 5409 uxorum

2004 5448 2170 5504 Sarra
2198 5448 2447 5519 concipiet
2489 5449 2541 5502 in
2569 5458 2741 5513 utero,
2776 5457 2822 5502 et
2845 5449 3005 5517 pariet
3058 5448 3256 5515 ﬁlium,
3303 5456 3349 5499 et
3396 5449 3598 5502 vocabis

2003 5559 2184 5597 nomen
2220 5545 2332 5612 ejus
2358 5541 2510 5596 Isaac
2537 5540 2688 5613 (Gen.
2724 5539 2944 5609 17.19).
2970 5538 3097 5593 Cum
3125 5546 3293 5593 autem
3326 5541 3595 5611 peperisset

2002 5655 2116 5693 eam
2138 5682 2149 5697 .
2192 5637 2383 5690 vocavit
2414 5652 2593 5689 nomen
2630 5635 2739 5705 ejus
2780 5631 2930 5685 Isaac
2950 5674 2965 5698 ,
3016 5632 3187 5685 dicens
3219 5647 3238 5686 .'
3269 5631 3447 5687 Risum
3477 5634 3594 5704 fecit

2003 5729 2127 5783 mihi
2152 5728 2286 5781 Deus
2306 5726 2353 5797 (1
2365 5728 2410 5780 b.
2429 5726 2491 5779 2|
2508 5726 2579 5779 ,5.
2601 5724 2678 5796 6).
2697 5724 2873 5792 Quare
2891 5724 3053 5778 vero?
3080 5722 3206 5790 Quis
3228 5724 3379 5790 enim,
3406 5724 3595 5796 inquit,

2003 5819 2320 5873 (unmntiabit
2359 5816 2645 5880 Abraham,
2680 5815 2817 5886 quod
2856 5814 3017 5870 Sarra
3043 5816 3208 5881 ﬁlium
3255 5816 3402 5870 lacte!
3428 5816 3593 5887 (Ibid.

2007 5928 2052 5966 υ.
2082 5912 2174 5983 7}?
2206 5909 2299 5966 llic
2338 5907 2465 5964 mihi
2515 5906 2801 5978 diligenter
2846 5906 3104 5965 attendite
3128 5949 3143 5978 ,
3176 5916 3232 5964 ut
3271 5909 3594 5968 miraculum
