4086 6422
547 428 639 484 [Si

1290 423 1347 479 S.
1375 420 1655 479 JOANNIS
1683 416 2158 478 CHRYSOSTOMI
2198 416 2520 475 ARCHIEP.
2547 418 3084 479 ΟΟΝΞΤΑΝΤΙᾸΟΡ.

3722 433 3813 491 liii.

537 540 789 596 videatis.
820 539 937 597 Non
965 539 1138 605 dixit,
1163 536 1304 607 quod
1353 534 1655 607 pepererit,
1686 532 1783 590 sed
1807 531 1952 605 quod
1981 532 2134 587 Iactet
2242 530 2348 586 stio
2376 548 2390 584 :
2422 529 2557 587 dixit
2582 530 2650 590 de
2676 533 2831 591 nobis
2849 576 2863 601 ,
2890 535 3036 607 quod
3057 534 3182 592 Non
3205 553 3270 594 ea:
3294 541 3645 613 sanguinibus,
3675 561 3824 619 neque

541 636 840 704 puerulum.
873 633 1004 689 Nam
1033 648 1099 687 ne
1126 631 1263 686 forte
1285 630 1407 701 quis
1427 628 1822 700 supposititium
1854 625 2137 709 puerulum

539 727 900 790 existimaret,
948 722 1165 795 genuini
1215 731 1399 793 partus
1454 721 1613 776 ﬁdem
1666 718 1932 774 faciebant
1987 718 2138 772 lactis

540 819 755 874 fontes:
787 818 967 888 itaque
994 832 1062 873 ex
1101 815 1474 872 recordatione
1511 812 1743 867 nominis
1769 813 1884 883 ipse
1923 822 2137 880 quoque

536 909 605 964 de
630 907 861 963 mirabili
897 907 1247 978 generatione
1274 906 1405 961 satis
1432 918 1702 975 superque
1751 901 2133 959 instruebatur.

535 1000 827 1071 Propterea
854 997 986 1055 dicit
1021 1016 1034 1054 :
1067 998 1248 1054 Risum
1274 998 1390 1068 fecit
1416 996 1541 1050 mihi
1562 993 1734 1061 Deus,
1765 994 2016 1066 quoniam
2050 992 2136 1047 vi-

535 1092 665 1147 dere
687 1099 804 1145 erat
827 1090 1114 1145 mulierem
1141 1094 1421 1144 senectute
1447 1085 1744 1143 confectam
1767 1128 1783 1155 ,
1813 1100 1934 1157 quae
1958 1085 2011 1141 in
2038 1098 2135 1140 ea-

536 1183 666 1238 nitie
715 1183 951 1255 longazva
994 1181 1281 1238 lactentem
1328 1181 1609 1251 puerulum
1637 1179 1922 1236 educabat.
1950 1177 2135 1234 Atille

536 1275 676 1330 risus
707 1275 933 1346 gratiam
980 1272 1215 1328 divinam
1242 1272 1295 1328 in
1345 1273 1658 1328 memoriam
1706 1271 2029 1336 revocabat,
2081 1278 2135 1325 et

534 1366 778 1422 lactentis
827 1365 1116 1423 nutricatio
1169 1363 1413 1420 miraculi
1458 1362 1588 1419 editi
1631 1362 1791 1417 ﬁdem
1845 1362 2074 1419 faciebat
2115 1377 2129 1415 :

536 1473 710 1524 neque
736 1459 881 1514 enim
910 1467 1117 1514 natura:
1163 1470 1300 1527 opus
1341 1455 1470 1512 illud
1499 1463 1652 1520 erat,
1701 1454 1797 1510 sed
1837 1463 2005 1509 totum
2037 1452 2136 1510 fuit

533 1549 717 1614 gratiae
770 1548 1093 1621 praeclarum
1150 1546 1359 1603 facinus
1413 1546 1779 1603 tribuendum.
1840 1546 2133 1614 Pr0pterca

532 1638 729 1695 Paulus
770 1653 984 1711 quoque
1024 1639 1181 1703 dicit,
1233 1638 1529 1694 Secundum
1588 1638 1742 1694 Isaac
1788 1639 2135 1709 promissionis

531 1731 630 1798 filii
682 1746 860 1785 sumus
907 1730 1051 1804 (Gal.
1095 1731 1150 1788 4.
1192 1731 1310 1801 28).
1361 1730 1495 1787 Nam
1526 1730 1978 1801 quemadmodum
2024 1730 2133 1788 illic

530 1822 855 1892 operabatur
881 1822 1055 1893 gratia
1084 1840 1099 1878 :
1134 1822 1205 1877 ita
1235 1822 1324 1879 hic
1352 1838 1563 1893 quoque
1586 1821 1787 1892 prodiit
1813 1821 1905 1877 ille
1924 1836 1992 1878 ex
2014 1831 2131 1878 ute-

530 1928 591 1967 ro
614 1914 727 1984 jam
765 1913 960 1985 frigido
999 1922 1056 1971 et
1104 1913 1283 1970 effeto.
1333 1914 1638 1969 Ascendisti
1681 1923 1739 1969 tu
1766 1928 1834 1970 ex
1865 1914 2015 1985 aquis
2040 1929 2134 1985 ge-

530 2005 654 2061 lidis
682 2024 697 2061 :
725 2006 865 2077 quod
895 2007 1056 2077 igitur
1078 2006 1156 2061 illi
1199 2005 1298 2061 fuit
1336 2015 1551 2075 uterus,
1579 2006 1672 2061 tibi
1716 2006 1987 2062 lavacrum
2034 2005 2133 2060 fuit

528 2113 813 2169 aquarum.
860 2097 1023 2153 Vides
1071 2108 1257 2169 partus
1281 2096 1697 2168 cognationem?
1742 2097 1894 2153 vides
1944 2096 2131 2169 gratia:

537 2187 925 2243 concordiam?
952 2188 1104 2244 vides
1130 2187 1328 2258 ubique
1371 2195 1618 2243 naturam
1662 2187 1817 2242 otiari
1836 2228 1851 2251 ,
1875 2195 1931 2242 et
1958 2194 2129 2243 totum

528 2279 625 2336 Dei
659 2281 910 2337 virtutem
939 2280 1194 2352 operari?
1231 2279 1437 2336 Idcirco
1484 2278 1782 2337 Secundum
1827 2277 1981 2334 Isaac
2006 2294 2129 2347 pro-

524 2371 781 2427 missionis
808 2388 985 2427 sumus
1026 2371 1143 2441 filii.
1167 2372 1236 2426 At
1262 2370 1408 2427 enim
1447 2385 1555 2426 una
1583 2376 1751 2425 restat
1775 2366 1951 2425 adhuc
1978 2383 2124 2440 quie—

1256 2543 1659 2551 Μαι-ι.-

572 2541 777 2554 ...υ-.-

1662 2544 1717 2549 -..
1750 2545 1781 2549 κ,
1840 2546 1867 2551 _
1889 2544 2181 2554 ...____..._—.

2243 636 2307 676 ea:
2330 621 2584 678 voluntate
2621 625 2791 679 carnis
2819 626 2989 684 simus
3019 627 3198 700 (Joan.
3234 630 3287 685 1.
3316 632 3427 704 13).
3473 632 3594 703 Quo
3618 636 3819 693 tandem

2241 712 2440 780 pacto?
2486 711 2672 784 Neque
2702 713 2850 771 isaac
2874 732 2943 773 ex
2977 721 3327 791 sanguinibus
3360 723 3460 781 fuit
3497 745 3512 780 :
3564 726 3822 787 Desierant

2238 802 2374 856 enim
2394 802 2579 868 Sarra:
2595 805 2708 873 ﬁeri
2727 807 2991 863 muliebria
3015 812 3125 884 ejus
3149 811 3304 884 (Gen.
3334 815 3557 888 18.11).
3587 819 3820 880 Obturali

2240 902 2392 983 erant
2413 893 2564 951 lactis
2586 895 2761 953 fontes
2780 940 2797 968 ,
2827 901 3034 958 sublata
3061 912 3176 961 erat
3196 908 3562 977 generationis
3583 914 3818 983 materia,

2239 982 2442 1041 inutilis
2487 996 2692 1043 naturae
2734 998 2852 1044 erat
2895 990 3149 1062 ofﬁcina,
3195 1005 3413 1068 tumque
3460 1001 3677 1058 virtutis
3717 982 3819 1062 sure

2240 1076 2380 1134 Deus
2407 1079 2682 1150 specimen
2729 1083 2917 1140 edidit.
2949 1086 3090 1144 Ecce
3141 1091 3517 1161 appellationis
3556 1093 3704 1152 Isaae
3728 1098 3818 1152 do-

2237 1171 2465 1228 ctrinam
2511 1174 2770 1231 habemus
2815 1180 3137 1238 absolutam.
3180 1184 3367 1241 Restat
3414 1190 3593 1254 enim,
3641 1199 3698 1247 ut
3756 1193 3818 1249 ad

2237 1264 2506 1320 Abraham
2526 1308 2541 1334 ,
2564 1277 2620 1323 et
2646 1268 2713 1324 ad
2742 1270 2882 1327 ﬁlios
2901 1271 3147 1333 Ζεβεᾱωί
3169 1277 3495 1350 Petrumque
3516 1283 3782 1340 veniamus
3805 1303 3818 1339 :

2237 1354 2332 1408 sed
2363 1370 2432 1411 ne
2453 1357 2606 1414 vobis
2633 1369 2832 1417 nostra:
2876 1364 3136 1422 orationis
3173 1367 3449 1437 prolixitas
3476 1372 3689 1428 taedium
3735 1390 3815 1445 pas

2235 1447 2366 1515 riat,
2432 1449 2500 1505 ad
2567 1452 2792 1509 alterum
2847 1470 3152 1514 sermonem
3225 1461 3329 1518 ista
3382 1462 3724 1536 differemus,
3770 1480 3821 1527 et

2238 1539 2324 1597 hic
2391 1541 2551 1599 ﬁnem
2622 1544 2832 1603 dicendi
2905 1548 3161 1607 facientes
3231 1569 3330 1610 vos
3396 1556 3819 1630 cohortabimur,

2234 1633 2323 1704 qui
2366 1635 2658 1692 secundum
2702 1639 2850 1696 lsaac
2902 1643 3010 1697 nati
3059 1644 3221 1712 estis,
3253 1654 3313 1702 ut
3367 1651 3818 1710 mansuetudinem

2234 1738 2299 1779 ac
2356 1725 2676 1783 modestiam
2721 1729 2872 1787 Isaac
2932 1732 3251 1805 imitemini,
3303 1753 3629 1813 omnemque
3673 1745 3818 1803 aliam

2235 1817 2351 1888 ejus
2391 1819 2814 1893 philosophiam;
2870 1835 2926 1882 ut
2977 1828 3227 1899 precibus
3274 1831 3403 1903 justi
3434 1834 3582 1893 illius
3633 1847 3689 1893 et
3732 1837 3821 1895 ho-

2234 1925 2352 1966 rum
2411 1915 2703 1983 prmsulum
2741 1920 2983 1977 omnium
3025 1921 3192 1994 adjuti
3216 1965 3232 1993 ,
3271 1926 3339 1983 ad
3374 1929 3553 1985 sinum
3605 1931 3820 1990 Abrahae

2235 2004 2412 2058 cuncti
2441 2008 2724 2075 pervenire
2747 2013 3017 2081 possimus
3036 2055 3052 2082 ,
3080 2017 3248 2088 gratia
3275 2027 3332 2074 et
3356 2019 3683 2092 benignitate
3723 2024 3819 2080 Do-

2234 2093 2365 2151 mini
2410 2098 2581 2153 nostri
2634 2098 2760 2156 Jesu
2822 2101 3058 2171 Christi,
3116 2122 3214 2177 per
3254 2124 3415 2180 quem
3460 2120 3517 2167 et
3556 2127 3676 2168 cum
3720 2129 3820 2185 quo

2232 2186 2376 2243 Patri
2402 2189 2573 2261 gloria
2596 2233 2611 2259 ,
2655 2193 2846 2263 honor,
2891 2198 3211 2271 imperium,
3255 2205 3525 2277 simulque
3550 2218 3732 2265 sancto
3768 2219 3820 2266 et

2232 2278 2445 2338 viviﬁco
2473 2279 2720 2354 Spiritui,
2755 2303 2899 2346 nunc
2920 2299 2975 2345 et
3001 2306 3236 2364 semper,
3265 2306 3320 2351 et
3341 2297 3395 2354 in
3425 2299 3622 2356 saecula
3658 2315 3818 2358 saecu-

2233 2370 2431 2430 lorum.
2457 2376 2648 2434 Amen.

548 2740 636 2788 Δι)
663 2743 780 2789 EOS
811 2745 923 2799 ρυι
964 2745 1154 2791 ll‘SUlll
1197 2748 1795 2795 REPREHENDEBANT
1837 2751 1917 2796 ΟΒ
1954 2749 2413 2797 PROOEMIOBUSI
2450 2750 2952 2804 PROLIXITATBM,
2980 2749 3155 2803 QUOD
3202 2750 3385 2794 UTILE
3429 2750 3528 2794 SIT
3562 2749 3790 2794 REPRE-

629 2841 985 2888 HENSIONBS
1014 2846 1198 2899 Δερυο
1231 2849 1433 2893 ΔιειΜο
1466 2848 1673 2893 πειιιιε
1700 2855 1713 2894 3
1749 2855 1828 2896 ET
1856 2853 1982 2897 CUR
2013 2853 2218 2896 ηυιο
2251 2853 2374 2895 NON
2407 2851 2636 2895 STATIM
2667 2852 2875 2905 ATQUE
2908 2851 3209 2895 CREDIDIT
3241 2852 3461 2896 NOMEN
3498 2847 3794 2895 MUTATUM

630 2945 782 3000 EST,
840 2947 1126 3001 ITEMQUB
1181 2949 1355 3002 QUOD
1400 2953 1525 2996 NON
1584 2955 1669 2996 EX
1723 2956 2183 3013 NECESSITATE,
2247 2957 2365 2999 SED
2425 2957 2510 2998 EX
2560 2956 2785 2999 ιιΒΕιιΑ
2839 2956 3216 3000 γοιωετλτε
3267 2954 3474 2997 FACTA
3527 2954 3623 2997 SIT
3668 2950 3794 2995 HEC

629 3044 937 3104 IUTATIO,
984 3049 1063 3093 ΕΤ
1106 3048 1168 3095 ια
1218 3050 1459 3096 DICTUM
1508 3054 1740 3097 ILLUD:
1788 3056 2008 3111 same,
2055 3056 2271 3111 sanan,
2310 3056 2464 3108 omo
2505 3057 2595 3101 ne
2640 3055 3068 3109 rnasaouaats
3114 3036 3286 3119 (Act.
3331 3038 3389 3098 9.
3439 3034 3517 3117 Is)
3548 3040 3577 3096 7

581 3361 632 3415 1.
658 3358 883 3426 Quinam
900 3373 1013 3413 vere
1030 3355 1763 3426 amici.—Repreliendcrunt
1790 3350 1888 3413 nos
1912 3356 2114 3416 amico-

507 3466 626 3507 rum
672 3448 922 3522 quidam,
951 3447 1095 3520 quod
1126 3446 1418 3517 prolixiora
1447 3460 1755 3502 sermonum
1786 3447 1934 3504 initia
1965 3446 2109 3506 face-

507 3555 729 3597 remus:
777 3555 845 3594 an
868 3539 990 3610 jure
1031 3538 1117 3595 vel
1159 3538 1352 3608 injuria
1378 3536 1845 3608 reprehenderint,
1875 3548 2002 3596 tunc
2029 3541 2111 3597 in-

508 3634 781 3706 telligetis,
806 3648 928 3689 cum
957 3631 1138 3687 audita
1166 3629 1477 3687 defensione
1507 3640 1713 3697 nostra,
1745 3634 1899 3703 quasi
1929 3634 1981 3690 in
2013 3650 2109 3707 pu-

504 3727 644 3782 blico
693 3726 939 3782 tribunali
982 3723 1302 3780 sententiam
1347 3721 1549 3779 feretis.
1598 3724 1710 3795 Ego
1757 3727 2110 3798 vero,prius-

501 3834 661 3889 quam
691 3818 744 3875 id
785 3816 1085 3883 ostendam,
1115 3816 1186 3873 ob
1218 3815 1694 3887 reprehensionem
1725 3817 1925 3887 gratias
1972 3816 2104 3888 ipsis

506 3910 681 3968 refero
712 3928 724 3964 :
764 3926 891 3967 nam
916 3925 983 3967 ex
1009 3909 1115 3966 mei
1141 3924 1269 3964 cura
1294 3917 1454 3980 atque
1483 3908 1680 3977 studio,
1724 3925 1831 3965 non
1868 3928 1933 3966 ex
1963 3913 2105 3969 malo

502 4005 684 4059 animo
708 4003 798 4058 illa
838 4001 1196 4074 proﬁciscitur
1221 4020 1235 4056 :
1264 4001 1496 4056 amicum
1523 4017 1672 4068 vero,
1696 4016 1801 4056 non
1828 4017 1950 4057 cum
1991 4003 2103 4059 lau-

502 4095 594 4151 dat
619 4094 802 4162 modo,
824 4093 921 4149 sed
945 4093 1106 4148 etiam
1127 4108 1249 4149 cum
1276 4093 1624 4163 reprehendit
1644 4101 1698 4150 et
1719 4095 1955 4166 corrigit,
1975 4103 2103 4152 tunc

503 4200 592 4241 me
610 4198 792 4240 amare
812 4183 1061 4241 dixerim.
1087 4183 1363 4255 Siquidem
1387 4183 1605 4240 laudare
1626 4186 1826 4252 omnia,
1852 4194 1961 4240 tum
1980 4202 2099 4257 quae

500 4279 660 4347 bene,
691 4287 803 4334 tum
846 4294 968 4350 quae
1011 4276 1151 4333 male
1180 4292 1239 4336 se
1285 4277 1502 4345 habent,
1539 4278 1592 4333 id
1639 4293 1744 4333 non
1794 4280 1973 4344 amici,
2002 4280 2097 4334 sed

500 4378 703 4435 fallacis
726 4392 790 4432 ac
813 4376 1072 4433 derisoris
1113 4385 1196 4432 est
1222 4393 1237 4429 :
1267 4384 1324 4432 at
1350 4374 1571 4431 laudare
1596 4376 1643 4431 si
1686 4375 1812 4449 quid
1863 4376 2010 4442 boni,
2037 4391 2102 4433 ac

499 4470 895 4542 reprehendere
943 4471 988 4525 si
1037 4468 1166 4541 quid
1217 4469 1420 4540 peccati
1477 4468 1808 4538 admittatur,
1867 4469 1920 4525 id
1970 4485 2100 4526 vero

498 4560 729 4619 amantis
768 4569 824 4619 et
865 4577 1049 4618 curam
1092 4561 1338 4617 habentis
1390 4570 1491 4617 est.
1546 4562 1720 4633 Atque
1771 4571 1829 4618 ut
1881 4563 2099 4619 discatis

498 4652 640 4725 quod
666 4651 1128 4709 indiscrimina'tim
1156 4654 1336 4710 omnia
1356 4653 1575 4710 laudare
1595 4664 1651 4710 et
1669 4654 1966 4721 celebrare,
1988 4672 2096 4711 non

498 4746 570 4800 sit
612 4745 793 4812 amici,
826 4745 921 4802 sed
949 4745 1270 4817 decipientis
1301 4763 1314 4800 :
1356 4744 1558 4814 Popule
1594 4762 1754 4813 meus,
1788 4747 1977 4819 inquit.
2009 4749 2098 4818 qui

498 4852 585 4891 vos
606 4837 775 4891 beatos
802 4837 998 4903 dicunt,
1033 4836 1133 4907 ipsi
1158 4851 1245 4891 ros
1273 4836 1553 4907 decipiunt,
1583 4845 1629 4892 et
1656 4839 1881 4892 semitam
1911 4839 2097 4909 pedum

498 4937 775 4982 uestrorum
801 4927 1070 4983 exturbant
1109 4925 1263 5000 (Isai.
1290 4927 1346 4983 '5.
1381 4926 1495 4999 l2).
1526 4926 1684 4984 Certe
1724 4929 1996 4989 inimicum
2028 4947 2097 4986 ne

498 5018 807 5075 laudantem
833 5018 1049 5091 quidem
1087 5017 1346 5086 admitto;
1388 5019 1620 5077 amicum
1652 5036 1780 5077 vero
1808 5023 1970 5080 etiam
2012 5038 2097 5080 re-

500 5109 919 5183 prehendentem
951 5111 1249 5181 amplexor.
1285 5110 1377 5167 Ille
1400 5111 1502 5167 etsi
1526 5126 1614 5169 me
1634 5111 1993 5181 deosculetur,
2017 5114 2097 5169 in-

498 5205 681 5261 suavis
706 5213 824 5273 est;
855 5203 945 5261 hic
987 5204 1087 5260 etsi
1135 5203 1401 5269 vulneret,
1444 5204 1727 5260 amabilis:
1768 5206 1910 5261 illius
1935 5220 2096 5263 oscu-

501 5298 613 5354 lum
642 5297 949 5366 suspicione
976 5297 1193 5368 plenum
1215 5305 1315 5359 est,
1336 5294 1493 5365 hujus
1518 5296 1710 5353 vulnus
1736 5297 1958 5355 curandi
1986 5297 2094 5353 vim

499 5389 679 5449 habet.
711 5389 1000 5462 Propterea
1024 5388 1156 5444 dicit
1175 5388 1389 5459 quidam
1414 5407 1425 5442 :
1453 5388 1715 5444 Fideliora
1743 5398 1862 5444 sunt
1886 5391 2096 5445 vulnera

498 5483 672 5550 antici,
715 5499 869 5552 quam
912 5493 1194 5554 spontaneo
1238 5483 1411 5537 oscula
1455 5482 1648 5538 inimici
1676 5481 1857 5552 (Prov.
1887 5484 1994 5539 27..
2014 5484 2091 5555 6).

498 5573 637 5641 Quid
681 5574 856 5629 dicis?
894 5574 1127 5630 Vulnera
1182 5576 1380 5630 osculis
1435 5575 1687 5641 meliora,
1744 5575 1955 5647 inquit:
1989 5590 2093 5630 non

501 5666 673 5720 cuim‘
701 5666 767 5721 ad
811 5677 1057 5722 naturam
1080 5683 1267 5723 eorum
1299 5686 1418 5740 qua:
1448 5670 1600 5735 ﬁunt,
1634 5669 1728 5725 sed
1756 5670 1822 5725 ad
1851 5669 2093 5725 aﬁ'cctio-

563 5759 581 5830 ἦ
616 5763 729 5830 tunc
764 5758 835 5830 sic
869 5758 997 5830 forte
1017 5756 1198 5830 melius
1220 5760 1447 5830 legantur
1488 5776 1501 5813 :
1541 5761 1664 5830 Quid
1707 5761 1874 5813 diris?
1897 5763 2094 5830 vulnera

504 5822 682 5870 astatis
702 5822 911 5877 meliora
931 5824 956 5875 Ρ
984 5822 1146 5877 etiam,
1170 5822 1324 5886 inquit
1362 5836 1379 5873 :
1416 5836 1509 5875 non
1539 5822 1685 5886 enim,
1714 5832 1834 5886 etc.,
1876 5839 1986 5877 nam
2014 5827 2091 5878 hic

492 5885 667 5943 tropus
684 5888 810 5947 apud
826 5888 1217 5949 Chrysnslitmum
1239 5885 1473 5947 frequens
1498 5894 1592 5936 est.

2148 3251 2203 3263 ...-

2220 3379 2564 3465 nenteorum
2594 3379 2683 3447 qui
2713 3378 2914 3436 faciunt
2937 3385 3174 3442 attendo.
3206 3388 3296 3443 Vis
3315 3389 3529 3450 discere
3550 3396 3800 3465 quomodo

2218 3457 2462 3518 ﬁdeliora
2505 3465 2613 3521 sint
2652 3470 2870 3527 vulnera
2895 3475 3078 3547 amici,
3106 3493 3265 3550 quam
3310 3457 3607 3553 spontanea
3632 3488 3797 3543 oscula

2217 3555 2457 3613 inimici?
2489 3560 2770 3619 Dominum
2797 3567 3071 3624 osculatus
3100 3580 3182 3627 est
3209 3572 3408 3641 Judas;
3439 3577 3535 3633 sed
3570 3580 3796 3636 osculum
3869 3607 3873 3610 ν

2213 3657 2331 3707 crat
2359 3652 2663 3720 proditione
2706 3658 2957 3727 plenum;
2989 3676 3050 3716 os
3078 3678 3309 3733 veneno,
3355 3667 3538 3740 lingua
3578 3672 3796 3743 nequitia

2212 3743 2521 3815 replebatur
2560 3747 2771 3821 (Matth.
2816 3749 2907 3807 26.
2959 3753 3076 3827 49).
3124 3755 3498 3816 Furnicarium
3527 3764 3667 3833 apud
3693 3761 3793 3819 C0—-

2212 3834 2441 3898 rinthios
2465 3839 2765 3898 vulneravit
2791 3842 3026 3914 Paulus;
3056 3847 3152 3904 sed
3185 3848 3260 3905 illi
3298 3851 3526 3909 salutem
3553 3854 3794 3910 concilia-

2211 3926 2305 3982 vit.
2337 3927 2638 3999 Quomodo,
2671 3933 2903 4006 inquies,
2932 3939 3272 3997 vulneravit?
3298 3942 3514 4001 Satanae
3557 3947 3792 4003 tradens:

2209 4016 2439 4090 Tradite,
2463 4021 2654 4093 inquit,
2683 4025 2979 4097 hujusmodi
3000 4040 3195 4087 satana:
3219 4033 3272 4088 in
3317 4034 3577 4091 interitum
3617 4039 3792 4092 carnis.

2211 4110 2293 4166 Ad
2322 4113 2491 4185 quid?
2514 4113 2585 4171 Ut
2621 4117 2829 4189 spiritus
2862 4121 3033 4177 salvus
3051 4123 3112 4177 sit
3142 4124 3194 4178 in
3222 4125 3304 4180 die
3326 4124 3540 4183 Domini
3558 4129 3680 4184 Jesu
3710 4128 3792 4201 (1.

2208 4203 2327 4258 Cor.
2358 4206 2411 4261 5.
2443 4207 2476 4263 5
2498 4206 2541 4279 ).
2577 4207 2820 4265 Vidistin‘
2854 4213 3081 4270 vulnera
3121 4216 3348 4273 salutis?
3390 4219 3627 4277 vidistin‘
3650 4236 3789 4277 oscu-

2208 4292 2317 4349 lum
2343 4296 2646 4367 proditione
2676 4300 2984 4371 repletum?
3019 4304 3110 4359 Sic
3150 4303 3414 4362 Fideliora
3438 4320 3560 4365 sunt
3596 4311 3792 4366 vulnera

2206 4389 2374 4456 amici,
2415 4406 2567 4458 quant
2614 4403 2895 4464 spontanea
2945 4399 3120 4453 oscula
3166 4400 3379 4456 inimici.
3413 4402 3473 4458 Id
3515 4419 3621 4459 non
3663 4403 3790 4474 apud

2207 4480 2455 4541 homines
2487 4493 2716 4555 tantum,
2749 4488 2845 4544 sed
2871 4489 3031 4545 etiam
3059 4494 3201 4563 apud
3248 4495 3414 4550 Deum
3444 4508 3501 4552 et
3520 4498 3658 4568 apud
3682 4496 3788 4552 dia-

2207 4573 2387 4629 bolum
2437 4577 2805 4647 exquiramus.
2847 4580 2942 4637 Ille
2993 4583 3220 4651 amicus,
3260 4585 3348 4640 hic
3397 4587 3645 4645 inimicus
3683 4594 3785 4653 est;

2208 4666 2300 4721 ille
2339 4678 2580 4724 servator
2608 4678 2665 4725 et
2707 4680 2943 4739 curator,
2974 4673 3060 4729 hic
3108 4673 3481 4734 fraudulentus
3527 4690 3583 4736 et
3626 4676 3787 4735 inimi-

2204 4778 2318 4818 cus.
2365 4763 2462 4820 Hic
2505 4765 2789 4837 aliquando
2833 4768 3102 4825 osculatus
3154 4779 3268 4836 est,
3323 4773 3415 4829 ille
3461 4772 3788 4830 vulneravit?

2204 4855 2483 4926 Quomodo
2539 4859 2623 4913 hic
2667 4859 2937 4915 osculatus
2991 4870 3111 4929 est,
3162 4863 3252 4917 ille
3298 4864 3635 4920 vulneravit?
3699 4861 3789 4917 Hic

2204 4950 2359 5017 dixit,
2396 4949 2552 5003 Eritis
2573 4950 2706 5005 sicut
2737 4951 2812 5005 dii
2832 4969 2853 5019 ;
2897 4951 2988 5008 ille
3014 4969 3163 5019 vero,
3190 4953 3345 5009 Terra
3370 4973 3441 5022 es,
3465 4966 3512 5012 et
3531 4957 3585 5010 in
3613 4968 3785 5010 terram

2200 5043 2462 5098 reverteris
2502 5041 2654 5116 (Gen.
2688 5044 2741 5100 5.
2774 5044 2827 5100 5.
2864 5053 2911 5099 et
2945 5043 3073 5117 19).
3106 5044 3238 5102 Uter
3266 5048 3436 5119 magis
3476 5046 3686 5119 profuit,
3723 5061 3785 5100 an

2205 5135 2313 5204 hic,
2340 5136 2430 5207 qui
2462 5136 2615 5202 dixit,
2648 5135 2808 5191 Eritis
2835 5136 2965 5192 sicut
2986 5137 3060 5192 dii
3078 5154 3096 5197 ς
3134 5153 3202 5193 an
3233 5139 3321 5195 ille
3348 5140 3438 5211 qui
3458 5141 3608 5206 dixit,
3641 5138 3786 5194 Terra

2202 5243 2276 5295 es,
2307 5237 2354 5283 et
2391 5227 2444 5281 in
2471 5236 2660 5282 terram
2695 5229 2956 5283 reverteris
2978 5229 3005 5282 ?
3046 5228 3145 5284 Hic
3171 5240 3400 5286 mortem
3429 5231 3785 5286 interminatus

2203 5329 2307 5385 est,
2336 5320 2424 5376 ille
2446 5320 2903 5378 immortalitatem
2934 5322 3209 5393 promisit;
3239 5324 3332 5379 sed
3368 5326 3461 5396 qui
3482 5323 3783 5380 immortali.

2204 5422 2367 5471 tatem
2417 5414 2686 5486 promisit,
2735 5431 2799 5470 ex
2849 5414 3099 5487 paradiso
3147 5418 3485 5473 exturbavit:
3528 5419 3617 5489 qui
3664 5429 3785 5471 vero

2203 5517 2430 5565 mortem
2460 5509 2839 5565 interminatus
2881 5518 2984 5577 est,
3018 5510 3069 5566 in
3109 5511 3302 5567 caelum
3358 5510 3573 5568 invexit.
3608 5505 3782 5563 Vidcn'

2201 5600 2471 5673 quomodo
2491 5599 2756 5658 Fideliora
2775 5612 2893 5658 sunt
2922 5602 3135 5658 vulnera
3159 5605 3333 5672 amici,
3349 5622 3501 5676 quam
3519 5612 3780 5674 spontanee

2202 5695 2376 5751 oscula
2400 5694 2635 5749 inimici?
2666 5694 2791 5751 Ideo
2812 5705 3098 5766 antequam
3122 5696 3171 5752 id
3201 5695 3650 5762 demonstrarem,
3667 5705 3775 5762 gra-

2205 5786 2333 5840 tiam
2363 5785 2523 5844 retuli
2555 5785 2642 5852 iis,
2672 5787 2762 5858 qui
2788 5802 2875 5843 me
2903 5796 3156 5861 arguunt.
3180 5787 3261 5843 illi
3288 5803 3515 5863 namque
3539 5784 3776 5854 sivcjurc

2202 5879 2316 5935 sive
2342 5879 2534 5951 injuria
2563 5887 2806 5951 arguant,
2835 5896 2942 5938 non
2972 5881 3349 5951 exprobrandi,
3378 5881 3471 5940 sed
3495 5871 3773 5947 corrigendi
