4086 6422
417 429 505 483 ιιι

409 545 556 616 ίδητε
596 546 658 600 τὸ
699 547 908 622 θαῦμα.
942 553 1056 609 οὑκ
1079 550 1254 625 εἶπεν,
1291 561 1373 615 ὅτι
1403 562 1558 619 ἔτεκε
1604 569 1837 634 παιδίον,
1877 574 1992 627 ἀλλ’

406 635 487 733 ὅτι
519 637 755 707 θηλάζει
789 643 1022 700 παιδίον.
1066 648 1187 702 Ἵνα
1230 649 1340 722 γάρ
1373 655 1447 725 μή
1483 673 1567 719 τις
1604 659 1992 733 ὑποϐολιμαῖον

405 727 540 785 εἶναι
570 732 769 807 νομίσῃ
796 736 857 789 τὸ
889 738 1132 803 παιδίον,
1174 743 1229 794 αἱ
1272 743 1367 798 τοῦ
1399 747 1671 815 γάλακτος
1700 727 1874 823 πηγαὶ
1903 755 1993 809 τὸν

402 822 622 913 τοκετδν
666 825 1057 898 ἐνεγυήσαντο,
1108 831 1249 887 ὥστε
1298 822 1848 913 ἀναμιμνησκόμενος
1898 847 1990 900 τοῦ

401 912 666 984 ὀνόματος
695 916 789 971 καὶ
814 920 976 985 αὐτὸς
1007 923 1200 996 ἱκανὴν
1234 921 1348 997 εἶχε
1375 912 1728 988 διδασκαλίαν
1751 936 1852 1007 τῆς
1883 954 1991 991 πα-

403 1006 628 1077 ραδόξου
670 1011 996 1081 γεννήσεως.
1049 1015 1149 1070 Διά
1201 1017 1357 1072 τοῦτό
1399 1038 1564 1092 φησι,
1611 1006 1854 1081 Γέλωτά
1890 1047 1991 1098 μοι

401 1098 691 1190 ἐποίησεν
733 1105 765 1156 ό
792 1102 957 1171 Θεὸς,
985 1105 1068 1159 ὅτι
1098 1102 1167 1179 ἦν
1202 1109 1330 1164 ἰδεῖν
1357 1116 1589 1180 γυναῖκα
1615 1123 1992 1190 γεγηρακυῖαν

400 1190 459 1241 ἐν
485 1188 763 1264 βαθυτάτῃ
793 1193 958 1265 πολιᾷ
983 1196 1401 1271 τιθηνουμένην,
1426 1204 1648 1275 ὑπομάζ
1656 1224 1731 1259 ιον
1758 1188 1989 1278 ἔχουσαν

399 1279 554 1354 [115]
600 1283 832 1339 παιδίον.
892 1286 1031 1340 Ἀλλ’
1060 1291 1090 1343 ό
1124 1290 1299 1360 γέλως
1334 1294 1438 1364 τῆς
1471 1297 1566 1349 τοῦ
1595 1298 1733 1353 Θεοῦ
1769 1301 1990 1373 χάριτος

400 1375 707 1446 ὑπόμνησις
733 1373 836 1448 ἦν,
879 1381 972 1435 καὶ
1019 1382 1051 1453 ἡ
1083 1384 1529 1459 γαλακτοτροφία
1566 1390 1665 1462 τὴν
1716 1392 1989 1466 θαυματο-

399 1467 582 1520 ποιίαν
618 1469 935 1526 ὲπιστοῦτοο
972 1475 1094 1529 οὑδὲ
1137 1476 1247 1549 γὰρ
1278 1478 1493 1548 φύσεως
1531 1482 1691 1554 ἔργον
1722 1480 1809 1555 ἦν,
1854 1486 1989 1540 ἀλλά

396 1558 461 1611 τὸ
506 1560 612 1613 πᾶν
657 1562 758 1632 τῆς
792 1563 1015 1635 χάριτος
1059 1568 1390 1641 κατόρθωμα
1426 1573 1654 1639 ἐγίνετο.
1688 1575 1787 1628 Διά
1831 1577 1988 1631 τοῦτό

400 1667 537 1721 φησι
559 1654 653 1706 καὶ
679 1655 707 1707 6
736 1655 968 1723 Παῦλος,
998 1662 1159 1715 Κατὰ
1196 1662 1402 1717 Ἰσαὰκ
1427 1662 1789 1736 ἐπαγγελίας
1806 1667 1989 1725 τέκνα

396 1740 603 1812 ἐσμέν.
639 1745 853 1819 Ὠσπερ
893 1749 1001 1823 γάρ
1033 1753 1149 1806 ἐκεῖ
1193 1756 1226 1826 ἡ
1273 1757 1433 1827 χάρις
1471 1758 1805 1829 εἰργάσατο·
1844 1760 1987 1816 οῦτω

397 1836 493 1890 καὶ
537 1837 771 1894 ἐνταῦθα
823 1842 1094 1914 προῆλθεν
1143 1848 1350 1912 ἐκεῖνος
1407 1850 1517 1904 ἀπὸ
1566 1853 1783 1923 μήτρας
1850 1871 1975 1910 κατα

395 1927 729 2002 εψυγμένης.
770 1933 995 2005 Ἀνέϐης
1023 1937 1088 1991 σὺ
1113 1938 1221 1992 ἀπὸ
1244 1940 1451 1997 ὑδάτων
1471 1943 1716 2016 ψυχρῶν·
1736 1945 1872 2018 ὅπερ
1890 1942 1983 1999 οὖν

396 2021 590 2094 ἐκείνῳ
611 2024 644 2095 ή
668 2027 873 2098 μήτρα,
900 2028 1055 2083 τοῦτό
1082 2048 1165 2085 σοι
1193 2034 1225 2104 ἡ
1259 2034 1613 2110 κολυμϐήθρα
1634 2037 1855 2107 ἐγένετο
1876 2040 1983 2093 τῶν

393 2113 625 2202 ὑδάτων.
662 2112 817 2181 Εἶδες
836 2119 997 2174 τόκου
1035 2125 1389 2193 συγγένειαν;
1419 2125 1555 2194 εἶδες
1586 2132 1806 2202 χάριτος
1840 2149 1979 2202 συμ-

395 2200 631 2274 φωνίαν;
662 2204 803 2274 εἶδες
830 2214 1111 2285 πανταχοῦ
1140 2216 1241 2288 τὴν
1270 2219 1431 2287 φύσιν
1466 2221 1854 2292 σχολάζουσαν,
1887 2226 1980 2279 καὶ

392 2295 493 2365 τὴν
538 2297 771 2370 δύναμιν
820 2302 919 2357 τοῦ
963 2304 1099 2359 Θεοῦ
1150 2308 1214 2361 τὸ
1262 2310 1373 2363 πᾶν
1423 2312 1832 2386 ἐργαζομένην;
1881 2315 1980 2369 Διά

390 2386 547 2443 τοῦτο
572 2393 737 2446 Κατὰ
770 2394 966 2449 Ἰσαὰκ
993 2396 1355 2469 ἐπαγγελίας
1381 2401 1563 2457 τέκνα
1589 2404 1795 2459 ἐσιιέν.
1837 2406 1979 2459 Ἀλλ’

1476 2648 1813 2656 ,ψη-...μω
1858 2650 2057 2659 λυ-

954 444 967 453 “
1013 441 1101 500 DE
1142 445 1483 507 FERENDIS
1523 453 1959 516 REPREIIENS.
2002 461 2091 519 ET
2136 465 2222 523 DE
2260 470 2523 534 MDTAT.
2569 480 2906 542 NOMINUM.
2946 486 3036 544 111.

3580 488 3681 544 Ιῖιῖ

2096 579 2155 633 ἓν
2191 581 2340 635 ἐστιν
2388 583 2470 639 ἔτι
2511 587 2573 641 τὸ
2608 587 2977 661 ζητούμενονο
3015 594 3142 665 περὶ
3189 596 3344 667 ἡμῶν
3388 592 3557 663 εἶπεν,
3595 603 3678 659 δτι

2099 671 2222 724 Οὐκ
2242 671 2312 737 ἐξ
2331 676 2614 745 αίμάτων,
2639 679 2782 734 οὐδὲ
2809 681 2879 734 ἐκ
2903 682 3239 753 θελήματος
3259 690 3507 757 σαρκός.
3532 691 3680 751 Πῶςς

2096 762 2230 817 Οὑδέ
2269 765 2454 820 Ἰσαὰκ
2482 767 2542 833 ἐξ
2567 770 2816 840 αἱμάτων
2837 790 2852 804 ο
2897 772 3170 837 Ἐξέλιπε
3197 778 3307 847 γὰρ
3338 779 3535 850 Σάῤῥᾳ
3570 785 3681 839 τοῦ

2094 854 2364 923 γίνεσθαι
2380 856 2449 911 τὰ
2473 861 2780 927 γυναικεῖα
2798 863 3008 932 αὐτῆς.
3044 866 3485 940 ’Λπεσϐέσθησαν
3504 876 3559 926 αἱ
3588 873 3676 928 τοῦ

2094 946 2326 1014 αἵματος
2353 950 2548 1018 πηγαὶ,
2575 951 2814 1026 ἀνῃρέθη
2843 955 2945 1025 τῆς
2965 959 3269 1029 γεννήσεως
3291 962 3325 1031 ὴ
3353 959 3476 1032 ὕλη,
3505 964 3679 1035 ἄχρη-

2095 1056 2218 1092 στον
2246 1036 2315 1111 ἦν
2349 1043 2448 1112 τῆς
2477 1042 2694 1110 φύσεως
2723 1046 2785 1100 τὸ
2812 1050 3193 1121 ἐργαστήριον.
3231 1054 3324 1107 καὶ
3354 1055 3382 1107 6
3415 1054 3547 1120 Θεὸς
3580 1056 3678 1127 τὴν

2091 1127 2318 1199 δύναμιν
2361 1132 2674 1199 ἐπεδείξατο
2715 1135 2814 1206 τὴν
2857 1138 3075 1193 ἑαυτοῦ.
3136 1141 3266 1195 Ἰδοὺ
3311 1144 3535 1214 καὶτῆς
3578 1144 3676 1198 τοῦ

2103 1218 2291 1275 Ἰσαὰκ
2338 1223 2711 1295 προσηγορίας
2743 1226 3158 1300 ἀπηρτισμένην
3188 1232 3289 1303 τὴν
3326 1233 3677 1289 διδασκαλίαν

2090 1309 2307 1382 ἔχομεν.
2358 1316 2619 1369 Λείπεται
2678 1317 2778 1387 μὲν
2823 1319 2932 1390 γὰρ
2977 1322 3069 1374 ἐπὶ
3110 1323 3206 1378 τὸν
3267 1325 3539 1398 Ἁϐραάμ,
3581 1330 3675 1380 καὶ

2089 1405 2216 1468 τοὺς
2269 1406 2420 1470 υίοὺς
2453 1408 2739 1462 Ζεϐεδαίου
2782 1410 2879 1465 καὶ
2916 1412 3008 1465 τὸν
3057 1413 3267 1487 Πέτρον
3313 1416 3521 1472 ἐλθεῖν·
3554 1417 3673 1472 ἀλλ’

2090 1493 2230 1549 ὥστε
2286 1497 2360 1569 μὴ
2425 1499 2716 1570 ἐνοχλῆσαι
2752 1501 2833 1572 τῷ
2881 1505 3078 1575 μήκει,
3136 1509 3217 1571 είς
3264 1507 3455 1579 ἑτέραν
3502 1507 3672 1563 ταῦτα

2072 1586 2322 1665 διάλεξιν
2343 1590 2705 1663 ὑπερθέμενοι
2725 1596 3156 1670 καταπαύσομεν
3176 1598 3267 1652 τὸν
3290 1600 3467 1668 λόγον,
3489 1619 3670 1673 παρα-

2089 1678 2415 1745 καλέσαντες
2447 1683 2612 1752 ὑμᾶς,
2635 1685 2761 1750 τοὺς
2783 1688 3144 1757 γεννηθέντας
3177 1690 3321 1745 κατὰ
3338 1692 3428 1746 τὸν
3464 1692 3670 1758 Ἰσαὰκ,

2092 1771 2375 1841 μιμεῖσθαι
2414 1773 2511 1827 τοῦ
2561 1775 2748 1830 Ἰσαὰκ
2785 1778 2887 1850 τὴν
2925 1780 3211 1853 πραότητα
3246 1784 3341 1837 καὶ
3373 1785 3471 1855 τὴν
3502 1785 3673 1839 ἐπιεί-

2090 1881 2244 1917 κειαν
2271 1865 2365 1918 καὶ
2398 1864 2496 1937 τὴν
2523 1866 2691 1938 ἀλλην
2720 1869 2941 1925 ἅπασαν
2975 1872 3293 1943 φιλοσοφίαν
3312 1914 3326 1938 ,
3358 1874 3445 1928 ἵνα
3486 1875 3672 1946 εὑχαῖς

2088 1955 2299 2009 ἐκείνου
2327 1956 2421 2009 τοῦ
2448 1958 2658 2013 δικαίου
2689 1960 2785 2014 καὶ
2814 1960 2922 2015 τῶν
2952 1962 3232 2035 προέδρων
3265 1964 3472 2018 τούτων
3497 1965 3672 2020 ἀπάν-

2090 2064 2197 2100 των
2230 2050 2309 2111 είς
2338 2048 2569 2116 κόλπους
2616 2051 2864 2125 Ἀϐραὰμ
2884 2054 3124 2120 ἅπαντες
3148 2056 3483 2127 καταντῆσαι
3511 2056 3672 2126 δυνη-

2090 2137 2304 2209 θῶμεν,
2351 2141 2535 2213 χάριτι
2567 2146 2661 2199 καὶ
2708 2146 3089 2220 φιλανθρωπίᾳ
3132 2148 3227 2202 τοῦ
3262 2149 3469 2221 Κυρίου
3513 2149 3671 2220 ἡμῶν

2100 2228 2272 2301 Ἰησοῦ
2306 2232 2568 2303 Χριστοῦ,
2597 2236 2665 2289 δι’
2698 2230 2759 2291 οὗ
2798 2239 2889 2293 καὶ
2924 2239 3042 2311 μεθ’
3076 2232 3137 2293 οῦ
3183 2239 3261 2311 τῷ
3307 2240 3480 2311 Πατρὶ
3518 2239 3668 2305 δόξα,

2038 2395 2044 2401 .
2083 2321 2239 2393 τιμὴ,
2276 2326 2477 2395 κράτος
2496 2367 2511 2386 .
2540 2327 2657 2398 ἅμα
2682 2329 2760 2400 τῷ
2789 2331 2929 2403 ἁγίῳ
2960 2331 3053 2386 καὶ
3083 2329 3332 2401 ζωοποιῷ
3367 2330 3668 2403 Πνεύματι,

2086 2411 2180 2465 νῦν
2210 2416 2301 2468 καὶ
2322 2417 2427 2480 ἀεὶ,
2460 2420 2553 2472 καὶ
2577 2420 2657 2483 είς
2683 2424 2808 2487 τοὺς
2831 2422 3032 2486 αἰῶνας
3058 2422 3164 2475 τῶν
3197 2420 3429 2476 αἰώνων.
3469 2421 3666 2493 Ἀμήν.

2772 2662 3043 2670 ι--ρ--σ-Ἴ,
3056 2665 3065 2669 ν

3120 2665 3235 2671 -------ρ⁵
3248 2666 3627 2678 «ρι’-...ῃ

387 2884 544 2950 Πρὸς
571 2884 718 2948 τοὺς
740 2883 1195 2952 ἐγκαλέσαντας
1225 2889 1377 2958 ὑπὲρ
1408 2892 1513 2945 τοῦ
1535 2890 1775 2961 μήκους
1806 2892 1920 2947 τῶν
1944 2896 2287 2965 προοιμίων,
2329 2896 2427 2950 καὶ
2460 2897 2547 2950 ὅτι
2578 2895 2880 2967 χρήσιμον
2901 2899 2964 2952 τὸ
2987 2897 3192 2967 φέρειν
3222 2898 3528 2968 ἐλέγχους.
3565 2900 3665 2955 καὶ

461 2975 627 3039 τίνος
654 2974 866 3029 ἕνεκεν
888 2978 1000 3031 οὐκ
1029 2978 1249 3047 εὐθέως
1278 2985 1617 3051 πιστεύσας
1630 2988 2062 3055 μετωνομάσθη
2087 2986 2348 3055 Παῦλος,
2382 2987 2480 3041 καί
2501 2987 2591 3042 ὅτι
2616 2991 2727 3042 οὐκ
2749 2989 2817 3052 ἐξ
2838 2988 3130 3059 ἀνάγκης,
3188 2989 3325 3043 ἀλλ’
3348 2991 3415 3045 ἐκ
3459 3004 3665 3058 προαι-

451 3063 680 3133 ρέσεως
704 3067 951 3137 γέγονεν
981 3070 1141 3137 αὐτῷ
1161 3072 1199 3139 ἡ
1217 3076 1541 3146 μεταϐολή,
1571 3077 1665 3131 καὶ
1689 3081 1775 3143 είς
1798 3077 1862 3131 τὸ
1876 3080 2068 3146 ῥητόν
2087 3097 2101 3111 ·
2144 3099 2162 3131 ι
2204 3081 2426 3148 Σαῦλε,
2468 3082 2685 3147 Σαῦλε,
2722 3082 2779 3135 τί
2799 3098 2878 3151 με
2899 3080 3168 3148 διώκεις;
3213 3101 3231 3134 ι

459 3493 529 3547 α’.
565 3489 924 3544 Ἐνεκάλεσαν
950 3490 1085 3561 ἡμῖν
1104 3507 1249 3555 τινες
1263 3492 1375 3546 τῶν
1395 3494 1697 3566 ἀγαπητῶν
1711 3496 1818 3550 τῶν
1838 3498 1975 3569 ήμε-

385 3580 584 3649 τέρων,
603 3577 689 3629 ὅτι
706 3576 803 3629 τοῦ
828 3574 990 3643 λόγου
1012 3573 1082 3628 τά
1105 3575 1368 3647 προοίμια
1393 3578 1528 3650 πρὸς
1546 3580 1721 3649 μῆκος
1741 3580 1976 3634 ἐκτείνο-

390 3680 514 3734 μεν,
543 3660 639 3714 καὶ
666 3660 716 3712 εἰ
751 3658 850 3729 μὲν
871 3657 1114 3720 δικαίως,
1145 3658 1179 3729 ἢ
1212 3658 1411 3724 ἀδίκως
1454 3662 1803 3728 ἐνεκάλεσαν,
1851 3662 1973 3716 τότε

387 3743 600 3801 εἴσεσθε
616 3782 630 3807 ,
652 3740 873 3796 ἐπειδὰν
906 3742 999 3794 καὶ
1019 3741 1086 3794 τά
1112 3743 1241 3813 παρ’
1262 3742 1422 3815 ήμῶν
1442 3744 1884 3810 ἁκούσαντες,ὡς
1916 3748 1973 3800 ἐν

389 3827 555 3898 κοινῷ
583 3825 921 3896 δικαστηρίῳ
944 3824 1044 3896 τὴν
1075 3825 1256 3896 ψῆφον
1285 3827 1572 3898 ἐνέγκητε.
1618 3829 1759 3897 Ἐγὼ
1790 3829 1846 3883 δὲ
1880 3831 1973 3884 καὶ

387 3913 518 3986 πρὶν
547 3908 826 3973 ἀποδεῖξαι
860 3907 1039 3972 τοῦτο,
1080 3908 1240 3981 χάριν
1274 3910 1459 3974 αὑτοῖς
1493 3910 1603 3981 ἔχω
1632 3912 1743 3965 τῶν
1773 3913 1974 3985 ἐγκλη-

390 3994 578 4068 μάτων
598 4008 612 4023 °
642 3990 968 4062 κηδεμονίας
993 3989 1122 4061 γὰρ,
1146 3992 1207 4045 οὑ
1235 3992 1503 4063 πονηρίας
1524 3995 1641 4047 ἐστὶ
1668 3995 1737 4047 τά
1766 3995 1970 4068 ἐγκλή-

390 4095 566 4152 ⁴,ιατιν
609 4076 702 4131 καὶ⁵
729 4075 821 4127 τὸν
850 4074 1110 4145 φιλοῦντά
1144 4094 1233 4146 με,
1261 4077 1360 4147 οὑχ
1390 4079 1518 4130 ὅταν
1552 4079 1747 4150 ἐπαινῇ
1778 4097 1843 4149 με
1878 4080 1974 4151 μό-

384 4183 499 4228 νον,
532 4163 668 4216 ἁλλά
688 4162 782 4215 καὶ
812 4161 941 4213 ὅταν
963 4158 1168 4230 ἐγκαλῇ
1200 4158 1295 4212 καὶ
1316 4160 1628 4231 διορθῶται,
1657 4162 1779 4215 τότε
1804 4164 1972 4234 φαίην

384 4249 454 4302 ἂν
473 4246 648 4315 ἔγωγε
680 4244 879 4312 φιλεῖν.
911 4241 986 4295 T6
1015 4241 1113 4312 μὲν
1135 4241 1245 4314 γάρ
1272 4242 1461 4306 ἁπλῶς
1489 4244 1667 4299 πάντα
1703 4246 1968 4312 ἐπαινεῖν,

385 4331 484 4385 καὶ
513 4328 580 4383 τὰ
606 4327 788 4391 καλῶς
808 4326 1021 4396 ἔχοντα,
1046 4326 1142 4379 καὶ
1163 4325 1233 4377 τὰ
1264 4326 1341 4396 μὴ
1373 4327 1576 4393 καλῶς,
1609 4329 1709 4382 οὑκ
1736 4329 1851 4382 ἐστι
1882 4348 1972 4400 φι-

382 4413 624 4479 λοῦντος,
664 4412 778 4466 ἀλλ’
803 4407 1121 4472 ἀπατεῶνος
1150 4408 1248 4463 καὶ
1273 4410 1497 4479 εἴρωνος
1515 4429 1529 4443 ·
1559 4413 1621 4466 τὸ
1641 4412 1698 4465 δὲ
1726 4415 1970 4470 ἐπαινεῖν

388 4498 490 4568 μὲν
512 4495 579 4551 ἄν
602 4513 656 4550 τι
690 4494 799 4549 τῶν
848 4492 1080 4546 δεόντων
1110 4491 1327 4564 γίνηται
1353 4534 1369 4559 ,
1427 4495 1681 4563 ἐγκαλεῖν
1728 4495 1785 4549 δὲ
1824 4496 1889 4550 ἄν
1916 4515 1970 4551 τι

383 4580 843 4652 διαμαρτάνηται,
868 4577 1028 4632 τοῦτο
1054 4576 1211 4647 φίλου
1240 4579 1335 4632 καὶ
1383 4578 1700 4650 κηδεμόνος.
1745 4581 1855 4633 Καὶ
1881 4581 1969 4636 ἴνα

388 4664 621 4736 μάθητε,
648 4663 730 4716 ὅτι
767 4663 828 4716 τὸ
869 4660 1056 4726 ἁπλῶς
1081 4661 1261 4715 πάντα
1302 4663 1549 4716 ἐπαινεῖν
1604 4664 1697 4716 καὶ
1727 4665 1967 4736 μακαρί-

383 4750 502 4813 ζειν
554 4747 650 4801 ἐπὶ
699 4747 887 4810 πᾶσιν,
915 4746 1016 4799 οὑκ
1068 4746 1183 4799 ἔστι
1230 4746 1410 4813 φίλου,
1445 4746 1582 4800 ἀλλά
1617 4748 1963 4813 πλανῶντος·

384 4832 542 4897 Andr;
568 4847 689 4899 μου
711 4828 840 4901 γὰρ,
864 4829 1049 4899 φησὶν.
1079 4832 1134 4882 οἱ
1157 4826 1307 4901 [HG]
1332 4829 1763 4898 μακαρίζοντες
1787 4832 1965 4901 ὑμᾶς,

384 4912 700 4969 πλανῶσιν
727 4910 905 4980 ὑμᾶς.
928 4910 1027 4965 καὶ
1062 4910 1170 4964 τὸν
1193 4914 1396 4981 τρίϐον
1426 4912 1547 4966 τῶν
1574 4913 1778 4967 ποδῶν
1801 4915 1969 4984 ὑμῶν

381 4996 856 5067 ἐκταράσσουσι.
885 4996 990 5049 Τὸν
1019 4997 1118 5067 μὲν
1149 4992 1243 5050 οῦν
1275 4998 1471 5069 ἐχθρὸν
1496 4998 1616 5052 οὑδὲ
1641 4998 1967 5055 ἐπαινοῦντα

381 5083 629 5153 δέχομαι,
682 5080 776 5132 τὸν
815 5078 874 5132 δὲ
906 5077 1059 5148 φίλον
1106 5080 1202 5133 καὶ
1252 5080 1591 5149 ἐγκαλοῦντα
1643 5083 1961 5154 προσίεμαι.

396 5165 653 5226 Ἐκεῖνος,
681 5163 786 5218 κᾶν
815 5161 943 5235 φιλῇ
970 5179 1059 5232 με,
1081 5163 1251 5234 ἀηδής
1271 5165 1418 5217 ἐστιν
1444 5182 1456 5195 ·
1476 5160 1651 5229 οὗτος,
1673 5166 1776 5220 κᾶν
1796 5183 1965 5235 τραυ-

386 5247 589 5320 ματίζῃ
625 5263 711 5316 με,
742 5244 991 5309 ποθεινός
1018 5247 1166 5299 ἐστιν
1191 5262 1204 5276 ο
1251 5247 1461 5301 ἐκείνου
1513 5249 1574 5302 τὸ
1623 5250 1838 5321 φίλημα
1862 5251 1964 5303 ὑπ-

382 5333 541 5403 οψίας
574 5332 753 5401 γέμει,
781 5330 973 5384 τούτου
1002 5330 1064 5382 τὸ
1094 5330 1314 5402 τραῦμα
1349 5332 1672 5404 κηδεμονίαν
1693 5334 1826 5405 ἔχει.
1865 5335 1963 5389 Διά

383 5416 542 5471 τοῦτό
566 5416 697 5486 φησί
730 5432 814 5478 τις
834 5431 847 5444 '
895 5413 1381 5483 Ἀξιοπιστότερα
1420 5418 1723 5488 τραύματα
1754 5421 1961 5488 φίλου,

382 5500 423 5569 ἢ
448 5501 700 5554 ἑκούσια
719 5497 1023 5568 φιλήματα
1043 5498 1281 5567 ἐχθροῦ.
1317 5500 1380 5551 Τί
1413 5500 1622 5567 λέγεις;
1657 5501 1962 5573 Τραύματα

382 5582 704 5656 φιλημάτων
740 5582 1005 5653 βελτίονα,
1043 5582 1207 5654 φησίν
1231 5601 1245 5614 ·
1280 5583 1341 5634 οὑ
1372 5583 1480 5653 γὰρ
1511 5596 1536 5623 ει
1570 5588 1636 5656 τῇ
1671 5585 1830 5655 φύσει
1856 5587 1964 5640 τῶν

444 5763 471 5790 ⁸
494 5763 778 5837 Legepdum
805 5761 973 5837 fursan'
990 5769 1039 5810 cl
1064 5762 1467 5839 disl‘inguengupl
1488 5763 1587 5833 hoc.
1603 5767 1744 5839 ηιρόο
1770 5768 1866 5839 :"l‘i
1886 5771 1964 5817 λέ·

378 5841 472 5885 ·,εις
490 5838 505 5886 ;
526 5824 774 5886 τραύματα
798 5824 1074 5887 φιλημάτων
1098 5824 1461 5887 βελτίοναςΝαὶ,
1476 5827 1628 5886 φησιν.
1649 5829 1718 5874 0-3
1742 5829 1846 5890 γάρ,
1862 5838 1958 5879 clc.

2079 3496 2397 3568 γινομένων,
2426 3497 2562 3551 ἀλλὰ
2579 3500 2644 3569 τῇ
2671 3496 3033 3553 διαθέσειτῶν
3063 3499 3359 3551 ποιούντων
3388 3500 3661 3573 προσέχω.

2077 3580 2269 3634 Βούλει
2312 3581 2524 3653 μαθεῖν,
2555 3581 2671 3645 πῶς
2699 3581 3119 3653 ἀξιοπιστότερα
3167 3582 3452 3653 τραύματα
3486 3585 3661 3654 φίλου,

2074 3664 2106 3736 ἢ
2145 3663 2370 3718 ἑκούσια
2405 3667 2689 3736 φιλήματα
2717 3664 2949 3736 ἐχθροῦ;
2999 3665 3252 3735 Ἐφίλησε
3285 3666 3375 3719 τὸν
3409 3666 3612 3738 Κύριον
3633 3669 3663 3720 6

2059 3748 2309 3814 .Ἰούδα;,
2330 3747 2468 3802 ἀλλὰ
2498 3748 2787 3817 προδοσίας
2816 3747 2980 3801 αὑτοῦ
3006 3748 3065 3801 τὸ
3093 3748 3303 3820 φίλημα
3332 3750 3548 3821 ἔγεμεν,
3586 3752 3665 3805 ἰὸν

2074 3830 2239 3883 αὑτοῦ
2273 3829 2334 3884 τὸ
2366 3830 2539 3900 στόμα
2564 3826 2699 3900 εἶχε,
2725 3831 2994 3903 πονηρίας
3018 3833 3050 3902 ἡ
3078 3830 3299 3899 γλῶσσα
3328 3833 3659 3903 ἐπέπληστο.

2076 3913 2118 3963 Τ
2121 3912 2179 3964 δν
2210 3912 2362 3984 παρᾶ
2389 3913 2697 3983 Κορινθίοις
2744 3913 3156 3983 πεπὸρνευκότα
3197 3915 3597 3985 ἐτραυμάτισεν
3633 3917 3660 3969 6

2075 3996 2307 4060 Παῦλος,
2335 3996 2451 4049 ἀλλ’
2481 3995 2674 4049 ἔσωσε.
2740 3996 2850 4049 Καὶ
2906 3994 3023 4058 πῶς
3052 3996 3423 4065 ἐτραυμάτισε
3448 4010 3462 4059 ;
3486 3998 3618 4066 φησί
3645 4038 3657 4051 .

2075 4079 2165 4149 Τῷ
2204 4080 2419 4151 Σατανᾷ
2470 4078 2772 4149 παραδούς.
2822 4078 3127 4145 Παράδοτε
3182 4078 3311 4150 γὰρ,
3367 4081 3521 4149 φησὶ,
3554 4080 3662 4133 τὸν

2074 4162 2345 4217 τοιοῦτον
2372 4161 2452 4228 τῷ
2479 4161 2717 4228 Σατανᾷ
2744 4164 2831 4227 είς
2864 4161 3113 4231 ὄλεθρον
3134 4161 3244 4229 τῆς
3273 4162 3520 4229 σαρκός.
3563 4165 3661 4216 Διά

2071 4246 2154 4311 τίς
2184 4246 2319 4301 Ἵνα
2353 4244 2418 4298 τὸ
2455 4245 2692 4315 πνεῦμα
2716 4244 2881 4315 σωθῇ
2901 4247 2971 4299 ἐν
2991 4244 3065 4314 τῇ
3088 4245 3277 4313 ἡμέρᾳ
3298 4244 3406 4299 τοῦ
3438 4246 3662 4313 Κυρίου

2085 4328 2304 4398 Ἰησοῦ.
2341 4323 2496 4393 Εἶδες
2517 4330 2807 4401 τραύματα
2837 4330 3112 4401 σωτηρίαν
3144 4329 3367 4399 ἔχοντας
3401 4325 3538 4393 εἶδες
3568 4329 3659 4398 φί-

2072 4410 2223 4482 λημα
2241 4411 2530 4484 προδοσίας
2549 4412 2720 4483 γέμον
2743 4428 2757 4475 ;
2781 4412 2969 4475 Οὑτως
2994 4411 3468 4478 Ἆξιοπιστότερα
3488 4413 3664 4478 τραύ-

2067 4512 2228 4565 ματα
2258 4498 2464 4564 φίλου,
2489 4496 2528 4564 ἢ
2566 4497 2817 4550 ἑκούσια
2857 4494 3163 4563 φιλήματα
3210 4494 3449 4563 ἐχθροῦ.
3488 4494 3661 4548 Τοῦτο

2076 4579 2151 4650 μὴ
2179 4578 2265 4631 ἐπ’
2298 4577 2602 4649 ἀνθρώπων
2637 4579 2820 4649 μόνον,
2849 4576 2987 4630 ἀλλά
3013 4578 3107 4631 καὶ
3140 4577 3233 4631 ἐπὶ
3268 4577 3360 4631 τοῦ
3388 4577 3544 4643 Θεοῦ,
3564 4577 3661 4631 καὶ

2072 4663 2165 4715 ἐπὶ
2198 4661 2293 4715 τοῦ
2342 4662 2590 4715 διαϐόλου
2638 4661 3006 4732 ἐξετάσωμεν.
3074 4662 3132 4715 ὐ
3189 4661 3289 4732 μὲν
3337 4662 3509 4731 φίλος,
3543 4663 3571 4713 6
3599 4662 3658 4716 δὲ

2076 4744 2268 4814 ἐχθρός
2288 4760 2302 4774 ’
2327 4746 2355 4797 6
2386 4745 2485 4815 μὲν
2510 4746 2693 4818 σωτὴρ
2724 4745 2817 4798 καὶ
2844 4743 3117 4814 κηδεμὼν,
3148 4745 3176 4798 6
3199 4744 3257 4798 δέ
3288 4745 3542 4799 ἀπατεὼν
3564 4745 3659 4809 καὶ

2076 4827 2356 4897 πολέμιος.
2408 4828 2546 4881 Ἀλλ’
2580 4829 2608 4883 6
2639 4830 2735 4899 μὲν
2769 4828 2994 4900 ἐφίλησέ
3034 4845 3186 4892 ποτε,
3216 4829 3244 4880 6
3277 4828 3333 4881 δὲ
3379 4828 3659 4900 ὲτραυμάα

2075 4927 2210 4963 τισε.
2256 4910 2379 4974 Πῶς
2435 4913 2463 4965 6
2496 4911 2596 4982 μὲν
2644 4910 2922 4983 ἐφίλησεν,
2960 4910 3067 4964 όδὲ
3114 4910 3553 4982 ἐτραυμάτισεν;
3594 4909 3657 4964 Ὀ

2078 4992 2177 5063 μὲν
2204 4989 2373 5057 εἶπεν,
2415 4993 2675 5046 Ἕσεσθε
2705 4994 2785 5059 ὡς
2821 4994 2945 5048 θεοί
2964 5011 2975 5021 ·
3007 4996 3035 5047 ὁ
3060 4993 3115 5045 δέ
3144 4987 3287 5059 εἷπε,
3314 4992 3404 5062 Γῆ
3452 4989 3526 5060 εἷ,
3557 4993 3657 5048 καί

2071 5077 2158 5140 εἰς
2182 5074 2295 5144 γῆν
2316 5077 2646 5145 άπελεύσῃ.
2681 5077 2776 5140 Τίς
2800 5075 2893 5131 οῦν
2923 5078 3171 5150 ὠφέλησε
3202 5077 3423 5149 μᾶλλον,
3453 5081 3658 5140 ἐκεῖνος

2073 5162 2099 5212 6
2129 5158 2319 5223 εἰπὼν,
2350 5160 2431 5213 ότι
2459 5162 2719 5216 ’Έσεσθε
2756 5163 2837 5229 ὡς
2868 5162 3012 5226 θεοὶ,
3053 5157 3259 5234 ἢοῦτος
3295 5164 3323 5215 6
3353 5160 3542 5225 εἰπὼν,
3572 5162 3655 5214 ὅτι

2074 5244 2162 5313 Γῆ
2193 5240 2265 5307 εἷ,
2300 5245 2396 5298 καὶ
2422 5248 2509 5312 εις
2531 5247 2647 5316 γῆν
2666 5249 3013 5317 ἀπελεύσης
3042 5243 3209 5310 Οὗτος
3236 5246 3463 5300 θάνατον
3495 5243 3653 5315 ἠπεί-

2071 5328 2254 5400 λησεν,
2287 5332 2495 5395 ἐκεῖνος
2548 5330 2851 5385 ἀθανασίαν
2886 5329 3253 5402 ἐπηγγείλατο
3276 5343 3289 5356 ·
3323 5329 3438 5381 ἀλλ’
3485 5330 3514 5380 6
3554 5328 3653 5398 μέν

2071 5413 2374 5469 ἀθανασίαν
2400 5414 2891 5485 ἐπαγγειλάμενος,
2920 5415 3015 5468 καὶ
3057 5414 3150 5466 τοῦ
3200 5411 3527 5483 παραδείσου
3564 5409 3643 5478 ἐξ·

2073 5498 2263 5552 έϐαλεν
2282 5514 2297 5529 ⁸
2336 5501 2363 5552 6
2383 5498 2439 5553 δὲ
2468 5499 2698 5553 θάνατον
2720 5499 3043 5567 ἀπειλήσας,
3068 5498 3144 5560 είς
3174 5495 3266 5549 τὸν
3300 5492 3526 5567 οὑρανδν
3552 5496 3648 5549 ἀν-

2074 5583 2297 5653 ήγαγεν.
2316 5577 2464 5645 Εἶδες
2488 5580 2605 5646 πῶς
2619 5581 3102 5648 Ἀξιοπιστότερα
3123 5580 3425 5648 τραύματα
3445 5580 3646 5648 φίλου,

2072 5666 2382 5733 ἢέκούσια
2417 5666 2722 5735 φιλήματα
2770 5664 3150 5734 ἐχθροῦ;Διά
3193 5665 3351 5718 τοῦτο
3397 5665 3489 5717 καὶ
3520 5666 3649 5736 πρὶν

2072 5748 2369 5813 ἀποδεῖξαι,
2407 5750 2564 5819 χάριν
2584 5748 2692 5817 ἔχω
2737 5751 2850 5812 τοῖς
2889 5747 3231 5817 ἐγκαλοῦσιν.
3293 5748 3356 5801 Οἱ
3389 5746 3487 5818 μὲν
3515 5747 3645 5820 γὰρ,

2073 5834 2174 5887 κᾶν
2204 5832 2450 5896 δικαίως,
2484 5832 2587 5887 κᾶν
2617 5833 2816 5897 ἀδίκως
2866 5834 3189 5903 ἐγκαλῶσιν,
3240 5833 3341 5887 οὑκ
3392 5832 3648 5889 ὀνειδίσαι
