4086 6410
431 442 538 499 133

431 560 776 634 βουλόμενοι,
817 561 954 616 ἀλλὰ
999 563 1314 635 διορθῶσαι,
1347 566 1504 620 τοῦτο
1561 567 1833 622 ποιοῦσιν·
1885 571 1932 619 οἱ
1960 566 2016 619 δὲ

431 653 635 723 ἐχθροὶ,
664 653 762 707 κᾶν
795 653 1017 716 δικαίως
1047 655 1371 722 ἐγκαλῶσιν,
1400 657 1524 726 ούχὶ
1561 657 1874 728 διορθῶσαι,
1896 658 2014 710 ἀλλ’

433 748 814 814 ἐκπομπεῦσαι
846 747 1240 812 σπουδάζοντες
1274 749 1615 820 ἐλέγχουσιν.
1651 745 1808 804 Οὗτοι
1835 751 2018 804 τοίνυν

431 841 799 904 ἐπαινοῦντες,
829 841 1246 912 σπουδαιότερον
1280 843 1502 912 ζητοῦσι
1536 843 1783 912 ποιῆσαι,
1817 845 2014 896 ἐκεῖνοι

428 935 506 1000 δὲ,
535 933 636 989 κᾶν
664 932 983 998 ἐπαινῶσιν,
1011 933 1364 988 ὑποσκελίσαι
1393 935 1701 990 σπεύδουσι.

499 1047 644 1118 Πλὴν
665 1048 818 1112 ὅπως
850 1048 916 1101 ἂν
948 1050 976 1102 6
1009 1047 1229 1120 ἐλεγχος
1259 1051 1496 1122 κινῆται,
1545 1053 1688 1122 μέγα
1727 1051 1929 1121 ἀγαθὸν
1958 1052 2021 1104 τὸ

427 1134 690 1188 δύνασθαι
742 1135 930 1205 φέρειν
961 1135 1218 1206 ἐλέγχους
1259 1138 1353 1190 καὶ
1402 1137 1749 1208 ἐγκλήματα,
1789 1139 1884 1192 καὶ
1945 1137 2019 1210 μὴ

429 1221 836 1292 ἐκθηριοῦσθαι.
873 1223 924 1274 Ὁ
947 1221 1056 1294 γάρ
1073 1223 1274 1290 μισῶν
1297 1225 1613 1294 ἐλέγχους,
1637 1225 1843 1294 ἄφρων
1863 1225 2018 1288 ἐστὶ,

429 1309 613 1378 φησίν.
641 1309 754 1362 Οὐκ
783 1303 926 1372 εἷπε,
959 1310 1200 1362 τοιούσδε
1227 1311 1259 1382 ἢ
1287 1311 1531 1365 τοιούσδε
1579 1313 1867 1382 ἐλέγχους,
1904 1311 2018 1366 ἀλλ’

426 1395 638 1460 ἁπλῶς,
673 1396 950 1466 ἐλέγχους.
1005 1398 1069 1452 Εἰ
1121 1398 1220 1468 μὲν
1252 1399 1359 1470 γὰρ
1381 1399 1608 1463 δικαίως
1638 1401 1959 1452 ἐνεκάλεσεν
1993 1401 2021 1452 ό

429 1482 604 1551 φίλος,
645 1482 942 1554 διόρθωσαι
971 1483 1031 1536 τὸ
1066 1484 1374 1556 ἁμάρτημα
1394 1503 1408 1517 ·
1441 1488 1488 1538 εί
1524 1487 1582 1540 δέ
1609 1487 1822 1556 ἀλόγως
1851 1487 2022 1558 ἐμέμ-

425 1569 590 1638 ψατο,
641 1569 780 1632 τέως
833 1569 1121 1624 ἐπαίνεσον
1149 1573 1313 1626 αὑτὸν
1350 1573 1451 1644 τῆς
1481 1572 1730 1645 γνώμης,
1761 1575 2020 1640 ἀπόδεξαι

427 1667 520 1710 τον
548 1659 766 1723 σκοπὸν,
803 1657 964 1728 χάριν
986 1657 1322 1730 ὁμολόγησον
1371 1661 1470 1732 τῆς
1505 1663 1684 1731 φιλίας
1706 1681 1718 1692 ·
1755 1663 1864 1716 ἀπὸ
1913 1663 2021 1734 γὰρ

429 1743 523 1797 τοῦ
551 1745 758 1816 σφόδρα
787 1745 966 1814 φιλεῖν
997 1747 1056 1798 τὸ
1079 1747 1335 1816 ἐγκαλεῖν
1367 1749 1594 1816 γίνεται.
1625 1751 1716 1820 Μὴ
1740 1751 2021 1820 δυσχεραί-

432 1849 613 1902 νωμεν
640 1833 1012 1904 ἐλεγχόμενοι.
1073 1835 1185 1888 Καὶ
1221 1835 1331 1906 γὰρ
1372 1837 1582 1906 μεγάλα
1621 1837 1830 1908 ὀνίνησι
1867 1835 2022 1890 τοῦτο

428 1921 526 1992 τὴν
554 1921 701 1994 ζωήν
729 1923 828 1994 τὴν
857 1923 1160 1995 ἡμετέραν,
1199 1926 1248 1978 εί
1281 1926 1485 1994 γίνοιτο
1513 1927 1664 1996 παρά
1695 1928 1936 1992 πάντων,
1973 1927 2023 1980 εί

428 2009 520 2061 καὶ
553 2009 870 2080 ἐλέγχοιμεν
899 2011 1026 2074 τοὺς
1052 2011 1488 2083 ἁμαρτάνοντας,
1537 2013 1629 2067 καὶ
1675 2013 2020 2086 ἁμαρτάνον-

427 2114 517 2160 τες
545 2097 805 2168 φέροιμεν
831 2099 960 2163 τοὺς
994 2099 1252 2170 ἐλέγχους
1291 2101 1530 2165 εὐκόλως
1550 2119 1563 2131 ·
1607 2103 1745 2172 ὅπερ
1771 2104 1880 2174 γὰρ
1927 2102 2022 2156 ἐπὶ

428 2188 536 2240 τῶν
569 2189 901 2259 τραυμάτων
944 2189 1063 2242 ἐστὶ
1095 2189 1166 2243 τά
1219 2191 1525 2262 φάρμακα,
1561 2191 1718 2244 τοῦτο
1767 2194 1861 2244 ἐπὶ
1913 2191 2022 2246 τῶν

427 2276 844 2346 ἁμαρτημάτων
875 2277 921 2330 οί
962 2275 1202 2348 ἔλεγχοι·
1239 2277 1428 2350 ὥσπερ
1468 2273 1561 2332 οῦν
1591 2281 1618 2332 6
1649 2277 1716 2330 τά
1751 2279 2022 2349 φάρμακα

429 2363 478 2433 [l
498 2363 581 2435 l7]
613 2363 1054 2435 διακρουόμενος,
1094 2365 1344 2437 ἀνόητος,
1377 2367 1518 2420 οὕτω
1541 2367 1632 2421 καὶ
1662 2369 1690 2420 6
1716 2369 1843 2430 τοὺς
1865 2367 2024 2436 ἐλέγ-

429 2469 557 2521 χους
594 2451 668 2521 μή
694 2452 1147 2522 καταδεχόμενος,
1178 2454 1388 2526 ἄφρων.
1442 2454 1582 2508 Ἀλλ’
1637 2454 2021 2526 ἐκθηριοῦνται

429 2541 612 2594 πολλοὶ
644 2541 926 2606 πολλάκις,
957 2543 1096 2614 πρὸς
1122 2545 1324 2608 αὐτοὺς
1358 2546 1666 2610 ἐννοοῦντες
1715 2547 1810 2598 καὶ
1837 2545 2022 2616 λέγον-

427 2645 519 2692 τες
541 2645 553 2658 ·
583 2629 774 2698 Σοφδς,
803 2631 989 2700 φησὶν,
1013 2630 1124 2699 ἐγὼ
1158 2633 1250 2685 καὶ
1279 2633 1499 2698 συνετὸς
1521 2633 1613 2686 τοῦ
1639 2634 1810 2698 δεῖνος
1836 2633 2022 2698 ἀνέξο-

433 2733 559 2786 μαι;
596 2715 696 2768 ούκ
727 2717 949 2781 εἰδότες,
975 2719 1055 2770 δτι
1090 2719 1250 2772 τοῦτο
1279 2720 1412 2774 αὐτὸ
1445 2719 1682 2792 ἐσχάτης
1717 2720 1906 2786 ἀνοίας
1939 2739 2024 2774 τε·

431 2807 690 2876 κμήριον.
723 2803 905 2860 Εἶδον
950 2807 1077 2878 γάρ,
1133 2811 1320 2879 φησὶν,
1365 2809 1684 2878 ἅνθρωποι·
1724 2810 2024 2865 δοκοῦντα

432 2894 631 2960 σοφὸν
659 2891 814 2948 εἶναι
847 2897 984 2963 παρ’
1015 2897 1228 2962 ἐαυτῷ,
1266 2897 1487 2952 ἐλπίδα
1532 2897 1600 2951 δὲ
1629 2899 1750 2966 ἔχει
1779 2899 2024 2968 μᾶλλον

434 2982 467 3032 ό
491 2977 698 3047 ἄφρων
723 2982 932 3036 αὑτοῦ.
985 2982 1084 3035 Διὰ
1121 2983 1282 3038 τοῦτο
1313 2987 1408 3038 καὶ
1463 2985 1674 3049 Παῦλος
1703 2987 1870 3056 λέγει,
1921 2990 1978 3042 Μ
1987 2985 2020 3054 ὴ

431 3066 672 3134 γίνεσθε
697 3068 970 3137 ςερόινμοι
995 3073 1128 3138 παρ’
1165 3071 1424 3140 ἑαυτοῖς.
1468 3074 1586 3127 Κᾶν
1618 3075 1726 3146 γὰρ
1763 3075 2022 3145 μυριάκις

433 3149 484 3206 εἷ
506 3155 688 3223 σοφὸς,
731 3157 825 3209 καὶ
855 3157 922 3210 τά
945 3156 1133 3212 δέοντα
1165 3161 1434 3231 συνορῶν,
1467 3161 1581 3215 ἀλλ’
1613 3162 1900 3234 ἄνθρωπος
1949 3160 2020 3228 εἴ,

435 3241 532 3294 καὶ
555 3242 744 3310 χρείαν
771 3243 916 3312 ἔχεις
946 3245 1273 3316 συμϐούλου.
1317 3249 1376 3302 '0
1401 3249 1532 3313 Θεὸς
1553 3249 1662 3320 γάρ
1687 3249 1847 3321 μόνος
1873 3252 2021 3304 ἐστὶν

431 3330 707 3401 ἀνενδεὴς,
740 3333 835 3384 καὶ
870 3333 1030 3402 μόνος
1060 3335 1120 3386 ού
1156 3334 1327 3389 δεῖται
1385 3338 1712 3408 συμϐούλου.
1755 3341 1832 3391 Δι’
1860 3338 1888 3391 ὃ
1929 3341 2023 3393 καὶ

433 3419 560 3489 περὶ
595 3419 801 3474 ἐκείνου
869 3423 1031 3492 μόνου
1072 3423 1325 3492 λέγεται·
1385 3427 1481 3492 Τίς
1513 3427 1624 3497 γὰρ
1671 3429 1826 3498 ἔγνω
1870 3427 2024 3481 νοῦν

431 3506 675 3573 Κυρίου,
709 3508 746 3576 ἢ
781 3510 872 3574 τίς
891 3511 1238 3578 σύμϐουλος
1269 3512 1456 3567 αὐτοῦ
1483 3515 1762 3584 ἐγένετο;
1807 3513 2023 3586 ἄνθρωο

433 3613 522 3648 ποι
545 3596 621 3660 δέ,
651 3597 754 3650 κᾶν
787 3599 1044 3668 μυριάκις
1085 3594 1233 3671 ὦμεν
1291 3605 1476 3671 σοφοὶ,
1517 3605 1774 3675 μυριάκις
1804 3605 2023 3675 ἐλεγχό-

435 3683 594 3754 μεθα,
625 3684 718 3737 καὶ
750 3686 810 3738 τὺ
833 3688 931 3758 τῆς
967 3687 1180 3757 φύσεως
1207 3689 1364 3760 ἡμῶν
1402 3692 1628 3756 ἀσθενὲς
1657 3693 2020 3763 διαφαίνεται.

425 3773 507 3825 Οὐ
536 3771 642 3843 γὰρ
679 3773 930 3828 δύναται
959 3777 1156 3830 πάντα
1181 3775 1332 3832 εἶναι
1355 3779 1425 3833 ἐν
1461 3781 1594 3848 ἀι·οέ
1613 3779 1816 3848 ώποις,
1865 3781 2021 3853 φησί.

431 3859 529 3914 Διά
563 3861 650 3926 τί;
689 3863 810 3915 Ὂτι
831 3865 933 3917 οῦκ
964 3864 1233 3930 ἀθάνατος
1256 3867 1370 3931 υίὸς
1398 3867 1709 3940 ἀνθρώπου.
1741 3871 1806 3923 Τί
1830 3887 2026 3940 φωτει-

431 3947 648 4019 νότερον
686 3948 838 4018 ἡλίου
861 3969 874 4016 ;
911 3951 1049 4003 Ἀλλ’
1067 3953 1218 4023 ὅμως
1244 3954 1337 4008 καὶ
1355 3953 1512 4008 τοῦτο
1549 3955 1815 4012 ἐκλείπει.
1838 3956 2025 4012 Καθά-

434 4051 540 4104 περ
568 4031 662 4089 οὖν
701 4038 878 4090 ἐκεῖνο
913 4038 972 4090 τὸ
1005 4039 1118 4106 φῶς
1150 4041 1212 4093 τὸ
1261 4041 1534 4112 λαμπρὸν,
1591 4044 1693 4115 τήν
1739 4045 2024 4114 ἀπαστρά-

434 4139 678 4176 πτουσαν
731 4125 926 4177 ἀκτῖνα
961 4127 1151 4190 σκότος
1183 4129 1412 4182 ἐπελθὸν
1467 4130 1846 4202 ἀποκρύπτει·
1883 4131 2026 4184 οὕτω

434 4211 696 4276 πολλάκις
731 4213 826 4266 καὶ
849 4213 948 4284 τὴν
979 4215 1194 4268 σύνεσιν
1222 4217 1321 4288 τὴν
1351 4219 1649 4289 ἡμετέραν,
1683 4220 1938 4292 καθάπερ
1967 4211 2030 4274 ἐν’

435 4299 682 4372 σταθηρᾷ
714 4302 1034 4375 μεσημϐρία
1064 4303 1392 4374 λάμπουσαν
1431 4307 1526 4360 καὶ
1573 4307 2024 4380 διαφαινομένην,

434 4387 736 4441 ἐπελθοῦσα
767 4388 922 4442 άνοια
953 4391 1241 4462 ἀπέκρυψε
1268 4392 1529 4458 πολλάκις
1550 4411 1564 4426 ·
1613 4397 1708 4450 καὶ⁵
1757 4397 1782 4448 6
1813 4396 1914 4467 μὲν
1941 4415 2029 4450 σο-

437 4473 534 4542 φὸς
567 4475 628 4528 τὸ
661 4477 778 4530 δέον
803 4478 865 4530 οὐ
899 4479 1159 4545 συνεῖδεν,
1201 4483 1230 4534 ό
1260 4481 1316 4534 δέ
1345 4481 1586 4538 ἐλάττων
1605 4483 1816 4536 ἐκείνου
1845 4483 2026 4556 πολλῷ

436 4561 688 4632 ὀξύτερον
707 4565 916 4618 ἐκείνου
955 4567 1114 4620 τοῦτο
1145 4567 1418 4640 ἐφώρασε.
1449 4571 1558 4624 Καὶ
1600 4571 1758 4624 τοῦτο
1791 4572 2022 4641 γίνεται,

437 4649 524 4701 ἵνα
552 4652 688 4720 μήτε
715 4652 744 4702 6
779 4653 938 4722 σοφὸς
968 4655 1286 4726 ἐπαίρηται,
1330 4659 1467 4729 μήτε
1507 4661 1534 4712 6
1562 4660 1784 4732 εὐτελής
1832 4661 2026 4715 ἐαυτὸν

435 4736 720 4807 ταλανίζῃ.
752 4741 910 4807 Μέγα
943 4741 1147 4810 ἀγαθον
1195 4745 1454 4816 ἐλέγχους
1507 4747 1768 4802 δύνασθαι
1813 4750 2022 4820 φέρειν,

442 4825 584 4894 μέγα
606 4827 809 4896 ἀγαθὸν
853 4829 1114 4884 δύνασθαι
1170 4834 1444 4904 ἐλέγχειν·
1487 4837 1646 4889 τοῦτο
1698 4837 2026 4909 κηδεμονίας

443 4912 724 4986 μεγίστης.
754 4913 888 4970 Νυνὶ
910 4917 965 4970 δέ
992 4917 1058 4972 ἂν
1085 4920 1184 4990 μὲν
1225 4921 1425 4992 ἴδωμεν
1448 4923 1735 4994 ἄνθρωπον
1756 4925 1848 4978 τὸν
1865 4943 2026 4996 χιτω-

439 4999 624 5054 νίσκον
679 5002 870 5074 ἔχοντα
906 5007 1352 5078 παραλελυμένον
1405 5011 1471 5063 ἐκ
1523 5012 1787 5080 πλαγίων,
1831 5013 1864 5083 ἢ
1926 5015 2026 5084 τὴν

439 5089 608 5160 ἄλλην
640 5092 832 5161 στολὴν
865 5093 1051 5158 κακῶς
1100 5098 1492 5168 περικειμένην
1517 5139 1531 5163 ,
1580 5099 1902 5171 διορθοῦμεν
1934 5104 2027 5156 καὶ

439 5179 965 5251 ὑπομιμνήσκομεν·
1006 5182 1072 5235 ἂν
1094 5182 1150 5234 δέ
1177 5183 1372 5254 ἴδωμεν
1402 5185 1564 5239 αὐτοῦ
1597 5187 1694 5258 τήν
1739 5187 1882 5260 ζωήν
1922 5207 2025 5243 πα-

443 5265 834 5340 ραλελυμένην,
866 5269 988 5322 οὐδὲ
1021 5269 1178 5338 λόγον
1206 5271 1528 5343 προϊέμεθα.
1567 5275 1661 5326 Ἂν
1699 5275 1898 5344 ἴδωμεν
1931 5277 2026 5329 αύ-

437 5354 533 5407 τοῦ
561 5355 648 5408 τὸν
679 5357 791 5427 βίον
826 5359 1112 5430 ἀσχήμονα
1156 5361 1306 5423 ὄντα,
1357 5362 1812 5433 παρατρέχομεν·
1849 5363 2026 5417 καίτοι

445 5440 508 5494 τά
535 5443 634 5513 μὲν
663 5443 770 5496 τῶν
802 5447 1056 5516 ἱματίων,
1094 5447 1255 5519 μέχρι
1288 5448 1544 5516 γέλωτος,
1593 5451 1661 5502 τὰ
1708 5451 1764 5503 δὲ
1795 5451 1893 5519 τῆς
1921 5451 2024 5521 ψυ-

439 5531 560 5604 χῆς,
599 5535 760 5605 μέχρι
793 5536 1036 5591 κινδύνου
1073 5537 1165 5590 καὶ
1188 5539 1456 5609 τιμωρίας
1501 5540 1670 5592 ἐστίν.
1728 5541 1890 5610 Ὁρᾷς
1938 5541 2026 5594 τὸν

441 5621 688 5691 ἀδελφὺν,
712 5625 832 5676 εἰπέ
864 5643 974 5690 μοι,
1013 5628 1152 5680 κατά
1183 5627 1427 5698 κρημνοῦ
1459 5628 1777 5699 φερόμενον,
1818 5628 2025 5698 ἠμελη-

444 5711 605 5778 μένον
655 5711 845 5780 ἔχοντα
877 5713 1009 5782 βίον,
1064 5715 1124 5765 οὐ
1157 5717 1468 5785 συνορῶντα
1505 5717 1567 5769 τὸ
1607 5717 1745 5780 δέον,
1804 5719 1896 5769 καὶ
1929 5719 2030 5770 οὐκ

443 5798 656 5869 ὸρέγεις
683 5803 837 5868 χεῖρα
863 5841 877 5864 ,
920 5801 1022 5852 οὐκ
1067 5801 1287 5872 ἁνιστᾷς
1316 5806 1380 5857 ἐκ
1407 5805 1500 5857 τοῦ
1559 5805 1886 5875 πτῶματος;
1930 5807 2030 5858 οὐκ

449 5887 712 5958 ἐγκαλεῖς,
733 5889 821 5941 καὶ
845 5891 1086 5958 ἐλέγχεις
1105 5905 1116 5954 ;
1137 5891 1268 5946 ἀλλὰ
1293 5893 1350 5946 τὸ
1377 5893 1454 5966 μὴ
1485 5894 1852 5966 προσκροῦσαι
1883 5895 2028 5966 αὐτῷ

1211 456 1268 512 S.
1308 460 1594 517 JOANNIS
1631 463 2112 524 CHRYSOSTOMI
2153 469 2472 527 ARCIIIEP.
2514 473 3054 528 CONSTANTINOI’.

3595 463 3693 517 1ἷὶ-

2116 570 2208 622 κα¹ι
2241 574 2469 644 φανῆναι
2524 576 2770 648 ἐπαχθής
2819 579 3094 648 προτιμᾷς
3121 579 3220 648 τῆς
3261 579 3466 632 ἐκείνου
3521 597 3696 650 σωτη-

2119 665 2274 736 ρίας;
2311 667 2422 720 Καὶ
2479 667 2635 722 ποίαν
2686 670 2828 733 ἕξεις
2867 670 3197 742 συγγνώμην
3228 671 3376 742 παρὰ
3398 672 3490 725 τοῦ
3523 673 3696 733 Θεοῦξ

2112 761 2234 812 τίνα
2267 761 2595 830 ἁπολογίαν;
2621 763 2734 815 υύκ
2762 763 2998 834 ἤκουσας
3027 763 3078 816 τί
3114 767 3225 826 τοῖς
3288 765 3558 828 Ἰουδαίοις
3581 767 3698 818 ἐκέ-

2113 855 2304 908 λευσεν
2329 857 2357 908 6
2379 856 2510 920 Θεός
2535 872 2548 886 ·
2577 855 2646 909 τά
2671 855 2940 926 ὑποζύγια
2963 857 3072 910 τῶν
3097 856 3307 928 ἐχθρῶν
3338 859 3412 928 μὴ
3439 859 3698 929 περιορᾷν

2116 947 2478 1020 πλανώμενα,
2545 949 2680 1020 μηδέ
2739 949 3106 1022 παρατρέχειν
3167 949 3493 1002 πεπτωκότα
3523 966 3536 1014 ;
3569 945 3698 1001 Εἶτα

2130 1041 2370 1096 Ἰουδαῖοι
2403 1041 2500 1113 μὲν
2529 1043 2596 1095 τὰ
2631 1041 2800 1110 ἄλογα
2829 1041 3145 1095 κελεύονται
3195 1041 3268 1112 μὴ
3296 1043 3557 1113 περιορᾷν
3591 1039 3697 1092 τῶν

2117 1133 2348 1205 ἐχθρῶν,
2373 1135 2535 1204 ἡμεῖς
2561 1133 2616 1188 δὲ
2643 1135 2744 1198 τὰς
2776 1135 2956 1205 ψυχάς
2989 1133 3095 1186 τῶν
3119 1133 3362 1202 ἀδελφῶν
3413 1133 3536 1186 καθ’
3569 1133 3697 1186 ἐκά-

2119 1246 2251 1300 στην
2272 1227 2768 1300 ύποσκελιζομένας
2794 1227 3007 1298 ἡμέραν
3026 1224 3424 1298 περιοψόμεθπ
3451 1225 3562 1278 Καὶ
3585 1225 3696 1288 πῶς

2116 1324 2216 1377 οῦκ
2263 1323 2500 1394 ἐσχάτης
2551 1322 2710 1375 τοῦτο
2765 1322 3046 1392 ὠμότητος
3075 1321 3168 1372 καὶ
3213 1319 3528 1391 θηριωδίας,
3564 1320 3694 1390 μηδὲ

2115 1418 2386 1490 τοσαύτην
2419 1418 2718 1490 ἀπονέμειν
2752 1416 3060 1488 ἀνθρώποις
3103 1415 3382 1484 πρόνοιαν,
3422 1415 3555 1482 ὅσην
3589 1413 3694 1474 τοῖς

2117 1509 2332 1577 ἀλόγοις
2371 1511 2606 1576 ἐκεῖνοι;
2643 1507 2816 1562 Τοῦτο
2863 1509 3042 1562 πάντα
3085 1506 3372 1575 ἀνέτρεψε,
3421 1505 3581 1558 τοῦτο
3609 1505 3697 1556 τὸν

2119 1602 2234 1674 βίον
2266 1603 2423 1674 ἡμῶν
2477 1603 2746 1671 συνέχεεν,
2783 1601 2864 1654 ὅτι
2895 1599 3017 1653 οὔτε
3071 1599 3412 1668 ἐλεγχόμενοι
3465 1597 3697 1666 φέρομεν

2117 1695 2402 1763 γενναίως,
2433 1693 2554 1746 οῦτε
2583 1692 2800 1764 ἐτέρους
2835 1691 3079 1760 ἐλέγχειν
3115 1689 3445 1760 βουλόμεθα·
3479 1687 3568 1740 διὰ
3597 1686 3700 1756 γάρ

2116 1788 2275 1842 τοῦτο
2309 1787 2404 1840 καὶ
2447 1785 2703 1856 ἐπαχθεῖς
2763 1785 2929 1854 ἐσμεν
2964 1781 3300 1852 ἐλέγχοντες,
3331 1780 3519 1849 ἐπειδὴ
3540 1779 3700 1850 ἐκθη-

2121 1881 2387 1953 ριούμεθα
2444 1879 2812 1950 ἐλεγχόμενοι.
2851 1875 2914 1929 Et
2950 1877 3058 1944 γὰρ
3113 1875 3230 1946 ᾔδει
3259 1875 3287 1926 ὀ
3341 1873 3592 1941 ἀδελφὸς,
3621 1871 3699 1923 ὅτι

2119 1975 2346 2044 ἐλέγξας
2375 1990 2434 2025 σε
2462 1973 2719 2045 ἐπῃνεῖτο
2749 1969 2898 2040 παρὰ
2922 1967 2968 2040 [Ι
2989 1966 3073 2038 18]
3103 1967 3218 2032 σοῦ,
3249 1965 3342 2018 καὶ
3357 1964 3518 2028 αὐτὸς
3549 1963 3698 2032 ἐλεγ-

2118 2067 2346 2138 χόμενος
2373 2065 2468 2137 τὴν
2503 2063 2670 2134 αὐτὴν
2695 2063 2929 2135 ἀμοιϐὴν
2965 2061 3251 2116 ἀπέδωκεν
3281 2059 3365 2113 ἄν.

2192 2182 2259 2252 β’.
2295 2182 2484 2236 Βούλει
2515 2179 2706 2250 μαθεῖν
2737 2180 2818 2232 ὅτι
2853 2179 2956 2232 κᾶν
2991 2176 3196 2249 σφόδρα
3227 2173 3448 2237 συνετὸς
3472 2170 3538 2248 ᾖς
3559 2212 3574 2234 ,
3603 2171 3702 2225 κᾶν

2121 2279 2327 2350 σφόδρα
2377 2275 2812 2348 ἁπηρτισμένος,
2871 2273 2976 2326 κᾶν
3015 2273 3152 2344 πρὸς
3185 2271 3355 2340 αὐτὴν
3393 2271 3494 2339 τὴν
3533 2269 3702 2338 άκραν

2119 2372 2363 2442 κορυφήν
2393 2367 2554 2440 ἔλθῃς
2583 2367 2682 2436 τῆς
2711 2365 2934 2436 ἀρετῆς,
2967 2362 3158 2434 χρείαν
3203 2361 3346 2430 ἔχεις
3379 2357 3702 2429 συμϐούλου,

2121 2463 2216 2518 καὶ
2263 2459 2602 2532 διορθοῦντος
2631 2461 2725 2512 καὶ
2754 2458 3110 2527 ἐλέγχοντος;
3151 2455 3422 2507 ’Ἄκουσον
3470 2449 3706 2519 ἱστορίαν

2119 2555 2376 2610 παλαιάν.
2406 2552 2573 2608 Ούδέν
2605 2550 2886 2614 Μωῦσέως
2911 2545 2978 2620 ἦν
3013 2549 3143 2600 ἴσον.
3179 2547 3289 2598 Καὶ
3311 2543 3423 2613 γάρ
3457 2541 3705 2609 πίίιότα-

2118 2666 2242 2714 τος,
2265 2647 2453 2717 φησὶν,
2477 2642 2554 2716 ἦν
2575 2643 2816 2696 πάντων
2836 2638 3163 2708 ἀνθρώπων
3183 2634 3418 2699 ἐκεῖνος
3439 2673 3452 2696 ,
3505 2633 3596 2684 καὶ
3631 2629 3705 2701 τῷ
3785 2695 3788 2700 _

2119 2739 2239 2810 Θεῷ
2271 2739 2444 2809 φίλος,
2475 2737 2569 2790 καὶ
2595 2736 2692 2805 τῆς
2719 2733 2918 2798 ἔξωθεν
2953 2729 3272 2801 φιλοσοφίας
3313 2724 3704 2795 ἐνεπέπληστο,

2120 2834 2215 2886 καὶ
2245 2831 2344 2903 τῆς
2375 2829 2750 2900 πνευματικῆς
2798 2827 3011 2897 πλήρης
3051 2820 3119 2894 ἦν
3164 2821 3454 2882 συνέσεως.
3511 2819 3704 2872 Ἐπαι-

2119 2927 2299 2994 δεύθη
2327 2924 2454 2995 γὰρ,
2491 2925 2648 2994 φησι,
2690 2917 2951 2986 Μωῒισῆς
2993 2917 3200 2972 πᾶσαν
3253 2914 3483 2982 σοφίαν
3533 2911 3704 2980 Λιτυ-

2119 3021 2330 3073 πτι’ωι·.
2387 3015 2537 3081 Εἶδες
2571 3012 2990 3086 ἀπηρτισμένην
3019 3007 3183 3063 αὑτοῦ
3235 3007 3334 3078 τήν
3391 3003 3701 3064 παίδευσιν;

2119 3112 2228 3166 Καὶ
2275 3107 2354 3182 ἦν
2381 3109 2640 3175 δυνατὸς
2673 3108 2742 3159 ἑν
2769 3107 2952 3173 λόγῳ,
2987 3101 3084 3154 καὶ
3119 3101 3278 3168 ἄλλη
3321 3094 3531 3166 ἀρετῇ.
3571 3092 3704 3146 Ἀλλ’

2119 3205 2353 3258 ἄκουσον
2380 3203 2475 3256 καὶ
2507 3202 2702 3272 ἑτέραν
2729 3195 3056 3270 μαρτυρίαν.
3091 3193 3334 3255 Πολλοῖς,
3378 3193 3538 3262 φησὶ,
3579 3205 3708 3258 προ·

2121 3297 2320 3367 φήταις
2357 3293 2634 3364 ὡμίλησεν
2665 3293 2692 3342 6
2716 3290 2870 3352 Θεὸς,
2921 3287 3034 3340 ἀλλ’
3071 3284 3246 3336 οὐδενὶ
3299 3281 3474 3342 οὕτως
3509 3277 3703 3348 ὡμίλη-

2123 3405 2244 3442 σεν·
2281 3386 2416 3440 ἀλλὰ
2437 3387 2546 3450 τοῖς
2579 3385 2676 3455 μὲν
2705 3382 2886 3444 ἄλλοις
2907 3382 2966 3434 ἐν
3001 3378 3291 3448 αἰνίγμασι
3325 3373 3419 3427 καὶ
3469 3373 3536 3424 δι’
3578 3372 3708 3422 ὀνει-

2123 3483 2322 3553 ράτων,
2353 3479 2430 3550 τῷ
2453 3479 2506 3531 δὲ
2531 3479 2738 3546 Μωῦσῇ
2787 3473 3080 3544 πρόσωπον
3115 3468 3254 3540 πρὸς
3305 3466 3616 3537 πρόσωπον.
3645 3461 3706 3512 Τί

2125 3571 2310 3645 μεῖζον
2339 3571 2532 3624 τούτου
2569 3571 2750 3641 ζητεῖς
2793 3568 3094 3637 τεκμήριον
3121 3563 3222 3633 τῆς
3249 3561 3454 3632 ἀρετῆς
3483 3557 3706 3616 ἐκείνου,

2122 3668 2250 3720 ὅταν
2275 3669 2303 3719 6
2343 3665 2562 3718 πάντων
2595 3661 2874 3729 Δεσπότης
2899 3658 2978 3730 τῷ
3003 3655 3174 3726 δούλῳ
3203 3655 3278 3716 ὡς
3305 3652 3448 3722 φίλῳ
3469 3649 3706 3715 διαλέγη-

2121 3777 2246 3826 ται;
2280 3755 2390 3811 Ἦν
2418 3757 2598 3810 τοίνυν
2628 3754 2788 3824 σοφὸς
2814 3753 2906 3806 καὶ
2941 3751 3039 3823 τὴν
3070 3751 3176 3815 ἐξω
3201 3747 3295 3800 καὶ
3323 3745 3425 3815 τὴν
3447 3744 3554 3796 ἔσω
3587 3759 3706 3793 παι-

2121 3853 2270 3909 δείαν
2291 3869 2304 3882 ·
2335 3847 2403 3923 ἦν
2423 3847 2644 3911 δυνατὸς
2671 3848 2728 3899 ἐν
2751 3845 2894 3915 λόγῳ
2921 3845 3012 3896 καὶ
3039 3842 3186 3912 έργω
3207 3855 3220 3868 ·
3250 3837 3554 3890 ἐπέτασσεν
3577 3833 3706 3902 αὐτῇ

2121 3949 2190 4018 τῇ
2219 3945 2414 4010 κτίσει,
2443 3941 2630 4011 ἐπειδὴ
2657 3939 2808 4009 φίλος
2831 3935 2900 4008 ἦν
2922 3935 3016 3990 τοῦ
3041 3933 3310 3987 Δεσπότου
3336 3933 3434 4000 τῆς
3464 3929 3704 3986 κτίσεως·

2122 4041 2362 4110 ἐξήγαγε
2394 4036 2523 4090 λαὸν
2555 4034 2810 4088 τοσοῦτον
2843 4031 2905 4097 ἐξ
2954 4029 3264 4098 Αἰγύπτου·
3311 4024 3406 4095 τὴν
3441 4024 3706 4077 θάλασσαν

2125 4132 2332 4202 ἔσχισε,
2371 4129 2464 4182 καὶ
2521 4127 2684 4180 πάλιν
2724 4125 3034 4194 συνήγαγε·
3068 4121 3165 4173 καὶ
3225 4114 3292 4190 ἦν
3357 4118 3488 4170 ἰδεῖν
3533 4116 3709 4183 θαῦμα

2123 4221 2448 4294 παράδοξον.
2481 4219 2618 4278 Τότε
2645 4217 2754 4288 γὰρ
2786 4215 3004 4285 πρῶτον
3027 4213 3240 4265 ἐπεῖδεν
3266 4209 3414 4280 ἥλιος
3441 4208 3708 4262 θάλασσαν

2124 4316 2185 4368 ού
2215 4313 2545 4386 πλεομένην,
2582 4312 2722 4366 ἀλλὰ
2753 4307 3148 4378 πεζευομένην,
3177 4303 3416 4370 πέλαγος
3449 4301 3570 4371 ουχὶ
3609 4297 3708 4350 κὼ-

2124 4425 2256 4472 παις
2291 4409 2386 4461 καὶ
2438 4407 2666 4472 πλοίοις,
2723 4401 2862 4457 ἀλλὰ
2920 4399 3082 4454 ποσὶν
3134 4399 3317 4450 ἵππων
3371 4393 3704 4465 περώμενον.

2138 4502 2278 4556 Ἀλλ’
2308 4504 2457 4574 ὅμως
2481 4501 2510 4552 6
2539 4497 2724 4568 σοφὸς,
2751 4498 2779 4550 6
2813 4494 3038 4558 δυνατὸς
3065 4494 3122 4544 ἐν
3150 4491 3294 4561 λόγῳ
3355 4489 3450 4542 καὶ
3485 4488 3646 4558 ἔργῳ,
3677 4487 3703 4536 ὁ

2125 4595 2277 4664 φίλος
2303 4593 2396 4646 τοῦ
2424 4589 2582 4658 Θεοῦ,
2615 4593 2644 4643 6
2665 4591 2731 4661 τῇ
2761 4588 2938 4642 κτίσει
2960 4585 3244 4650 ἐπιτάξας,
3267 4584 3294 4635 6
3321 4581 3560 4638 τοσαῦταν
3587 4577 3705 4630 θαν-

2128 4691 2536 4762 ματουργήσας,
2580 4686 2639 4740 ού
2701 4683 2908 4737 συνεῖδε
2946 4683 3180 4752 πρᾶγμα
3229 4675 3446 4738 πολλοῖς
3480 4673 3586 4725 ’τὼ-ν
3615 4687 3704 4770 αχ-

2125 4783 2362 4857 θρώπων
2401 4781 2766 4836 εὐσύνοπτον·
2832 4777 2948 4832 ἀλλ’
2995 4777 3024 4827 6
3062 4775 3159 4845 μέν
3209 4769 3476 4841 κηδεστὴς
3525 4767 3703 4857 αὐτου,

2126 4879 2404 4950 βάρϐαρος
2431 4877 2718 4947 ἄνθρωπος
2745 4873 2840 4926 καὶ
2869 4869 3114 4939 εὐτελὴς,
3167 4864 3404 4954 συνεῖδεν
3437 4860 3588 4922 αὐτὸ,
3619 4873 3706 4954 και

2124 4976 2204 5036 εἰς
2242 4973 2404 5043 μέσον
2433 4971 2640 5040 ἤγαγεν
2661 4985 2673 4996 ·
2716 4969 2924 5028 ἐκεῖνος
2973 4965 3028 5018 δέ
3061 4964 3194 5016 αὐτὸ
3221 4963 3319 5025 οὐχ
3342 4945 3492 5028 εὗρε.
3527 4951 3589 5006 Τί
3619 4955 3730 5048 ούν1

2125 5065 2243 5116 ἐστι
2271 5059 2460 5123 τοῦτο;
2505 5057 2820 5120 ’Λκούσατε,
2846 5055 2933 5108 ἵνα
2963 5053 3196 5122 μάθητε,
3215 5052 3296 5104 ότι
3329 5049 3558 5108 ἕκαστος
3577 5058 3706 5109 συμ-

2124 5154 2318 5208 ϐούλου
2347 5153 2536 5217 δεῖται,
2573 5151 2678 5204 κᾶν
2699 5148 2843 5203 κατὰ
2871 5147 3113 5201 Μωῦσέα
3135 5145 3386 5214 γένηται,
3429 5141 3520 5194 καὶ
3544 5140 3624 5190 ὅτι
3643 5133 3706 5187 τά

2125 5246 2251 5308 τοὺς
2283 5243 2550 5315 μεγάλους
2573 5239 2906 5294 λανθάνοντα
2941 5237 3035 5288 καὶ
3079 5232 3427 5302 θαυμαστοὺς
3468 5227 3590 5285 τοὺς
3624 5223 3706 5274 ἁν-

2127 5335 2400 5407 θρώπους,
2431 5335 2556 5396 τοὺς
2608 5333 2839 5401 μικροὺς
2888 5329 2984 5382 καὶ
3015 5325 3254 5387 εὐτελεῖς
3305 5320 3564 5378 πολλάκις
3609 5315 3702 5368 οὐκ

2126 5430 2336 5482 ἔλαθεν.
2376 5424 2594 5495 Ἐπειδὴ
2621 5423 2729 5494 γὰρ
2755 5420 2976 5490 ἐξῆλθεν
3007 5421 3036 5472 6
3071 5415 3310 5486 Μωῦσῆς
3333 5417 3392 5481 ἐξ
3415 5411 3700 5480 Αἰγύπτου,

2127 5525 2221 5578 καὶ
2258 5519 2324 5594 ἦν
2359 5523 2418 5573 ἐν
2439 5522 2505 5590 τῇ
2539 5519 2751 5590 ἐρήμῳ,
2790 5501 3034 5584 εἱστήκει
3067 5509 3291 5578 πλησίον
3333 5504 3498 5560 αὑτοῦ
3529 5505 3556 5556 6
3585 5498 3702 5561 λαὸς

2127 5593 2291 5680 ἄπας,
2323 5615 2601 5679 ἑξακόσιαι
2626 5609 2882 5680 χιλιάδες,
2905 5605 3002 5659 καὶ
3031 5606 3167 5656 πᾶσι
3189 5602 3400 5654 διέλυσε
3426 5599 3492 5650 τά
3513 5593 3700 5663 ἐγκλή-

2133 5725 2278 5778 ματα
2303 5709 2412 5768 τοῖς
2447 5703 2580 5772 πρὸς
2609 5699 2873 5768 ἀλλήλους
2911 5691 3374 5765 ἀμφισϐητοῦσιν.
3429 5686 3568 5740 Ἰδὼν
3597 5681 3700 5736 τοὶ-

2129 5776 2222 5857 νυν
2281 5800 2444 5855 αὐτὸν
2473 5801 2500 5850 ό
2529 5793 2792 5868 κηδεστὴς
2839 5790 2999 5845 τοῦτο
3033 5787 3290 5842 ποιοῦντα
3319 5788 3346 5838 6
3387 5779 3588 5850 Ἰοθὼρ,
3615 5776 3699 5868 άν-

2131 5902 2344 5969 θρωπος
2369 5894 2460 5947 καὶ
2483 5891 2704 5963 ἀνόητος
2733 5889 2826 5943 καὶ
2851 5889 2906 5942 ἐν
2933 5889 3120 5960 ἐρήμῳ
3145 5879 3440 5956 βεϐιωκὼς,
3471 5877 3562 5930 καὶ
3587 5867 3700 5925 οὔτε
