4086 6430
442 461 545 521 133

443 580 624 633 animo
662 573 714 629 id
741 580 936 644 agunt;
980 568 1179 624 inimici
1218 581 1370 629 vero,
1407 563 1615 620 etiamsi
1643 563 1764 627 jure
1791 570 2033 632 arguam,

447 686 550 725 non
593 662 934 736 corrigendi,
979 662 1073 719 sed
1119 657 1407 716 infamandi
1450 656 1632 711 animo
1675 663 1922 724 arguunt.
1975 653 2037 707 Ili

441 761 600 828 Igitur
629 758 755 814 dum
790 754 1030 821 laudant,
1065 752 1116 808 id
1141 750 1360 806 student
1388 758 1444 801 ut
1468 736 1744 801 meliorem
1768 743 2036 809 eﬂiciant;

439 852 513 907 illi
554 865 722 918 vero,
767 845 978 903 etiamsi
1020 842 1270 909 laudent,
1310 839 1657 895 nihilominus
1696 834 2039 906 supplantare

434 952 717 1000 conantur.

518 1029 993 1103 Reprehensionum
1022 1025 1326 1082 utilitas.—
1344 1021 1611 1078 Caeterum
1638 1031 1853 1089 quoque
1878 1013 2038 1070 modo

438 1121 789 1193 reprehensio
834 1118 1071 1184 accidat,
1133 1128 1383 1186 magnum
1427 1120 1575 1168 certe
1617 1110 1814 1164 bonum
1864 1114 1949 1162 est
1990 1104 2037 1161 si

437 1216 556 1285 quis
581 1211 1031 1284 reprehensiones
1051 1206 1561 1274 criminationesqne
1580 1202 1650 1256 ita
1680 1201 1817 1256 ferre
1846 1197 2034 1269 possit,

440 1318 495 1361 nt
542 1322 651 1363 non
680 1312 1049 1374 exasperetur.
1087 1301 1189 1369 Qui
1231 1298 1374 1355 enim
1405 1297 1512 1352 odit
1545 1293 1935 1365 increpationes,
1963 1292 2039 1346 ait

440 1400 737 1469 Scriptum,
768 1397 1015 1467 insipiens
1043 1402 1116 1449 est
1151 1391 1333 1466 (Prov.
1368 1390 1458 1445 12.
1493 1388 1569 1459 1).
1600 1387 1716 1442 Νοιι
1738 1385 1871 1440 dixit
1903 1383 2037 1438 tales

440 1490 526 1545 vel
572 1491 705 1545 tales
750 1486 1166 1558 inerepationcs,
1215 1483 1312 1538 sed
1362 1490 1569 1537 tantum
1620 1476 2033 1547 inerepationes.

441 1583 572 1638 Nam
615 1582 661 1636 si
685 1581 808 1651 jure
853 1586 1044 1650 arguat
1088 1577 1316 1640 amicus,
1368 1581 1646 1644 peccatum
1696 1568 1938 1638 corrige;
1989 1566 2035 1621 si

442 1675 646 1745 absque
689 1673 921 1737 ratione,
965 1668 1123 1724 lauda
1155 1667 1505 1732 voluntatem,
1546 1676 1766 1732 scopum
1793 1661 1910 1728 ejus
1936 1673 2035 1728 ap-

443 1765 631 1836 proba,
663 1762 916 1817 amicitiae
946 1758 1176 1831 gratiam
1205 1756 1465 1812 conﬁtere
1493 1770 1507 1809 :
1533 1769 1600 1808 ex
1628 1766 1819 1822 magno
1839 1749 2036 1821 quippe

441 1872 626 1913 amore
651 1853 924 1912 accusatio
949 1849 1323 1923 proﬁciscitur.
1357 1846 1435 1903 Ne
1473 1844 1888 1906 stomaehemnr,
1911 1857 2032 1897 cum

440 1948 730 2021 arguimur.
761 1945 819 2002 ld
848 1944 1140 2001 admodum
1168 1941 1297 1996 utile
1340 1948 1423 1995 est
1467 1939 1593 1994 vita:
1640 1944 1858 1999 nostras,
1888 1934 1934 1989 si
1967 1933 2036 1988 ab

441 2042 692 2098 omnibus
721 2039 833 2105 ﬁat,
863 2038 909 2094 si
939 2047 993 2092 et
1038 2044 1322 2107 peccantes
1350 2045 1661 2103 arguamus,
1701 2038 1754 2084 et
1782 2028 1913 2083 dum
1959 2027 2037 2080 la-

442 2137 621 2192 bimur
647 2134 716 2190 ab
754 2133 874 2188 aliis
925 2130 1075 2202 argui
1126 2130 1357 2184 libenter
1398 2125 1675 2181 feramus:
1704 2123 1757 2177 in
1803 2119 2036 2192 peccatis

441 2227 585 2281 enim
616 2224 758 2280 idem
801 2230 929 2279 sunt
959 2218 1427 2291 reprehensiones,
1455 2213 1596 2286 quod
1645 2214 1698 2269 in
1727 2210 2035 2267 vulneribus

443 2315 713 2383 remedia;
745 2310 1193 2386 quemadmodum
1226 2310 1386 2382 igitur
1410 2307 1605 2363 stultus
1630 2315 1711 2362 est
1739 2305 1830 2375 qui
1870 2302 2034 2374 phar-

441 2425 590 2466 maea
641 2408 835 2479 rejicit,
864 2406 936 2462 ita
975 2416 1030 2462 et
1073 2406 1290 2460 insanus
1339 2401 1404 2469 is,
1450 2400 1539 2472 qui
1589 2396 2034 2470 reprehensiones

442 2516 548 2556 non
598 2497 1057 2555 admittitNerum
1099 2494 1250 2550 multi
1300 2507 1444 2563 saepe
1473 2497 1878 2560 cxasperantnr,
1921 2485 2035 2539 lucc

440 2594 581 2665 apud
622 2608 682 2649 se
705 2592 1003 2664 cogitantes
1027 2597 1083 2645 et
1110 2588 1350 2643 dicentes
1380 2604 1394 2641 :
1423 2584 1696 2640 llnnceine
1735 2582 1903 2637 feram
1931 2592 2033 2648 ego

440 2686 653 2757 sapiens
680 2695 734 2741 et
776 2682 1057 2756 prudens?
1099 2681 1407 2752 ignorantes
1441 2691 1562 2733 esse
1603 2673 1733 2730 illud
1776 2681 2033 2729 extremas

440 2779 724 2835 dementiae
748 2784 1144 2848 argumentum.
1181 2772 1425 2827 Videbam
1454 2770 1621 2836 enim,
1652 2766 1842 2838 inquit,
1872 2764 2035 2820 homi-

439 2887 572 2938 nem,
601 2870 688 2940 qui
718 2869 814 2924 sibi
837 2867 1095 2923 videbatur
1140 2864 1364 2935 sapiens,
1386 2872 1432 2918 et
1474 2862 1722 2932 majorem
1761 2857 1851 2913 illo
1893 2871 2035 2924 spem

442 2965 587 3020 habet
625 2964 867 3033 insipiens
914 2961 1097 3034 (Prov.
1136 2960 1228 3016 26.
1270 2958 1382 3031 12).
1434 2960 1731 3027 Eapropter
1759 2964 1813 3010 et
1842 2953 2035 3009 Paulus

440 3056 610 3112 dicit:
646 3054 730 3110 Ne
752 3055 864 3110 sitis
890 3054 1159 3123 prudentes
1184 3051 1326 3123 apud
1362 3050 1689 3120 vosmetipsos
1733 3046 1910 3118 (Rom.
1943 3042 2032 3099 12.

442 3147 557 3218 16).
584 3146 736 3202 Licet
756 3146 900 3201 enim
932 3146 1125 3200 mirum
1152 3144 1204 3198 in
1235 3142 1451 3198 modum
1482 3142 1553 3196 sit
1590 3142 1806 3211 sapiens
1825 3149 1878 3195 et
1908 3154 2037 3213 per-

440 3238 640 3307 spicax,
672 3244 907 3291 attamen
948 3236 1108 3290 homo
1129 3250 1188 3289 es
1218 3242 1272 3289 et
1295 3232 1520 3289 consilio
1549 3247 1684 3302 opus
1715 3232 1899 3288 habes.
1929 3233 2034 3289 So-

443 3329 544 3384 lius
573 3327 717 3383 enim
757 3326 851 3382 Dei
878 3335 961 3381 est
991 3326 1188 3381 nullius
1215 3325 1476 3394 indigere,
1503 3333 1558 3379 et
1596 3323 1744 3379 nullo
1771 3341 1908 3395 opus
1937 3324 2035 3381 Ita-

442 3423 571 3479 bere
600 3421 925 3478 consiliario.
957 3419 1082 3475 Ideo
1115 3420 1184 3474 de
1215 3419 1306 3473 illo
1326 3418 1442 3473 solo
1471 3417 1706 3472 dicitur:
1740 3417 1866 3484 Quis
1902 3418 2036 3472 enim

443 3515 575 3569 novit
590 3530 792 3570 sensum
811 3512 1036 3579 Domini,
1050 3520 1135 3565 aut
1151 3510 1262 3581 quis
1276 3510 1595 3564 consiliarius
1608 3511 1719 3578 eius
1735 3510 1831 3582 fuit
1855 3508 2030 3584 (llam.

444 3607 528 3662 11.
559 3605 692 3675 54γῖ
728 3606 798 3659 At
826 3618 924 3658 nos
955 3602 1202 3657 homines
1229 3610 1719 3672 quantumcumque
1739 3601 2030 3671 sapientes,

444 3697 712 3753 multoties
755 3705 934 3750 tamen
977 3708 1165 3750 sumus
1209 3691 1632 3764 reprehensione
1676 3690 1845 3762 digni,
1875 3702 2035 3761 atque

446 3790 567 3847 hinc
590 3800 810 3862 apparet
832 3799 1034 3844 natura;
1061 3795 1259 3842 nostra;
1288 3786 1591 3841 inﬁrmitas.
1625 3782 1744 3838 Non
1767 3784 1898 3837 enim
1926 3800 2036 3838 om-

443 3883 530 3938 nia
553 3898 660 3936 esse
702 3889 910 3951 possunt
936 3881 990 3933 in
1016 3877 1302 3933 hominibus
1341 3875 1534 3947 (Ereti.
1568 3876 1649 3930 l7.
1680 3872 1796 3945 29),
1842 3875 2032 3944 inquit.

443 3974 659 4041 Quare?
685 3972 822 4041 Quia
851 3972 992 4027 illius
1018 3970 1250 4025 hominis
1279 3985 1382 4024 non
1416 3978 1499 4023 est
1529 3967 1863 4023 immortalis.
1895 3967 2034 4035 Quid

445 4065 672 4122 lucidius
697 4066 852 4121 sole?
883 4067 1135 4119 Attamen
1163 4073 1217 4119 et
1248 4062 1338 4117 ille
1366 4060 1568 4117 deﬁcit.
1596 4060 1747 4117 Sicut
1773 4076 1901 4131 ergo
1932 4060 2033 4115 ful-

443 4157 619 4228 gidam
656 4157 801 4211 illam
833 4156 1006 4212 lucem
1032 4164 1089 4211 et
1113 4154 1484 4225 splendentem
1527 4153 1736 4208 radium
1778 4168 2035 4223 superve-

447 4252 656 4306 nientes
685 4248 924 4306 tenebrae
962 4249 1262 4319 obtegunt:
1296 4248 1364 4301 ita
1395 4257 1449 4302 et
1490 4246 1892 4317 intelligentiam
1942 4261 2040 4302 no-

446 4352 634 4409 stram,
666 4343 815 4413 quasi
861 4342 914 4397 in
961 4340 1187 4396 meridie
1233 4338 1525 4410 fulgentem
1575 4348 1629 4395 ct
1675 4339 2035 4410 perspicuam,

448 4432 897 4488 iueonsiderantia
936 4432 1204 4502 obrepens
1247 4445 1393 4501 saepe
1441 4430 1780 4487 tenebrosam
1826 4431 2036 4497 reddit;

447 4524 747 4595 acciditque
787 4532 847 4579 ut
890 4523 1110 4594 sapiens
1135 4521 1456 4592 quandoque
1509 4535 1615 4576 non
1670 4521 1848 4577 videat
1896 4521 2039 4591 quod

447 4625 679 4687 oportet,
710 4624 763 4671 et
789 4615 835 4671 is
869 4615 959 4686 qui
996 4614 1166 4669 multo
1196 4613 1270 4668 illi
1302 4612 1523 4667 inferior
1551 4621 1634 4667 est
1670 4612 1880 4667 acutius
1909 4610 2040 4666 illud

450 4709 755 4781 perspiciat.
785 4710 961 4780 Atque
1012 4708 1081 4762 ita
1128 4722 1217 4762 res
1246 4722 1307 4762 se
1335 4706 1515 4772 habet,
1545 4715 1603 4761 ut
1629 4721 1802 4775 neque
1827 4706 2041 4776 sapiens

451 4816 511 4857 se
538 4800 782 4871 extollat,
825 4814 1000 4871 neque
1033 4797 1255 4855 inferior
1301 4798 1396 4853 illo
1436 4812 1558 4855 sese
1597 4797 1853 4851 miserum
1899 4812 2039 4866 pra:-

450 4894 611 4949 dicet.
657 4893 906 4963 Magnum
957 4892 1159 4947 bonum
1204 4898 1287 4945 est
1311 4930 1327 4952 .
1372 4887 1820 4959 reprehensiones
1861 4886 2036 4944 ferre:

454 5000 704 5056 magnum
730 4985 855 5039 item
887 4984 1087 5039 bonum
1116 4996 1275 5053 posse
1301 4979 1732 5051 reprehendere;
1776 4994 1899 5034 nam
1939 4979 2043 5035 hoc

450 5076 518 5133 ad
566 5091 751 5132 curam
784 5074 1015 5146 proximi
1060 5073 1290 5128 maxime
1333 5072 1584 5142 pertinet.
1633 5069 1785 5126 Nunc
1825 5085 1955 5125 vero
1996 5072 2041 5125 si

453 5167 728 5223 videamus
750 5165 1021 5221 hominem
1051 5164 1282 5219 tunicam
1311 5163 1540 5219 solutam
1562 5172 1617 5217 et
1640 5178 1706 5218 ex
1735 5170 2042 5217 transverso

454 5260 780 5327 habentem,
832 5268 927 5314 aut
978 5258 1123 5315 aliud
1177 5257 1548 5313 indumentum
1596 5256 1735 5311 male
1788 5255 2038 5325 positum,

454 5366 738 5407 monemus
770 5360 825 5405 et
856 5349 1241 5414 emendantes;
1290 5348 1335 5402 si
1384 5362 1513 5403 vero
1561 5346 1834 5401 videamus
1881 5344 2043 5400 vitam

453 5444 569 5513 ejus
597 5443 935 5510 dissolutam,
968 5455 1039 5498 ne
1081 5440 1303 5496 verbum
1332 5439 1547 5510 quidem
1596 5437 1938 5508 proferimus.
1987 5436 2044 5492 Si

457 5538 731 5595 videamus
751 5538 912 5593 vitam
937 5535 1054 5607 ejus
1084 5534 1411 5598 indecorant,
1437 5532 1803 5601 prmteritnus:
1835 5530 2044 5585 tametsi

451 5647 516 5688 ea
555 5646 677 5702 qua:
702 5629 771 5685 ad
793 5638 968 5686 vestes
1008 5629 1275 5698 pertinent
1309 5668 1325 5691 ,
1355 5627 1516 5681 risum
1555 5633 1758 5679 tantum
1781 5664 1794 5689 ,
1833 5638 1895 5678 ea
1917 5639 2047 5678 vero

455 5736 576 5792 qua:
614 5722 682 5777 ad
722 5721 953 5775 animam
983 5759 1000 5785 ,
1032 5716 1326 5789 perieulum
1362 5727 1416 5771 et
1455 5715 1772 5785 supplicium
1818 5714 2044 5783 pariant.

456 5814 590 5870 Cum
617 5813 766 5869 vides
792 5813 1010 5867 fratrem
1053 5826 1151 5882 per
1190 5808 1480 5878 praecipitia
1524 5807 1667 5871 ferri,
1700 5807 1769 5861 de
1808 5805 2047 5860 vitanon

454 5920 757 5972 curantem,
790 5919 890 5962 nec
920 5920 1005 5971 eo,
1048 5916 1155 5974 quo
1186 5916 1317 5971 opus
1349 5909 1450 5968 est,
1476 5908 1823 5969 spectantem,
1871 5913 2048 5955 ttOttnc

1082 450 1171 507 DE
1201 446 1541 506 FERENDIS
1578 442 2013 502 REPllEﬂENS.
2054 443 2144 501 ET
2186 444 2277 502 DE
2316 445 2574 504 MLTAT.
2616 444 2951 503 NOMINUM.
2998 443 3089 501 111.

3640 450 3743 507 151

2151 578 2368 618 manum
2412 564 2678 635 porrigis?
2709 578 2886 619 nonne
2911 580 2939 618 a
2968 562 3120 634 lapsu
3166 564 3366 636 erigis?
3416 583 3594 624 nonne
3645 584 3769 625 ειπε-Δ

2147 655 2438 723 prchendis
2461 665 2518 711 et
2545 656 2767 725 arguis?
2794 671 2863 727 an
2892 656 3056 726 pluris
3082 655 3212 712 facis
3233 673 3339 712 non
3369 658 3732 730 importunum

2144 743 2312 799 videri
2344 745 2426 799 vel
2448 745 2741 812 offendere,
2772 762 2934 817 quam
2972 747 3089 816 eius
3108 747 3335 804 salutem
3359 752 3588 806 curare?
3629 751 3734 809 Ec-

2142 851 2302 906 quam
2335 836 2608 892 habiturus
2632 852 2694 894 es
2718 839 2855 908 apud
2885 839 3051 893 Deum
3088 840 3339 895 veniam?
3366 857 3525 913 quam
3552 844 3736 899 defert-

2142 928 2390 983 sionem?
2419 928 2534 985 Non
2579 931 2775 985 audisti
2824 931 2950 1001 quid
2982 929 3181 989 Judasis
3221 933 3365 990 Deus
3395 938 3734 1006 praeceperit,

2144 1028 2201 1074 ut
2230 1034 2299 1075 ne
2338 1020 2570 1075 errantia
2616 1021 2953 1077 inimicorum
2994 1028 3235 1094 jumenta
3276 1024 3635 1095 despicerent,
3690 1041 3741 1082 ct

2143 1110 2290 1182 lapsa
2312 1126 2380 1167 ne
2410 1112 2746 1182 prmterirent
2773 1113 2972 1183 (Exod.
2996 1114 3088 1169 23.
3116 1116 3169 1171 4.
3198 1116 3252 1172 5.
3277 1126 3325 1172 et
3347 1117 3496 1172 Deut.
3524 1119 3615 1173 22.
3641 1120 3692 1192 1)
3717 1124 3739 1174 ?

2142 1199 2289 1257 Itane
2312 1201 2483 1258 Judtei
2526 1204 2744 1274 quidem
2771 1204 3029 1274 jubentur
3057 1208 3208 1262 bruta
3236 1208 3570 1265 inimicorum
3602 1229 3729 1267 suo-

2146 1309 2265 1349 rum
2297 1310 2404 1350 non
2431 1295 2727 1366 deSpieere,
2747 1312 2848 1353 nos
2873 1306 3001 1354 vero
3024 1300 3243 1355 fratrum
3270 1303 3476 1359 animas
3496 1307 3736 1376 quotidie

2141 1386 2509 1458 Supplantatas
2529 1388 2920 1459 despiciemus?
2952 1390 3233 1459 Quomodo
3262 1393 3312 1447 id
3345 1411 3449 1449 non
3476 1405 3734 1453 extreuue

2140 1479 2472 1537 crudelitatis
2515 1490 2571 1536 et
2599 1481 2757 1537 ferini
2785 1482 2950 1537 animi
2997 1466 3174 1551 fuerit,
3205 1500 3312 1539 non
3343 1495 3546 1541 tantum
3590 1503 3734 1543 cura:

2143 1570 2449 1628 hominibus
2493 1573 2826 1645 impendere,
2862 1585 3118 1646 quantum
3168 1577 3240 1632 illi
3282 1579 3578 1648 jnmentis?
3620 1582 3735 1637 lloc

2140 1664 2320 1718 otnnia
2350 1665 2635 1732 subvertit,
2665 1666 2768 1722 hoc
2802 1667 2964 1722 vitam
2990 1678 3232 1723 nostram
3262 1671 3559 1738 confundit,
3589 1675 3730 1744 quod

2140 1770 2241 1810 nec
2281 1757 2598 1827 reprehensi
2642 1773 2906 1828 generose
2955 1760 3208 1828 feramus,
3254 1777 3427 1833 neque
3471 1765 3605 1819 alios
3651 1782 3737 1821 γρ·-

2140 1844 2478 1915 prehendere
2503 1847 2732 1903 velimus
2768 1865 2782 1902 :
2828 1848 2949 1904 ideo
2978 1849 3121 1904 enim
3150 1851 3358 1906 molesti
3380 1866 3585 1918 smnus,
3609 1871 3731 1911 cum

2139 1936 2433 2007 arguimus,
2465 1939 2589 2008 quia
2631 1953 3033 2010 eanperamur,
3065 1955 3187 1995 cum
3219 1944 3510 2012 arguimur.
3554 1946 3736 1999 Enim-

2141 2042 2269 2082 vero
2295 2028 2339 2083 si
2360 2031 2521 2084 scirct
2550 2028 2714 2084 frater
2741 2039 2882 2097 tuus,
2901 2044 2959 2085 se
2984 2031 3080 2086 abs
3110 2042 3161 2086 te
3191 2032 3463 2088 laudatum
3497 2036 3580 2101 iri,
3604 2037 3648 2091 si
3683 2048 3735 2092 te

2139 2128 2406 2187 argueret,
2425 2120 2783 2189 reprehensus
2794 2130 2848 2176 et
2869 2121 2984 2191 ipse
3010 2137 3188 2191 parem
3209 2125 3730 2194 rependeretvicem.

2210 2208 2265 2262 2.
2314 2210 2401 2265 Vis
2427 2210 2568 2266 scire
2607 2220 2691 2278 te,
2722 2212 2932 2267 etiamsi
2978 2213 3267 2269 admodum
3299 2215 3532 2286 prudens
3560 2233 3729 2284 esses,

2138 2300 2348 2358 etiamsi
2373 2302 2665 2374 perfectus,
2684 2303 2896 2359 etiamsi
2917 2304 2983 2359 ad
3005 2319 3273 2360 summum
3297 2308 3504 2363 virtutis
3524 2310 3734 2379 apicem

2141 2394 2500 2464 pervenisses,
2529 2410 2666 2467 opus
2698 2406 2873 2452 tamen
2906 2396 3208 2453 habiturum
3246 2413 3366 2454 esse
3401 2402 3730 2469 consiliario,

2140 2494 2194 2542 et
2210 2502 2275 2542 eo
2293 2488 2382 2557 qui
2409 2499 2459 2543 te
2483 2498 2739 2557 argueret
2758 2505 2824 2545 ac
2848 2490 3309 2560 reprehenderet?
3336 2495 3473 2549 Audi
3499 2505 3731 2552 veterem

2140 2577 2438 2634 historiam.
2480 2579 2623 2635 Nihil
2651 2580 2819 2652 Moysi
2851 2596 2947 2651 par
2984 2591 3101 2639 erat
3135 2602 3152 2639 :
3196 2584 3481 2654 siquidem,
3519 2587 3731 2643 Mitissi-

2140 2691 2254 2729 mus
2279 2684 2408 2741 erat,
2442 2675 2610 2744 inquit
2644 2676 2938 2747 Scriptura,
2967 2678 3191 2733 omnium
3236 2680 3496 2735 hominum
3542 2682 3730 2753 (Num.

2141 2765 2228 2822 12.
2260 2764 2338 2839 '5),
2388 2767 2498 2823 Deo
2545 2768 2770 2835 amicus,
2822 2777 3043 2824 externa
3097 2770 3429 2841 philosophia
3476 2774 3729 2841 imbutus,

2140 2859 2516 2931 spiritualique
2538 2861 2887 2932 intelligentia
2920 2862 3128 2933 plenus.
3163 2861 3411 2921 Eruditus
3439 2868 3581 2922 enim
3602 2879 3729 2933 erat,

2142 2952 2333 3022 inquit,
2363 2950 2568 3024 Moyses
2606 2954 2745 3008 omni
2786 2954 3035 3024 sapientia
3083 2955 3449 3028 digyptiurnm
3491 2961 3629 3029 (Act.
3677 2964 3731 3016 7.

2138 3044 2257 3115 22).
2286 3044 2450 3101 Vides
2488 3045 2830 3116 omnigenam
2870 3047 3267 3104 eruditionem?
3310 3049 3532 3119 Eratque
3557 3064 3731 3124 potens

2139 3152 2371 3191 sermone
2395 3144 2441 3191 et
2466 3137 2667 3191 virtute.
2699 3137 2895 3191 Verum
2923 3138 3045 3193 audi
3077 3139 3219 3194 aliud
3246 3157 3458 3212 quoque
3489 3144 3732 3199 tcStinto—

2140 3229 2308 3284 nium.
2336 3229 2470 3285 Cum
2500 3229 2703 3297 multis,
2742 3230 2934 3300 inquit,
2968 3234 3242 3303 prophetis
3272 3246 3617 3293 conversatus
3652 3249 3733 3294 est

2143 3322 2319 3388 Deus;
2347 3324 2439 3379 sed
2469 3339 2588 3379 cum
2619 3325 2765 3379 nullo
2800 3327 2878 3381 sic
2907 3339 3252 3383 conversatus
3276 3341 3358 3385 est
3392 3349 3406 3386 :
3450 3348 3570 3386 nam
3610 3349 3731 3388 cum

2139 3416 2257 3471 aliis
2287 3431 2382 3485 per
2408 3417 2687 3485 mtiigmata
2711 3427 2766 3471 et
2791 3419 3019 3481 somnia,
3047 3435 3168 3474 cum
3211 3421 3392 3493 Moyse
3432 3439 3561 3478 vero
3590 3423 3731 3481 facie

2140 3505 2207 3560 ad
2249 3506 2435 3561 faciem
2486 3505 2662 3577 (Deut.
2691 3508 2783 3562 54.
2833 3508 2946 3580 10).
2974 3508 3125 3576 Quod
3176 3511 3267 3565 illo
3310 3513 3482 3581 majus
3524 3515 3733 3571 virtutis

2140 3596 2258 3668 ejus
2311 3597 2566 3653 indicium
2620 3600 2881 3669 requiras,
2934 3601 3148 3671 quando
3192 3606 3430 3660 onm'um
3481 3607 3734 3663 Dominus

2140 3705 2356 3745 servum
2379 3691 2528 3760 quasi
2551 3692 2782 3747 anticum
2805 3694 3136 3763 alloquitur?
3172 3695 3298 3751 Erat
3327 3697 3504 3767 itaque
3522 3700 3735 3769 sapiens

2143 3790 2248 3836 tam
2300 3783 2603 3852 peregrina,
2652 3799 2810 3853 quam
2864 3784 3154 3840 domestica
3202 3788 3568 3855 institutione;
3620 3804 3736 3847 erat

2142 3880 2333 3943 potens
2376 3888 2628 3928 sermone
2657 3886 2711 3928 et
2741 3889 2926 3944 opere,
2960 3875 3258 3944 imperabat
3307 3878 3404 3948 ipsi
3450 3891 3731 3946 ereatnne,

2140 3964 2265 4035 quia
2308 3963 2514 4018 amicus
2542 3974 2659 4019 erat
2688 3964 2896 4019 Domini
2947 3978 3248 4032 creaturae;
3300 3969 3483 4024 eduxit
3528 3980 3732 4026 tantum

2143 4055 2395 4125 populum
2450 4070 2518 4112 ex
2570 4054 2839 4127 Aigypto;
2884 4072 3032 4112 mare
3079 4057 3292 4123 divisit,
3340 4070 3499 4132 atque
3542 4063 3732 4118 iterum

2142 4148 2418 4217 conjunxit
2469 4165 2483 4201 :
2543 4148 2830 4219 ridereque
2877 4160 2994 4204 erat
3039 4152 3362 4221 stupendum
3419 4156 3731 4210 miraculum

2145 4237 2336 4311 (Exod.
2367 4240 2457 4295 55.
2491 4236 2602 4313 11).
2635 4240 2786 4296 Tune
2828 4241 2971 4295 enim
3004 4242 3232 4311 primum
3281 4246 3362 4298 sol
3392 4244 3523 4300 vidit
3563 4264 3728 4311 mare,

2145 4345 2253 4385 non
2280 4330 2475 4398 navali,
2498 4330 2591 4387 sed
2620 4330 2855 4401 pedestri
2900 4331 3093 4387 itinere
3121 4333 3332 4388 transiri
3363 4352 3378 4389 :
3409 4336 3734 4407 pelagusque

2145 4438 2252 4477 non
2281 4423 2448 4479 remis
2474 4432 2529 4478 et
2570 4423 2814 4494 navigiis,
2846 4423 2940 4479 sed
2980 4439 3240 4494 equorum
3290 4426 3511 4494 pedibus
3562 4438 3734 4484 trans-

2145 4513 2348 4569 fretari.
2381 4516 2630 4569 Attamen
2669 4514 2756 4569 ille
2783 4516 3018 4583 sapiens,
3053 4513 3141 4568 ille
3171 4497 3360 4584 potetis
3397 4530 3649 4572 sermune
3685 4531 3737 4573 et

2145 4620 2329 4677 opere,
2358 4606 2560 4660 amicus
2609 4604 2725 4672 Dei,
2770 4606 2860 4675 qui
2901 4614 3160 4660 creatum:
3191 4607 3506 4677 imperabat,
3554 4621 3609 4667 et
3661 4622 3737 4668 tot

2147 4694 2404 4752 miracula
2431 4694 2691 4758 ediderat,
2723 4711 2828 4749 non
2857 4695 3235 4752 animadvertit
3258 4714 3393 4766 rem,
3422 4716 3580 4771 quam
3612 4704 3730 4772 ple-

2147 4790 2301 4859 rique
2345 4788 2655 4843 mortalium
2684 4787 2840 4843 facile
2888 4789 3249 4858 perspiciunt;
3290 4791 3386 4846 scd
3416 4807 3570 4849 socer
3617 4794 3734 4863 ejus

2149 4881 2406 4937 barbarus
2436 4892 2490 4936 et
2535 4882 2794 4937 obscurus
2823 4882 2986 4937 homo
3035 4881 3086 4937 id
3141 4884 3537 4954 animadvertit,
3583 4896 3638 4942 et
3680 4888 3733 4943 in

2146 4974 2382 5030 medium
2433 4974 2653 5044 protulit
2704 4975 2777 5041 id,
2828 4975 2970 5045 quod
3015 4976 3103 5033 ille
3160 4994 3264 5034 non
3312 4984 3731 5054 excogitaverat.

2146 5066 2283 5136 Quid
2314 5068 2471 5138 igitur
2491 5067 2621 5122 illud
2649 5069 2769 5124 est?
2797 5069 3011 5138 Audite,
3043 5079 3100 5127 ut
3136 5073 3354 5130 discatis
3383 5093 3737 5148 unumquem-

2148 5175 2254 5230 que
2281 5159 2585 5214 c0usi|iario
2613 5160 2873 5232 indigere,
2903 5163 3113 5218 etiamsi
3162 5164 3325 5237 Moysi
3356 5167 3585 5222 conferri
3620 5185 3741 5238 pos-

2149 5256 2217 5307 sit
2253 5270 2267 5306 :
2316 5253 2587 5324 multaque
2609 5254 2922 5325 plerumque
2951 5272 3091 5317 esse.
3123 5273 3243 5327 qum
3273 5259 3448 5329 magni
3472 5270 3526 5315 et
3563 5261 3733 5317 admi-

2150 5343 2347 5399 rabiles
2395 5346 2492 5400 viri
2541 5345 2807 5416 ignorant,
2840 5362 2961 5417 qua:
3010 5348 3207 5403 nullius
3237 5349 3391 5418 pretii
3431 5350 3738 5411 hominibus

2152 5446 2275 5492 nota
2330 5447 2475 5492 sunt.
2531 5437 2667 5492 Cum
2717 5439 2859 5494 enim
2909 5438 3120 5510 Moyses
3168 5454 3417 5509 egressus
3465 5452 3609 5498 esset
3670 5461 3737 5501 ex

2154 5528 2412 5600 A'Igypto,
2445 5531 2498 5585 in
2524 5530 2843 5600 dcsertoque
2867 5538 3069 5600 ageret.
3101 5528 3284 5586 aderat
3317 5532 3562 5589 universa
3590 5537 3741 5606 plebs

2153 5620 2219 5675 ad
2247 5630 2499 5676 sexcenta
2537 5620 2811 5675 hominum
2842 5621 3028 5685 millia,
3050 5621 3396 5693 omniumque
3424 5623 3545 5679 lites
3572 5626 3743 5683 disce.

2154 5713 2526 5782 puttionesquc
2546 5712 2633 5765 ille
2662 5710 2904 5767 solvebat
2935 5709 3127 5782 (Exod.
3162 5713 3273 5785 18).
3306 5715 3457 5782 Quod
3486 5716 3573 5771 ttbi
3614 5719 3746 5775 vidit

2156 5817 2309 5857 socer
2346 5801 2461 5872 ejus
2496 5800 2705 5866 Jethor,
2741 5801 2901 5854 homo
2955 5801 3255 5872 imperitus,
3285 5807 3374 5875 qui
3429 5807 3483 5861 in
3525 5807 3740 5864 deserto

2164 5896 2325 5951 vitam
2368 5902 2570 5965 egerat,
2603 5907 2703 5950 nee
2733 5894 2908 5966 legum
2955 5895 3256 5968 politiuquc
3303 5900 3745 5958 consuetudinem
