4086 6424
383 423 485 480 155

377 543 540 595 ullam
569 538 848 604 habuerat,
879 543 933 592 et
956 533 1025 591 ad
1055 535 1168 590 haec
1205 534 1258 589 in
1287 532 1556 602 impietate
1595 527 1828 598 vivebat,
1858 543 1966 598 quo

377 632 505 704 quid
556 632 760 689 certius
805 625 1125 698 insipientia:
1185 621 1599 696 argumentum?
1645 619 1787 677 Nihil
1824 619 1969 675 enim

382 725 670 797 gentilibus
707 729 790 779 est
836 719 1187 790 insipientius.
1225 715 1605 772 Verumtamen
1651 712 1742 770 ille
1780 712 1971 767 barba-

386 834 498 880 rus,
531 815 752 886 impius,
799 811 1081 881 insipiens,
1111 808 1300 863 videns
1349 807 1585 879 Moyscm
1641 821 1747 860 non
1791 813 1849 858 ut
1876 818 1972 873 par

383 919 497 964 erat
537 921 718 978 agere,
764 903 936 974 ipsum
987 900 1368 972 reprehendit,
1417 899 1712 969 sapientem
1755 897 1970 967 inquam

384 1001 555 1066 illum,
589 997 929 1068 prudentem,
966 994 1057 1048 Dei
1086 993 1340 1047 amicum.
1379 991 1624 1060 Dixitque
1657 989 1769 1043 illi:
1807 989 1976 1054 Quare

382 1093 458 1147 illi
501 1100 639 1146 stant
684 1105 856 1144 coram
899 1097 948 1142 to
991 1085 1188 1157 (Exod.
1223 1084 1310 1139 l8.
1345 1083 1476 1153 l4)?
1521 1091 1726 1138 etcum
1757 1095 1971 1136 Causam

381 1184 676 1245 didicisset.
707 1181 823 1236 ait:
856 1179 976 1234 Non
1005 1188 1138 1232 recte
1175 1187 1229 1231 tu
1276 1177 1403 1246 facis
1445 1174 1552 1246 (Ib.
1590 1189 1638 1228 tt.
1671 1170 1783 1245 l7).
1833 1172 1976 1225 Con-

383 1277 560 1332 silium
593 1290 714 1330 cum
747 1271 1111 1342 increpatione
1137 1267 1482 1337 conjunctum
1509 1283 1524 1329 ;
1576 1280 1750 1334 neque
1798 1275 1974 1316 tamen

385 1368 475 1425 ille
502 1366 808 1437 indignatus
830 1373 932 1428 est,
957 1361 1050 1417 sed
1081 1361 1345 1432 patienter
1372 1359 1488 1412 tulit
1516 1359 1596 1411 vir
1626 1357 1714 1410 ille
1739 1356 1976 1424 sapiens,

386 1460 620 1532 prudens
641 1466 696 1514 et
725 1456 818 1514 Dei
843 1453 1197 1523 amicus,-qui
1245 1461 1322 1506 tot
1367 1449 1696 1523 myriadibus
1728 1456 1974 1518 przccrat.

387 1555 573 1626 Neque
601 1556 745 1609 enim
798 1565 1022 1622 parvum
1072 1549 1176 1602 hoc
1201 1557 1303 1612 est,
1331 1561 1362 1599 a
1411 1544 1643 1598 barbaro
1670 1553 1725 1598 et
1770 1541 1978 1610 privato

389 1648 606 1705 homine
637 1644 861 1702 erudiri.
883 1641 1066 1712 Neque
1085 1641 1227 1696 edita
1267 1639 1540 1704 miracula,
1573 1651 1745 1706 neque
1771 1634 1978 1703 imperii

388 1738 701 1811 magnitudo
730 1737 967 1791 aninmm
995 1737 1113 1803 ejus
1138 1731 1470 1787 extollebant
1507 1747 1521 1783 :
1565 1741 1739 1797 neque
1785 1726 1982 1779 rubore

387 1830 816 1893 sulfuudebatur,
847 1825 990 1898 quod
1036 1823 1388 1896 przcsentibus
1416 1821 1644 1876 subditis
1684 1819 1984 1887 corripere-

389 1935 511 1991 tur;
543 1923 638 1978 sed
665 1921 909 1991 cogitans
935 1932 1016 1984 se,
1047 1916 1150 1971 etsi
1181 1915 1330 1986 signa
1359 1927 1546 1984 magna
1575 1910 1853 1975 edidisset,
1886 1909 1985 1961 hu-

391 2030 564 2071 mana:
592 2023 770 2066 tamen
799 2009 1114 2080 participem
1147 2020 1266 2060 esse
1289 2013 1515 2070 naturae,
1534 2003 1619 2056 cui
1649 2000 1815 2055 multa
1840 2012 1984 2067 sape

391 2109 571 2179 ignota
611 2112 756 2169 sunt,
789 2118 912 2158 cum
956 2101 1216 2156 modestia
1247 2099 1529 2153 consilium
1574 2095 1802 2165 accepit.
1836 2093 1982 2148 Multi

389 2208 608 2263 contra,
653 2209 722 2251 ne
770 2195 948 2249 alieno
996 2192 1280 2248 videantur
1336 2190 1563 2244 consilio
1609 2201 1796 2258 egere,
1843 2198 1985 2254 sa-pe

392 2293 594 2346 malunt
642 2289 872 2343 utilitate
912 2285 1119 2342 consilii
1165 2299 1372 2345 carere,
1401 2299 1557 2353 quam
1602 2290 1848 2349 suscepta
1892 2277 1986 2332 ad-

391 2381 685 2438 monitione
734 2389 1010 2449 peccalmn
1057 2376 1347 2431 emendare
1378 2393 1392 2428 :
1425 2377 1533 2429 imo
1585 2373 1793 2427 malunt
1837 2370 1988 2442 igno-

394 2487 535 2540 rare,
564 2485 723 2541 quam
751 2468 983 2533 discere,
1013 2466 1314 2523 nescientes
1363 2480 1469 2520 non
1500 2479 1622 2519 esse
1667 2462 1871 2516 crimen
1901 2460 1986 2514 di-

393 2582 565 2633 scere,
591 2564 686 2620 sed
713 2563 890 2635 potius
918 2563 1205 2632 ignorare;
1259 2573 1366 2614 non
1409 2556 1614 2620 doceri,
1661 2555 1756 2610 sed
1803 2555 1854 2608 in
1907 2553 1988 2606 in-

392 2660 546 2715 scitia
581 2657 810 2727 degere;
853 2669 960 2709 non
987 2653 1157 2723 argui,
1184 2650 1278 2707 sed
1310 2666 1530 2720 peccare
1576 2649 1692 2705 sine
1735 2647 1988 2704 emenda-

395 2753 560 2805 tione.
591 2748 797 2804 Accidit
824 2747 966 2801 cnim
995 2747 1154 2800 etiam
1185 2743 1322 2813 apud
1366 2743 1682 2798 vilissimum
1717 2739 1987 2794 hominem

393 2841 594 2914 aliquid
623 2841 746 2896 boni
777 2838 1126 2909 deprehendi,
1155 2835 1298 2906 quod
1339 2836 1391 2890 in
1419 2836 1662 2902 Sapiente
1692 2847 1990 2903 magnoque

398 2941 514 2996 viro
541 2939 857 3009 plerumque
885 2951 990 2992 non
1033 2935 1324 3003 reperitur.
1357 2932 1510 3000 Quod
1541 2947 1662 2986 cum
1688 2929 1988 2999 perpende-

405 3044 488 3090 ret
517 3031 749 3104 Moyses,
781 3031 928 3084 illum
963 3028 1334 3082 consulentem
1365 3039 1519 3094 :equo
1560 3023 1758 3078 audivit
1787 3023 1988 3087 animo,

398 3136 452 3182 et
479 3125 751 3182 dicentem
785 3140 800 3178 :
847 3120 958 3176 Fac
993 3120 1079 3174 tibi
1118 3119 1450 3184 millenarios,
1483 3116 1814 3177 centenarias,
1840 3114 1991 3185 quin-

398 3217 754 3290 quagenarios,
776 3225 823 3270 et
853 3214 1179 3278 decuriones;
1216 3221 1262 3266 et
1289 3228 1369 3265 res
1398 3211 1652 3282 grauiores
1680 3208 1748 3262 ad
1782 3218 1830 3262 te
1859 3211 1992 3277 refe-

401 3318 537 3375 zant,
567 3308 775 3363 leuiores
815 3315 982 3360 autem
1013 3305 1112 3373 ipsi
1151 3303 1346 3358 solvant
1386 3299 1579 3372 (Exod.
1617 3300 1703 3355 l8.
1743 3299 1832 3353 21.
1874 3296 1990 3368 22).

403 3401 494 3456 llis
521 3397 716 3454 auditis
736 3397 824 3452 ille
862 3411 968 3452 non
997 3394 1232 3458 erubuit,
1267 3408 1372 3447 non
1405 3391 1718 3463 pudefactus
1756 3400 1860 3455 est,
1886 3403 1992 3443 non

392 3502 483 3548 ονδι
510 3492 776 3548 reveritus
803 3489 1050 3544 subditos
1078 3506 1090 3542 :
1135 3503 1242 3542 non
1269 3486 1405 3541 dixit
1437 3486 1576 3539 intra
1611 3499 1671 3539 se
1699 3501 1712 3538 :
1756 3483 1840 3538 Me
1867 3495 1998 3536 con-

404 3597 642 3642 lemnent
664 3584 887 3647 subditi,
915 3584 961 3638 si
987 3582 1096 3637 dux
1120 3597 1242 3635 cum
1274 3580 1372 3634 sim
1402 3579 1468 3633 ab
1494 3579 1599 3634 alio
1637 3575 1760 3646 quid
1794 3575 1996 3630 facien-

404 3673 528 3734 dum
574 3677 644 3732 sit
687 3676 923 3732 didicero
971 3691 984 3728 :
1039 3672 1132 3729 sed
1171 3671 1582 3742 obtemperavit,
1621 3678 1676 3724 et
1712 3669 1995 3723 consilium

407 3779 662 3840 sequutus
689 3777 794 3835 est,
841 3782 1014 3838 neque
1058 3773 1371 3836 praesentes,
1402 3779 1576 3834 neque
1625 3772 1745 3833 post
1794 3761 1998 3816 laturos

401 3863 653 3928 erubuit;
704 3863 811 3916 imo
842 3871 1112 3930 tamquam
1144 3860 1527 3914 cohonestatus
1559 3856 1658 3911 hac
1680 3855 1852 3911 soceri
1879 3870 2000 3910 cor—

410 3954 670 4026 reptione,
702 3969 810 4008 non
858 3953 1019 4007 modo
1070 3950 1318 4005 homines
1369 3949 1491 4003 illos
1532 3948 1622 4016 qui
1656 3958 1781 4002 tunc
1822 3954 1999 4012 erant,

407 4047 499 4102 red
535 4046 694 4100 etiam
728 4059 823 4100 eos
843 4045 931 4114 qui
957 4042 1025 4097 ad
1055 4042 1370 4096 hodiernum
1402 4054 1570 4109 usque
1595 4038 1734 4093 diem
1761 4037 1997 4103 fuerunt,

407 4150 463 4196 et
489 4139 580 4210 qui
623 4139 676 4192 in
705 4147 818 4191 toto
861 4137 992 4191 orbe
1033 4135 1196 4189 futuri
1223 4142 1348 4188 sunt
1377 4147 1544 4201 usque
1585 4132 1649 4185 ad
1676 4131 1872 4186 Christi
1902 4130 2000 4185 ad-

410 4244 652 4300 ventum,
686 4231 855 4286 literis
881 4229 1080 4294 doetiit,
1107 4237 1161 4282 et
1189 4243 1246 4282 se
1280 4243 1384 4281 non
1426 4225 1666 4297 potuisse
1692 4225 1817 4294 quid
1862 4224 2002 4279 facto

410 4341 547 4396 Opus
568 4333 713 4379 esset
741 4321 944 4386 videre,
967 4330 1020 4375 et
1044 4320 1216 4375 soceri
1246 4317 1665 4373 admonitionem
1697 4317 2000 4386 amplexum

409 4431 550 4473 esse.
576 4415 685 4470 Nos
717 4430 847 4469 vcrn
889 4413 933 4468 si
967 4412 1049 4466 vel
1086 4429 1249 4466 unum
1279 4411 1554 4464 videmnus
1579 4409 1846 4462 hominem
1873 4407 2000 4462 dum

410 4507 760 4562 emendantur
778 4513 834 4560 et
858 4504 1200 4574 corripimur,
1232 4501 1635 4565 conturbamur,
1670 4499 2004 4569 obstupesci-

411 4614 550 4662 Inus,
578 4608 630 4653 et
665 4597 737 4653 de
773 4598 878 4650 vita
922 4612 1020 4651 nos
1048 4595 1312 4651 excidisse
1356 4605 1621 4664 putamus.
1655 4595 1722 4647 At
1767 4593 1854 4648 ille
1894 4607 1998 4646 non

411 4689 576 4752 item;
618 4687 712 4742 sed
739 4701 860 4742 cum
902 4687 1112 4742 videret
1136 4695 1216 4741 tot
1247 4687 1411 4740 millia
1456 4685 1730 4740 hominum
1764 4699 2000 4754 [ιι-περιι-

413 4780 579 4846 timn;
631 4781 739 4834 imo
769 4789 847 4833 tot
894 4779 1058 4832 millia
1110 4777 1408 4843 hominum,
1452 4778 1539 4846 qui
1575 4787 1701 4832 tunc
1747 4787 1919 4838 erant,
1949 4786 2003 4832 et

412 4874 499 4944 qui
541 4882 659 4942 post
689 4871 898 4926 luerunt
932 4887 1026 4941 per
1055 4877 1221 4924 totmn
1251 4871 1435 4924 orbem
1480 4885 1646 4940 usque
1671 4869 1736 4922 ad
1767 4885 2004 4939 praesen—

415 4977 522 5022 tem
569 4964 734 5026 diem,
763 4978 867 5017 non
919 4963 1165 5028 erubuit;
1218 4961 1311 5017 sed
1358 4963 1606 5016 onmihus
1634 4961 1872 5031 quotidie
1912 4975 2006 5030 per

412 5060 594 5116 literas
623 5057 899 5112 denuntiat
936 5073 998 5110 ea
1041 5070 1288 5110 socerum
1321 5054 1540 5118 vidisse,
1575 5070 1695 5124 qua:
1738 5054 1852 5123 ipse
1898 5067 2002 5107 non

413 5149 886 5206 animadverterat.
909 5147 1017 5202 Cur
1045 5146 1146 5200 hoc
1171 5146 1314 5213 fecit,
1335 5155 1386 5200 et
1407 5163 1502 5202 cur
1525 5162 1638 5201 rem
1668 5148 1810 5200 illam
1837 5145 2005 5202 literis

412 5242 672 5299 tradidit?
717 5239 788 5296 Ut
815 5241 970 5296 nobis
1000 5247 1187 5294 auctor
1213 5248 1376 5305 esset,
1411 5255 1479 5293 ne
1504 5240 1670 5294 altum
1709 5238 2000 5308 sapiamus,

413 5335 656 5404 quamvis
687 5331 926 5388 omnium
950 5331 1332 5402 sapientissimi
1363 5332 1551 5395 simus,
1577 5346 1748 5400 neque
1775 5331 2004 5384 aliorum

412 5429 630 5483 consilia
652 5434 1082 5489 contemnamus,
1101 5424 1311 5480 etiamsi
1340 5423 1580 5478 omnimn
1610 5423 1852 5477 vilissimi
1875 5423 2003 5476 sint.

414 5519 619 5592 Siquid
658 5519 848 5587 aliquis
877 5505 1044 5588 probe
1084 5517 1350 5581 consulat,
1377 5515 1476 5570 etsi
1526 5513 1756 5569 famulus
1796 5514 1884 5580 sit,
1915 5519 2008 5568 ad-

416 5611 764 5668 monitionem
809 5613 1025 5680 accipe;
1072 5611 1115 5665 si
1165 5610 1292 5680 quid
1335 5608 1693 5678 perniciosum
1741 5607 2003 5676 quispiam

419 5705 499 5760 vel
527 5700 580 5760 in
613 5705 846 5759 maxima
871 5704 1128 5774 dignitate
1157 5703 1359 5772 positus
1385 5701 1652 5768 consulat,
1685 5701 2003 5756 sententiam

415 5795 667 5866 repudies
699 5814 713 5850 :
762 5811 866 5849 non
902 5796 1042 5848 enim
1069 5795 1295 5863 qualitas
1326 5810 1677 5865 personarum
1723 5795 2008 5849 consulen-

421 5891 572 5952 tium,
597 5888 691 5939 sed
714 5887 922 5940 consilii
956 5895 1141 5941 natura
1179 5888 1466 5955 spectanda
1496 5902 1709 5958 semper
1739 5900 1838 5947 est.
1877 5891 2007 5947 lllud

1089 417 1147 476 8.
1188 416 1468 475 JOANNIS
1502 411 1982 472 CIIRYSOSTOMI
2023 408 2344 466 ARCHIEP.
2385 411 2926 472 CONSTANTINOP.

3564 423 3674 481 εδδ

2080 529 2238 600 igitur
2257 529 2468 602 Moyses
2494 531 2620 587 fecit
2645 542 2701 587 ut
2728 549 2827 588 nos
2853 534 3074 591 doceret
3099 549 3204 592 non
3244 539 3666 598 erubescendum

2076 634 2196 675 esse
2224 636 2343 675 cum
2386 621 2778 693 redarguimur,
2811 625 3021 680 etiamsi
3053 627 3208 684 nobis
3247 630 3534 686 universus
3576 648 3669 702 po-

2077 710 2232 780 pulus
2262 711 2493 768 adesset.
2534 713 2667 768 Illud
2694 715 2836 770 enim
2865 731 2994 772 vere
3023 717 3142 773 laus
3164 726 3375 774 estnon
3407 723 3666 792 vulgaris,

2076 815 2448 872 supremchue
2492 803 2846 875 philosophia:
2887 808 3246 877 praeconium,
3287 813 3669 882 reprehensio-

2077 911 2201 950 nem
2229 911 2486 965 generose
2513 895 2679 954 l'erre.
2709 898 2823 953 Non
2854 900 2996 954 enim
3039 901 3109 956 ita
3149 901 3340 958 Jotbor
3371 919 3517 959 nunc
3555 904 3671 958 lau-

2078 986 2269 1042 damus
2319 995 2376 1042 et
2420 988 2768 1056 admiramur,
2803 991 2945 1061 quod
2997 991 3213 1064 Moysen
3263 995 3584 1058 correxerit,
3620 1005 3674 1050 nt

2078 1089 2322 1135 sanctum
2370 1079 2543 1146 illum,
2575 1081 2717 1151 quod
2768 1089 2846 1136 tot
2882 1084 3234 1152 praesentibus
3277 1085 3528 1154 redargui
3571 1100 3674 1140 non

2079 1177 2373 1243 erubuerit,
2404 1186 2459 1232 et
2507 1193 2621 1234 rem
2658 1187 2863 1249 gestam
2913 1182 3190 1236 memoria:
3239 1181 3541 1248 tradiderit,
3593 1182 3676 1237 his

2081 1269 2329 1324 omnibus
2360 1269 2756 1340 phil050phiam
2808 1286 2959 1327 suam
3006 1273 3318 1340 ostendens,
3363 1273 3677 1330 declarans-

2080 1379 2184 1434 que
2211 1372 2540 1435 quantopere
2587 1365 2802 1419 inanem
2851 1365 3128 1422 hominum
3175 1367 3400 1437 gloriam
3430 1378 3676 1424 contem-

2083 1467 2256 1512 nerct.

2154 1552 2206 1604 5.
2241 1549 2343 1603 Cur
2379 1549 2763 1620 Clu-ysostomus
2811 1551 2963 1622 longa
3008 1553 3250 1620 prowmia
3295 1552 3489 1607 ederet.
3517 1582 3587 1593 —
3613 1554 3681 1607 At

2087 1656 2186 1695 nos
2213 1641 2339 1695 dum
2364 1641 2432 1696 de
2459 1642 2843 1711 prooemiorum
2877 1644 3180 1711 prolixitate
3211 1659 3309 1699 nos
3337 1659 3681 1710 excusamns,

2086 1747 2275 1788 rursus
2302 1734 2473 1802 majus
2499 1735 2819 1802 prooemium
2853 1733 3111 1798 fecimus;
3140 1751 3324 1790 verum
3350 1751 3458 1790 non
3484 1745 3683 1791 temere

2087 1839 2258 1894 neque
2281 1825 2396 1878 sine
2419 1839 2577 1878 causa
2594 1843 2607 1877 :
2627 1840 2746 1878 nam
2763 1825 2832 1879 de
2851 1825 3010 1880 rebus
3025 1827 3274 1881 maximis
3289 1827 3685 1898 admodnmque

2089 1920 2406 1972 necessariis
2442 1933 2538 1972 vos
2576 1918 2932 1988 alloquimur,
2981 1931 3037 1974 ut
3066 1919 3278 1975 fortiter
3305 1922 3538 1976 feramus
3566 1936 3685 1976 cum

2086 2013 2388 2084 arguimur;
2431 2020 2486 2067 et
2533 2021 2590 2066 ut
2629 2011 2878 2067 alacriter
2912 2027 3199 2082 arguamus
3225 2014 3688 2083 corripiamusquo

2087 2121 2182 2162 eos
2209 2106 2298 2176 qui
2324 2114 2574 2178 peccant.
2605 2105 2800 2160 Verum
2828 2105 2938 2175 jam
2981 2119 3204 2160 necesse
3231 2116 3315 2161 est
3353 2114 3411 2160 ut
3448 2106 3518 2162 de
3562 2121 3686 2176 pro-

2089 2198 2298 2254 lixitate
2347 2213 2445 2252 nos
2482 2196 2862 2260 defendamus,
2905 2196 3356 2267 ostendamusque
3393 2212 3494 2252 cur
3531 2195 3686 2263 longa

2091 2292 2347 2346 faciamus
2395 2290 2676 2361 prooemia.
2722 2289 2830 2344 Cur
2878 2305 3006 2359 ergo
3052 2288 3101 2344 id
3153 2289 3418 2344 faciams?
3464 2287 3688 2344 Tantam

2092 2384 2482 2439 multitudinem
2514 2383 2838 2454 alloquimur
2861 2423 2877 2448 ,
2923 2383 3067 2436 viros
3095 2383 3184 2453 qui
3215 2398 3415 2437 uxores
3465 2381 3686 2442 habent,

2091 2475 2179 2546 qui
2210 2475 2458 2529 domibus
2489 2485 2746 2543 prmsuut,
2773 2473 2968 2529 diurno
2997 2489 3162 2544 opere
3189 2474 3352 2528 vitam
3385 2483 3570 2542 parant
3590 2516 3603 2539 ,
3639 2476 3687 2526 in

2092 2565 2442 2620 szecularibus
2469 2566 2690 2636 negotiis
2721 2575 2900 2636 agunt.
2943 2564 3130 2636 Neque
3173 2565 3299 2621 illud
3341 2575 3547 2620 tantum
3576 2581 3690 2621 mo-

2095 2658 2287 2712 lestum
2331 2667 2450 2723 est,
2495 2659 2635 2727 quod
2678 2667 2936 2727 perpetuo
2979 2667 3346 2728 occupentur,
3403 2658 3501 2714 sed
3552 2657 3688 2727 quod

2095 2750 2259 2806 semel
2288 2750 2339 2803 in
2368 2748 2706 2804 bebdomada
2739 2750 2883 2818 ipsos
2927 2747 3013 2804 hic
3052 2750 3408 2820 excipiamus,
3443 2750 3511 2807 Ut
3540 2751 3692 2821 igitur

2096 2843 2366 2898 intellectu
2398 2843 2564 2898 facilia
2593 2843 2878 2899 reddamus
2901 2859 2963 2899 ea
2993 2859 3114 2915 quze
3138 2844 3389 2910 dicimus,
3422 2845 3693 2915 procnmiis

2095 2935 2376 2990 clariorem
2417 2937 2672 2991 exhibere
2715 2936 3015 2992 doctrinam
3069 2937 3366 2991 studemus.
3423 2937 3515 2990 llle
3553 2937 3694 2992 enim

2096 3028 2179 3081 cui
2209 3027 2336 3080 nihil
2369 3027 2510 3083 aliud
2538 3038 2622 3084 est
2649 3030 2868 3099 negotii,
2893 3031 3050 3098 quam
3082 3038 3140 3081 ut
3169 3043 3381 3098 semper
3406 3028 3694 3098 Scripturis

2097 3130 2269 3186 vacet,
2300 3134 2406 3173 non
2435 3127 2556 3190 eget
2587 3120 2878 3189 prothmiis,
2905 3134 3010 3173 non
3037 3129 3291 3190 apparatu
3313 3121 3525 3174 :statim
3555 3120 3694 3173 enim

2099 3209 2281 3264 audito
2300 3209 2544 3278 doctore,
2567 3210 2833 3266 dictorum
2865 3225 3079 3265 sensmn
3103 3210 3327 3280 percipit
3352 3230 3364 3264 :
3389 3211 3438 3264 is
3460 3227 3586 3264 vero
3607 3209 3693 3278 qui

2100 3302 2329 3354 maxima
2364 3302 2618 3372 temporis
2649 3312 2801 3372 parte
2829 3302 3174 3356 smcularibus
3200 3302 3430 3371 negotiis
3459 3301 3696 3355 addictus

2101 3401 2221 3456 est,
2263 3402 2319 3448 et
2363 3395 2534 3449 rarius
2578 3395 2832 3463 brevique
2865 3403 3106 3462 tempore
3138 3393 3224 3448 hic
3253 3403 3565 3463 comparet,
3603 3393 3696 3448 nisi

2102 3486 2362 3555 prommia
2389 3486 2760 3555 maioremque
2781 3494 3093 3554 apparatum
3121 3487 3322 3549 audiat,
3347 3501 3471 3554 qua:
3498 3499 3698 3541 sermo-

2103 3595 2224 3633 nem
2257 3595 2472 3648 semper
2502 3581 2800 3649 pra'ccdant
2832 3589 2885 3632 et
2931 3579 3030 3648 ipsi
3064 3579 3201 3632 viam
3247 3591 3436 3648 parent
3459 3621 3474 3645 ,
3506 3579 3699 3646 absque

2105 3675 2253 3731 lucro
2277 3674 2524 3730 discedit.
2557 3674 2737 3744 Neque
2784 3675 2897 3728 haec
2941 3689 3043 3728 una
3083 3673 3242 3727 nobis
3273 3686 3433 3726 causa
3469 3681 3552 3726 est
3587 3685 3701 3740 pro-

2108 3767 2329 3822 lixitatis
2354 3767 2758 3836 procemiorum,
2777 3765 2872 3821 sed
2899 3773 2953 3820 et
2978 3765 3080 3819 alia
3102 3781 3207 3819 non
3235 3766 3430 3818 minor.
3463 3765 3536 3818 lix
3561 3771 3698 3816 tanta

2106 3863 2302 3930 quippe
2331 3858 2668 3914 multitudine
2694 3858 2780 3911 alii
2805 3856 3088 3923 accedunt,
3116 3856 3205 3910 alii
3235 3871 3380 3925 szepe
3410 3871 3520 3909 non
3548 3867 3698 3909 acce-

2107 3954 2258 4008 dunt.
2291 3941 2522 4008 Necesse
2558 3952 2735 4021 itaque
2773 3960 2856 4006 est
2896 3965 2992 4006 eos
3037 3951 3125 4019 qui
3170 3949 3431 4003 accedunt
3463 3948 3702 4002 laudibus

2107 4061 2332 4110 ornare,
2385 4059 2481 4100 eos
2511 4060 2638 4098 vero
2687 4031 2776 4113 qui
2824 4043 3020 4097 absunt
3060 4041 3456 4111 reprehendere
3488 4060 3500 4092 :
3532 4051 3590 4095 ut
3631 4038 3700 4092 illi

2113 4139 2360 4193 laudibus
2422 4137 2771 4193 studiosiores
2829 4137 3090 4202 evadant,
3153 4137 3204 4191 bi
3256 4134 3703 4206 increpationibus

2109 4230 2388 4302 segnitiem
2441 4237 2659 4299 ponant.
2704 4229 2822 4283 Alia
2872 4243 3084 4298 quoque
3132 4227 3286 4282 adest
3325 4227 3702 4296 proasmiomm

2112 4323 2425 4378 necessitas.
2472 4322 2863 4391 Argumentum
2910 4335 3054 4390 szrpe
3085 4320 3345 4389 prolixius
3377 4329 3664 4373 tractamus
3685 4356 3699 4379 ,

2110 4417 2250 4486 quod
2280 4431 2388 4470 non
2417 4431 2524 4469 uno
2551 4415 2638 4470 die
2673 4428 2956 4483 possumus
2987 4413 3051 4466 ad
3087 4414 3246 4467 linem
3278 4412 3548 4467 deducere
3569 4453 3582 4477 ,
3612 4407 3701 4463 sed

2107 4518 2164 4564 et
2193 4507 2428 4563 secunda
2458 4519 2512 4562 et
2557 4509 2708 4561 tertia
2748 4516 2804 4561 et
2845 4516 3032 4576 quarta
3081 4520 3226 4575 ειυρο
3270 4519 3406 4574 Opus
3434 4513 3520 4559 est
3557 4500 3702 4557 nobis

2110 4601 2476 4672 expositione,
2513 4601 2579 4656 ad
2623 4615 2782 4654 unam
2824 4598 3175 4668 eamdemque
3205 4612 3317 4651 rem
3357 4595 3699 4651 tractandam.

2113 4695 2426 4750 Necessario
2462 4693 2626 4764 igitur
2669 4690 2904 4747 secunda
2949 4690 3038 4745 die
3067 4689 3263 4759 prioris
3305 4687 3566 4743 doctrina:
3592 4685 3704 4739 linis

2111 4801 2191 4843 est
2235 4785 2595 4858 repetendus,
2641 4796 2698 4841 ut
2740 4786 2809 4840 ita
2847 4784 2967 4839 linis
2995 4799 3118 4838 cum
3149 4783 3406 4852 principio
3433 4763 3715 4835 colta‘rcnsi

2111 4881 2393 4936 clariorem
2424 4881 2652 4935 auditori
2683 4878 3049 4934 narrationem
3081 4875 3267 4931 reddat
3297 4917 3312 4940 ,
3368 4891 3434 4930 ne
3464 4876 3577 4929 sine
3607 4871 3701 4925 ulla

2112 4974 2253 5028 serie
2279 4974 2448 5044 posita
2479 4974 2654 5027 oratio
2693 4969 2972 5025 obscurior
3001 4967 3210 5023 evadat.
3259 4966 3330 5022 Ut
3375 4980 3502 5019 vero
3535 4965 3703 5018 discas

2112 5068 2409 5122 orationem
2443 5066 2706 5135 procemio
2749 5073 3021 5119 carentem
3063 5077 3093 5116 a
3129 5061 3344 5115 nemine
3385 5059 3701 5114 intellectum

2115 5158 2214 5222 iri,
2246 5173 2374 5212 ecce
2410 5158 2520 5226 jam
2567 5157 2682 5210 sine
2714 5155 2986 5224 prommiis
3017 5150 3370 5222 experimenti
3400 5163 3559 5203 causa
3584 5160 3700 5198 ora-

2117 5253 2313 5304 tionem
2355 5249 2558 5303 ordior.
2603 5246 2896 5318 Respiciens
2935 5255 3104 5298 autem
3144 5243 3298 5297 Iesus
3343 5242 3472 5295 dixit
3499 5236 3618 5294 :Tu
3653 5249 3703 5288 es

2116 5343 2297 5398 Simon
2328 5342 2468 5411 filius
2499 5339 2658 5407 Jona,
2689 5350 2741 5392 tu
2771 5339 3024 5392 vocaberis
3049 5336 3268 5407 Cephas,
3297 5333 3434 5404 quod
3458 5340 3526 5386 est
3555 5331 3701 5382 inter-

2117 5441 2368 5502 pretatum
2409 5430 2589 5485 Petrus
2630 5430 2808 5499 (Joan.
2860 5432 2910 5482 1.
2943 5427 3058 5502 42).
3104 5427 3297 5483 Videte
3336 5440 3466 5480 num
3507 5421 3701 5477 dictum

2115 5527 2246 5584 illud
2279 5526 2621 5596 intelligatis?
2645 5541 2710 5579 an
2737 5524 2918 5580 sciatis
2943 5521 3404 5590 consequentiam,
3437 5525 3492 5574 et
3512 5530 3610 5586 qua
3638 5510 3701 5565 de

2115 5633 2274 5674 causa
2305 5618 2422 5673 haec
2446 5619 2587 5673 dicta
2619 5619 2759 5671 sint?
2789 5618 2909 5684 quia
2942 5629 3136 5684 nempe
3165 5613 3283 5668 sine
3309 5607 3568 5682 prommio
3593 5604 3700 5658 haec

2117 5711 2333 5782 protuli,
2363 5709 2582 5780 perinde
2604 5725 2667 5764 ac
2686 5709 2728 5763 si
2751 5710 2870 5779 quis
2893 5707 3166 5762 hominem
3189 5703 3425 5774 undique
3441 5702 3697 5757 obtectum

2117 5802 2168 5856 in
2194 5803 2458 5856 theatrum
2483 5799 2732 5855 adducat.
2763 5803 2872 5869 Age
2898 5811 3028 5869 ergo
3055 5798 3225 5867 ipsum
3251 5797 3578 5866 detegamns,
3598 5789 3697 5857 jam

2117 5893 2242 5950 dato
2275 5893 2554 5961 prommio.
2606 5893 2679 5948 De
2728 5892 2891 5947 Paulo
2931 5898 3107 5947 autem
3152 5904 3333 5946 sermo
3363 5887 3515 5943 nobis
3543 5890 3701 5948 nuper
