4086 6414
364 366 467 423 135

366 481 545 553 νόμων
574 479 699 534 οὕτε
728 479 1001 544 πολιτείας
1033 481 1142 534 τινι
1176 479 1508 551 κοινωνήσας
1542 478 1693 543 ποτέ,
1741 476 1856 531 ἀλλ’
1884 476 1946 529 ἐν

365 564 589 635 ἀσεϐείᾳ
622 562 753 631 ζῶν,
786 556 849 615 οὗ
878 564 933 616 τί
965 562 1164 625 γένοιτ’
1187 563 1255 619 ἀν
1290 561 1476 635 μεῖζον
1508 561 1694 625 ἀνοίας
1743 561 1952 631 τεκμήη

369 664 511 722 ριον;
539 647 707 702 Οὐδὲν
735 647 845 719 γὰρ
893 647 1161 719 Ἑλλήνων
1211 646 1584 719 ἀνοητότερον.
1635 643 1774 698 Ἀλλ’
1802 644 1954 713 ὅμως

365 732 573 794 ἐκεῖνος
606 731 636 783 6
678 729 971 802 βάρϐαρος,
1026 732 1056 784 6
1104 730 1329 801 ἀσεϐὴς,
1363 730 1394 782 6
1432 729 1681 799 ἀνόητος,
1740 725 1861 781 ἰδὼν
1890 726 1951 779 06

366 813 592 878 δεόντως
621 813 784 869 αὐτὸν
814 813 1092 879 ποιοῦντα,
1123 813 1404 887 διώρθωσε
1450 811 1544 866 τὸν
1572 810 1835 875 Μωῦσέα,
1860 808 1953 862 τδν

370 898 531 968 σοφὸν
580 898 677 952 καὶ
711 898 931 952 συνετὸν
966 898 1060 951 καί
1088 897 1184 950 τοῦ
1240 896 1377 951 Θεοῦ
1434 896 1608 967 φίλον.
1643 894 1755 950 Καὶ
1784 891 1956 947 εἰπὼν

368 982 506 1053 πρὸς
539 982 722 1046 αὐτὸν,
765 982 826 1036 Τί
844 978 1010 1037 οὗτοι
1036 982 1372 1048 ἑστήκασιν
1407 980 1666 1035 ἐνώπιόν
1686 994 1838 1043 σου;
1861 977 1956 1031 καὶ

372 1066 559 1137 μαθὼν
577 1067 679 1136 τήν
699 1065 880 1119 αἰτίαν
894 1065 1041 1135 λέγει
1063 1083 1076 1096 ο
1114 1068 1234 1120 Οὐκ
1260 1065 1449 1135 ὀρθῶς
1463 1066 1545 1120 σὺ
1562 1064 1738 1119 τοῦτο
1758 1064 1957 1131 ἐποίη-

369 1164 506 1215 σας,
539 1149 692 1220 φησί.
760 1150 1294 1220 Μετ’,ἐπιτιμήσεως
1317 1151 1350 1221 ή
1376 1148 1685 1221 συμϐουλή·
1716 1148 1809 1202 καὶ
1831 1145 1955 1199 οὔτε

370 1234 544 1298 οὕτως
591 1233 855 1304 ήγρίανεν
908 1234 1135 1297 ἐκεῖνος,
1178 1233 1291 1287 ἀλλ’
1324 1234 1571 1305 ήνείχετο
1625 1232 1655 1284 6
1714 1230 1893 1300 σοφὸς,
1928 1231 1957 1285 6

374 1317 593 1381 συνετὸς
623 1318 719 1370 καὶ
768 1315 864 1370 τοῦ
893 1315 1027 1370 Θεοῦ
1085 1316 1257 1385 φίλος,
1300 1317 1594 1380 τοσαύταις
1639 1312 1958 1385 ἐφεστηκὼς

374 1399 655 1471 μυριάσιν.
690 1398 825 1451 Οὐδὲ
858 1398 967 1469 γὰρ
995 1398 1156 1451 10610
1186 1399 1405 1471 μικρὸν,
1441 1399 1504 1451 16
1526 1398 1675 1470 παρὰ
1703 1398 1796 1452 106
1828 1396 1958 1468 βαρ-

372 1482 541 1556 ϐάρου
564 1483 660 1536 καὶ
684 1481 893 1537 ίδιώτου
914 1482 1290 1537 παιδεύεσθαι.
1320 1482 1429 1536 Καὶ
1444 1481 1569 1536 οὕτε
1592 1482 1661 1535 τὰ
1683 1481 1956 1553 θαύματα,

373 1567 518 1638 ἅπερ
548 1566 867 1638 εἰργάσατο,
896 1566 1022 1620 οὕτε
1071 1566 1132 1620 16
1166 1566 1395 1637 μέγεθος
1438 1567 1539 1638 τῆς
1581 1566 1758 1638 ἀρχῆς
1796 1563 1958 1619 αὑτὸν

372 1651 598 1722 ἐπῆρεν,
625 1650 753 1705 οὔτε
781 1652 840 1705 16
860 1651 1144 1722 παρόντων
1171 1651 1281 1704 τῶν
1313 1650 1572 1723 ὑπηκόων
1594 1649 1957 1723 διορθοῦσθαι,

373 1736 696 1808 ἐρυθριᾶσαι
723 1735 1008 1807 ἐποίησεν·
1049 1733 1163 1787 ἀλλ’
1186 1735 1449 1806 ἐννοήσας
1478 1736 1559 1789 ὅτι
1588 1737 1638 1788 εἰ
1670 1734 1765 1789 καὶ⁹
1792 1732 1963 1804 μεγά-

373 1817 441 1872 λα
473 1817 623 1889 αὐτῷ
646 1818 799 1892 [119]
830 1818 1115 1891 εἴργασται
1147 1820 1373 1891 σημεῖα,
1406 1816 1520 1870 ἀλλ’
1564 1818 1716 1888 ὅμως
1752 1816 1963 1885 ἀνθρω-

373 1907 534 1979 πίνης
561 1907 778 1978 φύσεως
803 1907 1041 1979 μετέχει,
1069 1909 1135 1979 ἣν
1170 1906 1342 1962 πολλὰ
1386 1906 1642 1962 λανθάνει
1674 1905 1958 1969 πολλάκις,

377 1994 496 2063 μετ’
546 1992 849 2056 ἐπιεικείας
881 1990 1101 2057 ἐδέξατο
1132 1990 1230 2063 τὴν
1286 1990 1619 2063 συμϐουλήν.
1684 1988 1879 2043 Πολλοὶ
1904 1987 1962 2041 δέ

374 2078 635 2143 πολλάκις
680 2079 820 2151 ὑπὲρ
868 2078 960 2132 106
993 2078 1069 2150 μὴ
1116 2077 1351 2149 φανῆναι
1377 2078 1620 2148 δεόμενοι
1653 2074 1962 2147 συμϐουλῆς

370 2163 472 2235 τῆς
501 2164 630 2237 παρ’
654 2162 878 2235 ἐτέρων,
908 2163 1114 2218 εἵλοντο
1138 2162 1429 2234 προδοῦναι
1456 2162 1552 2234 τὴν
1574 2160 1843 2232 ὠφέλειαν
1865 2160 1962 2230 τὴν

372 2249 480 2303 ἀπδ
508 2248 608 2318 τῆς
636 2246 884 2320 γνώμης,
907 2248 942 2319 ἢ
962 2247 1244 2319 δεξάμενοι
1266 2247 1366 2319 τὴν
1385 2247 1707 2318 παραίνεσιν
1734 2243 1963 2316 διορθῶ-

374 2349 467 2387 σαι
497 2333 558 2387 16
579 2333 884 2405 ἁμάρτημα
912 2350 926 2364 ’
964 2333 1166 2404 μᾶλλον
1206 2333 1425 2401 ἀγνοεῖν
1456 2332 1490 2404 ἢ
1523 2330 1716 2403 μαθεῖν
1745 2328 1961 2384 κατεδέ-

374 2417 553 2485 ξαντο,
592 2419 694 2472 οὐκ
719 2418 923 2483 εἰδότες
971 2419 1055 2472 ὄτι
1089 2418 1149 2471 06
1176 2418 1238 2471 16
1268 2416 1464 2489 μαθεῖν
1503 2416 1756 2487 ἔγκλημα
1779 2455 1795 2479 ,
1826 2411 1964 2469 ἀλλά

370 2502 437 2557 16
462 2504 676 2573 ἀγνοεῖν
704 2501 1010 2574 κατηγορία
1028 2519 1042 2534 ·
1078 2502 1140 2555 06
1170 2501 1231 2556 16
1256 2500 1630 2565 διδάσκεσθαι,
1658 2500 1797 2554 ἀλλά
1816 2499 1879 2553 16
1905 2499 1964 2553 ἐν

372 2587 615 2660 ἀμαθείᾳ
662 2583 832 2642 εἶναι’
874 2588 934 2640 06
964 2586 1026 2640 16
1056 2585 1396 2657 ἐλέγχεσθαι,
1426 2585 1568 2640 ἀλλά
1618 2586 1681 2639 16
1711 2583 1964 2655 ἁμαρτά·

373 2687 486 2724 νειν
513 2670 836 2741 ἀδιόρθωτα.
874 2670 1031 2725 Ἐστι
1061 2669 1195 2741 γὰρ,
1241 2668 1475 2723 ἐστικαὶ
1506 2668 1658 2741 παρά
1688 2666 1966 2739 ἀνθρώπῳ

378 2752 560 2827 μικρῴ
589 2754 681 2807 καὶ
708 2753 920 2808 εὐτελεῖ
940 2754 1229 2829 εὑρεθῆναί
1254 2772 1306 2808 τι
1330 2754 1438 2809 τῶν
1464 2754 1718 2819 δεόντων,
1750 2753 1780 2807 ὃ
1816 2752 1965 2822 παρά

373 2837 453 2908 τῷ
488 2837 637 2908 σοφῷ
659 2838 753 2892 καὶ
786 2838 1007 2909 μεγάλῳ
1036 2838 1296 2903 πολλάκις
1339 2840 1439 2909 ούχ
1489 2838 1740 2911 εὓρηται.
1787 2837 1966 2909 Ὅπερ

374 2916 468 2974 οὖν
486 2919 709 2973 συνιδὼν
737 2921 766 2973 6
800 2920 1046 2992 Μωῦσῆς
1072 2922 1239 2993 ήκουε
1275 2921 1416 2993 μετά
1460 2923 1640 2993 πάσης
1667 2919 1967 2983 ἐπιεικείας

377 3003 588 3059 ἐκείνου
615 3004 1098 3075 συμϐουλεύοντος,
1130 3006 1227 3059 καὶ
1253 3005 1506 3075 λέγοντος
1532 3022 1547 3037 ⁸
1577 3004 1847 3073 Ποίησόν
1867 3019 1968 3057 σοι

374 3088 763 3160 χιλιάρχους,
805 3089 1322 3159 ἑκατοντάρχους,
1376 3088 1967 3159 πεντηκοντάρχους,

372 3180 738 3253 δεκάρχους’
768 3182 867 3237 καί
894 3181 961 3236 τὸ
975 3180 1145 3252 ῥῆμα
1179 3180 1247 3236 τὸ
1277 3182 1440 3252 ,ϐαρὺ
1475 3182 1839 3238 ἀνοίσουσιν
1870 3179 1970 3235 ἐπὶ

376 3265 475 3333 σὲ,
499 3266 567 3320 τὸ
598 3266 669 3320 δὲ
701 3264 936 3335 κοῦφον
959 3265 1130 3320 αὐτοὶ
1153 3266 1568 3321 διαλύσονται.
1598 3267 1709 3321 Καὶ
1728 3265 1970 3330 ἀκούσας

376 3350 481 3403 οὐκ
511 3346 776 3420 ᾐσχύνθη,
807 3349 905 3402 ούκ
934 3349 1288 3422 ἠρυθρίασεν,
1327 3350 1428 3403 ούκ
1462 3349 1664 3422 ᾐδέσθη
1722 3350 1849 3413 τοὺς
1876 3350 1973 3403 61:-

376 3434 602 3505 ηκόους,
632 3434 734 3487 οὐκ
764 3428 888 3487 εἷπε
918 3433 1057 3506 πρὸς
1078 3432 1390 3501 ἐαυτὸν,δτι
1404 3431 1858 3505 Καταγνώσονταί
1870 3446 1972 3499 μου

378 3520 431 3573 οί
460 3518 776 3590 ἀρχόμενοι,
816 3519 865 3572 εἰ
893 3518 1077 3590 ἄρχων
1110 3516 1186 3572 ὣν
1233 3518 1361 3590 παρ’
1390 3517 1583 3590 ἐτέρου
1618 3517 1879 3590 μανθάνω
1904 3516 1974 3571 16

378 3611 570 3667 δέοντα
596 3629 611 3644 -
646 3610 785 3665 ἀλλά
840 3613 937 3665 καὶ
974 3610 1205 3683 ἐπείσθη
1236 3611 1333 3666 καὶ
1383 3612 1608 3683 ἐποίησε
1642 3610 1705 3665 τὸ
1735 3612 1975 3683 πρόστα-

378 3712 519 3766 γμα,
548 3697 655 3750 καὶ·
675 3698 737 3750 06
770 3696 930 3766 μόνον
979 3695 1224 3760 ἐκείνους
1249 3696 1350 3750 οὐκ
1375 3694 1621 3767 ᾐσχύνθη
1661 3697 1790 3759 τοὺς
1824 3694 1969 3760 τότε,

381 3779 498 3833 ἀλλ’
536 3779 658 3834 οὑδέ
718 3781 867 3851 ἡμᾶς
896 3781 1024 3843 τοὺς
1066 3779 1208 3851 μετά
1262 3779 1438 3834 ταῦτα
1484 3778 1780 3850 ἐσομένους
1805 3795 1819 3809 '
1855 3779 1971 3833 ἀλλ’

381 3864 574 3937 ῶσπερ
608 3863 1156 3938 ἐγκαλλωπιξόμενος
1178 3869 1245 3937 τῇ
1270 3864 1557 3938 διορθώσει
1587 3866 1654 3936 τῇ
1695 3864 1850 3936 παρά
1877 3863 1972 3917 106

382 3948 647 4021 κηδεποῦ
681 3951 953 4023 γενομένῃ
973 3992 986 4015 ,
1023 3951 1085 4004 06
1122 3952 1250 4014 106;
1283 3951 1405 4004 τότε
1440 3949 1603 4021 μόνον
1628 3947 1971 4020 ἀνθρώπους,

383 4034 524 4088 ἀλλά
554 4034 788 4099 καὶτοὺς
819 4035 878 4101 ἐξ
902 4035 1113 4089 ἐκείνου
1148 4034 1311 4106 μέχρι
1341 4034 1584 4104 σήμερον
1618 4032 1970 4103 γενομένους,

385 4118 481 4172 καὶ
523 4119 650 4184 τοὺς
706 4115 862 4183 αὖθις
895 4119 1189 4190 ἐσομένους
1238 4119 1400 4190 μέχρι
1455 4119 1556 4189 τῆς
1589 4117 1685 4171 106
1729 4116 1971 4190 Χριστοῦ

385 4212 696 4283 παρουσίας
737 4212 878 4267 κατὰ
933 4214 1033 4284 τὴν
1088 4212 1418 4282 οἰκουμένην
1464 4211 1682 4267 ἃπασαν
1736 4211 1825 4266 6:6
1867 4211 1975 4265 τῶν

385 4297 734 4368 γραμμάτων
760 4296 1001 4365 ἐδίδαξε,
1046 4300 1144 4352 καὶ
1174 4297 1259 4351 ὅτι
1290 4298 1454 4362 0:616;
1499 4297 1562 4351 16
1590 4297 1713 4351 δέον
1745 4298 1977 4351 συνιδεῖν

386 4380 491 4434 οὐκ
538 4380 799 4453 ἠδυνήθη,
850 4382 946 4436 καὶ
984 4382 1067 4435 ὅτι
1118 4381 1218 4452 τήν
1249 4381 1539 4454 διόρθωσιν
1575 4381 1792 4448 ἐδέξατο
1829 4381 1979 4453 παρά

385 4464 484 4520 106
510 4464 794 4536 κηδεστοῦ.
831 4466 1020 4537 Ἡμεῖς
1052 4466 1131 4533 δέ,
1165 4465 1260 4521 ἐὰν
1289 4465 1577 4539 ἄνθρωπον
1600 4468 1802 4540 ἴδωμεν
1833 4484 1978 4538 παρ-

386 4550 519 4604 όντα
551 4549 925 4621 ἐλεγχομένων
954 4549 1114 4623 ήμῶν
1153 4550 1250 4605 καὶ
1274 4550 1494 4623 ,διορθου
1505 4551 1703 4623 μένων,
1737 4549 1981 4621 ἰλιγγιῶ-

391 4650 515 4705 μεν,
546 4633 901 4700 ἐξιστάμεθα,
931 4634 1229 4707 νομίζομεν
1248 4637 1346 4707 τῆς
1378 4634 1526 4706 ζωῆς
1562 4635 1980 4703 ἐκπεπτωκέναι

390 4719 593 4788 πάσης.
658 4717 799 4771 Ἀλλ’
848 4718 951 4772 οὐκ
984 4720 1227 4783 ἐκεῖνος*
1264 4718 1381 4773 ἀλλ’
1409 4720 1555 4791 ὁρῶν
1592 4718 1865 4783 τοσαύτας
1899 4737 1982 4791 χι-

386 4800 577 4865 λιάδας
601 4800 885 4875 παρούσας
914 4802 1016 4856 οὐκ
1036 4801 1365 4875 ἠρυθρίασε,
1394 4803 1595 4874 μᾶλλον
1620 4803 1677 4857 δέ
1710 4802 1982 4866 τοσαύτας

393 4885 664 4957 μυριάδας
695 4886 841 4950 τότε,
894 4886 994 4951 16;
1021 4886 1080 4953 ἐξ
1110 4887 1321 4941 ἐκείνου
1370 4888 1537 4960 μέχρι
1572 4886 1669 4941 νῦν
1706 4886 1851 4941 κατὰ
1880 4887 1983 4958 τὴν

390 4977 499 5049 γῆν
527 4977 770 5044 ἃπασαν,
809 4979 949 5032 ἀλλά
978 4979 1243 5052 κηρύττει
1266 4982 1401 5035 πᾶσι
1433 4979 1554 5035 καθ’
1578 4979 1819 5052 ἐκάστην
1846 4980 1981 5052 ήμέ-

394 5079 498 5136 ραν
525 5062 613 5117 διὰ
643 5061 755 5117 τῶν
781 5063 1151 5135 γραμμάτων,
1179 5064 1262 5118 ὅτι
1281 5066 1420 5136 ὅπερ
1458 5065 1623 5131 αὐτὸς
1658 5066 1719 5119 06
1752 5065 1982 5134 συνεῖδε,

391 5143 554 5199 τοῦτο
588 5147 616 5200 6
644 5146 914 5218 κηδεστὴς
962 5147 1193 5204 συνεῖδε.
1228 5147 1385 5212 Τίνος
1434 5144 1528 5204 οὖν
1588 5148 1776 5205 ἐνεκεν
1830 5148 1987 5204 τοῦτο

394 5228 637 5301 ἐποίησε,
665 5230 760 5284 καὶ
799 5232 988 5303 μνήμῃ
1018 5230 1306 5303 παρέδωκε
1336 5232 1397 5285 16
1424 5233 1796 5306 γεγενημένον
1821 5251 1835 5299 ;
1868 5235 1986 5289 Ἵνα

395 5314 544 5385 ἡμᾶς
572 5312 736 5384 πείσῃ
775 5313 1044 5385 μηδέποτε
1071 5316 1159 5385 ἐφ’
1190 5317 1407 5380 ἑαυτοῖς
1436 5318 1580 5389 μέγα
1616 5320 1856 5389 φρονεῖν,
1884 5318 1987 5372 κᾶν

396 5397 654 5452 ἀπάντων
685 5391 839 5468 ὦμεν
867 5398 1189 5471 σοφώτεροι,
1230 5398 1365 5472 μηδὲ
1407 5401 1697 5471 ἀτιμάζειν
1726 5401 1825 5466 τάς
1854 5402 1986 5474 παρ’

398 5480 603 5553 ἐτέρων
632 5481 985 5553 συμϐουλίας,
1016 5481 1119 5537 κᾶν
1142 5484 1397 5539 ἀπάντων
1425 5478 1559 5539 ὦσιν
1592 5486 1985 5559 εὐτελέστεροι.

398 5568 496 5620 Ἂν
534 5566 637 5637 μὲν
677 5565 790 5639 γάρ
816 5583 871 5620 τι
925 5567 1036 5622 τῶν
1062 5566 1294 5621 δεόντων
1328 5567 1709 5642 συμϐουλεύσῃ
1738 5588 1843 5635 τις,
1885 5571 1990 5626 κᾶν

396 5650 618 5723 οἰκέτης
637 5644 695 5724 ᾗ,
733 5648 885 5715 δέξαι
917 5650 1018 5723 τήν
1054 5651 1382 5723 παραίνεσιν
1403 5667 1418 5680 ’
1461 5652 1527 5707 ἂν
1557 5652 1613 5706 δέ
1654 5670 1707 5706 τι
1732 5653 1841 5707 τῶν
1874 5654 1991 5708 ὀλε-

398 5734 591 5805 θρίων.
617 5734 723 5789 κάν
754 5735 813 5787 ἐν
832 5733 1103 5806 ἀξιώματι
1126 5735 1372 5806 τυγχάνῃ
1404 5735 1665 5807 μεγίστῳ,
1696 5736 1990 5808 παράπεμ-

398 5821 494 5891 ψαι
518 5821 617 5895 τήν
636 5818 867 5892 γνώμην
890 5837 903 5851 ·
939 5822 1002 5875 06
1036 5819 1147 5892 γάρ
1176 5822 1244 5893 τῇ
1277 5821 1528 5892 ποιότητι
1550 5822 1659 5877 τῶν
1684 5823 1990 5894 προσώπων

1005 377 1091 430 DE
1131 367 1475 427 FERENDIS
1516 360 1949 419 REPREIIENS.
1982 359 2074 415 ET
2113 358 2199 414 DE
2240 356 2501 413 MUTAT.
2545 353 2888 413 NOMINUM.
2930 353 3022 408 Ill.

3539 360 3639 417 156

2051 477 2161 533 τῶν
2194 480 2697 551 συμϐουλευόντων,
2734 482 2850 536 ἀλλ’
2878 482 3017 554 αὐτῇ
3081 481 3181 553 τῆς
3237 476 3552 550 συμϐουλῆς
3577 480 3641 551 τῇ

2054 559 2213 630 φύσει
2243 564 2534 636 προσέχειν
2567 565 2648 617 δεῖ
2669 565 2971 637 πανταχοῦ.
3007 566 3187 636 Ὅπερ
3222 559 3314 617 οὖν
3348 562 3444 615 καὶ
3474 560 3639 614 Mm!)-

2057 643 2156 715 σῆς
2182 646 2428 717 ἐποίησε,
2456 647 2733 702 παιδεύων
2760 650 2911 720 ἡμᾶς
2941 647 3016 719 μὴ
3061 646 3323 721 ἐρυθριᾷν
3353 642 3645 715 ἐλεγχομέ-

2054 748 2199 795 νους,
2257 732 2362 785 κᾶν
2413 732 2709 804 ὁλόκληρος
2737 735 2872 804 ἡμῖν
2904 732 3080 803 δῆμος
3124 734 3292 804 παρῇ.
3339 727 3647 800 Ἐγκώμιον

2054 815 2163 886 γὰρ
2196 813 2354 868 10610
2378 816 2637 887 μέγιστον
2661 859 2674 883 ,
2717 818 2811 870 καὶ
2843 815 3065 880 ἔπαινος
3106 815 3206 886 οὐχ
3255 816 3283 867 6
3316 810 3516 883 τυχὼν,
3552 809 3648 865 καὶ

2056 899 2376 971 φιλοσοφίας
2403 900 2624 966 ἔπαινος
2652 904 2751 973 τῆς
2786 902 3069 963 ἀνωτάτω,
3114 901 3177 952 16
3207 898 3396 970 φέρειν
3426 896 3649 966 ἔλεγχον

2055 985 2339 1053 γενναίως.
2384 986 2498 1057 Ούχ
2529 985 2673 1040 οὕτω
2706 985 2817 1056 γὰρ
2845 984 2939 1038 τὸν
2981 981 3169 1055 Ἰοθὼρ
3198 979 3529 1050 ἐπαινοῦμεν
3554 978 3650 1031 καὶ

2057 1068 2412 1141 θαυμάζομεν
2462 1070 2578 1136 νῦν,
2641 1071 2723 1124 ὅτι
2774 1069 2867 1123 16v
2922 1068 3166 1125 Μωῦσέα
3213 1061 3651 1137 διώρθωσεν,ώς

2057 1151 2477 1225 ἐκπληττόμεθα
2535 1153 2628 1207 τὸν
2674 1153 2830 1223 ἆγιον
2862 1152 3094 1216 ἐκεῖνον,
3120 1151 3203 1204 ὅτι
3240 1148 3365 1203 οὕτε
3399 1142 3646 1219 ᾐσχύνθη

2056 1234 2439 1308 διορθούμενος
2464 1236 2737 1290 τοσούτων
2764 1235 3068 1308 παρόντων,
3096 1234 3194 1287 καὶ
3242 1233 3431 1304 μνήμη
3463 1228 3526 1282 τδ
3557 1242 3651 1295 γε’

2058 1319 2358 1392 γενημένον
2390 1320 2700 1391 παρέδωκε,
2741 1318 2831 1373 διὰ
2861 1319 3082 1373 πάντων
3109 1317 3210 1389 τὴν
3243 1313 3408 1369 αὑτοῦ
3437 1311 3652 1381 φιλοσο-

2062 1401 2188 1471 φίαν
2215 1401 2394 1467 δείξας
2412 1445 2427 1468 ,
2452 1402 2547 1456 καὶ
2572 1404 2652 1457 ὅτι
2685 1401 2824 1474 μετά
2847 1401 3053 1471 πολλῆς
3081 1400 3183 1471 τῆς
3215 1395 3526 1469 ὑπερϐολῆς
3551 1392 3652 1462 τὴν

2062 1486 2214 1557 παρὰ
2242 1485 2352 1541 τῶν
2389 1486 2598 1540 πολλῶν
2624 1485 2976 1558 κατεπάτησε
3006 1483 3187 1549 δόξαν.

2136 1613 2288 1688 [120]
2302 1615 2370 1685 γ’.
2400 1615 2564 1671 Ἀλλά
2580 1615 2691 1688 γὰρ
2715 1616 2858 1687 ὑπὲρ
2874 1614 3176 1688 προοιμίων
3199 1605 3652 1688 ἀπολογούμενοι,

2062 1686 2225 1752 πάλιν
2258 1686 2445 1769 μεῖζον
2477 1698 2539 1752 16
2587 1686 2875 1771 προοίμιον
2924 1686 3317 1767 πεποιήκαμεν
3346 1708 3360 1723 ο
3406 1688 3522 1744 ἀλλ’
3558 1686 3657 1771 οὐχ

2059 1782 2251 1846 ἁπλῶς
2265 1782 2386 1835 οὐδὲ
2410 1784 2552 1854 εἰκῆ,
2578 1770 2695 1837 ἀλλ’
2724 1782 2866 1855 ὑπὲρ
2893 1782 3005 1836 τῶν
3025 1780 3301 1853 μεγίστων
3319 1777 3448 1847 ὑμῖν
3482 1770 3658 1827 διαλε-

2061 1866 2284 1937 γόμενοι
2302 1866 2397 1919 καὶ
2418 1866 2894 1935 ἀναγκαιοτάτων,
2914 1865 3001 1919 ἵνα
3016 1863 3286 1934 γενναίως
3307 1857 3659 1929 ἐλεγχόμενοι

2064 1950 2342 2022 φέρωμεν,
2376 1952 2464 2004 ἵνα
2488 1950 2788 2023 προθύμως
2811 1949 3126 2021 ἐλέγχωμεν
3157 1947 3282 2009 τοὺς
3315 1941 3661 2016 ἁμαρτάνον-

2061 2052 2164 2099 τας
2185 2038 2282 2089 καὶ
2305 2035 2631 2108 διορθῶμεν.
2653 2036 2899 2107 Ἀνάγκη
2920 2036 2979 2089 δέ
3002 2034 3190 2088 λοιπὸν
3209 2024 3662 2108 ἀπολογήσασθαι

2066 2118 2206 2190 ὑπὲρ
2224 2120 2318 2175 106
2340 2107 2568 2192 μήκους,
2586 2120 2682 2175 καλ⁸
2702 2122 2877 2174 εἰπεῖν
2901 2119 3048 2182 τίνος
3062 2118 3250 2172 ἐνεκεν
3270 2113 3457 2187 μακρά
3479 2107 3664 2164 ποιοῦ-

2066 2221 2168 2273 μεν
2207 2204 2493 2276 προοίμια.
2531 2205 2692 2268 Τίνος
2720 2200 2813 2259 οὖν
2829 2203 3020 2257 ἐνεκεν
3032 2202 3191 2257 τοῦτο
3209 2198 3501 2267 ποιοῦμεν;
3523 2193 3663 2264 Πλή-

2064 2285 2148 2340 θει
2183 2286 2425 2358 τοσούτῳ
2456 2286 2843 2359 διαλεγόμεθα,
2872 2285 3184 2358 ἀνθρώποις
3211 2283 3479 2353 γυναῖκας
3507 2277 3663 2349 ἐχου-

2066 2390 2180 2437 σιν,
2208 2371 2389 2435 οἰκίας
2428 2371 2862 2447 προεστηκόσιν,
2914 2373 2974 2425 ἐν
3016 2368 3253 2441 ἐργασίᾳ
3310 2360 3661 2447 καθημερινῇ

2064 2454 2253 2520 ζῶσιν,
2290 2456 2351 2508 ἐν
2387 2445 2663 2525 βιωτικοῖς
2698 2455 3014 2526 πράγμασι.
3073 2450 3180 2506 Καὶ
3210 2450 3271 2504 ού
3306 2448 3467 2503 τοῦτο
3503 2445 3664 2517 μόνον

2064 2540 2183 2593 ἐστὶ
2204 2538 2266 2593 16
2298 2537 2594 2609 δυσχερὲς,
2647 2538 2730 2591 ὅτι
2781 2536 3047 2607 διηνεκῶς
3082 2538 3221 2590 εἰσιν
3277 2528 3662 2604 ἡσχολημένοι,

2065 2623 2180 2677 ἀλλ’
2197 2624 2280 2677 ὅτι
2298 2626 2393 2677 καὶ
2408 2621 2558 2691 ἅπαξ
2577 2623 2678 2694 τῆς
2697 2623 2995 2695 ἑϐδομάδος
3017 2624 3216 2686 αὐτοὺς
3250 2619 3488 2675 ἐνταῦθα
3522 2616 3667 2686 λαμ-

2065 2706 2320 2778 ϐάνομεν.
2354 2706 2522 2760 Βουλό
2529 2724 2682 2778 μενοι
2701 2707 2884 2761 τοίνυν
2900 2708 2958 2761 εύ
2969 2706 3210 2761 σύνοπτα
3227 2700 3666 2764 κατασκευάζειν

2064 2791 2248 2854 αὐτοῖς
2281 2790 2351 2844 τὰ
2381 2790 2675 2861 λεγόμενα,
2709 2790 2801 2844 6:6
2839 2790 2950 2845 τῶν
2984 2789 3289 2860 προοιμίων
3317 2783 3666 2858 σαφεστέραν

2066 2874 2293 2945 ποιῆσαι
2327 2874 2428 2946 τὴν
2484 2872 2833 2929 διδασκαλίαν
2864 2874 3264 2945 σπουδάζομεν.
3322 2871 3381 2925 Ὀ
3420 2868 3521 2942 μέν
3557 2867 3666 2941 γάρ

2072 2959 2238 3032 μηδὲν
2267 2957 2430 3031 ἔργον
2462 2958 2622 3029 έχων,
2655 2958 2773 3012 ἀλλ’
2812 2959 2900 3012 ἀεὶ
2932 2961 3054 3022 ταῖς
3094 2958 3343 3030 Γραφαῖς
3378 2952 3668 3027 προσηλω-

2070 3042 2261 3114 μένος,
2298 3043 2359 3097 06
2402 3042 2582 3097 δέεται
2614 3043 2941 3115 προοιμίων,
2973 3043 3035 3096 06
3079 3041 3251 3095 δεῖται
3297 3038 3667 3109 κατασκευῆς,

2067 3127 2184 3183 ἀλλ’
2226 3126 2469 3191 ἀκούσας
2502 3127 2709 3192 εύθέως
2741 3126 2838 3180 τοῦ
2889 3126 3174 3195 λέγοντος,
3201 3125 3419 3195 δέχεται
3447 3122 3558 3177 τῶν
3584 3121 3672 3174 λε-

2068 3210 2320 3282 γομένων
2355 3211 2456 3282 τὴν
2489 3210 2731 3265 διάνοιαν
2755 3228 2767 3242 ·
2807 3209 3099 3282 ἄνθρωπος
3125 3209 3182 3264 66
3218 3208 3312 3262 τὸν
3354 3208 3455 3279 μέν
3498 3204 3671 3261 πλείω

2069 3296 2264 3367 χρόνον
2297 3295 2588 3367 πράγμασι
2612 3294 2891 3366 βιωτικοῖς
2916 3293 3364 3367 προσδεδεμένος,
3397 3290 3579 3361 ὀλίγον
3604 3289 3667 3345 δέ

2070 3381 2164 3435 καὶ
2206 3380 2381 3453 βραχὺ
2411 3379 2649 3436 ἐνταῦθα
2697 3377 3184 3450 παραγενόμενος,
3228 3376 3295 3431 ἂν
3353 3375 3428 3447 μὴ
3482 3392 3672 3447 προοι-

2076 3466 2215 3537 μίων
2241 3466 2452 3538 ἀκούσῃ
2479 3466 2571 3519 καὶ⁸
2596 3464 2939 3535 κατασκευῆς
2973 3463 3241 3528 πλείονος,
3267 3461 3363 3515 καί⁵
3401 3460 3673 3531 πανταχόο

2074 3549 2167 3605 θεν
2197 3550 2282 3622 ἴδῃ
2315 3548 2812 3621 προοδοποιηθέντα
2835 3545 2987 3617 αὐτῷ
3008 3546 3099 3600 τὸν
3137 3544 3318 3615 λόγον,
3352 3544 3508 3599 οὐδὲν
3536 3560 3672 3612 κερ-

2072 3632 2235 3697 δάνας
2262 3634 2586 3705 ἀπέρχεται.
2612 3633 2688 3686 Οὐ
2708 3632 2871 3686 10610
2895 3631 2953 3685 66
2981 3630 3142 3700 μόνον
3170 3632 3301 3701 ήμῖν
3322 3630 3471 3683 ἐστιν
3497 3626 3672 3681 αῐτιον

2072 3715 2168 3771 106
2187 3718 2393 3789 μήκους
2413 3716 2525 3770 τῶν
2546 3715 2871 3788 προοιμίων,
2898 3714 3036 3768 άλλά
3068 3715 3162 3768 καὶ
3178 3715 3366 3785 ἓτερον
3392 3715 3494 3767 οὐκ
3515 3713 3672 3768 ἔλατ·

2072 3818 2164 3855 τον
2191 3801 2402 3855 τούτου.
2447 3799 2570 3854 Τῶν
2608 3802 2717 3871 γάρ
2747 3798 2960 3853 πολλῶν
2988 3797 3196 3852 τούτων
3232 3800 3280 3852 οἰ
3307 3799 3407 3869 μὲν
3431 3799 3672 3869 παραγίο

2074 3901 2293 3949 νονται,
2336 3886 2386 3937 οἰ
2432 3883 2488 3937 δέ
2523 3884 2584 3937 06
2630 3882 3032 3955 παραγίνονται
3079 3881 3363 3945 πολλάκις.
3428 3881 3670 3953 Ἀνάγκη

2074 3969 2256 4023 τοίνυν
2281 3968 2409 4031 τοὺς
2447 3968 2544 4039 μὲν
2574 3966 3053 4038 παραγενομένους
3103 3965 3426 4029 ἐπαινέσαι,
3456 3967 3584 4031 τοὺς
3614 3965 3673 4019 δὲ

2079 4053 2154 4124 μὴ
2183 4051 2666 4125 παραγενομένους
2701 4050 3044 4123 μέμψασθαι,
3079 4049 3166 4104 ἵνα
3198 4052 3396 4105 ἐκεῖνοι
3434 4052 3532 4122 μὲν
3562 4053 3677 4116 τοῖς

2076 4136 2322 4201 ἐπαίνοις
2358 4136 2767 4208 σπουδαιότεροι
2816 4134 3083 4204 γένωνται
3112 4174 3127 4198 ,
3166 4126 3316 4188 οὗτοι
3358 4134 3416 4189 66
3445 4133 3535 4189 6:6
3565 4133 3679 4189 τῶν

2077 4220 2445 4293 ἐγκλημάτων
2498 4220 2600 4293 τήν
2652 4220 2930 4292 ρᾳθυμίαν
2972 4218 3311 4274 ἀποθῶνται.
3370 4219 3531 4273 Ἔστι
3578 4221 3680 4274 καὶ

2078 4307 2242 4378 ἑτέρα
2273 4306 2431 4378 χρεία
2465 4305 2771 4378 προοιμίων
2807 4305 2961 4375 ύμῖν.
3012 4302 3359 4366 ’Υποθέσεως
3385 4303 3675 4375 ἁπτόμεθα

2082 4392 2429 4463 μακροτέρας
2481 4387 2765 4453 πολλάκις,
2796 4389 2863 4459 ἣν
2906 4387 2968 4440 06
3002 4386 3229 4441 δυνατὸν
3258 4388 3317 4439 ἐν
3354 4386 3539 4459 ἡμέρᾳ
3577 4389 3681 4460 μιᾷ

2079 4475 2217 4547 πρὸς
2253 4475 2408 4537 τέλος
2451 4474 2706 4542 ἀγαγεῖν,
2759 4470 2896 4526 ἀλλά
2948 4471 3045 4525 καὶ
3094 4470 3357 4541 δευτέρας
3401 4472 3495 4526 καὶ
3550 4472 3675 4543 τρι..

2078 4576 2181 4632 της
2214 4559 2310 4613 καὶ
2336 4557 2606 4630 τετάρτης
2636 4557 2769 4627 ἡμῖν
2809 4553 2959 4608 ἐστιν
3000 4555 3091 4608 ὅτε
3120 4554 3436 4627 ἐξηγήσεως
3467 4556 3548 4622 είς
3579 4556 3677 4628 τὴν

2080 4641 2251 4714 αὐτὴν
2311 4640 2503 4710 ἐδέησε
2559 4638 2969 4711 πραγματείαν.
3041 4638 3286 4712 ’Λνάγκη
3344 4640 3528 4695 τοίνυν
3584 4641 3680 4694 καὶ

2080 4726 2255 4799 ταύτῃ
2277 4727 2345 4798 τῇ
2380 4723 2612 4796 δευτέρᾳ
2642 4723 2829 4796 ἡμέρᾳ
2844 4722 2914 4777 τά
2938 4723 3071 4796 τέλη
3093 4724 3196 4796 τῆς
3231 4724 3508 4797 προτέρας
3535 4725 3687 4780 6:66-

2084 4809 2315 4873 σκαλίας
2357 4807 2671 4875 ἀναλαϐεῖν,
2708 4807 2777 4861 ἵν’
2808 4810 2985 4871 οὕτως
3038 4806 3309 4879 ἀρμοσθέν
3338 4810 3406 4880 τῇ
3442 4809 3589 4881 ἀρχῇ
3618 4810 3682 4863 16

2081 4895 2256 4958 τέλος,
2290 4891 2627 4965 σαφεστέραν
2677 4892 2801 4964 ποιῇ
2833 4893 2948 4955 τοῖς
2983 4891 3221 4964 παροῦσι
3255 4892 3355 4964 τὴν
3393 4892 3679 4966 ἐξήγησιν,

2083 4978 2178 5034 καὶ
2212 4977 2286 5050 μὴ
2313 4978 2412 5049 τῆς
2437 4974 2759 5039 ἀκολουθίας
2783 4976 3177 5047 ἀπηρτημένος
3215 4978 3243 5030 6
3281 4976 3440 5046 λόγος
3479 4979 3683 5050 ἀφανέ-

2087 5078 2277 5134 στερος
2393 5061 2507 5123 τοῖς
2540 5060 2863 5131 ἀκροαταῖς.
2905 5060 3015 5113 Καὶ
3044 5059 3132 5114 ἶνα
3186 5060 3366 5134 μάθῃς
3395 5062 3477 5114 ὅτι
3511 5062 3682 5135 χωρὶς

2086 5145 2389 5219 προοιμίων
2410 5143 2767 5215 εἰσαγόμενος
2797 5142 2956 5212 λόγος
2983 5142 3164 5197 οὐδενὶ
3195 5142 3472 5217 γνώριμος
3500 5144 3677 5207 ἔσται,

2090 5230 2201 5285 ἰδοὺ
2241 5228 2412 5301 χωρίς
2440 5227 2744 5299 προοιμίων
2770 5226 2937 5281 αὑτὸν
2963 5227 3172 5297 εἰσάγω
3202 5226 3300 5282 νῦν
3332 5228 3531 5299 πείρας
3563 5226 3679 5280 ἐνε-

2087 5332 2205 5371 κεν.
2256 5311 2598 5383 Ἐμϐλέψας
2648 5309 2717 5365 δὲ
2757 5309 2919 5377 αὑτῷ
2962 5313 2995 5365 ό
3033 5311 3266 5381 Ἰησοῦς
3307 5306 3439 5365 εἷπε
3460 5352 3474 5375 ,
3510 5310 3595 5365 Σὺ
3627 5306 3685 5366 εἷ

2089 5399 2287 5469 Σίμων
2316 5396 2449 5464 υίὸς
2497 5394 2678 5462 Ἰωνᾶ,
2714 5396 2799 5450 σὺ
2844 5395 3126 5466 κληθήσῃ
3156 5392 3398 5464 Κηφᾶς,
3425 5393 3457 5447 ὃ
3502 5394 3683 5467 ἑρμη-

2088 5483 2325 5539 νεύεται
2354 5481 2599 5551 Πέτρος.
2642 5482 2861 5553 Ὁρᾶτε,
2896 5481 2973 5553 μὴ
3003 5479 3215 5534 συνίετε
3254 5478 3317 5532 16
3345 5478 3576 5552 λεχθέν;
3606 5480 3682 5552 μὴ

2090 5567 2207 5621 ίστε
2236 5567 2335 5639 τήν
2376 5565 2719 5633 ἀκολουθίαν,
2764 5566 2910 5631 τίνος
2954 5564 3143 5619 ἕνεκεν
3192 5563 3448 5636 εῖρηται;
3493 5564 3685 5636 ἐπειδὴ

2090 5654 2263 5727 χωρὶς
2294 5654 2581 5725 προοιμίου
2615 5653 2748 5708 αὐτὸ
2795 5654 3114 5724 εἰσήγαγον,
3159 5651 3360 5706 ταύτὸν
3402 5654 3641 5724 ποιήσας
3667 5694 3683 5719 ,

2091 5738 2282 5809 ῶσπερ
2309 5738 2375 5790 ἂν
2412 5738 2465 5791 εί
2501 5754 2587 5801 τις
2620 5735 2909 5808 ἄνθρωπον
2948 5734 3217 5791 πάντοθεν
3260 5735 3574 5809 περιϐαλὼν
3605 5738 3687 5802 εἰς

2095 5822 2153 5876 16
2193 5823 2414 5896 θέατρον
2440 5820 2744 5890 εἰσαγάγοι.
2771 5820 2910 5895 Φέρε
2939 5815 3059 5886 οὖν,
3093 5820 3261 5876 αὐτὸν
3296 5819 3485 5877 λοιπὸν
3514 5822 3690 5878 ἐκκα·
