4086 6450
400 367 501 425 {57

395 491 544 541 emt,
577 481 792 550 quando
816 481 883 537 de
923 483 1227 539 nominibus
1252 482 1681 547 disserebamus,
1712 482 1991 554 quzrreba-

395 556 620 643 mtgque
655 590 751 627 cur
792 574 1079 645 aliquando
1118 575 1352 639 Saulus,
1405 584 1586 643 postea
1629 589 1760 628 vero
1800 574 1993 629 Paulus

400 674 621 719 vocatus
651 663 830 719 fuerit.
863 664 991 720 Inde
1030 680 1157 719 vero
1191 665 1415 735 digressi
1448 680 1631 720 sumus
1661 664 1728 720 ad
1759 675 1991 719 veterem

402 754 692 820 historiam,
713 773 1006 827 omnesque
1024 759 1110 828 qui
1132 758 1448 829 cognomina
1468 758 1763 813 habuerant
1780 760 1990 814 exami-

396 848 658 901 navitnus.
713 848 915 903 Deinde
953 849 1225 904 Simonem
1257 851 1828 916 con'nnemoravimus,
1861 867 1989 907 nec-

393 953 501 991 non
529 937 799 993 Christum
832 939 930 1009 ipsi
959 939 1249 1007 dicentem,
1283 939 1358 994 Tu
1383 957 1434 995 es
1457 940 1639 997 Simon
1662 942 1802 1009 ﬁlius
1829 941 1986 1007 Jona,

392 1036 446 1081 tu
491 1031 747 1084 vol-aberis
794 1030 1015 1099 Cap/tas,
1057 1031 1193 1101 quod
1236 1040 1307 1085 est
1350 1032 1730 1102 interpretatum
1780 1032 1986 1090 Petrus.

355 1117 368 1129 '
400 1119 587 1174 Viden’
615 1136 721 1191 quo
749 1130 905 1190 pacto
932 1121 983 1176 id
1014 1121 1154 1191 quod
1185 1121 1498 1177 dilﬁcultate
1522 1123 1736 1192 plenum
1767 1123 1986 1179 videba-

390 1221 500 1281 tur,
522 1227 663 1267 nune
683 1214 857 1268 notius
873 1213 1137 1268 evaserit?
1153 1213 1611 1281 Quemadmodum
1629 1214 1771 1269 enim
1793 1229 1988 1285 corpus

389 1306 563 1373 capite
582 1346 598 1372 ,
635 1305 794 1361 arbor
819 1306 1030 1374 radice,
1069 1317 1123 1361 et
1149 1306 1345 1362 ﬁumen
1389 1307 1535 1363 fuiite
1564 1307 1797 1378 indiget,
1826 1308 1903 1363 sic
1928 1318 1985 1364 et

388 1400 564 1451 oratio
592 1397 871 1466 prooemio.
903 1398 1083 1468 Itaque
1104 1414 1225 1454 cum
1256 1414 1350 1454 vos
1382 1399 1432 1454 in
1472 1400 1568 1455 via:
1612 1401 1820 1455 initium
1851 1415 1984 1455 con-

390 1487 756 1551 stituerimus,
803 1498 856 1543 et
900 1490 1338 1559 consequentiam
1396 1491 1826 1560 ostenderimus,
1871 1492 1981 1563 ja'n

391 1581 629 1635 historiae
657 1582 973 1652 prooemium
1002 1591 1302 1654 tangamus.

462 1672 566 1727 Cur
594 1672 764 1728 Paulo
794 1691 977 1730 nomen
1007 1677 1068 1729 sit
1100 1686 1366 1730 mutatum.
1409 1676 1513 1731 Cur
1542 1696 1642 1733 non
1670 1680 1839 1734 statim
1871 1690 1983 1751 post

388 1767 760 1822 conuersionem
784 1778 1032 1822 mutatum
1054 1770 1100 1824 ei
1127 1786 1310 1824 nomen
1330 1773 1504 1841 fuerit.
1517 1802 1587 1811 —
1605 1770 1798 1828 Saulus
1817 1783 1984 1827 autent

385 1861 556 1914 adhuc
584 1862 788 1931 spirans
814 1862 1066 1916 minarum
1091 1872 1137 1917 et
1163 1864 1314 1918 «erlis
1349 1864 1401 1917 in
1445 1864 1722 1935 discipulos
1772 1861 1983 1918 Domini

387 1952 528 2027 (Art.
563 1954 619 2010 9.
662 1954 736 2027 l).
768 1955 821 2009 lu
839 1938 1094 2025 Epistolis
1126 1955 1319 2012 Paulus
1350 1965 1604 2012 vocatur:
1627 1972 1725 2012 cur
1751 1972 1882 2028 ergo
1906 1958 1978 2013 illi

387 2063 582 2104 nomen
609 2050 833 2104 mutavit
858 2047 1091 2119 Spiritus
1116 2049 1367 2105 sanctus?
1393 2048 1853 2118 Quemadmodum
1882 2049 1981 2106 be-

384 2157 500 2208 rus,
541 2150 720 2211 empto
741 2156 933 2206 servo,
964 2148 1022 2196 ut
1050 2140 1124 2196 illi
1155 2141 1378 2197 herilem
1407 2150 1723 2212 potestatem
1749 2143 1979 2212 indicet,

382 2234 501 2301 ejus
525 2249 720 2289 nomen
753 2243 923 2288 mutat
950 2252 962 2289 :
990 2234 1058 2289 ita
1083 2242 1138 2289 et
1167 2233 1397 2304 Spiritus
1429 2244 1648 2292 sanctus
1679 2245 1805 2293 tunc
1831 2236 1976 2292 fecit.

382 2325 463 2380 Ex
488 2325 798 2395 captivitate
832 2341 1065 2397 namque
1091 2325 1314 2381 Paulum
1353 2336 1667 2396 acceperat,
1710 2336 1767 2383 et
1809 2344 1981 2398 nuper

382 2418 474 2473 ille
509 2428 624 2472 erat
666 2418 756 2472 tali
804 2416 1042 2472 dominio
1089 2417 1378 2489 subjectus.
1437 2418 1561 2474 ldeo
1610 2419 1727 2489 ejus
1781 2437 1976 2475 nomen

382 2510 648 2574 mutavit,
692 2521 749 2564 ut
782 2509 906 2565 inde
948 2510 1036 2566 ille
1059 2509 1351 2565 dominium
1380 2511 1661 2567 edisceret.
1689 2511 1976 2568 Nominum

379 2602 577 2673 quippe
620 2602 890 2673 itnpositio
918 2600 1139 2657 dominii
1169 2612 1251 2657 est
1279 2612 1654 2673 argumentum
1678 2604 1851 2674 :quod
1886 2619 1980 2674 pa-

381 2693 487 2747 lam
515 2702 598 2747 est
644 2708 709 2749 ex
754 2693 822 2748 iis
850 2708 969 2762 qua:
1013 2693 1251 2764 quotidie
1294 2701 1594 2765 geruntur,
1640 2694 1977 2751 manifestius

378 2794 558 2839 autem
589 2784 692 2839 erit
732 2799 798 2838 ex
839 2785 942 2847 iis,
982 2799 1102 2854 qua:
1132 2784 1184 2839 in
1225 2783 1430 2839 Adaino
1475 2785 1598 2840 fecit
1640 2785 1799 2841 Deus.
1840 2784 1974 2841 Cum

375 2875 539 2930 vellet
582 2874 723 2931 enim
766 2876 912 2930 illum
953 2874 1185 2938 docere,
1235 2876 1375 2946 quod
1407 2876 1520 2946 ipse
1561 2889 1705 2932 esset
1732 2878 1974 2933 omnium

378 2966 626 3037 princeps
653 2975 709 3022 et
748 2967 1033 3033 dominus,
1065 2965 1290 3022 adduxit
1322 2966 1388 3021 ad
1417 2983 1540 3022 eum
1566 2969 1743 3024 omnia
1769 2969 1974 3024 anima-

377 3058 477 3124 lia,
513 3056 580 3114 Ut
602 3058 790 3112 videret
815 3058 936 3129 quid
964 3068 1160 3113 vocaret
1189 3075 1248 3112 ea
1271 3056 1421 3130 (Gen.
1448 3059 1505 3114 2.
1539 3060 1652 3127 l9),
1683 3060 1974 3118 ostendens

379 3152 654 3206 nominum
686 3152 1084 3222 impositionem
1114 3152 1410 3207 dominium
1447 3154 1788 3212 conﬁrmare.
1818 3155 1971 3224 Quod

373 3243 417 3295 si
448 3243 625 3298 velitis
644 3244 713 3298 ita
743 3258 957 3314 quoque
983 3245 1122 3314 apud
1150 3244 1397 3299 homines
1422 3245 1620 3301 factum
1648 3246 1812 3303 fuisse
1838 3263 1970 3304 con-

374 3333 615 3402 spicere,
647 3334 980 3405 discereque,
1011 3336 1062 3389 in
1091 3350 1242 3391 more
1271 3336 1397 3391 olim
1429 3337 1741 3410 plerumque
1768 3338 1970 3408 fuisse,

376 3434 437 3479 ut
467 3425 638 3481 servis
679 3426 732 3481 in
764 3426 1127 3497 captivitatem
1160 3426 1404 3483 abductis
1440 3429 1654 3485 nomina
1694 3440 1968 3485 mutaren-

374 3527 497 3584 tur,
525 3517 705 3573 audite
729 3518 854 3589 quid
882 3517 1067 3574 fecerit
1094 3535 1189 3574 rex
1221 3519 1656 3590 Babyloniorum.
1685 3521 1817 3577 Nam
1845 3538 1967 3578 cum

373 3609 672 3679 accepisset
713 3625 777 3664 ex
822 3610 1129 3679 captivitate
1159 3611 1459 3678 Ananiam,
1509 3614 1757 3668 Azariam
1784 3622 1841 3670 et
1868 3613 1966 3667 lili-

371 3701 573 3757 saelem
597 3744 614 3770 ,
656 3717 762 3757 non
790 3702 1007 3773 reliquit
1035 3704 1115 3758 eis
1142 3703 1321 3773 priora
1353 3704 1570 3758 nomina
1590 3746 1606 3771 ,
1634 3704 1732 3760 sed
1757 3704 1968 3759 vocavit

367 3808 488 3858 eos,
504 3793 722 3862 Sedrac,
736 3794 898 3849 Misac
913 3804 965 3850 ct
981 3795 1269 3865 Abdenago
1283 3794 1511 3866 (Daniel.
1533 3797 1584 3851 l.
1604 3796 1656 3850 6.
1675 3795 1750 3869 7).
1769 3796 1965 3852 Verum

367 3900 614 3957 quamam
628 3900 783 3940 causa
798 3884 1002 3941 fuitcur
1018 3901 1122 3940 non
1139 3886 1318 3941 statim
1337 3886 1479 3942 Sauli
1499 3901 1692 3942 nomen
1712 3895 1937 3941 mutaret
1949 3927 1963 3952 ,

366 3978 466 4033 scd
495 3986 615 4049 post
642 3978 866 4034 multum
891 3979 1184 4049 temporis?
1207 3979 1341 4047 Quia
1375 3981 1419 4033 si
1454 3981 1634 4034 statim
1664 3989 1787 4049 post
1816 3979 1966 4034 Pauli

367 4070 779 4125 conversionem
807 4070 973 4141 ipsius
1000 4084 1194 4125 nomen
1218 4078 1495 4136 mutasset,
1518 4072 1799 4127 conversio
1817 4071 1967 4127 Pauli

369 4160 437 4215 ad
471 4160 630 4215 ﬁdem
677 4177 784 4216 non
819 4160 1005 4217 luisset
1044 4160 1347 4217 manifesta.
1399 4161 1597 4218 Verum
1630 4162 1772 4234 quod
1804 4164 1858 4218 in
1890 4166 1966 4219 la-

369 4252 531 4307 mulis
573 4267 671 4307 usu
720 4255 903 4309 venire
948 4253 1131 4322 solet,
1173 4253 1263 4324 qui
1305 4254 1350 4308 si
1397 4257 1575 4310 statim
1622 4263 1742 4325 post
1788 4255 1965 4326 fugam

368 4343 584 4398 nomina
628 4352 865 4412 mutent,
907 4345 1103 4400 occulti
1151 4354 1401 4412 manent,
1447 4344 1678 4416 idipsum
1712 4346 1764 4401 iu
1802 4345 1966 4401 l’aulo

368 4435 708 4505 contigisset;
738 4435 782 4490 si
814 4450 939 4491 mox
962 4477 979 4504 ,
1011 4445 1070 4491 ut
1097 4436 1300 4491 relictis
1328 4436 1528 4492 ludatis
1558 4437 1625 4493 ad
1658 4452 1759 4493 nos
1789 4439 1963 4505 venit,

367 4541 569 4581 nomen
598 4528 948 4596 mutavisset,
990 4542 1150 4584 nemo
1192 4529 1438 4584 scivisset
1479 4544 1602 4584 eum
1649 4530 1738 4599 qui
1786 4546 1967 4601 perse-

367 4626 567 4688 quutor
594 4628 732 4686 erat,
763 4633 885 4675 esse
911 4620 1291 4690 evangelistam
1312 4662 1328 4687 ,
1360 4628 1414 4674 et
1439 4620 1738 4690 apostolum
1766 4620 1964 4676 factum

366 4724 507 4765 esse.
542 4710 676 4765 lllud
701 4711 844 4766 enim
874 4710 1089 4768 Judteos
1118 4710 1435 4778 cohibebat,
1479 4711 1620 4782 quod
1659 4728 1817 4782 quem
1863 4712 1964 4767 do-

365 4814 572 4856 ctorem
605 4817 770 4872 penes
797 4819 857 4858 sc
884 4801 1220 4870 habuerant,
1251 4813 1376 4859 tunc
1406 4802 1770 4859 adversarium
1801 4819 1965 4873 expe-

367 4895 624 4949 rirentur.
666 4893 745 4949 Ne
781 4896 960 4964 itaque
989 4895 1164 4951 subita
1195 4895 1428 4950 nominis
1455 4896 1681 4949 mutatio
1707 4897 1963 4966 propositi

366 4985 721 5041 imitationem
767 4986 1076 5057 obtegeret,
1129 4987 1298 5042 multo
1350 4985 1501 5043 illum
1553 4996 1795 5058 tempore
1843 5003 1964 5042 cum

368 5078 535 5149 priori
559 5077 774 5133 nomine
795 5078 1412 5150 reliquitzutpostquam
1438 5094 1628 5135 omnes
1653 5079 1967 5136 didicissent

366 5186 489 5225 eum
515 5169 685 5240 ipsum
716 5184 855 5238 esse,
887 5170 976 5240 qui
1010 5170 1303 5226 Ecclesiam
1332 5180 1488 5226 antea
1520 5172 1963 5244 persequebatur,

369 5272 497 5319 tunc
546 5279 604 5319 re
644 5263 893 5319 omnibus
931 5271 1240 5333 comperta,
1289 5278 1485 5318 nomen
1532 5274 1849 5321 mutaretur.
1902 5266 1968 5321 Et

367 5356 508 5428 quod
540 5357 653 5427 ipsa
686 5371 810 5411 vera
838 5356 907 5411 sit
934 5370 1126 5419 causa.
1154 5354 1278 5410 audi
1305 5354 1479 5424 ipsum
1510 5355 1811 5411 dicentem:
1841 5354 1967 5411 Veni

366 5450 419 5503 in
460 5459 628 5520 partes
666 5448 837 5519 Syria:
861 5458 906 5504 et
934 5446 1125 5503 Cilicia:
1148 5462 1421 5516 :eramque
1451 5448 1655 5517 ignotus
1695 5447 1831 5518 {acie
1861 5447 1964 5501 Ec-

367 5542 532 5597 rlesiis
560 5539 796 5607 Juda'az,
834 5556 948 5611 qua:
985 5540 1040 5594 in
1084 5537 1366 5595 Palestina
1409 5549 1527 5594 sunt
1591 5539 1733 5614 (Gal.
1769 5540 1816 5594 l.
1844 5540 1961 5612 2|).

367 5634 517 5703 Quod
548 5634 592 5689 si
626 5632 882 5688 Ecclesiis
927 5630 1262 5699 Palmsliuaz,
1313 5631 1401 5686 ubi
1446 5631 1707 5702 degebat,
1753 5631 1965 5702 ignotus

365 5742 504 5797 erat,
532 5731 702 5785 multo
725 5729 893 5799 magis
916 5729 1057 5784 aliis.
1091 5726 1268 5794 Eram,
1303 5728 1506 5798 inquit,
1553 5729 1754 5797 ignotas
1795 5728 1963 5799 facie,

367 5837 420 5882 at
447 5844 552 5882 non
583 5824 820 5882 nomine.
850 5823 1026 5892 Quare
1053 5821 1265 5894 ignotus
1289 5829 1401 5877 erat
1429 5820 1597 5876 facie?
1624 5818 1793 5876 Nemo
1818 5821 1960 5876 enim

1036 367 1123 424 DE
1164 366 1504 425 FERENDIS
1540 367 1975 427 REPREHENS.
2018 368 2105 425 ET
2146 369 2234 425 DE
2276 371 2536 430 MU'I‘AT.
2577 372 2912 438 NOMINUM.
2959 382 3045 440 Nl.

3596 394 3697 451 138

2103 499 2169 537 ex
2216 485 2459 543 ﬁdelibus
2488 490 2571 545 vel
2614 494 2883 562 reSpiecre
2921 496 3096 567 ipsum
3138 501 3404 568 audebat.
3447 520 3568 562 cum
3597 528 3697 567 nos

2099 590 2639 646 oppugnaret:tanta
2681 585 2862 652 caule,
2912 597 3062 645 tanto
3097 591 3277 650 lurore
3322 597 3513 665 plenus
3558 613 3693 658 erat.

2098 666 2459 734 Quamobrem
2513 688 2702 731 omnes
2750 678 3094 748 resiliebant,
3149 699 3341 742 omnes
3381 687 3694 760 fugiebant,

2097 760 2266 816 sicubi
2296 763 2673 823 adventantem
2710 769 2970 840 viderent,
3004 790 3178 847 neque
3207 779 3379 850 ipsum
3409 785 3493 838 vel
3519 789 3695 855 respi-

2095 863 2221 906 cere
2265 853 2536 909 audebaut
2568 875 2584 912 :
2617 859 2688 913 ita
2737 876 2933 932 nempe
2975 863 3231 923 eﬁ‘eratus
3273 880 3459 927 contra
3510 853 3696 933 ﬁdeles

2098 950 2244 1006 erat;
2280 943 2328 998 id
2360 961 2522 1001 unum
2552 949 2836 1007 audiebant
2856 994 2871 1017 ,
2900 969 3024 1011 eum
3051 959 3140 1028 qui
3167 960 3294 1015 olim
3325 968 3469 1032 ipsos
3507 982 3694 1036 perse-

2096 1034 2379 1102 qucbatur,
2412 1054 2553 1096 nunc
2583 1042 2874 1110 priedieare
2900 1044 3083 1116 ﬁdem,
3106 1066 3264 1120 quam
3293 1054 3418 1110 oliui
3447 1034 3697 1116 devasta-

2094 1120 2205 1216 bat.
2236 1124 2500 1192 Quoniam
2549 1130 2710 1201 igitur
2751 1134 2820 1189 de
2859 1135 2994 1193 facie
3032 1139 3204 1209 ipsum
3245 1158 3350 1199 non
3399 1161 3690 1216 noverant,

2094 1214 2189 1267 sed
2215 1230 2281 1270 ex
2308 1217 2492 1273 auditu
2522 1229 2759 1291 tantum,
2790 1226 2833 1280 si
2864 1242 3059 1284 nomen
3089 1232 3268 1288 statim
3297 1245 3586 1309 mutasset,
3622 1214 3692 1299 ne

2092 1306 2127 1362 ii
2155 1310 2388 1379 quidem,
2415 1314 2504 1383 qui
2531 1317 2837 1380 audierant.
2860 1325 3231 1392 cognovissent
3255 1344 3402 1398 eum,
3422 1333 3510 1402 qui
3529 1306 3689 1390 ﬁdem

2092 1402 2530 1471 persequebatur,
2562 1422 2702 1464 nunc
2723 1412 3054 1482 evangelium
3080 1417 3389 1485 pra-dicare.
3424 1421 3689 1490 Quoniam

2089 1491 2232 1546 enim
2265 1494 2411 1564 prius
2442 1509 2701 1555 noverant
2728 1500 2901 1572 ipsum
2927 1506 3107 1561 vocari
3137 1506 3354 1565 Saulum
3380 1554 3396 1578 ,
3432 1515 3480 1568 si
3503 1517 3685 1572 statim

2090 1593 2297 1642 'nutato
2340 1590 2561 1646 nomine
2608 1592 2806 1649 Paulus
2847 1594 3023 1652 dictus
3057 1598 3279 1669 fuisset,
3322 1604 3520 1662 deinde
3561 1625 3692 1667 vero

2087 1675 2303 1745 quidam
2333 1679 2461 1750 ipsis
2485 1685 2870 1755 renuntiasset,
2901 1689 3123 1745 Paulum
3151 1694 3239 1764 qui
3272 1687 3701 1769 persequebatur

2090 1768 2426 1841 Ecclesiam,
2471 1774 2583 1845 jam
2632 1780 2966 1849 evangelium
2999 1784 3322 1855 prtedicare,
3352 1768 3690 1860 ignorassent

2087 1876 2156 1916 an
2185 1862 2325 1919 idem
2359 1864 2474 1935 ipse
2504 1878 2682 1935 esset,
2714 1871 2836 1941 quia
2868 1871 2958 1928 ille
2986 1888 3091 1929 non
3123 1875 3347 1945 Paulus,
3373 1882 3467 1936 scd
3495 1883 3689 1943 Saulus

2089 1953 2397 2043 vocabatur.
2433 1955 2559 2012 ldco
2587 1959 2732 2014 illum
2762 1962 2930 2016 multo
2961 1970 3202 2035 tempore
3230 1983 3351 2023 cum
3394 1971 3556 2042 priori
3589 1990 3689 2030 uo-

2087 2044 2232 2102 niine
2259 2047 2491 2118 reliquit,
2519 2059 2574 2105 ut
2601 2052 2849 2109 omnibus
2873 2066 3019 2113 esset
3040 2058 3287 2117 ﬁdelibus
3313 2072 3492 2134 notus,
3519 2066 3684 2125 etiam

2087 2134 2172 2203 iis,
2204 2138 2293 2207 qui
2323 2141 2508 2208 procul
2531 2152 2706 2210 erant,
2736 2152 2919 2201 etnon
2950 2146 3124 2218 ipsum
3149 2151 3416 2208 viderant.

2156 2230 2210 2284 4.
2229 2229 2337 2285 Cur
2352 2247 2479 2304 ergo
2503 2249 2607 2290 non
2635 2237 2815 2293 statim
2835 2238 2952 2308 ejus
2969 2256 3162 2298 nomen
3180 2253 3437 2301 mutatum
3461 2248 3551 2315 sit,
3571 2250 3687 2321 jam

2084 2320 2215 2375 satis
2243 2320 2666 2381 demonstratam
2696 2338 2797 2382 est.
2830 2330 3020 2398 Opera:
3047 2333 3273 2402 pretium
3292 2335 3403 2405 jam
3440 2320 3593 2395 fuerit
3627 2351 3686 2399 tit

2084 2410 2293 2505 initium
2323 2417 2588 2473 sermonis
2617 2429 2943 2488 repetamus.
2968 2422 3164 2480 Saulus
3188 2437 3355 2482 autem
3380 2431 3553 2487 adhuc
3571 2435 3681 2505 spi-

2082 2498 2538 2592 rans-utinamutet
2567 2502 2720 2556 aedis
2744 2504 3099 2592 in_discipalos
3128 2509 3487 2584 Dominilzlct.
3520 2516 3573 2572 9.

2082 2586 2221 2654 Quid
2247 2589 2347 2644 sibi
2378 2593 2489 2646 \‘llll
2513 2591 2676 2660 illud,
2719 2590 2932 2651 adhuc?
2958 2598 3094 2666 Quid
3126 2611 3281 2657 antea
3324 2602 3470 2673 fecit,
3516 2616 3571 2662 ut
3600 2586 3684 2663 iii-

2080 2688 2199 2745 cat,
2227 2679 2435 2736 adhuc?
2482 2683 2616 2739 Nam
2661 2685 2812 2753 illud,
2860 2688 3048 2752 adhuc,
3097 2691 3164 2746 de
3197 2693 3412 2751 homine
3461 2697 3672 2762 dicitur.

2079 2770 2170 2841 qui
2199 2781 2359 2828 antea
2411 2776 2577 2829 multa
2626 2779 2765 2833 mala
2802 2779 3012 2837 fecerit.
3040 2782 3176 2851 Quid
3206 2801 3335 2856 ergo
3374 2787 3531 2844 fecit?
3566 2792 3680 2849 lino

2079 2864 2244 2933 quid,
2272 2882 2474 2936 quaeso,
2509 2885 2615 2924 non
2644 2870 2768 2925 mali
2796 2873 2960 2928 fecit?
2984 2873 3255 2946 Sanguine
3279 2881 3503 2951 replevit
3527 2883 3680 2939 .Icro-

2078 2955 2306 3028 solyma,
2329 2957 2514 3014 ﬁdeles
2540 2961 2836 3029 interiecit,
2877 2963 3171 3022 Ecclesium
3194 2968 3523 3041 devastabat,
3550 2990 3681 3046 apo-

2077 3051 2245 3106 stolos
2275 3053 2713 3123 persequebatur.
2745 3056 3076 3128 Stephanum
3116 3061 3340 3123 occidit;
3375 3079 3480 3120 non
3526 3068 3679 3136 viris,

2079 3157 2187 3198 non
2237 3144 2551 3202 mulieribus
2583 3149 2854 3217 parcebat.
2903 3151 3042 3206 Audi
3083 3152 3404 3226 discipulum
3435 3178 3448 3212 :
3483 3159 3678 3216 Saulus

2076 3247 2245 3290 autem
2272 3238 2559 3294 derastabat
2605 3240 2908 3305 Ecclesiam,
2947 3244 2999 3297 in
3023 3245 3199 3302 domos
3226 3248 3534 3318 ingrediens,
3560 3262 3671 3306 tra-

2077 3329 2200 3383 hens
2229 3330 2362 3384 viros
2389 3339 2435 3385 et
2465 3331 2697 3385 mulieres
2724 3332 2860 3403 (Act.
2884 3332 2935 3388 8.
2969 3335 3048 3406 5).
3076 3334 3191 3390 Νοη
3237 3337 3310 3391 illi
3344 3339 3516 3394 forum
3541 3342 3673 3396 satis

2074 3432 2224 3488 erat,
2254 3421 2349 3477 sed
2376 3421 2428 3477 iu
2457 3422 2646 3478 domos
2677 3422 2942 3479 insilicbat
2975 3442 2988 3478 :
3022 3426 3091 3479 In
3129 3427 3306 3482 domos
3349 3430 3671 3501 ingrediens,

2076 3513 2172 3567 ait.
2202 3512 2385 3583 Neque
2410 3512 2575 3581 dixit,
2624 3513 2858 3580 ducens,
2905 3515 2989 3570 vel
3018 3516 3253 3574 evelleus
3283 3518 3423 3575 viros
3451 3535 3513 3574 ac
3551 3537 3675 3575 mu-

2075 3603 2268 3669 lieres;
2301 3604 2393 3659 sed
2419 3645 2435 3672 ,
2483 3604 2711 3659 Tro/iens
2749 3606 2882 3661 viros
2915 3624 2976 3661 ac
3014 3609 3289 3665 mulieres:
3311 3625 3373 3665 ac
3398 3612 3442 3665 si
3469 3611 3534 3667 de
3562 3612 3671 3669 fera

2076 3696 2388 3768 loqueretur
2413 3714 2427 3751 :
2478 3697 2704 3752 Tro/iens
2733 3698 2867 3753 viros
2896 3716 2957 3753 ac
2983 3702 3254 3768 mulieres;
3278 3718 3383 3759 non
3416 3704 3560 3759 viros
3580 3720 3672 3759 so-

2075 3790 2183 3845 lum
2204 3831 2220 3858 ,
2248 3789 2343 3846 sed
2370 3789 2529 3845 etiam
2558 3790 2834 3845 mulieres.
2864 3789 3050 3861 Neque
3091 3801 3334 3848 naturam
3380 3796 3669 3850 revereba-

2075 3893 2181 3949 tur,
2215 3899 2387 3954 neque
2411 3898 2571 3938 sexus
2593 3882 2969 3947 miserebatur,
3003 3897 3178 3953 neque
3206 3882 3277 3938 ob
3302 3884 3665 3941 inﬁrmitatem

2075 3974 2434 4046 frangebatur.
2467 3973 2597 4028 Zelo
2639 3988 2904 4044 namque,
2952 3987 3057 4028 nou
3103 3972 3282 4029 furore
3308 3985 3523 4043 motus,
3565 3976 3669 4032 hoc

2074 4068 2283 4136 agebat.
2312 4065 2437 4120 ldeo
2456 4065 2624 4120 .ludiei
2654 4064 2757 4120 hoc
2782 4065 2954 4136 ipsum
2980 4064 3270 4134 facientes,
3297 4066 3671 4124 criminatione

2073 4157 2248 4227 digni;
2282 4156 2369 4210 hic
2394 4164 2577 4210 contra
2612 4155 2664 4210 id
2688 4170 2852 4226 agens
2872 4196 2889 4223 ,
2920 4156 3072 4210 venia
3098 4155 3292 4227 dignus
3319 4166 3420 4211 est.
3457 4158 3667 4214 Etenim

2075 4249 2194 4305 illos
2223 4250 2398 4320 palam
2431 4258 2548 4304 erat
2569 4248 2789 4305 honoris
2817 4259 2870 4304 et
2901 4248 3074 4304 inanis
3098 4249 3239 4319 apud
3269 4251 3460 4321 vulgus
3484 4253 3671 4323 gloria:

2073 4356 2233 4398 causa
2275 4341 2403 4397 illud
2444 4356 2640 4412 agere;
2692 4339 2782 4396 hic
2823 4354 2953 4395 vero
2981 4355 3170 4406 secus,
3221 4341 3317 4396 sed
3377 4342 3494 4396 zelo
3544 4359 3670 4413 erga

2075 4436 2242 4491 Deum
2292 4444 2600 4505 permotus,
2656 4434 2756 4488 etsi
2825 4448 2935 4488 non
3006 4433 3299 4488 secundum
3364 4435 3667 4493 scientiam.

2074 4527 2436 4596 Quamobrem
2484 4526 2560 4580 illi
2579 4566 2596 4593 ,
2628 4525 2831 4580 relictis
2853 4525 3199 4594 mulieribus,
3224 4527 3368 4582 viros
3392 4527 3672 4599 impugna-

2075 4619 2221 4685 bant,
2261 4620 2385 4689 quia
2412 4618 2462 4673 in
2495 4618 2618 4672 illos
2645 4618 2871 4688 gloriam
2910 4632 3061 4673 suam
3088 4619 3344 4675 transisse
3373 4621 3619 4677 videbant
3652 4638 3668 4676 :

2074 4712 2162 4768 hic
2189 4722 2366 4767 autem
2390 4752 2407 4773 ,
2457 4718 2644 4780 utpote
2669 4709 2784 4764 zelo
2822 4709 3167 4778 stimulante,
3216 4710 3496 4769 universos
3532 4713 3668 4769 adu-

2075 4803 2335 4859 riebatur.
2365 4802 2491 4856 llatae
2514 4815 2698 4854 secum
2729 4800 2906 4855 omnia
2940 4811 3195 4872 reputans
3225 4800 3420 4870 Lucas,
3451 4803 3668 4859 videns-

2072 4912 2179 4969 que
2208 4896 2357 4950 illum
2411 4894 2647 4950 nondum
2679 4909 2802 4949 esse
2830 4893 3079 4950 satiatum
3105 4935 3122 4961 ,
3149 4894 3363 4949 dicebat
3405 4912 3418 4951 :
3477 4895 3673 4954 Saulus

2074 4998 2243 5042 autent
2292 4986 2462 5039 adhuc
2486 4984 2691 5055 spirans
2718 4984 2972 5038 minarum
3018 4995 3065 5039 et
3107 4985 3261 5041 aedis
3310 4985 3362 5039 in
3392 4985 3676 5058 discipulos

2075 5077 2303 5132 Domini.
2357 5076 2472 5131 Non
2503 5074 2714 5130 satiavit
2741 5090 2862 5130 eum
2891 5075 3067 5131 caades
3095 5075 3386 5146 Stephani,
3419 5092 3524 5132 non
3554 5079 3668 5148 ejus

2075 5169 2309 5241 explevit
2335 5169 2571 5224 animum
2625 5167 2970 5240 persequutio
2999 5167 3287 5237 Ecclesiaa;
3319 5169 3413 5224 sed
3441 5170 3670 5226 ulterius

2075 5263 2447 5335 procedebat:
2495 5278 2670 5332 neque
2718 5261 2929 5318 furcndi
2983 5261 3143 5318 ﬁnem
3203 5262 3476 5318 iaciebat:
3521 5265 3668 5318 zelus

2073 5356 2269 5427 quippe
2296 5364 2431 5410 erat.
2477 5352 2584 5410 Sed
2636 5368 2807 5425 nuper
2852 5368 3156 5410 reversusa
3199 5352 3346 5408 caede
3372 5352 3668 5423 Stephani,

2074 5450 2346 5521 apostolos
2390 5449 2845 5521 persequebatur;
2903 5447 3240 5517 idipsutnque
3292 5445 3553 5515 iaciebat,
3607 5462 3673 5504 ac

2075 5541 2118 5595 si
2173 5540 2294 5612 quis
2346 5538 2504 5612 lupus
2555 5539 2784 5596 satviens
2837 5538 2888 5592 in
2951 5536 3093 5591 ovile
3155 5534 3462 5606 ingressus,
3518 5546 3673 5607 rapto

2074 5649 2213 5704 agno
2236 5677 2250 5701 ,
2280 5649 2484 5706 oreque
2512 5633 2781 5704 discerpta
2801 5673 2814 5697 ,
2844 5644 2911 5685 ex
2962 5630 3062 5684 hoc
3102 5638 3257 5699 raptu
3288 5628 3516 5687 ferocior
3540 5648 3670 5687 eva-

2073 5723 2248 5780 deret.
2311 5723 2386 5780 lta
2438 5733 2493 5779 et
2519 5723 2715 5779 Paulus
2770 5720 3134 5790 apostolorum
3170 5721 3394 5775 chorum
3442 5720 3667 5785 invasit,

2075 5816 2305 5889 indeque
2337 5816 2508 5886 rapuit
2533 5828 2726 5885 agnum
2755 5811 2949 5869 Christi
2981 5810 3330 5882 Stephanum.
3354 5824 3526 5883 coque
3555 5814 3669 5869 die.
