4086 6452
458 391 560 443 νὴ)

455 519 680 574 cei-pte,
729 503 829 558 hac
858 499 1004 557 emde
1046 497 1273 552 ferocior
1321 495 1506 548 evasit.
1540 492 1828 562 Propterea
1883 491 2045 557 dicit,

454 595 644 651 adhuc.
676 593 931 663 Quamvis
957 590 1107 658 cujus
1130 588 1364 641 animum
1395 599 1501 639 non
1522 582 1840 655 explevisset
1870 580 2049 637 caedes

456 688 989 761 hujusmodi?quem
1038 697 1145 736 non
1196 680 1459 750 placasset
1494 673 1844 731 mansuetudo
1893 673 2045 745 ejus,

453 785 546 856 qui
577 781 954 844 occidebatur;
986 776 1255 845 verbaque
1283 773 1399 844 ejus
1419 814 1433 838 ,
1463 771 1553 843 qui
1584 770 1849 841 lapidibus
1886 770 2049 825 obru-

454 882 542 931 tus
561 887 659 946 pro
682 868 1041 940 lapidautibus
1068 866 1149 921 sic
1190 863 1547 936 precabatur:
1575 860 1821 926 Domine,
1855 859 2046 930 inquit,

449 984 519 1027 ne
544 956 738 1021 statuas
757 963 861 1018 illis
890 962 985 1016 hoc
1014 969 1278 1032 peccatum
1302 956 1435 1028 (Act.
1468 956 1520 1010 7.
1554 952 1688 1025 59)?
1714 954 1839 1008 ldeo
1867 968 2052 1023 perse-

412 1062 415 1065 ’
451 1069 648 1129 quutor
673 1055 846 1111 factus
870 1063 952 1110 est
969 1052 1315 1123 evangelista.
1340 1050 1470 1105 Nam
1498 1048 1678 1104 statim
1704 1056 1825 1118 pust
1846 1045 2048 1101 ca-dem

456 1150 542 1206 hic
571 1161 864 1205 conversus
889 1153 998 1211 est,
1032 1144 1172 1199 illius
1201 1156 1386 1197 vocem
1414 1140 1618 1196 audivit
1643 1139 1802 1194 Deus.
1838 1138 2049 1192 Etenim

457 1240 646 1311 dignus
671 1247 788 1294 erat
828 1236 1132 1307 Stephanus
1160 1233 1251 1305 qui
1281 1232 1555 1288 audiretur
1578 1238 1691 1285 tum
1719 1238 1938 1300 propter
1967 1228 2050 1283 fu-

452 1346 625 1388 turam
652 1330 802 1386 Pauli
828 1330 1078 1385 virtutem
1100 1368 1115 1394 ,
1149 1336 1261 1383 tum
1288 1333 1509 1396 propter
1537 1325 1805 1394 prepriam
1833 1322 2050 1378 confes-

451 1429 658 1483 sionem
692 1443 707 1480 :
740 1424 989 1490 Domine,
1019 1438 1082 1476 ne
1107 1430 1306 1476 statuas
1344 1419 1450 1476 illis
1483 1418 1578 1473 hoc
1624 1426 1904 1488 peccatum.
1938 1418 2046 1471 Au-

452 1519 603 1574 diant
658 1517 748 1587 qui
800 1516 1046 1571 inimicus
1093 1513 1321 1576 habent,
1353 1512 1441 1582 qui
1475 1510 1668 1581 injuria
1718 1507 2045 1565 afﬁciuntur.

454 1615 567 1669 Etsi
610 1611 753 1667 enim
807 1618 1060 1665 sexcenta
1103 1607 1287 1678 gravia
1329 1603 1583 1676 patiaris,
1631 1601 1869 1658 nondum
1917 1601 2048 1672 lapi-

452 1709 612 1764 datus
653 1721 752 1772 es,
792 1701 1239 1775 quemadmodum
1267 1699 1594 1769 Stephanus.
1652 1698 1718 1753 Et
1746 1696 1870 1751 vide
1914 1694 2042 1766 quid

454 1801 652 1856 factum
692 1800 780 1854 sit.
829 1796 1218 1853 Obstruebatur
1277 1792 1394 1849 fons
1436 1795 1626 1847 unicus
1671 1790 1959 1861 Stephani,
1996 1797 2051 1845 et

452 1891 794 1962 aperiebatur
819 1889 977 1954 alius,
1008 1902 1076 1943 ex
1105 1900 1211 1957 quo
1240 1885 1519 1939 innumera
1550 1881 1837 1937 manabant
1867 1879 2045 1935 llttuti-

453 2001 546 2041 na.
577 1986 863 2054 Postquam
904 1982 1047 2037 enim
1090 1980 1237 2035 siluit
1277 1993 1340 2033 os
1384 1976 1677 2048 Stephani,
1704 1989 1829 2030 mox
1868 1974 2048 2029 sonuit

453 2076 579 2131 tuba
608 2075 781 2130 Pauli.
813 2073 904 2128 Sic
931 2084 1219 2141 numquam
1265 2068 1408 2124 Deus
1445 2065 1773 2135 derelinquit
1793 2078 1959 2135 usque
1991 2063 2043 2118 in

453 2169 618 2225 tinem
668 2165 735 2221 ad
763 2180 823 2221 se
866 2172 1179 2229 currentes,
1235 2160 1331 2217 sed
1384 2158 1524 2215 dona
1561 2156 1765 2228 priebet
1804 2155 2043 2225 majora,

451 2273 611 2330 quam
634 2256 702 2312 ab
729 2254 959 2311 inimicis
984 2252 1313 2308 auferantur.
1351 2248 1467 2305 Non
1495 2248 1637 2303 enim
1677 2246 1754 2301 illi
1791 2244 1950 2301 talem
1981 2246 2049 2299 ab

452 2350 690 2407 exercitu
737 2347 1012 2418 eiecerunt
1043 2344 1305 2408 militem,
1344 2340 1555 2413 qualem
1610 2340 1665 2393 in
1712 2337 1827 2408 ejus
1869 2336 2047 2391 locum

452 2441 663 2499 induxit
684 2439 953 2495 Christus.
984 2436 1180 2492 Saulus
1195 2444 1366 2487 autem
1391 2431 1582 2486 adhuc.
1613 2427 1770 2484 Aliud
1794 2425 2046 2498 quiddam

452 2533 715 2607 significat
744 2531 872 2587 illud
892 2572 908 2599 ,
931 2529 1099 2585 adhuc
1117 2547 1137 2583 :
1167 2526 1447 2591 videlicet,
1471 2523 1622 2579 illum
1649 2520 1824 2576 adhuc
1855 2518 2043 2574 furen-

454 2638 581 2694 tem,
606 2625 780 2681 adhuc
810 2623 1180 2688 ferocientem,
1200 2619 1375 2675 adhuc
1396 2617 1448 2673 vi
1479 2616 1675 2671 furoris
1697 2619 2045 2678 commotum,

451 2719 627 2775 adhuc
654 2717 802 2773 crede
852 2715 1146 2771 ferventem
1174 2712 1392 2766 attraxit
1437 2708 1702 2765 Christus.
1737 2705 1855 2762 Non
1905 2705 2049 2760 enim

451 2810 781 2883 exspectavit
808 2808 982 2864 donec
1010 2813 1249 2863 cessaret
1290 2801 1551 2873 :rgritudo
1570 2842 1586 2868 ,
1618 2800 2053 2871 cxstingueretur

453 2904 693 2967 morbus,
722 2899 1157 2970 mansuctiorque
1182 2897 1339 2952 ﬁeret
1368 2894 1456 2949 ille
1485 2894 1565 2949 sic
1589 2891 1865 2952 ell‘eratus.
1891 2899 1946 2947 et
1974 2890 2052 2946 sic

454 2996 602 3053 illum
642 2991 936 3047 attraheret
968 3008 982 3046 :
1010 3003 1195 3045 verum
1216 2987 1269 3042 in
1294 2987 1412 3057 ipsa
1444 2985 1644 3040 furoris
1671 2984 1720 3038 vi
1748 2984 1921 3053 ipsum
1957 2995 2052 3037 ce-

456 3087 554 3157 pit,
586 3095 643 3141 ut
673 3081 982 3139 ostenderet
1018 3079 1312 3151 potentiam
1358 3090 1542 3143 suam,
1593 3074 1735 3145 quod
1776 3074 1829 3129 in
1876 3073 2054 3129 medio

455 3180 674 3245 furore,
708 3182 969 3232 :estuaute
1021 3173 1236 3238 animo,
1289 3176 1731 3242 persequutorem
1760 3167 1950 3223 vicerit
1990 3175 2048 3222 et

456 3269 748 3342 subegerit.
783 3267 994 3324 Etenim
1021 3264 1285 3321 medicum
1307 3271 1433 3317 tunc
1463 3260 1812 3328 admiramur,
1841 3257 2055 3331 quando

457 3364 647 3419 febrim
673 3360 1088 3418 invalesceutem
1133 3365 1187 3414 et
1212 3354 1508 3412 ferventem
1526 3355 1578 3409 in
1601 3368 1814 3409 summo
1846 3345 2056 3408 fervore

455 3456 797 3527 exstinguere
821 3465 873 3510 et
895 3452 1108 3525 penitus
1133 3449 1320 3507 sedare
1352 3456 1532 3520 potest
1558 3464 1570 3502 :
1603 3445 1747 3518 quod
1775 3454 1830 3503 et
1849 3450 1900 3502 in
1919 3446 2056 3502 Pau—

456 3547 514 3602 lo
555 3545 752 3602 factum
773 3553 874 3600 est.
903 3543 959 3598 ln
976 3543 1087 3614 ipsa
1116 3542 1315 3613 quippe
1340 3538 1573 3593 ﬂamma:
1594 3536 1929 3593 vehementia
1951 3552 2055 3591 vox

460 3639 694 3707 Domini,
722 3652 820 3693 ceu
849 3649 939 3691 ros
967 3648 1199 3705 superne
1235 3645 1486 3698 manans,
1538 3631 1714 3700 ipsum
1743 3630 1931 3685 morbo
1958 3644 2055 3700 pe-

459 3732 603 3788 nitus
624 3730 889 3786 liberavit.
916 3727 1111 3783 Saulus
1140 3734 1309 3780 autem
1360 3722 1532 3778 adhuc
1554 3724 1759 3793 spirans
1804 3721 2057 3775 minarum

459 3833 508 3879 et
563 3824 717 3879 credis
763 3825 817 3877 in
868 3819 1150 3892 discipulos
1214 3817 1458 3884 Domini,
1506 3815 1707 3872 dimisit
1757 3813 2057 3870 multitudi-

461 3928 606 3981 nem,
634 3923 691 3970 et
713 3911 908 3968 deinde
953 3912 1008 3966 in
1035 3910 1305 3980 principes
1335 3908 1593 3977 impetum
1615 3904 1762 3961 fecit.
1788 3904 2059 3973 Quemad-

459 4006 677 4062 modum
705 4006 849 4060 enim
877 4003 943 4068 is,
973 4002 1065 4072 qui
1094 4001 1343 4057 arborem
1366 3999 1480 4055 vult
1509 4000 1846 4067 exscindere,
1874 3999 2059 4054 dimis-

458 4099 537 4154 sis
562 4096 728 4152 ramis
749 4137 764 4163 ,
799 4095 1033 4149 radicem
1062 4101 1211 4149 secat
1236 4109 1249 4146 :
1274 4093 1353 4147 sic
1382 4102 1437 4147 et
1464 4092 1553 4148 ille
1576 4090 1868 4161 discipulos
1893 4092 2059 4147 adur-

462 4200 550 4246 tus
575 4197 677 4254 est,
700 4187 842 4258 quod
870 4186 1104 4242 radicem
1130 4184 1528 4256 prtedicationis
1549 4199 1793 4240 resecare
1814 4195 2054 4253 cuperet.

535 4280 790 4352 Martyres
820 4279 1052 4350 palmites
1074 4294 1137 4333 ea:
1161 4275 1363 4332 Christo
1394 4293 1483 4330 ceu
1506 4277 1679 4332 radice
1719 4276 2053 4347 pullulantes.

462 4372 814 4428 Conversionis
849 4368 1003 4424 Pauli
1028 4367 1230 4423 modus.
1255 4397 1329 4409 -—
1352 4366 1552 4423 Verum
1576 4383 1681 4423 non
1718 4378 1873 4422 erant
1897 4368 2062 4423 disci-

463 4467 571 4537 puli
596 4465 747 4522 radix
775 4462 1201 4535 prazdicationis,
1224 4459 1319 4516 sed
1352 4459 1737 4530 discipulorum
1775 4459 2056 4518 Dominus.

462 4557 821 4626 Quamobrem
852 4553 1065 4610 dicebat
1099 4554 1190 4609 ille
1221 4570 1234 4606 :
1268 4551 1380 4625 Ego
1402 4568 1515 4606 sum
1543 4551 1690 4619 uitis,
1718 4568 1806 4606 vos
1827 4552 2057 4622 palmites

465 4646 644 4717 (Joan.
673 4647 762 4702 l5.
795 4646 876 4718 5).
910 4646 1004 4700 Illa
1033 4660 1161 4700 vero
1203 4645 1352 4701 radix
1390 4643 1816 4715 inexpugnabilis
1842 4652 1945 4699 est.
1975 4641 2058 4698 Id—

462 4740 606 4797 circo
628 4747 829 4811 quanto
854 4737 1034 4809 plures
1057 4738 1376 4793 resecahaut
1407 4736 1653 4807 palmites
1669 4777 1684 4804 ,
1709 4745 1854 4790 tanto
1876 4735 2058 4806 plures

460 4843 517 4889 et
548 4835 780 4902 majores
823 4831 1013 4886 iterum
1062 4829 1413 4897 pullulabant.
1466 4829 1727 4885 Exsectus
1769 4828 1950 4899 itaque
1974 4837 2059 4883 est

462 4924 806 4994 Stephanus,
857 4931 912 4977 et
963 4920 1242 4991 pullulavit
1277 4918 1492 4986 Paulus,
1538 4936 1602 4975 ac
1651 4930 1916 4991 quotquot
1961 4934 2059 4989 per

461 5016 684 5073 Paulum
705 5015 1068 5072 crediderunt.
1101 5012 1322 5067 Factum
1350 5022 1421 5068 est
1447 5023 1618 5067 autem
1638 5056 1653 5081 ,
1686 5013 1891 5084 inquit,
1942 5029 2058 5067 cum

458 5109 889 5181 appropinquaret
912 5106 1188 5171 Damasco,
1212 5105 1375 5160 subito
1390 5105 1724 5175 circutitfulsit
1746 5121 1859 5159 eam
1888 5104 1977 5159 luo:
1996 5104 2059 5159 de

460 5203 585 5259 caelo
602 5217 622 5257 :
646 5209 694 5255 et
714 5199 900 5254 cadens
925 5199 979 5253 in
1010 5207 1196 5252 terram
1210 5238 1226 5266 ,
1249 5198 1441 5252 audivit
1459 5213 1626 5252 uocem
1647 5198 1892 5252 dicentem
1918 5196 2011 5252 sibi
2038 5213 2058 5251 :

460 5295 642 5363 Saule,
664 5293 846 5361 Saule,
866 5290 989 5364 quid
1003 5306 1082 5346 me
1100 5291 1409 5362 persequeris
1439 5291 1574 5361 (Act.
1606 5290 1660 5346 9.
1694 5292 1746 5347 5.
1775 5291 1857 5361 4γέ
1880 5291 2058 5360 Quare

416 5432 420 5441 ,
458 5400 567 5444 non
584 5402 683 5442 vos
706 5387 852 5458 prius
866 5385 1027 5441 allata
1041 5391 1141 5449 est,
1160 5382 1256 5439 sed
1271 5385 1357 5438 lux
1377 5384 1522 5453 prius
1538 5382 2059 5439 circumfulsiteum?

461 5479 531 5535 Ut
551 5480 731 5550 quiete
758 5492 942 5535 vocem
964 5476 1192 5532 audiret.
1217 5475 1480 5544 Quoniam
1510 5476 1652 5530 enim
1682 5474 1726 5528 is
1753 5474 1841 5546 qui
1877 5475 2058 5529 animo

462 5569 745 5639 furoreque
793 5569 979 5639 plenus
1035 5569 1269 5639 aliquam
1327 5580 1440 5622 rem
1502 5565 1765 5637 perficere
1812 5574 2056 5633 conatur,

461 5660 668 5715 etiamsi
718 5660 984 5715 innumeri
1021 5669 1249 5725 vocent,
1299 5674 1406 5716 non
1453 5673 1513 5714 se
1561 5659 1867 5726 convertit,
1916 5667 2059 5713 totus

460 5751 613 5820 operi
640 5752 876 5807 intentus
910 5769 924 5806 :
960 5766 1030 5808 ne
1058 5751 1289 5822 idipsum
1318 5752 1369 5807 in
1400 5751 1563 5807 Paulo
1592 5750 1892 5817 accideret,
1926 5766 2059 5806 neve

463 5841 557 5892 ille
587 5850 854 5905 gestarum
897 5856 1076 5897 rerum
1109 5842 1286 5899 furore
1314 5843 1495 5899 ebrius
1519 5857 1703 5899 vocem
1735 5857 1841 5898 non
1873 5842 2061 5898 adver-

1216 382 1272 436 S.
1312 378 1591 436 JOANNIS
1614 375 2094 435 CHRYSOSTOMI
2133 377 2452 436 ABCIIIEP.
2492 379 3029 436 CONSTANTINOP.
3634 386 3726 443 Nil

2161 501 2296 547 teret
2316 536 2332 560 ,
2364 504 2456 549 aut
2483 509 2586 550 non
2614 496 2842 562 audiret,
2870 497 3052 552 animo
3072 496 3189 568 ejus
3220 505 3332 554 toto
3361 498 3429 554 ad
3465 500 3730 557 devastan-

2155 585 2283 641 dum
2308 586 2512 643 intento
2545 590 2866 643 :excaecatis
2891 597 3016 645 ante
3044 604 3140 660 per
3160 590 3332 646 lucem
3357 591 3526 647 oculis
3544 632 3559 659 ,
3590 591 3730 648 seda-

2156 684 2316 746 toque
2343 677 2523 732 animo
2543 719 2557 742 ,
2610 680 2873 735 exstincta
2905 680 3051 736 omni
3092 681 3287 738 mentis
3312 681 3733 754 perturbatione,

2156 766 2400 839 factaque
2444 770 2644 842 ingenti
2675 771 2840 827 animi
2865 773 3286 845 tranquillitate,
3321 789 3508 831 vocem
3531 774 3732 842 emisit,

2156 868 2214 914 ut
2240 859 2445 929 dejecta
2477 863 2624 917 omni
2669 865 3007 934 arrogantia,
3045 864 3225 922 sobria
3268 875 3451 922 mente
3476 865 3631 921 dictis
3655 874 3733 920 at-

2157 952 2421 1009 tenderet.
2481 953 2671 1023 Saule,
2730 957 2928 1025 Saule,
2969 958 3095 1028 quid
3123 975 3204 1013 me
3246 959 3557 1028 persequeris
3604 958 3732 1032 (Act.

2156 1042 2211 1097 9.
2243 1044 2341 1115 ψ
2364 1044 2537 1101 Verba
2568 1062 2674 1103 non
2706 1056 2811 1102 tam
2844 1051 3118 1121 arguentis
3140 1092 3154 1115 ,
3186 1066 3345 1121 quam
3374 1066 3494 1107 sese
3517 1067 3734 1124 purgan-

2156 1138 2225 1193 tis
2253 1145 2394 1193 sunt.
2428 1138 2564 1205 Quid
2593 1157 2674 1195 me
2718 1143 3070 1213 persequeris?
3121 1142 3177 1198 ln
3212 1160 3319 1215 quo
3345 1154 3439 1199 aut
3465 1159 3628 1215 parvo
3652 1154 3736 1200 aut

2155 1243 2348 1299 magno
2372 1244 2627 1289 accusare
2656 1248 2743 1287 me
2770 1236 2958 1303 potes?
2983 1233 3035 1288 in
3064 1249 3170 1305 quo
3200 1250 3231 1289 a
3261 1251 3349 1291 me
3369 1235 3529 1292 lmsus
3558 1236 3737 1292 fuisti?

2154 1337 2221 1377 an
2252 1323 2394 1394 quod
2435 1335 2675 1381 mortuos
2706 1338 2914 1382 vestros
2942 1328 3350 1384 suscitaverim?
3378 1346 3445 1385 an
3491 1331 3627 1401 quod
3661 1330 3734 1386 le-

2154 1429 2345 1485 prosos
2376 1418 2786 1473 mundavcrim?
2813 1418 2954 1489 quod
2979 1418 3255 1475 dtemoncs
3285 1418 3614 1492 fugaverim?
3637 1419 3735 1477 Sed

2156 1506 2276 1561 ideo
2300 1506 2525 1562 adorare
2568 1522 2689 1575 me,
2732 1524 2838 1564 non
2869 1509 3115 1580 persequi
3141 1511 3397 1581 Oportuit.
3433 1511 3497 1569 Ut
3516 1526 3639 1566 vero
3661 1510 3736 1565 di-

2154 1612 2271 1653 scas
2292 1598 2444 1665 illud,
2476 1598 2613 1666 Quid
2642 1617 2720 1655 me
2749 1602 3100 1673 persequeris?
3120 1616 3241 1658 sese
3269 1603 3545 1674 purgantis
3570 1603 3735 1674 potius

2155 1705 2275 1748 esse
2303 1708 2317 1744 :
2346 1691 2470 1747 audi
2498 1693 2769 1763 quomodo
2789 1695 2948 1750 Pater
2971 1696 3088 1766 ejus
3113 1697 3301 1751 iisdem
3333 1699 3511 1752 verbis
3532 1696 3738 1753 Judaos

2155 1784 2472 1853 alloquatur.
2519 1786 2981 1854 Quemadmodum
3029 1788 3176 1843 enim
3221 1787 3311 1843 hic
3338 1788 3506 1854 dicit,
3549 1787 3734 1852 Saule.

2156 1874 2336 1941 Saule,
2364 1876 2487 1942 quid
2512 1894 2590 1933 me
2611 1879 2959 1950 persequeris?
2986 1880 3064 1935 sic
3087 1890 3141 1936 et
3166 1880 3257 1935 ille
3275 1879 3476 1939 Judaeis
3497 1880 3734 1936 dicebat:

2156 1965 2361 2038 Populo
2383 1985 2520 2024 meus
2539 2013 2554 2037 ,
2585 1969 2708 2041 quid
2735 1971 2835 2041 feci
2881 1972 2970 2026 tibi
2992 1988 3012 2037 ;
3036 1982 3124 2027 aut
3164 1973 3215 2027 in
3248 1989 3346 2045 quo
3384 1973 3671 2029 contristari
3696 1982 3741 2027 te

2155 2058 2341 2130 (Mich.
2365 2058 2419 2116 6.
2452 2061 2546 2132 δη
2566 2061 2743 2131 Saule,
2778 2061 2958 2129 Saule,
2985 2065 3108 2135 quid
3135 2081 3213 2119 me
3238 2065 3585 2136 persequeris?
3609 2064 3741 2122 Ecce

2153 2153 2375 2221 supinus
2396 2153 2564 2223 jaces.
2605 2168 2732 2211 ecce
2773 2155 2889 2211 sine
2932 2167 3120 2212 catena
3155 2158 3401 2229 alligatus
3435 2174 3519 2214 es.
3546 2158 3736 2227 Quem-

2152 2240 2441 2298 admodum
2484 2244 2642 2315 igitur
2666 2245 2709 2299 si
2745 2245 2909 2301 herus
2951 2261 3165 2303 servum
3201 2263 3345 2319 stupe
3389 2249 3737 2322 transfugam,

2155 2334 2427 2404 multaque
2452 2347 2731 2405 operatum
2754 2337 2890 2391 mala
2909 2379 2923 2403 ,
2950 2338 3399 2409 comprehensum
3429 2349 3488 2397 et
3512 2342 3738 2396 vinctum

2154 2427 2234 2483 sic
2256 2428 2576 2499 alloqnatur,
2605 2428 2742 2497 Quid
2771 2430 2852 2486 vis
2874 2430 2969 2485 tibi
2999 2430 3235 2486 faciam?
3253 2446 3380 2488 cccc
3400 2433 3513 2503 jam
3542 2433 3608 2489 ad
3629 2447 3741 2488 ma-

2155 2533 2257 2573 nus
2276 2520 2465 2575 venisti
2497 2537 2511 2574 :
2550 2520 2621 2574 ita
2651 2530 2706 2575 et
2742 2521 2987 2578 Christus
3028 2522 3251 2579 Paulum
3276 2535 3586 2596 correptum
3625 2539 3743 2597 pro.

2154 2622 2510 2687 stratumque,
2554 2625 2873 2674 trementem
2914 2620 3101 2679 videns
3131 2636 3192 2677 ac
3220 2622 3633 2691 formidantem,
3663 2622 3743 2679 ni-

2156 2705 2338 2777 hilque
2375 2711 2554 2764 lacere
2578 2709 2867 2777 valentem,
2893 2711 2973 2767 sie
2995 2712 3287 2783 alloquitur
3313 2731 3327 2768 :
3361 2713 3545 2780 Saule,
3571 2714 3741 2778 Saule,

2154 2800 2280 2869 quid
2327 2815 2406 2853 me
2448 2801 2801 2872 persequeris?
2856 2802 3123 2871 Quorsum
3181 2805 3269 2860 ille
3315 2804 3467 2860 furor
3522 2804 3747 2861 evadet?

2156 2905 2413 2962 quorsum
2468 2892 2720 2948 insania?
2778 2908 3034 2964 quorsum
3087 2895 3235 2951 zelus
3298 2896 3746 2969 intempestivus?

2157 2997 2416 3054 quorsum
2453 2984 2662 3039 vincula
2704 2994 2757 3040 et
2796 2984 3180 3042 circuitiones?
3216 3002 3475 3060 quorsum
3505 2988 3748 3046 ederatus

2158 3074 2248 3131 ille
2272 3075 2521 3131 animus?
2542 3075 2665 3132 Jam
2694 3077 2983 3133 immobilis
3012 3080 3142 3142 eris,
3176 3095 3407 3152 eumque
3445 3097 3608 3152 quem
3638 3095 3749 3152 per-

2159 3169 2434 3240 sequeris,
2467 3184 2538 3225 ne
2560 3170 2746 3226 videre
2787 3170 3003 3242 quidem
3046 3173 3291 3242 poteris:
3320 3175 3488 3245 etqui
3536 3175 3750 3231 festinus

2161 3260 2395 3332 undique
2422 3262 2883 3318 circumcursabas
2906 3306 2921 3329 ,
2957 3278 3100 3319 nunc
3149 3264 3376 3320 ducente
3404 3281 3544 3336 opus
3572 3265 3747 3320 habes.

2162 3351 2287 3406 Ideo
2333 3367 2561 3423 namque
2603 3368 2745 3409 nunc
2796 3353 2929 3410 dicit
2972 3354 3022 3409 ei
3045 3397 3059 3421 ,
3112 3355 3248 3422 Quid
3274 3373 3355 3411 me
3403 3356 3752 3428 persequeris?

2160 3454 2221 3498 ut
2240 3444 2472 3500 disceret
2490 3446 2649 3519 etiam
2676 3445 3001 3517 praecedenti
3029 3454 3271 3517 tempore
3285 3448 3400 3518 ipso
3428 3447 3751 3504 concedente

2161 3537 2341 3593 omnia
2368 3537 2506 3593 facta
2525 3552 2678 3607 esse;
2711 3554 2885 3610 neque
2903 3539 2991 3595 illa
3015 3540 3340 3596 inﬁrmitatis
3363 3541 3529 3597 fuisse
3548 3583 3563 3608 ,
3590 3555 3752 3612 neque

2163 3629 2301 3697 haec,
2325 3645 2444 3701 qua;
2461 3631 2573 3702 jam
2601 3632 2809 3696 tierent,
2840 3631 3173 3688 crudelitatis
3219 3648 3339 3689 esse
3363 3649 3379 3699 ;
3408 3633 3509 3690 sed
3537 3634 3621 3690 illa
3650 3634 3752 3690 cleo

2161 3723 2398 3791 mentim,
2426 3723 2541 3779 hare
2562 3723 2931 3794 providentire.
2954 3724 3089 3793 Quid
3119 3725 3277 3796 igitur
3291 3725 3512 3793 Paulus,
3541 3726 3663 3795 Quis
3684 3742 3751 3793 es,

2164 3812 2381 3869 Domine
2416 3815 2551 3884 (Act.
2584 3816 2636 3871 9.
2662 3815 2756 3887 5)?
2787 3815 2946 3871 Novit
2970 3815 3265 3872 dominium
3311 3833 3376 3872 ex
3410 3819 3755 3875 concessione

2163 3906 2254 3961 illa
2273 3949 2288 3972 ,
2320 3907 2571 3962 virtutem
2600 3922 2669 3963 ex
2718 3907 2960 3963 caecitate
2991 3909 3242 3980 praesenti
3273 3926 3286 3964 :
3317 3909 3537 3965 demum
3577 3921 3757 3981 poteno

2164 4000 2291 4053 tiam
2336 3997 2638 4053 confitetur.
2692 3998 2819 4067 Quis
2845 4015 2921 4066 es,
2959 3999 3217 4055 Domine?
3260 3999 3510 4056 Vidistin’
3556 4010 3754 4073 gratum

2162 4090 2447 4145 animum?
2484 4091 2717 4147 vidistin‘
2747 4103 2984 4149 mentem
3022 4093 3269 4149 libertate
3319 4093 3580 4165 plenam?
3620 4093 3753 4149 vidi«

2164 4185 2288 4240 Stiu’
2312 4185 2692 4241 conscientiam
2715 4187 3019 4243 sinceram?
3041 4187 3156 4243 Non
3189 4189 3480 4244 reluctatus
3504 4199 3588 4248 est
3608 4232 3623 4258 ,
3655 4204 3754 4245 non

2163 4276 2466 4343 contendit;
2495 4277 2589 4333 scd
2620 4280 2799 4333 statim
2831 4280 3112 4335 Dominum
3143 4281 3377 4351 agnovit.
3409 4280 3528 4337 Non
3570 4296 3755 4354 quem-

2163 4368 2451 4424 admodum
2477 4370 2682 4436 .ludtci,
2709 4387 2831 4426 cum
2877 4372 3124 4429 viderent
3173 4384 3415 4429 mortuos
3451 4376 3751 4439 suscitatus,

2163 4475 2335 4515 arcos
2364 4462 2536 4517 visum
2553 4463 2871 4533 recipientes
2890 4505 2905 4532 ,
2943 4463 3186 4535 leprosos
3215 4465 3535 4535 mundatos,
3564 4464 3752 4522 nedum

2163 4553 2230 4607 ad
2256 4561 2524 4609 tantarum
2545 4570 2725 4610 rerum
2753 4555 2998 4626 opificem
3016 4568 3385 4626 occurrerent,
3410 4559 3748 4615 seductorem

2164 4648 2325 4702 etiam
2371 4647 2518 4703 illum
2567 4632 2891 4718 vocabantL
2918 4664 3185 4719 omneque
3235 4649 3549 4707 insidiarum
3595 4663 3754 4722 genus

2164 4740 2496 4809 apparabant
2526 4755 2545 4796 '.
2574 4756 2679 4796 non
2710 4741 2789 4798 sic
2813 4742 2993 4812 utique
3031 4742 3249 4809 Paulus,
3277 4744 3372 4798 sed
3399 4745 3580 4799 statim
3631 4758 3755 4798 cou-

2162 4847 2351 4888 versus
2392 4841 2494 4887 est.
2547 4832 2683 4902 Quid
2733 4832 2894 4904 igitur
2937 4832 3358 4907 Christulego
3402 4852 3516 4890 sum
3570 4833 3755 4898 Iesus,

2162 4942 2309 4994 quem
2335 4936 2388 4979 tu
2421 4927 2730 4999 persequeris
2758 4925 2970 4998 (Ibid.).
3001 4925 3110 4982 Cur
3139 4943 3246 4982 non
3275 4929 3430 4998 dixit,
3484 4928 3601 4998 Ego
3641 4943 3754 4983 sum

2163 5015 2343 5085 Jesus,
2364 5017 2457 5088 qui
2485 5020 2776 5083 resurrexi,
2807 5032 2907 5088 ego
2950 5033 3066 5072 sum
3098 5017 3277 5087 Iesus,
3302 5019 3395 5089 qui
3455 5018 3510 5074 in
3538 5017 3756 5074 dextera

2165 5107 2259 5163 Dei
2291 5109 2454 5163 sedeo
2473 5150 2489 5176 ,
2522 5109 2639 5172 sed,
2670 5107 2783 5182 Ego
2808 5125 2924 5164 sum
2949 5109 3122 5176 Iesus,
3160 5118 3315 5180 quem
3332 5120 3385 5165 tu
3415 5110 3762 5182 persequeris?

2165 5198 2237 5255 Ut
2264 5199 2379 5269 ejus
2410 5210 2645 5255 mentem
2698 5199 3054 5271 percelleret,
3106 5210 3164 5254 ut
3190 5200 3305 5271 ejus
3343 5201 3577 5256 animam
3617 5215 3761 5257 com-

2165 5301 2442 5365 pungcret.
2471 5293 2609 5349 Audi
2638 5293 2817 5365 itaque
2845 5294 3066 5350 Paulum
3092 5303 3212 5364 post
3238 5296 3462 5351 multum
3481 5295 3758 5366 temporis,

2166 5395 2286 5454 post
2340 5387 2616 5440 innumera
2674 5387 2931 5457 praelare
2977 5396 3149 5458 gesta,
3193 5387 3294 5442 hoc
3331 5386 3757 5444 lamentantem:

2165 5474 2278 5547 Ego
2297 5480 2452 5544 enim,
2480 5477 2670 5547 inquit,
2699 5493 2812 5532 sum
2854 5477 3101 5547 minimus
3123 5477 3467 5549 apostolorum
3486 5519 3504 5546 ,
3544 5478 3634 5549 qui
3663 5493 3760 5532 non

2163 5585 2277 5624 sum
2303 5569 2487 5642 dignus
2514 5570 2682 5624 uocari
2700 5571 2994 5641 apostolus,
3020 5572 3138 5642 quia
3168 5582 3491 5643 persequutus
3512 5587 3627 5626 sum
3660 5569 3759 5626 Ec-

2165 5661 2368 5715 clesiam
2393 5663 2473 5731 (l.
2492 5661 2612 5716 Cor.
2634 5662 2720 5718 l5.
2746 5661 2831 5734 9).
2854 5664 2912 5720 Si
2941 5677 3069 5719 vero
3088 5673 3208 5735 post
3234 5674 3485 5720 sexcenta
3508 5662 3761 5734 praeclare

2165 5761 2343 5821 gesta,
2389 5762 2510 5822 post
2542 5762 2745 5809 tantum
2794 5755 3034 5826 elapsum
3078 5767 3318 5827 tempus,
3373 5756 3474 5811 hoc
3516 5755 3758 5827 lugebat,

2169 5854 2363 5914 quanta
2391 5844 2678 5901 verisimile
2704 5854 2786 5904 est
2806 5847 2980 5917 ipsum
3002 5862 3122 5905 esse
3150 5862 3365 5918 passum
3387 5847 3476 5905 illo
3498 5854 3760 5917 tempore,
