4086 6414
335 390 437 450 139

330 506 679 580 θρασύτερος
726 507 833 562 ὑπὸ
888 508 988 581 τῆς
1039 510 1300 582 ἀρπαγῆς
1348 512 1586 581 ἐγένετο.
1641 511 1799 568 Οὕτω
1844 515 1938 567 καὶ

333 596 540 663 Σαῦλος
578 599 901 671 ἐπεπήδησε
942 598 1021 670 τῷ
1059 600 1205 673 χορῷ
1237 602 1348 655 τῶν
1394 602 1734 671 ἀποστόλων,
1778 603 1932 677 [123]

332 681 588 754 ἥρπασεν
619 683 836 738 ἐκεῖθεν
869 683 932 738 τὸ
957 684 1144 756 ἀρνίον
1172 682 1269 738 τοῦ
1295 685 1559 758 Χριστοῦ,
1592 687 1684 741 τὸν
1721 687 1935 757 Στέφα-

338 781 429 818 νον
490 765 901 839 διεσπάραξεν,
944 768 1165 837 ἐγένετο
1213 769 1401 823 λοιπον
1441 771 1548 824 ὑπὸ
1581 771 1678 842 τῆς
1720 772 1939 842 σφαγῆς

334 847 543 919 ταύτης
584 850 944 923 θρασύτερος.
993 850 1096 904 Διά
1135 851 1295 905 τοῦτό
1340 871 1526 924 φησιν,
1561 854 1704 908 Ἔτι.
1742 856 1936 911 Καίτοι

334 931 460 985 τίνα
495 934 598 987 οὐκ
622 933 690 987 ἂν
720 934 1023 1005 ἐνέπλησεν
1057 937 1085 988 6
1112 936 1275 1005 φόνος
1305 939 1515 1001 ἐκεῖνος
1543 953 1557 1003 ;
1589 937 1712 992 τίνα
1741 940 1842 992 οὐκ
1868 938 1935 994 ἂν

333 1015 638 1086 κατῄδεσεν
658 1020 692 1088 ἡ
730 1019 1007 1073 ἐπιείκεια
1039 1019 1133 1072 τοῦ
1165 1021 1543 1091 σφαττομένου
1562 1062 1577 1087 ,
1609 1022 1678 1075 τά
1712 1023 1934 1093 ῥήματα

336 1098 481 1170 άπερ
501 1100 858 1173 λιθαζόμενος
885 1104 1027 1176 ὑπὲρ
1055 1104 1164 1158 τῶν
1196 1101 1529 1166 λιθαζόντων
1557 1103 1777 1175 ηὔχετο,
1816 1108 1935 1161 Κύ-

333 1199 444 1256 ριε,
482 1184 680 1254 λέγων,
706 1187 794 1255 μὴ
822 1187 1067 1255 στήσῃς
1092 1187 1300 1254 αὐτοῖς
1323 1187 1440 1256 τὴν
1469 1188 1766 1257 ἁμαρτίαν
1794 1191 1933 1244 ταύ-

333 1283 447 1336 την
461 1284 482 1333 ;
520 1269 620 1323 Διά
665 1268 825 1323 τοῦτο
870 1273 898 1324 6
943 1269 1183 1340 διώκτης
1228 1269 1629 1342 εὐαγγελιστὴς
1680 1271 1927 1341 γέγονεν.

332 1350 555 1415 Εὐθέως
587 1352 696 1423 γὰρ
733 1352 875 1423 μετὰ
901 1354 994 1407 τὸν
1017 1353 1178 1423 φόνον
1205 1346 1361 1416 οὗτος
1387 1353 1767 1424 μετεϐάλλετο,
1794 1354 1933 1409 ἐκεί-

331 1451 425 1488 νου
466 1437 567 1507 τῆς
601 1436 790 1507 φωνῆς
820 1436 1057 1506 ἤκουσεν
1099 1438 1128 1489 6
1172 1436 1326 1501 Θεός.
1364 1437 1474 1489 Καὶ
1516 1436 1626 1509 γὰρ
1663 1437 1815 1505 ἄξιος
1859 1433 1930 1510 ἦν

328 1517 627 1572 ἀκούεσθαι
657 1518 933 1589 Στέφανος
967 1520 1063 1573 καὶ
1089 1519 1178 1573 διά
1212 1519 1313 1590 τὴν
1341 1519 1544 1592 ἀρετὴν
1572 1520 1792 1574 Παύλου
1828 1522 1927 1594 τὴν

331 1600 634 1674 ἐσομένην,
695 1603 791 1657 καὶ
832 1601 923 1656 διὰ
965 1602 1174 1657 οἰκείαν
1210 1602 1531 1673 ὁμολογίαν,
1578 1605 1796 1673 Κύριε,
1837 1605 1924 1675 μὴ

325 1683 573 1754 στήσῃς
588 1685 795 1752 αὐτοῖς
819 1685 934 1753 τὴν
956 1684 1256 1755 ἁμαρτίαν
1275 1685 1524 1751 ταύτην.
1552 1685 1926 1743 Ἀκουέτωσαν

330 1765 447 1820 ὅσοι
481 1768 715 1840 ἐχθροὺς
740 1767 978 1839 ἔχουσιν,
1007 1768 1123 1821 ὅσοι
1161 1766 1629 1824 πλεονεκτοῦνται.
1666 1769 1786 1825 Κᾶν
1817 1772 1926 1846 γάρ

328 1849 504 1924 μυρία
542 1851 725 1926 πάθῃς
760 1852 939 1917 δεινά,
985 1851 1197 1905 οὐδέπω
1234 1850 1530 1923 ἐλιθάσθης
1553 1895 1568 1922 ,
1611 1854 1865 1928 καθάπερ
1897 1858 1926 1911 6

328 1933 620 2003 Στέφανος.
660 1935 770 1988 Καὶ
818 1936 919 2007 ὅρα
970 1935 1023 1988 τί
1078 1934 1311 2004 γίνεται.
1371 1934 1765 2008 Ἐνεφράττετο
1825 1940 1927 2010 μία

329 2017 539 2089 πηγὴή
575 2017 669 2071 τοῦ
700 2018 976 2088 Στεφάνου
997 2058 1012 2083 ,
1055 2018 1152 2072 καὶ
1189 2019 1442 2089 ἠνοίγετο
1486 2020 1653 2093 ἑτέρα
1698 2023 1926 2094 μυρίους

324 2101 550 2170 ἀφιεῖσα
592 2100 892 2172 ποταμούς.
952 2101 1174 2174 Ἐπειδὴ
1217 2102 1328 2173 γὰρ
1374 2104 1599 2176 ἐσίγησε
1632 2105 1696 2159 τὸ
1749 2108 1926 2179 στόμα

326 2184 626 2254 Στεφάνου,
672 2186 880 2257 ἤχησεν
931 2184 1134 2249 εὐθέως
1173 2187 1207 2257 ή
1262 2186 1500 2257 σάλπιγξ
1543 2187 1638 2241 τοῦ
1685 2190 1918 2247 Παύλου.

324 2266 517 2332 Οὕτως
566 2267 827 2322 οὐδέποτε
877 2268 906 2320 6
945 2267 1077 2332 Θεὸς
1124 2269 1207 2333 είς
1242 2269 1396 2334 τέλος
1450 2271 1921 2345 ἐγκαταλιμπάνει

324 2353 455 2416 τοὺς
479 2352 631 2423 αὐτῷ
669 2353 1130 2425 προστρέχοντας,
1157 2352 1296 2408 ἀλλά
1333 2353 1561 2426 μείζονα
1584 2348 1667 2410 ὧν
1690 2357 1923 2411 ἀποστε-

328 2434 515 2503 ροῦσιν
569 2438 620 2490 οἱ
662 2436 850 2508 ἐχθροὶ
898 2436 1111 2491 δίδωσιν
1158 2436 1324 2502 αὐτὸς
1370 2436 1441 2491 τὰ
1490 2437 1659 2511 δῶρα.
1700 2440 1773 2493 Οὐ
1811 2441 1921 2513 γὰρ

323 2518 569 2574 τοιοῦτον
609 2519 872 2586 ἐξέϐαλον
922 2520 1032 2574 ἀπὸ
1092 2520 1195 2591 τῆς
1260 2520 1540 2590 φάλαγγος
1583 2521 1920 2594 στρατιώτην

323 2607 556 2667 ἐκεῖνοι,
608 2600 719 2659 οἷον
763 2606 1163 2676 ἀντεισήγαγεν
1213 2607 1241 2658 6
1281 2605 1538 2677 Χριστός.
1578 2603 1815 2672 Σαῦλος
1852 2607 1922 2660 δὲ

319 2689 435 2743 ἔτι.
482 2691 593 2743 Καὶ
630 2689 758 2744 ἄλλο
790 2708 844 2744 τι
889 2689 1043 2763 δηλοῖ
1092 2689 1175 2754 16,
1220 2691 1378 2754 Ἔτι,
1416 2689 1611 2744 τοῦτο·
1641 2686 1777 2756 οἷον,
1834 2692 1919 2745 ὄτι

324 2773 407 2826 ἔτι
460 2774 806 2845 μαινόμενον,
851 2773 933 2827 ἔτι
975 2773 1366 2846 ἀγριαίνοντα,
1403 2772 1485 2826 ἔτι
1537 2773 1596 2827 ἐν
1635 2774 1788 2845 ἀκμῇ
1821 2774 1918 2828 τοῦ

322 2856 496 2929 θυμοῦ
551 2855 717 2924 ὄντα,
775 2858 857 2913 ἐτι
907 2857 984 2929 τῷ
1039 2857 1186 2928 φόνῳ
1244 2857 1439 2921 ζέοντα
1495 2858 1850 2912 ἐπεσπάσατο
1890 2860 1919 2911 6

320 2942 576 3015 Χριστός.
619 2943 755 2997 Οὐδὲ
784 2942 894 3015 γάρ
927 2942 1184 3012 ἀνέμεινε
1226 2941 1389 3013 λῆξαι
1438 2941 1501 2995 16
1535 2942 1784 3013 νόσημα,
1825 2944 1919 2997 καὶ

323 3025 616 3096 σϐεσθῆναι
667 3026 728 3079 16
772 3024 980 3090 πάθος,
1029 3025 1126 3078 καὶ
1175 3025 1481 3096 πραότερον
1524 3024 1781 3093 γενέσθαι
1826 3026 1917 3080 τὸν

316 3109 543 3182 ἄγριον,
575 3110 669 3163 καὶ
698 3108 873 3174 οὕτως
906 3108 1157 3162 εἵλκυσεν
1177 3123 1191 3138 ο
1240 3107 1358 3161 ἀλλ’
1391 3109 1449 3160 ἐν
1474 3108 1613 3179 αὐτῇ
1649 3111 1715 3179 τῇ
1763 3110 1915 3181 ἀκμῇ

318 3193 422 3263 τῆς
455 3194 655 3265 μανίας
691 3193 853 3247 αὐτὸν
878 3190 1234 3263 ἐχειρώσατο,
1274 3190 1364 3244 ἵνα
1393 3189 1544 3264 δείξῃ
1579 3192 1680 3264 τὴν
1720 3192 1915 3245 ἐαυτοῦ

317 3280 575 3353 δύναμιν,
603 3282 685 3336 ὅτι
711 3282 771 3335 ἐν
797 3282 940 3353 μέσῃ
969 3283 1034 3353 τῇ
1073 3280 1305 3351 βακχείᾳ
1335 3278 1455 3332 τότε
1489 3278 1675 3351 ἐκείνῃ
1703 3279 1918 3345 ζέοντος

317 3364 401 3418 ἔτι
430 3365 524 3419 τοῦ
563 3363 736 3438 θυμοῦ
777 3368 974 3439 κρατεῖ
1011 3365 1106 3418 καὶ
1136 3364 1480 3436 περιγίνεται
1509 3361 1607 3416 τοῦ
1651 3363 1911 3421 διώκτου.

319 3450 433 3503 Καὶ
464 3449 572 3522 γὰρ
615 3450 798 3523 ίατρδν
833 3450 955 3502 τότε
1004 3447 1362 3520 θαυμάζομεν
1390 3447 1648 3518 μάλιστα,
1676 3449 1804 3502 ὅταν
1832 3449 1919 3503 δυ-

316 3532 455 3604 νηθῇ
485 3534 579 3586 τὸν
607 3533 844 3605 πυρετὸν
877 3532 1168 3604 αἰρόμενον
1209 3531 1305 3586 καὶ
1339 3532 1439 3601 τὴν
1480 3531 1655 3602 φλόγα
1692 3531 1789 3585 τοῦ
1825 3550 1916 3587 v0-

318 3621 564 3688 σήματος
612 3614 780 3672 οὖσαν
811 3618 870 3671 ἐν
900 3617 1048 3688 ἄκρᾳ
1084 3616 1411 3688 σφοδρότητι
1452 3616 1791 3670 κατασϐέσαι
1821 3618 1915 3671 καὶ

316 3701 604 3765 παντελῶς
637 3702 934 3771 ἀφανίσαι·
966 3702 995 3754 6
1025 3702 1121 3754 καὶ
1156 3701 1251 3753 ἐπὶ
1284 3700 1379 3754 τοῦ
1418 3700 1635 3754 Παύλου
1667 3700 1909 3769 γέγονεν.

328 3789 420 3841 Ἐν
457 3788 610 3858 ἀκμῇ
659 3786 770 3857 γὰρ
816 3785 978 3840 αὑτὸν
1021 3785 1154 3839 ὄντα
1190 3785 1290 3854 τῆς
1337 3784 1556 3856 φλογὸς,
1591 3783 1783 3855 ὥσπερ
1829 3801 1916 3848 τις

314 3871 510 3943 δρόσος
539 3869 745 3924 ἀνωθεν
775 3868 1191 3941 κατενεχθεῖσα,
1223 3870 1257 3941 ἠ
1290 3869 1445 3938 φωνὴ
1466 3866 1561 3920 τοῦ
1587 3866 1794 3937 Κυρίου
1818 3865 1912 3920 τοῦ

314 3957 623 4024 νοσήματος
652 3952 931 4024 ἀπήλλαξε
966 3951 1266 4015 παντελῶς.
1323 3950 1560 4017 Σαῦλος
1601 3948 1670 4002 δὲ
1697 3951 1786 4003 ἔτι
1814 3949 1916 4018 ἐμ-

315 4038 519 4093 πνέων
543 4035 799 4105 ἀπειλῆς
840 4036 938 4090 καὶ
973 4036 1164 4105 φόνου
1208 4037 1295 4100 είς
1322 4033 1464 4100 τοὺς
1498 4032 1769 4103 μαθητὰς
1806 4032 1914 4085 τοῦ

316 4122 562 4192 ιιίφίου,
608 4121 790 4192 ἀφῆκε
827 4120 888 4173 16
922 4119 1131 4190 πλῆθος
1152 4159 1166 4182 ,
1202 4119 1298 4171 καὶ
1330 4120 1441 4181 τοῖς
1475 4116 1702 4188 ἄρχουσι
1727 4115 1913 4169 λοιπὸν

311 4206 587 4279 ἐπεπήδα.
619 4205 831 4276 Ὥσπερ
864 4203 973 4274 γὰρ
994 4205 1023 4257 ό
1049 4203 1268 4274 δένδρον
1293 4201 1621 4273 βουλόμενος
1634 4201 1910 4270 ἐκτεμεῖν,

310 4291 441 4353 τοὺς
484 4288 709 4352 κλάδους
746 4289 925 4357 ἀφεὶς,
976 4285 1225 4341 κάτωθεν
1264 4285 1526 4339 ἐκκόπτει
1584 4284 1687 4353 τὴν
1732 4282 1908 4354 ῥίζαν,

312 4372 458 4427 οὕτω
491 4373 555 4444 δὴ
582 4372 678 4428 καὶ
707 4366 861 4435 οὗτος
895 4371 989 4425 ἐπὶ
1009 4370 1137 4434 τοὺς
1172 4367 1422 4441 μαθητὰς
1446 4364 1604 4439 ἦλθε,
1624 4366 1723 4438 τὴν
1754 4367 1911 4438 ῥίζαν

312 4455 408 4511 τοῦ
451 4454 806 4529 κηρύγματος
838 4453 1163 4525 βουλόμενος
1200 4452 1431 4506 ἀνελεῖν.

386 4607 552 4663 Ἀλλά
581 4607 684 4662 οὐκ
709 4601 851 4677 ἦσαν
886 4603 1034 4678 ῥίζαι
1054 4600 1147 4657 τοῦ
1182 4598 1540 4673 κηρύγματος
1561 4599 1611 4652 οἱ
1647 4597 1908 4669 μαθηταὶ,

310 4694 431 4749 ἀλλ’
465 4696 496 4747 6
534 4692 645 4745 τῶν
692 4689 950 4762 μαθητῶν
984 4685 1278 4755 Δεσπότης.
1323 4682 1423 4736 Διά
1461 4681 1620 4735 τοῦτο
1664 4680 1760 4733 καὶ
1793 4681 1903 4734 ἐλε-

310 4795 438 4848 γενο
464 4832 475 4841 _
499 4775 640 4846 Ἐγώ
680 4777 797 4845 είμι
834 4774 873 4842 ἡ
924 4772 1229 4842 ἄμπελος,
1275 4767 1447 4837 ὑμεῖς
1493 4764 1567 4819 τὰ
1607 4764 1905 4835 κλήματα.

321 4861 539 4934 ἶΕκείνη
587 4860 643 4913 δὲ
690 4856 1135 4927 ἀκαταγώνιστος
1174 4857 1212 4925 ἡ
1269 4852 1413 4925 ῥίζα.
1458 4849 1558 4903 Διά
1601 4848 1761 4934 τοῦτο
1800 4850 1910 4934 ὅσῳ

309 4928 538 5002 πλείονα
561 4944 847 5014 ἐξέτεμνον
874 4941 1153 5010 κλήματα,
1171 4936 1411 5007 τοσούτῳ
1436 4935 1532 4989 καὶ
1559 4931 1779 4986 πλείονα
1815 4933 1911 4986 καὶ

312 5030 538 5103 μείζονα
567 5028 726 5082 πάλιν
753 5025 1101 5080 ἐϐλάστανεν.
1126 5019 1429 5103 Ἐξετμήθη
1459 5016 1593 5103 γοῦχ
1616 5016 1907 5103 Στέφανος,

313 5099 407 5166 καὶ
464 5113 835 5183 ἀνεϐλάστησε
891 5106 1104 5171 Παῦλος
1162 5106 1258 5159 καὶ
1304 5105 1353 5157 οί
1404 5101 1495 5156 διά
1548 5099 1760 5183 Παύλου
1804 5116 1911 5183 ,πι-

314 5192 659 5258 σπεύσαντες.
732 5181 999 5265 Ἐγένετο
1044 5192 1143 5255 δὲ,
1195 5188 1395 5259 φησὶν,
1444 5186 1516 5240 ἐν
1553 5182 1635 5250 τῷ
1661 5181 1909 5254 ἐγγίζειν

315 5277 504 5334 αὑτὸν
527 5274 606 5345 τῇ
633 5277 951 5344 Δαμασκῷ,
995 5275 1289 5343 ἐξαίφνης
1320 5268 1777 5338 περιήστραψεν
1803 5267 1909 5319 αὺ-

309 5362 420 5415 τὸν
444 5357 573 5431 φῶς
594 5359 677 5412 ἐκ
709 5357 818 5412 τοῦ
852 5357 1139 5424 οὐρανοῦ,
1166 5355 1268 5410 καὶ
1296 5352 1507 5408 πεσὼν
1529 5348 1631 5405 ἐπὶ
1651 5347 1762 5416 τῆς
1793 5346 1909 5417 τῆς

311 5449 546 5516 ἤκουσε
583 5440 794 5512 φωνὴν
825 5439 1132 5508 λέγουσαν
1177 5438 1361 5505 αὐτῷ,
1417 5434 1637 5498 Σαῦλε,
1685 5431 1904 5516 Σαῦλε,

311 5515 370 5582 τί
395 5545 472 5599 με
508 5527 779 5593 διώκεις;
835 5525 995 5588 Τίνος
1033 5523 1219 5576 ἕνεκεν
1256 5523 1379 5590 οὐχὶ
1411 5520 1627 5592 πρῶτον
1662 5521 1696 5588 ὴ
1755 5515 1907 5587 φωνὴ

308 5611 550 5683 ἠνέχθη,
597 5610 736 5667 ἀλλά
780 5608 1048 5680 πρότερον
1102 5605 1219 5675 φῶς
1266 5602 1429 5660 αὑτὸν
1460 5600 1905 5683 περιήστραψεν;

305 5680 442 5749 ’ῐναν
473 5680 592 5762 μεθ’
626 5692 857 5764 ἡσυχίας
900 5688 1111 5762 ἀκούσῃ
1154 5688 1255 5759 τῆς
1285 5687 1488 5756 φωνῆς.
1543 5683 1763 5755 Ἐπειδὴ
1798 5680 1907 5754 γὰρ

305 5788 335 5839 ὁ
363 5779 504 5852 πρός
528 5796 583 5833 τι
618 5779 853 5850 πρᾶγμα
888 5774 1188 5845 τεταμένος
1234 5772 1329 5826 καὶ
1355 5768 1528 5841 θυμοῦ
1562 5769 1777 5852 πλήρης
1806 5766 1906 5852 ὢν,

309 5848 422 5918 κάν
459 5848 965 5934 μυρίοινκαλῶσιν,
1016 5857 1116 5909 οὐκ
1156 5853 1583 5921 ἐπιστρέφεται,
1635 5850 1757 5913 δλος
1803 5848 1905 5918 τῆς

640 5966 911 6025 ΡΑτιιοι..
958 5961 1074 6021 Gn.
1118 5958 1220 6018 ιι.

993 404 1099 486 υτ.
1121 400 1462 458 FERENDIS
1516 399 1918 457 ιιΕΡΒΕΠΕΝε

2020 402 2079 458 ΞΤ
2120 402 2208 456 DE
2237 401 2502 460 MUTAT.
2533 402 2880 462 NOMINUM.
2922 402 3011 461 ΙΠ.

3536 404 3653 464 m1

2043 517 2416 588 προκειμένης
2444 516 2756 580 ὐτπθέσεως
2784 516 2861 571 ὢν
2880 533 2895 548 ο
2942 516 3028 570 ἵνα
3064 516 3138 589 μὴ
3177 517 3272 572 καὶ
3298 517 3391 572 ἐπὶ
3419 518 3635 574 Παύλου

2041 601 2200 655 τοῦτο
2226 601 2472 672 γένηται,
2507 602 2601 654 καὶ
2632 600 2846 671 μεθύων
2870 603 2936 671 τῇ
2966 601 3135 673 μανίᾳ
3163 602 3272 656 τῶν
3296 600 3448 674 [124]
3475 619 3637 671 γεγε·-

2041 685 2290 754 νημένων
2331 684 2771 756 παραπέμψηται
2815 684 2916 756 τὴν
2951 685 3157 755 φωνὴν,
3191 684 3223 756 ἢ
3257 685 3391 756 μηδέ
3423 685 3634 757 ἀκούσῃ

2037 752 2138 840 τὴν
2164 768 2359 840 ἀρχὴν,
2391 752 2488 840 τὴν
2517 752 2755 822 διάνοιαν
2781 752 3001 822 ἃπασαν
3039 752 3175 840 πρὸς
3206 752 3634 839 την-λεηλασίαν

2037 850 2254 922 ἐκείνην
2289 852 2460 923 ἔχων,
2497 853 2763 923 πρότερον
2787 851 2877 904 διά
2904 850 3000 904 τοῦ
3032 851 3208 919 φωτὸς
3240 851 3505 922 πηρώσας
3534 852 3636 906 αὐ-

2035 933 2129 986 τοῦ
2157 936 2281 999 τοὺς
2319 935 2651 1007 ὀφθαλμοὺς,
2678 936 2774 989 καὶ
2803 935 2896 987 τὸν
2931 934 3100 1005 θυμὸν
3122 935 3505 999 καταστείλας,
3536 937 3632 989 καὶ⁵

2037 1017 2238 1083 σϐέσας
2269 1018 2485 1073 ἅπαντα
2530 1019 2627 1088 τῆς
2662 1018 2841 1089 ψυχῆς
2868 1017 2960 1071 τὸν
2998 1017 3248 1088 θόρυϐον,
3292 1018 3387 1072 καὶ
3426 1017 3632 1088 πολλὴν

2034 1101 2095 1153 ἐν
2123 1104 2187 1173 τῇ
2229 1102 2437 1174 διανοίᾳ
2481 1102 2721 1175 γαλήνην
2764 1102 3032 1173 ποιήσας,
3094 1100 3238 1154 οὕτω
3283 1102 3383 1173 τὴν
3443 1100 3630 1173 φωνὴν

2034 1183 2268 1255 ἀφῆκεν,
2319 1187 2406 1241 ἴνα
2453 1187 2871 1258 κατενεχθείσης
2907 1186 3009 1256 τῆς
3040 1185 3360 1250 ἀλαζονείας
3389 1185 3629 1257 σώφρονι

2030 1268 2111 1339 τῷ
2139 1269 2384 1341 λογισμῷ
2414 1270 2660 1343 προσέχῃ
2685 1273 2800 1333 τοῖς
2826 1269 3144 1340 λεγομένοις
3171 1268 3377 1323 λοιπόν.
3405 1268 3625 1335 Σαῦλε,

2030 1352 2259 1417 Σαῦλε,
2318 1354 2375 1406 τί
2410 1371 2489 1422 με
2534 1352 2801 1419 διώκεις;
2848 1353 2923 1406 Οὐ
2965 1351 3217 1406 τοσοῦτον
3269 1352 3631 1421 ἐγκαλοῦντός

2030 1438 2199 1502 ἐστιν,
2249 1438 2373 1491 ὅσον
2419 1438 2882 1509 ἀπολογουμένου.
2940 1438 3005 1490 Τί
3052 1454 3118 1508 με
3149 1436 3366 1500 διώκεις
3394 1454 3408 1503 ;
3440 1436 3506 1490 Τί
3539 1454 3629 1507 μι-

2029 1521 2162 1592 κρὸν
2192 1521 2226 1593 ἢ
2257 1522 2398 1593 μέγα
2431 1522 2685 1592 ἐγκαλεῖν
2720 1522 2860 1593 ἔχων
2890 1523 3046 1592 ἐμοί;
3085 1522 3138 1574 τί
3178 1524 3308 1591 παρ’
3342 1519 3475 1590 ἐμοῦ
3506 1519 3628 1590 ηδι-

2028 1623 2098 1678 κη
2105 1607 2301 1677 μένος;
2356 1608 2438 1661 ὅτι
2464 1609 2589 1671 τοὺς
2614 1607 2841 1678 νεκροὺς
2864 1608 2894 1660 ὑ
2903 1606 3019 1676 μῶν
3044 1606 3318 1677 ἀνέστησα
3341 1621 3355 1669 ;
3390 1605 3472 1657 ὅτι
3498 1605 3628 1666 τοὺς

2026 1689 2262 1763 λεπροὺς
2284 1692 2563 1765 ἐκάθηρας
2588 1694 2670 1746 ὅτι
2695 1693 2822 1755 τοὺς
2852 1690 3115 1761 δαίμονας
3136 1690 3426 1760 ἀπήλασα;
3463 1687 3627 1744 Ἀλλά

2026 1773 2116 1829 διὰ
2174 1774 2345 1829 ταῦτα
2380 1775 2807 1848 προσκυνεῖσθαι
2860 1791 2926 1844 με
2947 1814 2962 1839 ,
3022 1774 3143 1844 οὐχὶ
3166 1770 3460 1826 διώκεσθαι
3493 1771 3623 1827 ἔδει».

2026 1859 2139 1914 Καὶ
2175 1860 2262 1914 ἵνα
2289 1859 2491 1936 μάθῃς,
2522 1860 2606 1914 ὅτι
2638 1859 2719 1926 16,
2755 1858 2824 1913 Τί
2854 1874 2932 1928 με
2955 1855 3224 1923 διώκεις;
3257 1854 3628 1927 ἀπολογουμέο

2025 1959 2117 1996 νου
2142 1943 2341 2014 μᾶλλόν
2361 1947 2531 2010 ἐστιν,
2546 1943 2776 1998 ἄκουσον
2795 1942 2912 2006 πῶς
2932 1942 3027 1995 καὶ
3048 1940 3277 2011 όΠατὴρ
3296 1938 3461 1993 αὐτοῦ
3484 1938 3620 2011 πρὸς

2024 2026 2153 2090 τοὺς
2185 2027 2472 2091 Ἰουδαίους
2513 2027 2689 2096 τούτῳ
2717 2026 2982 2098 κέχρηται
3024 2023 3107 2095 τῷ
3151 2024 3376 2094 ῥήματι.
3409 2022 3619 2094 Ὥσπερ

2023 2109 2134 2182 γάρ
2156 2103 2313 2176 οὗτος
2338 2110 2506 2179 λέγει,
2525 2110 2745 2177 Σαῦλε,
2765 2110 2982 2175 Σαῦλε,
3011 2109 3069 2162 τί
3089 2125 3167 2177 με
3187 2106 3417 2173 διώκεις
3435 2123 3454 2171 ;
3476 2105 3622 2160 οὕτω

2024 2195 2276 2258 κάκεῖνος
2321 2195 2456 2267 πρὸς
2486 2196 2614 2258 τοὺς
2650 2193 2940 2256 Ἰουδαίους
2987 2191 3158 2262 φησί·
3212 2191 3372 2256 Λαός
3391 2206 3533 2258 μου,
3564 2190 3626 2243 τί

2022 2277 2287 2346 ἐποίησά
2320 2294 2440 2343 σοι,
2470 2279 2510 2346 ἢ
2535 2279 2592 2332 τι
2609 2276 2895 2345 ἐλύπησα
2925 2291 3031 2339 σε;
3064 2272 3286 2337 Inﬁds,
3312 2272 3531 2338 Σαῦλε,
3563 2273 3623 2326 τί

2017 2378 2095 2431 με
2126 2361 2394 2428 διώκεις;
2441 2363 2573 2416 Ἰδοὺ
2596 2364 2776 2415 κεῖσαι
2810 2358 3044 2432 πρηνὴς,
3067 2356 3176 2410 ἰδοὺ
3205 2356 3414 2409 δέδεσαι
3450 2356 3621 2426 χωρὶς

2024 2444 2285 2509 ἁλύσεως.
2328 2446 2543 2516 Ὠσπερ
2577 2441 2670 2498 οὖν
2717 2444 2845 2497 ὅταν
2882 2440 3149 2511 δεσπότης
3186 2438 3408 2509 οἰκέτην
3447 2438 3620 2493 πολλὰ

2022 2528 2424 2599 περιφεύγοντα
2443 2529 2538 2581 καλ⁵
2561 2528 2732 2599 μυρία
2756 2524 3126 2596 ἐργαζόμενον
3141 2522 3290 2576 δεινὰ
3310 2520 3490 2577 λαϐὼν
3512 2522 3619 2576 ὑπὸ

2020 2615 2233 2683 χεῖρας,
2261 2613 2356 2665 καὶ
2376 2612 2547 2682 δήσας
2572 2611 2722 2679 λέγοι
2751 2609 2891 2681 πρὸς
2918 2607 3083 2662 αὐτὸν
3109 2605 3417 2676 δεδεμένον,
3435 2606 3501 2659 Τί
3531 2621 3615 2659 σοι

2023 2696 2202 2766 βούλει
2239 2697 2451 2766 ποιήσω
2493 2694 2623 2759 νῦν;
2676 2692 2784 2747 ἰδοὺ
2822 2692 3055 2761 γέγονας
3081 2690 3419 2760 ὑποχείριοςο
3472 2687 3616 2742 οὕτω

2018 2780 2117 2833 καὶ
2152 2781 2182 2831 6
2200 2779 2436 2850 Χριστὸς
2466 2778 2557 2831 τὸν
2586 2776 2800 2831 Παῦλον
2824 2774 3005 2830 λαϐὼν
3026 2813 3040 2836 ,
3079 2773 3241 2844 ῥίψας
3275 2771 3490 2843 πρηνῆ,
3518 2773 3615 2825 καί

2016 2863 2164 2935 ὁρῶν
2192 2864 2461 2935 τρέμοντα
2505 2863 2598 2915 καὶ
2640 2860 2916 2914 δεδοικότα
2959 2858 3055 2912 καὶ
3095 2857 3249 2910 οὐδὲν
3280 2852 3615 2927 ἐργάζεσθαι

2018 2947 2342 3018 δυνάμενον,
2390 2945 2560 3017 φησί·
2605 2944 2834 3010 Σοῦλε,
2876 2942 3109 3006 Σαῦλε,
3138 2941 3195 2993 τί
3230 2956 3308 3009 με
3348 2937 3618 3004 διώκειςς

2019 3030 2132 3084 Ποῦ
2158 3026 2250 3085 οῦν
2294 3034 2323 3084 6
2366 3030 2534 3101 θυμὸς
2571 3030 2776 3092 ἐκεῖνος
2805 3026 3055 3097 οἴχεταις
3096 3022 3198 3077 ποῦ
3243 3022 3298 3077 δέ
3342 3024 3375 3093 ὴ
3415 3021 3614 3091 μανίας

2019 3115 2124 3167 ποῦ
2156 3115 2218 3168 δὲ
2235 3106 2461 3182 ὁ“ζῆλος
2489 3112 2517 3164 6
2539 3112 2804 3183 άκαιρος;
2838 3108 2941 3163 ποῦ
2964 3107 3033 3161 τὰ
3054 3106 3229 3177 δεσμὰ
3258 3106 3353 3160 καὶ
3376 3107 3431 3160 αί
3457 3121 3615 3177 περι-

2016 3198 2248 3271 δρομαί;
2293 3197 2397 3252 ποῦ
2428 3199 2485 3252 δὲ
2519 3201 2552 3269 ἡ
2605 3197 2871 3268 ἀγριότης
2911 3194 3131 3264 ἐκείνης
3175 3191 3455 3261 Ἀκίνητος
3512 3189 3613 3259 μὲν

2016 3283 2115 3355 ἔσῃ
2140 3283 2256 3347 νῦν,
2288 3282 2384 3335 καὶ
2415 3280 2534 3334 οὐδὲ
2577 3280 2702 3334 ἰδεῖν
2734 3279 2827 3332 τὸν
2859 3277 3189 3347 διωκόμενον
3219 3274 3445 3327 δύνασαι
3469 3290 3482 3303 ·
3516 3272 3615 3355 καλ

2014 3369 2047 3421 6
2078 3354 2325 3421 σπεύδων
2369 3366 2465 3419 καὶ
2509 3361 2787 3433 πανταχοῦ
2835 3359 3211 3432 περιτρέχων,
3264 3354 3611 3428 χειραγωγοῦ

2016 3450 2206 3523 χρείαν
2233 3448 2377 3520 ἔχεις
2405 3446 2522 3502 νῦν.
2556 3445 2654 3500 Διά
2680 3445 2791 3515 γὰρ
2816 3443 2974 3498 τοῦτο
3003 3443 3097 3497 καὶ
3129 3442 3224 3496 νῦν
3242 3457 3404 3511 φησιν
3436 3438 3611 3510 αύτῷ,

2016 3539 2083 3592 Τί
2130 3557 2197 3610 με
2234 3537 2484 3602 διώκεις;
2536 3536 2623 3588 ἵνα
2658 3535 2805 3607 μάθῃ
2834 3534 2917 3586 ὅτι
2945 3533 3041 3587 καὶ
3078 3533 3136 3584 ἐν
3169 3530 3246 3600 τῷ
3276 3529 3384 3601 πρὸ
3415 3527 3609 3581 τούτου

2015 3629 2193 3701 χρόνῳ
2230 3625 2371 3680 ἑκὼν
2402 3623 2553 3694 αὐτῷ
2587 3622 2909 3693 συνεχώρει·
2961 3620 3043 3673 ὅτι
3074 3619 3196 3672 οὔτε
3227 3620 3410 3671 ἐκεῖνα
3443 3615 3610 3669 ἀσθε-

2015 3718 2164 3781 νείας
2192 3714 2280 3788 ἦν,
2319 3714 2442 3768 οὗτε
2461 3712 2635 3768 ταῦτα
2658 3711 2961 3782 ὠμότητος,
2989 3709 3125 3762 ἀλλὰ
3145 3709 3238 3762 καὶ
3276 3709 3461 3761 ἐκεῖνα
3491 3705 3613 3775 φιλ-

2016 3806 2353 3879 ανθρωπίας,
2384 3803 2480 3857 καὶ
2505 3800 2679 3856 ταῦτα
2708 3798 3054 3868 κηδεμονίας.
3084 3797 3151 3849 Τί
3179 3794 3274 3849 οὖν
3306 3797 3336 3848 6
3365 3794 3610 3859 Παῦλος,

2023 3897 2117 3963 Τίς
2134 3892 2206 3960 εἴ,
2230 3895 2406 3962 Κύριε
2428 3908 2447 3956 ;
2486 3891 2732 3959 Ἐπέγνω
2757 3889 2854 3959 τὴν
2874 3886 3194 3940 δεσποτείαν
3224 3883 3332 3939 ἀπὸ
3358 3885 3455 3953 τῆς
3483 3899 3612 3953 συγ-

2015 3986 2332 4057 χωρήσεως,
2369 3980 2540 4053 ἔμαθε
2584 3978 2679 4050 τὴν
2714 3976 2944 4046 δύναμιν
2985 3972 3095 4029 ἀπὸ
3123 3973 3223 4044 τῆς
3259 3972 3381 4025 τότε
3428 3969 3612 4042 πηρώο

2018 4092 2175 4138 σεως,
2203 4070 2457 4145 ὁμολογεῖ
2484 4069 2672 4124 λοιπὸν
2702 4066 2800 4138 τὴν
2846 4063 3118 4129 ἐξουσίαν.
3163 4062 3257 4129 Τίς
3286 4056 3359 4125 εί,
3386 4061 3565 4129 Κύριε
3590 4076 3611 4124 ;

2014 4158 2168 4227 Εἶδες
2212 4161 2389 4233 ψυχὴν
2438 4155 2792 4227 εὐγνώμονα;
2846 4150 2987 4218 εἶδες
3014 4151 3252 4206 διάνοιαν
3296 4148 3611 4223 ἐλευθερίας

2013 4250 2324 4321 γέμουσανς
2379 4244 2517 4309 εἶδες
2568 4243 2805 4307 συνειδὸς
2843 4241 3170 4305 ἀδέκαστον;
3219 4239 3334 4292 Οὐκ
3371 4239 3611 4293 ἀντέτειι

2014 4356 2138 4406 νεν,
2202 4339 2303 4394 οὐκ
2347 4334 2750 4406 ἐφιλονείκησεν
2775 4373 2789 4398 ,
2854 4329 2973 4385 ἀλλ’
3019 4327 3161 4397 ἔγνω
3199 4327 3291 4381 τὸν
3334 4325 3613 4395 Δεσπότην

2013 4429 2236 4491 εὐθέως.
2282 4426 2357 4483 Οὐ
2404 4423 2657 4493 καθάπερ
2704 4421 2946 4474 Ἰουδαῖοι
2978 4416 3202 4491 νεκροὺς
3233 4412 3466 4486 ὁρῶντες
3511 4413 3617 4466 ἀν-

2016 4517 2339 4586 ισταμένους
2361 4553 2375 4577 ,
2434 4512 2645 4583 πηροὺς
2708 4507 3150 4571 ἀναϐλέποντανς,
3221 4502 3456 4573 λεπροὺς
3512 4516 3612 4554 κα-

2013 4605 2374 4677 θαιρομένους
2393 4644 2408 4667 ,
2440 4602 2501 4655 οὐ
2529 4601 2687 4672 μόνον
2712 4598 2773 4655 οὐ
2792 4586 3156 4666 προσέτρεχον
3179 4588 3259 4663 τῷ
3284 4590 3459 4646 ταῦτα
3485 4606 3612 4645 ποι-

2011 4693 2182 4757 οῦντι,
2225 4692 2362 4747 ἀλλά
2398 4690 2492 4743 καὶ¹
2544 4687 2744 4742 πλάνον
2784 4683 2945 4737 αὐτὸν
2988 4682 3218 4736 ἐκάλουν
3243 4720 3258 4745 ,
3304 4681 3399 4733 καὶ
3431 4678 3613 4733 πάντα

2010 4782 2212 4853 τρόπον
2243 4777 2534 4848 ἐπιϐουλῆς
2556 4774 2766 4830 ἐκίνουν
2785 4791 2799 4804 ·
2848 4771 2963 4825 ἀλλ’
2995 4771 3094 4840 οὐχ
3127 4772 3156 4823 6
3176 4768 3389 4833 Παῦλος
3412 4764 3608 4832 οὕτως,

2012 4868 2127 4922 ἀλλ’
2170 4866 2374 4930 εὐθέως
2421 4861 2748 4936 μετετίθετο.
2816 4858 2883 4913 Τί
2926 4854 3018 4913 οὖν
3067 4859 3096 4912 6
3134 4857 3404 4928 Χριστός;
3470 4855 3612 4926 Ἐγώ

2012 4960 2130 5028 εἰμι
2161 4955 2425 5024 Ἰησοῦς,
2476 4953 2548 5007 ὃν
2597 4950 2678 5006 σὺ
2719 4949 2970 5015 διώκεις.
3025 4948 3137 5001 Καὶ
3187 4947 3277 5002 διά
3315 4945 3369 4999 τί
3413 4945 3487 5017 μὴ
3533 4941 3613 4999 εἷ-

2014 5062 2148 5112 πεν,
2184 5041 2327 5111 Ἐγώ
2341 5039 2455 5107 είμι
2482 5038 2691 5110 Ἰησοῦς
2728 5040 2758 5092 6
2790 5035 3064 5101 ἀναστὰς,
3110 5033 3224 5105 ἐγώ
3251 5036 3368 5105 εἰμι
3399 5034 3612 5104 Ἰησοῦς

2013 5137 2072 5190 ἐν
2105 5134 2256 5206 δεξιᾷ
2300 5130 2394 5186 τοῦ
2433 5128 2570 5183 Θεοῦ
2619 5127 2965 5199 καθήμενος,
2987 5124 3139 5190 ἀλλ’,
3186 5125 3332 5194 Ἐγώ
3351 5125 3468 5192 ειμι
3492 5124 3613 5187 Ἰηο

2012 5223 2166 5291 σοῦς
2187 5262 2202 5286 ,
2238 5220 2310 5275 ὃν
2357 5217 2439 5274 σὺ
2481 5217 2714 5283 διώκεις
2734 5232 2753 5282 ;
2785 5216 2907 5269 Ἵνα
2934 5212 3115 5285 πλήξῃ
3148 5212 3312 5268 αὐτοῦ
3351 5210 3451 5282 τὴν
3491 5208 3615 5262 διά-

2013 5328 2183 5379 νοιαν,
2214 5311 2304 5364 ἴνα
2331 5305 2608 5380 κατανύξῃ
2630 5303 2797 5360 αὐτοῦ
2830 5305 2929 5375 τὴν
2957 5301 3154 5372 ψυχήν.
3181 5300 3448 5353 ’Ἄκουσον
3472 5293 3607 5365 γοῦν

2011 5401 2228 5458 Παύλου
2266 5396 2405 5471 μετά
2446 5395 2675 5459 πολλοὺς
2715 5393 2840 5457 τοὺς
2884 5391 3111 5462 χρόνους
3145 5386 3238 5441 καὶ
3270 5383 3438 5455 μυρία
3474 5394 3610 5471 κατ-

2011 5469 2307 5562 ορθώματα
2328 5487 2489 5543 τοῦτο
2512 5483 2836 5558 θρηνοῦντος
2855 5499 2869 5512 ·
2923 5477 3065 5548 Ἐγὼ
3090 5473 3200 5545 γαρ
3238 5474 3375 5562 ειμι,
3415 5469 3603 5562 φησὶν,

2012 5553 2400 5646 δ’έλὰχιστος
2433 5553 2615 5647 [1231'
2640 5570 2883 5625 πάντων
2927 5563 3047 5618 τῶν
3094 5560 3490 5647 ἀποστόλων,
3534 5553 3606 5647 ος

2010 5670 2122 5721 οὐκ
2147 5642 2263 5734 είμί
2283 5642 2490 5727 ἱκανός
2510 5642 2824 5714 καλεῖσθαι
2838 5654 3204 5716 ἀπόστολος,
3219 5648 3368 5703 διότι
3387 5642 3604 5734 ἐδίωξα

2010 5753 2128 5821 τὴν
2165 5732 2556 5818 Ἐκκλησίαν.
2615 5747 2678 5799 ΕΞ
2707 5744 2761 5797 δέ
2807 5743 2945 5813 μετὰ
2980 5739 3151 5811 μυρία
3203 5732 3605 5821 κατορθώματα

2011 5819 2107 5893 καὶ
2155 5835 2443 5897 τοσούτους
2486 5832 2712 5903 χρόνους
2753 5828 2912 5883 10-310
2940 5827 3191 5889 ἐπένθει,
3244 5824 3298 5879 τί
3344 5819 3490 5887 εἰκὸς
3532 5821 3603 5901 ἦν

3194 5932 3233 5992 9
