4086 6440
392 399 486 460 1H
1089 393 1178 451 DE
1219 391 1558 450 FERENDIS
1597 385 2028 450 REPREHEN’S.
2073 385 2164 445 ET
2205 389 2292 446 DE
2321 391 2577 451 MUTAT.
2619 391 2952 455 NOMINUM.
2992 395 3079 452 lil.

395 527 515 571 cum
534 511 754 568 nullum
777 524 912 581 opus
943 509 1141 566 bonum
1187 522 1350 579 penes
1379 522 1440 566 se
1463 506 1726 575 haberet,
1755 514 1810 562 et
1837 505 1998 561 illam

393 604 835 678 persequutionis
863 602 965 658 sibi
987 601 1230 657 conscius
1265 607 1443 669 esset,
1475 599 1601 656 dum
1632 600 1778 654 illam
1815 613 2000 653 vocem

390 697 644 753 audiret?

467 789 522 846 5.
569 785 831 842 Probatur
866 784 1098 842 Paulum
1137 785 1289 841 libere
1316 785 1602 850 accessisse,
1634 800 1736 838 non
1781 788 2001 838 necessi-

388 889 618 936 tate.—
650 879 849 935 Verum
893 879 1174 948 insurgunt
1203 885 1390 932 contra
1437 890 1536 931 nos
1577 874 1794 946 quidam
1845 892 1858 930 :
1905 889 2002 930 vos

393 979 580 1026 autem
608 985 677 1026 ne
704 969 1088 1040 defatigemini,
1117 977 1404 1038 appetente
1432 967 1554 1022 licet
1582 981 1803 1036 vespera
1833 983 1847 1020 :
1877 981 2001 1020 nam

401 1075 499 1130 pro
541 1060 708 1118 Paulo
752 1058 1040 1130 loquimur,
1083 1073 1180 1129 pro
1208 1059 1406 1124 Paulo,
1443 1057 1534 1129 qui
1574 1074 1669 1129 per
1715 1058 2004 1112 triennium

405 1161 568 1206 nocte
592 1151 785 1221 dieque
813 1150 1103 1221 discipulos
1124 1150 1329 1206 docuit.
1360 1149 1644 1220 lnsurgunt
1689 1149 1868 1220 itaque
1893 1149 2003 1220 jam

403 1242 691 1298 adversum
719 1257 818 1298 nos
857 1241 1057 1311 aliqui,
1104 1251 1160 1296 et
1188 1241 1376 1296 dicunt
1424 1259 1438 1294 :
1476 1241 1681 1312 Ecquid
1722 1241 1915 1296 mirum
1957 1240 2005 1295 si

401 1332 602 1388 Paulus
631 1331 952 1388 accesserit?
976 1348 1096 1388 cum
1145 1333 1288 1388 Deus
1315 1348 1501 1388 vocem
1532 1333 1676 1387 illam
1724 1333 1876 1403 quasi
1919 1332 2002 1386 fu-

399 1441 532 1480 nem
559 1423 626 1479 ad
648 1425 842 1480 collum
871 1425 988 1495 ejus
1009 1426 1281 1495 injecerit,
1314 1436 1369 1479 et
1414 1425 1492 1480 sic
1517 1425 1667 1479 illum
1695 1424 1762 1478 ad
1789 1439 1848 1479 se
1894 1433 2003 1478 tra-

407 1515 568 1571 xerit.
600 1515 852 1570 Animum
881 1515 1164 1587 diligenter
1201 1515 1470 1570 adhibete.
1514 1515 1725 1572 Etenim
1757 1515 1872 1570 haac
1922 1531 2011 1570 ar-

399 1608 611 1679 gutatio
634 1608 789 1664 nobis
801 1609 1107 1664 communis
1131 1618 1213 1664 est
1234 1624 1356 1664 cum
1383 1608 1665 1679 gentilibus
1692 1617 1746 1664 et
1771 1623 1893 1664 eum
1913 1607 2008 1663 Ju-

399 1700 561 1769 dais,
599 1701 692 1772 qui
721 1700 1109 1756 incredulitatis
1132 1715 1245 1756 suae
1273 1709 1639 1772 tegumentum
1659 1701 1718 1756 id
1753 1715 1873 1757 esse
1901 1718 2004 1772 pu-

411 1804 561 1861 tant,
593 1796 641 1850 si
668 1793 841 1849 virum
862 1795 1068 1865 just-um
1099 1795 1377 1860 ineusent,
1412 1793 1581 1865 ignari
1622 1809 1680 1849 se
1723 1793 2009 1864 dupliciter

403 1902 654 1959 peccare,
677 1897 732 1943 et
749 1888 892 1959 quod
910 1901 1150 1943 errorem
1169 1902 1321 1942 suum
1345 1902 1452 1941 non
1470 1885 1762 1956 deponant,
1784 1894 1838 1942 et
1865 1885 2008 1957 quod

405 1989 653 2037 sanctum
668 1980 758 2036 Dei
771 1979 1032 2050 ejusmodi
1046 1979 1508 2035 criminationibus
1525 1978 2009 2049 impetant.Vcrum

408 2086 510 2128 nos
526 2073 619 2128 Dei
635 2072 804 2143 gratia
825 2072 959 2138 fulti,
974 2071 1090 2143 ejus
1104 2073 1470 2128 defensionem
1489 2073 1862 2144 suscipiemus.
1881 2075 2013 2140 Qua:

414 2165 574 2235 igitur
589 2165 861 2221 accusatio
887 2174 971 2220 est
985 2165 1011 2219 ?
1043 2164 1125 2232 Vi,
1146 2164 1410 2235 inquiunt,
1435 2165 1581 2220 illum
1602 2164 1822 2220 attraxit
1845 2165 2006 2220 Dens.

408 2257 527 2324 Qua
556 2258 646 2326 vi,
664 2257 742 2313 mi
770 2257 967 2312 homo?
989 2257 1236 2327 Superne
1264 2257 1477 2312 vocavit
1506 2272 1650 2312 eum.
1678 2256 1869 2312 Credis
1891 2271 2012 2311 om-

414 2349 543 2404 nino
588 2347 732 2418 quod
759 2363 885 2404 eum
914 2363 1146 2418 superne
1173 2348 1487 2403 vocaverit?
1530 2348 1689 2418 Atqui
1722 2357 1774 2403 te
1799 2362 2012 2418 quoque

417 2440 580 2496 hodie
603 2450 762 2496 vocat
786 2455 883 2511 per
910 2440 1053 2495 illam
1094 2456 1280 2496 vocem
1301 2481 1317 2504 ,
1358 2449 1414 2496 et
1441 2449 1496 2496 tu
1539 2455 1649 2495 non
1677 2439 2014 2510 obsequeris.

422 2530 607 2587 Viden’
629 2546 735 2587 non
775 2531 943 2586 fuisse
969 2531 1098 2587 illud
1125 2531 1504 2587 necessitatis?
1532 2530 1665 2585 Nam
1692 2531 1737 2586 si
1778 2528 2018 2585 necessi-

417 2623 542 2677 tatis
568 2621 792 2689 fuisset,
821 2637 957 2694 opus
1005 2632 1121 2678 erat
1151 2631 1288 2678 utet
1320 2632 1376 2678 tu
1403 2622 1672 2678 obedires.
1700 2621 1854 2691 Quod
1882 2622 1926 2677 si
1953 2631 2013 2677 tu

418 2727 527 2768 non
551 2713 772 2769 obedias
791 2754 806 2781 ,
832 2714 1008 2785 palam
1031 2723 1115 2770 est
1135 2730 1260 2770 eum
1285 2729 1351 2770 ex
1381 2715 1659 2769 voluntate
1689 2713 2010 2770 obedivisse.

418 2803 490 2858 Et
511 2813 576 2859 ut
599 2803 822 2861 discatis
847 2804 1185 2861 vocationem
1223 2805 1447 2861 multum
1489 2805 1559 2860 ad
1599 2805 1749 2860 Pauli
1787 2805 2015 2860 salutem

415 2895 748 2962 contulisse,
806 2895 1256 2965 quemadmodum
1295 2905 1350 2951 et
1378 2895 1445 2950 ad
1489 2895 1718 2951 aliorum
1771 2895 2011 2950 omnium

422 2987 697 3042 hominum
717 3029 731 3055 ,
758 3002 858 3043 nec
883 2999 1059 3043 tamen
1086 2988 1233 3042 illum
1264 2987 1420 3043 bonis
1444 2987 1697 3059 Operibus
1716 3031 1730 3057 ,
1759 2997 1813 3043 et
1843 2987 2016 3042 laudi-

418 3079 542 3145 bus,
575 3094 692 3149 qua:
725 3079 916 3136 merito
944 3081 1234 3136 voluntatis
1268 3081 1636 3151 acquiruntur,
1673 3096 1900 3137 vacuum
1928 3095 2016 3136 re-

423 3171 672 3242 liquisse.
699 3187 875 3243 neque
905 3172 1132 3228 liberum
1173 3173 1292 3243 ejus
1320 3172 1602 3228 arbitrium
1632 3173 2015 3240 labefactasse,

421 3261 518 3317 sed
542 3262 798 3320 libentem
826 3279 947 3320 eum
979 3264 1194 3334 proprio
1219 3264 1376 3319 bonae
1419 3265 1707 3320 voluntatis
1747 3272 1896 3320 motu
1930 3278 2022 3320 ac-

422 3355 655 3411 cessisse
683 3374 700 3409 :
730 3356 836 3411 alio
865 3357 1114 3426 exemplo
1140 3356 1193 3412 id
1220 3357 1438 3428 planum
1473 3356 1686 3412 faciam.
1719 3358 2022 3413 Audierunt

421 3446 592 3503 Judzei
620 3462 806 3503 vocem
833 3462 1065 3518 superne
1093 3448 1403 3518 loquentem
1420 3485 1439 3515 -,
1473 3463 1580 3504 non
1606 3449 1728 3504 Filii
1753 3490 1768 3516 ,
1797 3449 1893 3505 sed
1921 3449 2022 3504 Pa-

425 3538 524 3593 tris
549 3538 617 3594 de
645 3538 860 3595 Christo
882 3539 1151 3609 loquentis
1172 3539 1238 3594 ad
1273 3538 1522 3594 Jordanis
1545 3539 1747 3596 ﬂuenta
1772 3581 1787 3606 ,
1819 3538 1920 3592 Hic
1949 3548 2022 3593 est

433 3626 1018 3697 Filiusmeusdilectus;
1055 3639 1110 3684 at
1131 3630 1209 3685 illi
1261 3630 1478 3698 dicunt,
1530 3630 1631 3685 Hic
1674 3640 1747 3686 est
1787 3630 2023 3686 seductor

423 3720 516 3774 ille
540 3720 754 3792 (Matth.
778 3723 831 3778 5.
875 3723 964 3778 17.
996 3732 1043 3777 et
1067 3721 1158 3776 27.
1188 3724 1302 3792 63).
1327 3723 1515 3780 Viden’
1542 3723 1888 3779 manifestum
1915 3723 2024 3778 bei-

426 3812 578 3868 lum?
607 3814 781 3870 viden‘
817 3825 1057 3886 apertam
1108 3817 1380 3888 pugnam?
1417 3817 1591 3873 viden’
1620 3817 1818 3888 ubique
1866 3827 2024 3889 grato

425 3913 486 3959 et
535 3905 798 3962 benevolo
850 3909 1030 3963 animo
1071 3924 1194 3965 esse
1239 3924 1374 3978 opus
1400 3910 1724 3981 ,animaque
1768 3911 1980 3967 sincera
2005 3955 2020 3978 ,

426 4010 603 4066 neque
629 3997 823 4054 affectu
864 4002 1268 4071 prazoccupata?
1293 4001 1432 4057 Ecce
1457 4009 1513 4058 et
1537 4002 1644 4058 illic
1676 4018 1775 4058 vox
1799 4045 1813 4069 ,
1855 4013 1911 4060 et
1939 4004 2026 4059 hic

428 4103 532 4142 vox
564 4107 582 4143 :
624 4090 720 4146 sed
762 4090 850 4146 ille
879 4092 1303 4163 obtemperabat,
1337 4095 1390 4149 hi
1419 4096 1808 4166 repugnabant.
1841 4096 2025 4169 Neque

428 4192 638 4237 tantum
677 4198 779 4239 vox
806 4186 1036 4251 auditur,
1070 4186 1165 4241 sed
1197 4187 1428 4262 Spiritus
1473 4189 1528 4243 in
1555 4189 1819 4246 columba:
1845 4192 2027 4261 specie

428 4273 659 4328 videtur.
690 4275 822 4330 Cum
853 4277 994 4331 enim
1024 4277 1256 4333 Joannes
1277 4279 1604 4350 baptizaret,
1633 4280 1879 4336 Christus
1899 4296 2027 4337 vero

428 4365 810 4438 baptizaretur,
844 4385 912 4426 ne
939 4371 1227 4448 humanam
1250 4373 1472 4443 figuram
1494 4381 1820 4442 spectantes,
1855 4374 2028 4445 bapti-

430 4468 643 4515 xantem
687 4461 953 4530 baptizato
982 4464 1408 4534 priestantiorem
1445 4465 1849 4534 existimarent,
1882 4467 2030 4522 venit

428 4564 533 4604 vox
568 4566 687 4620 qua:
709 4550 853 4606 hunc
887 4553 955 4607 ab
984 4555 1074 4608 illo
1102 4554 1476 4626 distingueret.
1511 4556 1578 4610 Et
1605 4557 1731 4627 quia
1761 4558 2026 4613 incertum

429 4655 550 4697 esse
566 4641 842 4698 videbatur
857 4643 925 4700 de
939 4660 1169 4714 quonam
1184 4661 1286 4700 vox
1304 4647 1390 4700 illa
1408 4648 1890 4718 loqueretur,venit
1906 4649 2028 4718 Spi-

429 4733 568 4788 ritus
591 4743 815 4790 sanctus
840 4735 893 4790 in
914 4736 1094 4806 specie
1120 4737 1384 4793 colunibm
1404 4780 1418 4806 ,
1443 4739 1530 4809 qui
1561 4753 1744 4794 vocem
1769 4741 1820 4793 in
1867 4745 2029 4810 caput

426 4823 629 4879 Christi
670 4825 914 4883 duceret.
957 4828 1207 4884 Attamen
1252 4838 1307 4885 et
1335 4845 1430 4900 per
1460 4846 1644 4886 vocem
1680 4833 2026 4902 przedicavit,

428 4925 486 4970 et
513 4931 611 4986 per
635 4917 890 4987 Spiritum
931 4920 1202 4984 ostendit,
1233 4921 1576 4994 Joannesque
1619 4934 1804 4994 postea
1830 4926 2029 4980 clama.

428 5007 548 5073 bat,
601 5006 723 5062 Non
767 5026 880 5064 sum
905 5010 1090 5081 dignus
1113 5054 1125 5075 ,
1154 5013 1241 5083 qui
1276 5015 1548 5085 corrigiam
1574 5015 1768 5070 solvam
1823 5018 2026 5072 calcea-

431 5102 589 5156 menti
613 5101 724 5172 ejus
751 5101 904 5174 (Luc.
934 5105 987 5160 '5.
1019 5105 1112 5178 16)
1139 5124 1152 5159 :
1182 5107 1347 5163 multa
1388 5125 1603 5182 quoque
1643 5113 1744 5166 alia
1775 5122 1881 5168 tam
1912 5129 2032 5169 vcr-

427 5191 651 5262 borum,
684 5211 842 5276 quam
870 5211 1092 5268 operum
1126 5200 1430 5256 testimonia
1471 5214 1847 5272 accesserunt,
1880 5215 1936 5262 et
1960 5207 2028 5262 ad

429 5285 680 5341 omniain
701 5291 940 5344 cmcitate
957 5302 1271 5349 manserunt
1291 5311 1305 5361 ;
1328 5296 1434 5352 imo
1451 5296 1696 5352 viderunt
1715 5297 1914 5362 omnia,
1935 5299 2028 5354 sed

430 5393 608 5448 neque
625 5379 781 5435 dietis
803 5397 975 5452 neque
1003 5384 1155 5440 factis
1180 5386 1477 5453 credidere,
1504 5388 1860 5458 pra‘judicatze
1890 5391 2028 5460 vulgi

429 5471 701 5538 Opinionis
745 5473 947 5528 insania
979 5475 1216 5545 ipsorum
1249 5490 1483 5534 mentem
1511 5493 1827 5551 occupante.
1877 5481 2030 5552 Quod

429 5561 590 5612 Ctiatn
614 5563 941 5632 evangelista
971 5565 1100 5620 dicit
1129 5585 1142 5620 :
1185 5569 1384 5624 multos
1427 5586 1618 5641 nempe
1639 5571 1945 5627 Judworum
1978 5573 2029 5628 in

430 5654 582 5708 illum
611 5655 936 5724 credidisse;
969 5659 1062 5715 sed
1086 5669 1232 5716 metu
1263 5663 1561 5734 principum
1588 5665 1760 5737 ipsum
1785 5666 2030 5722 confiteri

431 5763 537 5798 non
561 5763 716 5803 ausos
730 5763 870 5815 esse,
889 5767 956 5806 ne
968 5767 996 5804 a
1011 5767 1282 5825 synagoga
1298 5753 1618 5825 ejicercntur
1635 5757 1812 5828 (Joan.
1823 5758 2003 5831 12.42)
2015 5798 2030 5815 .

433 5837 551 5906 ipse
596 5853 724 5895 vero
769 5839 1015 5900 Christus
1059 5842 1314 5900 diccbat:
1366 5845 1631 5912 Quomodo
1667 5851 1873 5920 potestis
1919 5867 2029 5905 cre-

3596 397 3694 449 ΗΞ

2107 505 2226 560 dere
2243 549 2254 570 ,
2281 507 2368 577 qui
2393 504 2610 577 gloriam
2637 509 2698 563 ab
2725 508 2937 564 invicem
2962 509 3188 579 accipitis
3210 551 3224 575 ,
3257 519 3301 562 ct
3328 507 3566 576 gloriam,
3591 523 3704 578 quo:

2105 615 2137 650 α
2165 597 2274 652 solo
2301 598 2409 653 Deo
2432 609 2522 666 est,
2553 616 2650 652 non
2673 600 2896 670 quwritis
2926 597 3103 672 (Joau.
3133 599 3185 654 5.
3213 598 3344 670 4.θῖ
3376 597 3570 652 Verum
3594 614 3698 650 non

2107 690 2176 744 ita
2220 689 2451 756 Paulus;
2500 689 2592 745 sed
2618 706 2720 743 una
2753 691 2924 744 solum
2951 689 3130 744 audita
3183 704 3312 744 voce
3342 688 3489 760 ejus,
3541 703 3700 757 quem

2109 783 2197 837 ille
2229 781 2666 852 persequebatur,
2710 783 2885 838 statim
2930 783 3183 848 accurrit,
3228 783 3406 836 statim
3437 781 3700 844 obedivil,

2111 881 2164 928 ct
2209 890 2452 943 magnam
2488 887 2594 941 pra:
2621 890 2680 928 se
2709 875 2826 928 tulit
2856 875 3283 928 conversionem.
3323 873 3475 938 Quod
3519 873 3563 926 si
3615 872 3702 925 di-

2109 974 2318 1020 ctorum
2361 965 2662 1034 prolixitate
2711 963 3239 1035 nondeliiligemini,
3280 964 3348 1018 ad
3397 961 3539 1017 aliud
3577 977 3706 1033 pru-

2114 1059 2362 1130 pinquius
2399 1058 2705 1129 exemplum
2738 1074 2986 1128 propero.
3036 1057 3246 1112 Etenim
3291 1065 3346 1112 et
3391 1055 3582 1110 Filium
3617 1069 3707 1108 au-

2111 1153 2322 1208 dierunt
2345 1193 2359 1218 ,
2409 1161 2570 1222 atque
2601 1153 2669 1206 ita
2697 1151 2999 1218 audierunt,
3028 1159 3086 1206 ut
3112 1150 3310 1206 Paulus
3336 1149 3612 1215 audierat,
3652 1159 3708 1203 et

2111 1244 2269 1298 simili
2298 1243 2584 1299 audierunt
2613 1253 2871 1312 tempore,
2898 1252 3057 1312 atque
3093 1241 3309 1308 Paulus,
3335 1254 3507 1310 neque
3525 1247 3706 1293 tamen

2110 1338 2187 1392 sic
2210 1336 2572 1392 crediderunt.
2614 1335 2745 1389 Nam
2774 1335 2916 1390 sicut
2946 1333 3143 1389 Paulus
3166 1347 3288 1387 cum
3317 1331 3552 1397 fureret,
3581 1345 3706 1385 cum

2112 1429 2343 1485 ferocior
2369 1438 2540 1496 esset,
2583 1444 2703 1483 cum
2753 1427 3042 1497 discipulos
3095 1426 3464 1496 impugnaret,
3520 1436 3708 1477 vocem

2117 1520 2356 1587 audivit,
2402 1520 2473 1574 ita
2499 1528 2550 1574 ct
2596 1518 2788 1574 Judaii.
2822 1517 3047 1574 Ubinam
3069 1559 3083 1581 ,
3116 1527 3170 1572 et
3199 1515 3450 1586 quando?
3498 1513 3711 1584 Egressi

2116 1621 2241 1668 sunt
2261 1621 2422 1667 noctu
2443 1628 2562 1666 cum
2586 1608 2793 1666 facibus
2819 1619 2872 1666 et
2899 1609 3236 1680 lampadibus
3260 1608 3328 1663 ad
3351 1605 3710 1677 comprehen-

2115 1705 2350 1761 dendum
2403 1705 2589 1770 illum;
2622 1701 2880 1776 putabant
2915 1704 3059 1759 enim
3089 1716 3148 1757 se
3195 1715 3402 1755 merum
3438 1697 3712 1753 hominem

2116 1797 2338 1853 adoriri.
2369 1797 2502 1853 Cum
2528 1797 2687 1867 igitur
2715 1810 2810 1850 eos
2835 1810 2989 1850 suam
3017 1792 3179 1848 vellet
3205 1791 3402 1846 docere
3434 1790 3712 1852 virtutem,

2115 1906 2280 1961 seque
2294 1889 2462 1946 Deum
2481 1903 2621 1957 esse,
2637 1888 2888 1959 ipsosque
2909 1895 3094 1942 contra
3122 1883 3393 1939 stimulum
3411 1881 3713 1944 calcitrare,

2116 1985 2248 2041 dicit
2265 1984 2368 2039 illis
2383 1983 2566 2051 ,Quem
2579 1982 2804 2053 quazritis
2823 1979 2878 2052 (.1
2885 1997 3002 2036 oan.
3024 1980 3104 2035 18.
3127 1978 3212 2049 4)?
3230 1976 3422 2032 Coram
3441 1990 3505 2030 eo
3523 1982 3578 2029 et
3593 1988 3718 2044 pro-

2116 2079 2261 2133 xime
2287 2077 2530 2143 stabant,
2560 2089 2732 2144 neque
2758 2073 2906 2128 illum
2939 2070 3226 2133 videbant;
3275 2082 3462 2122 verum
3494 2067 3538 2120 is
3559 2064 3674 2134 ipse
3699 2104 3714 2126 .
3755 2079 3758 2082 ’

2116 2171 2206 2242 qui
2236 2164 2594 2240 qumrcbatur,
2640 2168 2784 2237 ipsos
2819 2181 2979 2221 manu
3008 2164 3282 2228 ducebat,
3328 2171 3383 2215 ut
3410 2175 3470 2215 se
3509 2157 3718 2213 inveni-

2117 2270 2238 2317 rent
2262 2303 2278 2329 ,
2301 2268 2367 2315 ut
2390 2259 2696 2315 ediscerent
2724 2258 2900 2328 ipsum
2927 2271 3034 2310 non
3059 2254 3282 2308 invitum
3311 2251 3379 2306 ad
3408 2247 3715 2320 patiendum

2119 2353 2332 2418 venire,
2363 2362 2450 2418 et,
2493 2351 2538 2405 si
2566 2350 2680 2421 ipse
2709 2364 2818 2404 non
2855 2347 3212 2403 concessisset
3235 2386 3250 2410 ,
3279 2355 3566 2412 numquam
3595 2339 3717 2393 illos

2122 2461 2236 2501 rem
2259 2437 2596 2515 perfecturos
2625 2441 2809 2496 fuisse.
2841 2438 3122 2509 Quomodo
3147 2436 3290 2492 enim
3313 2476 3326 2499 ,
3349 2449 3471 2489 cum
3501 2446 3601 2487 nec
3638 2431 3718 2484 in-

2121 2539 2306 2595 venire
2355 2539 2502 2593 illum
2557 2535 2816 2605 possent,
2870 2532 2977 2587 imo
3013 2545 3082 2585 ne
3111 2528 3296 2584 videre
3322 2523 3540 2597 quidem
3579 2537 3720 2593 pra:-

2121 2641 2328 2688 sentem
2348 2632 2371 2684 ‘3
2391 2629 2506 2686 Non
2532 2628 2691 2683 modo
2719 2636 2897 2680 autem
2927 2629 3246 2694 praesentem
3279 2617 3460 2673 videre
3489 2630 3596 2670 non
3618 2628 3718 2684 po-

2123 2731 2370 2789 tuerunt,
2423 2719 2518 2776 sed
2543 2734 2666 2775 cum
2715 2715 3010 2772 sciscitanti
3056 2710 3479 2783 responderent,
3519 2723 3586 2762 ne
3641 2705 3720 2759 sic

2121 2816 2333 2886 quidem
2353 2813 2624 2876 sciebant,
2656 2809 2901 2880 quisnam
2928 2817 3054 2862 tunc
3082 2818 3319 2874 praesens
3344 2807 3487 2856 esset
3514 2817 3527 2853 :
3552 2812 3721 2868 usque

2123 2899 2260 2963 adeo
2285 2906 2469 2961 oculos
2509 2918 2694 2959 eorum
2719 2906 3104 2957 excrecavera-t.
3145 2895 3257 2951 lmo
3288 2909 3356 2949 ne
3401 2892 3452 2946 id
3503 2889 3722 2962 quidem

2124 3007 2330 3054 tantum
2349 3039 2362 3064 ,
2387 2986 2482 3052 sed
2507 2996 2670 3051 etiam
2697 3008 2825 3049 voce
2848 2987 2969 3047 illos
2987 2989 3207 3060 supinos
3237 2985 3526 3056 prostravit
3555 3000 3570 3036 :
3597 2995 3722 3035 nam

2126 3102 2184 3148 ut
2218 3090 2392 3157 dixit,
2426 3089 2584 3155 Quem
2615 3084 2883 3156 qua-ritis?
2912 3083 3160 3138 abierunt
3212 3091 3402 3133 omnes
3428 3084 3722 3130 retrorsum

2125 3186 2194 3241 ab
2223 3186 2323 3239 hac
2351 3199 2480 3238 voce
2512 3181 2672 3252 pulsi.
2699 3174 3163 3247 Quemadmodum
3192 3172 3335 3227 enim
3361 3183 3464 3224 vox
3500 3166 3722 3222 Paulum

2125 3278 2324 3348 dejccit
2357 3284 2412 3331 et
2440 3273 2794 3344 rcsupinavit,
2816 3271 2898 3324 sic
2927 3280 2976 3324 et
3004 3283 3104 3322 vox
3133 3265 3252 3319 illos
3276 3277 3463 3318 omnes
3486 3268 3729 3330 prostra-

2127 3373 2202 3428 v-it
2231 3371 2489 3440 supinos;
2522 3375 2578 3422 et
2605 3362 3058 3438 quemadmodum
3087 3359 3176 3413 ille
3205 3373 3309 3411 non
3339 3353 3553 3409 videbat
3576 3366 3723 3413 eum,

2127 3479 2287 3533 quem
2329 3459 2776 3532 persequebatur,
2808 3456 2879 3510 ita
2919 3462 2974 3509 et
3020 3452 3094 3506 illi
3134 3465 3240 3504 non
3268 3447 3522 3502 videbant
3563 3459 3724 3505 eum.

2129 3570 2287 3625 quem
2339 3551 2651 3624 quaerebant
2697 3565 2711 3615 ;
2767 3547 2904 3601 sicut
2955 3544 3044 3600 ille
3107 3553 3350 3610 tempore
3405 3536 3600 3592 furoris
3644 3535 3727 3594 sui

2129 3654 2428 3702 excaecatus
2468 3651 2586 3707 est,
2629 3641 2698 3694 ita
2739 3647 2792 3693 ct
2830 3638 2905 3691 illi
2948 3646 3188 3704 tempore
3228 3630 3428 3685 furoris
3484 3628 3564 3682 sui
3605 3638 3733 3680 sunt

2131 3733 2404 3791 cxcaecati.
2439 3732 2650 3787 Etenim
2682 3731 2772 3784 ille
2798 3744 2921 3784 cum
2972 3727 3074 3780 iret
3119 3724 3354 3777 vinctum
3401 3718 3727 3789 discipulos,

2131 3837 2185 3882 et
2215 3826 2274 3880 hi
2295 3841 2417 3880 cum
2446 3824 2654 3878 exirent
2697 3821 2969 3890 alligatum
3021 3815 3292 3870 Christum
3318 3853 3333 3878 ,
3367 3810 3554 3898 eadem
3587 3808 3730 3878 passi

2132 3930 2278 3976 sunt.
2308 3919 2420 3975 Illic
2444 3917 2656 3974 vincula
2678 3957 2692 3984 ,
2736 3925 2790 3970 et
2816 3913 2904 3967 hic
2950 3925 3162 3981 quoque
3193 3905 3438 3968 vincula;
3475 3903 3581 3956 illic
3609 3917 3730 3972 pcr-

2132 4012 2378 4086 sequutio
2397 4055 2412 4080 ,
2440 4010 2529 4066 hic
2553 4009 2718 4064 etiam
2775 4003 3153 4077 persequutio,
3213 4001 3321 4054 illic
3349 3997 3561 4052 excitus
3581 4037 3598 4062 ,
3643 3993 3729 4048 hic

2135 4109 2264 4164 item
2291 4105 2534 4169 caecitas;
2567 4101 2678 4157 illic
2707 4115 2832 4166 vox,
2856 4097 2943 4151 hic
2963 4110 3175 4167 quoque
3201 4108 3305 4148 vox
3341 4109 3354 4146 :
3377 4088 3569 4144 similis
3592 4096 3736 4140 utro.

2134 4198 2294 4270 hique
2321 4195 2519 4252 Christi
2550 4192 2804 4264 potentia:
2846 4186 3269 4251 demonstratio,
3311 4183 3505 4239 similia
3550 4195 3730 4235 reme-

2135 4292 2269 4347 dia:
2327 4300 2385 4344 at
2423 4305 2530 4342 non
2581 4285 2772 4341 similis
2822 4281 3169 4344 emendatio;
3225 4279 3369 4333 inter
3409 4280 3734 4345 azgrotantes

2132 4384 2278 4439 enim
2306 4395 2556 4451 magnum
2589 4377 2899 4433 discrimen.
2931 4373 3068 4440 Quid
3095 4371 3236 4426 enim
3268 4367 3562 4438 stupidius,
3605 4365 3732 4435 quid

2137 4475 2395 4547 ingratius
2431 4472 2569 4527 illis?
2596 4469 2922 4527 Ceciderunt
2957 4475 3250 4522 retrorsum
3275 4504 3288 4528 ,
3321 4471 3376 4517 et
3403 4473 3589 4515 rursus
3613 4473 3735 4513 sur-

2136 4577 2424 4630 rexerunt,
2470 4579 2658 4619 rursus
2701 4562 3036 4616 invaserunt.
3066 4559 3258 4615 Annon
3301 4555 3432 4625 ipsis
3469 4551 3735 4622 lapidibus

2139 4657 2560 4714 insensibiliores
2591 4652 2784 4709 erant?
2815 4651 2882 4708 Ut
2905 4664 3035 4704 vero
3060 4648 3330 4703 discerent
3375 4645 3516 4699 hunc
3559 4643 3734 4713 ipsum

2137 4768 2287 4820 esse,
2331 4751 2422 4823 qui
2452 4749 2662 4805 dixerat
2688 4747 2826 4814 illis,
2871 4741 3322 4812 Qucmquwritis?
3367 4737 3592 4808 illosque
3643 4750 3736 4789 re-

2140 4857 2373 4902 trorsum
2403 4849 2760 4914 prostraverat
2787 4853 2939 4894 :cum
2963 4835 3356 4900 surrexissent,
3389 4832 3583 4887 iterum
3605 4827 3736 4883 dicit

2137 4941 2246 4996 illis
2267 4981 2283 5005 ,
2314 4937 2476 5004 Quem
2509 4931 2780 5004 quwritis?
2833 4927 3178 4999 Respondent
3204 4926 3308 4989 illi,
3357 4923 3556 4977 Jesunt.
3597 4919 3736 4975 Tum

2139 5033 2232 5087 ille
2260 5049 2276 5085 :
2304 5027 2426 5083 Dixi
2449 5026 2584 5081 vobis
2604 5067 2618 5092 ,
2646 5027 2764 5094 quia
2784 5038 2878 5094 ego
2907 5037 3017 5077 sum
3043 5018 3224 5092 (Joan.
3249 5016 3338 5075 i8.
3369 5014 3461 5088 6);
3485 5029 3548 5070 ac
3578 5013 3624 5067 si
3651 5011 3735 5067 di—

2139 5128 2284 5180 ceret
2318 5139 2330 5176 :
2378 5119 2578 5175 Discite
2606 5132 2694 5171 me
2743 5130 2864 5171 eum
2899 5113 3074 5183 ipsum
3107 5127 3262 5176 esse,
3291 5109 3382 5181 qui
3425 5116 3582 5167 antea
3629 5101 3738 5159 dixi

2141 5196 2336 5278 vobis,
2363 5209 2527 5274 Quem
2555 5206 2822 5277 quwritis?
2863 5218 3070 5274 vosque
3095 5199 3380 5274 prostravi.
3422 5196 3622 5251 Verum
3652 5193 3739 5245 ni-

2143 5304 2217 5359 hil
2248 5302 2350 5357 hoc
2402 5299 2634 5372 profuit,
2684 5297 2780 5354 sed
2836 5297 2890 5351 in
2935 5295 3176 5351 caecitate
3223 5294 3552 5346 manserunt.
3610 5281 3739 5338 Haec

2140 5396 2320 5451 omnia
2369 5393 2529 5449 simul
2577 5401 2631 5448 et
2668 5399 2919 5447 accurate
2968 5387 3282 5448 conferens,
3324 5380 3470 5434 disce
3514 5373 3736 5438 Paulum

2143 5503 2250 5542 non
2288 5501 2354 5542 ex
2409 5486 2727 5542 necessitate
2766 5481 3093 5543 accessisse,
3138 5474 3235 5531 sed
3263 5489 3326 5529 ex
3373 5471 3516 5525 bono
3555 5467 3739 5524 animo

2143 5581 2462 5650 sinceraque
2487 5576 2840 5634 conscientia.

2216 5672 2270 5726 6.
2322 5649 2437 5724 Alio
2485 5672 2713 5738 exemplo
2762 5663 3002 5736 probatur
3032 5659 3254 5714 Paulum
3295 5656 3446 5710 libere
3473 5652 3542 5707 ad
3585 5649 3740 5719 [idem

2142 5763 2430 5816 accessisse.
2462 5759 2599 5815 Deus
2630 5775 2729 5812 nou
2757 5758 2853 5809 vim
2881 5755 3032 5824 infert
3071 5751 3370 5810 nolentibus.
3407 5743 3498 5800 sed
3523 5743 3739 5797 colentes

2144 5853 2316 5908 trahit.
2348 5883 2414 5892 -—
2443 5849 2596 5920 Quod
2624 5849 2671 5905 si
2715 5848 2766 5904 id
2815 5847 2996 5904 feralis
3045 5846 3410 5918 paticulcrque
3458 5837 3695 5896 toleretis
3720 5877 3735 5904 ,

2899 6031 2910 6076 ι
