4086 6436
393 341 430 381 :~‘
454 333 562 387 ἠδ

454 444 601 498 aliud
618 445 1197 517 derogo/opportunius
1243 450 1439 516 dicam,
1485 469 1592 524 quo
1642 456 2053 514 ineluctabiliter

455 537 859 594 demonstratur
877 542 1097 597 Paulum
1128 559 1229 598 non
1253 561 1317 599 ex
1342 549 1659 604 necessitate
1679 550 1744 604 ad
1768 551 2048 608 Dominum

417 661 422 666 -
457 628 770 683 accessisse.
818 629 977 685 Venit
1021 641 1202 700 postea
1245 633 1441 689 Paulus
1484 637 1808 695 Salaminem
1849 641 2009 713 Cypri
2034 684 2049 708 ,

413 716 642 786 “ibique
687 718 886 774 invenit
935 736 1145 792 magum
1191 726 1474 794 quemdam
1540 728 1642 783 sibi
1699 731 2050 788 obsistentem

409 836 412 838 η
459 810 602 878 apud
645 815 1022 882 proconsulem
1072 816 1339 888 Sergium.
1392 820 1587 875 Paulus
1645 838 1774 878 vero
1820 829 2052 896 repletus

432 937 433 940 η
460 901 658 972 Spiritu
684 913 869 958 sancto
898 907 1039 962 dixit
1080 909 1152 963 illi
1189 928 1202 965 :
1231 909 1276 965 0
1306 911 1452 981 plene
1480 915 1618 967 omni
1658 915 1803 983 dolo,
1829 927 1876 972 et
1917 921 2057 974 omni

457 997 696 1060 uersutia,
725 997 805 1065 ﬁli
823 997 1034 1067 diaboli,
1059 1017 1161 1055 non
1197 1003 1393 1059 desines
1413 1016 1693 1076 pervertere
1715 1009 1822 1064 vias
1850 1009 2055 1067 Domini

415 1109 418 1114 -
459 1095 622 1140 rectas
654 1086 792 1154 (Act.
824 1090 911 1145 15.
948 1091 1082 1162 l0)?
1111 1092 1235 1148 Ilmc
1275 1099 1675 1166 perscquutoris
1704 1100 1864 1155 verba
1910 1113 2053 1158 sunt.

403 1199 406 1202 ~
461 1176 695 1234 Gloriam
730 1180 956 1238 Domino
981 1184 1294 1251 referamus,
1319 1189 1408 1259 qui
1435 1189 1608 1260 ipsum
1630 1195 1911 1248 convertit.
1942 1197 2056 1250 An-

463 1276 545 1323 tea
594 1271 910 1338 audiebatis,
961 1276 1102 1346 quod
1146 1277 1450 1336 devastaret
1499 1281 1832 1354 Ecclesiam,
1863 1285 1916 1340 in
1961 1287 2058 1342 do-

431 1383 436 1386 -
463 1376 582 1417 mos
613 1363 937 1432 ingrediens,
969 1369 1292 1442 trahensque
1316 1373 1459 1429 viros
1480 1389 1544 1429 ac
1571 1377 1821 1434 mulieres
1846 1379 2060 1450 abripe-

428 1463 545 1508 -‘ret
571 1455 623 1508 in
655 1471 949 1518 carcerem.
987 1460 1171 1516 Videte
1196 1473 1391 1532 quanta
1419 1480 1542 1521 cum
1575 1466 1762 1523 fiducia
1792 1486 1932 1524 nunc
1963 1487 2057 1541 pro

451 1545 846 1612 praedicatione
889 1547 1138 1620 loquatur
1166 1569 1178 1605 :
1210 1551 1329 1608 Non
1376 1555 1592 1624 desines,
1626 1559 1821 1630 inquit,
1853 1578 2056 1631 perver-

431 1645 570 1689 »~tcre
595 1637 703 1691 vias
729 1635 941 1694 Domini
966 1645 1174 1699 rectas?
1222 1645 1286 1699 Et
1326 1664 1459 1702 nunc
1497 1665 1608 1702 cccc
1646 1668 1824 1706 manus
1853 1653 2059 1709 Domini

429 1754 434 1758 ι
463 1742 618 1792 super
641 1737 689 1782 te
714 1746 733 1783 :
762 1739 807 1783 et
832 1731 930 1786 eris
955 1749 1138 1802 ctrcus,
1165 1746 1213 1790 et
1241 1754 1341 1792 non
1370 1740 1541 1795 uidens
1568 1759 1722 1810 usque
1749 1743 1817 1796 ad
1841 1754 2054 1814 tempus.

465 1817 610 1872 Idem
638 1820 930 1876 remedium
960 1839 1115 1895 mago
1159 1827 1432 1896 imposuit,
1462 1831 1602 1900 quod
1628 1832 1726 1887 sibi
1760 1833 1856 1904 ipsi
1889 1837 2056 1891 visum

466 1910 814 1979 restituerat;
848 1915 943 1969 sed
989 1916 1080 1971 ille
1127 1921 1320 1974 mansit
1368 1921 1418 1974 in
1467 1922 1706 1978 crrcitate
1739 1943 1750 1977 :
1784 1934 1844 1980 ut
1887 1926 2061 1982 discas

467 2015 574 2056 non
602 2005 937 2061 vocationem
977 2008 1138 2063 modo
1167 2009 1390 2066 Paulum
1437 2013 1742 2080 adduxisse,
1775 2016 1868 2072 sed
1898 2019 2056 2073 etiam

467 2091 585 2160 ejus
635 2097 963 2165 propositum
1015 2101 1320 2156 voluntatis.
1368 2103 1500 2158 Nam
1547 2105 1590 2159 si
1618 2107 1827 2163 caecitas
1865 2109 1975 2165 sola
2007 2110 2058 2165 id

465 2182 754 2252 ell'ecisset,
781 2187 832 2240 in
852 2203 1007 2259 mago
1027 2190 1187 2246 etiam
1211 2191 1281 2246 idi
1289 2207 1439 2262 psum
1463 2196 1680 2252 evenire
1702 2200 2054 2268 oportuisset:

467 2274 560 2328 sed
589 2291 694 2330 non
723 2279 792 2332 ita
820 2277 1016 2335 factum
1047 2293 1149 2338 est.
1184 2283 1380 2339 Verum
1406 2287 1493 2342 ille
1522 2289 1736 2359 quidem
1762 2302 2060 2350 excarcatus

465 2375 566 2430 est,
601 2370 890 2437 proconsul
931 2381 1108 2427 autem
1154 2374 1342 2431 videns
1369 2376 1444 2444 id,
1490 2379 1631 2449 quod
1663 2379 1858 2436 factum
1904 2393 2055 2453 erat,

464 2457 710 2514 credidit.
745 2461 892 2518 Alius
921 2464 1215 2520 remedium
1256 2469 1482 2538 accepit,
1512 2479 1566 2524 et
1599 2471 1736 2526 alius
1759 2473 1932 2528 visum
1977 2491 2060 2530 re—

464 2551 756 2620 cuperavit.
790 2552 975 2609 Videte
1019 2567 1273 2626 quantum
1319 2559 1518 2614 bonum
1558 2562 1624 2615 sit
1669 2561 1867 2632 probus
1896 2564 2058 2620 animi

465 2641 718 2709 affectus;
741 2653 996 2715 quantum
1021 2663 1149 2704 vero
1167 2650 1363 2705 malum
1387 2651 1788 2723 inobsequentia
1809 2664 1861 2710 et
1883 2655 2060 2712 cordis

465 2731 710 2790 durities.
757 2735 1068 2793 Exemcatus
1099 2749 1182 2795 cst
1208 2757 1392 2812 magus
1425 2760 1437 2796 :
1466 2751 1521 2798 et
1547 2744 1636 2799 ille
1663 2745 1792 2800 nihil
1826 2747 2060 2804 lucratus

467 2833 569 2892 est,
601 2825 742 2896 quod
774 2828 1134 2900 inobsequens
1179 2830 1378 2900 fuerit;
1424 2837 1709 2904 proconsul
1752 2853 1880 2893 vero
1910 2839 2061 2893 Chri-

467 2924 608 2970 stum
653 2921 922 2988 cognovit.
953 2921 1105 2988 Quod
1151 2923 1310 2992 igitur
1340 2935 1532 2995 sponte
1578 2935 1633 2982 et
1677 2943 1743 2983 ex
1786 2931 2060 2999 proposito

465 3008 758 3062 voluntatis
791 3013 1079 3066 accesserit
1108 3013 1322 3082 Paulus,
1357 3017 1407 3071 id
1436 3019 1563 3072 satis
1583 3019 1692 3088 jam
1723 3019 2060 3076 demonstra-

467 3105 581 3152 tum
613 3108 712 3154 est.
746 3099 802 3155 ld
823 3115 953 3156 vero
987 3102 1095 3172 jam
1123 3107 1264 3170 volo,
1291 3121 1386 3162 vos
1411 3107 1462 3162 id
1494 3108 1656 3178 probe
1681 3124 1860 3175 nosse,
1894 3111 2058 3166 Deum

467 3207 666 3262 nempe
691 3209 797 3249 non
828 3194 936 3249 vim
963 3195 1159 3253 inferre
1189 3199 1512 3266 nolentibus,
1556 3202 1649 3258 sed
1679 3203 1921 3258 volentes
1952 3214 2062 3258 tra-

471 3281 620 3336 here.
668 3282 794 3340 Ideo
848 3301 1077 3357 namque
1119 3288 1290 3344 dicit:
1325 3291 1491 3346 Nemo
1541 3293 1670 3346 uertit
1714 3293 1783 3347 ad
1825 3311 1931 3361 me,
1966 3296 2063 3350 nisi

469 3375 629 3432 Pater
647 3396 786 3435 meus
802 3383 1011 3436 traxerit
1035 3400 1150 3438 eum
1175 3382 1351 3455 (Joan.
1380 3384 1433 3439 6.
1458 3382 1568 3455 ii).
1600 3384 1700 3453 Qui
1729 3401 1857 3442 vero
1879 3387 2059 3453 trahit,

469 3470 739 3527 volentem
767 3475 948 3542 trahit,
982 3475 1234 3548 humique
1251 3478 1538 3548 jacentem,
1562 3493 1624 3534 ac
1648 3494 1861 3534 manum
1888 3481 2064 3550 porri-

462 3571 704 3631 gentem.
739 3565 803 3620 Et
829 3575 888 3622 ut
922 3567 1141 3624 discatis
1183 3570 1355 3638 ipsum
1384 3571 1582 3626 nemini
1611 3571 1717 3625 vim
1749 3569 1911 3637 ferre,
1941 3579 1990 3626 et
2019 3571 2062 3626 si

470 3655 590 3725 ipso
621 3657 835 3714 volente
875 3673 972 3714 nos
1016 3660 1270 3727 nolimus,
1300 3677 1418 3732 quae
1447 3662 1516 3717 ad
1558 3663 1785 3718 salutem
1825 3672 2061 3718 nostram

469 3755 715 3816 spectant
741 3764 955 3818 pessum
983 3751 1098 3818 ire;
1128 3767 1238 3806 non
1268 3753 1407 3822 quod
1433 3755 1551 3824 ejus
1580 3755 1825 3810 voluntas
1852 3755 2063 3810 infirma

471 3838 561 3904 sit,
591 3841 685 3896 sed
715 3842 860 3913 quod
887 3845 1087 3900 nemini
1112 3846 1240 3900 velit
1266 3848 1636 3903 necessitatem
1665 3846 1865 3902 inferre
1890 3865 1901 3900 :
1924 3846 2065 3902 hanc

465 3946 586 3986 rem
608 3931 907 4002 disquirere
942 3951 1167 3992 necesse
1213 3947 1314 4004 est,
1347 3939 1596 4008 quoniam
1641 3938 1793 3993 multi
1838 3951 1981 4006 szepe
2012 3937 2064 3992 in

471 4021 718 4091 segnitiei
742 4035 854 4077 sua:
880 4023 1160 4079 obtentum
1188 4025 1288 4081 hac
1316 4026 1452 4081 futili
1480 4033 1702 4081 utuntur
1721 4026 2062 4081 defensione:

475 4126 727 4182 smpeque
755 4116 944 4169 moniti
980 4125 1038 4169 ut
1063 4116 1504 4172 illuminationem
1535 4133 1632 4174 seu
1662 4119 1919 4188 baptisma
1945 4132 2065 4172 sus-

467 4203 694 4272 cipiant,
727 4207 850 4261 vita
879 4209 1177 4263 institutum
1223 4210 1276 4264 in
1314 4209 1504 4263 melius
1542 4218 1890 4276 commutent,
1935 4209 2069 4263 alia-

471 4309 581 4364 que
606 4296 799 4353 similia
828 4297 966 4353 bona
1010 4313 1173 4368 opera
1217 4309 1592 4368 exsequantur,
1628 4309 1756 4355 tunc
1796 4301 1870 4354 illi
1902 4301 2065 4370 pigri-

1172 338 1230 394 S.
1269 339 1546 398 JOANNIS
1581 342 2056 402 CllRYSOSTOMI
2095 348 2416 407 ARClllEP.
2459 350 2994 412 CONSTANTINOP.

3647 362 3746 418 ια

2162 473 2333 520 tantes
2350 477 2401 521 et
2429 467 2750 539 refugientes
2776 471 2845 525 ita
2871 471 3198 542 respondent
3227 491 3239 526 :
3264 472 3320 528 Si
3345 473 3485 530 Deus
3503 476 3745 540 voluerit.

2162 562 2501 630 persuadebit
2543 564 2668 617 tnihi
2715 572 2772 618 et
2815 573 3115 620 convertar.
3161 565 3304 624 Sane
3349 584 3454 623 non
3499 571 3749 626 criminor

2162 652 2302 718 illos,
2353 653 2447 707 sed
2493 653 2781 708 admodum
2831 657 3092 726 approbo,
3125 659 3269 728 quod
3318 659 3384 714 ad
3429 660 3747 717 voluntatem

2164 744 2254 799 Dei
2285 745 2621 816 confugiant;
2655 748 2750 801 sed
2779 749 2900 801 volo
2926 758 3086 817 utea,
3109 765 3229 820 qua:
3254 767 3420 821 penes
3445 754 3588 823 ipsos
3609 766 3750 822 sunt,

2160 838 2407 905 aderant,
2437 849 2492 895 et
2534 841 2611 894 sic
2638 841 2836 907 dicant,
2869 843 2925 897 Si
2957 845 3114 899 'Dcus
3160 845 3412 901 voluerit.
3443 846 3573 901 Nam
3615 846 3660 902 si
3702 856 3753 902 te

2161 947 2352 986 somno
2394 947 2458 988 ac
2486 934 2730 1004 segnitiei
2779 935 3004 1002 dedens,
3053 953 3160 992 non
3189 939 3403 993 coneris
3428 939 3564 994 bona
3595 939 3754 996 edere

2163 1039 2346 1095 Opera,
2392 1025 2488 1080 sed
2535 1026 2629 1081 Dei
2676 1035 2878 1082 tantum
2927 1029 3252 1085 voluntatem
3296 1031 3579 1101 objeceris,
3625 1032 3753 1088 nihil

2163 1131 2370 1183 eorum,
2400 1118 2593 1189 quibus
2616 1133 2752 1189 opus
2775 1119 2962 1188 habes,
2980 1121 3295 1191 adipisceris
3310 1139 3581 1193 ttmquam.
3599 1123 3752 1190 Nam.

2163 1218 2222 1262 ut
2247 1209 2516 1276 dicebam,
2547 1211 2868 1266 necessitate
2895 1227 2958 1266 ac
2984 1213 3033 1266 vi
3066 1214 3336 1269 neminem
3365 1230 3614 1283 umquam
3640 1215 3754 1274 adis

2163 1301 2241 1372 git
2264 1300 2408 1356 Deus
2436 1319 2448 1355 :
2478 1303 2570 1357 sed
2599 1306 2711 1357 vult
2735 1303 2950 1373 quidem
2977 1319 3166 1360 omnes
3193 1305 3370 1360 salvos
3401 1306 3535 1370 ﬁeri,
3560 1307 3755 1362 nemini

2165 1407 2296 1448 vero
2324 1395 2699 1450 necessitatem
2727 1394 2949 1461 inducit,
2977 1395 3426 1465 quemadmodum
3466 1405 3522 1452 et
3563 1397 3757 1451 Paulus

2165 1482 2295 1538 dicit
2328 1501 2341 1538 :
2375 1484 2476 1552 Qui
2498 1485 2602 1539 vult
2626 1502 2800 1540 omnes
2825 1486 3053 1540 homines
3081 1486 3247 1541 salvos
3276 1488 3406 1555 ﬁeri,
3436 1496 3482 1541 et
3509 1487 3578 1540 ad
3611 1489 3757 1557 agni-

2167 1575 2353 1630 tionem
2389 1577 2613 1631 veritatis
2637 1577 2804 1632 venire
2833 1578 2910 1646 (l.
2939 1577 3076 1632 Tim.
3103 1577 3157 1632 2.
3187 1579 3267 1649 4).
3295 1578 3576 1646 Quomodo
3603 1579 3758 1650 igitur

2165 1681 2272 1721 non
2299 1683 2486 1724 omnes
2527 1669 2658 1723 salvi
2707 1668 2871 1732 ﬁunt,
2902 1669 2948 1723 si
2986 1669 3094 1725 vu't
3138 1684 3327 1724 omnes
3372 1671 3550 1725 salvos
3595 1670 3752 1726 ﬁeri?

2165 1760 2301 1827 Quia
2331 1777 2437 1817 non
2464 1763 2702 1818 omnium
2725 1762 2970 1816 voluntas
2999 1763 3118 1832 ejus
3149 1763 3472 1819 voluntatem
3501 1763 3755 1833 sequitur;

2169 1854 2256 1908 ille
2284 1869 2414 1910 vero
2442 1854 2642 1910 nemini
2687 1855 2794 1909 vim
2839 1853 3017 1910 infert.
3067 1855 3154 1910 Sic
3179 1864 3234 1909 et
3257 1855 3322 1909 ad
3349 1853 3648 1910 Jerusalem
3675 1855 3756 1910 di-

2167 1945 2238 1999 cit
2281 1963 2294 1999 :
2338 1943 2648 2012 Jerusalem,
2689 1943 2975 1999 Jerusalem
2999 1987 3013 2010 ,
3045 1945 3239 2014 quoties
3282 1945 3418 1998 uolui
3455 1945 3761 2015 congregare

2169 2038 2302 2106 ﬁlios
2341 2047 2474 2103 tuos,
2519 2047 2568 2092 et
2616 2037 2850 2091 noluistis
2895 2036 3045 2106 (Luc.
3079 2038 3166 2092 15.
3214 2036 3348 2106 34)?
3376 2035 3516 2104 Quid
3562 2036 3760 2106 igitur?

2170 2126 2304 2182 Ecce
2346 2128 2654 2197 relinquetur
2698 2129 2877 2182 domus
2921 2136 3085 2181 vestra
3130 2127 3324 2180 deserta
3367 2125 3488 2197 (Ib.
3537 2143 3586 2180 υ.
3631 2127 3755 2196 35).

2169 2218 2355 2274 Viden’
2382 2219 2523 2288 quod
2567 2219 2668 2274 etsi
2699 2219 2838 2274 Deus
2877 2218 3006 2273 velit
3044 2232 3140 2273 nos
3186 2217 3369 2272 salvos
3418 2216 3598 2273 facere
3623 2258 3638 2283 ,
3667 2231 3760 2271 nos

2167 2320 2344 2365 autem
2411 2310 2668 2366 accedere
2720 2311 2984 2378 nolimus,
3031 2310 3084 2365 in
3139 2311 3354 2366 interitu
3408 2310 3760 2364 maneamus?

2167 2401 2281 2456 Non
2303 2402 2446 2457 enim
2477 2403 2719 2469 invitum,
2741 2419 2848 2458 non
2870 2404 3162 2467 nolentem,
3187 2411 3246 2456 ut
3267 2417 3409 2472 saepe
3437 2410 3645 2470 repeto.
3670 2401 3760 2454 sed

2167 2493 2422 2549 libentem
2451 2502 2504 2548 et
2534 2494 2800 2549 volentem
2823 2493 3091 2549 hominem
3111 2502 3172 2546 ut
3195 2493 3398 2546 salvum
3425 2489 3586 2547 faciat
3625 2491 3760 2546 Deus

2168 2596 2386 2657 paratus
2414 2595 2514 2641 est.
2546 2586 2799 2641 llomines
2825 2585 3038 2656 quidem
3083 2585 3296 2640 famulis
3332 2585 3637 2639 volentibus
3665 2598 3760 2636 no-

2169 2677 2398 2732 lentibus
2427 2677 2690 2731 dominari
2722 2685 2776 2730 et
2819 2677 3083 2745 imperare
3108 2675 3322 2741 volunt,
3353 2689 3458 2728 non
3487 2673 3556 2728 ad
3585 2688 3759 2728 servo-

2169 2786 2286 2825 rum
2321 2771 2621 2836 utilitatem,
2653 2768 2747 2824 scd
2777 2768 2842 2823 ad
2869 2782 3020 2823 suam
3052 2768 3401 2837 respicientes
3434 2785 3446 2820 :
3472 2767 3615 2820 Deus
3639 2779 3759 2817 vero

2168 2863 2258 2934 qui
2303 2863 2514 2917 nemine
2563 2861 2783 2932 indiget,
2814 2876 2933 2916 cum
2983 2859 3077 2915 tibi
3124 2860 3496 2916 demonstrare
3539 2858 3667 2913 velit
3705 2871 3761 2912 se

2171 2955 2311 3009 nulla
2356 2970 2533 3010 rerum
2583 2964 2885 3008 nostrarum
2933 2952 3290 3021 indigentem,
3321 2952 3635 3006 servitutem
3665 2965 3760 3004 no-

2170 3056 2335 3100 stram
2387 3055 2662 3115 expetere,
2717 3044 2814 3100 sed
2847 3043 2912 3098 ad
2963 3044 3242 3098 utilitatem
3295 3042 3470 3097 solum
3526 3050 3760 3097 nostram

2171 3139 2437 3207 reSpicere
2463 3155 2476 3203 ;
2510 3153 2572 3191 ac
2603 3153 2707 3191 non
2741 3136 2806 3190 ad
2837 3151 2988 3190 usum
3016 3149 3192 3200 suum,
3221 3133 3315 3188 sed
3342 3133 3409 3188 ad
3433 3133 3763 3188 emolumen~

2171 3239 2283 3284 tum
2315 3239 2552 3284 nostrum
2582 3245 2640 3284 se
2669 3229 2847 3283 omnia
2876 3227 3051 3283 facere
3080 3245 3092 3280 :
3125 3225 3225 3280 nisi
3267 3235 3458 3296 sponte
3486 3239 3552 3279 ac
3581 3225 3761 3279 volen-

2175 3330 2254 3375 tes
2282 3321 2610 3390 gratiamque
2654 3320 2925 3374 servitutis
2956 3318 3052 3388 ipsi
3084 3317 3366 3372 reddentes
3405 3315 3758 3376 accedamus.

2173 3414 2369 3470 invitos
2394 3430 2456 3469 ac
2481 3414 2784 3469 resilientes
2827 3426 3116 3482 numquam
3155 3411 3296 3481 cogit
3325 3425 3424 3464 nec
3462 3409 3511 3463 vi
3562 3407 3758 3477 adigit;

2174 3515 2233 3560 ut
2261 3504 2529 3570 ostendat,
2559 3519 2665 3560 non
2698 3519 2756 3559 se
2780 3505 2937 3559 nobis
2961 3501 3184 3574 gratiam
3225 3501 3513 3566 servitutis,
3549 3500 3642 3556 sed
3669 3513 3760 3553 nos

2175 3597 2274 3668 ipsi
2302 3597 2523 3668 gratiam
2555 3597 2832 3652 habituros
2858 3610 2979 3650 esse
3009 3593 3250 3649 dominii.
3286 3593 3410 3647 llaec
3440 3593 3618 3663 itaque
3644 3604 3758 3644 cum

2174 3677 2428 3755 sciamus,
2473 3688 2682 3742 Domini
2713 3687 3050 3742 clementiam
3091 3683 3515 3748 considerantes,
3547 3681 3757 3751 dignum

2174 3781 2292 3852 ejus
2320 3779 2669 3850 benignitate,
2699 3787 2955 3850 quantum
2987 3775 3209 3832 facultas
3252 3775 3373 3839 erit,
3404 3777 3526 3828 vita:
3553 3771 3762 3827 institu-

2179 3884 2288 3926 tum
2319 3871 2684 3936 exhibcamus,
2717 3878 2774 3924 ut
2824 3878 2877 3924 et
2926 3882 3147 3938 regnum
3192 3865 3443 3921 cmlorum
3474 3876 3761 3932 consequa.

2177 3981 2296 4020 mur
2326 3983 2337 4019 :
2367 3980 2473 4036 quo
2521 3978 2620 4019 nos
2661 3971 2938 4018 consortes
2989 3961 3100 4015 ﬁeri
3149 3959 3452 4028 contingat,
3500 3957 3668 4025 gratia
3711 3960 3764 4008 et

2177 4054 2506 4110 humanitate
2551 4053 2762 4109 Domini
2794 4052 2962 4106 nostri
2985 4050 3112 4104 Jesu
3161 4048 3378 4113 Christi,
3407 4047 3490 4102 cui
3519 4046 3684 4116 gloria
3711 4051 3763 4097 et

2179 4147 2482 4218 imperium,
2517 4161 2621 4202 una
2647 4161 2768 4201 cum
2813 4145 2971 4200 Patre
2995 4152 3050 4197 et
3087 4149 3270 4196 sancto
3295 4141 3518 4209 Spiritu,
3549 4151 3688 4193 nunc
3713 4144 3765 4189 ct

2179 4253 2410 4306 semper,
2441 4245 2500 4292 et
2529 4237 2580 4292 in
2607 4235 2797 4291 sarcula
2830 4235 3166 4288 saeculorum.
3197 4232 3386 4284 Amen.

3427 4375 3760 4391 —.-——_

1709 4437 2532 4520 REPREHENSIO

479 4589 725 4645 εοιιωι,
756 4591 866 4646 QUI
911 4592 1206 4636 ABERANT
1248 4592 1328 4635 ΔΒ
1373 4591 1693 4646 ECCLESIA,
1741 4591 1822 4634 ΕΤ
1865 4588 2270 4633 COHORTATIO
2313 4590 2397 4632 AD
2440 4587 2839 4640 PRESENTES,

853 4691 936 4733 ET
979 4692 1042 4734 IN
1088 4690 1462 4734 PROOEMIUM
1507 4689 1825 4733 EPISTOLE
1857 4691 1938 4732 sn
1969 4689 2373 4744 COMNTHIOS,
2407 4689 2650 4732 munus
2691 4685 2976 4730 vocares
3025 4666 3115 4748 (t.
3163 4665 3305 4728 Cor.
3353 4683 3397 4725 ι.
3431 4683 3451 4724 ι
3480 4663 3527 4745 ),
3568 4683 3645 4724 ET
3693 4679 3767 4721 ne

561 4689 742 4732 TBUM
789 4693 805 4731 2

563 4790 983 4836 HUMILITATE.

556 4946 608 5000 l.
655 4945 733 5000 De
779 4947 1033 5016 paucitate
1066 4947 1355 5001 auditorum
1395 4948 1653 5019 loquitur;
1682 4967 1827 5004 umor
1870 4951 2078 5021 propria

486 5039 607 5110 facit
649 5054 762 5109 qua
795 5039 1104 5094 communia.
1155 5039 1508 5095 Tabernacula
1557 5051 1874 5113 peccatorum
1901 5044 2079 5098 domus

486 5133 714 5200 privata.
744 5161 815 5174 -—
838 5130 972 5188 Cum
1000 5132 1066 5186 ad
1098 5143 1335 5189 vestram
1367 5135 1685 5204 paucitatem
1716 5136 1901 5192 oculos
1932 5150 2080 5192 meos

485 5235 764 5289 converto,
817 5233 873 5280 et
915 5226 1154 5282 collectis
1203 5227 1258 5281 in
1312 5228 1534 5298 singulis
1570 5243 1787 5300 gregem
1841 5238 2079 5283 nostrum

487 5315 750 5372 minorem
781 5315 894 5371 lteri
925 5331 1110 5382 cerno,
1161 5329 1367 5374 maereo
1402 5320 1559 5374 simul
1586 5329 1638 5375 et
1666 5319 1873 5390 gaudeo
1906 5338 1918 5374 :
1952 5337 2080 5392 gau-

490 5409 592 5463 ulco
621 5409 832 5481 quidem
879 5421 1097 5483 propter
1123 5426 1219 5467 vos
1240 5455 1254 5480 ,
1285 5412 1376 5482 qui
1423 5411 1624 5467 adestis
1658 5430 1671 5466 :
1709 5428 1912 5468 maereo
1959 5430 2085 5468 vero

489 5513 710 5572 prepter
739 5503 878 5567 illos,
909 5505 1002 5575 qui
1043 5503 1256 5561 absunt.
1304 5505 1435 5560 Nam
1467 5519 1563 5560 vos
1600 5504 1814 5576 quidem
1843 5504 2087 5561 laudibus

493 5591 641 5662 digni
673 5593 824 5658 estis,
855 5596 994 5663 quod
1025 5611 1126 5652 nee
1153 5596 1264 5666 ipsa
1292 5596 1532 5666 paucitas
1558 5595 1969 5667 negligentiorcs
1993 5612 2088 5653 vos

497 5679 829 5736 reddiderit:
860 5683 933 5738 illi
979 5699 1106 5740 vero
1145 5685 1456 5743 criminibus
1497 5696 1623 5742 sunt
1657 5687 1910 5752 obnoxii,
1955 5703 2091 5757 quos

502 5787 673 5841 neque
693 5774 923 5829 studium
951 5784 1183 5832 vestrum
1212 5778 1277 5832 ad
1299 5779 1555 5850 majorem
1581 5779 1742 5836 animi
1773 5779 2089 5851 promptitu-

2053 4854 2205 4910 ωε

2910 4585 2994 4627 UT
3039 4584 3254 4626 CURAM
3299 4582 3554 4626 GERANT
3607 4581 3766 4623 FBA-

2207 4868 2444 4882 -η

2189 4950 2367 5003 dinem
2417 4945 2682 5002 excitarit.
2715 4943 3002 5012 Propterea
3047 4940 3232 4995 beatos
3276 4955 3371 4995 vos
3420 4937 3651 5008 prmdico
3668 4977 3702 5002 ,ρ
3723 4943 3773 4988 et

2187 5041 2526 5096 mmulatione
2569 5038 2759 5110 dignos
2802 5049 3017 5101 censeo,
3047 5033 3188 5104 quod
3219 5032 3348 5086 nihil
3392 5031 3541 5086 vobis
3568 5029 3772 5083 illorum

2190 5133 2434 5188 nocuerit
2480 5130 2802 5201 negligentia
2835 5145 2848 5181 :
2881 5127 3107 5181 miseros
3154 5133 3331 5179 autem
3364 5124 3482 5177 illos
3513 5120 3772 5193 praedia).

2189 5234 2244 5278 et
2272 5223 2522 5294 laerymis
2541 5235 2854 5292 prosequor,
2877 5217 3015 5290 quod
3035 5215 3162 5272 nihil
3190 5231 3283 5271 eos
3302 5215 3530 5269 studium
3549 5217 3770 5264 vestrum

2190 5316 2426 5387 potuerit
2470 5314 2740 5382 adjuvare.
2785 5310 2904 5366 Non
2952 5309 3093 5364 enim
3146 5303 3457 5378 prOpltetam
3503 5301 3776 5354 audierunt

2191 5410 2457 5464 dicentem
2494 5425 2506 5462 :
2541 5404 2691 5476 Elegi
2734 5405 2958 5475 abjectus
3001 5418 3106 5456 esse
3151 5401 3202 5452 in
3251 5397 3400 5451 domo
3447 5395 3542 5449 Dei
3583 5391 3772 5462 magis.

2193 5520 2344 5572 quant
2389 5498 2617 5554 habitare
2644 5498 2697 5551 in
2751 5493 3087 5550 tabernaculis
3131 5497 3445 5561 peccatorum
3479 5483 3644 5557 (Psal.
3691 5481 3774 5536 85.

2197 5595 2306 5665 ll).
2339 5593 2454 5648 Non
2480 5590 2633 5653 dixit,
2657 5588 2798 5658 Elogi
2825 5585 3070 5641 habitare
3090 5584 3142 5637 in
3161 5581 3323 5636 domo
3349 5579 3438 5634 Dei
3467 5576 3591 5642 mei,
3614 5585 3778 5676 neque

2198 5687 2418 5753 versari,
2449 5699 2622 5754 neque
2648 5681 2853 5752 ingredi
2885 5696 2900 5734 :
2928 5677 3044 5743 sed,
3074 5673 3222 5745 Elegi
3245 5674 3466 5744 abjectus
3495 5685 3618 5723 esse.
3641 5666 3779 5721 Licet

2205 5779 2342 5833 inter
2372 5776 2588 5830 ultimos
2617 5785 2889 5838 numerer,
2923 5768 3046 5825 boni
3077 5765 3320 5833 consulo,
3355 5764 3451 5818 hac
3481 5777 3539 5817 re
3569 5768 3779 5815 conten-
