4086 6412
367 414 484 473 143*

358 527 569 602 Κυρίῳ.
604 519 815 582 Ἦλθεν
854 529 934 591 είς
966 529 1065 599 τὴν
1094 528 1371 600 Σαλαμῖνα
1412 528 1510 597 τῆς
1554 519 1781 599 Κύπρου
1813 531 1950 601 μετά

359 612 535 669 ταῦτα
561 613 593 665 6
614 609 850 675 Παῦλος,
877 610 970 664 καὶ
1000 604 1159 683 εὗρεν
1203 612 1320 664 ἐκεῖ
1353 610 1525 681 μάγον
1553 610 1675 664 τινὰ
1702 611 1953 667 ἀνθιστά-

369 711 526 766 μενον
565 692 646 765 τῷ
690 692 884 763 ὑπάτῳ
934 693 1165 764 Σεργίῳ.
1227 694 1287 747 '0
1328 692 1386 747 δὲ
1432 692 1644 759 Παῦλος
1692 694 1953 765 πλησθεὶς

364 777 683 847 Πνεύματος
727 773 1034 844 ἀγίουκείπε
1060 776 1196 847 πρὸς
1225 775 1408 841 αὐτὸν,
1439 773 1508 830 Ὦ
1536 775 1777 845 πλήρης
1803 792 1954 832 παν-

362 862 469 928 τὸς
499 860 689 915 δόλου
713 860 811 913 καὶ
847 857 1054 927 πάσης
1065 859 1476 929 ῥᾳδιουργίας,
1514 860 1609 915 υἱὲ
1641 861 1952 929 διαϐόλου,

364 948 439 999 οὐ
476 945 686 1012 παύσῃ
716 941 1094 1011 διαστρέφων
1134 943 1240 1009 τὰς
1270 942 1451 1008 ὀδοὺς
1476 945 1699 1012 Κυρίου
1727 946 1831 1012 τὰς
1854 949 1952 1001 εὑ-

366 1029 572 1093 Galae;
606 1026 793 1081 Ταῦτα
824 1028 853 1079 6
884 1026 1141 1097 διώκτης.
1177 1026 1503 1098 Δοξάσωμεν
1532 1029 1712 1082 τοίνυν
1738 1028 1831 1084 τὸν
1855 1048 1953 1101 μευ

363 1109 671 1164 ταὸαλόντα
696 1107 878 1163 αὐτόν.
911 1109 1026 1179 Πρὸ
1055 1108 1247 1162 τούτου
1270 1109 1497 1178 ἠκούετε
1522 1111 1605 1163 ὅτι
1634 1110 1954 1183 ἐλυμαίνετο

363 1196 468 1265 τὴν
514 1193 864 1265 Ἐκκλησίαν,
896 1192 1041 1246 κατά
1084 1193 1214 1257 τοὺς
1246 1195 1429 1258 οἴκους
1478 1195 1953 1268 εἰσπορευόμενος,

366 1277 550 1351 σύρων
578 1294 636 1329 τε
668 1276 870 1347 ἄνδρας
908 1276 1003 1330 καὶ
1035 1280 1322 1343 γυναῖκας,
1354 1278 1642 1348 παρεδίδου
1674 1280 1755 1344 είς
1783 1281 1954 1350 φυλα-

364 1361 492 1431 κὴν.
554 1359 751 1431 Ὁρᾶτε
790 1359 907 1422 πῶς
937 1358 1378 1432 παρρησιάζεται
1427 1360 1527 1415 νῦν
1554 1361 1699 1434 ὑπὲρ
1736 1362 1826 1416 τοῦ
1852 1381 1954 1435 κη-

367 1443 668 1514 ρύγματος.
699 1444 781 1497 Οὐ
809 1443 1015 1510 παύσῃ
1041 1442 1436 1511 διαστρέφων,
1463 1443 1617 1515 φησὶ,
1645 1446 1755 1512 τὰς
1774 1447 1955 1515 ὀδοὺς

364 1526 588 1595 Κυρίου
636 1525 746 1589 τὰς
777 1525 1051 1591 εὐθείας;
1097 1525 1205 1579 Καὶ
1238 1526 1356 1580 νῦν
1388 1526 1519 1581 ὶδοὺ
1558 1527 1688 1597 χείρ
1730 1533 1951 1599 Kvplov

364 1610 464 1663 ἐπὶ
494 1608 591 1670 σὲ,
631 1607 732 1661 καί
773 1604 892 1676 ἔσῃ
926 1607 1161 1676 τυφλὸς
1182 1607 1269 1677 μὴ
1292 1610 1547 1673 ,βλέπων
1579 1610 1691 1677 ἕως
1719 1615 1949 1682 καιροῦ.

365 1693 441 1746 Τὸ
492 1693 785 1763 φάρμακον
835 1691 900 1744 τὸ
943 1692 1178 1763 ποιῆσαν
1216 1693 1377 1749 αὐτὸν
1428 1694 1749 1764 ἀναϐλέψαι,
1793 1700 1954 1754 τοῦτο

367 1776 612 1845 ἐπέθηκε
645 1775 739 1828 καὶ
778 1774 857 1846 τῷ
901 1775 1084 1846 μάγῳ,
1117 1775 1233 1829 ἀλλ’
1268 1776 1481 1847 ἔμεινεν
1516 1779 1607 1831 ἐπὶ
1636 1780 1735 1850 τῆς
1765 1783 1955 1854 πηρώ.

371 1876 514 1923 σεως
537 1861 746 1923 ἐκεῖνος
766 1874 778 1885 ⁸
806 1859 893 1912 ἵνα
920 1858 1100 1930 μάθῃς
1121 1859 1203 1914 ὅτι
1219 1859 1318 1931 οὐχ
1348 1862 1380 1933 ἡ
1402 1861 1597 1933 κλῆσις
1619 1863 1779 1934 μόνον
1801 1884 1962 1938 προσ-

365 1942 540 2013 ἡγαγε
586 1941 679 1995 τὸν
724 1940 955 2006 Παῦλον,
988 1940 1125 1995 ἀλλά
1155 1943 1249 1996 καὶ
1294 1945 1327 2014 ἡ
1362 1944 1527 1998 αὐτοῦ
1566 1946 1775 2000 ἐκείνου
1825 1966 1962 2022 προ-

367 2027 600 2097 αίρεσις.
643 2026 708 2078 Εί
749 2024 859 2096 γὰρ
903 2028 937 2098 ἡ
974 2027 1224 2098 πήρωσις
1276 2027 1429 2100 μόνη,
1461 2028 1619 2083 τοῦτο
1677 2031 1955 2104 ἐποίησεν,

368 2110 533 2182 ἐχρῆν
562 2110 656 2162 καὶ
684 2109 776 2161 ἐπὶ
801 2106 895 2161 τοῦ
925 2108 1103 2179 μάγου
1142 2109 1204 2161 τὸ
1233 2109 1366 2163 αὐτὸ
1403 2111 1687 2179 γενέσθαι·
1716 2114 1830 2169 ἀλλ’
1858 2117 1960 2171 οὐκ

366 2192 603 2261 ἐγένετο.
649 2190 789 2244 Ἀλλ’
830 2192 1036 2254 ἐκεῖνος
1065 2191 1165 2261 μὲν
1199 2192 1491 2263 ἐπηροῦτο,
1516 2197 1543 2247 ὀ
1568 2195 1626 2249 δέ
1653 2197 1959 2264 ἀνθύπατος

371 2274 493 2329 ἰδὼν
521 2274 581 2327 τὸ
623 2274 991 2345 γεγενημένον
1033 2274 1376 2330 ἐπίστευσεν.
1413 2277 1607 2343 Ἀλλος
1649 2281 1866 2348 ἐδέξατο
1900 2284 1960 2337 τὸ

369 2359 680 2430 φάρμακον,
712 2357 808 2409 καὶ
856 2357 1016 2420 ἄλλος
1047 2356 1365 2428 ἀνέὸλεψεν.
1396 2360 1583 2414 Είδετε
1614 2362 1781 2417 πόσον
1811 2367 1960 2418 ἐστὶν

368 2440 756 2512 εὐγνωμοσύνη
781 2441 1038 2505 διανοίας,
1058 2442 1224 2496 πόσον
1245 2443 1393 2496 ἐστὶν
1408 2444 1658 2500 ἀπείθεια
1684 2448 1777 2500 καὶ
1804 2446 1962 2519 σκλη-

372 2524 655 2598 ροκαρδία.
696 2523 950 2593 Ἐγένετο
997 2526 1173 2597 πηρὸς
1226 2528 1256 2579 6
1302 2526 1516 2598 μάγος·
1564 2530 1817 2593 κάκεῖνος
1862 2531 1960 2601 μὲν

367 2608 522 2663 οὐδὲν
544 2607 822 2672 ἀπώνατο,
849 2607 1083 2680 ἀπειθὴς
1111 2608 1221 2679 γὰρ
1242 2605 1331 2679 ἦν,
1356 2609 1498 2678 ἔγνω
1525 2610 1583 2665 δὲ
1612 2612 1703 2665 τὸν
1726 2612 1961 2683 Χριστὸν

368 2690 699 2755 ἀνθύπατος.
755 2690 896 2745 Ἀλλ’
925 2692 1007 2745 ὅτι
1037 2691 1136 2763 μὲν
1170 2691 1315 2753 ἐκὼν
1354 2693 1445 2747 καὶ
1487 2694 1551 2746 ἐκ
1583 2696 1962 2766 προαιρέσεως

371 2774 680 2848 προσῆλθεν
714 2775 742 2827 6
779 2772 1017 2842 Παῦλος,
1072 2775 1274 2841 ἱκανῶς
1319 2776 1715 2834 ἀποδέδεικται.
1765 2777 1961 2832 Βούλο-

374 2875 475 2929 μαι
515 2857 572 2912 δὲ
610 2856 799 2911 τοῦτον
835 2858 978 2928 ὑμᾶς
1023 2858 1270 2929 ἀκριϐῶς
1303 2860 1501 2913 ειδέναι
1533 2860 1627 2914 τὸν
1672 2861 1851 2930 λόγον,
1881 2864 1962 2917 ὅτι

375 2942 455 3012 μὴ
498 2940 857 3012 βουλομένους
902 2941 963 2993 οὐ
1002 2939 1249 3011 βιάζεται
1276 2943 1304 2995 6
1332 2942 1484 3006 Θεὸς,
1519 2943 1655 2997 ἀλλά
1704 2944 1965 3017 βουλομέ-

372 3040 499 3087 νους
544 3023 713 3077 ἕλκει.
762 3024 861 3076 Διά
897 3023 1056 3077 τοῦτο
1090 3024 1201 3095 γάρ
1235 3041 1428 3095 φησιν·
1460 3025 1672 3092 Οὐδεὶς
1718 3028 1957 3097 ἔρχεται

372 3106 526 3173 πρός
556 3122 653 3174 με,
689 3104 765 3159 ἂν
791 3106 878 3175 μὴ
904 3109 936 3161 ό
969 3105 1170 3175 Πατήρ
1192 3123 1313 3175 μου
1370 3106 1603 3177 ἐλκύσῃ
1638 3111 1845 3164 αὐτόν.
1899 3112 1956 3165 'O

371 3188 432 3241 δὲ
464 3187 657 3252 ἕλκων,
692 3188 784 3241 τὸν
828 3188 1150 3258 βουλόμενον
1196 3190 1364 3255 ἕλκει,
1400 3190 1491 3245 τὸν
1522 3192 1677 3249 κάτω
1703 3192 1957 3264 κείμενον

374 3273 472 3326 καὶ
499 3273 658 3342 χεῖρα
685 3272 970 3343 ὀρέγοντα.
998 3272 1109 3326 Καὶ
1139 3273 1227 3326 ῑνα
1264 3274 1475 3346 μάθητε
1500 3275 1581 3329 ὅτι
1611 3276 1800 3331 οὐδένα
1841 3278 1959 3350 βιά-

375 3353 551 3419 ζεται,
591 3354 705 3408 ἀλλ’
750 3355 846 3409 ἐάν
877 3357 1039 3421 αὐτὸς
1092 3356 1244 3429 θέλῃ,
1281 3360 1442 3430 ἡμεῖς
1470 3360 1530 3414 δὲ
1581 3362 1655 3433 μὴ
1694 3361 1957 3431 θέλωμεν,

374 3436 655 3490 διαπίπτει
675 3436 746 3491 τά
779 3439 879 3509 τῆς
911 3441 1187 3511 σωτηρίας
1220 3442 1400 3513 ἡμῶν,
1429 3445 1530 3498 οὐκ
1575 3445 1761 3517 ἐπειδὴ
1795 3445 1960 3499 ἀσθε·

375 3522 467 3584 vi;
496 3521 666 3576 αὐτοῦ
687 3521 748 3574 τὸ
784 3522 1059 3595 βούλημα.
1086 3525 1201 3578 ἀλλ’
1228 3526 1414 3598 ἐπειδὴ
1439 3529 1748 3598 ἀναγκάσαι
1773 3529 1966 3584 οὐδένα

378 3604 545 3670 θέλει,
594 3606 893 3673 ἀναγκαῖον
918 3608 1109 3661 τοῦτον
1152 3607 1402 3675 ἐξετάσαι
1428 3610 1519 3665 τὸν
1567 3612 1745 3681 λόγον,
1776 3613 1964 3685 ἐπειδὴ

378 3688 567 3743 πολλοὶ
596 3688 856 3754 πολλάκις
896 3691 1170 3762 προφάσει
1204 3693 1497 3765 ῥᾳθυμίας,
1525 3695 1699 3765 τούτῳ
1730 3695 1965 3766 κέχρην-

375 3789 470 3825 ται
489 3771 567 3842 τῷ
598 3775 954 3845 προσχήματι
991 3776 1093 3845 τῆς
1121 3777 1440 3846 ἀπολογίας,
1480 3780 1573 3832 καὶ
1613 3779 1963 3850 παρακαλού-

381 3870 537 3924 μενοι
566 3854 825 3920 πολλάκις
868 3858 961 3911 ἐπὶ
992 3857 1272 3930 φώτισμα,
1302 3862 1395 3914 ἐπὶ
1431 3861 1706 3925 πολιτείας
1730 3862 1960 3934 ἀρίστης

382 3935 711 4008 μεταϐολὴν,
766 3940 852 4008 ἐφ’
891 3939 1055 4011 ἕτερα
1103 3942 1332 3996 τοιαῦτα
1372 3944 1795 4016 κατορθώματα,
1844 3943 1962 3999 εἶτα

379 4022 477 4074 καί
504 4021 578 4086 ὡς
602 4022 887 4088 ὀκνοῦντες
916 4025 1013 4078 καὶ
1050 4025 1404 4096 ἀναδυόμενοι
1436 4029 1595 4082 τοῦτο
1634 4030 1960 4101 ἀποκρίνον-

378 4120 492 4167 ται,
520 4104 602 4157 ὅτι
622 4101 750 4156 Ἐὰν
767 4106 896 4178 θέλῃ
921 4107 950 4158 6
993 4107 1146 4173 Θεὸς,
1196 4110 1373 4162 πείσει
1413 4127 1501 4182 με,
1536 4113 1632 4165 καὶ
1660 4114 1962 4183 μεταθήσοο

383 4203 504 4257 μαι.
539 4188 651 4241 Καὶ
678 4190 778 4241 οὐκ
821 4189 1038 4258 ἐγκαλῶ
1081 4193 1180 4261 μὲν
1224 4192 1429 4258 αὐτοῖς,
1462 4193 1599 4248 ἀλλά
1632 4198 1727 4249 καὶ¹
1757 4197 1961 4267 σφόδρα

920 422 995 479 IN
1035 421 1265 486 ILLUD,
1303 417 1581 477 PAULUS
1631 417 1974 474 VOCATUS.
2017 417 2106 475 ΕΤ
2149 422 2236 480 DE
2276 423 2537 482 MUTAT.
2571 423 2919 483 NOMINUM.
2961 427 3048 485 IV.

2053 532 2410 604 ἀποδέχομαι,
2444 536 2528 590 ὅτι
2574 535 3017 607 καταφεύγουσιν
3061 533 3156 586 ἐπὶ
3194 531 3296 603 τὴν
3323 529 3475 603 [128}
3504 530 3643 601 ’βουσ-
3674 556 3693 565 ν·

2052 615 2151 686 λὴν
2176 616 2270 669 τοῦ
2294 618 2430 672 Θεοῦ
2455 636 2468 650 ·
2497 619 2838 693 βούλομαιδέ
2860 617 2952 671 καὶ
2979 615 3049 669 τά
3076 616 3206 686 παρ’
3236 612 3446 667 ἑαυτῶν
3471 612 3644 681 εἰσφέο
3671 642 3677 647 ~

2056 714 2194 767 ρειν,
2244 700 2340 753 καὶ
2371 699 2515 755 οὕτω
2569 702 2772 772 λέγειν,
2813 698 2938 753 Ἐἀν
2967 697 3098 771 θέλῃ
3143 698 3171 752 6
3218 697 3373 760 Θεόςυ
3410 695 3649 764 ’Λνγάρ

2055 781 2253 837 σαυτὸν
2283 782 2437 855 ὕπνῳ
2476 786 2572 840 καὶ
2623 784 2869 859 ῥαθυμίᾳ
2916 781 3215 853 παραδοὺς,
3262 780 3338 851 μὴ
3385 781 3646 851 ἐγχειρῇς

2057 866 2156 937 μέν
2184 868 2307 930 ταῖς
2355 868 2591 937 ἀγαθαῖς
2620 869 2873 942 πράξεσι,
2912 866 2972 922 τὸ
3010 866 3067 919 δὲ
3113 864 3209 919 τοῦ
3244 863 3382 918 Θεοῦ
3432 863 3679 933 θέλημαιν

2057 950 2340 1023 προδάλλῃ
2379 952 2563 1024 μόνον,
2597 953 2857 1007 οὐδέποτέ
2890 969 2973 1005 σοι
3010 949 3161 1004 οὐδὲν
3190 949 3343 1003 ἔσται
3371 946 3482 1001 τῶν
3505 944 3667 1001 δεόνςδ

2051 1050 2183 1086 των.
2215 1034 2394 1105 Ὅπερ
2421 1034 2531 1108 γάρ
2564 1035 2725 1107 ἔφην,
2753 1036 2969 1106 ἀνάγκῃ
3010 1034 3105 1087 καὶ
3131 1032 3222 1104 βίᾳ
3266 1030 3672 1113 οὐδέναπροσδς

2053 1114 2248 1183 άγεταί
2270 1132 2402 1169 ποτε
2422 1120 2451 1170 6
2470 1118 2603 1179 Θεός
2621 1134 2636 1150 ·
2658 1118 2796 1173 ἀλλά
2819 1118 2963 1172 θέλει
2982 1117 3081 1188 μὲν
3108 1115 3357 1176 ἅπαντας
3379 1112 3641 1183 σωθῆναι,
3671 1152 3693 1159 μ

2051 1198 2153 1251 οὐκ
2190 1199 2495 1268 ἀναγκάζει
2524 1201 2581 1254 δὲ
2612 1201 2836 1256 οὐδένα·
2878 1200 3061 1266 καθὼς
3093 1200 3186 1253 καὶ
3215 1197 3428 1261 Παῦλὸς
3450 1213 3640 1268 φησιν,

2065 1280 2127 1332 '0
2177 1278 2369 1335 θέλων
2414 1280 2647 1349 πάντας
2694 1283 3046 1353 ἀνθρώπους
3097 1279 3368 1348 σωθῆναι
3420 1278 3520 1333 καί
3555 1279 3645 1345 εὶς

2052 1362 2383 1431 ἐπίγνωσιν
2402 1365 2689 1434 ἀληθείας
2730 1366 2949 1421 ἐλθεῖν.
2981 1365 3107 1428 Πῶς
3138 1361 3234 1419 οὖν
3266 1364 3366 1433 οὐχ
3405 1362 3645 1425 ἅπαντες
3678 1401 3682 1405 «

2058 1446 2346 1513 σώζονται,
2392 1449 2441 1501 εί
2487 1449 2631 1503 θέλει
2683 1450 2894 1513 πάντας
2943 1448 3220 1519 σωθῆναι;
3278 1444 3499 1515 Ἐπειδὴ
3545 1446 3675 1513 οὐχν

2053 1529 2311 1584 ἁπάντων
2342 1531 2405 1584 τὸ
2437 1531 2651 1604 θέλημα
2678 1531 2758 1604 τῷ
2788 1532 3053 1604 θελήματι
3097 1532 3264 1585 αὐτοῦ
3294 1530 3509 1592 ἕπεται,
3550 1528 3665 1579 αὐοῖ

2052 1612 2144 1677 τὸς
2181 1613 2239 1666 δὲ
2275 1614 2467 1669 οὐδένα
2510 1615 2778 1686 βιάζεται.
2813 1616 2971 1670 Οὕτω
3011 1614 3109 1669 καὶ
3142 1614 3280 1684 πρὸς
3312 1611 3412 1682 τὴν
3445 1611 3645 1681 Ἰερουο

2056 1696 2238 1765 σαλήμ
2276 1713 2441 1768 φησιν
2465 1714 2480 1729 ·
2518 1698 2930 1768 Ἰερουσαπὴμ,
2973 1693 3404 1767 Ἰερουσαλὴμ,
3450 1690 3645 1746 ποσά-

2060 1793 2154 1843 κις
2174 1777 2451 1848 ἠθέλησα
2467 1779 2936 1852 ἐπισυναγαγεῖν
2951 1780 3023 1834 τὰ
3047 1776 3227 1834 τέκνα
3248 1792 3389 1841 σου,
3412 1775 3507 1830 καί
3530 1775 3643 1827 οὐκ

2057 1859 2444 1929 ήθελήσατε;
2483 1862 2549 1916 Τί
2587 1859 2716 1928 οὖνς
2768 1864 2913 1919 Ἰδοὺ
2951 1863 3188 1933 ἀφίεται
3222 1865 3254 1916 d
3294 1858 3458 1924 οἶκος
3485 1856 3647 1926 ὑμῶν

2058 1942 2299 2012 ἔρημος.
2339 1944 2502 2016 Ὁρᾷς
2550 1945 2654 2011 ὅτι,
2688 1945 2792 2001 κᾶν
2826 1946 2957 2017 θέλῃ
3002 1948 3035 1998 δ’
3077 1945 3210 2008 Θεὸς
3260 1944 3452 2005 σῶσαι,
3486 1941 3645 2009 ἡμεῖς

2057 2024 2115 2077 δὲ
2145 2025 2374 2089 ἑαυτοὺς
2401 2026 2476 2098 μὴ
2504 2027 2800 2099 ἐπιδῶμεν,
2835 2029 3066 2100 μένομεν
3096 2028 3189 2081 ἐπὶ
3214 2026 3311 2096 τῆς
3333 2022 3641 2085 ἀπωλείας;

2059 2109 2133 2160 Οὐ
2158 2107 2269 2180 γάρ
2296 2108 2519 2175 ἄκοντα,
2552 2109 2674 2165 οὐδέ
2707 2113 2781 2183 μὴ
2814 2111 3160 2183 βουλόμενον,
3185 2111 3323 2180 ὅπερ
3347 2107 3491 2174 λέγω
3518 2102 3646 2158 πολ-

2059 2189 2238 2256 λάκις,
2260 2191 2377 2246 ἀλλ’
2401 2193 2598 2247 ἐκόντα
2619 2196 2713 2248 καὶ
2734 2193 3169 2266 προαιρούμενον
3198 2189 3647 2263 παρεσκεύασται

2061 2275 2255 2339 σώζειν
2294 2278 2323 2331 6
2370 2278 2503 2342 Θεὸς
2552 2279 2645 2333 τὸν
2698 2280 3004 2351 ἄνθρωπον.
3043 2269 3646 2347 ιἌνθρωποιμὲνγὰρ

2024 2360 2153 2435 ⁹,καὶ
2200 2360 2436 2415 ἑκόντων
2469 2362 2564 2414 καὶ
2598 2362 2840 2415 ἀκόντων
2873 2361 2983 2414 τῶν
3020 2358 3250 2414 οἰκετῶν
3302 2356 3581 2426 βούλονται
3617 2365 3644 2393 ι

2058 2436 2199 2495 εἶναι
2228 2444 2324 2496 καὶ
2347 2442 2651 2508 δεσπόζειν·
2684 2444 2746 2498 οὐ
2782 2445 2919 2516 πρὸς
2945 2445 3006 2497 τὸ
3034 2447 3145 2507 τοῖς
3167 2443 3406 2503 οἰκέταις
3436 2437 3646 2508 συμφέο

2064 2543 2175 2595 ρον,
2207 2525 2345 2580 ἀλλά
2385 2527 2525 2599 πρὸς
2570 2526 2667 2598 τὴν
2699 2529 2908 2582 οίκείαν
2949 2528 3142 2598 χρείαν
3180 2525 3417 2596 ὁρῶντες
3466 2520 3646 2575 αὐτῶν

2058 2606 2441 2673 δεσπόζουσιν·
2477 2612 2504 2663 6
2529 2610 2585 2663 δέ
2621 2610 2755 2674 Θεὸς
2782 2610 3037 2681 ἀνενδεὴς
3068 2608 3166 2676 ὢν,
3197 2607 3292 2661 καὶ
3327 2602 3646 2677 βουλόμενός

2062 2707 2142 2743 σοι
2173 2690 2365 2756 δεῖξαι,
2397 2692 2481 2745 ὅτι
2520 2693 2734 2757 οὐδενὸς
2767 2692 2877 2748 τῶν
2905 2694 3194 2764 ἡμετέρων
3235 2690 3509 2759 δεόμενος,
3541 2685 3646 2755 τῆς

2058 2774 2301 2839 δουλείας
2333 2775 2493 2846 ἡμῶν
2519 2777 2754 2847 ἐφίεται,
2786 2779 2903 2835 ἀλλ’
2935 2781 3014 2842 είς
3044 2779 3101 2832 ἓν
3135 2778 3294 2849 μόνον
3328 2772 3546 2828 σκοπῶν
3585 2771 3646 2824 τὸ

2063 2858 2341 2929 συμφέρον
2363 2861 2518 2929 ἡμῖν,
2546 2862 2640 2913 καὶ
2671 2862 2731 2914 οὐ
2757 2863 2856 2933 τῆς
2878 2860 3042 2915 αὐτοῦ
3071 2861 3257 2933 χρείας
3279 2859 3486 2921 ἕνεκεν,
3509 2853 3646 2908 ἀλλά

2060 2941 2160 3009 τῆς
2186 2940 2462 3013 ἡμετέρας
2482 2942 2751 3012 ὠφελείας
2776 2944 2991 2999 ᾶπαντα
3018 2944 3270 3015 πράττει,
3292 2940 3359 2994 ἂν
3386 2938 3482 3009 μὲν
3505 2936 3649 2989 ἐκόν-

2061 3040 2153 3086 τες
2182 3024 2274 3076 καὶ
2310 3023 2620 3095 βουλόμενοι
2645 3026 2739 3080 καὶ
2766 3026 2926 3098 χάριν
2967 3024 3116 3096 αὐτῷ
3154 3025 3253 3095 τῆς
3285 3021 3528 3083 δουλείας
3565 3020 3643 3071 εξ-

2065 3105 2216 3170 δότες
2247 3105 2635 3179 προσέλθωμεν
2657 3123 2670 3137 ·
2703 3108 2936 3173 ἄκοντας
2981 3110 3075 3162 καὶ
3108 3104 3506 3177 ἀποπηδῶντας
3545 3104 3649 3155 οὐκ

2066 3190 2388 3258 ἀναγκάζει,
2429 3191 2548 3244 οὐδὲ
2598 3191 2864 3262 βιάζεται,
2904 3192 3035 3245 αὐτὸ
3084 3190 3241 3244 τοῦτο
3292 3188 3525 3251 δεικνὺς,
3566 3188 3649 3239 ὅτι

2064 3273 2166 3325 οὐκ
2193 3273 2357 3337 αὐτὸς
2386 3276 2520 3344 ἡμῖν
2548 3275 2709 3347 χάριν
2745 3277 2846 3346 τῆς
2871 3276 3136 3339 δουλείας,
3172 3274 3286 3327 ἀλλ’
3309 3275 3469 3343 ἡμεῖς
3497 3270 3647 3340 αὐτῷ

2065 3354 2226 3424 χάριν
2253 3356 2355 3425 τῆς
2382 3356 2701 3421 δεσποτείας
2739 3358 2884 3429 ἐχειν
2921 3359 3226 3429 ὀφεῢομεν.
3261 3357 3423 3409 Ταῦτ’
3450 3349 3541 3407 οὖν
3574 3355 3649 3405 εί-

2066 3436 2238 3503 δότες,
2272 3438 2367 3492 καὶ
2397 3438 2495 3510 τὴν
2519 3440 2615 3494 τοῦ
2644 3441 2914 3494 Δεσπότου
2953 3439 3360 3511 φιλανθεωπίαν
3407 3436 3649 3490 ἐννοοῦν-

2058 3537 2173 3585 τες,
2205 3519 2364 3586 ἀξίαν
2400 3523 2566 3577 αὐτοῦ
2609 3525 2711 3595 τῆς
2739 3525 3075 3595 ἀγαθότητος
3119 3524 3260 3578 κατὰ
3288 3523 3516 3592 δύναμιν
3548 3521 3651 3591 τὴν

2060 3604 2338 3677 ἡμετέραν
2362 3607 2643 3661 πολιτείαν
2670 3608 3086 3681 ἐπιδειξώμεθα,
3124 3609 3211 3662 ῖνα
3248 3609 3343 3661 καὶ
3368 3608 3466 3677 τῆς
3494 3605 3649 3675 βασι-

2059 3687 2213 3752 λείας
2241 3689 2350 3743 τῶν
2379 3691 2628 3762 οὐρανῶν
2672 3692 3051 3764 ἐπιτύχωμεν·
3093 3688 3162 3763 ἦς
3196 3692 3408 3761 γένοιτο
3441 3691 3649 3754 πάντας

2063 3770 2213 3840 ἡμᾶς
2240 3772 2535 3843 ἐπιτυχεῖν,
2567 3774 2750 3845 χάριτι
2783 3778 2879 3829 καὶ
2911 3775 3295 3846 φιλανθρωπίᾳ
3322 3774 3415 3828 τοῦ
3440 3772 3647 3844 Κυρίου

2067 3854 2225 3924 ήμῶν
2269 3854 2443 3925 Ἰησοῦ
2470 3858 2732 3928 Χριστοῦ,
2771 3851 2815 3926 ᾧ
2841 3862 2874 3930 ἡ
2913 3859 3041 3926 δόξα
3075 3860 3171 3913 καὶ
3194 3858 3255 3913 τὸ
3280 3858 3501 3930 κράτος.
3530 3856 3648 3927 ἅμα

2065 3937 2146 4007 τῷ
2172 3939 2347 4010 Πατρὶ
2379 3939 2474 3993 καὶ
2506 3940 2584 4012 τῷ
2623 3942 2766 4013 ἀγίῳ
2804 3942 3105 4015 Πνεύματι,
3136 3942 3230 3996 νῦν
3274 3943 3369 3997 καὶ
3413 3942 3520 4008 ἀεὶ,
3553 3941 3647 3995 καὶ

2071 4019 2152 4083 είς
2185 4020 2313 4083 τοὺς
2344 4021 2548 4095 αἰῶνας
2577 4025 2684 4078 τῶν
2715 4025 2944 4080 αἰώνων.
2988 4027 3177 4098 Ἀμήν.

2131 4207 2156 4235 ⁸
2185 4207 2272 4257 Hic
2293 4210 2475 4271 aliquid
2494 4210 2762 4261 desiderari
2788 4213 3007 4274 videtur,
3033 4226 3075 4260 ν.
3102 4227 3148 4276 g.
3178 4215 3343 4277 κύριοι.

1665 4524 2320 4612 ΕΠΙΤΙΜΗΣΙΣ

380 4695 549 4751 Κατὰ
576 4697 696 4753 τῶν
723 4700 1228 4773 ἀπολειφθέντων,
1271 4705 1624 4773 παραίνεσις
1646 4706 1795 4774 πρὸς
1830 4706 1972 4771 τοὺς
2007 4709 2331 4777 παρόντας,
2360 4712 2446 4775 είς
2509 4712 2567 4765 τι)
2606 4712 2893 4777 κήδεσθαι
2922 4715 3036 4767 τῶν
3099 4716 3398 4787 ἀδελφῶν,
3433 4721 3528 4773 καί
3560 4724 3647 4787 εἵς

490 4788 559 4840 τὸ
590 4793 901 4863 προοίμιον
931 4793 1039 4863 τῆς
1068 4794 1213 4864 πρὸς
1251 4798 1601 4865 Κορινθίους
1629 4797 1984 4864 ἐπιστολῆς,
2019 4818 2037 4850 ι
2072 4798 2317 4867 Παῦλος
2341 4803 2585 4871 κλητὸς,
2610 4824 2626 4854 ι
2657 4806 2754 4860 καὶ
2783 4810 2912 4877 περὶ
2957 4812 3535 4879 ταπεινοφροσύνης,

464 5130 543 5207 α’.
576 5125 743 5179 Ὅταν
762 5128 850 5190 είς
874 5127 971 5199 τὴν
998 5128 1287 5202 ὀλιγότητα
1322 5132 1499 5187 ἀπίδω
1530 5132 1629 5205 τὴν
1669 5132 1941 5207 ὑμετέραν

385 5210 486 5261 καὶ
500 5206 562 5260 τὸ
580 5208 829 5278 ποίμνιον
853 5208 1137 5282 θεάσωμαι
1163 5212 1287 5266 καθ’
1309 5215 1549 5287 ἑκάστην
1572 5215 1792 5284 σύναξιν
1810 5218 1968 5270 ἐλατ-

386 5289 672 5361 τούμενον,
699 5289 796 5343 καὶ
814 5290 1028 5363 ἀθυμῶ,
1054 5294 1149 5348 καὶ
1172 5294 1347 5368 χαίρω
1367 5314 1381 5328 ·
1412 5300 1585 5370 χαίρω
1615 5300 1711 5371 μὲν
1731 5301 1798 5354 δι’
1822 5302 1969 5371 ὑμᾶς

385 5372 515 5435 τούς
541 5373 837 5443 παρόντας,
866 5374 1062 5446 ἀθυμῶ
1102 5377 1159 5430 δὲ
1186 5378 1253 5431 δι’
1279 5378 1519 5445 ἐκείνους
1550 5384 1675 5446 τοὺς
1705 5384 1963 5447 ἀπόντας.

396 5454 591 5524 Ὑμεῖς
637 5454 737 5525 μὲν
761 5455 872 5527 γὰρ
907 5458 1147 5513 ἐπαίνων
1172 5460 1331 5526 ἀξιοι,
1363 5463 1483 5516 ούδέ
1525 5466 1635 5519 ἀπὸ
1660 5467 1760 5535 τῆς
1783 5465 1965 5534 ὀλιγό-

382 5550 546 5607 τητος
589 5537 950 5611 ῥᾳθυμότεροι
997 5544 1537 5614 γενόμενονέκεῖνοι
1571 5548 1628 5602 δέ
1674 5549 1968 5603 ὑπεύθυνοι

382 5618 766 5703 ἐγκλημάτων,
798 5622 921 5677 οὐδὲ
962 5624 1068 5677 ἀπὸ
1104 5626 1202 5697 τῆς
1235 5628 1507 5700 ὑμετέρας
1540 5629 1689 5703 [129]
1729 5631 1967 5702 σπουδῆς

381 5703 465 5765 είς
516 5702 828 5786 προθυμίαν
866 5705 1281 5779 διεγειρόμενοι.
1328 5712 1430 5765 Διά
1479 5711 1638 5768 τοῦτο
1672 5702 1834 5786 ίὺμᾶς
1866 5714 1966 5784 μὲν

383 5783 675 5857 μακαρίζω
713 5788 806 5842 καὶ
854 5786 1127 5859 ζηλωτοὺς
1154 5787 1294 5847 εἷναί
1328 5810 1489 5865 φημι,
1522 5796 1602 5850 ὅτι
1641 5783 1793 5851 οὐδὲν
1820 5798 1964 5868 ὑμᾶς

2071 5136 2419 5208 παρέΰλαφεν
2452 5137 2484 5208 ἡ
2521 5138 2746 5191 ἐκείνων
2791 5139 3052 5210 ὀλιγωρία
3074 5158 3086 5173 ·
3118 5142 3361 5207 ἐκείνους
3393 5144 3449 5198 δέ
3486 5146 3649 5199 ταλα-

2069 5218 2204 5285 νίζω
2222 5220 2315 5274 καὶ
2342 5219 2584 5294 δακρύω,
2612 5222 2695 5276 ὅτι
2726 5221 2879 5276 οὐδὲν
2914 5223 3111 5289 αὐτοὺς
3146 5225 3427 5297 ὠφέλησεν
3452 5230 3483 5298 ἡ
3516 5228 3649 5298 ὁμε-

2070 5302 2204 5373 τέρα
2229 5302 2454 5374 σπουδή.
2489 5304 2603 5358 Οὐκ
2630 5305 2869 5376 ἥκουσαν
2896 5305 3003 5377 7&9
3030 5307 3124 5360 τοῦ
3154 5310 3431 5379 προφήτου
3464 5311 3649 5379 λέγον⁴

2069 5400 2194 5449 τος·
2234 5385 2646 5457 Ἐξελεξάμην
2695 5389 3222 5460 παραρριπτεῖσθαι
3268 5390 3338 5444 ἐν
3379 5390 3460 5455 τῷ
3507 5394 3650 5459 οἴκῳ

2070 5468 2175 5523 τοῦ
2202 5469 2369 5534 Θεοῦ,
2396 5469 2436 5538 ἢ
2459 5471 2643 5526 οἰκεῖν
2660 5489 2738 5542 με
2755 5473 2829 5527 ἐν
2845 5471 3243 5541 σκηνώμασιν
3261 5473 3646 5542 ἁμαρτωλῶν.

2074 5551 2188 5605 Οὐκ
2202 5548 2374 5618 εἶπεν,
2402 5552 2764 5628 Ἑξελεξάμην
2787 5559 3057 5610 κατοικεῖν
3079 5559 3138 5609 ἐν
3158 5556 3237 5627 τῷ
3253 5558 3386 5629 οἴκῳ
3400 5558 3492 5611 τοῦ
3509 5559 3646 5612 Θεοῦ

2075 5651 2203 5702 μου,
2235 5635 2378 5702 οὐδὲ,
2417 5635 2735 5707 διατρίϐειν,
2771 5638 2910 5699 οὐδὲ,
2944 5638 3198 5694 εἰσιέναι·
3233 5641 3370 5707 ἀλλ’,
3416 5641 3648 5706 Ἕξε.ιεο

2073 5716 2109 5781 ξ
2111 5716 2272 5786 ἀμην
2292 5719 2843 5787 πφαρριπτεῖσθαι.
2888 5722 3194 5792 ’Δγαπητόν
3221 5740 3310 5794 μοι
3335 5724 3428 5778 καὶ
3453 5725 3511 5777 ἐν
3534 5728 3648 5789 τοῖς

2074 5802 2321 5870 ἐσχάτοις
2355 5801 2638 5873 τετάχθαι·
2672 5802 2884 5874 στέργω
2916 5806 2975 5860 ἐν
3013 5805 3206 5878 τούτῳ,
3240 5807 3341 5862 κᾶν
3380 5808 3488 5862 τῶν
3518 5827 3654 5882 προ-
