4086 6416
365 376 466 437 “Ti

365 502 454 554 tus
482 513 628 567 sum,
655 497 702 555 si
748 497 835 555 vel
865 498 1065 555 intrare
1093 498 1415 555 vestibulum
1444 494 1583 556 mihi
1601 499 1925 557 concedatur
1945 542 1962 569 ,

370 590 543 658 inquit
568 606 588 653 ;
613 589 793 659 magni
824 589 1067 644 benellcii
1095 589 1214 645 luco
1239 589 1399 657 duco,
1425 591 1469 644 si
1499 589 1580 646 vel
1606 591 1659 645 in
1684 602 1965 647 numerum

367 680 578 735 relerar
623 687 1019 752 postremorum
1060 680 1115 734 in
1141 680 1303 736 domo
1333 681 1425 736 Dei
1456 679 1584 735 mei.
1614 679 1964 735 Communem

372 775 659 827 Dominum
707 787 865 828 amor
888 780 948 828 ut
975 774 1249 843 pr0prium
1275 773 1375 829 sibi
1404 773 1635 828 vindicat
1663 791 1676 827 :
1705 788 1768 829 ca
1796 773 1966 844 siqui-

372 866 497 921 dem
528 865 611 921 vis
652 873 738 921 est
764 866 1024 921 caritatis.
1065 863 1132 920 In
1172 866 1322 920 domo
1360 864 1457 921 Dei
1500 867 1617 921 mei.
1649 866 1750 933 Qui
1785 873 1964 932 amat,

367 971 478 1013 non
509 971 633 1013 eum
684 964 891 1015 tantum
941 956 1123 1012 videre
1164 956 1435 1013 desiderat
1462 972 1620 1027 quem
1651 966 1815 1024 amat,
1867 956 1963 1012 sed

369 1051 460 1107 vel
505 1050 673 1107 solam
719 1049 839 1121 eius
880 1048 1121 1116 domum,
1170 1049 1268 1106 sed
1310 1059 1366 1106 et
1393 1049 1753 1116 vestibulum;
1795 1064 1968 1120 neque

370 1141 693 1198 vestibulum
735 1149 939 1196 tantum
980 1140 1202 1208 aedium,
1250 1140 1345 1196 sed
1395 1141 1477 1196 vel
1504 1141 1840 1210 angiportum
1884 1136 1979 1195 vel'

371 1234 574 1300 vicum,
617 1242 672 1288 et
714 1233 761 1288 si
808 1232 890 1287 vel
918 1241 1145 1297 vestem,
1193 1233 1279 1287 vel
1318 1231 1736 1289 calceament'um
1777 1230 1971 1285 viderit

369 1323 491 1395 ejus
540 1337 698 1394 quem
744 1331 908 1389 amat,
938 1323 1112 1393 ipsum
1140 1337 1200 1379 se
1248 1321 1430 1377 videre
1468 1322 1758 1376 arbitratur
1808 1334 1968 1391 quem

372 1425 541 1471 amat.
569 1415 661 1473 Sic
686 1414 863 1470 allecti
906 1414 1122 1470 fuerunt
1162 1413 1434 1484 propheta:
1464 1431 1478 1469 :
1508 1413 1758 1484 quoniam
1800 1412 1970 1467 Deum

374 1512 748 1580 incorporeum
789 1522 896 1562 non
925 1507 1197 1574 videbant,
1227 1505 1444 1561 domum
1489 1504 1761 1570 videbant,
1793 1511 1848 1558 et
1874 1518 1973 1574 per

375 1600 595 1657 domum
643 1605 967 1670 prmsentem
1020 1597 1169 1652 illum
1220 1611 1443 1652 cernere
1484 1595 1585 1651 sibi
1634 1593 1969 1651 videbantur.

378 1691 524 1764 Elegi
553 1691 776 1762 abjertus
802 1706 911 1745 esse
934 1691 985 1745 in
1016 1690 1167 1743 domo
1195 1686 1293 1742 Dei
1318 1688 1419 1742 mei
1450 1687 1628 1757 magis,
1655 1701 1805 1756 quant
1829 1684 1974 1738 habi-

375 1795 486 1839 tare
504 1783 558 1836 in
597 1780 933 1836 tabernaculis
963 1789 1301 1851 peccatorum.
1332 1778 1517 1847 Quivis
1554 1778 1723 1843 locus,
1748 1775 1973 1848 quodvis

378 1876 608 1948 spatium
635 1889 758 1931 cum
786 1873 948 1929 domo
967 1873 1060 1930 Dei
1083 1880 1448 1942 comparatum
1472 1871 1870 1928 tabernaculum
1891 1881 1975 1928 est

375 1979 742 2043 peccatorum,
784 1971 896 2026 sive
935 1968 1108 2024 forum
1156 1968 1380 2037 dixeris,
1428 1968 1542 2024 sive
1591 1968 1817 2034 curiam,
1862 1966 1974 2022 sive

374 2066 596 2121 domum
622 2063 976 2135 singulorum.
1000 2062 1149 2117 Licet
1169 2063 1309 2117 enim
1337 2076 1525 2133 preces
1549 2061 1657 2117 illic
1683 2059 1831 2126 ﬂant,
1851 2059 1973 2116 licet

376 2157 819 2228 supplicationes,
852 2166 1032 2212 tamen
1064 2156 1175 2211 illic
1200 2156 1574 2212 contentiones
1602 2163 1655 2211 et
1690 2169 1896 2227 pugnas
1919 2163 1975 2211 et

378 2250 659 2317 convicia,
707 2257 1112 2319 conventusque
1159 2247 1272 2304 fieri
1330 2248 1399 2304 de
1444 2249 1788 2305 stccularibus
1831 2248 1976 2304 curis

379 2356 604 2401 neccscc
630 2349 713 2396 est
736 2358 749 2395 :
773 2349 825 2394 at
853 2340 939 2395 hic
959 2339 1109 2396 locus
1123 2338 1191 2394 ab
1217 2339 1300 2393 his
1321 2339 1570 2395 omnibus
1589 2349 1671 2395 est
1690 2339 1971 2399 immunis:

381 2442 664 2505 propterea
695 2440 1038 2504 peccatorum
1068 2430 1282 2503 quidem
1311 2431 1401 2486 illa
1426 2441 1551 2487 sunt
1590 2431 1924 2488 tabernacula
1947 2474 1966 2502 ,

381 2523 499 2580 haec
523 2538 654 2580 vero
682 2524 874 2579 domus
900 2530 982 2577 est
1012 2521 1105 2577 Dei
1137 2539 1151 2576 :
1178 2530 1232 2577 et
1260 2521 1706 2592 quemadmodum
1739 2530 1921 2592 portus
1940 2536 1970 2576 a

378 2619 556 2676 ventis
583 2627 638 2674 et
663 2617 910 2673 fluctibus
947 2615 1084 2670 liber
1121 2614 1340 2670 multam
1372 2614 1595 2671 navibus
1619 2615 1670 2670 in
1702 2630 1769 2671 eo
1792 2615 1978 2670 statio-

381 2724 505 2766 nem
533 2708 854 2779 eligentibus
898 2706 1102 2778 praebet
1128 2707 1490 2771 securitatem,
1517 2711 1595 2762 sic
1640 2706 1890 2761 nimirum
1921 2717 1978 2763 et

385 2799 481 2856 Dei
507 2797 700 2854 domus
726 2808 993 2868 tamquam
1019 2796 1089 2853 ab
1113 2805 1461 2852 externorum
1487 2796 1820 2868 negotiorum
1845 2804 1977 2851 tem-

382 2898 591 2963 pestate
629 2890 879 2958 abreptos
906 2904 1022 2956 eos,
1049 2888 1141 2959 qui
1186 2888 1521 2955 intraverint,
1551 2888 1602 2942 iu
1633 2887 1800 2943 multa
1828 2894 1977 2943 tran-

382 2984 643 3054 quillitate
668 2983 898 3038 co'locat
925 2989 979 3038 et
1002 2981 1311 3048 securitate,
1333 2995 1713 3050 sacrorumque
1732 2980 1976 3052 eloquio-

381 3092 502 3132 rum
548 3076 836 3131 auditionis
876 3075 1163 3147 participes
1205 3072 1389 3131 efﬁcit.
1439 3072 1538 3130 Hic
1579 3063 1728 3129 locus
1766 3073 1980 3130 virtutis

378 3177 467 3224 est
499 3168 733 3235 occasio,
778 3166 1131 3239 philosophiae
1157 3166 1342 3222 schola
1372 3184 1385 3221 :
1419 3180 1531 3222 nou
1553 3166 1604 3221 in
1632 3165 1859 3222 collecta
1885 3181 1978 3222 so-

383 3261 523 3327 lum,
551 3260 677 3315 dum
723 3259 1012 3329 Scriptum
1054 3274 1224 3315 sacrae
1276 3258 1588 3325 recitantur,
1640 3266 1697 3313 et
1736 3256 1979 3314 doctrina

384 3352 678 3423 spiritualis
702 3352 1006 3423 porrigitur,
1035 3367 1099 3406 ac
1126 3351 1555 3407 vcnerandorum
1584 3359 1792 3422 patrum
1818 3365 1979 3406 sena-

388 3456 477 3498 tus
501 3443 676 3499 adstat
707 3462 721 3497 :
753 3444 849 3499 sed
875 3445 1065 3515 quovis
1086 3442 1248 3500 etiam
1287 3443 1495 3515 reliquo
1521 3453 1784 3515 tempore,
1812 3444 1978 3501 vesti-

382 3534 513 3592 bula
543 3546 747 3590 tantum
777 3535 1078 3608 ingredere,
1111 3544 1221 3591 tum
1252 3543 1306 3590 tu
1334 3536 1511 3592 subito
1550 3537 1833 3592 saeculares
1859 3551 1979 3592 om-

384 3642 485 3684 nes
521 3642 678 3684 curas
706 3626 966 3698 depones.
1007 3626 1147 3683 Intra
1175 3629 1227 3683 in
1256 3627 1597 3694 vestibulum,
1627 3637 1683 3684 et
1711 3637 1980 3700 tamquam

385 3734 518 3774 aura
546 3719 788 3790 quaedam
827 3721 1120 3792 spiritualis
1148 3722 1381 3776 animam
1419 3731 1562 3777 tuam
1590 3720 1810 3776 amabit.
1856 3721 1981 3778 [iure

387 3812 749 3882 tranquillitas
776 3815 1055 3869 horrorem
1085 3813 1293 3882 incutit,
1315 3822 1369 3870 et
1391 3813 1755 3885 philosophari
1785 3813 1977 3871 docet:

389 3916 625 3960 mentem
661 3906 838 3977 erigit,
871 3919 1045 3977 neque
1087 3906 1214 3961 sinit
1258 3906 1599 3977 praesentium
1628 3905 1922 3972 recordari,
1948 3922 1981 3963 a

387 4008 533 4053 terra
561 3998 615 4052 in
653 3998 843 4052 cadum
873 4006 925 4053 te
969 3996 1237 4053 transfert.
1267 3997 1418 4066 Quod
1445 3997 1490 4052 si
1529 3997 1731 4069 absque
1758 3997 1981 4054 collecta

387 4100 594 4146 tantum
633 4100 894 4162 qua'stum
939 4088 1087 4156 facis,
1137 4088 1282 4161 quod
1327 4090 1415 4145 hic
1455 4090 1722 4154 verseris,
1769 4090 1983 4161 quando

386 4182 623 4252 undique
651 4181 926 4253 propheta:
966 4181 1220 4249 clamant,
1253 4180 1466 4251 quando
1489 4181 1716 4252 apostoli
1755 4196 1985 4254 evange-

385 4277 515 4330 lium
535 4291 585 4346 pt
599 4275 846 4342 indicant,
865 4274 1077 4346 quando
1093 4285 1197 4331 Stat
1216 4275 1462 4331 Christus
1478 4275 1529 4331 in
1548 4274 1748 4342 medio,
1771 4275 1983 4346 quando

385 4383 508 4438 qua:
537 4366 670 4422 fiunt
697 4368 921 4437 suscipit
951 4367 1127 4434 Pater,
1159 4366 1374 4437 quando
1417 4366 1652 4421 lzetitiam
1687 4381 1838 4421 suam
1863 4367 1985 4437 Spi-

385 4442 523 4514 ritus
548 4467 764 4514 sanctus
791 4459 1045 4529 impertit,
1078 4466 1274 4529 quanta
1298 4458 1389 4529 qui
1415 4457 1608 4512 adsunt
1632 4458 1857 4512 utilitate
1885 4472 1983 4512 cu-

386 4551 569 4607 mulati
588 4551 1067 4622 recedunt,quanto
1087 4551 1282 4606 damno
1300 4550 1605 4606 aﬂiciuntur
1628 4551 1717 4621 qui
1745 4550 1981 4607 absunt?

459 4644 558 4701 Dei
597 4645 763 4700 cultus
807 4646 1037 4700 omnibus
1081 4644 1228 4699 rebus
1273 4644 1636 4715 prazfcrendus.
1680 4673 1752 4684 —
1777 4643 1981 4700 Vellem

384 4738 528 4794 scire
549 4738 764 4796 ubinam
796 4746 1095 4806 versentur,
1124 4738 1213 4809 qui
1244 4738 1482 4793 collectae
1515 4737 1775 4792 interesse
1800 4737 1984 4807 negle-

387 4840 609 4897 xerunt,
652 4831 779 4900 quid
806 4845 902 4887 eos
944 4829 1254 4896 dctinuerit,
1299 4839 1352 4884 et
1382 4828 1451 4883 ab
1490 4828 1590 4883 hac
1615 4818 1767 4883 sacra
1798 4843 1983 4883 mensa

386 4922 676 4990 revocarit,
704 4922 771 4978 de
801 4924 996 4994 quibus
1025 4922 1166 4978 inter
1193 4938 1251 4977 se
1274 4921 1669 4993 colloquantur.
1714 4920 1825 4975 lmo
1854 4936 1984 4976 vero

380 5015 492 5083 jam
528 5014 693 5085 probe
735 5014 900 5082 novi;
932 5024 1023 5069 aut
1065 5013 1208 5069 cnim
1236 5013 1305 5069 de
1351 5013 1597 5068 absurdis
1641 5028 1704 5068 ac
1747 5012 1984 5069 ridiculis

385 5105 549 5160 rebus
574 5107 973 5178 colloquuntur,
1000 5116 1092 5162 aut
1120 5107 1469 5162 satcularibus
1493 5107 1638 5162 euris
1664 5107 1806 5161 aflixi
1828 5115 1981 5162 sunt:

384 5205 613 5267 utraque
641 5213 802 5268 porro
845 5199 995 5254 venia
1027 5199 1186 5270 digna
1217 5214 1322 5254 non
1349 5208 1433 5254 est
1460 5199 1739 5269 occupatio
1758 5240 1772 5264 ,
1795 5207 1849 5255 et
1882 5213 1984 5254 ex.-

298 5326 303 5329 ν
385 5298 561 5344 tremo
604 5290 866 5360 supplicio
905 5301 988 5346 est
1033 5292 1287 5347 obnoxia.
1338 5292 1417 5347 Ac
1461 5291 1528 5347 de
1557 5291 1722 5364 priori
1768 5291 1981 5362 quidem

385 5394 565 5449 neque
610 5382 772 5435 verba
805 5381 982 5438 facere
1022 5398 1158 5454 opus
1204 5392 1306 5449 est,
1353 5383 1433 5439 vel
1473 5383 1981 5439 demonStrationem

387 5472 587 5528 atl'erre
618 5488 634 5532 :
664 5489 759 5530 cos
785 5490 914 5530 vero
943 5476 1033 5547 qui
1063 5491 1150 5532 res
1179 5475 1502 5532 domesticas
1523 5477 1676 5532 nobis
1702 5475 1978 5546 objiciunt,

381 5574 441 5618 ct
469 5563 594 5620 inde
612 5578 673 5621 se
701 5566 1020 5624 intolerabili
1041 5568 1214 5639 urgeri
1242 5569 1559 5624 necessitate
1586 5575 1891 5631 causat.tur,
1916 5582 1985 5623 ne

381 5657 520 5711 istos
548 5656 764 5728 quidem
813 5661 1022 5715 veniam
1067 5660 1310 5717 obtinere
1358 5674 1536 5730 posse,
1569 5674 1691 5716 cum
1733 5659 1897 5714 semel
1930 5658 1982 5713 in

380 5749 722 5808 hebdomada
752 5751 856 5808 huc
884 5764 1162 5822 vocentur,
1191 5769 1256 5811 ac
1281 5769 1348 5810 ne
1376 5763 1487 5809 tum
1515 5752 1729 5827 quidem
1755 5765 1845 5807 res
1870 5750 1984 5822 spi-

382 5841 613 5900 rituales
648 5847 877 5905 terrenis
921 5847 1187 5905 anteferre
1233 5846 1551 5917 dignentur,
1587 5860 1651 5899 ex
1693 5842 1980 5914 evangeliis

974 380 1043 439 IN
1082 382 1308 453 ILLUD,
1350 384 1625 443 PAULUS
1663 384 2000 446 VOCATUS.
2042 383 2134 445 ET
2173 385 2264 446 DE
2301 386 2558 447 MUTAT.
2601 388 2928 448 NOMINUM.
2973 391 3059 449 IV.

3556 397 3672 453 Ηὸι

2073 511 2304 559 constat.
2332 494 2465 559 Nam
2487 512 2542 559 ct
2570 504 2645 558 illi
2676 506 2763 575 qui
2796 506 2860 559 ad
2886 490 3186 575 SpiritualES
3205 508 3424 579 nuptias
3452 510 3660 566 fuerant

2074 593 2302 663 invitati,
2325 593 2587 666 ejusmodi
2609 598 2978 652 excusationes
3006 599 3384 663 obtendebant,
3410 601 3547 669 quod
3575 600 3662 657 hic

2073 687 2287 760 quidem
2311 687 2496 759 jugum
2525 690 2771 758 emisset,‘
2811 690 2901 746 ille
2928 706 3057 746 vero
3089 691 3344 762 praedium
3380 693 3482 748 sibi
3513 707 3666 749 com-

2073 789 2336 850 parasset,
2367 781 2456 836 ille
2479 796 2729 851 sponsam
2754 781 2994 838 duxisset
3017 782 3169 854 (Luc.
3199 785 3286 840 ll.
3316 784 3541 855 18-20);
3565 786 3660 841 sed

2074 872 2244 944 puniti
2290 882 2417 929 sunt
2467 879 2665 930 tamen.
2721 873 3050 931 Necessariae
3112 876 3329 943 quidem
3381 885 3508 932 sunt
3557 878 3664 932 illa:

2074 978 2250 1021 causa:
2274 981 2289 1032 ;
2321 965 2417 1021 sed
2442 979 2564 1021 cum
2596 966 2735 1022 Deus
2764 966 2972 1033 invitat,
3007 967 3153 1022 nulla
3180 969 3523 1024 excusatione
3537 977 3664 1022 sunt

2073 1054 2249 1127 dignae
2279 1072 2296 1114 :
2328 1056 2440 1112 Deo
2483 1069 2715 1127 namque
2762 1058 2916 1113 nobis
2959 1066 3085 1113 sunt
3129 1059 3306 1113 omnia
3356 1058 3658 1114 necessaria

2074 1147 2463 1217 posthabenda.
2494 1147 2594 1204 Ubi
2624 1149 2740 1219 ejus
2766 1148 2957 1204 honori
2982 1148 3141 1205 fuerit
3170 1149 3516 1217 satisfactum,
3549 1158 3661 1205 tum

2074 1238 2128 1293 in
2157 1239 2260 1294 alia
2290 1238 2524 1295 studium
2569 1239 2927 1311 impendatur.
2966 1241 3098 1310 Quis
3140 1241 3316 1306 enim,
3346 1256 3555 1312 quaeso,
3583 1239 3670 1296 fa-

2075 1330 2272 1397 mulus,
2290 1338 2575 1401 antequam
2594 1331 2813 1389 domino
2832 1331 3070 1390 debitum
3089 1332 3383 1403 expleverit
3412 1332 3679 1388 ministe-r

2073 1424 2236 1489 rium,
2263 1423 2448 1478 domui
2467 1437 2579 1478 suae
2614 1440 2864 1495 umquam
2902 1424 3243 1495 providebit?
3266 1429 3348 1479 An
3371 1439 3478 1480 non
3503 1423 3671 1494 igitur

2076 1512 2366 1569 absurdum
2397 1522 2481 1570 est
2522 1514 2664 1571 inter
2689 1514 2954 1582 homines,
2987 1515 3075 1571 ubi
3113 1515 3313 1571 nudum
3358 1523 3665 1569 nomen~est

2076 1603 2400 1673 dominatus,
2430 1613 2632 1662 tantam
2668 1607 2816 1664 heris
2841 1608 3195 1663 reverentiam
3222 1604 3476 1662 exhibere
3502 1615 3665 1675 atque

2076 1696 2433 1753 obedientiam
2468 1714 2484 1758 :
2514 1714 2701 1754 verum
2730 1709 2909 1754 autem
2936 1699 3244 1765 Dominum,
3285 1712 3394 1753 non
3422 1704 3673 1753 nostrum

2076 1789 2248 1844 solum
2274 1832 2290 1857 ,
2335 1790 2429 1845 sed
2485 1804 2839 1861 supernarum
2887 1790 3048 1846 etiam
3107 1789 3397 1855 virtutum,
3446 1802 3517 1844 ne
3567 1803 3671 1842 eo-

2076 1881 2199 1936 dem
2247 1881 2485 1952 quidem,
2530 1898 2639 1953 quo
2683 1897 2975 1938 conservos
3020 1890 3260 1949 nostros,
3297 1880 3444 1936 cultu
3475 1888 3537 1934 et'
3570 1878 3671 1933 ho-

2078 1988 2212 2029 nore
2236 1972 2488 2045 dignari?
2515 1975 2690 2044 Atque
2708 1974 2909 2029 utinam
2929 1972 3042 2029 fieri
3070 1981 3269 2044 posset,
3297 1981 3353 2027 ut
3379 1971 3431 2026 in
3453 1970 3665 2026 illorum

2077 2066 2464 2121 conscientiam
2494 2066 2862 2136 penetraretis,
2894 2073 3008 2120 tum
3038 2079 3169 2121 vero
3207 2062 3374 2134 probe
3399 2062 3667 2132 intellige-

2079 2157 2230 2225 retis,
2279 2166 2412 2228 quot
2451 2158 2759 2213 vulneribus
2786 2164 3074 2225 scaterent,
3107 2166 3236 2227 quot
3276 2155 3457 2226 spinas
3502 2152 3669 2208 habe-

2080 2260 2221 2309 rent.
2255 2251 2324 2309 Ut
2364 2252 2507 2309 enim
2552 2261 2715 2321 terra,
2747 2267 2866 2324 quae
2913 2249 3160 2306 manibus
3201 2248 3549 2320 agricolarum
3574 2261 3668 2300 cx-

2076 2346 2216 2404 culta
2262 2362 2370 2402 non
2410 2354 2515 2415 est,
2561 2346 2772 2402 deserta
2818 2346 2877 2399 lit
2920 2354 2974 2399 et
3011 2342 3264 2415 sylvescit
3297 2358 3311 2397 :
3343 2338 3481 2395 haud
3509 2352 3668 2394 secus

2078 2440 2277 2509 anima,
2304 2455 2424 2511 qure
2464 2437 2728 2510 spirituali
2757 2436 2998 2492 doctrina
3045 2449 3149 2490 non
3182 2432 3456 2498 imbuitur,
3486 2429 3668 2502 spinas

2079 2538 2133 2586 et
2158 2528 2385 2585 tribulos
2407 2527 2669 2599 producit.
2699 2527 2754 2584 Si
2771 2526 2914 2583 enim
2940 2539 3040 2580 nos
3061 2524 3148 2595 qui
3170 2522 3409 2594 quotidie
3435 2521 3669 2577 lectione

2080 2622 2460 2694 prophetarum
2496 2620 2721 2676 fruimur
2763 2628 2817 2674 et
2845 2616 3230 2690 apostolorum,
3277 2614 3365 2668 vix
3410 2614 3667 2682 impetum

2079 2715 2243 2770 animi
2265 2714 2602 2780 cohibcmus,
2628 2711 2719 2767 vix
2734 2711 2867 2765 iram
2896 2707 3192 2771 frenamus,
3214 2706 3302 2760 vix
3326 2703 3669 2774 cupiditatem

2080 2806 2441 2876 reprimimns,
2473 2805 2562 2859 vix
2596 2801 2811 2858 invidias
2854 2800 3028 2856 tabem
3068 2796 3401 2868 repellimus,
3431 2793 3558 2850 licet
3584 2808 3672 2848 asa

2080 2898 2231 2953 sidua
2259 2897 2495 2953 carmina
2522 2911 2586 2950 ex
2613 2893 2906 2963 Scripturis
2935 2891 3101 2947 sacris
3134 2889 3449 2959 deprompta
3473 2884 3674 2941 nostris

2086 2988 2575 3061 perturbationibus
2624 2986 2965 3050 occinamus,
3019 2982 3108 3037 vix
3157 2979 3493 3050 impudentes
3543 2976 3674 3031 istas

2083 3066 2290 3139 belluas
2319 3081 2635 3137 cohibemus
2664 3096 2678 3135 :
2709 3077 2814 3133 illis
2858 3076 3052 3148 quibus
3077 3086 3368 3144 numquam
3410 3065 3673 3141 ejusmodi

2084 3184 2168 3231 est
2192 3173 2431 3230 adhibita
2459 3171 2747 3238 medicina,
2798 3185 2972 3239 neque
3015 3165 3249 3221 divinam
3278 3159 3673 3235 philosophiam

2083 3266 2425 3333 audiverunt,
2474 3279 2593 3336 qua:
2636 3260 2843 3325 salutis,
2891 3274 3096 3331 qumso,
3140 3270 3264 3328 spes
3301 3262 3385 3309 est
3424 3250 3674 3322 reliqua?

2085 3359 2290 3416 Vellem
2339 3357 2470 3413 mihi
2513 3357 2697 3412 liceret
2736 3354 2972 3409 animam
3014 3350 3222 3404 illorum
3267 3343 3438 3401 oculis
3482 3342 3675 3397 vestris

2084 3451 2371 3521 subjicere,
2400 3456 2512 3505 tum
2538 3446 2681 3503 illam
2705 3454 2759 3502 et
2787 3441 3058 3500 sordidam
3084 3448 3139 3496 et
3164 3436 3521 3509 squalentem,
3547 3447 3676 3489 con-

2086 3543 2258 3599 fusam
2304 3549 2358 3597 et
2397 3539 2656 3610 abiectam
2704 3551 2767 3592 ac
2806 3532 3013 3607 pudore
3056 3529 3309 3587 sullusam
3358 3525 3679 3583 cerneretis.

2084 3633 2219 3689 Nam
2244 3629 2693 3705 quemadmodum
2711 3643 2831 3699 quae
2856 3624 3061 3681 balneis
3084 3637 3189 3678 non
3212 3626 3434 3677 utuntur
3449 3631 3675 3688 corpora

2086 3724 2334 3796 squalore
2376 3738 2440 3778 ac
2463 3720 2713 3778 sordibus
2755 3716 2935 3772 multis
2985 3721 3193 3771 scatent
3222 3730 3238 3767 :
3270 3712 3339 3766 ita
3369 3723 3489 3779 qua:
3515 3707 3673 3778 spiri»

2090 3815 2219 3872 tuali
2246 3814 2487 3870 doctrina
2511 3811 2721 3885 exculta
2750 3823 2857 3864 non
2882 3815 2966 3862 est
2992 3805 3188 3869 anima,
3219 3801 3400 3856 multis
3428 3796 3678 3853 sordibus

2085 3915 2425 3981 peccatorum
2459 3914 2544 3962 est
2569 3903 2763 3960 obsita.
2795 3899 2934 3957 Sunt
2960 3897 3101 3954 enim
3131 3893 3378 3950 balneum
3409 3887 3676 3981 quoddam

2087 3978 2363 4072 spirituale
2391 4011 2511 4067 qua:
2535 3993 2624 4052 hic
2651 3992 2806 4059 llunt,
2835 3988 2978 4062 quod
3017 3986 3197 4044 calore
3234 3983 3465 4056 Spiritus
3488 3978 3677 4037 sordes

2088 4106 2275 4147 omnes
2298 4088 2592 4160 abstergit;
2615 4086 2726 4141 imo
2749 4097 2878 4140 vero
2897 4096 3004 4138 non
3020 4078 3209 4135 sordes
3230 4085 3433 4133 tantum
3449 4072 3679 4146 Spiritus

2088 4184 2225 4254 ignis
2253 4181 2530 4255 abstergit,
2561 4177 2656 4234 sed
2681 4177 2843 4233 etiam
2897 4172 3154 4229 colorem.
3186 4168 3246 4225 Si
3272 4167 3403 4222 enim
3447 4166 3636 4238 fuerint
3661 4205 3673 4226 ,

2089 4275 2280 4346 inquit,
2312 4280 2518 4345 peccata
2542 4280 2703 4326 vestra
2727 4270 2857 4323 sicut
2886 4266 3221 4339 pltmniceum,
3244 4261 3370 4316 sicut
3403 4258 3564 4312 niuem
3594 4255 3683 4308 dc-

2087 4363 2661 4439 albabo(1sai.l.18);
2686 4361 2927 4433 quamvis
2951 4374 3063 4414 non
3075 4356 3248 4411 minus
3267 4351 3525 4409 tenaciter
3553 4362 3681 4417 pce-

2088 4474 2327 4518 catorum
2341 4458 2528 4513 sordes
2539 4456 2730 4511 anima:
2744 4461 2946 4509 naturae
2957 4450 3022 4504 ad
3031 4446 3277 4502 batserint
3288 4456 3372 4510 ,ac
3382 4443 3427 4495 si
3442 4439 3678 4497 colorem

2088 4567 2154 4608 ex
2196 4553 2422 4605 tinctura
2454 4545 2782 4603 immobilem
2809 4540 3201 4598 contraxisset:
3231 4536 3301 4590 ita
3330 4546 3548 4604 possum
3582 4544 3683 4599 ego

2088 4643 2411 4700 contrariam
2443 4641 2499 4693 in
2521 4653 2637 4693 eam
2660 4635 2966 4706 qualitatem
2992 4629 3245 4684 inducere
3273 4644 3286 4675 τ
3315 4623 3513 4680 sufficit
3536 4620 3683 4678 enim

2089 4737 2238 4792 solus
2261 4742 2422 4788 nutus
2440 4744 2610 4794 meus,
2635 4735 2694 4781 ut
2722 4725 2898 4781 omnia
2917 4731 3133 4794 peccata
3163 4719 3463 4775 deleantur.

2158 4826 2212 4882 2.
2248 4823 2324 4880 De
2352 4823 2594 4896 fratribus
2618 4818 2822 4875 solliciti
2849 4832 2957 4871 esse
2984 4814 3163 4869 debent
3195 4812 3359 4883 ipsius
3399 4808 3676 4865 auditores.

2091 4920 2216 4977 Non
2240 4934 2409 4973 rerum
2437 4917 2644 4981 exitum,
2665 4911 2754 4968 sed
2773 4909 2929 4965 animi
2950 4906 3262 4979 propositum
3289 4903 3428 4958 Deus
3456 4908 3683 4973 spectati;

2090 5012 2396 5086 Exemplum
2419 5010 2582 5065 viduis
2596 5006 2809 5063 orantis.
2831 5035 2905 5047 --
2926 5003 3049 5058 lltcc
3069 5015 3098 5054 a
3126 5013 3215 5055 me
3242 5013 3360 5052 non-
3378 5010 3446 5053 eo
3468 4996 3573 5049 line
3597 4992 3684 5048 di-

2088 5116 2301 5173 cuntur,
2334 5112 2395 5160 ut
2420 5118 2515 5157 vos
2533 5097 2760 5156 audiatis
2784 5112 2797 5149 :
2831 5109 3005 5165 neque
3034 5092 3176 5148 enim
3202 5089 3286 5145 vel
3316 5087 3682 5143 medicamen-

2091 5203 2160 5257 tis
2189 5198 2436 5271 indigetis
2456 5238 2471 5263 ,
2502 5195 2572 5249 ob
2600 5193 2692 5248 Dei
2727 5189 3111 5260 benignitatem
3135 5192 3198 5238 ει·
3220 5182 3478 5254 gratiam;
3510 5177 3604 5233 sed
3627 5185 3683 5229 ut

2090 5295 2167 5352 illi
2189 5308 2286 5366 per
2310 5306 2406 5347 vos
2434 5287 2749 5358 intelligant.
2777 5280 2929 5352 Quod
2956 5280 3002 5336 si
3042 5281 3159 5336 loca
3183 5277 3321 5332 scire
3346 5271 3679 5366 potuissem}

2090 5387 2142 5443 in
2184 5359 2378 5457 quibus
2405 5388 2816 5452 congregantur,
2843 5382 3175 5444 nequaquam
3202 5364 3499 5457 molestiam
3537 5359 3680 5457 cari-

2091 5452 2413 5534 tati—vestrae
2440 5473 2802 5530 exhibuissem
2834 5482 2850 5521 :
2896 5463 2991 5523 sed
3015 5458 3266 5532 Quoniam
3305 5453 3419 5508 ﬁeri
3457 5452 3679 5523 nequit,

2092 5583 2149 5627 ut
2168 5584 2268 5642 ego
2290 5568 2378 5640 qui
2403 5580 2540 5621 unus
2564 5578 2705 5628 sum,
2728 5569 2836 5615 tam
2859 5563 3200 5612 numerosum
3220 5543 3479 5642 populum
3508 5556 3682 5597 nove.

2092 5636 2227 5729 rim,
2243 5636 2436 5716 vestra:
2463 5656 2580 5711 fidei
2604 5652 2827 5709 fratrum
2850 5656 3150 5703 vestrorum
3178 5636 3511 5729 curationem
3533 5647 3684 5729 com-

2093 5723 2249 5808 mitto
2276 5765 2292 5804 :
2315 5756 2488 5804 estote
2510 5745 2578 5800 de
2605 5741 2861 5798 fratribus
2888 5734 3082 5794 vestris
3113 5726 3334 5790 solliciti
3352 5767 3369 5798 ,
3403 5723 3688 5783 conciliate

2094 5839 2247 5897 vobis
2275 5838 2413 5908 illos,
2453 5835 2690 5894 iuvitate.
2715 5830 2839 5889 Scio
2880 5841 2974 5884 vos
3009 5822 3167 5883 istud.
3198 5835 3436 5899 pcrschc
3461 5816 3694 5882 fecisse;
