4086 6432
470 369 573 424 H7

469 482 565 538 sed
598 479 728 535 nihil
751 488 830 534 est
861 479 964 532 hoc
995 491 1235 549 persaepe
1260 474 1470 540 fecisse,
1491 473 1590 528 nisi
1611 488 1676 528 eo
1704 485 1871 542 usque
1896 469 2062 524 facia-

471 576 543 630 tis
567 615 582 641 ,
615 571 787 642 quoad
820 568 1190 641 persuaseritis
1232 574 1286 621 et
1323 564 1634 620 allexeritis.
1671 562 1796 619 Scio
1836 577 1934 618 vos
1961 561 2063 616 im-

473 675 737 738 portunos
757 662 941 727 fuisse,
960 662 1071 716 seio
1089 660 1344 714 molestos
1368 672 1737 726 saepenumero
1757 657 1902 711 visos
1924 671 2064 722 esse,

471 760 616 832 quod
647 774 752 814 non
785 755 1156 826 persuaseritis
1185 771 1198 806 :
1241 753 1468 822 ideoque
1498 751 1912 822 ncgligentiores
1942 749 2068 804 red-

473 853 567 906 diti
592 851 759 915 estis;
800 847 895 902 sed
921 847 1228 901 consoletur
1254 859 1350 898 vos
1380 843 1596 907 Paulus,
1628 843 1719 913 qui
1749 837 1900 907 dicit,
1924 841 2070 896 Cari-

472 952 550 996 tas
571 941 742 997 omnia
769 947 959 1008 sperat,
989 939 1160 992 omnia
1176 937 1358 1003 credit,
1381 937 1564 990 caritas
1585 951 1858 1003 numquam
1885 934 2069 989 excidit

473 1034 550 1107 (l.
583 1032 702 1089 Cor.
738 1032 824 1087 l5.
849 1031 925 1102 7).
967 1030 1048 1085 Tu
1073 1029 1212 1100 quod
1242 1029 1315 1083 tui
1344 1028 1582 1082 muneris
1609 1036 1690 1083 est
1728 1041 2021 1096 exsequere
2051 1044 2064 1080 :

473 1127 718 1198 quamvis
746 1125 1074 1180 curationem
1103 1123 1189 1178 ille
1219 1138 1326 1176 non
1355 1121 1624 1187 admittat,
1655 1130 1708 1175 tu
1737 1121 1876 1190 apud
1901 1121 2066 1175 Deum

474 1219 775 1274 mercedem
799 1217 982 1272 habes.
1009 1215 1141 1271 Nam
1167 1217 1218 1269 in
1243 1225 1438 1270 terram
1464 1215 1678 1286 quidem
1712 1217 1755 1269 si
1786 1231 1970 1271 semen
1990 1216 2072 1288 je-

473 1309 632 1376 ceris,
657 1323 830 1377 neque
851 1309 1026 1377 spicas
1049 1306 1382 1377 produxerit,
1407 1307 1589 1360 vacuis
1616 1321 1835 1362 necesse
1855 1317 1937 1361 est
1965 1322 2069 1362 ma-

474 1401 631 1456 nibus
660 1399 782 1456 inde
807 1399 1053 1456 discedas
1088 1415 1101 1452 :
1145 1407 1200 1453 at
1226 1399 1278 1453 in
1306 1399 1481 1454 anima
1511 1414 1616 1454 non
1655 1401 1724 1454 ita
1755 1401 1813 1453 fit
1845 1416 1858 1452 :
1890 1400 1984 1455 sed
2012 1409 2070 1455 tu

471 1494 687 1566 quidem
723 1509 915 1564 sparge
943 1493 1243 1549 doctrinam
1265 1535 1279 1559 ,
1313 1501 1366 1548 et
1393 1493 1516 1548 licet
1548 1493 1636 1547 illa
1667 1493 1824 1548 dictis
1849 1494 1952 1548 tuis
1977 1509 2069 1550 re-

473 1587 701 1653 stiterit,
733 1587 992 1656 integram
1034 1585 1380 1640 nihilominus
1415 1584 1718 1640 mercedem
1749 1583 1936 1652 habes,
1967 1601 2070 1640 nec

473 1678 737 1735 minorem
762 1692 917 1747 quam
945 1677 987 1732 si
1017 1675 1205 1732 fuisset
1232 1691 1482 1746 persuasa
1507 1688 1521 1730 :
1551 1691 1658 1730 non
1690 1677 1832 1731 enim
1864 1676 2069 1745 simpli-

475 1770 610 1824 citer
635 1783 814 1824 rerum
838 1767 1056 1831 exitum,
1090 1766 1185 1821 sed
1212 1765 1376 1819 animi
1405 1766 1734 1835 propositum
1773 1780 1957 1820 eorum
1978 1765 2070 1836 qui

474 1859 738 1922 laborant,
765 1857 991 1912 attendit
1015 1858 1176 1919 Deus,
1203 1857 1330 1912 dum
1354 1856 1574 1928 prmmia
1591 1857 1730 1912 solet
1756 1857 2064 1913 decernere.

475 1951 586 2005 Vos
611 1950 770 2018 igitur
799 1949 1006 2016 hortor,
1039 1958 1098 2004 ut
1128 1949 1272 2020 quod
1301 1950 1534 2015 faciunt,
1565 1952 1655 2020 qui
1681 1950 1872 2004 studiis
1914 1949 2067 2004 thea-

472 2051 678 2095 trorum
709 2042 976 2096 insaniunt
996 2083 1011 2108 ,
1043 2050 1098 2095 et
1137 2041 1187 2095 in
1217 2055 1475 2111 equorum
1506 2041 1922 2106 certaminibus,
1968 2040 2069 2096 hoc

474 2151 571 2190 vos
597 2151 808 2206 quoque
839 2134 1064 2190 faciatis.
1093 2133 1230 2201 Quid
1270 2135 1345 2188 illi
1386 2148 1546 2204 porro
1587 2133 1823 2189 faciunt?
1857 2133 1974 2189 Jam
2001 2133 2068 2188 ab

473 2227 588 2297 ipsa
631 2241 853 2295 vespera
882 2233 1110 2291 coeunt,
1151 2234 1208 2280 et
1249 2225 1572 2280 conveniunt
1607 2225 1746 2279 inter
1789 2239 1880 2290 se,
1924 2231 1977 2279 et
2002 2223 2068 2278 ad

472 2320 702 2374 aliorum
729 2319 918 2374 domos
945 2319 1163 2374 veniunt
1188 2318 1287 2374 sub
1307 2334 1576 2385 auroram,
1600 2319 1809 2390 aliaque
1831 2320 1943 2373 loca
1967 2317 2067 2374 sibi

472 2410 782 2480 designant,
823 2419 882 2465 ut
907 2410 1062 2464 simul
1099 2410 1406 2481 congregati
1436 2410 1623 2480 majori
1651 2425 1771 2464 cum
1798 2410 2068 2478 voluptate

472 2499 540 2556 ad
567 2501 864 2557 satanicum
888 2502 1252 2570 spectaculum
1274 2501 1402 2556 illud
1431 2501 1778 2556 adscendant.
1804 2501 2068 2569 Quemad-

470 2593 689 2648 modum
734 2593 805 2647 illi
853 2595 929 2648 rei
969 2593 1126 2648 saluti
1165 2595 1356 2648 anima:
1404 2609 1516 2649 sua:
1547 2593 1720 2648 noxia:
1760 2594 2066 2664 diligentem

470 2699 689 2754 operam
713 2693 922 2751 navant,
949 2700 1114 2756 seque
1145 2693 1327 2740 mutuo
1356 2684 1628 2741 deducunt
1666 2703 1682 2740 :
1721 2685 1793 2740 ita
1822 2701 1919 2740 vos
1947 2685 2066 2739 ani-

453 2787 575 2851 :â€˜nta:
611 2785 804 2832 vestra:
847 2792 1030 2832 curam
1075 2776 1281 2846 gerite,
1315 2792 1515 2847 vosque
1559 2777 1784 2832 invicem
1815 2785 2064 2832 servate:

470 2883 699 2938 cumque
728 2869 896 2922 futura
918 2869 1020 2923 erit
1045 2869 1290 2930 collecta,
1308 2869 1374 2923 ad
1397 2868 1543 2923 aedes
1571 2885 1731 2939 perge
1763 2870 1837 2924 tui
1863 2871 2064 2936 fratris,

471 2971 703 3028 eumque
732 2957 860 3012 foris
887 2973 984 3028 pro
1013 2959 1278 3013 vestibulo
1301 2968 1575 3029 exspecta,
1603 2970 1763 3030 atque
1789 2960 2069 3031 egredien-

471 3055 580 3102 tem
602 3048 775 3102 retine
807 3066 822 3101 :
851 3048 974 3104 licet
1013 3050 1079 3104 ab
1115 3050 1408 3105 innumeris
1436 3051 1845 3106 necessitatibus
1874 3067 2066 3121 urgea-

471 3148 577 3202 tur,
608 3156 676 3195 ne
701 3141 1000 3210 permittas,
1029 3157 1164 3197 neve
1189 3143 1334 3197 sinas
1359 3142 1618 3198 szceulare
1644 3143 1859 3213 aliquod
1898 3159 2064 3213 nego-

473 3229 607 3284 tium
637 3231 871 3300 aggredi,
909 3233 1216 3304 priusquam
1248 3233 1314 3288 ad
1342 3233 1622 3289 ecclesiam
1652 3235 1801 3288 illum
1827 3234 2064 3290 adduxe-

471 3324 566 3388 ris,
595 3335 647 3380 et
675 3325 895 3396 integrzn
922 3327 1161 3382 collecta:
1189 3329 1517 3398 persuaseris
1547 3329 1841 3384 interesse:
1875 3344 2064 3400 quam-

470 3417 552 3472 vis
571 3418 877 3485 contendat,
906 3422 1152 3489 quamvis
1177 3420 1525 3486 contradicat,
1555 3421 1798 3487 quamvis
1820 3421 2066 3476 innume-

470 3521 560 3562 ras
585 3509 956 3563 excusationes
982 3510 1257 3577 obtendat,
1291 3527 1357 3565 ne
1378 3510 1454 3565 illi
1476 3511 1685 3574 credas,
1718 3526 1819 3566 nee
1844 3511 2062 3582 acquie-

469 3613 610 3666 scas,
641 3599 736 3654 sed
775 3600 959 3656 dicens
1005 3617 1070 3656 ac
1109 3602 1310 3658 docens
1339 3603 1453 3658 fore
1477 3645 1491 3669 ,
1525 3613 1583 3658 ut
1611 3613 1720 3659 tum
1753 3605 1832 3658 illi
1867 3615 2062 3660 cmtera

470 3689 638 3759 magis
689 3689 861 3746 facilia
917 3701 972 3746 et
1021 3693 1266 3762 expedita
1297 3694 1608 3762 reddantur,
1645 3711 1766 3749 cum
1817 3696 2062 3749 absoluta

468 3779 720 3845 collecta,
751 3791 1028 3851 postquam
1059 3784 1326 3854 particeps
1355 3800 1571 3854 precum
1609 3785 1798 3851 fuerit,
1824 3797 2062 3856 patrum-

464 3885 571 3939 que
591 3871 989 3928 benedictioncs
1011 3876 1298 3944 acceperit,
1321 3875 1574 3946 deinceps
1595 3880 1660 3930 ad
1688 3877 1775 3931 illa
1806 3892 2062 3948 prepera-

468 3962 571 4028 rit;
604 3970 762 4032 atque
789 3962 872 4018 his
900 3979 963 4019 ac
989 3966 1227 4035 pluribus
1253 3967 1370 4022 aliis
1397 3969 1574 4023 verbis
1603 3985 1722 4022 cum
1767 3970 1938 4037 ipsum
1967 3969 2061 4024 dc-

464 4053 732 4121 vinxeris,
765 4055 831 4110 ad
861 4071 1066 4111 sacram
1100 4059 1251 4113 istam
1293 4075 1532 4115 mensam
1560 4061 1840 4126 deducito,
1873 4071 1933 4116 ut
1961 4061 2060 4116 du-

466 4145 657 4216 plicem
689 4148 990 4203 mercedem
1031 4150 1276 4206 obtineas
1298 4193 1312 4217 ,
1344 4167 1462 4207 cum
1515 4153 1586 4207 ob
1628 4163 1795 4218 tuum,
1849 4161 1959 4207 tum
1990 4155 2060 4209 ob

465 4235 608 4292 illius
641 4236 948 4292 adventum.
981 4238 1212 4295 Omnino
1241 4242 1284 4295 si
1326 4250 1530 4296 tantum
1561 4244 1718 4298 studii
1748 4252 2059 4315 tantumque

461 4327 749 4397 diligentia:
778 4328 843 4383 ad
872 4328 990 4384 illos
1017 4330 1288 4386 venandos
1318 4341 1372 4386 et
1411 4333 1744 4400 alliciendos,
1773 4335 1864 4404 qui
1893 4336 2061 4405 negli-

459 4422 731 4490 gentiorcs
767 4431 912 4489 sunt,
945 4423 1378 4492 adhibuerimus,
1419 4426 1644 4481 salutem
1687 4442 2055 4498 assequemur.

460 4512 808 4580 Quantnmvis
848 4518 992 4571 enim
1031 4517 1360 4588 negligentes
1398 4519 1539 4585 sint,
1591 4527 1646 4575 et
1685 4521 2052 4590 impudentes,

456 4611 517 4657 et
544 4605 860 4670 truculenti,
915 4607 1280 4663 assiduitatem
1327 4611 1584 4680 propositi
1614 4612 1776 4666 vestri
1802 4613 2050 4680 reveriti,

459 4693 675 4748 tandem
703 4712 733 4748 a
757 4697 1072 4766 negligentia
1102 4697 1380 4755 desistent.
1410 4701 1594 4771 Neque
1617 4703 1760 4757 enim
1789 4703 1882 4757 illo
1910 4703 2057 4774 judi-

456 4799 521 4840 ce
549 4785 636 4855 qui
678 4786 843 4840 Deum
875 4803 979 4842 non
1007 4799 1248 4856 noverat,
1279 4807 1454 4862 neque
1485 4795 1729 4848 homines
1768 4795 2051 4850 revereba-

455 4885 563 4940 tur,
591 4877 892 4946 asperiores
910 4889 1054 4945 sunt,
1083 4883 1423 4950 quantumvis
1449 4885 1555 4938 sint
1575 4884 1693 4940 duri
1721 4900 1784 4941 ac
1812 4888 2046 4957 stupidi:

453 4977 687 5022 attamen
721 4971 867 5024 illum
897 4973 1188 5039 crudelem,
1238 4991 1458 5043 saevum,
1500 4980 1759 5047 ferreum,
1790 4981 2050 5036 adaman-

452 5071 561 5116 tem
611 5061 758 5115 illum
805 5063 961 5119 unius
998 5066 1240 5122 mulieris
1270 5068 1444 5123 vidua:
1481 5081 1734 5126 constans
1763 5071 2049 5128 assiduitas

445 5152 692 5208 exoravit
717 5152 880 5222 (Luc.
916 5156 1000 5210 18.
1046 5157 1220 5229 2-5).
1255 5157 1495 5226 Quanam
1527 5161 1688 5232 igitur
1715 5164 1871 5218 venia
1901 5163 2047 5234 digni

442 5247 672 5314 erimus,
702 5248 769 5316 si,
792 5263 914 5303 cum
945 5251 1133 5306 mulier
1160 5252 1318 5308 vidua
1346 5255 1622 5311 crudelem
1658 5255 1925 5326 judicem,
1953 5257 2044 5327 qui

440 5353 614 5410 neque
639 5341 804 5396 Deum
832 5340 1073 5408 timebat,
1097 5359 1197 5401 nec
1216 5344 1463 5402 homines
1489 5349 1863 5414 reverebatur,
1893 5349 2044 5404 inï¬‚e-

438 5441 586 5489 ctere
615 5433 865 5504 potuerit,
897 5445 951 5490 et
978 5434 1046 5490 ad
1077 5436 1394 5493 beneficium
1433 5439 1817 5494 conferendum
1850 5442 2041 5511 impel-

439 5519 572 5585 lere,
607 5538 705 5578 nos
733 5524 928 5580 fratres
949 5534 1162 5582 nostros
1177 5517 1350 5582 multo
1375 5529 1468 5583 illo
1492 5530 1878 5586 tolerabiliores
1902 5533 2042 5586 mul-

436 5620 598 5682 teque
629 5615 980 5673 modestiores
1018 5619 1235 5676 allicere
1271 5637 1375 5676 non
1409 5623 1776 5693 potuerimus,
1808 5625 1932 5679 dum
1971 5626 2037 5681 ad

435 5705 652 5773 propria
692 5705 808 5761 illos
834 5709 1116 5764 commoda
1142 5713 1466 5782 capessenda
1498 5699 1882 5772 cohortamur?
1909 5717 2035 5772 lizec

431 5803 572 5858 "33Â¢:
609 5793 739 5856 dixi,
775 5813 948 5860 neque
974 5798 1155 5855 dicere
1180 5805 1423 5874 cessabo,
1447 5805 1620 5863 donec
1645 5823 1737 5864 eos
1764 5824 1924 5865 sanos
1949 5809 2027 5862 vi-

1201 363 1256 418 S.
1297 358 1574 418 JOANNIâ€˜S
1611 353 2084 414 CllRYSOSTOMl
2124 353 2444 414 ARCIHEP.
2481 359 3020 420 CONSTANTINOP.

3658 373 3754 428 Ï‚Î¾Ï„Îµ

2176 468 2327 538 dero,
2365 474 2452 542 qui
2478 483 2756 544 aegrotant.
2787 477 3020 548 Singulis
3045 476 3232 534 diebus
3268 478 3389 534 illos
3427 496 3638 550 quaero,
3665 485 3759 540 do-

2173 574 2271 614 nec
2297 575 2457 630 opera
2486 573 2664 620 vestra
2695 566 2813 623 illos
2843 569 3128 622 inveniam.
3158 571 3198 624 A
3229 570 3382 626 vobis
3419 573 3580 628 etiam
3619 589 3760 629 sum-

2173 666 2392 722 mopere
2426 657 2719 723 contendo,
2767 667 2825 712 ut
2852 660 3039 714 eodem
3062 675 3181 715 cum
3209 662 3372 716 animi
3401 662 3614 730 dolore,
3640 682 3763 723 cum

2173 758 2279 812 quo
2312 743 2425 799 lucc
2451 760 2480 798 a
2507 762 2592 801 me
2624 763 2764 803 nunc
2795 749 3066 818 dicuntur,
3095 767 3214 805 cum
3242 751 3431 806 eodem
3463 754 3643 809 labore
3673 772 3761 809 nc-

2173 834 2516 904 gligentiores
2555 838 2882 908 disquiratis.
2912 842 3027 896 Non
3059 843 3202 896 enim
3235 844 3363 897 mihi
3397 852 3597 898 tantum
3623 886 3637 910 ,
3672 847 3764 900 sed

2173 935 2227 979 et
2256 927 2403 982 vobis
2430 927 2627 984 Paulus
2665 932 2947 1003 praecepit,
2977 944 3033 987 ut
3063 935 3425 989 membrorum
3468 945 3762 991 vestrorum

2173 1029 2355 1070 curam
2385 1021 2607 1088 geratis.
2639 1021 2982 1077 Consolamini
3021 1026 3161 1080 enim
3184 1067 3199 1092 ,
3244 1027 3447 1096 inquit,
3477 1028 3684 1081 invicem
3712 1030 3765 1083 in

2173 1108 2334 1162 verbis
2354 1109 2481 1175 istis,
2511 1112 2640 1165 sicut
2664 1123 2709 1166 et
2738 1115 2907 1183 facitis
2929 1131 2948 1168 :
2977 1125 3032 1171 et
3062 1133 3268 1185 rursus,
3309 1115 3590 1186 Ediï¬cate
3607 1120 3764 1174 alter-

2174 1209 2344 1255 utrum
2366 1204 2412 1274 (l
2446 1204 2594 1260 Thes.
2625 1207 2680 1263 5.
2711 1207 2824 1279 Î—).
2853 1208 3038 1280 Magna
3069 1210 3266 1280 quippe
3297 1225 3502 1266 merces
3529 1227 3625 1266 eos
3655 1227 3766 1266 ma-

2175 1300 2285 1358 net,
2313 1295 2400 1363 qui
2429 1294 2496 1350 de
2520 1295 2773 1352 fratribus
2802 1310 2924 1353 sunt
2954 1300 3192 1367 solliciti,
3221 1301 3619 1373 maximumque
3640 1318 3770 1374 sup-

2175 1385 2392 1456 plicium
2416 1387 2517 1440 illis
2540 1389 2801 1457 imminet,
2829 1390 2920 1460 qui
2950 1391 3174 1446 salutem
3206 1391 3416 1446 illorum
3435 1393 3653 1450 minime
3676 1410 3770 1450 cu-

2176 1487 2298 1532 rant
2327 1486 2382 1534 et
2405 1479 2696 1551 negligunt.

2244 1569 2295 1625 3.
2341 1571 2545 1626 Auditio
2585 1582 2673 1626 aut
2715 1573 2858 1628 lectio
2889 1573 3210 1646 Scriptum,
3242 1577 3349 1631 sine
3373 1577 3649 1643 intellectu,
3697 1579 3772 1634 ni!

2175 1671 2427 1732 prosunt;
2468 1667 2881 1735 commonefactio
2909 1666 3158 1720 dictorum
3192 1670 3441 1740 superius.
3473 1701 3544 1710 â€”â€”
3571 1671 3772 1738 Quam-

2173 1753 2360 1808 obrem
2405 1754 2562 1811 valde
2591 1757 2803 1812 confido
2841 1759 3113 1831 credoque
3141 1776 3238 1816 vos
3273 1777 3334 1817 ea
3379 1778 3500 1832 quae
3537 1763 3768 1819 diximus

2174 1861 2366 1917 magna
2416 1862 2536 1902 cum
2586 1851 2747 1903 animi
2775 1851 3048 1906 alacritate
3094 1853 3424 1920 prmstituros
3455 1873 3468 1908 :
3498 1870 3660 1924 quam
3701 1856 3771 1909 ob

2173 1953 2388 1993 causam
2419 1939 2504 1995 hic
2534 1941 2852 1997 adhortandi
2881 1943 3042 1999 linem
3081 1944 3283 1999 faciens
3304 1987 3318 2010 ,
3353 1946 3417 1999 ad
3448 1947 3598 2000 Pauli
3623 1963 3772 2001 men-

2175 2046 2288 2085 sam
2317 2031 2582 2089 deducere
2624 2050 2720 2089 vos
2759 2037 3015 2090 conabor.
3061 2035 3258 2092 Paulus
3283 2048 3484 2092 vocatus
3511 2041 3771 2109 apostolus

2179 2126 2256 2197 (Î¹.
2295 2125 2413 2180 Cor.
2440 2128 2489 2182 1.
2521 2129 2594 2197 l).
2623 2128 2746 2182 llzec
2771 2144 3142 2199 saepenumero
3169 2140 3224 2184 et
3252 2146 3280 2183 a
3307 2131 3459 2185 vobis
3487 2131 3691 2197 audita,
3718 2140 3772 2185 et

2173 2233 2203 2271 a
2220 2219 2375 2274 nobis
2391 2229 2515 2274 sunt
2535 2219 2670 2276 lecta
2690 2238 2706 2281 ;
2726 2221 2819 2276 sed
2839 2237 2941 2276 non
2961 2223 3135 2291 legere
3156 2229 3380 2289 tantum,
3398 2239 3583 2277 verum
3607 2225 3768 2278 etiam

2174 2309 2473 2379 intelligere
2492 2327 2611 2380 quae
2640 2311 2888 2367 dicuntur
2913 2320 3125 2382 oportet
3154 2330 3167 2366 :
3197 2313 3391 2383 alioqui
3427 2313 3634 2368 nullum
3679 2329 3773 2368 uo-

2174 2403 2258 2459 bis
2282 2403 2489 2460 lucrum
2512 2421 2576 2460 ex
2607 2407 2837 2462 lectione
2859 2408 3142 2463 constabit.
3166 2407 3438 2478 Siquidem
3463 2407 3768 2473 thesaurus,

2173 2497 2217 2551 si
2245 2512 2476 2566 superne
2514 2499 2770 2566 calcetur,
2801 2500 3012 2554 divitias
3043 2515 3149 2555 non
3191 2499 3460 2565 ostendit;
3505 2499 3602 2554 sed
3644 2498 3774 2553 eilâ€˜o-

2173 2586 2399 2642 dicndus
2438 2599 2520 2644 est
2551 2591 2731 2660 prius,
2773 2599 2828 2646 et
2869 2601 3148 2661 postquam
3201 2591 3337 2647 infra
3376 2591 3768 2659 descenderis,

2173 2693 2386 2734 omnem
2418 2679 2612 2736 deinde
2638 2691 2896 2752 quaestum
2940 2683 3182 2739 invenies
3215 2701 3228 2737 :
3262 2684 3331 2738 ita
3373 2699 3587 2754 quoque
3634 2683 3690 2737 tit
3720 2684 3773 2738 in

2173 2772 2500 2844 Scripturis;
2531 2792 2635 2830 non
2663 2777 2772 2832 sola
2801 2777 3000 2832 sufficit
3036 2778 3193 2833 lcetio
3218 2778 3284 2832 ad
3324 2778 3635 2833 reconditos
3674 2778 3772 2832 bo-

2174 2881 2362 2922 norum
2396 2866 2676 2924 thesauros
2706 2870 3016 2925 iudicandos
3037 2913 3052 2939 ,
3078 2871 3178 2925 nisi
3205 2871 3521 2942 profundum
3560 2880 3772 2926 scrute-

2172 2957 2268 3012 ris.
2288 2957 2342 3013 Si
2363 2958 2519 3014 lectio
2535 2960 2823 3026 sufficeret,
2841 2977 2944 3016 non
2962 2963 3182 3018 dixisset
3199 2963 3440 3018 eunucho
3459 2964 3594 3018 Phili
3604 2979 3739 3034 ppus
3756 2981 3772 3018 :

2175 3046 2405 3104 Putasne
2431 3051 2670 3121 intelligis
2693 3069 2808 3122 qua:
2829 3053 2950 3124 legis
2976 3053 3111 3124 (Act.
3142 3055 3194 3110 8.
3219 3055 3351 3123 30)?
3377 3054 3430 3111 Si
3462 3055 3627 3109 lectio
3657 3054 3771 3108 suf-

2173 3139 2387 3207 liceret,
2431 3142 2630 3199 Judmis
2672 3145 2914 3200 Christus
2961 3163 3069 3202 non
3115 3148 3336 3202 dixisset
3384 3166 3396 3201 :
3454 3149 3773 3203 Scrutamini

2173 3231 2468 3304 Scriptura:
2495 3234 2674 3307 (Joan.
2703 3237 2756 3292 5.
2789 3237 2880 3309 59)
2911 3254 2927 3292 :
2956 3247 3009 3292 at
3036 3239 3079 3293 is
3105 3239 3192 3309 qui
3220 3248 3508 3303 scrutatur,
3544 3256 3656 3294 non
3685 3257 3772 3294 su-

2171 3324 2388 3393 perficie
2411 3334 2566 3380 tenus
2580 3327 2838 3394 subsistit,
2856 3329 2946 3384 sed
2970 3329 3036 3384 ad
3061 3330 3376 3398 profundum
3403 3331 3573 3399 ipsum
3600 3347 3774 3402 usque

2171 3413 2465 3470 descendit.
2493 3415 2706 3473 Etenim
2736 3419 2786 3472 in
2829 3419 2943 3488 ipso
2980 3420 3199 3475 exordio
3243 3423 3468 3476 multutn
3509 3438 3768 3479 sensuum

2171 3505 2390 3578 pelagus
2417 3523 2599 3563 cerno.
2634 3512 2805 3580 Atque
2835 3512 2884 3566 in
2915 3513 3261 3568 scccularilrns
3281 3514 3492 3583 quidem
3523 3516 3772 3584 epistolis

2169 3597 2517 3657 salutationes
2546 3615 2761 3670 quoquo
2787 3601 2945 3656 modo
2974 3603 3122 3668 fiunt,
3153 3603 3326 3656 solum
3356 3603 3618 3660 hancrem
3650 3607 3767 3660 cul-

2171 3697 2388 3758 tumque
2417 3689 2720 3746 deferemes
2745 3709 2756 3744 :
2787 3691 2871 3747 hic
2898 3709 3026 3748 vero
3053 3709 3157 3748 non
3179 3694 3266 3760 ita,
3295 3695 3387 3749 sed
3413 3695 3574 3749 multa
3601 3711 3767 3750 exor-

2166 3779 2313 3833 dium
2346 3781 2603 3850 sapientia
2635 3783 2918 3838 redundat.
2969 3784 3084 3839 Non
3126 3786 3267 3840 enim
3315 3785 3506 3840 Paulus
3544 3795 3631 3840 est
3677 3787 3767 3857 qui

2167 3869 2425 3940 loquitur,
2458 3872 2550 3928 sed
2577 3873 2664 3942 qui
2693 3874 2923 3929 animam
2951 3876 3067 3945 ejus
3110 3885 3288 3932 movet
3315 3877 3578 3932 Christus.
3614 3876 3765 3930 Pan-

2166 3963 2246 4016 lus
2273 3974 2494 4019 vocatus.
2530 3964 2642 4020 Hoc
2691 3981 2910 4034 nomen,
2949 3969 3160 4033 Paulus,
3206 3986 3366 4024 unum
3417 3970 3630 4040 quidem
3684 3979 3768 4025 est

2165 4055 2471 4127 nudumque
2501 4072 2694 4113 nomen
2729 4076 2742 4112 :
2777 4059 2874 4114 sed
2923 4069 3124 4114 tantum
3168 4077 3418 4116 sensuum
3453 4062 3764 4117 thesaurum

2166 4145 2325 4202 habet
2351 4147 2709 4216 reconditum,
2750 4161 3006 4221 quantum
3038 4152 3365 4220 experientia
3397 4155 3763 4222 comperistis.

2163 4238 2296 4292 Nam
2329 4239 2372 4292 si
2403 4240 2780 4306 recordamini,
2815 4251 2925 4297 tres
2955 4243 3190 4314 integros
3234 4243 3349 4300 dies
3387 4244 3455 4300 de
3499 4246 3618 4298 solo
3661 4245 3766 4300 hoc

2165 4331 2378 4385 nomine
2407 4330 2726 4388 disseruisse
2752 4348 2838 4388 me
2867 4335 3014 4388 scitis
3034 4377 3050 4402 ,
3082 4335 3208 4389 dum
3233 4349 3424 4389 causas
3468 4335 3722 4390 alferrem
3744 4375 3759 4400 ,

2161 4423 2230 4476 ob
2259 4438 2389 4492 quas
2415 4439 2536 4479 cum
2577 4424 2771 4480 Saulus
2808 4434 2962 4481 antea
2993 4436 3295 4494 vocaretur,
3327 4426 3520 4481 Paulus
3564 4428 3764 4482 deinde

2160 4523 2380 4568 vocatus
2405 4525 2506 4581 est,
2532 4525 2586 4569 et
2607 4531 2709 4586 qua
2737 4515 2804 4570 de
2825 4531 2983 4570 causa
3014 4531 3118 4570 non
3143 4517 3318 4571 statim
3349 4517 3413 4572 ad
3441 4517 3594 4572 ï¬dem
3627 4535 3759 4572 con-

2160 4619 2347 4658 versus
2374 4604 2512 4661 hanc
2552 4607 2962 4677 appellationem
3011 4608 3256 4676 accepit,
3298 4608 3392 4662 sed
3432 4609 3495 4662 ad
3530 4610 3757 4663 multum

2160 4707 2368 4767 tempus
2395 4713 2589 4753 nomen
2620 4700 2859 4765 retinuit,
2891 4699 3030 4769 quod
3062 4700 3137 4753 illi
3165 4715 3193 4753 a
3222 4699 3481 4769 principio
3505 4712 3760 4769 parentes

2159 4787 2567 4858 imposuerant:
2613 4790 2938 4858 multamque
2982 4789 3075 4844 Dei
3121 4790 3434 4858 sapientiam
3481 4800 3535 4845 et
3579 4791 3759 4860 proviâ€”

2157 4879 2390 4933 dentiam
2431 4895 2498 4934 ex
2537 4895 2603 4935 eo
2645 4881 3126 4935 demonstravimus
3170 4897 3291 4936 cum
3335 4897 3458 4953 erga
3491 4898 3607 4948 nos,
3642 4891 3756 4937 tum

2156 4985 2280 5042 erga
2309 4981 2522 5026 sanctos
2564 4971 2683 5026 illos
2713 4971 3024 5027 exhibitam.
3069 4972 3200 5026 Nam
3233 4973 3274 5026 si
3306 4973 3488 5027 liberis
3512 4975 3622 5028 suis
3651 4973 3754 5026 ho-

2141 5064 2328 5136 gmines
2349 5078 2453 5118 non
2485 5071 2687 5118 temere
2717 5079 2912 5118 nomen
2944 5067 3253 5134 imponunt,
3282 5065 3377 5120 sed
3407 5067 3484 5120 vel
3512 5081 3543 5120 a
3574 5077 3752 5135 patre,

2155 5155 2240 5211 vel
2262 5157 2330 5210 ab
2354 5171 2454 5210 avo
2474 5198 2490 5224 ,
2519 5157 2598 5210 vel
2627 5172 2656 5210 a
2683 5157 2974 5226 majoribus
3000 5158 3208 5212 cazteris
3250 5159 3464 5212 nomina
3498 5169 3756 5212 mutuan-

2153 5259 2240 5304 tur
2270 5267 2283 5303 :
2316 5250 2484 5304 multo
2523 5250 2693 5321 magis
2729 5251 2872 5305 Deus
2910 5251 3080 5306 servis
3115 5251 3228 5306 suis
3253 5267 3359 5306 non
3409 5252 3523 5306 sine
3550 5266 3712 5306 causa
3733 5294 3751 5319 ,

2150 5359 2250 5398 nec
2275 5343 2392 5398 sine
2425 5345 2632 5399 ratione
2678 5343 2850 5414 aliqua
2897 5345 3285 5416 appellationes
3330 5345 3599 5414 imposuit,
3649 5345 3749 5401 sed

2151 5435 2338 5506 majori
2365 5451 2484 5490 cum
2503 5436 2708 5505 judicio
2727 5452 2790 5492 ac
2810 5438 3094 5508 sapientia.
3118 5437 3391 5504 Siquidem
3418 5436 3663 5490 homines
3693 5438 3748 5491 in

2151 5527 2407 5582 honorem
2435 5527 2805 5584 defunctorum
2835 5570 2849 5596 ,
2899 5529 2984 5582 vel
3031 5527 3098 5582 ad
3130 5542 3280 5582 suam
3324 5527 3748 5582 consolationem

2146 5637 2518 5692 sarpenumero
2547 5622 2854 5676 nominibus
2879 5631 3211 5676 mortuorum
3243 5619 3381 5674 ï¬lios
3408 5633 3533 5673 suos
3559 5618 3751 5687 appel-

2147 5713 2276 5779 lant,
2320 5729 2491 5783 eoquc
2527 5722 2681 5783 pacto
2712 5728 2806 5783 per
2843 5712 3253 5783 appellationem
3283 5711 3570 5765 liberorum
3599 5708 3754 5764 sola-

2149 5807 2278 5866 tium
2308 5805 2405 5860 sibi
2432 5805 2631 5860 doloris
2663 5803 2982 5876 excogitant,
3015 5819 3176 5875 quem
3201 5818 3266 5859 ex
3290 5802 3436 5858 obitu
3462 5799 3752 5857 dcfunctoÂ«
