4086 6428
473 349 574 408 N9

466 470 610 533 λίαν,
645 465 833 537 ὥσπερ
876 465 937 520 ἐν
980 465 1144 537 στήλῃ
1185 465 1383 536 χαλκῇ,
1435 467 1503 535 τῇ
1549 463 1887 536 προσηγορίᾳ
1941 461 2048 515 τῶν

469 553 644 623 ἁγίων
681 548 1079 603 ἐναποτίθεται.

542 647 645 700 Τὸν
676 645 805 715 γοῦν
851 644 1056 714 Πέτρον
1085 642 1193 696 άπὸ
1239 643 1339 711 τῆς
1367 642 1569 713 ἀρετῆς
1613 642 1787 707 οὕτως
1804 640 2050 708 ἐκάλεσε,

467 734 568 806 τήν
596 730 865 795 ἀπόδειξιν
891 730 991 800 τῆς
1022 729 1148 801 περὶ
1160 729 1258 801 τὴν
1282 730 1462 784 πίστιν
1494 731 2054 802 στερρότητοςέναπο-

468 820 746 888 τιθέμενος
772 816 935 870 αὐτοῦ
972 815 1049 887 τῷ
1081 816 1323 887 ὀνόματι,
1358 817 1443 869 ῖνα
1471 815 1569 889 ἔχῃ
1600 815 1919 871 διδάσκαλον
1969 815 2053 868 δι-

468 906 661 975 ηνεκῆ,
690 903 787 975 τὴν
816 902 1206 975 προσηγορίαν,
1248 903 1348 972 τῆς
1375 904 1629 972 τοιαύτης
1678 901 2050 974 στερρότητος.

466 991 639 1044 Τοῦτο
678 990 890 1043 καὶτὸν
934 990 1186 1060 Ἰωάννην
1220 991 1315 1043 καὶ
1349 990 1441 1043 τὸν
1486 989 1739 1043 Ἰάκωϐον
1777 988 2051 1053 ἐκάλεσεν,

467 1077 575 1131 ἀπο
605 1077 707 1148 τῆς
744 1075 887 1130 κατά
914 1076 975 1129 τὸ
1032 1077 1294 1147 κήρυγμα
1332 1075 1765 1147 μεγαλοφωνίας.
1804 1074 1942 1127 Ἀλλ’
1970 1072 2057 1126 ’ίνα

471 1164 546 1236 μὴ
589 1165 753 1219 πάλιν
797 1163 867 1217 τά
903 1162 1042 1217 αὐτά
1093 1162 1266 1231 λέγων
1318 1161 1594 1233 διενοχλῶ,
1637 1161 1811 1216 ταῦτα
1873 1160 2053 1230 ἀφεὶς,

468 1254 646 1305 ἐκεῖνο
704 1250 833 1323 ἐρῶ,
881 1251 964 1304 ὅτι
1021 1250 1117 1303 καὶ
1143 1249 1285 1304 αὐτὰ
1329 1249 1452 1303 καθ’
1483 1249 1652 1303 ἐαυτά
1686 1247 1955 1319 λεγόμενα
1986 1246 2057 1300 τά

466 1339 709 1410 ὀνόματα
729 1337 837 1390 τῶν
856 1336 1048 1407 ἁγίων,
1075 1337 1170 1391 καὶ
1202 1338 1315 1400 τοῖς
1335 1336 1600 1406 φιλοθέοις
1624 1336 1761 1390 είσὶν
1780 1335 2053 1407 αίδέσιμα,

467 1424 565 1478 καὶ
608 1425 723 1487 τοῖς
755 1423 1132 1494 ἁμαρτάνουσι
1163 1422 1389 1494 φοϐερά.
1446 1422 1549 1477 Τὸν
1597 1424 1727 1493 γοῦν
1771 1424 2056 1494 Ὀνήσιμον

466 1510 740 1583 δραπέτην
758 1510 851 1564 καὶ
881 1510 1120 1581 κλέπτην
1135 1509 1446 1581 γενόμενον,
1480 1509 1577 1564 καὶ
1597 1510 1705 1563 τῶν
1721 1508 2056 1564 δεσποτικῶν

469 1597 802 1668 ὐφελόμενόν
827 1614 881 1650 τι
905 1614 1011 1669 χρη
1021 1598 1226 1668 μάτων,
1260 1596 1657 1669 ὑποδεξάμενος
1682 1597 1933 1661 όΠαῦλος
1962 1598 2058 1651 καὶ

471 1684 813 1756 μεταϐαλὼν,
843 1687 939 1739 καὶ
965 1684 1107 1738 οὕτω
1135 1685 1272 1756 πρὸς
1305 1685 1404 1757 τὴν
1437 1685 1587 1757 ἱερὰν
1639 1686 2058 1756 χειραγωγήσας

472 1772 891 1844 μυσταγωγίανο
945 1769 1062 1826 εἶτα
1105 1771 1315 1842 μέλλων
1357 1771 1664 1826 ἀποδιδόναι
1703 1771 1781 1842 τῷ
1822 1771 2058 1843 δεσπότῃ

469 1860 656 1927 πάλιν,
681 1858 840 1914 τοῦτο
883 1859 1018 1931 πρὸς
1063 1858 1223 1912 αὐτὸν
1264 1859 1503 1932 ἔγραφε·
1553 1859 1651 1915 Διὸ
1689 1860 1934 1929 πολλὴν
1987 1860 2059 1913 ἐν

468 1946 701 2018 Χριστῷ
732 1947 1078 2017 παρρησίαν
1115 1944 1275 2016 ἔχων
1311 1945 1670 2001 ἐπιτάσσειν
1696 1961 1797 2001 σοι
1827 1946 1895 2001 τὸ
1950 1946 2057 2000 ἁν-

469 2035 620 2100 ἧκογ
639 2034 737 2090 διὰ
760 2036 876 2103 τὴν
887 2034 1147 2105 ἀγάπην,
1168 2033 1411 2104 μᾶλλον
1424 2034 1769 2104 παρακαίῶ,
1789 2034 2058 2102 τοιοῦτος

466 2120 554 2177 ὢν
584 2124 666 2188 ὡς
697 2123 937 2188 Παῦλος
975 2123 1336 2190 πρεσϐύτης,
1384 2122 1523 2176 νυνί
1552 2121 1620 2175 δὲ
1671 2124 1769 2175 καὶ
1812 2122 2059 2190 δέσμιος

467 2212 541 2264 ἐν
576 2207 809 2278 Χριστῴ
833 2209 1049 2276 Ἰησοῦ.
1085 2210 1245 2280 Ὁρᾷς
1266 2209 1347 2261 ὅτι
1377 2208 1501 2280 τρία
1513 2208 1772 2279 ἐπέθηκε,
1797 2208 1866 2261 τά
1883 2206 2061 2278 δεσμά

467 2297 537 2352 τὰ
570 2297 657 2351 διὰ
684 2282 775 2350 τὸν
799 2296 1055 2367 Χριστὸν,
1101 2297 1199 2366 τὴν
1254 2296 1528 2350 πολιτείαν
1556 2295 1652 2366 τὴν
1688 2294 1797 2348 ἀπὸ
1825 2293 1925 2362 τῆς
1941 2294 2060 2367 ἠλι-

468 2384 617 2449 κίας,
649 2383 750 2454 τὴν
780 2382 913 2437 αίδῶ
940 2383 1038 2455 τήν
1090 2383 1202 2437 ἀπὸ
1245 2383 1346 2453 τῆς
1391 2381 1798 2454 προσηγορίας;
1842 2379 2057 2454 Ἐπειδὴ

465 2472 578 2545 γὰρ
601 2465 684 2536 εἷς
708 2468 775 2543 ἦν
807 2472 836 2525 ό
855 2469 1208 2541 παρακαλῶν,
1234 2470 1494 2543 τριπλοῦν
1514 2470 1886 2540 ἐφιλονείκησε
1905 2469 2061 2540 ποιῆ-

469 2576 561 2613 σαι
609 2558 699 2612 τὸν
737 2558 879 2630 ὐπέρ
913 2558 1202 2630 Ὀνησίμου
1232 2557 1507 2629 δεόμενον,
1547 2558 1639 2612 τὸν
1673 2557 1985 2629 πρεσϐύτην
2008 2568 2057 2613 ι.

479 2646 641 2719 Ὁρᾷς
669 2647 750 2700 ὅτι
779 2645 874 2699 καὶ
901 2645 1040 2699 αὐτά
1071 2645 1139 2699 τά
1167 2646 1407 2713 ὀνόματα
1431 2645 1688 2716 αίδέσιμα
1709 2647 1821 2708 τοῖς
1848 2647 2061 2707 πιστοῖς

466 2735 584 2790 ἐστι
610 2734 706 2789 καὶ
730 2733 990 2804 φιλόθεα;
1033 2734 1095 2787 ΕΞ
1132 2734 1241 2805 γὰρ
1292 2733 1504 2788 παιδίου
1536 2733 1859 2803 φιλουμένου
1889 2748 2060 2803 προσ-

467 2823 668 2895 ηγορία
696 2822 1060 2893 ὀνομασθεῖσα
1093 2821 1353 2885 πολλάκις
1395 2822 1490 2875 καὶ
1522 2821 1597 2893 μὴ
1629 2820 1949 2891 βουλόμενον
1967 2819 2061 2875 τὸν

470 2911 684 2983 πατέρα
703 2910 887 2965 ἔπεισε
910 2909 1092 2964 δοῦναι
1121 2910 1218 2980 τὴν
1247 2911 1408 2979 χάριν
1434 2908 1524 2961 διά
1549 2909 1612 2962 τὸ
1638 2908 1776 2979 πρὸς
1798 2908 1861 2961 τὸ
1888 2907 2062 2979 ὄνομα

471 2999 720 3068 φίλτρον,
772 2996 953 3068 πολλῷ
1016 2996 1217 3069 μᾶλλον
1249 2998 1342 3049 ἐπὶ
1388 2995 1498 3049 τῶν
1527 2996 1699 3062 ἁγίων
1742 2994 2060 3065 συμϐαίνειν

469 3085 630 3138 τοῦτο
658 3084 802 3149 εἰκδς
827 3080 918 3157 ἦν.
950 3084 1071 3138 Ὀτι
1095 3083 1151 3136 δέ
1185 3083 1280 3137 καὶ
1306 3086 1417 3148 τοῖς
1453 3082 1822 3153 ἁμαρτάνουσι
1855 3080 2061 3153 φοϐερά

470 3168 561 3243 ἦν,
590 3172 841 3243 καθάπερ
892 3171 1128 3235 παιδίοις
1161 3170 1462 3243 ῥᾳθυμοῦσι
1490 3169 1558 3224 τά
1595 3170 1702 3223 τῶν
1728 3169 2072 3224 διδασκάλων-

473 3259 628 3334 11154]
672 3259 937 3330 ὀνόματα,
988 3258 1221 3313 ἄκουσον
1267 3258 1384 3321 πῶς
1426 3257 1694 3321 Γαλάταις
1735 3257 2063 3311 ἐπιστέλλων

473 3348 606 3402 αὐτὸ
632 3347 791 3401 τοῦ-το
807 3346 1047 3419 ᾐνίξατο.
1066 3346 1289 3418 Ἐπειδὴ
1316 3344 1425 3417 γάρ
1440 3346 1522 3409 εἰς
1538 3343 1821 3399 ἀσθένειαν
1834 3344 2063 3398 ἀπέκλι-

471 3453 571 3491 ναν
608 3435 927 3507 Ἰουδαῑκὴν,
967 3438 1061 3489 καὶ
1106 3437 1234 3507 περὶ
1290 3434 1389 3506 τήν
1424 3432 1607 3488 πίστιν
1650 3433 1819 3504 αὐτήν
1857 3431 2067 3487 ἐκινδύ-

474 3541 649 3591 νευον,
686 3524 1007 3596 βουλόμενος
1039 3524 1234 3588 αὐτοὺς
1266 3523 1569 3596 ἀναστῆσαι
1601 3524 1697 3576 καὶ¹
1732 3523 1919 3575 πεῖσαι
1958 3538 2080 3593 μην

474 3610 563 3666 δέν
602 3611 887 3666 Ἰουδαϊκὸν
911 3611 1224 3680 ἐπεισάγειν
1252 3614 1317 3682 τῇ
1338 3610 1432 3664 τοῦ
1462 3610 1796 3679 Εὐαγγελίου
1818 3609 2078 3664 διδασκα-

475 3697 586 3770 λίᾳ,
624 3698 797 3763 οὕτως
842 3698 1079 3771 ἔγραφεν
1102 3715 1116 3729 ο
1158 3697 1264 3753 Ἰδὲ
1290 3696 1405 3768 ἐγὼ
1443 3698 1685 3764 Παῦλος
1721 3696 1878 3767 λέγω
1903 3697 2068 3777 ὑμῖν⁹

476 3786 568 3840 ὅτι
595 3785 704 3840 ἐὰν
750 3784 1203 3857 περιτέμνησθε,
1251 3783 1505 3854 Χριστὸς
1538 3783 1694 3855 ὑμᾶς
1722 3784 1907 3839 οὐδὲν
1927 3784 2071 3855 (bys-

476 3877 676 3945 λήσει.
744 3871 934 3940 Εἷπες,
979 3874 1159 3946 Ἐγώ·
1217 3875 1363 3938 τίνος
1412 3874 1598 3929 ίνεκεν
1647 3873 1960 3945 προστιθεὶς
2008 3874 2073 3928 τὸ

475 3963 682 4033 ϐνομα;
741 3961 803 4015 τὸ
844 3963 974 4033 γάρ,
1012 3960 1174 4032 Ἐγὼ,
1228 3962 1328 4015 οὐκ
1369 3956 1437 4033 ἦν
1487 3960 1669 4015 ἱκανὸν
1703 3961 1939 4033 δηλῶσαι
1978 3961 2080 4016 τὸν

479 4050 792 4120 γράφοντας
843 4047 984 4101 Ἀλλ’
1034 4048 1122 4101 ἴνα
1152 4047 1330 4119 μάθῃς
1378 4048 1461 4101 ὅτι
1488 4049 1584 4102 καὶ
1613 4047 1751 4119 αὐτή
1778 4048 1811 4118 ή
1834 4047 1928 4102 τοῦ
1955 4047 2073 4101 ὀνό-

485 4150 652 4205 ματος
686 4133 1004 4204 παρενθήκη
1032 4134 1193 4204 ἱκανή
1214 4134 1322 4187 τῶν
1363 4133 1668 4187 ἀκουόντων
1700 4132 2080 4203 καθάψασθαι,

481 4222 571 4274 διά
599 4219 757 4273 τοῦτο
789 4218 1115 4290 προστίθησι
1136 4219 1235 4290 τὴν
1280 4220 1672 4291 προσηγορίαν,
1707 4220 1785 4281 εἱς
1823 4220 2072 4291 ὑπόμνη-

484 4324 567 4361 σιν
619 4306 815 4370 αὐτούς
865 4306 1014 4373 άγων
1060 4304 1155 4360 τοῦ
1187 4306 1529 4361 διδασκάλου.
1578 4307 1688 4359 Kal
1727 4308 1888 4378 ἡμεῖς
1917 4306 1975 4360 δὲ
2010 4308 2072 4360 τὸ

480 4395 615 4451 αὐτὸ
648 4393 807 4449 τοῦτο
833 4395 1114 4465 πάσχομεν
1139 4410 1154 4426 ο
1185 4394 1311 4447 ὅταν
1351 4393 1460 4466 γάρ
1493 4393 1929 4465 ἀναμνησθῶμεν
1961 4392 2069 4447 τῶν

483 4484 675 4552 ἁγίων,
726 4483 829 4537 κᾶν
873 4485 930 4537 ἐν
963 4482 1206 4554 ῥαθυμίᾳ
1248 4476 1421 4554 ὦμεν,
1447 4481 1861 4554 διανιστάμεθα,
1886 4482 1988 4536 κᾶν
2012 4484 2070 4538 ἐν

482 4572 914 4643 καταφρονήσει,
950 4569 1283 4641 φοϐούμεθα.
1316 4569 1526 4624 Παῦλον
1551 4569 1683 4639 γοῦν
1714 4569 1807 4623 τὸν
1839 4569 2070 4623 ἀπόστο-

483 4656 574 4711 λον
621 4659 749 4712 ὅταν
801 4656 1019 4712 ἀκούσω
1058 4658 1193 4727 ἐγὼ,
1224 4657 1391 4713 ἐννοῶ
1410 4658 1501 4712 τὸν
1532 4659 1591 4711 ἐν
1634 4656 1981 4727 malem,th
2013 4658 2071 4709 ἐν

487 4748 889 4819 στενοχωρίαις,
936 4747 1029 4801 τὸν
1074 4749 1132 4802 ἐν
1162 4748 1418 4818 πληγαῖς,
1448 4747 1538 4801 τὸν
1570 4748 1628 4801 ἐν
1668 4745 1957 4816 φυλακαῖς,
1977 4745 2071 4799 τὸν

485 4835 545 4888 ἐν
579 4833 655 4904 τῷ
710 4833 854 4905 βυθῷ
902 4835 1241 4906 νυχθήμερον
1289 4835 1601 4904 γενόμενον,
1636 4833 1726 4886 τὸν
1760 4834 1841 4897 εἰς
1890 4832 2071 4905 τρίτον

486 4923 802 4995 ἁρπαγέντα
827 4923 1078 4995 οὐρανὸν,
1109 4924 1200 4978 τὸν
1232 4925 1288 4977 ἐν
1313 4922 1390 4995 τῷ
1416 4923 1731 4994 παραδείσῳ
1758 4921 1825 4975 τά
1858 4921 2071 4994 ἄρρητα

389 5029 406 5044 ι
486 5011 709 5083 ῥήματα
738 5009 1064 5076 ἀκούσαντα,
1089 5010 1150 5064 τὸ
1176 5010 1368 5073 σκεῦος
1402 5011 1500 5081 τῆς
1541 5009 1788 5079 ἐκλογῆς,
1829 5009 1919 5061 τὸν
1943 5024 2073 5078 νυμ-

485 5098 741 5168 φαγωγὸν
761 5096 855 5152 τοῦ
885 5097 1144 5169 Χριστοῦ,
1192 5097 1284 5151 τὸν
1318 5095 1613 5167 εὐξάμενον
1658 5095 1908 5167 ἀνάθεμα
1932 5089 2071 5148 εῖναι

484 5184 708 5243 ἀπὸτοῦ
733 5184 969 5258 Χριστοῦ
1016 5184 1159 5256 ὑπὲρ
1202 5183 1311 5238 τῶν
1344 5185 1610 5254 ἀδελφῶν.
1657 5185 1770 5239 Kal
1820 5182 2071 5252 καθάπερ

487 5274 645 5347 σειρά
693 5292 778 5339 τις
839 5275 1048 5348 χρυσῆ,
1100 5273 1209 5327 τῶν
1255 5273 1693 5345 κατορθωμάτων
1748 5275 1777 5326 ό
1834 5271 2071 5344 όρμαθδς

487 5364 627 5437 μετά
653 5366 751 5437 τῆς
776 5365 870 5419 τοῦ
913 5365 1178 5435 ὀνόματος
1214 5364 1433 5435 μνήμης
1464 5365 1575 5426 τοῖς
1625 5360 1763 5431 μετὰ
1786 5361 2072 5431 ἀκριϐείας

486 5453 843 5523 προσέχουσιν
883 5454 1262 5525 ἐπεισέρχεται
1285 5468 1298 5481 ·
1336 5450 1432 5504 καὶ
1477 5451 1538 5503 οὐ
1583 5449 1777 5520 μικρὸν
1811 5450 1941 5519 ἡμῖν
1964 5449 2071 5501 ἀπὸ

484 5538 673 5591 τούτου
696 5540 898 5607 γίνεται
923 5540 1132 5611 κέρδος.

550 5696 575 5724 ⁸
608 5694 700 5757 Hi9
734 5695 1000 5756 legendum
1029 5697 1224 5746 videtur
1255 5698 1338 5745 τὸν
1360 5697 1630 5757 δεσμώτην,
1655 5694 1738 5744 τὸν
1778 5693 2067 5757 πρεσϐύτην,

498 5753 571 5808 σὺν
591 5753 811 5812 Παῦλον,
828 5760 881 5805 :1:
903 5771 1078 5804 scmus
1100 5759 1326 5817 quadret

1190 361 1248 416 8.
1289 359 1578 418 JOANNIS
1614 358 2113 419 CHRYSOSTOII
2154 360 2476 419 ARCHIEP.
2517 360 3066 422 CONSTANTINOP.

3633 344 3739 403 Ιῦ)

2225 459 2461 530 δ’,Ἐνῆν
2486 460 2580 513 καὶ
2601 459 2816 514 πλείονα
2833 459 3036 513 τούτων
3051 459 3127 523 είς
3146 456 3245 530 τὴν
3273 460 3643 532 προσηγορίαν
3661 466 3738 515 εἰ·

2153 550 2305 601 πεῖν·
2338 547 2452 601 ἀλλ’
2504 548 2719 603 ἴνα-καὶ
2767 548 2867 619 τῆς
2904 549 3162 620 δευτέρας
3207 547 3476 619 ἁψώμεθα
3514 549 3735 616 λέξεως.

2152 634 2386 689 ἐνταῦθα
2411 635 2511 708 τήν
2545 637 2674 707 περὶ
2705 634 2799 689 τοῦ
2820 636 3083 705 ὀνόματος
3124 636 3329 706 στήσας
3361 634 3616 706 θεωρίαν,
3651 639 3735 692 ἐπ’

2153 723 2375 793 ἐκείνην
2420 723 2703 795 βαδιοῦμεν
2747 723 2952 780 λοιπόν.
2987 724 3198 797 Ὠσπερ
3231 724 3341 797 γὰρ
3390 725 3452 779 τδ
3494 726 3739 793 Παῦλος

2153 812 2323 882 δνομα
2353 810 2553 881 πολλὴν
2599 812 2874 881 παρέσχεν
2911 812 3043 881 ήμῖν
3079 812 3367 883 εὐπορίαν,
3389 811 3533 866 οὕτω
3564 815 3736 867 καὶτὸ

2154 899 2407 965 κλητὸς,
2433 899 2481 950 εί
2514 898 2905 969 βουληθείημεν
2936 899 3068 953 αὐτὸ
3099 899 3438 970 καταμαθεῖν
3460 902 3598 970 μετὰ
3636 904 3737 972 τῆς

2156 986 2541 1057 προσηκούσης
2591 986 2850 1056 σπουδῆς,
2872 986 2974 1055 τῆς
3021 986 3142 1058 ίσης
3181 988 3215 1058 ἢ
3244 989 3341 1041 καὶ
3369 988 3611 1051 πλείονος
3638 991 3738 1060 ἐμ-

2156 1072 2378 1144 πλήσειε
2412 1074 2644 1146 θεωρίας
2675 1076 2841 1146 ήμᾶς.
2872 1076 2984 1129 Kal
3013 1075 3264 1148 καθάπερ
3290 1076 3400 1131 ἀπὸ
3442 1077 3666 1148 κόσμου,
3699 1078 3743 1147 ἢ

2154 1159 2482 1231 διαδήματος
2537 1159 2816 1231 βασιλικοῦ
2869 1159 3015 1215 λίθον
3047 1161 3143 1216 ἕνα
3181 1179 3266 1225 τις
3304 1162 3520 1231 ἐξελὼν,
3549 1165 3643 1217 καὶ
3667 1167 3742 1217 οἰδ-

2156 1245 2280 1309 κίας
2325 1246 2585 1318 λαμπράς
2628 1247 2723 1301 καὶ
2759 1247 3069 1312 πολυτελεῖς
3111 1249 3334 1321 άγρούς,
3379 1251 3473 1303 καὶ
3510 1251 3738 1304 οἰκετῶν

2156 1333 2377 1402 ἀγέλας,
2419 1334 2513 1388 καὶ
2546 1334 2708 1406 ἕτερα
2748 1334 2929 1405 πολλῷ
2974 1334 3194 1390 πλείονα
3222 1337 3430 1390 τούτων
3475 1338 3739 1410 πρίασθαι

2155 1419 2357 1473 δύναιτ’
2406 1420 2492 1486 ἂν,
2549 1420 2642 1474 τὸν
2717 1422 3064 1493 μαργαρίτην
3105 1422 3438 1495 ἀποδόμενος
3492 1425 3698 1478 ἐκεῖνον
3721 1442 3737 1455 ⁸

2156 1506 2298 1561 οὕτω
2323 1506 2387 1577 δὴ
2414 1508 2508 1560 καὶ
2544 1508 2637 1561 ἐπὶ
2667 1507 2772 1560 τῶν
2794 1506 2954 1562 θείων
2978 1509 3259 1580 ῥημάτων,
3291 1510 3358 1563 ἂν
3377 1510 3519 1581 μιᾶς
3529 1512 3741 1584 ρήσεως

2156 1594 2363 1649 ἔννοιαν
2383 1593 2685 1660 ἀναπτύξαι
2712 1594 2963 1668 θελήσῃς,
2996 1594 3195 1668 πολλήν
3216 1613 3301 1650 σοι
3329 1597 3556 1670 παρέξει
3580 1616 3740 1652 πνευ-

2159 1684 2396 1756 ματικῆς
2423 1684 2686 1752 εὐπορίας
2709 1683 2988 1749 ὑπόθεσιν,
3024 1685 3125 1739 οὐκ
3162 1686 3361 1751 οἰκίας,
3389 1688 3509 1741 ούδέ
3536 1688 3739 1762 άνδρόιι-

2157 1773 2314 1837 ποδα,
2341 1772 2463 1827 οὐδέ
2508 1773 2718 1845 πλέθρα
2747 1773 2851 1845 γῆς
2889 1773 3212 1845 κομίζουσα,
3245 1776 3382 1829 άλλά
3430 1776 3737 1843 θεοσεϐείας

2157 1859 2251 1913 καὶ
2281 1858 2602 1930 φιλοσοφίας
2639 1860 2895 1932 ἀφορμὰς
2924 1861 3130 1915 ἐνιεῖσα
3156 1864 3277 1926 ταῖς
3301 1863 3411 1917 τῶν
3439 1866 3739 1936 προσεχόν-

2156 1961 2264 1999 των
2287 1946 2505 2016 ψυχαῖς.
2539 1946 2737 2000 Σκόπει
2780 1943 2873 2001 οὖν
2918 1948 3050 2001 αὐτὸ
3070 1947 3230 2003 τοῦτο
3262 1949 3323 2003 τὸ
3359 1950 3625 2018 Κλητός,
3660 1955 3747 2017 είς.

2157 2033 2289 2105 ὅσην
2314 2036 2461 2105 ήμᾶς
2486 2037 2819 2107 χειραγωγεῖ
2848 2035 3193 2108 πραγμάτων
3234 2037 3472 2109 ίστορίαν
3495 2056 3750 2110 πνευματ

2156 2120 2346 2175 τικῶν.
2378 2121 2544 2175 Δεῖδέ
2570 2122 2834 2194 πρότερον
2868 2123 3081 2194 μαθεῖν,
3113 2124 3167 2177 τί
3187 2126 3317 2177 ποτέ
3340 2126 3487 2180 ἐστιν
3521 2128 3655 2182 αὐτὸ
3683 2130 3751 2182 τὸ

2157 2210 2421 2276 Κλητόςσ
2450 2209 2544 2263 καί
2573 2208 2826 2281 δεύτερον
2860 2208 3132 2275 ἐξετάσαι,
3161 2213 3305 2275 τίνος
3340 2211 3523 2266 ἕνεκεν
3546 2215 3745 2285 Κοριν-

2159 2296 2295 2361 θίοις
2324 2296 2651 2350 ἐπιστέλλων
2709 2297 2867 2368 μόνον
2914 2297 3008 2351 καὶ
3052 2299 3340 2369 Ῥωμαίοις
3372 2298 3543 2364 οὕτως
3581 2301 3746 2374 ἔγρα-
3822 2352 3823 2355 η

2157 2384 2279 2455 ψεν,
2308 2385 2452 2457 ἄλλῳ
2474 2384 2531 2439 δέ
2555 2385 2750 2440 οὐδενί.
2802 2386 2875 2439 Οὐ
2906 2386 3017 2459 γὰρ
3040 2386 3246 2453 ἁπλῶς,
3279 2387 3398 2442 οὐδὲ
3429 2392 3552 2461 εἰκῆ
3586 2389 3762 2444 τοῦτο

2162 2477 2323 2528 ποιεῖ.
2363 2476 2426 2527 Εἰ
2456 2475 2561 2546 γὰρ
2612 2477 2772 2545 ἡμεῖς
2803 2474 2912 2528 τῶν
2946 2476 3242 2531 ἐπιστολῶν
3273 2475 3372 2539 τάς
3412 2480 3759 2549 προρρήσεις,

2159 2560 2476 2633 οὐχ-ἁπλῶς
2533 2561 2859 2633 ποιούμεθα,
2912 2561 3028 2615 ἀλλ’
3062 2562 3466 2635 ὑποδεεστέροις
3501 2564 3600 2634 μὲν
3633 2567 3752 2618 επις

2161 2649 2492 2713 στέλλοντες,
2523 2647 2586 2703 Ὀ
2606 2649 2757 2702 δεῖνα
2776 2647 2855 2719 τῷ
2881 2649 3032 2714 δεῖνι,
3058 2650 3359 2721 γράφομεν,
3392 2650 3519 2704 ὅταν
3542 2651 3598 2704 δὲ
3619 2653 3748 2722 ὁμο-

2158 2740 2359 2810 τίμοις,
2393 2739 2495 2792 καὶ
2515 2739 2781 2809 δεσπότην
2813 2738 2869 2791 ἐν
2898 2740 2965 2809 τῇ
3012 2739 3313 2810 προρρήσει
3354 2739 3624 2811 καλοῦμεν
3656 2742 3749 2795 τὸν

2158 2828 2449 2899 δεχόμενον
2509 2828 2608 2899 τὴν
2663 2827 2988 2899 ἐπιστολήνο
3024 2828 3155 2881 ὅταν
3189 2828 3245 2881 δέ
3285 2827 3420 2882 πολὺ
3466 2830 3566 2901 τήν
3591 2830 3752 2895 ἀξίαν

2161 2916 2469 2987 ὐπερέχωσι
2502 2915 2601 2986 τὴν
2625 2914 2924 2986 ἡμετέραν,
2949 2916 3045 2968 καὶ
3082 2914 3248 2985 ἕτερα
3276 2915 3495 2969 πλείονα
3523 2918 3753 2988 προστίέ

2161 3004 2327 3076 θεμεν
2358 3000 2508 3076 [1⁸55]
2544 3001 2809 3072 ὀνόματα,
2848 3001 3068 3072 μείζονα
3096 3000 3286 3073 ἔχοντα
3307 3002 3403 3073 τὴν
3430 3002 3759 3075 θεραπείαν⁹

2160 3095 2210 3146 εί
2270 3087 2364 3145 οῦν
2413 3092 2576 3161 ήμεῖς
2607 3088 2842 3161 τοσαύτῃ
2895 3087 3119 3161 προνοίᾳ
3149 3089 3487 3160 κεχρήμεθα,
3532 3093 3629 3146 καὶ
3650 3094 3757 3167 οὐχ

2161 3179 2242 3233 ἐνὶ
2270 3178 2455 3251 τρόπῳ
2475 3178 2609 3231 πᾶσι
2639 3176 2942 3248 γράφομεν,
2968 3174 3103 3229 ἀλλά
3126 3179 3191 3248 τῇ
3225 3176 3453 3249 διαφορᾷ
3471 3178 3582 3232 τῶν
3600 3180 3761 3251 δεχο-

2166 3271 2343 3343 μένων
2373 3268 2682 3341 προσώπων
2736 3266 3106 3338 καταλλήλους
3134 3266 3435 3338 ποιούμεθα
3456 3268 3557 3335 τάς
3579 3288 3756 3342 προσ.

2163 3361 2439 3434 ιηγορίαςσΔ
2481 3358 2659 3430 πολλῷ
2691 3358 2891 3430 μᾶλλον
2930 3361 2959 3411 ὁ
3002 3357 3233 3425 Παῦλος,
3259 3359 3357 3430 οὐχ
3387 3359 3596 3427 άπλῶς,
3628 3362 3767 3415 οὐδὲ

2165 3455 2292 3525 είκῆ
2328 3454 2539 3519 τούτοις
2567 3455 2667 3526 μέν
2693 3452 2886 3517 οὕτως,
2927 3453 3155 3518 ἐκείνοις
3177 3454 3235 3507 δέ
3267 3454 3466 3526 ἐτέρως
3493 3456 3755 3510 ἐπέστελ-

2165 3546 2278 3610 λεν,
2308 3545 2443 3599 ἀλλά
2474 3545 2611 3615 μετά
2662 3561 2807 3608 τινος
2847 3544 3041 3608 σοφίας
3072 3546 3467 3617 πνευματικῆς.
3500 3548 3622 3603 Ὀτι
3654 3550 3774 3621 μὲν·

2167 3638 2343 3692 οὐδενὶ
2362 3637 2471 3691 τῶν
2492 3636 2667 3691 ἄλλων
2706 3635 3056 3700 ἐπιστέλλων,
3114 3637 3341 3705 κλητὸν
3370 3640 3561 3694 ἐαυτὸν
3588 3642 3647 3693 ἐν
3673 3641 3756 3711 τῷ

2170 3728 2441 3802 προοιμίῳ
2456 3729 2552 3798 τῆς
2570 3725 2889 3796 Ἐπιστολῆς
2909 3726 3185 3789 ἐκάλεσεν,
3206 3727 3413 3793 ἔξεστιν
3429 3730 3560 3799 ήμῖν
3581 3730 3757 3795 αύτάς

2169 3820 2277 3874 τῶν
2318 3818 2644 3873 Ἐπιστολῶν
2681 3818 2781 3884 τὰς
2824 3819 3000 3890 ἀρχὰς
3028 3818 3310 3873 ἐπελθοῦσι
3339 3820 3498 3873 τοῦτο
3537 3821 3748 3891 μαθεῖν.

2171 3911 2328 3974 Τίνος
2352 3910 2410 3963 δέ
2447 3910 2632 3964 ἐνεκεν
2659 3907 2817 3962 τοῦτο
2840 3907 3035 3971 ἐποίει,
3067 3907 3336 3980 ήμέτερον
3362 3908 3429 3964 ἂν
3456 3909 3541 3980 εἴη
3566 3908 3779 3965 λοιπδνν

2171 4006 2365 4070 είπεῖν,
2388 4001 2605 4055 ἐπειδάν
2628 4000 2887 4072 δείξωμεν
2905 4000 3165 4072 πρότερον
3188 3999 3242 4053 τί
3273 4001 3419 4052 ἐστιν
3448 4002 3753 4070 δκλητύς,

2171 4095 2267 4150 καὶ
2293 4093 2347 4147 τί
2378 4093 2467 4148 διὰ
2497 4091 2598 4162 τῆς
2648 4091 2859 4162 ρήσεως
2892 4093 3037 4161 ἡμᾶς
3086 4089 3291 4155 διδάξαι
3320 4092 3365 4144 όν
3386 4090 3596 4155 Παῦλος
3627 4092 3759 4162 ήθέέ

2170 4187 2302 4258 λησε
2350 4185 2573 4255 ταύτης.
2603 4181 2670 4236 Τί
2699 4184 2819 4236 ποτ’
2843 4179 2935 4236 οῦν
2973 4184 3120 4254 ἡμᾶς
3150 4181 3394 4251 βούλεται
3433 4182 3638 4248 διδάξαι
3666 4184 3757 4238 διὰ

2171 4274 2266 4331 τοῦ
2294 4274 2523 4343 φιλητὸν
2558 4273 2748 4327 ἑαυτὸν
2778 4272 2999 4327 καλέσαι
3025 4290 3040 4339 ;
3077 4273 3198 4325 Ὀτι
3222 4272 3321 4326 οὐκ
3348 4273 3528 4338 αὐτὸς,
3548 4273 3626 4344 τῷ
3657 4276 3777 4326 As...

2174 4368 2346 4440 σπότῃ
2403 4365 2675 4439 προσῆλθε
2708 4365 2941 4437 πρῶτος,
2984 4363 3121 4419 ἀλλά
3150 4364 3367 4436 κληθεὶς
3400 4366 3711 4438 ὑπήκουσεν
3738 4384 3754 4399 ο

2169 4461 2270 4514 οὐκ
2290 4460 2451 4524 αὐτὸς
2481 4458 2713 4527 ἐζήτησε
2761 4459 2855 4510 καὶ
2887 4449 3066 4527 εὗρεν,
3102 4456 3216 4510 ἀλλ’
3240 4455 3438 4530 εὑρέ-θη
3475 4456 3760 4528 πλανώμεο

2169 4567 2287 4615 νος·
2323 4551 2423 4603 οὐκ
2450 4550 2609 4612 αὐτὸς
2636 4549 2771 4620 πρὸς
2805 4548 2867 4601 τὸ
2898 4548 3012 4617 φῶς
3050 4547 3307 4617 ἀνέϐλεψε
3342 4547 3580 4618 πρῶτος.
3621 4547 3757 4602 ἀλλά

2169 4643 2231 4697 τὸ
2255 4642 2371 4713 φῶς
2390 4640 2488 4705 τάς
2518 4640 2720 4703 οἰκείας
2737 4640 2960 4702 ἀκτῖνας
2985 4638 3123 4709 πρὸς
3155 4638 3253 4700 τὰς
3279 4636 3431 4707 ϐψεις
3452 4638 3629 4709 ἀφῆκε
3656 4636 3757 4701 τάς

2170 4731 2403 4795 ἐκείνου,
2466 4730 2563 4784 καὶ
2610 4730 2735 4792 τοῦς
2793 4728 2896 4793 ἔξω
2940 4728 3203 4797 πηρώσας
3242 4726 3574 4797 ὀφθαλμοὺς,
3611 4726 3759 4781 οῦτω

2169 4825 2295 4889 τούς
2324 4822 2533 4877 ἔνδοθεν
2564 4822 2762 4893 ήνοιξε.
2800 4819 3128 4890 Βουλόμενος
3164 4814 3256 4873 οὖν
3280 4821 3428 4891 ήμᾶς
3470 4818 3775 4873 παιδεῦσαι

2170 4917 2253 4969 ὅτι
2292 4912 2407 4966 τῶν
2448 4911 2909 4984 ¹κατορθωμάτων
2936 4909 3102 4965 αὐτοῦ
3153 4910 3369 4963 πάντων
3389 4910 3543 4965 οὐδὲν
3576 4910 3757 4981 ἐαυτῷ

2171 5007 2461 5076 λογίζεται,
2497 5002 2635 5058 άλλά
2671 5004 2749 5075 τῷ
2800 5002 3091 5072 κεκληκότι
3119 5001 3260 5072 Θεῷ,
3295 5003 3525 5063 φιλητὸν
3561 5002 3756 5056 ἑαυτὸν

2171 5100 2346 5153 καλεῖ.
2390 5098 2446 5151 ’0
2475 5096 2584 5169 γάρ
2609 5095 2707 5160 τάς
2733 5094 2906 5158 πύλας
2932 5111 3022 5165 μοι
3040 5093 3132 5147 τοῦ
3158 5093 3481 5165 σκάμματος
3514 5093 3753 5159 ἀνοίξας,

2172 5192 2325 5263 φησὶ,
2363 5192 2455 5245 καὶ
2480 5192 2542 5244 τὸ
2573 5191 2805 5255 στάδιον,
2835 5184 2991 5254 οὗτος
3019 5189 3112 5242 καὶ
3136 5188 3244 5242 τῶν
3271 5187 3547 5257 στεφάνων
3582 5184 3756 5248 αἴτιος

2171 5283 2411 5352 γίνεται·
2445 5285 2473 5336 ό
2497 5281 2594 5354 τὴν
2626 5281 2799 5355 ἀρχὴν
2828 5279 3126 5353 παρασχὼν
3153 5281 3245 5334 καὶ
3271 5280 3371 5351 τὴν
3395 5277 3550 5351 ῥίζαν
3583 5294 3758 5330 κατα-

2173 5375 2517 5444 ϐαλλόμενος,
2580 5367 2736 5437 οὗτος
2774 5374 2869 5427 καὶ
2901 5373 3005 5427 τῶν
3035 5371 3450 5443 βλαστησάντων
3493 5386 3582 5440 μοι
3612 5368 3755 5438 μετὰ

2171 5467 2343 5521 ταῦτα
2372 5466 2602 5538 καρπῶν
2641 5466 2879 5539 παρέσχε
2912 5482 3001 5536 μοι
3031 5464 3130 5527 τὰς
3161 5462 3433 5535 ἀφορμάς.
3468 5460 3567 5514 Διά
3597 5459 3757 5513 τοῦτο

2172 5556 2268 5609 καὶ
2310 5555 2546 5627 ἀλλαχοῦ
2600 5554 2762 5610 πάλιν
2796 5554 2986 5619 εἰπὼν,
3045 5554 3303 5608 [Maiora
3332 5550 3577 5605 πάντων
3616 5549 3755 5603 ἐκο-

2171 5648 2382 5715 πίασα,
2417 5650 2714 5721 ἐπήγαγεν,
2746 5651 2869 5703 Οὐκ
2891 5647 3005 5718 ἐγὼ
3027 5646 3113 5712 δὲ,
3142 5647 3280 5701 ἀλλ’
3301 5646 3340 5713 ἡ
3379 5643 3552 5715 χάρις
3572 5644 3609 5712 ἡ
3633 5641 3762 5697 σὺν

2173 5746 2322 5816 ἐμοί.
2372 5734 2562 5798 Τὸοῦν
2613 5742 2847 5812 κλητὸς
2902 5742 3074 5811 ὄνομα
3098 5737 3312 5802 οὐδενός
3340 5738 3487 5791 ἐστιν
3534 5733 3757 5798 ἔνδειξις
