4086 6478
290 442 392 498 H9

289 577 407 620 rum
434 562 812 625 conceperam.
839 571 852 608 :
885 553 1027 608 Deus
1051 560 1228 606 autem
1261 547 1572 603 memoriam
1601 541 1809 597 virtutis
1840 552 1904 592 ae

287 654 595 709 doctrinam
633 660 904 719 tamquam
932 645 986 700 in
1013 658 1153 699 terea
1180 641 1426 697 columna
1465 638 1515 692 in
1547 633 1902 705 appellatione

286 754 606 802 sanctorum
639 741 900 798 recondit.
1713 817 1726 828 ι

359 837 507 892 Petri
535 849 724 889 nomen
746 831 872 903 quid
895 829 1143 900 designet.
1188 824 1568 894 Prwceptorum
1589 824 1793 872 nomina
1815 830 1902 868 ve-

281 927 544 984 neranda.
573 956 651 970 ——-
678 925 898 980 Petrum
929 919 1142 991 quidem
1170 925 1316 973 certe
1341 930 1368 968 a
1400 915 1596 967 virtute
1635 909 1712 963 sic
1743 922 1906 961 voca-

283 1023 373 1085 sit,
409 1028 466 1074 et
498 1020 558 1072 in
588 1018 708 1088 ejus
731 1015 951 1071 nomine
991 1010 1258 1067 ﬁrmitatis
1294 1007 1415 1062 ﬁdei
1450 1011 1818 1074 argumentum
1847 1007 1901 1052 et

286 1112 552 1168 indicium
605 1107 926 1171 collocavit,
970 1113 1031 1158 ut
1067 1099 1421 1173 appellatione
1464 1112 1596 1158 sua,
1644 1101 1900 1162 perpetua

285 1213 565 1274 tamquam
597 1202 852 1272 magistra
882 1197 1111 1268 quadam
1140 1191 1402 1264 ejusmodi
1434 1187 1697 1242 firmitatis
1721 1227 1736 1250 ,
1780 1191 1894 1236 uta-

288 1304 366 1352 tur
393 1295 622 1367 (Matth.
656 1293 745 1348 16.
768 1292 881 1362 18).
915 1289 1174 1344 Joannem
1215 1297 1428 1355 quoque
1465 1297 1528 1336 ac
1565 1279 1822 1333 Jacobum
1863 1290 1894 1330 a

289 1387 666 1457 magnitudine
696 1384 845 1439 vocis
870 1382 922 1435 in
950 1377 1230 1449 evangelio
1268 1370 1608 1444 praedicando
1635 1376 1759 1422 nota
1796 1381 1893 1420 vo-

286 1479 443 1534 cavit.
489 1477 605 1533 Sed
648 1492 717 1532 ne
753 1475 940 1530 eadem
972 1485 1157 1527 rursus
1197 1464 1546 1523 memorando
1593 1459 1894 1516 molestiam

284 1571 455 1641 pariat
474 1569 660 1624 oratio
687 1575 890 1632 nostra,
917 1564 996 1618 his
1020 1561 1234 1618 omissis
1260 1558 1389 1614 illud
1412 1557 1608 1623 dicam,
1633 1556 1750 1624 ipsa
1771 1567 1895 1606 san-

283 1673 489 1719 ctorum
525 1662 752 1717 nomina
780 1657 1008 1714 seorsim
1033 1671 1246 1725 semper
1269 1651 1532 1723 religiosis
1562 1658 1615 1705 et
1643 1649 1742 1718 piis
1761 1645 1892 1702 viris

282 1755 640 1811 veneratione
679 1752 837 1822 digna
869 1765 1010 1815 esse,
1042 1765 1105 1804 ac
1135 1745 1504 1818 peccatoribus
1532 1739 1888 1798 formidanda.

281 1846 597 1902 Onesimum
630 1844 847 1915 quidem
887 1852 1056 1910 certe,
1088 1842 1176 1911 qui
1208 1839 1457 1910 fugitivus
1482 1845 1538 1892 et
1563 1835 1646 1889 fur
1671 1833 1893 1890 exstite-

282 1949 382 2006 rat,
403 1946 457 1992 et
486 1937 556 1991 de
589 1936 821 2006 pecunia
852 1934 1008 1990 herili
1038 1931 1309 2004 quidpiam
1340 1931 1734 1993 interverterat,
1765 1940 1888 1980 cum

281 2029 612 2098 suscepisset
635 2029 851 2094 Paulus,
879 2039 1106 2097 eumque
1134 2024 1488 2085 immutasset,
1513 2029 1672 2089 atque
1699 2019 1769 2072 ita
1799 2031 1890 2072 sa-

281 2124 382 2178 cris
421 2122 705 2194 mysteriis
743 2120 1038 2185 initiasset;
1076 2132 1196 2173 cum
1234 2115 1486 2183 deinceps
1514 2127 1637 2167 eum
1667 2109 1887 2164 domino

282 2228 375 2269 suo
399 2214 717 2269 redditurus
751 2222 915 2278 esset,
947 2210 1062 2265 haec
1089 2207 1156 2262 ad
1187 2207 1332 2262 illum
1377 2204 1584 2274 scripsit
1621 2219 1635 2255 :
1667 2200 1890 2270 Pmpter

282 2306 415 2373 quod
440 2304 663 2359 multum
691 2304 934 2373 ﬁduciam
959 2301 1147 2355 habens
1173 2300 1224 2353 in
1252 2296 1454 2353 Christo
1482 2292 1770 2364 imperandi
1795 2291 1885 2344 tibi

281 2398 412 2469 quod
436 2398 507 2451 ad
532 2415 646 2453 rem
681 2397 893 2468 pertinet
929 2402 1135 2465 propter
1163 2393 1446 2457 caritatem,
1469 2388 1631 2458 magis
1656 2385 1881 2452 obsecro,

283 2506 391 2544 cum
410 2491 507 2544 sim
528 2490 673 2554 talis,
699 2499 754 2543 ut
782 2487 979 2542 Paulus
1002 2501 1174 2551 senex,
1204 2500 1337 2537 nunc
1363 2489 1529 2535 autent
1552 2489 1599 2533 et
1615 2479 1808 2532 vinctus
1829 2476 1883 2530 iu

281 2579 474 2636 Christo
498 2579 635 2636 Iesu
660 2579 834 2652 (Phil.
852 2596 900 2635 υ.
927 2578 982 2634 8.
1008 2575 1086 2650 9).
1115 2575 1275 2631 Vides
1296 2575 1442 2628 illum
1464 2570 1732 2625 addidisse
1760 2567 1878 2635 tria,

282 2671 485 2726 vincula
514 2679 742 2741 propter
757 2668 1052 2736 Christum,
1071 2665 1532 2722 conversationem
1556 2661 1624 2716 ob
1645 2668 1900 2725 :elatcm,,

282 2769 334 2816 et
356 2762 596 2817 nominis
619 2759 1013 2817 reverentiam?
1039 2757 1168 2814 Nam
1192 2772 1312 2812 cum
1341 2769 1480 2811 unus
1499 2761 1642 2807 esset
1671 2750 1760 2820 qui
1785 2749 1882 2803 ob-

284 2852 522 2908 secrabat
543 2894 562 2919 ,
601 2852 862 2922 triplicem
893 2865 1014 2906 eum
1044 2847 1338 2904 conabatur
1380 2845 1628 2909 efficere,
1661 2842 1751 2912 qui
1785 2855 1878 2910 pro

283 2944 528 3000 Onesimo
580 2941 936 3014 supplicabat,
968 2940 1236 3003 vinctum,
1270 2952 1476 3002 senem,
1509 2935 1755 2990 Paulum.
1792 2932 1880 2986 \‘i-

284 3035 372 3091 des
396 3038 508 3106 ipsa
557 3034 785 3091 seorsim
817 3034 1033 3089 nomina
1064 3030 1365 3087 veneranda
1392 3043 1512 3084 esse
1539 3026 1783 3082 ﬁdelibus
1816 3040 1879 3080 ac

283 3129 520 3198 religiosa
537 3128 566 3182 ?
593 3128 649 3183 Si
677 3127 819 3183 enim
841 3125 1020 3181 dilecti
1050 3125 1198 3180 ﬁlioli
1224 3137 1418 3178 nomen
1444 3128 1750 3190 usurpatum
1779 3133 1880 3173 sre-

284 3236 347 3290 pe
369 3221 452 3277 vel
481 3222 712 3276 invitum
742 3228 1016 3290 parentem
1049 3217 1116 3273 ad
1145 3215 1528 3273 conferendum
1558 3211 1876 3268 beneﬁcium

286 3312 481 3370 inﬂexit
513 3315 592 3370 ob
617 3313 850 3369 nominis
875 3327 1115 3367 amorem
1135 3353 1150 3378 ,
1195 3310 1367 3364 multo
1396 3307 1564 3378 magis
1596 3307 1646 3360 in
1681 3304 1878 3360 sanctis

187 3401 189 3403 ’
284 3407 333 3464 id
360 3409 560 3467 habere
590 3411 768 3465 locum
808 3409 1052 3464 decebat.
1085 3408 1250 3463 Porro
1287 3404 1638 3461 formidabilia
1667 3416 1879 3474 quoque

286 3503 650 3568 peccatoribus
677 3517 817 3568 esse,
850 3499 1300 3573 quemadmodum
1331 3498 1491 3570 pigris
1515 3495 1752 3568 puerulis
1781 3509 1878 3549 no-

284 3593 414 3647 mina
433 3595 837 3666 magistrorum,
869 3593 992 3648 audi
1019 3607 1125 3663 quo
1145 3601 1300 3663 pacto
1321 3591 1515 3646 Paulus
1542 3587 1781 3645 scribens
1807 3586 1875 3641 ad

283 3682 489 3742 Galatas
514 3687 892 3742 subindicarit.
914 3686 1046 3742 Nam
1067 3686 1318 3756 quoniam
1341 3684 1405 3739 ad
1427 3683 1700 3738 Iudaicam
1727 3681 1877 3736 inﬁr-

283 3778 512 3834 mitatem
547 3779 912 3848 declinarant,
941 3779 1088 3835 etde
1115 3780 1226 3848 ipsa
1271 3777 1374 3833 fide
1415 3775 1875 3848 periclitabantur,

283 3883 393 3924 cum
421 3872 541 3928 illos
565 3873 724 3928 vellet
749 3875 955 3944 erigere
979 3888 1041 3928 ae
1062 3873 1168 3928 illis
1191 3870 1530 3943 persuadere,
1555 3869 1683 3924 utin
1713 3883 1878 3924 evan-

284 3960 495 4028 gelicam
524 3964 827 4019 doctrinam
856 3965 986 4020 nihil
1026 3965 1304 4020 Iudaicum
1333 3963 1769 4026 introducerent,
1803 3961 1874 4016 ita

285 4052 485 4121 scripsit
520 4072 533 4107 :
571 4051 706 4109 Ecce
735 4071 826 4126 ego
870 4056 1069 4110 Paulus
1103 4056 1216 4109 dico
1259 4055 1417 4121 vobis,
1444 4056 1684 4124 quoniam
1707 4055 1752 4108 si
1776 4053 1876 4108 cir-

287 4146 660 4213 cumcidamini,
691 4145 921 4202 Christus
957 4148 1094 4202 vobis
1124 4148 1252 4201 nihil
1281 4147 1506 4218 proderit
1531 4145 1672 4218 (Gal.
1701 4147 1756 4201 5.
1791 4145 1874 4215 2).

289 4232 486 4305 Dixisti,
519 4237 637 4309 Ego
667 4253 687 4293 :
717 4254 813 4294 cur
835 4238 1085 4294 addidisti
1117 4239 1352 4295 nomen?
1382 4239 1516 4294 Num
1547 4238 1692 4295 enim
1721 4237 1873 4305 illud,

288 4323 409 4396 Ego,
432 4329 736 4385 sufficiebat
757 4330 824 4384 ad
848 4346 969 4385 eum
999 4330 1338 4386 indicandum
1362 4329 1452 4400 qui
1478 4331 1782 4386 scribebat?
1805 4329 1875 4385 Ut

287 4419 532 4477 nimirum
583 4423 758 4479 discas
811 4424 983 4494 ipsum
1049 4425 1283 4478 nominis
1331 4423 1752 4479 additamentum
1807 4422 1874 4477 ad

287 4513 700 4570 commovendos
726 4515 1029 4570 auditorum
1074 4515 1282 4570 animos
1308 4515 1604 4579 suffecisse,
1634 4524 1876 4586 propter-

288 4614 342 4653 ea
368 4619 560 4661 nomen
586 4605 750 4672 addit,
783 4615 842 4662 ut
883 4608 962 4662 eis
991 4608 1304 4662 memoriam
1332 4607 1548 4662 refricet
1577 4616 1875 4678 prascepto-

287 4691 373 4745 ris.
410 4695 556 4752 Idem
599 4713 812 4769 quoque
840 4699 995 4754 nobis
1022 4699 1214 4754 accidit
1245 4717 1259 4753 :
1293 4715 1415 4754 cum
1446 4698 1588 4754 enim
1619 4699 1772 4754 nobis
1816 4700 1871 4754 in

286 4789 591 4844 memoriam
619 4790 788 4846 sancti
826 4800 1164 4857 revocantur,
1198 4791 1410 4847 tametsi
1447 4791 1648 4846 desidia
1690 4799 1873 4862 torpe-

283 4877 512 4949 seimus,
568 4881 897 4950 excitamur;
952 4883 1078 4939 licet
1121 4891 1550 4946 contemnamus.
1583 4892 1870 4939 terremur.

285 4967 495 5028 Paulum
536 4975 750 5045 quidem
787 4983 934 5032 certe
966 4978 1266 5046 apostolum
1315 4993 1436 5032 cum
1468 4977 1646 5042 audio,
1691 4978 1873 5032 animo

287 5057 485 5120 intueor
523 5065 709 5134 illum,
751 5068 840 5138 qui
879 5069 932 5123 in
981 5069 1409 5125 tribulationibus
1449 5070 1784 5137 versabatur,
1817 5071 1870 5125 in

286 5159 552 5222 angustiis,
583 5159 637 5213 in
668 5159 858 5231 plagis,
889 5161 941 5216 in
970 5161 1292 5228 carceribus,
1323 5164 1412 5234 qui
1457 5165 1614 5218 unius
1639 5164 1744 5220 diei
1776 5181 1873 5219 no-

287 5243 480 5316 ctisque
506 5250 680 5320 spatio
707 5250 760 5305 in
796 5251 1061 5321 profundo
1087 5255 1250 5310 maris
1278 5253 1394 5321 fuit,
1417 5255 1506 5326 qui
1533 5256 1747 5312 tertium
1778 5273 1869 5313 ra-

289 5343 400 5400 ptus
423 5339 474 5394 in
515 5341 705 5397 caelum
735 5343 851 5411 fuit,
884 5345 972 5414 qui
1005 5346 1056 5399 in
1089 5346 1337 5416 paradiso
1365 5348 1526 5403 verba
1557 5348 1763 5404 audivit
1785 5365 1873 5406 ar-

287 5438 443 5498 cana,
478 5447 572 5487 vas
609 5435 926 5504 electionis,
950 5437 1151 5493 Christi
1195 5439 1655 5512 paranymphum,
1703 5442 1794 5512 qui
1839 5458 1871 5498 a

289 5515 489 5578 Christo
525 5526 808 5582 anathema
836 5544 957 5585 esse
999 5545 1095 5600 pro
1123 5529 1376 5588 fratribus
1419 5534 1642 5604 Optavit.
1690 5533 1871 5604 Itaque

290 5618 543 5685 tamquam
572 5634 733 5674 aurea
763 5621 1004 5692 quaedam
1035 5633 1221 5679 catena
1251 5633 1396 5680 recte
1426 5625 1686 5682 factorum
1715 5628 1868 5684 turba

288 5715 400 5760 cum
422 5713 648 5767 nominis
687 5715 945 5770 memoria
986 5731 1106 5772 sese
1144 5718 1338 5788 ingerit
1365 5719 1448 5784 iis,
1466 5719 1555 5789 qui
1585 5720 1871 5792 diligenter

290 5803 595 5861 attenderint
624 5823 637 5859 :
670 5823 844 5878 neque
873 5810 1142 5866 mediocre
1171 5811 1294 5869 inde
1321 5813 1524 5869 lucrum
1539 5815 1866 5887 decerpitur.

356 5891 404 5949 4.
445 5894 517 5954 Dc
550 5897 788 5968 dictione,
829 5899 1075 5970 Vocatus,
1109 5906 1250 5973 agit;
1289 5907 1618 5963 salutationes
1641 5911 1866 5982 prarmit-

884 437 952 496 IN
991 433 1216 501 ILLUD,
1259 430 1534 490 PAULUS
1575 422 1881 483 VOCAT'US

1987 405 2048 476 ιτ
2091 419 2178 474 DE
2219 419 2479 478 MUTAT.
2521 422 2855 481 NOMINUM.
2899 425 2988 480 tv.

3505 435 3604 491 150

2014 544 2188 589 tantur
2210 536 2457 606 epistolis.
2483 541 2952 599 —-Potnissemus
2996 545 3080 602 his
3127 547 3286 603 etiam
3334 551 3485 621 plura
3535 558 3608 609 de

2011 627 2228 683 nomine
2250 629 2436 686 dicere
2461 650 2474 686 :
2502 632 2594 686 sed
2627 642 2683 686 ut
2721 636 3010 690 secundam
3060 655 3275 709 quoque
3312 642 3603 701 dictionem

2007 719 2375 790 attingamus,
2424 721 2514 778 hic
2549 723 2694 779 finita
2737 725 2806 781 de
2851 728 3068 784 nomine
3114 736 3602 805 contemplatione,

2006 814 2261 887 deinceps
2285 818 2512 889 gradum
2538 822 2603 877 ad
2628 824 2769 878 illam
2803 825 3076 883 faciemus.
3105 830 3172 887 Ut
3199 834 3342 888 enim
3381 851 3602 902 nomen,

2008 905 2234 977 Paulus,
2264 912 2491 969 multum
2518 914 2674 969 nobis
2712 916 2847 972 lucri
2875 925 3226 991 comparavit,
3275 929 3344 981 ita
3377 939 3434 983 et
3473 931 3609 985 illud

2013 998 2252 1067 Vocatus,
2278 1003 2322 1057 si
2351 1006 2691 1062 convcnienti
2709 1010 2886 1064 studio
2914 1013 3143 1070 velimus
3166 1016 3294 1072 illud
3314 1020 3566 1088 indagare
3589 1066 3601 1086 ,

2003 1106 2111 1146 non
2158 1093 2352 1148 minori
2406 1096 2490 1150 vel
2539 1098 2700 1152 etiam
2747 1102 2934 1172 majori
2990 1121 3090 1160 nos
3144 1113 3604 1181 contemplatione

2002 1183 2312 1252 complebit.
2344 1187 2410 1241 Et
2429 1189 2880 1259 quemadmodum
2899 1195 2942 1249 si
2966 1197 3087 1265 quis
3116 1214 3182 1254 ex
3205 1203 3405 1257 mttndo
3434 1219 3602 1259 aureo

2002 1277 2088 1331 vel
2115 1279 2262 1348 regio
2283 1281 2586 1339 diademate
2615 1286 2855 1354 lapillum
2890 1304 3053 1346 unum
3085 1293 3306 1361 eximat,
3334 1297 3600 1352 etdomos

2000 1368 2332 1437 Splendidas,
2365 1382 2418 1427 et
2448 1389 2606 1444 agros
2628 1379 2803 1446 magni
2829 1381 3007 1449 pretii,
3038 1397 3101 1438 ac
3129 1385 3445 1444 famulorum
3475 1404 3599 1457 gre-

1997 1476 2092 1531 ges
2137 1463 2351 1534 aliaque
2389 1467 2556 1522 multo
2588 1467 2669 1524 his
2716 1471 2918 1542 majora
2959 1489 3207 1530 coemere
3236 1479 3460 1546 poterit,
3506 1483 3596 1536 illa

1998 1557 2286 1624 margarita
2313 1556 2588 1615 divendita
2620 1580 2632 1616 :
2662 1562 2732 1616 ita
2763 1580 2974 1636 quoque
2998 1566 3089 1622 ﬁet
3114 1567 3166 1622 in
3194 1570 3371 1624 verbis
3395 1573 3594 1630 sacris:

1997 1646 2043 1701 si
2070 1647 2228 1700 unius
2252 1648 2501 1707 dictionis
2523 1668 2742 1710 sensum
2771 1657 2904 1712 velis
2931 1658 3203 1728 evolvere,
3235 1663 3455 1716 multam
3487 1666 3596 1734 Spi-

1997 1738 2201 1794 ritualis
2230 1741 2323 1795 tibi
2371 1754 2608 1813 quaestus
2645 1749 2924 1802 materiam
2979 1750 3271 1820 prmbebit;
3316 1769 3423 1808 non
3451 1755 3592 1823 quod

1995 1828 2185 1884 domos
2210 1839 2302 1886 aut
2328 1835 2592 1904 mancipia
2630 1837 2714 1892 vel
2746 1846 2900 1893 terrze
2921 1839 3109 1911 jugera
3157 1843 3248 1897 tibi
3296 1854 3591 1914 comparet,

1993 1922 2088 1977 sed
2110 1923 2252 1993 quod
2295 1925 2509 1994 pietatis
2556 1942 2620 1982 ac
2665 1929 3022 2000 pbiloSOphia:
3057 1934 3368 1990 occasiones
3409 1937 3597 1991 all‘erat

1993 2027 2180 2071 eorum
2212 2017 2512 2087 animabus,
2536 2022 2625 2092 qui
2653 2025 2841 2079 attenti
2868 2041 2930 2080 ac
2956 2027 3124 2081 seduli
3163 2027 3380 2084 fuerint.
3419 2031 3591 2100 Ipsum

1993 2107 2156 2176 igitur
2185 2108 2333 2174 illud,
2378 2109 2619 2179 Vocatus,
2644 2115 2924 2170 considera
2957 2118 3026 2172 ad
3057 2129 3310 2187 quantam
3338 2121 3594 2191 spiritua-

1992 2196 2120 2251 lium
2155 2213 2331 2253 rerum
2361 2199 2638 2256 historiam
2663 2220 2763 2258 nos
2788 2205 3040 2261 deducat.
3070 2207 3226 2265 Prius
3253 2220 3430 2265 autem
3462 2213 3593 2267 illud

1989 2288 2302 2346 discendum
2354 2301 2455 2360 cst,
2501 2295 2628 2366 quid
2675 2297 2744 2351 sit
2796 2298 2924 2353 illud
2971 2301 3170 2370 ipsum,
3232 2301 3466 2371 Vocatus,
3526 2321 3591 2361 ac

1989 2381 2184 2438 deinde
2205 2387 2573 2455 scrutandum,
2600 2404 2759 2459 quam
2790 2392 3004 2448 tandem
3032 2393 3101 2448 ob
3152 2410 3366 2450 causam
3395 2397 3459 2450 ad
3491 2398 3592 2452 Co-

1995 2477 2235 2535 rinthios
2267 2481 2448 2536 solum
2481 2491 2536 2538 et
2565 2484 2631 2539 ad
2665 2484 2948 2544 Romanos
2977 2487 3154 2560 (Rom.
3192 2493 3243 2546 1.
3272 2492 3344 2563 1),
3375 2511 3484 2549 non
3521 2496 3592 2550 ad

1997 2569 2172 2624 ullum
2191 2571 2358 2626 alium
2371 2573 2562 2630 literas
2579 2576 2802 2632 mittens
2821 2578 2895 2631 ita
2916 2581 3427 2655 scripserit.Ncque
3441 2589 3588 2641 enim

1988 2659 2106 2716 sine
2136 2676 2297 2717 causa
2327 2665 2410 2719 vel
2443 2673 2645 2721 temere
2688 2666 2740 2721 id
2793 2667 2938 2722 facit.
2969 2669 3100 2724 Nam
3133 2672 3176 2725 si
3223 2687 3322 2726 nos
3349 2673 3592 2744 epistolis

1987 2765 2092 2806 non
2125 2761 2327 2810 temere
2359 2755 2737 2825 inscriptiones
2760 2759 3106 2830 prtuligimus.
3131 2761 3224 2816 sed
3271 2763 3317 2817 si
3353 2763 3418 2817 ad
3451 2764 3590 2819 infc-

1987 2843 2160 2900 riores
2205 2846 2389 2902 literas
2420 2849 2717 2917 mittamus,
2751 2851 2896 2906 Talis
2938 2853 3066 2919 tali,
3108 2855 3432 2920 scribimus;
3465 2872 3588 2912 cum

1985 2943 2165 2988 autem
2217 2936 2283 2991 ad
2314 2939 2570 3008 aequales,
2614 2942 2776 2996 etiam
2814 2941 3088 2998 dominum
3137 2945 3189 2999 in
3241 2945 3590 3016 inscriptione

1985 3040 2240 3082 vocamus
2271 3044 2417 3099 cum,
2443 3033 2530 3102 qui
2571 3034 2857 3103 epistolam
2898 3037 3119 3107 recipit;
3161 3053 3283 3093 cum
3325 3057 3453 3096 vero
3489 3056 3590 3096 n0-

1986 3127 2152 3174 stram
2174 3120 2489 3190 dignitatem
2532 3123 2690 3196 longe
2716 3127 3019 3197 excedunt,
3063 3131 3165 3184 alia
3189 3147 3404 3202 quoque
3436 3133 3588 3203 plura

1983 3211 2266 3280 adjicimus
2297 3217 2535 3285 nomina,
2567 3234 2688 3290 quae
2721 3221 2980 3290 majorem
3004 3223 3206 3280 cultum
3245 3236 3299 3281 ct
3325 3225 3586 3284 honorent

1985 3321 2096 3376 pne
2123 3321 2181 3361 se
2213 3306 2408 3363 ferant.
2437 3309 2589 3376 Quod
2613 3312 2658 3366 si
2686 3329 2785 3370 nos
2813 3323 3011 3369 tantam
3037 3333 3220 3372 curam
3243 3319 3583 3387 adhibemus,

1983 3415 2157 3474 neque
2213 3401 2403 3458 eodem
2437 3404 2599 3459 modo
2649 3405 2715 3460 ad
2759 3423 2949 3463 omnes
2996 3409 3302 3479 scribimus,
3351 3411 3445 3468 sed
3487 3428 3586 3484 pro

1981 3493 2242 3548 varietate
2288 3509 2636 3563 personarum
2668 3513 2788 3567 qua:
2817 3499 3000 3555 literas
3049 3503 3346 3572 recipiunt,
3379 3520 3583 3561 conve-

1981 3586 2197 3642 nientes
2216 3589 2603 3659 appellationes
2625 3591 3033 3660 prtemittimus:
3069 3595 3236 3648 multo
3254 3597 3422 3668 magis
3444 3597 3585 3653 Pau-

1982 3677 2066 3734 lus
2092 3695 2202 3735 non
2248 3690 2473 3749 temere,
2504 3694 2595 3739 aut
2623 3686 2738 3740 sine
2758 3701 2918 3742 causa
2955 3687 3055 3744 hoc
3097 3689 3258 3744 modo
3279 3689 3346 3744 ad
3373 3690 3491 3759 hos,
3516 3691 3584 3747 ad

1980 3773 2100 3827 illos
2129 3775 2235 3829 alio
2271 3775 2431 3829 modo
2461 3776 2752 3843 scribebat,
2793 3778 2887 3833 sed
2938 3793 3060 3834 cum
3107 3780 3285 3850 aliqua
3317 3783 3582 3852 Spirituali

1980 3865 2264 3934 sapientia.
2292 3867 2371 3922 Ac
2401 3868 2536 3922 nulli
2567 3867 2784 3938 quidem
2837 3869 2989 3924 alteri
3045 3870 3348 3926 mittentem
3398 3873 3582 3929 literas

1978 3965 2214 4010 vocatum
2244 3974 2365 4013 eum
2399 3959 2450 4013 in
2484 3960 2706 4015 exordio
2728 3961 2968 4031 epistolae
2991 3963 3229 4031 seipsum
3251 3963 3575 4034 appellasse,

1978 4049 2224 4105 decursis
2250 4051 2379 4122 ipsis
2407 4053 2758 4123 epistolarum
2811 4055 2976 4109 initiis
3021 4054 3230 4111 discere
3273 4071 3578 4125 possumus.

1979 4140 2088 4196 Cur
2139 4151 2322 4197 autem
2352 4143 2406 4199 id
2456 4155 2659 4215 ageret,
2711 4145 2826 4216 jam
2881 4155 3125 4202 nostrum
3173 4155 3256 4203 est
3286 4147 3487 4215 dicere,
3534 4148 3579 4202 si

1977 4235 2126 4305 prius
2157 4235 2281 4308 quid
2310 4237 2399 4304 sit,
2442 4248 2648 4292 vocatus
2672 4281 2687 4305 ,
2716 4238 3270 4295 demonstraverimus
3293 4282 3308 4305 ,
3344 4239 3582 4311 quidque

1979 4341 2078 4382 nos
2108 4342 2204 4397 per
2229 4328 2366 4383 hanc
2393 4328 2681 4384 dictionem
2711 4329 2908 4385 docere
2939 4330 3134 4386 Paulus
3156 4331 3403 4385 voluerit.
3437 4329 3576 4397 Quid

1977 4433 2106 4489 ergo
2137 4419 2334 4474 docere
2378 4436 2479 4475 nos
2505 4421 2616 4475 vult
2655 4420 2874 4486 Paulus,
2921 4436 3043 4476 cum
3082 4422 3316 4491 seipsum
3345 4431 3578 4474 vocatum

1977 4511 2251 4580 appellat?
2279 4511 2350 4566 Se
2377 4513 2629 4567 nimirum
2662 4513 2896 4582 priorem
2919 4513 2985 4567 ad
3013 4513 3296 4567 Dominum
3349 4528 3454 4566 non
3490 4527 3582 4567 ac-

1977 4605 2245 4672 cessisse,
2307 4621 2493 4661 verum
2549 4617 2797 4661 vocatum
2846 4606 3148 4662 obedivissc
3186 4625 3200 4661 :
3245 4621 3350 4660 non
3404 4607 3579 4677 ipsum

1977 4696 2294 4768 quaesivisse
2321 4706 2483 4768 atque
2514 4697 2808 4763 invenisse,
2839 4697 2936 4753 sed
2980 4714 3101 4754 cum
3142 4699 3467 4766 aberrasset,
3499 4698 3583 4752 in-

1977 4801 2192 4847 ventum
2211 4806 2332 4847 esse
2359 4810 2371 4846 :
2392 4808 2498 4846 non
2516 4792 2690 4863 ipsum
2717 4793 2783 4846 ad
2804 4793 2979 4848 lucem
2997 4793 3306 4863 respexisse
3324 4793 3578 4864 primum,

1977 4885 2072 4942 sed
2104 4887 2278 4941 lucem
2305 4885 2486 4940 radios
2506 4901 2635 4941 suos
2684 4886 2736 4941 in
2777 4885 2894 4957 ejus
2920 4886 3202 4957 palpebras
3231 4886 3496 4954 vibrasse,
3525 4895 3582 4941 et

1977 4979 2338 5035 exterioribus
2379 4980 2550 5034 oculis
2603 4979 2823 5048 orbato,
2874 4979 3160 5035 interiores
3219 4979 3414 5036 deinde
3459 4994 3581 5036 esse

1979 5081 2272 5128 reseratos.
2305 5071 2438 5126 Cum
2472 5073 2633 5142 igitur
2671 5073 2868 5127 docere
2911 5087 3010 5128 nos
3052 5073 3248 5142 vellet,
3280 5089 3340 5129 se
3373 5073 3579 5128 nullum

1979 5181 2044 5221 ex
2075 5166 2188 5221 suis
2216 5175 2362 5220 recte
2413 5165 2570 5221 factis
2610 5166 2861 5220 omnibus
2915 5166 3125 5237 sibiipsi
3178 5168 3434 5233 tribuere,
3483 5167 3577 5222 sed

1979 5260 2090 5314 Deo
2115 5259 2204 5330 qui
2227 5259 2458 5326 vocavit,
2489 5259 2727 5330 seipsum
2776 5269 3006 5314 vocatum
3043 5261 3295 5330 appellat.
3327 5259 3458 5314 Nam
3489 5257 3579 5329 qui

1976 5351 2138 5407 stadii
2164 5350 2295 5405 mihi
2318 5349 2464 5406 fores
2507 5353 2742 5422 aperuit,
2789 5351 2984 5422 inquit,
3013 5361 3070 5406 et
3115 5351 3444 5415 scammatis,
3489 5349 3578 5403 ille

1976 5457 2300 5498 coronarum
2323 5443 2486 5498 etiam
2526 5452 2609 5498 est
2634 5451 2858 5500 auctor:
2887 5442 2977 5512 qui
3008 5440 3240 5512 praebuit
3283 5439 3494 5493 initium
3523 5447 3581 5494 ct

1973 5539 2213 5595 radicem
2267 5537 2546 5608 plantavit,
2600 5536 2688 5592 hic
2734 5534 2864 5590 mihi
2905 5534 3194 5601 fructuum,
3245 5531 3336 5603 qui
3381 5529 3579 5587 deinde

1975 5630 2348 5700 germinarunt
2377 5669 2393 5697 ,
2435 5627 2750 5684 occasiones
2788 5623 3166 5694 suppeditavit.
3234 5623 3575 5693 Quapropter

1975 5721 2100 5776 alibi
2129 5735 2344 5791 quoque
2373 5734 2560 5774 rursus
2588 5734 2708 5774 cum
2736 5717 2980 5782 dixisset,
3015 5714 3145 5770 Plus
3160 5716 3390 5771 omnibus
3423 5715 3565 5770 tabo.

1974 5816 2104 5882 rari,
2136 5814 2431 5885 subiunxit,
2450 5812 2570 5866 Non
2594 5827 2683 5882 ego
2708 5819 2896 5877 autem,
2923 5809 3014 5864 sed
3037 5811 3225 5881 gratia,
3245 5799 3356 5880 qua:
3375 5825 3568 5862 mecum

1973 5907 2296 5982 est(l._Cor.
2337 5906 2572 5980 15.10).
2628 5905 2808 5976 Itaque
2864 5921 3058 5962 nomen
3111 5905 3256 5975 illud,
3314 5903 3567 5972 Vocatus,
