4086 6440
501 366 599 425 151·

504 480 650 535 aliud
683 480 814 536 nihil
847 481 1068 548 indicat,
1100 481 1202 536 nisi
1246 482 1468 536 Paulum
1518 481 1649 536 nihil
1678 495 1746 537 ex
1791 481 1904 537 suis
1947 489 2095 536 recte

501 567 655 626 factis
681 571 782 627 sibi
805 573 1074 644 proprium
1106 572 1374 638 arbitrari,
1407 572 1502 628 sed
1524 573 1703 628 omnia
1725 573 1952 628 Domino
1986 573 2096 628 Deo

505 662 764 717 tribuere.
793 662 943 728 Quod
975 661 1160 732 utique
1188 661 1431 718 Christus
1460 664 1749 734 discipulos
1779 679 1906 720 suos
1934 664 2095 719 doceo

505 751 594 805 bat
619 752 820 814 dicens,
844 752 962 806 Non
980 768 1065 807 vos
1087 771 1164 808 me
1175 753 1412 825 elegistis,
1441 756 1529 809 sed
1545 773 1634 827 ego
1659 757 1784 827 elegi
1809 773 1894 810 vos
1912 755 2094 826 (Joan.

504 842 591 896 15.
630 844 750 913 16);
781 854 940 913 atque
961 845 1232 914 apostolus
1264 847 1400 900 istud
1429 847 1600 916 ipsum
1623 862 1808 901 rursus
1835 848 1886 902 in
1908 846 2095 902 eadem

504 932 681 988 innuit
724 935 967 1004 epistola,
1020 952 1139 991 cum
1172 937 1286 991 ait:
1320 937 1464 991 Tunc
1519 955 1838 1009 cognoscam,
1897 939 2024 993 sicut
2050 945 2101 990 et

504 1026 734 1096 cognitus
762 1044 875 1081 sum
901 1029 976 1098 (l.
999 1027 1114 1084 Cor.
1142 1030 1228 1084 15.
1266 1030 1354 1101 12)
1380 1048 1394 1084 :
1428 1047 1569 1086 nunc
1594 1033 1756 1098 enim,
1779 1032 1968 1102 inquit,
1989 1047 2102 1086 non

506 1131 604 1188 ego
634 1119 780 1187 prior
799 1119 1045 1188 cognovi,
1078 1120 1170 1174 sed
1196 1121 1340 1190 prior
1365 1138 1482 1176 sum
1507 1124 1770 1193 cognitus.
1803 1123 1935 1177 Dum
1952 1122 2095 1177 enim

505 1221 916 1279 persequeretur
961 1221 1015 1266 et
1059 1214 1406 1281 popularetur
1463 1217 1762 1271 Ecclesium
1792 1259 1804 1282 ,
1854 1216 2098 1271 Christus

505 1314 628 1354 eum
657 1301 865 1355 vocavit
894 1301 1103 1369 dicens,
1128 1303 1307 1371 Sanle,
1345 1306 1524 1374 Saule,
1547 1308 1669 1377 quid
1689 1325 1767 1361 me
1788 1308 2102 1377 persequeris

505 1388 640 1459 (Act.
683 1390 738 1446 9.
791 1392 888 1464 4)?
943 1404 1230 1464 propterea
1284 1407 1515 1450 vocatum
1563 1399 1796 1468 scipsum
1842 1399 2096 1470 appellat.

502 1479 676 1549 Quam
700 1483 770 1537 ob
796 1498 1011 1538 causam
1043 1485 1110 1540 ad
1139 1483 1446 1542 Corinthios
1477 1487 1548 1542 ita
1580 1489 2099 1544 scribebat?Corin-

502 1571 630 1626 tlms
650 1573 762 1627 haec
793 1576 1108 1645 metropolis
1132 1586 1214 1633 est
1245 1579 1482 1646 Achaiae,
1515 1595 1578 1634 ac
1606 1581 1970 1650 spiritualibus
2005 1581 2104 1635 (lo-

504 1663 588 1717 nis
614 1663 934 1729 abundabat,
966 1676 1018 1722 et
1046 1669 1238 1724 merito
1273 1685 1404 1725 sane
1432 1687 1445 1724 :
1470 1672 1732 1741 siquidem
1751 1673 1922 1744 prima
1951 1672 2108 1728 Pauli

505 1753 674 1824 potita
721 1762 805 1809 est
843 1755 1056 1826 lingua;
1094 1765 1147 1812 et
1193 1760 1644 1829 quemadmodum
1693 1763 1816 1816 vitis
1867 1777 1986 1832 quae
2033 1763 2101 1817 ab

505 1844 711 1913 optimo
736 1860 800 1899 ac
824 1845 1065 1917 diligenti
1093 1851 1327 1919 agricola
1348 1853 1632 1920 excolitur,
1662 1854 1842 1908 multis
1868 1854 2104 1909 luxuriat

504 1932 668 2001 foliis,
703 1938 886 1992 multis
909 1939 1169 1996 fructibus
1194 1957 1408 2013 semper
1432 1953 1688 2000 oneratur
1718 1964 1732 2000 :
1759 1946 1830 2000 ita
1849 1946 2100 2001 nimirum

507 2035 563 2081 et
592 2029 719 2082 urbs
745 2029 831 2082 illa
863 2046 984 2086 cum
1011 2042 1280 2104 tamquam
1310 2035 1571 2105 optiumm
1614 2038 1904 2108 agricolam
1953 2038 2100 2093 Pauli

505 2116 807 2173 doctrinam
864 2121 1034 2191 prima
1093 2133 1240 2179 esset
1283 2137 1523 2195 experta,
1579 2128 1802 2198 ejusque
1841 2129 2120 2198 sapientia

506 2207 668 2279 longo
697 2219 941 2280 tempore
967 2229 1026 2268 se
1049 2214 1398 2284 oblectasset,
1424 2219 1838 2276 bonisomnibus
1857 2221 2100 2288 ﬂorebat;

506 2315 681 2372 neque
704 2318 831 2357 vero
856 2305 1222 2374 spiritualibus
1247 2317 1448 2364 tantum
1477 2310 1632 2368 donis
1663 2312 1981 2378 abundabat,
2007 2313 2103 2369 sed

505 2399 561 2446 et
589 2395 870 2449 commoda
900 2398 1175 2452 smcularia
1198 2398 1272 2453 illi
1306 2400 1507 2456 aﬁ‘atim
1547 2403 1923 2472 suppetebant.
1965 2405 2099 2460 Nam

506 2491 562 2536 et
591 2483 826 2552 profanae
853 2486 1170 2543 eruditionis
1195 2491 1475 2559 sapientia,
1504 2501 1558 2546 et
1577 2491 1802 2562 divitiis,
1825 2504 1879 2550 et
1905 2503 2104 2565 puteu-

506 2573 578 2626 tia
606 2576 819 2630 caeteris
844 2577 1064 2634 urbibus
1090 2582 1466 2638 antecellebat.
1503 2585 1678 2655 Atque
1723 2585 1806 2640 his
1837 2587 1924 2640 illa
1953 2587 2105 2642 inﬂa-

508 2665 686 2734 batur,
720 2677 770 2723 et
801 2670 853 2724 in
883 2673 1186 2742 superbiam
1216 2674 1558 2744 cﬁ‘erebatur,
1591 2687 1645 2732 et
1673 2694 1767 2748 per
1796 2680 2100 2752 superbiam

507 2759 564 2814 in
591 2763 764 2816 varias
793 2774 968 2832 partes
994 2765 1163 2821 divisa
1194 2779 1296 2822 est.

580 2853 886 2925 Arrogantia
914 2857 1084 2924 mala;
1116 2857 1369 2913 Corinthii
1397 2862 1550 2931 primi
1578 2862 1736 2916 Pauli
1764 2865 1994 2918 doctrina
2017 2881 2105 2920 ex-

512 2946 655 2999 culti.
689 2946 919 3016 Profana
942 2953 1190 3020 sapientia
1213 2970 1313 3005 non
1341 2956 1534 3024 confert
1554 2956 1622 3008 ad
1647 2958 1905 3024 pietatem.
1929 2990 2000 3000 —-
2028 2960 2104 3016 Ea

511 3035 714 3106 quippe
762 3047 949 3092 natura
1010 3050 1095 3095 est
1153 3045 1475 3114 arrogantia:
1536 3064 1548 3099 :
1605 3049 1844 3104 caritatis
1893 3053 2107 3108 vincula

511 3126 798 3197 disrumpit
833 3141 888 3184 et
926 3134 1226 3200 proximum
1277 3136 1478 3204 avellit,
1511 3147 1565 3192 et
1591 3138 1754 3194 efﬁcit
1784 3152 1842 3196 ut
1880 3145 2108 3200 seorsim

510 3219 649 3290 apud
669 3237 726 3275 se
752 3221 908 3292 degat
940 3224 1004 3290 is,
1037 3226 1124 3295 qui
1152 3227 1219 3281 ab
1245 3228 1330 3282 illa
1347 3241 1626 3302 correptus
1666 3233 1845 3290 fuerit.
1877 3239 1938 3292 Et
1971 3240 2109 3296 sicut

512 3313 710 3382 paries,
740 3317 829 3386 qui
864 3318 1192 3386 intumuerit,
1227 3323 1510 3378 :ediﬁeium
1530 3326 1754 3383 destruit
1787 3332 1901 3386 :sic
1930 3334 2108 3388 anima

512 3403 694 3459 inﬂata
719 3408 858 3462 terre
880 3424 984 3464 non
1010 3420 1184 3480 potest
1211 3428 1272 3468 se
1295 3429 1417 3470 eum
1448 3418 1617 3472 altero
1643 3421 1884 3490 copulari
1919 3441 1931 3478 ε
1966 3425 2108 3494 quod

511 3505 568 3552 et
589 3497 843 3554 Corintho
869 3509 979 3555 tum
1016 3504 1196 3558 evenit
1233 3523 1246 3558 :
1291 3506 1434 3562 inter
1462 3525 1521 3564 se
1571 3510 1918 3582 dissidebant,
1968 3525 2022 3571 et
2056 3516 2109 3572 in

512 3590 711 3647 multas
742 3603 919 3662 partes
941 3595 1234 3652 Ecclesiam
1261 3599 1574 3658 dividebant
1613 3621 1626 3656 :
1657 3613 1818 3676 atque
1862 3609 2110 3664 innume-

512 3699 604 3739 ros
631 3685 730 3740 sibi
759 3687 893 3741 alios
919 3687 1169 3744 doctores
1195 3708 1315 3746 cum
1348 3694 1739 3763 praefecissem,
1772 3699 1823 3752 in
1856 3702 2033 3755 curias
2055 3711 2110 3757 et

514 3774 716 3830 classes
739 3777 1006 3833 distributi
1034 3781 1347 3851 dignitatem
1378 3784 1634 3841 Ecclesia:
1664 3791 2105 3858 pessumdabant.

516 3865 754 3937 Dignilas
780 3871 922 3924 enim
952 3880 1034 3926 est
1081 3871 1371 3941 Ecclesiae,
1401 3891 1521 3931 cum
1554 3877 1629 3932 illi
1671 3880 1760 3949 qui
1803 3883 2109 3953 congregati

511 3967 652 4025 Sunt,
691 3963 892 4030 optime
920 3963 1060 4017 inter
1079 3978 1138 4018 se
1178 3966 1521 4021 concordiam
1552 3984 1846 4041 pacemque
1890 3987 2112 4028 conser-

512 4063 657 4106 vant.

588 4144 641 4198 5.
684 4143 810 4198 llrec
831 4154 1010 4199 autem
1039 4149 1218 4202 omnia
1252 4149 1399 4205 vobis
1415 4151 1835 4210 demonstranda
1874 4166 2018 4225 sunt,
2056 4168 2111 4213 et

515 4233 827 4288 Corinthios
845 4236 990 4290 Pauli
1020 4236 1259 4292 doctrina
1283 4248 1394 4294 tum
1425 4244 1666 4298 excultos
1697 4245 1858 4302 fuisse
1885 4249 2105 4318 primos,

516 4339 612 4379 eos
636 4324 792 4380 donis
841 4327 1208 4398 Spiritualibus
1254 4329 1448 4386 divites
1500 4333 1684 4402 fuisse,
1718 4345 1772 4390 et
1814 4340 2111 4394 commodis

513 4418 862 4473 smeularibus
881 4421 1277 4492 anlecelluisse,
1303 4433 1463 4494 atque
1491 4425 1690 4481 idcirco
1721 4427 1775 4481 in
1802 4429 2108 4498 superbiam

513 4509 683 4564 elatos
713 4527 741 4564 a
761 4526 820 4566 se
850 4513 1077 4567 invicem
1109 4527 1228 4569 esse
1250 4514 1507 4583 divulsos,
1537 4526 1591 4571 et
1618 4516 1716 4571 hos
1747 4518 1962 4589 quidem
2004 4519 2107 4588 his,

518 4600 638 4654 illos
659 4611 838 4658 autem
881 4604 986 4658 illis
1029 4619 1150 4661 sese
1205 4606 1495 4663 addixisse.
1529 4608 1596 4664 Ut
1642 4609 1800 4679 igitur
1845 4611 2110 4683 intelligas

520 4692 721 4762 primos
749 4709 842 4748 eos
871 4695 1111 4752 doctrina
1142 4697 1289 4753 Pauli
1332 4701 1576 4756 excultos
1620 4699 1784 4757 fuisse
1804 4745 1819 4769 ,
1849 4703 1970 4758 audi
2003 4719 2110 4773 quo

523 4793 676 4856 pacto
701 4783 930 4854 idipsum
954 4788 1155 4845 indicet
1185 4789 1416 4845 Paulus:
1443 4790 1584 4846 Nam
1613 4794 1654 4846 si
1681 4795 1883 4860 nutltos,
1916 4794 2105 4865 inquit,

521 4876 826 4947 padagogos
855 4878 1079 4934 habeatis
1100 4881 1154 4934 in
1175 4880 1394 4948 Christo,
1425 4885 1516 4937 sed
1561 4901 1660 4938 non
1706 4887 1891 4941 multos
1919 4897 2107 4958 patres.

523 4967 662 5022 Nam
691 4971 743 5022 in
764 4968 963 5025 Christo
988 4970 1115 5028 Iesu
1136 4990 1226 5043 per
1259 4975 1570 5047 evangelium
1592 4993 1680 5047 ego
1706 4993 1791 5032 vos
1821 4981 1975 5049 genui
2005 4980 2023 5050 (
2055 4982 2107 5035 1.

515 5059 635 5116 Cor.
660 5062 714 5117 4.
746 5063 832 5132 15)
863 5081 876 5117 :
909 5065 1052 5133 atqui
1078 5064 1120 5120 is
1145 5066 1232 5135 qui
1261 5067 1445 5137 gignit,
1475 5069 1679 5138 primus
1701 5070 1751 5123 in
1779 5070 1952 5126 lucem
1983 5087 2112 5142 pro-

518 5157 665 5212 ducit
708 5157 852 5228 quod
905 5159 1144 5229 genitum
1190 5169 1291 5215 est.
1325 5161 1390 5214 Et
1437 5176 1662 5230 rursus,
1702 5162 1815 5235 Ego
1860 5165 2104 5235 plantavi,

517 5249 705 5322 Apollo
732 5252 912 5322 rigavit
941 5252 1015 5325 (1.
1045 5252 1162 5307 Cor.
1190 5252 1244 5307 5.
1272 5251 1327 5326 6)
1361 5269 1376 5308 :
1406 5255 1693 5312 ostendens
1719 5270 1749 5310 a
1783 5272 1842 5312 se
1878 5259 2110 5328 primum

511 5357 752 5413 Sparsam
776 5359 897 5404 esse
923 5343 1242 5400 doctrinam.
1261 5344 1429 5401 Porro
1452 5345 1606 5402 donis
1631 5363 1724 5402 eos
1748 5348 2113 5418 Spiritualihus

518 5436 850 5494 redundasse
875 5438 1000 5494 inde
1029 5448 1239 5494 constat
1270 5457 1283 5492 :
1319 5437 1522 5493 Gratias
1547 5457 1645 5511 ago
1677 5440 1783 5495 Dee
1808 5443 1870 5496 ob
1895 5444 2111 5513 gratiam

516 5523 630 5592 Dei,
663 5543 774 5596 qua!
802 5529 924 5583 data
949 5538 1020 5584 est
1049 5531 1186 5584 vobis
1213 5531 1265 5585 in
1287 5529 1487 5585 Christo
1515 5529 1660 5592 Iesu.
1682 5531 1819 5601 quod
1851 5534 1905 5586 in
1933 5534 2104 5587 omni-

522 5617 614 5669 bus
641 5619 815 5672 divites
843 5621 967 5690 facti
996 5622 1115 5675 estis
1160 5623 1212 5676 in
1235 5624 1344 5688 illo,
1389 5625 1463 5676 ita
1493 5631 1545 5676 ut
1575 5624 1703 5677 nihil
1740 5623 1877 5678 vobis
1902 5625 2030 5679 desit
2057 5627 2109 5680 in

524 5706 630 5758 ulla
654 5712 816 5779 gratia
849 5710 925 5782 (1.
959 5711 1076 5766 Cor.
1107 5715 1159 5769 1.
1192 5717 1243 5770 4.
1276 5716 1352 5788 5).
1380 5715 1450 5770 Et
1465 5732 1596 5772 vero
1614 5715 1850 5788 profante
1877 5717 1997 5774 illos
2023 5733 2110 5773 sa-

529 5795 740 5854 pientia:
769 5799 931 5858 fuisse
952 5805 1253 5875 participes,
1282 5806 1409 5863 satis
1435 5808 1586 5866 nobis
1607 5808 1900 5867 declaravit
1929 5809 2109 5866 amitis

1227 367 1284 425 S.
1325 364 1604 426 JOANNIS
1641 364 2135 426 CHRYSOSTOMT
2157 365 2470 425 ARClllEP.
2510 369 3048 428 CONSTANTINOP‘.

3695 378 3816 434 {55’}

2207 479 2309 534 illis
2340 479 2615 550 longisque
2645 483 3003 548 sermonibus,
3029 484 3218 554 quibus
3247 484 3300 538 in
3323 485 3634 555 sapientiam
3655 489 3796 543 illam

2204 569 2496 624 invehitur.
2526 568 2660 626 Cum
2687 573 2832 628 enim
2860 575 2961 628 alia
3020 575 3072 628 in
3125 575 3348 643 epistola
3395 591 3502 630 non
3546 575 3707 633 facile
3745 581 3812 635 id'

2204 661 2517 729 prmstitisse
2558 664 2876 733 reperiatur,
2908 667 2994 720 hic
3047 667 3251 734 prolixa
3295 667 3414 722 illos
3458 671 3798 726 accusatione

2203 751 2495 806 insectatur
2525 770 2538 808 :
2572 769 2634 808 ac
2658 757 2850 809 merito
2872 772 3020 811 sane.
3043 756 3172 811 Nam
3209 759 3461 828 quoniam
3482 759 3606 814 hinc
3626 770 3801 816 tumor

2202 854 2255 898 et
2277 847 2443 899 fastus
2469 856 2688 901 exortus
2713 857 2814 912 est,
2861 849 2967 903 illic
3011 851 3172 904 etiam
3225 853 3516 906 sectionem
3563 853 3798 908 admovit

2203 933 2281 986 sic
2309 933 2490 988 dicens
2519 953 2531 988 :
2565 933 2686 989 Non
2715 937 2847 990 enim
2877 938 3013 990 misit
3045 955 3123 992 me
3153 937 3387 994 Christus
3412 941 3688 1010 baptizare,
3715 943 3820 996 sed‘

2204 1024 2550 1094 evangelisare
2579 1041 2597 1078 :
2629 1043 2728 1080 non
2758 1028 2810 1080 in
2833 1029 3083 1098 sapientia
3110 1030 3272 1097 verbi,
3312 1041 3363 1082 ut
3393 1047 3493 1084 non
3532 1043 3802 1086 evacuetur

2203 1129 2330 1166 crux
2355 1114 2538 1169 Christi
2572 1118 2589 1187 (
2616 1119 2664 1170 1.
2691 1115 2808 1171 Cor.
2841 1120 2891 1173 l.
2921 1120 2984 1173 17
3010 1121 3050 1190 ).
3083 1120 3218 1175 Vide
3247 1137 3404 1191 quam
3445 1124 3646 1178 acriter
3676 1138 3796 1193 pro-

2205 1202 2380 1258 fanam
2410 1207 2730 1276 sapientiam
2772 1221 3007 1276 accuset,
3060 1211 3202 1280 quod
3231 1228 3335 1266 non
3364 1214 3523 1268 modo
3560 1214 3698 1272 nihil
3736 1215 3801 1268 ad

2204 1295 2458 1362 pietatem
2482 1296 2729 1352 conferre
2753 1299 3011 1365 videatur,
3045 1301 3140 1356 sed
3166 1303 3324 1356 etiam
3357 1304 3812 1373 impedimentum-

2205 1396 2255 1440 et
2286 1387 2615 1444 obstaculum
2644 1390 2752 1445 ﬁat.
2778 1391 2849 1448 Ut
2876 1395 3018 1448 enim
3043 1395 3296 1464 prmelara
3325 1411 3574 1466 corpora,
3604 1409 3660 1453 et
3687 1398 3798 1452 for-

2205 1478 2341 1532 mosi
2376 1479 2686 1552 pulchrique
2715 1485 2914 1551 vultus,
2946 1485 2988 1539 si
3018 1485 3157 1553 quod
3187 1498 3404 1540 ornatus
3447 1489 3686 1542 exterius
3712 1489 3802 1543 ad-

2207 1570 2557 1626 ditamentum
2604 1573 2908 1642 admittant,
2960 1591 3072 1630 sum
3119 1576 3531 1647 pulchritudinis
3578 1579 3798 1647 gloriam

2208 1662 2472 1728 minuunt,
2507 1664 2649 1734 quod
2679 1663 2864 1721 faciet
2894 1667 3186 1736 pigmenta,
3221 1678 3276 1722 et
3305 1667 3508 1738 reliqua
3536 1669 3811 1738 ejusmodi.

2208 1751 2471 1808 lenocinia
2517 1763 2572 1810 et
2615 1755 2837 1812 artiﬁcia
2879 1757 3066 1812 formae
3113 1757 3324 1814 laudem
3362 1757 3592 1814 divisam
3636 1758 3704 1814 ad
3744 1775 3810 1816 se

2209 1844 2422 1899 trahant
2450 1863 2462 1898 :
2491 1847 2633 1916 quod
2660 1848 2704 1902 si
2733 1847 2866 1902 nihil
2894 1849 2974 1904 eis
3015 1849 3307 1916 addideris,
3350 1849 3814 1920 pulchritudinem

2207 1951 2392 1992 eorum
2419 1940 2586 2008 magis
2611 1939 2832 2010 detegis,
2859 1941 2986 1995 dum
3018 1942 3132 1995 sola
3160 1942 3326 1996 forma
3353 1940 3618 2008 decertat,
3649 1950 3704 1996 et
3723 1943 3806 1996 in-

2209 2037 2356 2098 tegra
2405 2030 2560 2086 laude
2590 2039 2644 2086 et
2673 2033 3141 2088 commendatione
3174 2034 3461 2103 perimitur
3493 2052 3506 2087 :
3535 2034 3610 2088 ita
3654 2033 3711 2087 ﬁt
3750 2034 3810 2087 in'

2170 2193 2176 2203 ι
2209 2121 2489 2190 religione,
2524 2135 2578 2179 et
2605 2124 2865 2194 spirituali
2897 2140 3094 2196 sponsa
3128 2143 3142 2179 :
3175 2126 3218 2179 si
3243 2126 3367 2194 quid
3405 2136 3690 2180 externum
3731 2126 3800 2178 illi

2209 2213 2484 2284 adjungas,
2520 2217 2632 2270 sive
2664 2217 2892 2282 divitias,
2922 2217 3035 2272 sive
3058 2218 3372 2286 potentiam,
3398 2217 3514 2272 sive
3545 2217 3804 2271 eruditio-

2209 2307 2292 2359 nis
2317 2307 2442 2373 vim,
2478 2308 2702 2378 gloriam
2731 2309 2845 2379 ejus
2866 2309 3064 2379 perdis,
3090 2326 3188 2364 nec
3209 2311 3340 2365 sinis
3370 2319 3426 2365 ut
3452 2311 3662 2380 integra
3690 2311 3801 2364 laus

2209 2396 2327 2466 ejus
2352 2407 2630 2467 appareat,
2661 2399 2753 2454 sed
2789 2401 2839 2454 in
2867 2402 3060 2454 multas
3087 2411 3264 2469 partes
3310 2401 3425 2469 ejus
3467 2401 3696 2470 gloriam
3725 2402 3802 2456 di-

2204 2487 2344 2542 vidis
2371 2508 2381 2543 :
2412 2489 2491 2544 sin
2518 2505 2634 2545 eam
2663 2491 2830 2545 solam
2861 2491 3004 2545 sinas
3029 2491 3325 2561 simplicem
3353 2491 3660 2562 nudamque
3682 2507 3814 2547 cer-r

2212 2587 2345 2643 tare,
2376 2583 2568 2634 amotis
2596 2583 2844 2636 omnibus
2891 2582 3051 2636 rebus
3104 2583 3380 2646 humanis,
3415 2592 3541 2636 tunc
3572 2585 3803 2638 maxime

2211 2671 2551 2740 pulchritudo
2572 2673 2690 2742 ejus
2714 2673 2888 2728 omnis
2929 2676 3227 2744 apparebit,
3255 2684 3378 2728 tunc
3409 2674 3611 2729 invicta
3644 2676 3804 2730 virtus

2210 2761 2327 2831 ejus
2351 2763 2600 2827 elucebit,
2635 2780 2756 2819 cum
2787 2780 2961 2835 neque
2989 2765 3188 2820 divitiis
3211 2765 3476 2835 indigens,
3506 2780 3684 2836 neque
3722 2782 3812 2821 sa-r

2215 2851 2434 2920 pientia,
2460 2869 2631 2923 neque
2659 2856 2919 2924 potentia,
2944 2870 3117 2926 neque
3156 2855 3456 2921 nobilitate,
3488 2872 3666 2926 neque
3691 2858 3808 2912 aliis

2215 2946 2337 2998 uilis
2367 2945 2529 3000 rebus
2560 2949 2822 3012 humanis,
2850 2949 3028 3002 omnia
3054 2963 3303 3017 superare
3329 2947 3558 3017 potuerit
3587 2958 3643 3002 et
3676 2951 3799 3002 sub-

2215 3040 2378 3109 igere,
2406 3039 2532 3093 dum
2563 3055 2656 3110 per
2685 3040 2929 3095 homines
2957 3042 3111 3106 viles,
3147 3041 3404 3110 abjectos,
3427 3055 3651 3110 egenos,
3682 3056 3804 3109 pau-

2217 3147 2392 3202 peros,
2428 3131 2638 3197 idiotas,
2671 3133 2846 3199 impiis
2871 3133 3196 3198 oratoribus,
3234 3131 3584 3201 philosophis,
3623 3143 3810 3204 tyran-

2217 3226 2319 3289 nis,
2344 3235 2397 3279 et
2425 3227 2674 3280 universn
2705 3235 2965 3279 terrarum
2996 3226 3126 3280 orbe
3156 3226 3400 3294 superior
3425 3224 3627 3278 evadit.

2291 3316 2531 3369 Humana
2559 3317 2808 3386 sapientia
2835 3317 3183 3388 confunditur.
3209 3343 3279 3355 η-
3301 3316 3588 3385 Propterea
3616 3317 3812 3372 Paulus-

2217 3422 2426 3478 quoque
2454 3407 2665 3461 dicebat
2697 3425 2710 3460 :
2745 3406 2865 3460 Non
2895 3407 3005 3461 veni
3046 3423 3134 3476 per
3159 3406 3518 3460 sublimitatem
3561 3408 3812 3461 sermonis”

2216 3499 2524 3552 annuntians
2554 3499 2690 3552 vobis
2708 3499 3048 3553 testimonium
3087 3497 3219 3570 Dei(
3249 3498 3301 3550 1.
3328 3495 3446 3550 Cor.
3477 3498 3530 3550 2.
3562 3499 3586 3552 1
3628 3500 3646 3568 )
3674 3515 3686 3548 :
3713 3507 3796 3562 et,

2220 3589 2346 3655 Quae
2369 3591 2524 3643 stulta
2552 3599 2668 3643 sunt
2699 3590 2877 3642 mtmdi
2915 3589 3063 3660 elegit
3104 3587 3268 3654 Deus,
3315 3598 3369 3641 ut
3414 3589 3697 3660 confundat
3721 3605 3801 3642 sa-

2218 3685 2409 3754 pientes
2452 3686 2468 3755 (
2501 3685 2548 3738 1.
2576 3683 2693 3738 Cor.
2727 3685 2777 3737 i.
2809 3683 2878 3736 2'7
2908 3681 2951 3754 ).
2985 3683 3100 3737 Non
3143 3683 3458 3752 simpliciter
3499 3683 3655 3748 dixit,
3678 3681 3810 3748 Quar

2216 3777 2375 3830 stulta
2400 3785 2541 3841 sunt,
2563 3775 2680 3840 sed,
2708 3774 2835 3840 Qua:
2849 3775 3002 3828 stulta
3019 3783 3136 3828 sunt
3157 3773 3370 3836 mundi;
3396 3787 3568 3842 neque
3585 3774 3810 3827 omnino

2216 3868 2381 3937 quod,
2416 3867 2541 3933 Qua:
2569 3867 2726 3920 stulta
2749 3875 2868 3920 stmt
2896 3865 3074 3919 mundi
3094 3904 3111 3932 ,
3145 3866 3251 3918 sint
3277 3865 3438 3918 etiam
3477 3865 3640 3918 stulta
3669 3864 3811 3935 apud

2220 3960 2386 4014 Deum
2423 3982 2432 4011 :
2459 3959 2553 4014 sed
2585 3960 2736 4014 multi
2779 3974 2847 4014 es
2893 3959 3000 4012 illis
3028 3958 3118 4028 qui
3151 3957 3506 4015 videnturhie
3531 3972 3654 4013 esse
3681 3958 3802 4012 insi-

2218 4052 2446 4122 pientes,
2479 4051 2617 4118 apud
2652 4051 2817 4105 Deum
2849 4059 2972 4104 sunt
3001 4048 3250 4103 omnibus
3269 4047 3387 4102 aliis
3415 4048 3762 4117 sapientiores
3783 4065 3800 4100 :

2216 4143 2665 4212 quemadmodum
2693 4143 2939 4196 nimirum
2971 4141 3122 4195 multi
3161 4141 3250 4210 qui
3295 4150 3531 4212 egestate
3569 4141 3656 4195 hic
3687 4155 3802 4210 pre-

2218 4243 2472 4299 muntur,
2525 4234 2775 4288 omnibus
2814 4234 2954 4304 apud
3009 4234 3174 4288 Deum
3239 4242 3365 4288 sunt
3417 4233 3799 4303 opulentiores.

2215 4326 2658 4397 Quandoquidem
2682 4326 2916 4382 Lazarus
2958 4328 3121 4382 etiam
3144 4326 3229 4380 ille
3255 4340 3376 4379 cum
3418 4325 3656 4379 omnium
3681 4340 3800 4394 pau-

2220 4421 2482 4489 perrimus
2507 4428 2652 4473 esset
2677 4418 2728 4471 iu
2757 4418 2978 4484 mundo,
3007 4417 3302 4471 ditissimus
3332 4415 3571 4469 omnium
3611 4425 3724 4470 erat
3751 4414 3798 4467 in

2215 4512 2362 4567 cadis
2389 4510 2538 4584 (Luc.
2565 4511 2654 4566 16.
2684 4510 2775 4565 20.
2805 4510 2962 4581 sqq.).
2998 4509 3286 4565 Stultitiam
3314 4507 3474 4578 igitur
3501 4507 3682 4561 mundi
3708 4520 3806 4574 ap'

2215 4603 2378 4676 pellat
2401 4617 2519 4669 eos,
2545 4602 2740 4674 quibus
2770 4602 2945 4671 lingua
2969 4615 3072 4655 non
3101 4610 3181 4654 est
3207 4599 3427 4665 diserta,
3457 4598 3545 4668 qui
3589 4595 3799 4667 profana

2216 4695 2475 4764 sapientia
2501 4709 2608 4748 non
2636 4702 2760 4748 sunt
2785 4691 2995 4757 imbuti,
3021 4690 3430 4761 quieloquentia
3454 4689 3672 4743 minime
3693 4685 3804 4757 pol-

2216 4789 2344 4844 lent.
2367 4788 2431 4842 Et
2451 4787 2548 4840 hos
2569 4785 2755 4857 Elegit,
2778 4785 2968 4854 inquit,
2986 4782 3141 4848 Deus,
3160 4791 3216 4836 ut
3235 4782 3486 4852 sapientes
3505 4780 3797 4852 confundat.

2215 4882 2332 4949 Quo
2359 4896 2488 4937 vero
2514 4889 2670 4951 pacto
2688 4919 2705 4946 ,
2737 4893 2920 4948 quaeso
2945 4920 2960 4947 ,
2993 4893 3089 4948 per
3114 4875 3214 4931 hos
3252 4875 3328 4930 illi
3373 4873 3801 4930 contunduntur?

2217 4975 2504 5044 Peripsam
2535 4988 2714 5027 rerum
2747 4970 3150 5040 experientiam.
3192 4968 3324 5023 Cum
3362 4967 3511 5023 enim
3547 4966 3677 5020 foris
3714 4979 3800 5019 se-

2217 5068 2433 5122 dentem
2477 5081 2541 5120 ac
2582 5065 2976 5119 mendicantem
3036 5062 3274 5126 viduam,
3329 5074 3393 5113 ac
3437 5069 3802 5127 smpenumero

2216 5157 2458 5227 corporis
2485 5155 2742 5211 membris
2767 5155 3062 5209 mutilatam
3087 5151 3156 5207 de
3191 5151 3592 5206 immortalitate
3616 5149 3801 5202 anima:

2218 5247 2650 5319 interrogaveris,
2694 5246 2763 5301 de
2813 5244 3210 5300 resurrectione
3245 5255 3556 5311 corporum,
3588 5238 3652 5293 de
3679 5251 3801 5306 pro-

2216 5342 2451 5398 vidcntia
2484 5341 2603 5407 Dei,
2632 5339 2701 5395 de
2727 5338 3079 5394 retributione
3107 5349 3204 5406 pro
3243 5333 3468 5400 meritis,
3501 5332 3570 5387 de
3599 5328 3803 5385 ratione

2217 5435 2328 5490 illic
2356 5431 2648 5496 reddenda,
2675 5432 2744 5486 de
2769 5429 3050 5485 tremendo
3069 5425 3291 5498 judicio,
3321 5425 3388 5478 de
3418 5423 3663 5494 repositis
3691 5419 3798 5482 eis,

2217 5528 2305 5598 qui
2335 5535 2481 5582 recte
2508 5539 2566 5582 se
2595 5524 2880 5594 gesserint,
2913 5521 3090 5587 bonis,
3114 5519 3182 5574 de
3206 5517 3484 5587 suppliciis
3513 5530 3631 5585 qua:
3681 5524 3798 5583 pec-

2217 5618 2490 5674 catoribus
2528 5617 2666 5671 Deus
2715 5613 3073 5670 comminatus
3106 5618 3210 5676 est,
3254 5609 3320 5664 de
3357 5607 3478 5662 aliis
3519 5605 3795 5660 omnibus:

2219 5724 2450 5781 cumque
2470 5709 2560 5765 illa
2591 5705 2746 5761 valde
2772 5712 3023 5761 accurate
3048 5716 3238 5772 magna
3269 5715 3390 5754 cum
3413 5698 3600 5753 ﬁducia
3637 5705 3691 5750 ct
3714 5709 3800 5748 se-

2223 5805 2451 5862 curitate
2473 5798 2846 5872 responderit;
2873 5792 3226 5868 philosophus
3263 5801 3442 5847 autem
3486 5799 3542 5846 et
3566 5787 3654 5858 qui
3685 5783 3799 5857 plu-
