4086 6412
374 326 488 382 ⁵151

369 445 600 517 ἳτὲρου,
633 443 670 516 ἢ
710 443 772 498 τὸ
806 444 975 515 μηδὲν
1004 445 1204 498 οίκεῖον
1218 442 1460 513 νομίζειν
1483 436 1621 496 εἷναι
1648 439 1860 495 Παῦλον
1885 440 1994 494 τῶν

372 536 612 591 ηοίκείων
667 534 1138 607 κατορθωμάτων,
1194 532 1328 587 ἀλλά
1374 532 1553 586 πάντα
1583 530 1892 585 ἀνατιθέναι
1917 531 1996 604 τῷ

394 625 645 697 Δεσπότῃ
666 625 809 695 Θεῷ.
845 626 1026 696 Ὅπερ
1060 618 1153 678 οῦν
1204 623 1352 676 zeal-6
1396 622 1632 692 Χριστὸς
1658 621 1787 686 τοὺς
1820 620 1997 693 μαθη-

398 714 496 777 τὰς
516 712 763 766 ἐδίδασκε
786 711 983 781 λέγων,
1008 713 1144 779 ιοὺχ
1168 708 1340 778 ὑμεῖς
1359 726 1436 779 με
1448 707 1832 773 ἐξελέξασθε,
1856 708 1993 763 ἀλλ’

398 801 513 869 ἐγὼ
548 799 926 868 ἐξελεξάμην
956 796 1140 868 ὑμᾶς’
1198 798 1293 850 καὶ
1325 798 1353 850 6
1395 795 1714 860 Ἀπόστολος
1756 796 1817 849 τὸ
1863 796 1997 849 αὐτό

394 889 557 942 τοῦτο
590 888 750 942 πάλιν
781 887 873 941 ἐπὶ
910 887 1010 954 τῆς
1033 884 1201 954 αὐτῆς
1233 882 1554 953 Ἐπιστολῆς
1584 882 1880 938 αἰνίττεται
1905 883 1994 937 λέ-

396 992 510 1047 γων
526 995 538 1008 ·
563 977 704 1032 Τότε
721 976 790 1030 δὲ
803 975 1227 1044 ἐπιγνώσομαι,
1240 973 1435 1038 καθὼς
1450 972 1546 1026 καὶ
1568 971 1960 1042 ἐπεγνώσθην
1977 990 1991 1004 ο

395 1065 497 1119 νῦν
536 1066 667 1135 γὰρ,
705 1064 890 1135 φησὶν,
923 1063 1022 1116 οὐκ
1056 1060 1167 1130 ἐγὼ
1203 1060 1422 1133 πρῶτος
1454 1060 1721 1128 ἐπέγνων,
1755 1060 1870 1113 ἀλλ’
1897 1060 1988 1113 αὐ-

396 1153 489 1214 τδς
540 1150 892 1221 ἐπεγνώσθην
950 1148 1183 1221 πρῶτος.
1236 1147 1514 1203 Διώκοντα
1557 1148 1668 1219 γὰρ
1707 1148 1868 1201 αὐτὸν
1899 1147 1995 1201 καὶ

398 1240 707 1311 πορθοῦντα
721 1239 821 1309 τὴν
847 1236 1175 1308 Ἐκκλησίαν
1204 1237 1232 1288 6
1260 1236 1495 1308 Χριστὸς
1521 1236 1767 1301 ἐκάλεσε,
1800 1235 1990 1305 λέγων·

398 1329 619 1392 Σαῦλε,
664 1326 879 1390 Σαῦλε,
917 1325 976 1379 τί
1018 1341 1096 1394 με
1123 1323 1385 1389 animate;
1433 1322 1532 1376 Διά
1572 1324 1731 1377 τοῦτο
1768 1322 1996 1390 φιλητόν

399 1415 590 1471 ἑαυτὸν
641 1413 815 1468 καλεῖ.
865 1411 1021 1475 Τίνος
1079 1411 1266 1465 ἕνεκεν
1314 1410 1632 1480 Κορινθίοις
1690 1408 1865 1473 οῦτως
1899 1412 1997 1462 έπ-

401 1503 686 1568 έστελλεν;
725 1501 791 1554 Ἢ
823 1497 1086 1570 Κόρινθος
1113 1496 1254 1567 αὐτη
1283 1498 1383 1569 τῆς
1416 1498 1642 1568 Ἀχαΐας
1667 1496 1996 1568 μητρόπολίς

398 1592 540 1656 ὲστι,
565 1590 660 1643 καὶ
718 1587 1111 1656 πνευματικοῖς
1142 1584 1322 1656 ἐκόμα
1359 1584 1695 1656 χαρίσμασι⁸
1730 1583 1825 1637 καὶ
1850 1583 1997 1655 μάλα

404 1677 663 1739 εἰκότως·
690 1673 791 1744 τῆς
824 1672 933 1744 γὰρ
962 1672 1177 1725 Παύλου
1199 1667 1448 1741 γλώττης
1470 1670 1661 1742 πρώτη
1688 1670 1994 1741 ἀπήλαυσε,

400 1768 497 1821 καὶ
533 1764 784 1835 καθάπερ
810 1761 1073 1831 ἄμπελος,
1121 1761 1345 1832 ἀρίστου
1375 1761 1522 1823 τινὸς
1568 1762 1660 1814 καὶ
1703 1761 1998 1831 ἐπιμελοῦς

401 1853 751 1910 ἀπολαύουσα
772 1850 1043 1920 γεωργοῦ,
1064 1847 1277 1910 πολλοῖς
1308 1849 1407 1919 μὲν
1436 1848 1583 1918 κομᾷ
1615 1850 1728 1911 τοῖς
1752 1846 1994 1917 φύλλοις,

400 1940 582 2011 πολλῷ
609 1939 666 1992 δὲ
695 1936 774 2008 τῷ
824 1933 1024 2006 καρπῷ
1048 1933 1223 2006 βρίθει
1256 1934 1521 2004 διηνεκῶς
1546 1953 1557 1966 ·
1586 1933 1729 1988 οὕτω
1752 1934 1815 2006 δὴ
1851 1936 1997 2005 καὶὴ

390 2031 565 2089 πόλις
632 2027 838 2097 εκείνη,
890 2025 1081 2095 ὥσπερ
1125 2024 1269 2087 τινὸς
1304 2023 1532 2094 ἀρίστου
1582 2023 1854 2094 γεωργοῦ,
1898 2023 2000 2093 τῆς

389 2118 620 2173 Παύλου
649 2112 999 2175 διδασκαλίας
1050 2111 1399 2182 μετασχοῦσα
1420 2111 1635 2182 πρώτη,
1666 2110 1761 2165 καὶ
1786 2111 1877 2163 ἐπὶ
1898 2127 1999 2163 πο-

398 2206 496 2260 λὺν
522 2203 911 2273 ἓντρυφήσασα
930 2198 1121 2269 χρόνον
1149 2200 1216 2269 τῇ
1246 2196 1438 2250 τούτου
1476 2197 1659 2269 σοφίᾳ,
1696 2198 1860 2251 πᾶσιν
1884 2198 2001 2250 ἐτεσ-

401 2292 556 2361 θήλει
575 2292 687 2352 τοῖς
712 2287 940 2356 ἀγαθοῖς
965 2302 978 2317 ·
1012 2285 1073 2338 οὐ
1114 2283 1500 2355 πνευματικῶν
1523 2284 1580 2338 δὲ
1615 2282 1754 2355 αὕτη
1779 2295 1806 2323 ι
1840 2299 2001 2355 χαρι-

403 2379 629 2450 σμάτων
657 2373 946 2445 περιουσία
975 2373 1113 2442 μόνη
1147 2367 1235 2442 ἦν,
1262 2370 1403 2425 ἀλλά
1425 2371 1519 2423 καὶ
1549 2370 1820 2441 βιωτικῶν
1842 2370 2002 2424 πλεο-

403 2483 569 2536 νεκτη
579 2466 762 2536 μάτων
783 2459 987 2531 πολλὴν
1014 2455 1130 2531 εἶχε
1158 2457 1256 2529 τὴν
1286 2456 1567 2527 ἀφθονίαν.
1584 2459 1693 2511 Καὶ
1708 2458 1817 2526 γὰρ
1840 2458 2003 2529 σοφίᾳ

386 2555 580 2623 ,λόγων
630 2550 737 2604 τῶν
792 2548 1011 2615 ἔξωθεν,
1052 2547 1147 2601 καὶ
1197 2544 1416 2616 πλούτῳ
1457 2545 1552 2597 καὶ¹
1579 2544 1867 2615 δυναστείᾳ
1891 2544 2001 2596 τῶν

402 2642 580 2696 ἀλλων
628 2637 851 2705 ἐκράτει
909 2634 1135 2688 πόλεων.
1188 2633 1301 2686 Καὶ
1334 2629 1509 2685 ταῦτα
1548 2631 1717 2702 αὐτὴν
1759 2630 2000 2700 ὲφύσησε

402 2729 499 2782 καὶ
512 2725 652 2798 πρὸς
676 2724 935 2779 ἀπόνοιαν
955 2718 1081 2792 ἦρε,
1102 2718 1198 2773 καὶ
1218 2719 1304 2772 διὰ
1325 2720 1423 2790 τῆς
1442 2718 1700 2781 ἀπονοίας
1726 2718 1806 2781 είς
1829 2716 2003 2770 πολλά

386 2816 654 2884 διέστησε
692 2812 855 2882 μέρη.

476 2903 714 2973 Τοιαύτη
762 2901 871 2973 γὰρ
918 2898 1017 2969 τῆς
1069 2896 1448 2967 ὑπερηφανίας
1492 2898 1524 2966 ἡ
1562 2894 1758 2965 φύσις·
1790 2894 1881 2947 τὸν
1904 2896 2004 2965 τῆς

396 2993 631 3062 ,ἀγάπης
679 2991 1040 3062 διαρῤήγνυσι
1096 2985 1426 3056 σύνδεσμον,
1482 2986 1576 3037 καὶ
1626 2985 1718 3039 τὸν
1780 2985 2005 3056 πλησίον

405 3079 715 3150 ἀποσχίζει,
743 3076 897 3149 [136]
933 3077 1026 3129 καὶ
1051 3073 1172 3127 καθ’
1206 3073 1399 3128 ἑαυτὸν
1432 3073 1665 3127 ἕκαστον
1702 3069 1839 3127 εἶναι
1865 3074 2009 3130 ποιεῖ

402 3172 497 3223 τὸν
524 3167 858 3239 κεκτημένον
889 3165 1082 3233 αὐτὴν.
1110 3163 1222 3215 Καὶ
1249 3162 1501 3234 καθάπερ
1531 3164 1707 3232 τοῖχος
1742 3162 2006 3234 φυσηθεὶς

396 3257 620 3311 διαλύει
651 3256 748 3324 τὴν
779 3249 1091 3323 οἰκοδομὴν,
1120 3249 1265 3305 οὐτω
1294 3249 1359 3321 δὴ
1389 3251 1485 3304 καὶ
1522 3250 1667 3320 ψυχὴ
1702 3249 2008 3320 φυσηθεῖσα

404 3347 505 3416 τῆς
538 3342 673 3414 πρὸς
728 3341 916 3414 ἕτερον
981 3337 1277 3407 συναφείας
1315 3337 1416 3390 οὐκ
1460 3336 1733 3407 ἀνέχεται,
1762 3335 1790 3388 δ
1821 3337 1886 3408 δὴ
1915 3337 2009 3391 καὶ

400 3437 438 3503 ἡ
472 3429 734 3505 Κόρινθος
788 3426 957 3480 ἔπαθε
988 3426 1111 3479 τότε
1136 3441 1149 3455 ’
1188 3425 1283 3478 καὶ
1318 3423 1455 3495 πρὸς
1498 3424 1758 3494 ἀλλήλους
1786 3424 2009 3478 διεσταο

408 3516 623 3583 σίαζον,
670 3516 765 3570 καὶ
792 3516 873 3578 εἰς
912 3512 1083 3567 πολλά
1116 3511 1257 3583 μέρη
1296 3510 1396 3580 τὴν
1435 3510 1767 3581 Ἐκκλησίαν
1796 3512 2014 3566 κατέτε-

404 3625 534 3680 μον,
572 3605 667 3659 καὶ
695 3602 923 3677 μυρίους
951 3602 1168 3664 ἑαυτοῖς
1191 3598 1411 3671 ἐτέρους
1430 3598 1739 3670 ἐπέστησαν
1759 3599 2014 3655 διδασκά-

405 3694 551 3758 λους,
585 3692 680 3744 καὶ
713 3687 856 3743 κατά
913 3687 1189 3760 φρατρίας
1233 3688 1330 3740 καὶ
1377 3685 1686 3756 συμμορίας
1731 3686 2013 3758 γενόμενοι

403 3781 745 3851 ἐλυμήναντο
772 3777 835 3831 τὸ
865 3775 966 3847 τῆς
1004 3774 1335 3845 Ἐκκλησίας
1390 3772 1628 3844 ἀξίωμα.
1683 3774 2014 3847 Ἐκκλησίας

400 3871 520 3942 γὰρ
543 3868 778 3939 ἀξίωμα,
801 3867 928 3920 ὅταν
960 3863 1212 3937 σώματος
1250 3862 1572 3919 ἀκολουθίαν
1614 3862 1751 3935 πρὸς
1786 3866 2015 3927 ἑαυτοὺς

405 3960 457 4013 οί
485 3955 868 4025 συλλεγόμενοι
896 3951 1219 4023 διατηρῶσι.

479 4049 543 4096 ε’.
580 4044 671 4095 Δεῖ
701 4040 759 4094 δὲ
781 4038 955 4093 ταῦτα
978 4037 1259 4102 ἀποδεῖξαι
1284 4038 1413 4108 ὑμῖν
1440 4038 1643 4104 πάντα,
1679 4040 1762 4094 ὅτι
1803 4041 2013 4113 πρῶτοι

406 4126 627 4182 Παύλου
654 4124 755 4201 τῆς
802 4121 1143 4186 διδασκαλίας
1176 4122 1455 4194 Κορίνθιοι
1494 4124 1615 4177 τότε
1665 4125 2012 4197 ἀπήλαυσαν,

407 4212 495 4264 ὃτι
548 4206 908 4280 χαρισμάτων
940 4202 1083 4278 ἦσαν
1119 4206 1511 4276 πνευματικῶν
1563 4208 2012 4281 πεπληρωμένοι,

407 4294 497 4347 ὅτι
528 4293 621 4347 καί
657 4291 927 4362 βιωτικοῖς
954 4289 1428 4360 πλεονεκτήμασιν
1489 4291 1778 4363 ἐκράτουν,
1807 4294 1890 4347 ὅτι
1925 4293 2016 4348 διὰ

410 4376 590 4432 ταῦτα
644 4374 1039 4445 ἀπονοηθέντες
1086 4372 1338 4444 ἀλλήλοις
1378 4375 1798 4448 ἀπερράγησαν,
1834 4379 1930 4432 καί¹
1963 4380 2015 4433 οί

412 4464 518 4534 μὲν
545 4460 782 4523 τούτοις,
817 4460 867 4512 οἱ
895 4458 952 4511 δὲ
986 4457 1217 4521 ἐκείνοις
1255 4458 1597 4530 προσένεμον
1621 4460 1870 4526 ἑαυτούς.
1894 4464 2016 4517 Ὀτι

414 4547 516 4616 μὲν
539 4537 633 4597 οὖν
667 4541 874 4613 πρῶτοι
897 4540 999 4612 τῆς
1028 4540 1243 4595 Παύλου
1285 4541 1634 4607 διδασκαλίας
1667 4545 2012 4615 ἀπήλαυσαν,

410 4629 646 4682 ἄκουσον
699 4624 816 4689 πῶς
864 4625 996 4680 αὐτὸ
1046 4624 1206 4679 τοῦτο
1250 4625 1278 4678 6
1309 4623 1524 4690 Παῦλος
1580 4626 1836 4698 ⁴ᾐνίξατοο
1880 4628 2017 4684 Ἐὰν

413 4711 546 4780 γὰρ,
585 4710 736 4781 φησὶ,
757 4707 1027 4773 πολλοὺς
1050 4708 1464 4779 παιδαγωγοὺς
1485 4710 1665 4780 ἔχητε
1689 4712 1759 4765 ἐν
1782 4713 2018 4780 Χριστῷ

427 4791 646 4860 Ἰησοῦ,
676 4792 809 4847 ἀλλ’
832 4794 904 4847 οὐ
928 4791 1201 4858 πολλοὺς
1219 4791 1498 4861 πατέρας.
1541 4795 1644 4849 Ἐν
1658 4796 1769 4865 γὰρ
1783 4796 2017 4865 Χριστῷ

424 4876 624 4944 Ἰησοῦ
660 4875 756 4929 διὰ
778 4875 885 4929 τοῦ
910 4876 1283 4944 Εὐατγελίου
1311 4876 1427 4946 ἐγὼ
1446 4875 1603 4947 ὑμᾶς
1629 4878 1959 4949 ἐγέννησα⁸
1989 4883 2018 4933 6

413 4959 474 5012 δὲ
496 4959 766 5029 γεννήσας
803 4957 1015 5029 πρῶτος
1045 4960 1125 5021 είς
1156 4958 1271 5026 φῶς
1298 4959 1496 5027 ἀγειτὸ
1525 4959 1737 5032 τεχθέν.
1770 4962 1880 5016 Καὶ
1910 4963 2018 5035 πάξ

413 5038 525 5103 λιν,
571 5041 713 5110 Ἐγὼ
766 5043 1095 5111 ἐφύτευσα,
1130 5040 1440 5109 Ἀπολλὼς
1476 5043 1748 5099 ἐπότισε·
1804 5045 2019 5108 δεικνὺς

416 5127 504 5178 ὅτι
550 5126 769 5197 πρῶτος
819 5127 919 5197 τὴν
975 5126 1328 5180 διδασκαλίαν
1375 5129 1762 5185 κατεδάλλετο.
1809 5131 1932 5183 Ὀτι
1961 5131 2020 5184 δὲ

418 5209 757 5281 χαρίσμασιν
799 5210 1017 5280 ἐκόμων
1082 5214 1497 5280 πνευματικοῖς,
1552 5214 1761 5267 ἐκεῖθεν
1824 5212 2015 5281 δῆλον·

420 5292 778 5361 Εῠχοριστῶ
802 5292 884 5358 τῷ
905 5292 1027 5359 Θεῷ
1048 5306 1169 5363 μου
1206 5295 1305 5348 ἐπὶ
1346 5294 1422 5363 τῇ
1452 5295 1647 5365 χάριτι
1684 5296 1791 5350 τοῦ
1842 5295 2015 5358 Θεοῦ,

422 5373 501 5442 τῇ
531 5374 775 5443 δοθείσῃ
822 5374 965 5444 ὑμῖν
1000 5376 1071 5429 ἐν
1110 5376 1345 5445 Χριστῷ
1378 5378 1593 5445 Ἰησοῦ,
1629 5378 1719 5432 ὅτι
1740 5378 1810 5431 ἐν
1834 5379 2015 5432 παντὶ

418 5458 861 5525 ἐπλουτίσθητε
887 5458 956 5513 ὲν
974 5458 1155 5525 αὐτῷ,
1185 5458 1341 5514 ὥστε
1355 5459 1511 5531 ὑμᾶς
1527 5460 1613 5532 μὴ
1636 5460 2016 5529 ὑστερεῖσθαι

418 5541 494 5595 ἐν
506 5540 727 5610 μηδενί
764 5542 1107 5613 χαρίσματι.
1147 5543 1256 5597 Καὶ
1293 5544 1398 5615 μὴν
1431 5544 1512 5598 δτι
1545 5545 1736 5615 σοφίας
1767 5547 2016 5616 μετεῖχον

494 5762 512 5782 ⁸
537 5762 712 5814 Placet
736 5770 851 5815 nota
871 5766 1156 5829 marginalis
1174 5767 1346 5818 Βινηῆ
1365 5768 1673 5832 conﬁcientis
1699 5771 1841 5835 αὐτῇ.
1865 5772 2010 5826 Eon.

977 339 1065 399 1N
1104 340 1335 408 ILL‘UD,
1370 338 1650 397 PAUL‘US
1692 334 2035 393 VOCA'I‘US.
2070 334 2165 391 ET
2201 336 2285 392 DE
2324 334 2586 397 MUTAT.
2631 341 2973 401 NOMINUM.
3010 342 3105 399 ιν.

2100 441 2199 513 τῆς
2220 440 2436 509 ἔξωθεν,
2459 443 2520 509 ἐξ
2549 438 2625 498 ῶν
2654 446 2882 512 πολλοὺς
2909 449 3002 501 καὶ
3026 448 3272 520 μακροὺς
3301 448 3441 504 κατά
3465 450 3565 522 τῆς
3589 468 3691 505 σο-

2100 525 2230 595 φίας
2260 526 2533 581 ἀποτείνει
2566 528 2777 598 λόγους,
2804 531 2960 602 δῆλον
2987 534 3119 603 ἡμῖν
3148 533 3420 605 εποίησεν.
3441 534 3694 606 Οὐδαμοῦ

2096 609 2205 679 γὰρ
2228 610 2359 667 αὐτὸ
2373 612 2580 682 ταχέως
2595 614 2651 666 ὲν
2673 615 2836 686 ἑτέρᾳ
2864 618 3097 687 ποιήσας
3125 616 3433 689 Ἐπιστολῇ,
3464 618 3697 673 ἐνταῦθα

2098 692 2193 745 καὶ
2217 692 2383 763 πολλῇ
2407 693 2671 766 κέχρηται
2700 698 2765 765 τῇ
2795 698 3132 771 κατηγορίᾳο
3166 701 3257 753 καὶ
3285 700 3428 770 μάλα
3446 701 3694 765 εἰκότως,

2111 774 2330 845 Ἐπειδὴ
2363 776 2470 847 γάρ
2502 778 2752 833 ἐντεῦθεν
2789 782 2822 850 ή
2859 781 3138 854 φλεγμονὴ
3181 784 3427 851 γέγονεν,
3460 786 3580 837 ἐκεῖ
3600 783 3698 837 καὶ

2095 856 2197 927 τὴν
2223 858 2398 928 τομὴν
2424 861 2725 929 ἐπήγαγεν,
2744 862 2887 917 οὔτω
2898 863 3074 932 λέγων
3093 881 3107 895 ·
3132 868 3215 919 Οὐ
3244 868 3355 934 τὰρ
3370 865 3701 920 ἀπέστειλδ

2096 956 2168 1005 με
2197 941 2452 1008 Χριστός
2491 943 2823 1010 βαπτίζειν,
2864 947 3004 1001 ἀλλ’
3043 947 3543 1018 εὐαγγελίζεσθαι,
3584 951 3696 1003 οὐκ

2095 1022 2165 1076 ἐν
2207 1026 2396 1094 σοφίᾳ
2432 1027 2644 1095 λόγου,
2678 1028 2779 1081 ἵνα
2817 1027 2905 1098 μὴ
2952 1029 3184 1098 κενωθῇ
3224 1034 3259 1086 ό
3286 1031 3549 1101 σταυρὸς
3588 1030 3699 1085 τοῦ

2098 1108 2380 1175 Χριστοῦ.
2417 1110 2558 1181 Ὅρα
2588 1112 2728 1184 πόση
2769 1115 3075 1186 κατηγορία
3112 1114 3211 1183 τῆς
3246 1114 3446 1181 ἔξωθεν
3481 1116 3695 1184 σοφίας,

2095 1191 2179 1244 ὅτι
2214 1192 2480 1263 μὴμόνον
2536 1196 2701 1265 μηδὲν
2751 1199 3001 1265 φαίνεται
3058 1197 3388 1252 συντελοῦσα
3418 1198 3556 1270 πρὸς
3598 1198 3698 1269 τὴν

2097 1274 2404 1339 εὐσέϐειαν,
2445 1276 2581 1330 ἀλλά
2607 1279 2701 1331 καὶ
2734 1280 3047 1351 ἐμπόδισμα
3078 1283 3170 1335 καὶ
3198 1280 3428 1351 κώλυμα
3457 1281 3691 1349 γίνεται.

2094 1358 2369 1430 Καθάπερ
2384 1358 2493 1431 γὰρ
2515 1361 2583 1415 τά
2605 1361 2833 1436 λαμπρά
2848 1365 2957 1418 τῶν
2981 1366 3270 1435 σωμάτων,
3291 1366 3383 1419 καὶ
3400 1365 3507 1418 τῶν
3522 1365 3700 1433 ὄψεων

2097 1441 2322 1505 εὐειδεῖς
2353 1443 2449 1496 καὶ
2479 1444 2664 1506 καλαὶ,
2712 1445 2778 1499 ἂν
2805 1447 2905 1518 μέν
2947 1465 3069 1501 τινα
3095 1448 3492 1518 καλλωπισμοῦ
3526 1464 3698 1518 προσ-

2098 1521 2275 1594 θήκην
2308 1522 2507 1591 ἒξωθεν
2531 1526 2791 1592 λάϐωσιν,
2820 1530 2898 1592 είς
2920 1530 3018 1600 τὴν
3039 1529 3140 1599 τῆς
3160 1531 3366 1593 οίκείας
3394 1529 3700 1601 εὐμορφίας

2102 1605 2434 1677 βλάπτονται
2465 1607 2645 1676 δόξαν,
2682 1611 2789 1663 τῶν
2819 1612 3272 1685 ὐπογραμμάτων
3307 1614 3400 1667 καὶ
3434 1612 3540 1667 τῶν
3571 1614 3703 1665 ὐπο-

2097 1690 2331 1761 γραφῶν
2379 1693 2474 1745 καὶ
2520 1692 2623 1764 τῆς
2682 1693 2849 1764 ἄλλης
2882 1697 3282 1766 ἐπιτεχνήσεως
3327 1694 3701 1766 μεριζομένων

2100 1776 2235 1846 πρὸς
2261 1775 2459 1837 ἑαυτὰς
2502 1777 2594 1829 τὸν
2630 1777 2722 1831 τοῦ
2770 1779 3001 1844 κάλλους
3026 1781 3247 1834 ἔπαινον
3270 1799 3284 1814 ο
3327 1779 3393 1833 ἀν
3428 1780 3486 1832 δὲ
3530 1778 3701 1850 μηδὲν

2101 1859 2620 1930 ὲπαγάγηςαύταῖς,
2650 1861 2847 1930 μᾶλλον
2880 1861 3059 1917 αὐτῶν
3086 1863 3365 1932 ὲκφαίνεις
3386 1862 3485 1933 τὴν
3502 1863 3559 1914 εὐ
3566 1878 3703 1933 μορ·

2108 1945 2257 2013 φίαν,
2286 1943 2503 2014 γυμνῆς
2554 1943 2675 1997 καθ’
2704 1946 2904 2017 ἑαυτὴν
2951 1947 3045 2017 τῆς
3077 1945 3228 2016 ῶρας
3263 1946 3697 2016 ἀγωνιζομένης,

2100 2029 2196 2082 καὶ
2238 2026 2533 2098 ὁλόκληρον
2586 2030 2974 2100 καρπουμένης
3025 2031 3086 2083 τὸ
3144 2030 3330 2100 θαῦμα
3360 2048 3374 2061 ·
3414 2029 3559 2084 οὕτω
3607 2020 3705 2082 καὶ

2101 2111 2194 2164 ἐπὶ
2219 2110 2318 2174 τῆς
2352 2109 2634 2171 εὐσεϐείας
2667 2114 2760 2166 καὶ
2789 2115 2887 2183 τῆς
2918 2112 3138 2183 νύμφης
3174 2113 3276 2181 τῆς
3307 2115 3703 2183 πνευματικῆς,

2103 2193 2171 2247 ἂν
2208 2194 2307 2264 μέν
2331 2210 2385 2247 τι
2406 2192 2517 2247 τῶν
2549 2194 2751 2258 ἔξωθεν
2793 2195 3170 2266 ὲπεισαγάγῃς
3191 2195 3351 2265 αὐτῇ,
3383 2194 3416 2265 ἦ
3449 2193 3704 2258 πλοῦτον,

2102 2277 2135 2348 ἦ
2160 2277 2560 2349 δυναστείανφῆ
2588 2277 2761 2346 λόγων
2792 2278 2965 2347 ἰσχὺν,
3000 2279 3275 2341 ὲκένωσας
3304 2277 3402 2349 τὴν
3424 2276 3583 2342 δόξαν
3607 2278 3708 2331 αὐ⁴

2101 2360 2221 2430 τῆς,
2258 2361 2357 2413 οὐκ
2402 2360 2560 2429 ἀφεὶς
2613 2360 2905 2431 ὁλόκληρον
2940 2360 3110 2430 αὐτῆς
3145 2361 3380 2430 φανῆναι
3404 2360 3465 2413 τὸ
3493 2359 3704 2430 θαῦμα,

2104 2443 2218 2497 ἀλλ’
2250 2446 2331 2506 είς
2380 2444 2551 2497 πολλιά
2592 2444 2971 2515 καταμερίσας
3004 2445 3172 2516 αὐτῆς
3228 2444 3325 2515 τὴν
3363 2443 3550 2510 δόξαν·
3605 2443 3704 2497 ὲὰν

2103 2525 2159 2579 δὲ
2203 2527 2346 2597 ἀφῇς
2408 2525 2623 2597 γυμνήν
2677 2526 2800 2578 καθ’
2860 2527 3061 2596 ἑαυτὴν
3112 2526 3494 2593 ἀγωνίζεσθαι,
3528 2525 3708 2580 πάντα

2104 2611 2422 2681 ἀποστήσας
2452 2610 2520 2663 τὰ
2542 2608 2882 2681 ἀνθρώπινα,
2905 2609 3028 2662 τότε
3058 2609 3301 2681 ἀκριϐῶς
3326 2609 3497 2678 αὐτῆς
3519 2612 3707 2679 φανεῖ-

2105 2710 2192 2746 ται
2218 2692 2277 2745 τὸ
2304 2691 2497 2756 κάλλος
2541 2692 2708 2758 ἀπαν,
2738 2692 2860 2745 τότε
2908 2691 3179 2762 ἐκλάμψει
3209 2691 3399 2759 σαφῶς
3437 2693 3470 2762 ὴ
3498 2693 3710 2762 ἄμαχος

2105 2776 2279 2845 ἰσχὺς,
2312 2774 2439 2828 ὅταν
2470 2776 2605 2847 μήτε
2654 2773 2908 2837 πλούτου,
2939 2776 3075 2845 μήτε
3122 2774 3338 2843 σοφίας,
3370 2774 3507 2844 μήτε
3544 2774 3710 2827 δυνα-

2108 2857 2311 2921 στείας,
2331 2858 2467 2928 μήτε
2501 2858 2795 2922 εὐγενείας,
2829 2859 2964 2928 μήτε
2986 2857 3148 2910 ἀλλου
3172 2854 3472 2929 [15ητινὺς
3496 2854 3602 2909 τῶν
3618 2856 3712 2911 ἀν·

2107 2941 2136 2994 θ
2148 2941 2400 3010 ρωπίνων
2412 2939 2689 3010 δεηθεῖσα,
2718 2940 2935 2993 πάντων
2953 2940 3174 3010 δύνηται
3202 2942 3426 3011 κρατεῖν
3443 2939 3535 2993 καὶ
3557 2956 3714 3010 περι-

2107 3021 2374 3092 γίνεσθαι,
2424 3023 2493 3075 δι⁹
2541 3022 2845 3093 ἀνθρώπων
2878 3022 3109 3075 εὐτελῶν
3166 3022 3263 3075 καὶ
3317 3021 3586 3075 ταπεινῶν
3619 3023 3714 3075 καὶ

2106 3105 2474 3177 ἠπορημένων
2530 3107 2622 3158 καὶ
2677 3109 2927 3177 πενήτων
2960 3105 3055 3159 καὶ
3092 3104 3338 3169 ἰδιωτῶν,
3374 3104 3468 3159 καὶ
3502 3102 3714 3159 ἀσεϐῶν

2112 3194 2360 3265 ρητόρων
2387 3191 2482 3244 καὶ
2504 3190 2810 3259 φιλοσόφων
2835 3192 2931 3244 καὶ
2959 3190 3261 3263 τυράννων,
3292 3189 3389 3245 καὶ
3412 3190 3512 3259 τῆς
3534 3190 3715 3242 οἰκου-

2113 3278 2284 3349 μένης
2312 3274 2591 3346 κρατοῦσα
2622 3274 2862 3344 ἀπάσης.

2183 3359 2275 3414 Διὸ
2301 3360 2394 3417 καὶ
2435 3357 2646 3420 Παῦλος
2698 3357 2919 3426 ἐλεγενο
2957 3359 3079 3411 Οὐκ
3119 3354 3314 3427 ἦλθον
3354 3358 3483 3412 καθ’
3533 3358 3717 3424 ὑπερ-

2113 3462 2185 3513 οχ
2194 3443 2492 3512 ὴνλότου,
2511 3441 2826 3509 κηρύττων
2839 3441 2984 3510 ὑμῖν
2998 3442 3066 3494 τὸ
3076 3442 3395 3509 μαρτύριον
3418 3440 3526 3493 τοῦ
3544 3439 3716 3495 Θεοῦ⁹

2114 3529 2231 3595 καὶ,
2272 3527 2352 3581 Τὰ
2392 3525 2560 3595 μωρὰ
2591 3524 2698 3579 τοῦ
2733 3525 2965 3595 κόσμου
2996 3524 3318 3589 ἐξελέξατο
3355 3527 3387 3578 ό
3422 3524 3582 3589 Θεὸς,
3615 3524 3719 3578 ἵνα

2115 3609 2504 3679 καταισχύνῃ
2556 3607 2695 3673 τοὺς
2756 3608 3007 3676 σοφούς.
3064 3609 3177 3679 Οὐχ
3227 3606 3415 3671 ἁπλῶς
3455 3601 3600 3673 εἶπε,
3647 3606 3717 3660 τά

2119 3691 2300 3765 μωρὰ,
2364 3691 2521 3753 ἀλλά,
2578 3691 2655 3744 Τὰ
2703 3690 2811 3744 τοῦ
2859 3692 3092 3759 κόσμου
3142 3688 3345 3759 μωρὰ·
3389 3690 3452 3743 οὐ
3499 3689 3718 3753 πάντως

2116 3777 2192 3842 δὲ,
2233 3776 2315 3829 ὃτι
2374 3774 2447 3828 τὰ
2494 3772 2603 3827 τοῦ
2654 3774 2888 3842 κόσμου
2923 3773 3112 3842 μωρὰ,
3163 3772 3256 3825 καὶ
3305 3772 3455 3843 παρὰ
3487 3771 3565 3842 τῷ
3597 3770 3717 3841 Θεῷ

2121 3859 2314 3932 μωρά·
2349 3856 2485 3911 ἀλλά
2549 3856 2736 3910 πολλοὶ
2804 3855 2914 3909 τῶν
2964 3855 3201 3909 ἐνταῦθα
3232 3855 3535 3909 δοκούντων
3575 3848 3717 3909 εἶναι

2116 3944 2362 4016 ἀνοήτων
2388 3981 2404 4007 ,
2468 3940 2622 4012 παρά
2692 3939 2770 4011 τῷ
2832 3938 2951 4010 Θεῷ
3028 3939 3245 3993 πάντων
3306 3938 3414 3991 είσὶ
3458 3936 3566 3990 τῶν
3623 3932 3717 3991 ἄλο

2116 4027 2225 4081 λων
2285 4025 2612 4096 σοφώτεροι·
2686 4022 2876 4095 ῶσπερ
2951 4018 3044 4075 οὖν
3099 4022 3193 4076 καὶ
3258 4020 3446 4075 πολλοὶ
3499 4018 3607 4074 τῶν
3657 4019 3720 4072 ἐν

2118 4110 2283 4181 πενίᾳ
2332 4108 2549 4174 ζώντων
2605 4105 2840 4160 ἐνταῦθα
2866 4146 2882 4171 ,
2941 4107 3159 4161 πάντων
3214 4106 3350 4159 εἰσὶν
3405 4105 3715 4178 εὐπορώτε-

2123 4211 2203 4267 ροι
2255 4192 2409 4263 παρά
2472 4188 2551 4262 τῷ
2601 4189 2742 4260 Θεῷ.
2808 4189 2961 4242 Ἐπεὶ
3026 4191 3122 4244 καὶ
3174 4192 3203 4243 6
3260 4187 3511 4261 Λάζαρος
3576 4190 3720 4242 ἐκεῖ·

2118 4295 2209 4342 νος
2228 4277 2445 4331 πάντων
2474 4275 2821 4345 πτωχότερος
2855 4272 2930 4327 ὣν
2966 4276 3023 4327 ὲν
3052 4273 3130 4346 τῷ
3161 4274 3371 4345 κόσμῳ,
3410 4273 3627 4328 πάντων
3650 4269 3717 4345 ἦν

2118 4358 2498 4431 εὐπορώτερος
2546 4359 2605 4413 ἐν
2654 4361 2767 4421 τοῖς
2815 4356 3081 4429 οὐρανοῖς.
3135 4357 3364 4428 Μωρίαν
3402 4356 3583 4410 τοίνυν
3616 4357 3715 4409 τοῦ

2119 4449 2329 4518 κόσμου
2390 4446 2545 4498 καλεῖ
2578 4444 2706 4508 τοὺς
2743 4445 2843 4497 οὐκ
2893 4444 3117 4514 ἔχοντας
3158 4443 3405 4511 γλῶτταν
3443 4444 3717 4514 ὴκονημέα

2119 4552 2240 4605 νην,
2270 4535 2396 4596 τοὺς
2426 4532 2527 4603 τῆς
2554 4530 2754 4599 ἔξωθεν
2793 4532 2853 4583 οὐ
2892 4529 3299 4600 μετεσχηκότας
3342 4530 3553 4598 σοφίας,
3587 4530 3716 4593 τοὺς

2119 4621 2451 4692 εὐγλωττίας
2465 4619 2964 4690 ἀπεστερημένους.
2979 4618 3090 4673 Καὶ
3104 4620 3358 4684 τούτους
3371 4618 3713 4685 ἐξελέξατο,

2122 4712 2307 4783 φησὶν,
2336 4713 2369 4765 ό
2392 4710 2560 4776 Θεὸς,
2593 4710 2695 4762 ινα
2717 4709 3095 4778 καταισχύνῃ
3128 4708 3272 4774 τοὺς
3302 4709 3556 4777 σοφούς.
3609 4709 3719 4762 Καὶ

2122 4802 2260 4864 πῶς,
2300 4797 2421 4853 είπέ
2466 4814 2578 4868 μοι,
2616 4796 2705 4851 διά
2736 4796 2940 4851 τούτων
2983 4801 3179 4852 ἐκεῖνοι
3230 4797 3713 4868 καταισχύνονται;

2121 4888 2221 4943 Διά
2246 4887 2349 4958 τῆς
2375 4885 2481 4939 τῶν
2520 4885 2861 4958 πραγμάτων
2892 4886 3106 4957 πείρας.
3144 4886 3311 4939 Ὅταν
3345 4885 3454 4957 γὰρ
3485 4885 3581 4957 τὴν
3613 4885 3716 4955 χήο

2124 4991 2225 5047 ραν
2260 4974 2361 5046 τὴν
2395 4971 2499 5037 ἔξω
2526 4973 2843 5045 καθημένην
2877 4974 2971 5027 καὶ
2996 4972 3419 5045 προσαιτοῦσαν,
3456 4973 3718 5037 πολλάκις

2121 5061 2179 5116 δὲ
2203 5061 2297 5117 καὶ
2322 5061 2383 5115 τὸ
2410 5060 2569 5132 σῶμα
2589 5061 2872 5132 ἀνάπηρον
2892 5057 3059 5115 οὖσαν
3086 5060 3347 5136 ἐξετάσῃς
3371 5062 3498 5133 περὶ
3518 5060 3719 5114 ἀθανα-

2123 5149 2246 5213 σίας
2284 5148 2483 5220 ψυχῆς,
2524 5149 2652 5221 περὶ
2691 5149 2959 5220 σωμάτων
2997 5149 3370 5213 ἀναστάσεως,
3411 5149 3541 5218 περὶ
3579 5164 3714 5216 προ-

2120 5239 2268 5299 νοίας
2320 5234 2478 5299 Θεοῦ,
2518 5237 2647 5309 περὶ
2681 5236 2782 5306 τῆς
2824 5236 2944 5291 κατ’
2977 5236 3135 5303 ἀξίαν
3187 5235 3528 5297 ἀντιδόσεως,
3584 5234 3718 5301 περὶ

2118 5324 2228 5397 ¹τῶν
2271 5322 2512 5378 εὐθυνῶν
2558 5322 2666 5377 τῶν
2709 5323 2846 5387 ἐκεῖ,
2883 5325 3010 5397 περὶ
3043 5323 3135 5378 τοῦ
3184 5321 3417 5394 φοϐεροῦ
3459 5321 3715 5388 δικαστη-

2119 5391 2263 5485 ρίου,
2300 5414 2429 5485 περὶ
2463 5412 2575 5467 τῶν
2621 5391 3001 5486 ἀποκειμένων
3038 5415 3149 5476 τοῖς
3188 5391 3540 5485 κατορθοῦσιν
3572 5409 3714 5478 ἀγα-

2121 5503 2251 5566 θῶν,
2288 5503 2416 5575 περὶ
2467 5503 2576 5557 τῶν
2624 5504 3005 5574 ηπειλημένων
3047 5504 3159 5565 τοῖς
3208 5501 3579 5573 ἁμαρτάνουσι
3627 5517 3713 5552 τι-

2122 5591 2367 5664 μωριῶν,
2434 5591 2562 5664 περὶ
2620 5592 2728 5644 τῶν
2787 5590 2960 5646 ἄλλων
3022 5589 3278 5643 ἀπάντων
3312 5606 3326 5620 ’
3393 5585 3511 5643 εἶτα
3575 5581 3714 5659 μετὰ

2119 5678 2403 5750 ἀκριϐείας
2447 5678 2804 5749 ἀποκρίνεται
2849 5676 2944 5730 καὶ
2994 5675 3368 5749 πληροφορίας
3409 5675 3611 5746 πολλῆς
3635 5692 3650 5706 ·
3684 5675 3713 5726 6

2119 5765 2173 5818 δὲ
2232 5766 2520 5836 φιλόσοφος
2580 5766 2672 5819 καὶ
2732 5765 2875 5834 μέγα
2935 5764 3025 5817 ἐπὶ
3082 5764 3225 5837 κόμῃ
3282 5765 3374 5819 καὶ
3438 5764 3710 5836 βακτηρίᾳ
