4086 6476
353 359 456 415 15³5

355 479 550 533 rituum
573 491 734 533 coma
754 487 811 534 et
825 478 1023 536 baculo
1055 480 1333 549 gloriatur,
1358 491 1477 552 post
1506 483 1674 540 multa
1695 485 1958 558 longaque

357 572 525 642 spatia
548 582 887 639 sermonum,
917 579 1037 644 post
1060 575 1420 646 importunam
1451 579 1785 652 multamque
1824 599 1952 654 gar-

357 666 626 720 rulitatem
653 679 725 721 ne
744 665 960 722 hiscere
992 663 1209 738 quidem
1241 671 1499 739 potuerit,
1530 689 1706 746 neque
1741 674 1809 730 de
1840 675 1956 731 istis

356 757 524 813 verba
551 758 790 813 facturus
821 758 1045 814 valuerit
1069 775 1132 815 os
1157 759 1411 816 diducere
1435 777 1451 817 :
1471 773 1582 819 tum
1607 765 1770 834 probe
1795 766 1954 822 intel-

355 849 509 917 liges,
535 862 642 916 quo
667 859 824 917 pacto
851 849 990 903 Deus
1019 850 1221 921 elegerit
1257 851 1414 907 stulta
1445 855 1639 922 mundi,
1669 863 1721 908 ut
1748 857 1953 926 sapien~

357 948 428 992 tes
446 939 800 1010 confunderet.
832 938 966 996 Nam
991 957 1109 1011 qute
1124 956 1232 1010 prae
1251 943 1412 1001 nimia
1436 947 1680 1017 superbia
1709 947 1739 1002 f.
1762 958 1954 1020 stnque

356 1030 597 1097 reperire
627 1029 702 1084 illi
731 1031 950 1086 minime
995 1043 1302 1103 potuerunt,
1347 1045 1458 1092 tum
1504 1039 1644 1108 quod
1687 1040 1893 1108 seipsus
1921 1055 1952 1095 a

355 1120 637 1190 disciplina
661 1122 890 1191 Spiritus
910 1124 1292 1196 sejunxissent,
1324 1139 1431 1184 tum
1457 1131 1596 1200 quod
1622 1131 1799 1186 omnia
1825 1147 1953 1202 pro-

357 1213 489 1282 priis
539 1213 951 1283 cogitationibus
999 1220 1421 1284 commisissent,
1457 1222 1572 1277 iure
1621 1222 1851 1278 mendici
1898 1232 1953 1278 et

356 1303 551 1373 ahjecti
579 1319 643 1359 ac
664 1303 903 1374 profanae
931 1307 1249 1365 eruditionis
1279 1320 1527 1382 expertes
1556 1313 1733 1367 omnia
1760 1323 1950 1368 exacte

356 1395 679 1462 didicerunt,
703 1412 823 1453 cum
847 1412 879 1453 a
906 1400 1107 1455 caelesti
1133 1402 1408 1472 disciplina
1426 1404 1739 1472 penderent.
1767 1399 1951 1473 Neque

357 1499 486 1543 vero
514 1496 800 1545 contentus
819 1499 903 1546 est
933 1490 1123 1546 horum
1148 1501 1302 1548 tenus
1329 1495 1603 1564 profanam
1632 1496 1948 1565 Sapientiam

354 1567 624 1648 incusare,
654 1581 748 1636 sed
793 1591 845 1636 et
882 1583 987 1636 alia
1026 1583 1184 1654 plura
1229 1585 1538 1656 subjungit,
1587 1587 1771 1642 dicens
1806 1605 1818 1642 :
1850 1585 1951 1642 Sa-

353 1672 546 1743 pientia
571 1675 723 1748 hujus
742 1677 916 1730 mundi
943 1676 1158 1731 stultitia
1183 1689 1257 1732 est
1283 1679 1424 1748 apud
1446 1679 1612 1734 Deum
1637 1681 1716 1752 (l.
1743 1681 1862 1738 Cor.
1890 1680 1945 1738 '5.

358 1764 472 1836 19);
495 1775 550 1820 et
569 1766 842 1821 auditores
873 1783 1060 1824 rursus
1081 1769 1372 1826 adhortans
1397 1786 1518 1826 cum
1547 1783 1859 1844 contemptu
1885 1789 1948 1830 ac

353 1856 691 1912 vehementia
719 1857 928 1913 dicebat
953 1877 966 1914 :
992 1860 1054 1914 Si
1075 1861 1185 1931 quis
1210 1861 1343 1916 enim
1367 1859 1581 1931 videtur,
1610 1865 1798 1934 inquit,
1819 1866 1950 1919 inter

353 1962 441 2002 vos
465 1946 666 2019 sapiens
695 1948 870 2004 essein
896 1951 992 2005 hoc
1031 1952 1240 2019 sttculo,
1276 1953 1461 2009 stultus
1497 1956 1619 2024 ﬁat,
1660 1966 1714 2008 ut
1758 1957 1821 2010 sit
1864 1968 1951 2010 sa-

357 2039 500 2108 piens
524 2037 635 2110 (Ib.
659 2058 704 2095 υ.
740 2039 860 2113 18);
883 2051 936 2096 et
967 2058 1174 2110 rursus,
1206 2043 1468 2116 Scriptum
1497 2056 1590 2112 est,
1618 2045 1840 2101 Perdant
1865 2064 1949 2102 sa-

355 2131 600 2200 pientiam
627 2135 935 2203 sapientum,
966 2145 1013 2189 ct
1060 2137 1384 2207 prudentiam
1431 2140 1734 2209 prudentum
1767 2157 1946 2211 repro-

352 2219 481 2276 ιαὺο
517 2223 594 2294 (1.
620 2223 740 2280 Cor.
767 2226 817 2279 1.
841 2225 962 2296 19);
991 2235 1044 2280 et
1074 2243 1280 2295 rursus,
1313 2228 1564 2284 Dominus
1592 2232 1728 2284 novit
1757 2232 1950 2302 cogita¢

348 2314 516 2369 tiones
541 2316 820 2381 hominum,
843 2319 1081 2388 quoniam
1108 2335 1251 2374 vana:
1268 2330 1385 2374 sunt
1414 2320 1490 2391 (1.
1520 2320 1637 2376 Cor.
1666 2322 1720 2377 5.
1751 2321 1870 2394 20).

425 2405 479 2460 6.
522 2408 600 2462 Ac
627 2409 883 2478 sapientia
911 2408 1124 2479 quidem
1153 2410 1404 2480 prtnditos
1440 2411 1604 2467 fuisse
1632 2412 1942 2468 Corinthios

346 2511 419 2551 ex
463 2495 547 2551 his
581 2497 780 2566 liquet;
826 2513 920 2553 eos
950 2508 1126 2555 autem
1156 2501 1416 2571 Superbos
1457 2503 1614 2558 fuisse
1641 2513 1802 2574 atque
1830 2505 1948 2558 ani-

347 2589 458 2643 mis
485 2589 697 2644 inflatos
724 2605 791 2644 ex
832 2589 1023 2645 eadem
1059 2593 1283 2661 epistola
1313 2594 1652 2648 manifestum
1681 2603 1782 2649 est.
1811 2595 1946 2649 Cum

345 2679 497 2734 enim
522 2679 724 2749 nSpiam
743 2694 867 2735 eum
882 2682 978 2750 qui
1010 2681 1302 2738 fornicatus
1323 2695 1459 2749 erat,
1490 2685 1944 2755 reprehendisset,

346 2769 552 2839 adjecit
605 2769 787 2825 dicens
819 2787 834 2826 :
863 2770 930 2823 Et
978 2789 1066 2826 vos
1120 2773 1290 2844 inﬂati
1338 2775 1456 2829 estis
1507 2777 1582 2847 (1.
1625 2775 1747 2831 Cor.
1777 2777 1829 2832 5.
1861 2777 1942 2848 ﬁ).

346 2861 522 2916 Porro
552 2876 659 2930 prte
686 2861 845 2917 nimia
875 2865 1178 2933 arrogantia
1210 2865 1348 2920 inter
1370 2881 1428 2920 se
1454 2867 1573 2921 illos
1603 2867 1946 2923 contendisse

346 2951 679 3022 acjurgatos
727 2967 846 3008 esse
893 2969 1078 3009 rursus
1128 2955 1399 3021 indicavit,
1442 2973 1562 3011 eum
1609 2958 1743 3012 dixit
1772 2974 1788 3013 :
1817 2958 1946 3014 Cum

344 3043 482 3095 enim
510 3047 573 3096 sit
603 3043 731 3097 inter
746 3060 832 3098 vos
858 3046 1129 3111 contentio,
1158 3057 1203 3099 et
1227 3048 1386 3114 zelus,
1421 3059 1465 3101 et
1504 3049 1743 3116 dissidia,
1782 3068 1948 3106 nonne

342 3136 580 3189 carnales
599 3137 737 3201 estis,
754 3145 799 3190 et
817 3138 1094 3191 secundum
1112 3139 1366 3193 hominem
1379 3142 1646 3195 antbulutis
1663 3143 1740 3212 (1.
1755 3141 1872 3197 Cor.
1889 3144 1942 3198 5.

342 3226 449 3294 3)?
475 3226 728 3292 Quisnam
758 3236 934 3282 autem
964 3227 1064 3283 fuit
1104 3231 1462 3285 contentionis
1491 3232 1578 3286 ille
1623 3232 1856 3288 modus?
1886 3233 1943 3288 In

342 3317 530 3371 varios
559 3333 617 3372 se
655 3326 893 3374 rectores
935 3335 998 3373 ac
1030 3320 1297 3390 principes
1323 3321 1648 3388 dividebant,
1679 3333 1839 3394 atque
1866 3324 1946 3378 id-

335 3409 497 3462 circo
536 3407 706 3463 dicit:
738 3407 849 3463 Hoc
897 3420 1065 3464 autem
1106 3411 1240 3476 dico,
1291 3413 1426 3483 quod
1473 3415 1812 3486 unusquisque
1857 3431 1944 3470 ue-

343 3509 513 3554 strum
542 3499 683 3569 dicit,
731 3501 841 3572 Ego
893 3520 1005 3556 sum
1054 3501 1232 3572 Pauli,
1285 3522 1375 3576 ego
1414 3517 1580 3560 autem
1608 3508 1814 3577 Apollo,
1852 3525 1944 3580 ego

342 3606 467 3645 vero
495 3591 679 3662 Cepltaz
708 3593 782 3665 (1.
817 3593 938 3647 Cor.
971 3596 1022 3648 -l.
1069 3595 1180 3666 12).
1217 3595 1344 3652 llaec
1381 3606 1558 3652 autem
1599 3597 1808 3654 dicebat
1836 3615 1944 3654 non

329 3683 494 3752 .quod
523 3682 696 3738 .Paulo
732 3695 786 3740 et
806 3685 1010 3756 (Iephte
1039 3694 1093 3742 et
1139 3688 1326 3757 Apollo
1365 3705 1423 3744 se
1451 3691 1823 3758 attribuerent,
1849 3692 1941 3748 sed

343 3773 438 3826 his
467 3773 769 3828 nominibus
797 3776 1047 3847 obtegere
1076 3777 1247 3831 Voluit
1280 3793 1395 3846 eos,
1421 3780 1508 3848 qui
1535 3779 1816 3834 seditionis
1843 3795 1939 3836 au-

339 3875 526 3920 Ctorcs
544 3863 777 3932 fuerant,
807 3883 877 3922 ne
901 3868 944 3922 si
976 3883 1069 3923 eos
1089 3869 1472 3936 manifestaret,
1497 3872 1942 3928 contentiosiores

340 3965 511 4027 atque
549 3958 684 4013 adeo
709 3959 1130 4030 impudentiores
1155 3963 1422 4019 redderet.
1453 3957 1571 4020 Non
1598 3966 1740 4021 enim
1776 3966 1943 4022 Paulo

342 4059 406 4103 et
437 4048 593 4104 Petro
634 4058 690 4106 ct
713 4052 907 4122 Apollo
931 4054 1136 4124 seipsos
1175 4055 1294 4110 illos
1324 4057 1654 4123 attribuisse,
1700 4059 1793 4113 sed
1821 4058 1941 4114 aliis

343 4140 690 4210 quibusdam,
735 4158 800 4198 ex
830 4143 913 4199 his
940 4162 1059 4216 qua:
1088 4159 1385 4217 sequuntur
1408 4150 1598 4220 .liquet.
1638 4151 1770 4206 Cum
1797 4153 1939 4207 enim

341 4232 496 4303 ipsos
539 4242 757 4302 propter
796 4235 896 4290 hoc
928 4236 1208 4292 dissidium
1247 4241 1579 4311 castigasset,
1623 4258 1808 4298 rursus
1843 4244 1942 4299 ad-

335 4324 520 4393 junxit
544 4325 727 4381 dicens
751 4344 766 4382 :
787 4325 913 4381 Haec
941 4338 1126 4396 autem,
1159 4335 1362 4398 fratres,
1397 4335 1761 4404 trans/iguravi
1785 4336 1838 4389 in
1864 4353 1943 4391 me

344 4425 400 4469 et
427 4416 609 4488 Apollo
652 4430 861 4490 propter
899 4437 1005 4488 vos,
1059 4431 1114 4476 ut
1153 4423 1209 4478 in
1249 4426 1386 4480 vobis
1404 4426 1640 4493 .discatis,
1686 4445 1749 4483 ne
1784 4446 1943 4500 supra

343 4525 501 4578 quam
531 4511 777 4583 scriptum
802 4523 875 4568 est
913 4515 1146 4585 sapiatis,
1179 4534 1243 4572 ne
1281 4535 1414 4573 unus
1452 4519 1695 4575 adversus
1724 4522 1941 4576 alterum

339 4604 553 4673 inﬂetur
581 4622 675 4676 pro
703 4606 806 4661 alio
837 4607 913 4678 (1.
944 4608 1063 4664 Cor.
1095 4611 1150 4665 4.
1180 4612 1256 4681 6).
1300 4612 1449 4672 Multi
1479 4615 1623 4668 enim
1668 4631 1732 4670 ex
1766 4617 1939 4687 impe-

340 4696 464 4751 ritis
493 4712 614 4752 cum
644 4713 751 4753 non
783 4711 1002 4770 possent
1031 4718 1097 4758 ex
1141 4704 1452 4760 domesticis
1491 4707 1695 4764 meritis
1736 4709 1936 4776 efferri,

334 4801 520 4856 neque
546 4789 819 4857 proximos
838 4790 1087 4847 insectari
1113 4808 1176 4848 ac
1198 4795 1463 4862 mordere,
1495 4811 1615 4852 cum
1647 4798 1747 4854 sibi
1773 4815 1940 4870 quos-

336 4877 464 4933 dam
504 4880 774 4951 principes
802 4898 866 4937 ac
894 4893 1134 4940 rectores
1159 4887 1549 4957 prtefecissent,
1583 4889 1795 4946 illorum
1826 4909 1941 4948 me-

338 4969 464 5023 ritis
500 4984 567 5025 ac
588 4972 873 5029 virtutibus
898 4973 966 5028 ad
997 4973 1192 5031 fastum
1219 4987 1273 5033 et
1310 4979 1650 5035 insolentiam
1679 4981 1940 5039 adversus

335 5060 474 5115 alios
511 5062 816 5131 utebantur,
841 5075 894 5121 et
915 5082 977 5122 ex
1001 5081 1211 5136 eorum,
1235 5085 1265 5124 a
1287 5071 1478 5141 quibus
1502 5072 1676 5128 edocti
1705 5073 1935 5143 fuerant,

340 5150 608 5221 sapientia
658 5157 998 5213 occasionem
1048 5163 1367 5232 arrogantia:
1405 5164 1664 5219 adversus
1712 5175 1938 5223 caeteros

340 5245 674 5314 arripiebant
698 5265 710 5301 :
734 5249 874 5318 quod
896 5251 1092 5305 summi
1113 5261 1168 5307 et
1195 5254 1365 5308 insani
1384 5255 1568 5324 gloria:
1589 5258 1788 5312 amoris
1816 5259 1934 5325 luit,

342 5351 466 5390 cum
498 5339 533 5392 ii
561 5341 652 5408 qui
679 5342 906 5410 propriis
931 5344 1138 5398 meritis
1163 5346 1376 5416 gloriari
1407 5364 1511 5401 non
1535 5359 1770 5417 possent,
1806 5350 1942 5407 alio-

344 5444 464 5484 rum
505 5433 822 5488 excellentia
863 5435 928 5490 ad
958 5436 1293 5493 insolentiam
1319 5450 1792 5513 contemptumque
1831 5444 1936 5498 fra—

343 5530 486 5577 trum
527 5522 894 5582 abuterentur.
939 5527 1201 5596 Quoniam
1243 5532 1401 5601 igitur
1441 5541 1492 5586 et
1539 5534 1591 5586 in
1632 5533 1937 5602 superbiam

344 5615 468 5670 elati
493 5628 666 5683 erant,
691 5629 741 5672 et
763 5629 900 5674 inter
923 5638 980 5676 se
1001 5622 1349 5689 dissidebant,
1375 5637 1531 5696 atque
1553 5626 1606 5680 in
1627 5628 1796 5680 varias
1816 5643 1940 5697 par-

349 5720 428 5763 tes
456 5712 662 5781 seipsos
705 5712 1019 5778 diviserant,
1059 5725 1114 5770 et
1161 5726 1377 5786 propter
1403 5717 1699 5773 doctrinam
1737 5720 1935 5790 gloria-

351 5799 564 5873 bantur,
597 5813 862 5874 tamquam
895 5806 1107 5881 prOpria
1128 5807 1268 5862 illam
1301 5808 1556 5865 industria
1588 5811 1685 5866 sibi
1714 5826 1931 5882 compa-

963 362 1038 423 ἹΝ
1076 365 1300 436 ILLUD,
1339 367 1610 427 PAULUS
1650 369 1985 431 VOCATUS.
2028 372 2118 430 ET
2152 374 2245 431 BE
2283 371 2544 433 MUTAT.
2583 377 2915 437 NOMINUM.
2959 380 3046 436 IV.

3554 385 3664 444 156

2069 496 2300 554 rassent,
2330 503 2506 559 neque
2542 489 2758 544 coalitus
2801 505 2864 546 ac
2899 491 3077 546 divina
3127 505 3191 546 ex
3223 491 3391 562 gratia
3424 495 3661 549 veritatis

2066 577 2314 649 dogmata
2353 581 2699 650 recepissent,
2738 583 2922 637 volens
2960 597 3147 637 eorum
3175 588 3443 639 tumorem
3483 599 3546 638 ac
3579 585 3662 638 fa-

2067 678 2209 723 stum
2249 669 2568 740 reprimere,
2603 673 2782 726 statim
2810 688 2839 726 a
2869 673 3133 744 principio
3163 674 3398 744 seipsum
3430 682 3659 730 vocatum

2063 761 2371 830 appellavit,
2402 760 2507 816 hoc
2530 763 2917 832 propemodum
2941 764 3127 818 dicens
3152 785 3165 820 :
3189 763 3244 820 Si
3275 777 3377 836 ego
3405 767 3662 836 magister

2065 851 2194 906 nihil
2248 869 2365 908 mea
2424 855 2684 909 industria
2729 856 2998 920 adinveni,
3035 873 3209 927 neque
3251 857 3398 927 prior
3439 857 3552 925 ipSe
3596 857 3663 911 ad

2066 943 2231 998 Deum
2259 946 2486 1012 accessi,
2523 946 2618 1000 sed
2646 962 2767 1001 cum
2799 957 3020 1003 vocatus
3057 963 3254 1013 essem,
3289 957 3399 1002 tum
3440 947 3660 1002 demum

2063 1033 2206 1090 dicto
2245 1037 2468 1092 audiens
2511 1035 2602 1103 fui,
2636 1037 2903 1108 quomodo
2930 1054 3025 1093 vos
3068 1037 3336 1108 discipuli,
3380 1039 3577 1109 quique
3628 1055 3658 1091 a

2061 1143 2149 1182 me
2182 1127 2430 1198 dogmata
2475 1127 2778 1199 accepistis,
2823 1130 3104 1200 superbire
3149 1132 3392 1200 potestis,
3434 1131 3659 1201 perinde

2061 1220 2210 1288 quasi
2237 1220 2520 1276 adinventa
2549 1222 2665 1276 haec
2689 1238 2716 1274 a
2744 1222 2892 1276 vobis
2922 1222 3186 1277 fuissent?
3212 1223 3477 1289 Quocirca
3507 1223 3652 1292 prius

2060 1312 2220 1365 etiam
2248 1311 2457 1367 diccbat
2481 1311 2580 1369 illis
2609 1331 2622 1366 :
2653 1313 2776 1380 Quis
2807 1315 2936 1367 enim
2962 1323 3008 1368 te
3037 1314 3317 1368 discernit?
3339 1315 3462 1384 quid
3487 1326 3658 1368 autem

2061 1404 2231 1466 habes,
2277 1404 2414 1472 quod
2460 1422 2560 1458 non
2608 1403 2883 1474 accepisti?
2932 1405 2991 1459 Si
3030 1416 3197 1458 autem
3237 1406 3492 1476 accepisti,
3531 1405 3653 1476 quid

2059 1492 2317 1564 gloriaris,
2341 1495 2485 1563 quasi
2516 1511 2615 1548 non
2643 1496 2898 1564 acceperis
2931 1496 3007 1564 (l.
3029 1494 3150 1549 'Cor.
3182 1496 3236 1549 4.
3269 1495 3363 1566 7)?

2130 1583 2310 1637 Prima
2340 1587 2421 1640 lex
2449 1586 2768 1641 humilitatis.
2787 1617 2859 1627 —
2879 1587 3022 1642 Nihil
3047 1588 3204 1657 igitur
3230 1587 3372 1641 aliud
3402 1597 3483 1642 est
3513 1587 3653 1644 istud

2059 1675 2372 1731 voeabulum
2411 1675 2649 1743 Vocatus,
2684 1678 2782 1733 nisi
2815 1678 3097 1749 disciplina
3138 1678 3454 1733 humilitatis
3485 1689 3539 1734 et
3567 1679 3650 1733 fa-

2057 1775 2171 1819 stus
2210 1766 2487 1837 depressio
2522 1779 2576 1823 et
2601 1771 2778 1824 omnis
2808 1772 3129 1840 arrogantia:
3174 1771 3445 1841 repressio
3477 1787 3490 1825 :
3518 1769 3650 1826 nihil

2056 1855 2201 1909 enim
2241 1864 2324 1911 est
2361 1858 2500 1926 quod
2531 1873 2630 1913 nos
2658 1861 2731 1912 ita
2761 1860 3040 1914 continere
3083 1876 3146 1914 ac
3176 1862 3430 1916 cohibere
3459 1862 3647 1930 possit,

2057 1956 2114 2000 ut
2144 1947 2436 2012 humilitas,
2465 1958 2517 2003 et
2550 1949 2828 2004 moderate
2867 1965 3047 2020 agere,
3078 1967 3141 2005 ac
3173 1951 3475 2005 modestum
3505 1966 3651 2013 esse.

2055 2036 2291 2107 nihilque
2319 2039 2388 2094 de
2415 2054 2474 2093 se
2499 2053 2748 2110 magnum
2771 2041 2950 2094 animo
2981 2040 3202 2110 tingere.
3231 2041 3383 2108 Quod
3413 2050 3467 2096 et
3494 2041 3652 2096 Chri-

2055 2136 2170 2182 stus
2187 2128 2486 2200 intelligens
2511 2145 2574 2184 ac
2599 2131 2930 2201 spirituaiem
2953 2132 3097 2186 illam
3116 2131 3412 2186 doctrinam
3438 2132 3650 2187 tradere

2056 2218 2338 2289 incipiens,
2377 2235 2406 2274 a
2447 2219 2816 2276 cohortatione
2865 2221 2929 2274 ad
2978 2221 3333 2276 humilitatem
3371 2222 3516 2276 illam
3563 2222 3648 2276 in-

2054 2308 2294 2374 choavit,
2323 2319 2484 2380 atque
2511 2325 2572 2365 us
2610 2313 2858 2381 aperiens
2889 2312 3120 2381 primum
3163 2313 3282 2366 tulit
3307 2312 3444 2366 hanc
3471 2313 3646 2382 legem

2055 2401 2126 2454 ita
2162 2403 2347 2457 dicens
2376 2422 2388 2454 :
2417 2403 2560 2457 Beati
2586 2421 2830 2474 pauperes
2860 2405 3040 2475 spiritu
3065 2402 3279 2476 (Matth.
3313 2405 3364 2459 5.
3401 2405 3479 2474 3).
3513 2404 3646 2459 Nam

2053 2493 2500 2562 quemadmodum
2548 2494 2593 2548 is
2637 2495 2727 2565 qui
2782 2511 3002 2565 magnas
3044 2505 3098 2550 et
3142 2495 3450 2564 magnificas
3499 2495 3646 2550 ardes

2054 2583 2214 2639 fuerit
2239 2584 2617 2652 :edificaturus,
2640 2586 2963 2641 conveniens
2979 2585 3112 2656 jacit
3137 2585 3562 2651 fundamentum,
3589 2597 3646 2640 ut

2051 2691 2192 2742 eam,
2225 2692 2341 2747 qua:
2373 2687 2560 2747 postea
2591 2678 2916 2747 imponetur,
2943 2677 3140 2732 molem
3171 2679 3310 2732 ferre
3341 2678 3508 2747 possit
3533 2695 3546 2730 :
3571 2679 3643 2732 ita

2055 2771 2304 2824 nimirum
2334 2771 2493 2824 etiam
2529 2770 2794 2838 Christus,
2828 2785 2950 2825 cum
2983 2772 3170 2840 ingens
3200 2769 3331 2824 illud
3356 2769 3641 2825 aedilicium

2055 2859 2407 2930 philosophia:
2437 2860 2488 2914 in
2537 2861 2746 2915 illorum
2778 2861 3058 2915 animabus
3087 2860 3340 2930 erigeret,
3370 2868 3643 2931 tamquam

2053 2949 2480 3016 fundamentum,
2507 2961 2562 3006 et
2590 2953 2825 3007 carinam
2855 2961 2911 3006 et
2937 2952 3105 3006 basim
3138 2952 3344 3005 firmam
3373 2961 3426 3006 et
3451 2952 3648 3006 immo-

2051 3041 2236 3107 bilem,
2271 3043 2700 3097 cohortationem
2755 3044 3066 3098 humilitatis
3107 3043 3256 3113 ponit
3297 3043 3476 3112 prius;
3521 3059 3642 3098 cum

2051 3135 2220 3204 probe
2241 3137 2469 3201 noverit,
2500 3145 2779 3206 postquam
2805 3135 2922 3190 lucc
2946 3135 2998 3189 in
3035 3135 3339 3188 auditorum
3374 3135 3647 3190 mentibus

2050 3227 2258 3282 radices
2296 3227 2488 3297 egerit,
2524 3226 2726 3297 reliqua
2764 3227 2944 3281 omnia
2972 3225 3226 3280 virtutum
3249 3241 3446 3296 genera
3474 3226 3644 3280 rediti-

2051 3321 2160 3374 cari
2193 3330 2306 3375 tuto
2345 3335 2523 3390 posse.
2557 3320 2625 3376 Ut
2669 3321 2828 3386 igitur
2858 3320 2901 3376 si
2943 3320 3058 3375 haec
3087 3320 3336 3385 defuerit,
3369 3320 3493 3374 licet
3523 3319 3647 3374 reli-

2051 3426 2184 3480 quas
2213 3426 2401 3467 omnes
2427 3413 2651 3466 virtutes
2679 3413 2796 3481 quis
2818 3426 2980 3482 opere
3009 3410 3127 3481 ipso
3151 3410 3422 3475 exhibeat,
3447 3409 3646 3464 frustra

2050 3512 2105 3558 et
2130 3503 2398 3558 incassum
2426 3519 2489 3558 ac
2537 3504 2654 3558 sine
2683 3503 2792 3558 ullo
2823 3502 2996 3556 fructu
3035 3503 3246 3557 labores
3275 3501 3532 3572 suscepit,
3568 3502 3644 3555 illi

2051 3595 2366 3664 persimilis,
2420 3593 2511 3664 qui
2559 3595 2776 3649 domum
2826 3608 2977 3648 suam
3030 3609 3192 3663 super
3238 3607 3457 3647 arenam
3509 3608 3643 3646 con-

2049 3689 2264 3755 struxit,
2297 3689 2386 3759 qui
2420 3688 2659 3743 laborcm
2689 3687 2902 3758 quidem
2929 3685 3238 3752 exantlavit,
3270 3695 3528 3756 qumstum
3549 3700 3646 3738 au-

2051 3790 2160 3836 tem
2187 3782 2387 3836 nullum
2413 3780 2560 3847 fecit,
2591 3789 2871 3850 propterea
2906 3777 3048 3848 quod
3079 3778 3289 3832 firmum
3318 3777 3641 3832 fundamen-

2051 3881 2162 3926 tum
2212 3872 2430 3926 tninime
2463 3872 2594 3942 jecit
2636 3869 2850 3941 (Matth.
2902 3869 2954 3922 7.
3005 3869 3095 3922 26.
3127 3869 3220 3939 27)
3249 3886 3262 3921 :
3296 3869 3367 3923 ita
3405 3868 3646 3937 quiSquis

2048 3966 2253 4035 absque
2283 3965 2584 4019 humilitate
2615 3963 2825 4034 quidvis
2856 3962 2978 4016 boni
3009 3962 3229 4031 peragit,
3263 3963 3441 4016 omnia
3470 3961 3646 4031 perdit

2048 4073 2113 4113 ac
2134 4057 2377 4113 destruit.
2409 4057 2776 4111 Humilitatem
2805 4064 2982 4110 autem
3003 4053 3143 4120 dico,
3175 4071 3279 4108 non
3306 4070 3423 4110 eam
3445 4069 3564 4124 qua:
3587 4055 3640 4108 in

2048 4148 2245 4214 verbis,
2276 4162 2449 4218 neque
2473 4160 2594 4217 qua:
2635 4147 2687 4200 in
2734 4145 2931 4216 lingua,
2959 4145 3056 4200 sed
3089 4160 3209 4215 quae
3252 4145 3303 4198 in
3350 4153 3552 4210 mente,
3585 4144 3639 4198 in

2050 4239 2248 4305 anima,
2293 4239 2347 4293 in
2390 4237 2717 4293 conscientia
2747 4237 2848 4292 sita
2883 4245 2985 4302 est,
3035 4252 3194 4306 quam
3240 4235 3384 4290 solus
3417 4251 3643 4290 cernere

2050 4333 2192 4388 Deus
2222 4341 2415 4404 potest.
2447 4330 2655 4387 Sufficit
2681 4329 2843 4384 unum
2869 4328 3009 4383 istud
3039 4329 3260 4398 bonum,
3291 4327 3336 4381 si
3358 4328 3440 4382 vel
3468 4329 3640 4382 solum

2050 4441 2423 4497 smpcnumero
2469 4433 2747 4495 appareat,
2790 4433 2846 4478 ut
2887 4422 3173 4493 propitium
3217 4421 3384 4474 Deum
3430 4419 3639 4474 reddat.

2050 4519 2226 4589 Atque
2266 4518 2369 4572 hoc
2398 4516 2710 4586 publicanus
2727 4514 3003 4569 ostendit:
3033 4513 3122 4583 qui
3164 4528 3284 4566 cum
3318 4511 3440 4566 boni
3473 4511 3636 4566 habe-

2049 4621 2132 4666 ret
2171 4610 2321 4673 nihil,
2361 4623 2536 4678 neque
2585 4617 2731 4661 recte
2771 4605 2923 4659 lactis
2968 4604 3188 4674 insignis
3229 4613 3410 4673 posset
3445 4602 3636 4670 videri,

2048 4717 2167 4758 cum
2199 4698 2539 4756 solummodo
2581 4697 2830 4763 dixisset,
2865 4694 3132 4764 Propitius
3159 4707 3262 4750 esto
3302 4695 3428 4749 mihi
3458 4712 3634 4768 pecca-

2049 4794 2146 4848 tori
2178 4791 2327 4866 (Luc.
2356 4790 2444 4846 18.
2474 4791 2588 4862 15),
2621 4790 2797 4859 potius
2817 4803 2976 4858 quam
3000 4787 3639 4858 Pharisznusjustilicatns

2048 4884 2346 4948 descendit,
2380 4883 2592 4937 tametsi
2633 4896 2741 4935 non
2782 4880 3096 4934 humilitatis
3137 4889 3292 4934 erant
3335 4881 3423 4934 illa
3451 4881 3637 4948 verba,

2047 4977 2142 5034 sed
2170 4976 2446 5031 modestia:
2479 4983 2532 5029 et
2563 4973 2829 5043 aequitatis
2861 4980 3084 5026 tantum.
3114 4970 3386 5042 Siquidem
3419 4971 3638 5026 humili-

2050 5070 2174 5125 tatis
2204 5075 2308 5130 est,
2340 5081 2460 5120 cum
2491 5065 2609 5134 quis
2656 5078 2966 5134 magnarum
2997 5077 3027 5116 a
3074 5077 3133 5116 se
3159 5071 3429 5132 gestarum
3456 5079 3636 5118 rerum

2047 5163 2296 5221 conscius
2341 5161 2471 5214 nihil
2499 5159 2568 5214 de
2613 5173 2672 5214 se
2704 5155 3043 5228 magnificum
3088 5157 3270 5210 animo
3297 5155 3448 5226 lingit
3477 5174 3489 5210 :
3516 5171 3634 5209 mo-

2045 5256 2215 5312 destia
2245 5267 2375 5308 vero
2403 5261 2458 5306 et
2475 5251 2718 5321 arquitas,
2747 5248 2956 5311 cumis,
2981 5248 3068 5317 qui
3098 5256 3344 5317 peccator
3364 5255 3466 5309 est,
3495 5245 3636 5299 istud

2048 5351 2220 5420 ipsum
2243 5345 2460 5400 fatetur.
2485 5343 2636 5412 Quod
2666 5342 2710 5396 si
2743 5342 2808 5407 is,
2841 5341 2930 5411 qui
2963 5340 3090 5394 nihil
3119 5355 3149 5392 a
3179 5355 3237 5392 se
3268 5339 3391 5392 boni
3417 5346 3625 5408 gestum

2048 5449 2288 5504 noverat,
2317 5439 2570 5509 quoniam
2604 5435 2656 5490 id
2684 5435 2825 5505 quod
2854 5442 2969 5488 erat
3007 5428 3283 5485 confessus
3307 5440 3404 5492 est,
3434 5429 3504 5482 ita
3531 5430 3630 5482 sibi

2047 5533 2140 5589 Dei
2184 5530 2607 5586 benevolentiam
2647 5524 2985 5581 conciliavit:
3018 5530 3268 5591 quautam
3323 5519 3463 5588 apud
3503 5536 3626 5574 cum

1965 5617 2002 5652 κί’
2045 5623 2290 5680 fiduciam
2342 5619 2660 5677 obtinebunt
2701 5617 2756 5683 ii,
2789 5614 3025 5684 quicum
3067 5610 3230 5664 multa
3269 5624 3365 5664 sua
3412 5621 3634 5679 possent

2043 5727 2468 5772 commemorare
2516 5708 2771 5782 prteclara
2821 5705 3075 5767 facinora,
3121 5700 3335 5755 illorum
3388 5700 3629 5755 omnium

2049 5807 2199 5862 obliti
2255 5819 2373 5862 sese
2431 5803 2482 5858 in
2539 5811 2818 5856 numerum
2859 5793 3139 5865 rejeccrint
3195 5794 3631 5864 postremorum?
