4086 6422
509 355 611 412 153

498 494 658 566 Quod
689 496 871 567 utique
905 494 1100 550 Paulus
1145 509 1356 564 quoque
1397 492 1520 548 fecit
1553 511 1565 548 :
1595 509 1718 549 cum
1747 495 1892 551 enim
1919 495 2096 566 justo-

503 603 622 642 rum
653 588 890 641 omnium
921 586 1120 654 primus
1151 594 1312 644 esset.
1353 585 1581 654 primum
1627 600 1686 641 se
1725 601 1846 642 esse
1884 587 2098 645 dicebat

500 685 844 748 peccatorum
889 675 964 748 (1.
1004 675 1135 729 Tim.
1165 678 1218 731 1.
1249 675 1375 746 15);
1422 691 1597 746 neque
1643 677 1854 732 dicebat
1899 679 2096 743 solum,

502 769 597 823 sed
643 775 698 823 et
723 767 994 833 credebat,
1027 783 1148 821 cum
1176 783 1204 820 a
1254 778 1590 838 pneceptore
1619 769 1917 836 didicisset,
1951 782 2099 842 post-

503 875 659 929 quam
684 858 862 913 omnia
887 857 1189 924 fecerimus,
1217 859 1413 914 debere
1435 875 1534 914 nos
1555 875 1740 915 servos
1763 862 1974 918 inutiles
2000 879 2098 918 nos

504 966 696 1004 vocare
725 948 874 1022 (Luc.
908 952 994 1005 17.
1036 952 1143 1020 10).
1175 951 1318 1007 Istud
1350 963 1433 1007 est
1461 952 1752 1021 humilitas,
1781 955 1941 1009 istum
1973 956 2092 1010 imi-

496 1041 688 1096 temini
736 1043 827 1112 qui
877 1054 1021 1098 recte
1072 1044 1225 1098 factis
1273 1044 1510 1114 insignes
1555 1047 1706 1112 estis,
1748 1047 2094 1118 publicanum

497 1150 624 1190 vero
654 1151 749 1191 vos
778 1137 866 1206 qui
915 1147 1252 1207 peccatorum
1293 1138 1433 1206 pleni
1465 1137 1595 1192 estis
1615 1155 1628 1190 :
1652 1147 1706 1192 et
1740 1139 2098 1193 confiteantur

495 1228 638 1298 quod
692 1243 898 1291 sumus.
939 1230 1302 1297 percutiamus
1333 1239 1538 1298 peetus,
1575 1239 1630 1285 et
1676 1231 1842 1286 menti
1896 1241 2095 1286 nostrae

495 1320 936 1388 persuadeamus,
973 1329 1034 1375 ut
1069 1320 1200 1375 nihil
1245 1337 1496 1392 magnum
1533 1321 1600 1377 de
1640 1337 1698 1377 se
1724 1323 2009 1392 concipiat.
2037 1321 2093 1378 Si

488 1413 635 1466 enim
677 1413 750 1467 ita
777 1411 1037 1467 fuerimus
1063 1412 1262 1479 affecti,
1293 1413 1491 1467 sufficit
1523 1414 1624 1468 hoc
1655 1414 1809 1468 nobis
1847 1413 1912 1468 ad
1941 1414 2093 1469 obla-

491 1505 690 1560 tionem
711 1516 764 1560 et
790 1506 1112 1561 sacrificium
1139 1523 1153 1560 :
1186 1509 1322 1562 sicut
1351 1516 1408 1562 et
1432 1507 1596 1562 David
1628 1507 1838 1562 dicebat
1865 1525 1880 1562 :
1914 1507 2092 1563 Sacri-

481 1594 664 1658 ﬁcium
695 1596 798 1651 Deo
825 1599 1034 1669 spiritus
1062 1601 1474 1662 contribulalus;
1499 1616 1587 1652 cor
1614 1599 1887 1652 contritum
1913 1610 1960 1654 et
1997 1602 2094 1654 Itu-

490 1691 742 1744 miliatum
773 1691 910 1746 Deus
939 1710 1039 1746 non
1068 1692 1308 1763 despiciet
1344 1691 1516 1764 (Psal.
1549 1693 1637 1748 50.
1671 1691 1780 1761 19).
1817 1692 1932 1747 Non
1959 1693 2090 1747 sim-

493 1784 702 1854 pliciter
741 1785 880 1839 dixit
921 1787 1244 1840 humiliation
1273 1829 1288 1852 ,
1337 1787 1429 1841 sed
1483 1797 1539 1841 et
1593 1790 1901 1852 contritum;
1942 1788 2085 1857 quod

488 1875 637 1930 enim
690 1887 772 1930 est
820 1880 1129 1944 contritum,
1183 1878 1516 1933 confractum
1565 1889 1688 1934 est:
1726 1894 1899 1949 neque
1945 1879 2090 1934 enim

491 1976 690 2035 potest,
737 1971 1082 2036 quantumvis
1122 1971 1320 2038 cupiat,
1371 1971 1570 2026 efferri.
1613 1971 1686 2026 lta
1733 1987 1830 2026 nos
1877 1986 2092 2042 quoque

490 2073 601 2113 nou
626 2059 965 2117 lmmiliemus
995 2073 1198 2118 tantum
1231 2065 1462 2118 animam
1495 2073 1755 2131 nostram,
1781 2065 1877 2121 sed
1906 2077 2089 2122 conte-

535 2266 690 2275 .—--~--~-
717 2262 2410 2277 —;r'"'—""'__-———————_—-—~———-———-—_—————A—
2447 2272 2462 2275 —
2503 2273 2508 2275 -
2541 2271 2570 2275 ‹-
2591 2271 2650 2274 ———~
2679 2272 2688 2274 ~

1236 359 1293 414 S.
1333 357 1612 415 JOANNIS
1649 357 2129 416 CHRYSOSTOMI
2169 362 2494 450 ARCHIEP‘.
2533 368 3076 430 CONSTANTINOP.

3714 391 3811 445 155

2209 514 2388 554 ramus
2433 500 2592 556 etiam
2639 512 2692 557 et
2743 520 3164 577 compungamus
3198 526 3212 564 :
3241 514 3543 576 conteritur
3591 527 3810 588 autem,

2207 593 2332 647 dum
2363 608 2579 648 suorum
2613 608 2870 666 perpetuo
2902 611 3248 669 peccatorum
3281 607 3618 664 recordatur.
3647 609 3706 664 Si
3742 612 3810 670 ita

2205 684 2348 739 illam
2385 687 2863 756 humiliaverimus,
2901 705 2968 746 ne
3013 692 3056 745 si
3085 693 3214 747 velit
3259 696 3474 765 quidem
3526 700 3578 753 in
3611 716 3804 771 super-

2206 777 2344 832 biam
2373 780 2501 850 erigi
2536 783 2749 851 poterit,
2780 782 2905 838 dum
2933 800 2962 838 a
2993 789 3319 844 conscientia
3355 800 3622 865 tamquam
3650 794 3811 852 freno

2202 869 2434 938 quodam
2481 886 2749 941 correpta,
2799 890 2865 929 ne
2904 892 2963 930 se
3009 879 3202 948 erigat,
3250 883 3591 952 reprimetur,
3635 896 3688 942 et
3741 889 3807 943 ad

2204 963 2523 1020 modestiam
2567 969 2883 1022 servandam
2928 970 2982 1024 in
3027 974 3275 1028 omnibus
3303 979 3680 1045 compelletur.
3729 981 3805 1036 lta

2205 1057 2498 1125 poterimus
2535 1067 2588 1112 et
2632 1061 2772 1129 apud
2824 1061 2989 1116 Deum
3026 1065 3249 1132 gratiam
3284 1066 3565 1124 invenire:
3599 1071 3809 1137 Quanto

2201 1151 2343 1204 enim
2383 1153 2548 1222 major
2584 1169 2656 1217 es,
2693 1153 2880 1224 inquit,
2927 1165 3067 1210 tanta
3111 1160 3272 1228 magis
3301 1161 3516 1231 teipsum
3563 1163 3804 1231 humilia,

2201 1249 2247 1294 et
2276 1243 2494 1296 invenies
2529 1245 2747 1314 gratiam
2789 1246 2932 1314 apud
2971 1245 3135 1301 Deum
3164 1250 3349 1322 (Eccii.
3390 1254 3443 1308 5.
3477 1253 3592 1327 20).
3627 1257 3803 1314 Porro

2200 1336 2288 1404 qui
2317 1337 2538 1406 gratiam
2567 1336 2706 1408 apud
2739 1338 2901 1393 Deum
2935 1339 3222 1408 invenerit,
3275 1345 3405 1400 nihil
3447 1350 3643 1404 sentiet
3684 1367 3804 1406 mo-

2201 1427 2394 1494 lestae,
2427 1428 2521 1482 sed
2551 1439 2606 1483 et
2636 1429 2687 1482 iu
2720 1429 2820 1484 hac
2847 1432 2951 1484 vita
2978 1435 3178 1501 poterit
3206 1449 3327 1490 cum
3358 1437 3448 1492 Dei
3471 1441 3641 1508 gratia
3669 1457 3806 1497 cun-

2200 1527 2286 1572 cta
2321 1517 2408 1571 illa
2456 1519 2684 1574 adversa
2734 1519 2890 1577 facile
2930 1525 3278 1592 pertransire,
3325 1542 3386 1581 ac
3435 1531 3704 1599 repositas
3749 1533 3804 1589 in

2199 1607 2364 1662 altera
2397 1609 2502 1664 vita
2536 1613 2906 1680 peccatoribus
2947 1630 3135 1684 pinnas
3177 1616 3433 1687 effugere,
3467 1623 3807 1690 [incedente

2201 1701 2394 1768 ubique
2437 1703 2605 1772 gratia
2637 1703 2750 1769 Dei,
2795 1715 2849 1758 et
2895 1707 3074 1760 omnia
3122 1709 3193 1761 illi
3225 1711 3452 1778 propitia
3496 1721 3549 1768 et
3587 1714 3799 1783 placida

2199 1794 2460 1849 reddente
2494 1813 2506 1848 :
2535 1813 2692 1864 quam
2723 1797 2924 1851 utinam
2955 1814 3145 1853 omnes
3171 1801 3418 1857 obtinere
3449 1807 3720 1872 possimus
3751 1807 3805 1862 in

2196 1883 2413 1939 Christo
2438 1885 2567 1940 Jesu
2601 1887 2826 1942 Domino
2875 1898 3085 1953 nostro,
3132 1905 3229 1960 per
3255 1907 3412 1962 quem
3441 1903 3495 1948 et
3533 1909 3658 1950 cum
3691 1913 3799 1967 quo

2201 1975 2345 2029 Patri
2375 1977 2566 2046 gloria,
2600 1995 2702 2032 una
2747 1995 2867 2033 eum
2898 1991 3084 2035 sancto
3119 1981 3342 2052 Spiritu,
3377 2001 3515 2042 nunc
3543 1995 3602 2044 et
3645 2003 3798 2044 sem-

2198 2081 2317 2138 per,
2342 2078 2399 2124 et
2422 2069 2476 2122 in
2507 2070 2703 2124 saecula
2732 2071 3074 2126 saeculorum.
3109 2074 3301 2128 Amen.

2614 2286 3391 2296 -—_———.——.—.————_—~
3407 2289 3466 2297 ..-
3491 2289 3508 2294 ο

1954 2489 2317 2550 MONITUM

597 2663 813 2724 Nullam
848 2670 963 2726 haec
1004 2673 1193 2728 concio
1224 2689 1336 2744 prae
1369 2681 1426 2730 se
1461 2673 1565 2730 fert
1599 2676 1857 2745 temporis
1895 2684 2101 2740 notam,
2133 2689 2240 2744 qua
2277 2673 2361 2729 vel
2389 2688 2564 2728 annus
2585 2672 2918 2743 deprehendi
2945 2673 3028 2727 vel
3055 2669 3354 2725 internosci
3379 2669 3558 2725 valeat
3583 2667 3776 2723 Antio-

525 2785 736 2842 chizene
799 2803 868 2843 an
901 2787 1373 2862 Constantinopoli
1405 2791 1588 2846 habita
1621 2791 1803 2848 fuerit.
1835 2793 2100 2846 Caeterum
2131 2807 2321 2847 omnes
2351 2791 2476 2863 styli
2503 2801 2647 2846 notae
2685 2791 2772 2846 hic
2809 2790 3267 2860 Cbrysostomum
3306 2796 3584 2842 auctorem
3633 2785 3786 2840 desi-

531 2903 733 2966 gnant;
769 2905 830 2952 ut
868 2898 1065 2953 tnirum
1098 2901 1170 2955 sit
1202 2902 1382 2954 virum
1413 2901 1633 2956 doctum
1661 2912 1714 2957 et
1747 2914 2064 2957 accuratum
2102 2901 2479 2958 Hermantium
2521 2919 2640 2959 eam
2686 2903 2740 2957 in
2781 2901 2993 2966 νοθείας
3029 2901 3399 2974 suspicionem
3438 2913 3638 2956 vocare
3674 2915 3788 2953 non

534 3001 896 3075 dubitavisse,
925 3023 1091 3078 quem
1125 3009 1248 3064 ideo
1269 3010 1394 3080 jure
1424 3009 1620 3066 refellit
1642 3009 2047 3079 Tillemontius,
2076 3021 2131 3068 et
2159 3013 2282 3081 styli
2303 3015 2630 3084 proprietate
2660 3021 2941 3081 permotus
2966 3021 3021 3067 et
3047 3011 3290 3080 Catalogi
3318 3011 3622 3083 Augustani
3657 3025 3788 3081 per-

495 3224 713 3240 *ἡξ-

736 3230 1050 3238 ..υ------ν---Δ

1051 3233 3815 3258 W

487 3314 554 3361 IN
599 3320 840 3366 DICTUM
872 3324 1059 3366 ιιιυι)
1088 3326 1410 3382 ΑΡοεΤοιῐ,
1457 3324 1582 3369 NON
1612 3325 1816 3370 SOLUM
1847 3326 2088 3376 AUTEM,
2135 3325 2254 3368 εει)
2298 3326 2379 3368 ΕΤ
2421 3326 2793 3370 (διοιιιΑΜυιι
2837 3328 2902 3370 IN
2931 3329 3528 3388 TBIBULATIONIBUS,
3577 3334 3811 3378 SCIEN-

823 3425 934 3467 TES
961 3426 1132 3478 QUOD
1175 3427 1561 3470 TRIBULATIO
1605 3427 1996 3470 ΡΔΤῘΕΝΤΙΔΜ
2040 3426 2088 3468 Ο]

2196 3426 2378 3468 ιΑΤυιι
2415 3407 2434 3488 (
2468 3409 2644 3469 Rom.
2693 3409 2752 3470 5.
2785 3410 2901 3492 3),
2949 3430 3031 3473 ετ
3073 3432 3348 3485 ιιιῖιιρυΑ
3381 3414 3492 3495 (a).

1934 3552 2350 3607 θῖνζῇεθθΕΕ-«ν

568 3674 619 3729 1.
661 3672 882 3729 Labore:
913 3693 1004 3746 pro
1035 3678 1217 3731 virtute
1237 3677 1504 3733 subeundi.
1536 3709 1608 3718 —
1633 3677 1984 3734 Laboriosum
2007 3685 2090 3731 est

495 3765 709 3835 quidem
751 3769 1001 3836 agricolze
1041 3769 1204 3824 boves
1239 3772 1486 3840 jungere,
1529 3785 1803 3826 vomerem
1850 3769 2085 3834 trahere,

490 3857 699 3910 sulcum
726 3858 942 3924 ducere,
975 3863 1178 3916 semina
1217 3878 1492 3933 spargere,
1528 3862 1951 3935 hyementferre,
1997 3862 2090 3918 fri-

490 3965 588 4019 gus
616 3951 864 4018 tolerare,
899 3952 1094 4007 fossam
1120 3955 1542 4021 circumducere,
1569 3957 1902 4026 ingruentem
1925 3971 2090 4025 aqua-

493 4057 612 4095 rum
647 4044 856 4112 capiam
889 4060 916 4097 a
967 4049 1096 4101 satis
1127 4064 1331 4114 arcere,
1370 4048 1648 4103 fluminum
1682 4051 1824 4119 ripas
1867 4051 2088 4105 altiores

491 4132 738 4200 reddere,
789 4149 852 4189 ac
883 4151 976 4203 per
1004 4139 1234 4192 medium
1266 4155 1450 4210 agrum
1496 4142 1870 4212 profundiores
1912 4142 2088 4196 sulcos

492 4223 689 4280 ducere
719 4243 732 4279 :
768 4226 861 4280 sed
903 4231 1016 4281 tunc
1060 4243 1304 4299 operosa,
1335 4247 1559 4303 qumque
1600 4235 1767 4289 multo
1798 4235 1980 4290 labore
2020 4235 2088 4288 il-

492 4317 602 4371 lum
628 4316 866 4388 fatigant,
901 4319 1033 4374 levia
1061 4321 1193 4375 fiunt
1235 4337 1298 4377 ac
1336 4322 1529 4390 facilia,
1562 4325 1688 4378 dum
1732 4341 1827 4396 spe
1856 4327 2088 4396 concipit

491 4421 728 4482 segetem
775 4421 1090 4470 vernantem
1139 4416 1393 4486 agricola,
1441 4417 1631 4474 falcem
1678 4428 1977 4486 cxacutam,
2023 4436 2087 4476 ac

490 4506 749 4572 repletam
801 4508 1090 4577 manipulis
1130 4525 1308 4564 aream
1346 4518 1399 4564 et
1443 4510 1618 4581 fruges
1663 4521 1919 4577 maturas,
1967 4528 2086 4583 qua:

495 4595 659 4648 multa
691 4610 813 4653 eum
861 4597 1042 4652 laetitia
1069 4599 1284 4655 domum
1313 4601 1644 4657 deferuntur.
1675 4603 1766 4659 Sic
1809 4612 1862 4659 et
1886 4605 2085 4675 guber-

495 4695 650 4739 nator
676 4689 832 4740 saavis
861 4689 1113 4744 audacter
1158 4707 1217 4746 se
1261 4692 1509 4749 (luctibus
1535 4696 1838 4762 committit,
1883 4706 2088 4766 tempe-

490 4789 680 4834 statem
728 4789 782 4835 et
811 4781 996 4837 furens
1027 4785 1240 4854 pelagus
1265 4800 1408 4854 saepe
1436 4789 1750 4855 contemnit,
1791 4798 1978 4843 ventos
2006 4790 2088 4844 in-

489 4873 732 4939 stabiles,
763 4877 996 4929 mariuas
1024 4880 1308 4947 procellas,
1341 4888 1395 4934 et
1416 4881 1597 4951 l0ngas
1627 4884 2084 4954 peregrinationes

490 4965 630 5019 ferre
657 4967 821 5033 novit,
855 4983 975 5023 cum
1003 4971 1241 5025 sarcinas
1278 4974 1534 5028 mercium
1563 4989 1744 5029 secum
1793 4985 2001 5045 reputat
2031 4987 2084 5032 et

480 5058 866 5128 negotiationis
895 5071 1101 5131 portus,
1133 5073 1186 5117 et
1217 5064 1506 5121 immensas
1546 5081 1676 5138 opes
1707 5068 1829 5124 inde
1863 5085 2083 5138 compa-

474 5150 684 5205 randas
709 5152 965 5207 intuetur.
995 5153 1102 5210 Nec
1123 5156 1277 5211 aliter
1306 5158 1458 5213 miles
1487 5158 1589 5213 fert
1617 5161 1854 5227 vulnera,
1880 5162 2085 5230 jaculn-

488 5259 604 5297 rum
632 5244 828 5300 nubem
845 5246 1060 5316 excipit,
1093 5250 1283 5303 fantem
1317 5253 1527 5317 tolerat,
1559 5253 1740 5323 frigus,
1774 5256 1958 5325 longas
1991 5271 2084 5324 pc-

489 5337 896 5408 regrinationes,
952 5349 1007 5395 et
1056 5341 1108 5395 in
1159 5344 1272 5398 acie
1323 5344 1598 5399 subeunda
1655 5347 1908 5415 pericula,
1955 5347 2080 5400 dum

491 5439 712 5500 tropaea,
755 5432 1028 5496 victorias,
1085 5444 1138 5488 et
1187 5450 1413 5490 coronas
1453 5450 1632 5490 secnm
1686 5447 1916 5507 reputat,
1961 5454 2080 5508 qua:

487 5521 610 5576 inde
641 5527 936 5593 pariuntur.
973 5529 1050 5581 Ad
1098 5529 1225 5599 quid
1273 5540 1451 5584 autem
1489 5529 1602 5586 haec
1633 5535 2079 5586 commemoravi-

491 5630 627 5680 mus,
663 5627 753 5671 aut
787 5621 910 5688 quid
943 5622 1055 5676 hzec
1090 5625 1331 5694 exempla
1362 5625 1461 5678 sibi
1495 5625 1716 5680 volunt?
1761 5626 1896 5680 llinc
1926 5625 2081 5680 nimi-

490 5718 611 5757 rum
638 5711 973 5764 occasionem
1017 5716 1254 5782 arripere
1289 5715 1486 5784 placuit
1527 5730 1620 5770 vos
1649 5716 1714 5770 ad
1755 5716 2076 5772 audiendum

549 5794 624 5850 (ω
650 5795 818 5846 τοιιιιιει
835 5813 946 5848 eum
964 5807 1066 5851 Mss.
1094 5807 1238 5864 Regio
1259 5807 1402 5866 2515,
1430 5811 1482 5856 cl
1496 5805 1770 5858 Colbertino
1789 5809 1866 5858 l9.

445 5387 460 5434 Ι

2197 3673 2538 3737 cohortandi,
2570 3684 2729 3743 atque
2773 3676 2839 3730 ad
2886 3676 3097 3732 labores
3137 3694 3233 3748 pro
3260 3679 3455 3736 virtute
3493 3681 3803 3740 subeundos

2203 3767 2480 3821 incitandi.
2515 3767 2647 3822 Nam
2689 3769 2732 3822 si
2769 3782 2986 3838 propter
3021 3785 3172 3840 spem
3200 3771 3524 3840 futurorum,
3550 3775 3712 3846 idque
3742 3789 3802 3832 ut

2197 3872 2385 3913 eorum
2412 3860 2606 3930 aliquis
2635 3876 2698 3916 ea
2730 3861 2868 3916 bona
2899 3863 3154 3933 consequi
3179 3864 3363 3934 possit,
3401 3881 3521 3936 qua:
3541 3883 3660 3922 cum
3699 3869 3800 3930 hac

2197 3949 2303 4003 vita
2346 3952 2620 4017 liniuntur,
2671 3951 2785 4006 hmc
2833 3953 2905 4006 illi
2937 3955 3235 4022 sustinent,
3283 3958 3454 4013 multo
3493 3960 3659 4029 magis
3705 3974 3800 4015 vos

2193 4051 2407 4112 Oportet
2458 4045 2510 4097 in
2565 4044 2830 4100 audiendo
2869 4060 3236 4115 perseverare,
3297 4059 3355 4104 ut
3403 4052 3663 4121 Spirituali
3702 4052 3799 4108 do-

2195 4132 2366 4186 ctrina
2411 4134 2745 4203 imbuantini,
2788 4151 2850 4190 ac
2879 4152 2972 4206 pro
3000 4138 3104 4192 vita
3130 4149 3327 4194 aeterna
3373 4156 3600 4210 pugnam
3633 4159 3800 4213 gene-

2191 4239 2319 4278 rose
2363 4224 2694 4296 sudoresque
2744 4228 2994 4283 tolerare.
3035 4228 3168 4284 Nam
3203 4230 3418 4285 illorum
3459 4233 3670 4302 quidem
3708 4235 3794 4288 in-

2195 4325 2342 4372 certa
2371 4333 2496 4388 spes
2539 4326 2622 4373 est
2649 4333 2713 4374 ac
2743 4322 3083 4390 temporaria,
3117 4332 3171 4377 et
3211 4339 3356 4394 stepe
3381 4325 3509 4379 dum
3553 4327 3664 4381 sola
3696 4343 3793 4382 ex-

2194 4410 2529 4478 spectatione
2558 4409 2844 4478 lactantur,
2886 4413 3048 4468 vitam
3096 4414 3305 4480 finitmt,
3352 4430 3448 4485 Spe
3477 4417 3691 4487 quidem
3734 4433 3794 4472 se

2191 4499 2547 4566 obiectantes,
2573 4502 2666 4556 sed
2691 4502 2850 4557 rebus
2874 4503 3002 4573 ipsis
3026 4504 3250 4560 necdum
3275 4509 3788 4578 appropinquantes,

2195 4595 2406 4648 tametsi
2440 4611 2632 4664 graves
2658 4597 2777 4650 illas
2803 4597 3145 4652 difficultates
3163 4599 3512 4655 exuntlarint.
3543 4601 3790 4671 Exempli

2191 4699 2371 4752 causa,
2406 4697 2525 4757 pust
2563 4688 2759 4741 multos
2786 4688 2908 4742 illns
2939 4689 3150 4744 labores
3197 4705 3260 4744 ac
3301 4691 3527 4746 sudores
3556 4693 3788 4762 agricola

2192 4792 2615 4848 nonntunquam,
2649 4779 2774 4833 dum
2799 4779 2986 4834 falcem
3017 4782 3246 4846 exacuit,
3277 4794 3332 4838 et
3361 4784 3426 4838 ad
3470 4799 3698 4839 messem
3731 4799 3789 4839 se

2192 4879 2490 4940 comparat,
2521 4871 2602 4924 vel
2629 4871 2867 4926 immissa
2899 4873 3151 4942 atrugine,
3183 4875 3263 4927 vel
3297 4875 3622 4930 locustarum
3651 4876 3789 4930 mul-

2193 4964 2440 5032 titudine,
2469 4965 2554 5020 vel
2583 4965 2864 5020 immodica
2895 4967 3071 5036 pluvia
3101 4968 3389 5034 incidente,
3424 4971 3625 5026 velalia
3647 4987 3780 5040 qua-

2193 5058 2333 5127 piam
2359 5059 2641 5128 importata
2662 5058 2966 5115 calamitate
2991 5075 3057 5116 ex
3079 5063 3218 5116 aeris
3248 5061 3584 5133 intemperie,
3611 5065 3791 5119 vacuis

2192 5152 2440 5206 manibus
2452 5152 2668 5206 domum
2697 5152 3002 5217 revertitur,
3033 5164 3313 5222 postquam
3339 5155 3548 5210 labores
3575 5155 3786 5226 quidem

2187 5245 2465 5313 sustinuit,
2498 5246 2591 5302 sed
2621 5247 2860 5316 speratis
2899 5244 3140 5316 frugibus
3170 5247 3386 5302 excidit.
3420 5248 3540 5302 Pari
3583 5249 3786 5303 ratione

2189 5340 2518 5408 gubernator
2569 5337 2696 5392 dum
2739 5338 2996 5392 mercium
3043 5339 3197 5409 capia
3247 5339 3478 5404 laetatur,
3537 5339 3784 5411 expansis

2191 5445 2380 5501 magna
2423 5448 2542 5486 cum
2571 5431 2842 5500 voluptate
2880 5432 3010 5485 velis
3039 5446 3160 5486 cum
3207 5431 3372 5486 multa
3419 5431 3586 5487 maria
3631 5431 3786 5486 fuerit

2189 5537 2460 5587 emensus,
2494 5523 2544 5576 in
2578 5523 2692 5590 ipso
2724 5538 2962 5592 perstepe
2990 5532 3174 5593 portus
3208 5524 3452 5594 ingressu
3482 5525 3564 5579 vel
3595 5539 3776 5578 occur-

2187 5625 2338 5671 rente
2355 5632 2488 5686 rupe
2517 5617 2600 5671 vel
2621 5619 2686 5670 ad
2707 5631 2894 5672 saxum
2925 5618 2976 5671 in
3006 5617 3141 5672 mari
3175 5619 3348 5672 latens
3374 5627 3468 5672 aut
3493 5617 3560 5671 ad
3592 5632 3786 5686 scopu-

2187 5710 2296 5762 lum
2325 5709 2556 5780 aliquem
2586 5709 2737 5764 allisa
2777 5709 2918 5776 navi,
2949 5724 3012 5764 ac
3049 5710 3326 5779 inapinato
3356 5711 3621 5779 ejusmodi
3651 5724 3783 5766 casn

2087 5813 2096 5821 '
2189 5803 2486 5873 perculsus,
2517 5804 2721 5860 cunctis
2749 5803 3015 5860 mercibus
3035 5803 3272 5874 amissis,
3312 5813 3433 5875 post
3460 5803 3664 5860 infinita
3696 5802 3784 5857 illa
