4086 6478
355 373 451 430 I55

361 488 631 561 Καθάπερ
673 490 770 544 οῦν
815 491 907 544 xui
947 493 976 544 ὁ
1026 493 1238 556 Παῦλος
1287 495 1548 564 ἐποίησε·
1593 495 1809 567 πρῶτος
1852 496 1962 566 γάρ

358 583 616 636 ἁπάντων
645 582 722 636 ὢν
751 583 861 636 τῶν
891 584 1131 641 δικαίων.
1169 585 1386 657 πρῶτον
1421 587 1612 641 ὲαυτδν
1651 587 1758 640 τῶν
1786 589 1966 658 ἀμαρ-

356 671 545 724 τωλῶν
573 672 762 742 ἔλεγεν
814 671 988 729 εἶναι·
1033 677 1134 730 οὑκ
1166 676 1318 746 ἔλεγε
1374 679 1431 731 δὲ
1480 679 1660 749 μόνον,
1707 679 1840 731 ἀλλά
1869 683 1963 734 xui

357 763 652 817 ἐπέπειστο
693 766 842 839 παρὰ
872 766 966 820 τοῦ
1003 768 1333 822 Διδασκάλου
1379 768 1590 839 μαθὼν,
1633 769 1714 822 ὅτι
1739 769 1874 840 μετὰ
1905 769 1964 822 τὸ

358 854 538 908 πάντα
577 856 802 927 ποιῆσαι
832 855 1082 926 ἀχρείους
1113 858 1594 923 δούλουςέαυτοὺς
1621 859 1726 930 χρὴ
1751 859 1958 912 καλεῖν.

357 943 527 996 Τοῦτό
588 947 704 998 ἐστι
765 947 1271 1020 ταπεινοφροσύνη,
1327 949 1516 1002 τοῦτον
1578 948 1857 1019 ζηλώσατε
1910 949 1960 1003 οἰ

357 1032 764 1104 κατορθώματα
794 1035 1028 1107 ἔχοντες,
1059 1038 1150 1090 τὸν
1174 1039 1230 1091 δὲ
1251 1039 1491 1110 τελώνην
1525 1042 1683 1111 ὑμεῖς
1708 1041 1757 1093 οἱ
1787 1042 1961 1112 ἁμαρ-

354 1127 616 1195 τημάτων
648 1127 933 1197 γέμοντες,
981 1130 1075 1183 κρῖ
1128 1131 1482 1203 ὁμολογῶμεν
1538 1135 1726 1204 ὥσπερ
1772 1134 1958 1203 ἐσμὲν,

357 1217 452 1269 xui
479 1217 539 1269 τὸ
575 1218 768 1287 στῆθος
804 1219 1148 1292 πλήττωμεν,
1177 1224 1271 1275 καὶ
1296 1223 1394 1293 τὴν
1411 1224 1648 1278 διάνοιαν
1682 1225 1960 1296 πείθωμεν

360 1310 526 1380 μηδὲν
580 1312 721 1380 μέγα
753 1313 880 1383 περὶ
903 1314 1112 1368 ἑαυτῶν
1140 1316 1636 1385 φαντάζεσθαι.“Αν
1661 1318 1768 1389 γὰρ
1788 1318 1960 1383 οὕτως

355 1395 507 1471 ὦμεν
558 1403 911 1474 διακείμενοι,
963 1407 1126 1478 ἀρκεῖ
1173 1407 1330 1462 τοῦτο
1361 1411 1493 1478 ἡμῖν
1517 1412 1598 1473 εἰς
1641 1410 1958 1482 προσφορὰν

357 1493 449 1544 καί
480 1493 671 1547 θυσίαν
695 1509 710 1521 ·
741 1496 993 1568 καθάπερ
1043 1500 1136 1552 xui
1170 1502 1198 1552 ό
1228 1499 1394 1554 Δαυῒδ
1435 1501 1590 1570 ἔλεγε
1614 1519 1629 1534 ο
1654 1503 1847 1556 Θυσία
1879 1502 1959 1568 τῷ

358 1585 479 1649 Θεῷ
506 1587 743 1656 πνεῦμα
767 1591 1296 1661 συντετριμμένον-ο
1326 1593 1579 1660 καρδίαν
1607 1610 1957 1663 συντετριμ-

351 1679 550 1746 μένην
587 1680 686 1733 καί
720 1683 1238 1752 τεταπεινωμένην
1258 1688 1290 1738 ό
1315 1686 1461 1751 Θεὸς
1490 1688 1602 1740 οὐκ
1625 1685 1955 1750 ἐξουδενιὸ-

355 1784 467 1822 σει.
522 1771 634 1841 Ούχ
669 1772 858 1837 ἅπλῶς
899 1771 1020 1828 εἶπε
1071 1775 1624 1845 τεταπεινωμένην,
1675 1777 1813 1831 ἀλλὰ
1854 1780 1950 1830 καὶ

354 1864 904 1933 συντετριμμένην
957 1867 1018 1920 τὸ
1041 1868 1149 1938 γὰρ
1187 1868 1668 1939 συντετριμμένον,
1705 1870 1800 1922 xui
1837 1869 1954 1920 διαο

356 1951 768 2024 κεκλασμένον”
828 1957 948 2010 οὑδὲ
980 1957 1110 2028 γάρ,
1162 1958 1256 2010 ὲάν
1310 1958 1589 2029 βούληται,
1649 1959 1954 2031 ἐπαρθῆναι

354 2042 595 2098 δύναται.
628 2047 783 2101 Οῦτω
803 2048 866 2119 δὴ
923 2049 1016 2102 xui
1046 2051 1208 2120 ἡμεῖς
1250 2050 1324 2118 μὴ
1348 2048 1772 2119 ταπεινώσωμεν
1798 2043 1955 2120 μόνον

352 2134 451 2208 τὴν
480 2133 657 2207 ψυχὴν
680 2136 779 2207 τὴν
818 2139 1112 2210 ἡμετέραν,
1153 2138 1291 2191 ἀλλὰ
1318 2139 1413 2192 xui
1449 2138 1830 2210 συντρίψωμεν
1865 2143 1958 2194 xui

1415 387 1500 440 DE
1539 387 1788 443 GLORIA
1830 389 1899 444 IN
1939 391 2589 454 TRIBL‘LATIONIBUS.

3559 391 3660 442 156

2069 498 2484 569 κατανύξωμεν·
2527 500 2871 570 συντρίϐεται
2909 501 2964 554 δὲ
2992 500 3208 556 οἰκείων
3247 503 3664 574 ἁμαρτημάτων

2070 592 2394 662 μεμνημένη
2413 592 2671 663 συνεχῶς.
2695 594 2791 646 Ἂν
2817 593 2992 657 οὕτως
3016 594 3188 665 αὑτὴν
3212 594 3662 667 ταπεινὼσωμεν,

2064 683 2185 736 οὐδὲ
2237 682 2539 754 βουλομένη
2599 685 2735 755 πρὸς
2791 684 2962 755 τῦφον
3014 685 3312 754 ἀναστῆναι
3353 687 3660 758 δυνήσεται,

2066 775 2255 848 ὥσπερ
2275 777 2418 840 τινὸς
2448 778 2666 848 χαλινοῦ
2716 778 2809 832 τοῦ
2840 778 2992 852 [MO]
3021 779 3320 843 συνειδότος
3352 781 3662 851 ἐπιλαμϐαο

2065 869 2289 938 νομένου
2319 870 2729 943 διεγειρομένης
2755 871 2946 941 αὐτῆς,
2969 872 3062 925 xui
3086 871 3540 936 καταστέλλοντος
3568 874 3661 927 xui

2065 961 2341 1027 πείθοντος
2410 964 2724 1034 μετριάζειν
2765 966 2822 1016 ἐν
2877 964 3100 1018 ἅπασιν.
3129 963 3283 1018 Οὑτω
3317 965 3662 1036 δυνησόμεθα

2063 1052 2215 1124 παρὰ
2247 1054 2324 1124 τῷ
2352 1053 2470 1124 Θεῷ
2491 1055 2585 1108 xui
2616 1055 2774 1127 χάριν
2797 1056 2975 1126 εὑρεῖν
2995 1071 3008 1086 ·
3041 1058 3197 1124 Ὄσῳ
3228 1061 3336 1126 γὰρ
3364 1057 3558 1126 μέγας
3583 1052 3656 1118 εἴ,

2063 1146 2217 1214 φησὶ,
2249 1147 2516 1212 τοσούτῳ
2567 1147 2853 1201 ταπείνου
2893 1148 3174 1208 σεαυτὸν,
3231 1147 3330 1201 καί
3383 1147 3662 1201 ἐναντίον

2062 1237 2282 1304 Κυρίσυ
2323 1238 2601 1306 εὑρήσεις
2634 1238 2827 1308 χάριν.
2867 1241 2926 1292 '0
2965 1239 3022 1293 δὲ
3061 1239 3210 1309 παρά
3236 1239 3314 1310 τῷ
3347 1239 3466 1309 Θεῴ
3498 1239 3657 1309 χάριν

2060 1327 2237 1397 εὑρὼν
2258 1328 2470 1392 οὐδενὸς
2511 1331 2830 1400 αἰσθήσεται
2856 1331 3111 1401 χαλεποῦ,
3147 1331 3281 1385 ἀλλά
3313 1332 3404 1385 xui
3425 1329 3656 1384 ἐνταῦθα

2059 1418 2345 1491 δυνήσεται
2383 1421 2522 1490 μετά
2551 1422 2650 1491 τῆς
2679 1422 2772 1475 τοῦ
2804 1423 2940 1475 Θεοῦ
2969 1422 3191 1496 χάριτος
3228 1425 3406 1475 ἐκεῖνα
3437 1420 3655 1474 ἅπαντα

2064 1511 2181 1580 μετ’
2212 1513 2460 1578 εὐκολίας
2487 1514 2805 1586 διαδραμεῖν
2833 1516 2899 1568 τά
2939 1516 3106 1570 δεινὰ.
3143 1517 3236 1569 καὶ
3267 1515 3366 1578 τὰς
3401 1516 3518 1568 ἐκεῖ
3543 1530 3656 1566 κει-

2063 1600 2228 1671 μένας
2279 1606 2390 1667 τοῖς
2456 1604 2827 1675 ἁμαρτάνουσι
2873 1606 3157 1676 διαφυγεῖν
3207 1604 3497 1676 τιμωρίας,
3557 1603 3655 1671 τῆς

2059 1692 2280 1763 χάριτος
2301 1695 2393 1748 τοῦ
2427 1696 2561 1749 Θεοῦ
2597 1696 2870 1767 πανταχοῦ
2896 1697 3332 1768 προηγουμένης,
3351 1696 3445 1750 xui
3479 1697 3656 1749 πάντα

2058 1783 2505 1856 ὲξευμενιζούσης
2563 1788 2709 1860 αὑτῷ
2728 1805 2739 1816 ·
2768 1786 2835 1859 ἧς
2866 1789 3074 1857 γένοιτο
3104 1789 3312 1852 πάντας
3348 1788 3490 1858 ἡμᾶς
3521 1788 3656 1839 ἀπο-

2059 1874 2243 1928 λαύειν
2273 1877 2329 1927 ὲν
2354 1877 2575 1947 Χριστῷ
2625 1877 2798 1948 Ἰησοῦ
2845 1877 2920 1948 τῷ
2957 1877 3148 1950 Κυρίῳ
3180 1877 3360 1947 ἡμῶν,
3383 1875 3448 1929 δι’
3467 1871 3526 1928 οὑ
3560 1877 3654 1930 xui

2063 1968 2182 2038 μεθ’
2217 1961 2278 2021 οὑ
2316 1967 2394 2038 τῷ
2421 1970 2596 2039 Πατρὶ
2627 1969 2771 2034 δόξα,
2809 1971 2922 2042 ἅμα
2950 1971 3025 2041 τῷ
3062 1972 3202 2040 ἁγίῳ
3240 1970 3536 2040 Πνεύματι,
3563 1969 3655 2022 νῦν

2063 2057 2155 2110 xui
2180 2057 2284 2122 ἀεὶ,
2313 2058 2406 2110 xui
2436 2060 2516 2121 εἰς
2548 2059 2674 2122 τοὺς
2698 2059 2900 2122 αἰῶνας
2931 2059 3041 2112 τῶν
3068 2060 3300 2113 αἰώνων.
3339 2061 3530 2131 Ἀμήν.

394 2266 3577 2306 W—W

1081 2491 1158 2550 IN
1203 2489 1577 2553 HOMILIAM
1620 2492 1720 2552 DE
1760 2490 2046 2554 GLORIA
2089 2492 2166 2552 ΙΝ
2207 2491 2920 2552 TRIBULATIONIBUS.

368 2676 584 2746 antiqui
631 2675 686 2731 in
735 2676 880 2732 notis
908 2691 1074 2746 supra
1107 2675 1235 2732 editi
1269 2677 1623 2742 testimonio;
1663 2677 1716 2730 in
1754 2690 1864 2747 quo
1895 2675 2158 2745 Calalogo
2188 2675 2400 2730 sincera
2438 2674 2813 2745 Chrysoslomi
2849 2689 3013 2743 opera
3045 2686 3300 2730 accurate
3333 2688 3622 2734 recensen-

372 2804 486 2857 tur,
515 2804 569 2848 et
601 2792 716 2848 haec
745 2791 944 2847 ibidem
977 2791 1388 2860 quartadecima
1418 2783 1652 2848 locato}.

446 2928 828 3000 lnlerpretalio
854 2931 1047 2986 Latina
1083 2939 1169 2986 est
1199 2930 1493 2989 Frontonis
1534 2933 1734 2991 Ducaei.

347 3262 458 3324 Εις
489 3261 553 3311 τὸ
592 3259 1008 3313 ἀποστολικόν
1024 3261 1210 3327 ῥητὸν
1236 3261 1300 3314 τὸ
1327 3263 1532 3332 λέγων,
1567 3281 1584 3313 ι
1627 3266 1710 3317 Ob
1733 3267 1930 3332 μόνον
1960 3259 2047 3316 δὲ.
2073 3256 2235 3314 ἀλλὰ
2265 3263 2363 3315 καὶ
2397 3263 2753 3332 καυχώμεθα
2781 3264 2851 3317 ἐν
2883 3267 3012 3329 ταῖς
3049 3263 3356 3332 θλίψεσιν,
3392 3262 3619 3330 ειδότες

1157 3350 1244 3403 ὅτι
1288 3354 1323 3418 ἡ
1356 3352 1561 3422 θιίἷεζνς
1591 3353 1910 3423 ὑπομονὴν
1938 3350 2370 3420 κιιτεργίιζέται,
2411 3373 2427 3403 ι
2453 3353 2549 3406 καί
2581 3357 2651 3407 τὰ
2677 3353 2841 3422 ἑξῆς,

421 3625 490 3672 α’.
522 3616 808 3671 Ἐπίπονον
835 3615 933 3687 μὲν
969 3617 1193 3688 γηπόνῳ
1224 3614 1284 3670 τὸ
1311 3614 1497 3683 ζεῦξαι
1521 3616 1669 3688 βόας,
1695 3618 1787 3671 xui
1806 3614 1936 3688 ἆρο-

336 3719 480 3772 τρον
509 3700 754 3765 ἑλκύσαι,
790 3701 885 3752 xui
910 3697 1126 3752 αὑλακα
1154 3701 1469 3770 ἀνατεμεῖν,
1508 3700 1602 3754 xui
1645 3701 1943 3770 σπέρματα

339 3784 706 3846 καταϐαλεῖν,
741 3781 837 3834 xui
864 3782 1194 3853 ἀνασχέσθαι
1235 3783 1528 3854 χειμῶνος,
1578 3783 1674 3836 xui
1727 3782 1939 3854 κρυμὸν

339 3871 617 3936 ἐνεγκεῖν,
670 3866 766 3920 xui
818 3865 1144 3937 περιελάσαι
1185 3867 1428 3936 τάφρον,
1481 3867 1576 3919 καὶ
1621 3865 1938 3928 πλεονεξίαν

339 3953 562 4007 ὑδάτων
621 3949 881 4004 ἐπιοῦσαν
932 3951 1044 4012 τοῖς
1091 3945 1404 4021 σπέρμασιν
1463 3949 1936 4019 ἀποκρούσασθαι,

340 4039 447 4091 καὶ
477 4036 641 4106 όχθας
673 4032 935 4102 ποταμῶν
967 4026 1307 4103 ὑψηλοτέρας
1335 4032 1698 4105 ἐργάσασθαι,
1729 4034 1824 4085 xui
1852 4030 1940 4084 διὰ

346 4120 530 4191 μέσης
563 4118 660 4188 τῆς
703 4115 946 4187 ἀρούρας
977 4115 1287 4186 βαθυτέρας
1329 4115 1572 4178 αὑλακας
1609 4116 1900 4186 ἀνατεμεῖν
1921 4129 1934 4144 ⁸

342 4204 491 4257 ά.)λὰ
517 4202 584 4255 τά
617 4202 853 4254 ἐπίπονα
899 4200 1094 4262 ταῦτα,
1127 4203 1220 4253 xui
1255 4195 1460 4272 μόχθον
1510 4200 1724 4270 ἔχοντα,
1761 4198 1939 4267 κοῦφα

343 4287 561 4355 γίνεται
611 4288 703 4338 xui
761 4286 954 4356 ῥᾷστα,
1006 4285 1136 4337 ὅταν
1189 4284 1307 4346 ταῖς
1360 4283 1572 4336 ἐλπίσιν
1614 4284 1642 4336 ὁ
1692 4282 1940 4354 γεωργὸς

347 4370 442 4442 ἴδη
463 4369 718 4440 κομῶντα
751 4369 819 4421 τά
848 4368 996 4438 λήῖα,
1021 4365 1113 4420 καὶ
1142 4367 1240 4438 τὴν
1265 4366 1541 4438 δρεπάνην
1568 4368 1736 4437 ἡκονη
1747 4365 1936 4436 μένην,

342 4456 449 4508 xui
479 4456 578 4525 τὴν
613 4454 791 4506 ἅλωνα
818 4452 928 4505 τῶν
961 4448 1296 4522 δραγμάτων
1327 4450 1815 4522 ἐμπεπλησμένην,
1845 4451 1939 4503 xui

344 4538 442 4590 τὸν
482 4537 690 4608 καρπὸν
716 4532 927 4607 ὦριμον
971 4536 1109 4606 μετὰ
1139 4535 1341 4606 πολλῆς
1368 4535 1467 4604 τῆς
1494 4535 1837 4607 εὐφροσύνης
1861 4535 1939 4587 οῖ-

343 4622 482 4674 καδε
513 4619 981 4690 εἰσκομιζόμενον.
1035 4618 1193 4672 Οὕτω
1231 4620 1324 4672 xui
1361 4619 1702 4688 κυϐερνήτης
1729 4618 1937 4688 ἀγρίων

347 4705 614 4773 κυμάτων
645 4703 982 4773 κατατολμᾷ,
1017 4703 1111 4756 xui
1145 4703 1437 4772 χειμῶνος,
1466 4703 1560 4755 xui
1590 4701 1927 4771 μαινομένης

344 4788 624 4858 Θαλάττης
649 4788 910 4852 πολλάκις
931 4787 1282 4858 καταφρονεῖ,
1302 4786 1397 4840 xui
1428 4785 1755 4854 πνευμάτων
1778 4785 1938 4837 ἀστά-

345 4891 479 4936 των,
532 4875 625 4926 xui
669 4872 1015 4941 διαποντίους
1072 4870 1352 4934 κλύδωνας
1401 4871 1496 4924 xui
1554 4869 1774 4939 μακρὰς
1827 4863 1934 4921 οἶδε

348 4957 542 5027 φέρειν
602 4956 934 5028 ἀποδημίας,
972 4957 1104 5009 ὅταν
1162 4955 1231 5008 τά
1279 4954 1478 5026 φορτία
1530 4950 1941 5021 ἀναλογίζηται,

349 5042 447 5095 xui
498 5041 625 5105 τοὺς
660 5041 759 5110 τῆς
793 5041 1068 5112 ἐμπορίας
1113 5039 1362 5109 λιμένας,
1393 5038 1488 5092 xui
1532 5037 1622 5091 τὸν
1645 5037 1710 5089 ἐκ
1739 5035 1943 5088 τούτων

349 5125 579 5196 ἄπειρον
629 5125 859 5178 πλοῦτον
906 5123 1228 5193 τικτόμενον
1279 5123 1385 5194 ἴδῃ.
1430 5121 1586 5176 Οὖτιν)
1635 5120 1731 5174 xui
1778 5137 1942 5189 στρα-

346 5207 552 5279 τιώτης
606 5207 901 5279 τραύματα
951 5207 1128 5277 φέρει,
1189 5206 1283 5259 xui
1339 5206 1474 5277 νέφη
1532 5204 1701 5275 βελῶν
1747 5205 1942 5258 ἀποδέ-

346 5308 529 5361 χεται,
568 5293 662 5344 xui
711 5291 870 5359 λιμὸν
917 5289 1221 5359 ὑποφέρει,
1273 5290 1368 5341 xui
1420 5289 1653 5360 κρυμὸν,
1692 5289 1788 5341 xui
1843 5289 1943 5351 τὰς

353 5374 576 5444 μακρὰς
612 5373 940 5443 ἀποδημίας,
1001 5373 1094 5425 xui
1145 5375 1271 5432 τοὺς
1311 5371 1404 5424 ἐπὶ
1437 5371 1537 5442 τῆς
1579 5369 1942 5441 παρατάξεως

348 5457 506 5532 [Mi]
544 5458 843 5520 κινδύνους,
879 5456 1130 5511 ἐντεῦθεν
1159 5459 1228 5510 τὰ
1255 5456 1494 5528 τρόπαια
1527 5455 1621 5510 xui
1652 5456 1749 5516 τὰς
1784 5455 1940 5518 νίκας

349 5542 446 5597 xui
502 5543 629 5604 τοὺς
683 5539 980 5608 στεφάνους
1038 5538 1520 5609 ἀναλογιζόμενος.
1586 5537 1747 5590 Ἀλλά
1798 5538 1942 5602 τίνος

343 5627 539 5679 ἕνεκεν
567 5625 774 5678 τούτων
793 5624 1090 5695 ἐμνήσθηνς
1123 5624 1155 5695 ἢ
1187 5624 1239 5676 τί
1272 5641 1361 5692 μοι
1399 5621 1649 5692 βούλεται
1676 5621 1852 5674 ταῦτα
1873 5621 1940 5674 τά

345 5709 805 5781 παραδείγματα;
849 5709 1206 5780 Παράκλησιν
1235 5707 1365 5778 ὑμῖν
1392 5707 1642 5760 ἐντεῦθεν
1674 5706 1810 5777 πρὸς
1840 5712 1938 5777 τὴν

346 5793 611 5864 ἀκρόασιν
645 5795 960 5860 εἰσαγαγεῖν
984 5790 1266 5864 βούλομαι,
1296 5791 1389 5844 xui
1416 5791 1774 5860 παραμυθίαν
1801 5790 1938 5859 πρὸς

342 5877 463 5940 τὼς
506 5876 643 5947 ὑπὲρ
674 5877 771 5945 τῆς
818 5877 1020 5946 ἀρετῆς
1061 5874 1314 5945 ἱδρῶτας.
1375 5874 1436 5926 Εἰ
1483 5875 1590 5944 γὰρ
1621 5873 1729 5926 τῶν
1782 5875 1934 5944 εξρηι

671 5983 936 6038 ἰἈτιιοι..
988 5981 1101 6038 (in.
1158 5976 1248 6036 LI.

2054 3611 2232 3686 μένων
2260 3615 2491 3678 ἕκαστος
2533 3614 2595 3668 τὸ
2629 3613 2888 3668 ἐπίπονον
2933 3611 3137 3682 κοῦφον
3174 3616 3389 3684 ἡγεῖται
3429 3613 3517 3667 διὰ
3541 3615 3640 3684 τὴν

2049 3699 2158 3751 τῶν
2205 3698 2508 3769 μελλόντων
2540 3697 2749 3752 ἐλπίδα.
2795 3698 2888 3750 xui
2940 3698 3136 3760 ταῦτα,
3170 3699 3218 3750 εί
3274 3699 3365 3750 καί
3414 3716 3500 3762 τις
3544 3702 3639 3753 αύ-

2048 3781 2157 3832 τῶν
2211 3779 2488 3850 ἐπιτυχεῖν
2546 3779 2822 3851 δυνηθείη,
2869 3778 2957 3847 τῷ
2992 3780 3222 3850 παρόντι
3265 3782 3638 3848 συγκαταλυό-

2050 3877 2187 3934 μενα
2225 3862 2344 3934 βίῳ,
2386 3861 2566 3934 πολλῷ
2603 3863 2802 3933 μᾶλλον
2836 3863 2980 3932 ὑμᾶς
3013 3863 3111 3932 τὴν
3149 3863 3294 3934 ὑπὲρ
3328 3865 3425 3935 τῆς
3474 3882 3635 3919 πνευι

2052 3947 2286 4017 ματικῆς
2328 3944 2678 4008 διδασκαλίας
2727 3945 2989 4016 ἀκρόασιν
3043 3946 3334 4015 ἀνέχεσθαι
3367 3947 3492 4018 χρὴ,
3546 3950 3638 4002 xui

2046 4029 2144 4100 τὴν
2182 4029 2321 4103 ὑπὲρ
2362 4029 2463 4098 τῆς
2513 4029 2733 4083 αἰωνίου
2771 4029 2916 4099 ζωῆς
2962 4027 3266 4100 παράταξίν
3287 4047 3346 4082 τε
3375 4030 3470 4083 xui
3511 4031 3636 4093 τοὺς

2049 4112 2280 4184 ἱδρῶτας
2334 4113 2598 4180 γενναίως
2652 4114 2860 4183 φέρειν.
2895 4113 3020 4175 Τοῖς
3070 4113 3167 4184 μὲν
3208 4112 3317 4184 γάρ
3352 4114 3525 4184 ἄδηλα
3569 4115 3637 4168 τά

2047 4195 2147 4264 τῆς
2203 4195 2542 4266 προσκαίρου
2599 4195 2816 4258 ἐλπίδος
2871 4197 3011 4260 ἐστὶ,
3074 4196 3170 4249 xui
3224 4199 3282 4250 ὲν
3342 4197 3636 4270 προσδοκίᾳ

2051 4279 2187 4352 μόνῃ
2240 4278 2344 4331 τῶν
2394 4279 2650 4349 χρηστῶν
2708 4279 2969 4342 πολλάκις
3018 4279 3320 4350 γενόμενοι,
3377 4282 3469 4334 τὸν
3523 4281 3637 4351 βίον

2047 4362 2190 4414 οὑτω
2244 4362 2568 4426 κατέλυσαν,
2631 4363 3069 4433 ὲντρυφήσαντες
3120 4363 3219 4434 μὲν
3247 4366 3366 4426 ταῖς
3396 4365 3634 4430 ἐλπίσιν,

2047 4446 2139 4498 ἐπὶ
2170 4445 2226 4498 δὲ
2257 4446 2364 4499 τῶν
2406 4445 2582 4516 ἔργων
2609 4445 2786 4498 αὐτῶν
2817 4445 2916 4499 οὐκ
2945 4446 3284 4513 έγγίοαντες,
3319 4446 3412 4498 καὶ
3443 4445 3508 4516 δὴ
3543 4447 3630 4500 διά

2046 4527 2216 4581 ταῦτα
2242 4527 2308 4580 τά
2331 4528 2686 4598 χαλεπώτερα
2734 4528 3143 4598 ὑπομείναντες.
3178 4523 3302 4580 Οἷόν
3345 4545 3397 4580 τι
3448 4528 3590 4596 λέγω
3614 4545 3628 4559 ⁸

2046 4615 2204 4669 Μετά
2230 4616 2354 4676 τοὺς
2381 4613 2609 4676 πολλοὺς
2645 4613 2888 4676 ἐκείνους
2921 4612 3179 4676 πολλάκις
3230 4613 3423 4678 πόνους
3453 4632 3510 4668 τε
3539 4618 3634 4671 xui

2048 4697 2277 4767 ἱδρῶτας
2309 4699 2336 4750 ὁ
2391 4697 2628 4768 γηπόνος
2664 4695 2834 4748 ὲνίοτε
2881 4696 2938 4747 ἐν
2987 4695 3136 4765 αὑτῷ
3177 4695 3254 4767 τῷ
3285 4697 3383 4768 τὴν
3425 4696 3629 4770 δρεπά-

2046 4801 2144 4842 νην
2176 4781 2398 4850 ἁκονᾷν,
2431 4780 2524 4832 xui
2557 4779 2692 4850 πρὸς
2715 4777 2807 4831 τὸν
2850 4778 3062 4850 ἄμητον
3095 4782 3628 4851 παρασκευάζεσθαι,

2047 4865 2310 4934 ἐρυσίϐης
2358 4862 2817 4934 κατενεχθείσης,
2867 4863 2899 4932 ἢ
2966 4862 3206 4931 πλήθους
3261 4864 3538 4936 ἀκρίδων,
3597 4867 3628 4928 ἦ

2046 4949 2193 5018 πέρα
2219 4947 2313 4999 τοῦ
2353 4947 2553 5018 μέτρου
2583 4947 2682 5017 τῆς
2709 4946 3014 5018 ἐπομϐρίας
3037 4947 3407 5021 γενομένης,ῆ
3439 4951 3629 5023 ἑτέρας

2043 5032 2189 5090 τινὸς
2220 5030 2435 5100 πληγῆς
2485 5029 2872 5101 ὲπενεχθείσης
2905 5032 2968 5083 ὲκ
3001 5030 3102 5100 τῆς
3141 5032 3248 5083 τῶν
3283 5032 3461 5104 ἀέρων
3490 5035 3628 5087 ἀνω-

2049 5113 2268 5183 μαλίας,
2322 5113 2530 5183 ἀπῆλθε
2560 5114 2744 5177 κεναῖς
2790 5114 2975 5166 οἴκαδε
3001 5114 3156 5186 χερσί
3176 5154 3189 5174 ,
3223 5115 3317 5168 τὸν
3340 5116 3438 5188 μὲν
3470 5118 3629 5171 πόνον

2044 5197 2258 5250 ἅπαντα
2297 5194 2630 5264 ὑπομείνας,
2663 5195 2757 5248 τοῦ
2795 5195 2850 5248 δὲ
2901 5197 3115 5266 καρποῦ
3162 5199 3261 5269 τῆς
3293 5199 3507 5263 ἐλπίδος
3536 5203 3628 5253 ὲκ-

2045 5277 2248 5332 πεσὼν.
2284 5278 2393 5332 Καὶ
2419 5280 2446 5331 ὁ
2479 5280 2819 5350 κυϐερνήτης
2854 5279 2909 5333 δὲ
2935 5280 3136 5352 ὁμοίως
3161 5282 3368 5352 χαίρων
3393 5283 3470 5352 τῷ
3495 5283 3628 5353 πλη-

2043 5361 2126 5414 θει
2165 5361 2277 5415 τῶν
2329 5361 2585 5433 φορτίων,
2638 5364 2729 5416 xui
2761 5363 2898 5433 μετὰ
2935 5363 3137 5433 πολλῆς
3190 5364 3289 5433 τῆς
3321 5365 3512 5434 ἡδονῆς
3559 5365 3626 5419 τά

2044 5443 2190 5497 ἱστία
2227 5444 2504 5509 πετάσας,
2537 5446 2628 5499 xui
2662 5447 2904 5517 περάσας
2941 5446 3073 5499 πολὺ
3125 5445 3392 5513 πέλαγος,
3432 5449 3489 5500 ὲν
3529 5449 3597 5502 αὑ

2041 5528 2121 5599 τῷ
2149 5529 2412 5593 πολλάκις
2458 5529 2535 5600 τῷ
2575 5531 2802 5601 στόματι
2854 5528 2948 5582 τοῦ
3001 5528 3238 5598 λιμένος,
3286 5529 3320 5600 ἦ
3370 5530 3625 5596 σπιλάδος

2043 5613 2411 5684 ἐμπεσούσης,
2443 5613 2476 5683 ἦ
2510 5612 2698 5682 ὑφάλῳ
2718 5612 2812 5664 xui
2843 5611 3090 5682 σκοπέλῳ
3113 5611 3219 5664 τινὶ
3250 5614 3621 5684 προσαράξας,

2041 5695 2241 5766 ἢάλλῃ
2270 5697 2377 5747 τινί
2423 5693 2645 5764 τοιαύτῃ
2692 5693 2939 5764 ἀδοκήτῳ
2999 5695 3317 5766 περιστάσει
3368 5695 3620 5767 πληγεὶς.

2043 5780 2220 5833 πάντα
2271 5779 2362 5830 τὸν
2406 5779 2603 5848 φόρτον
2656 5774 2927 5842 ἀπώλεσε,
2982 5776 3077 5829 xui
3117 5777 3270 5847 μόλις
3317 5779 3377 5833 τὸ
3427 5779 3622 5835 ἑαυτοῦ

2042 5860 2202 5930 σῶμα
2235 5859 2440 5930 γυμνὸν
2485 5858 2710 5912 διέσωσε
2746 5859 2882 5928 μετὰ
2918 5860 3045 5923 τοὺς
3081 5862 3307 5930 μυρίους
3343 5863 3617 5932 κινδύνους

3206 5977 3279 6034 ιο
