4086 6422
332 349 427 410 157
1206 400 1211 407 ,
1393 336 1481 394 DE
1507 329 1759 390 GLORIA
1802 328 1867 383 IN
1888 326 2551 412 _TRIBUL:\TIONIBUS.

335 460 561 534 pericula
592 456 681 514 vix
709 456 861 511 salvo
888 466 1116 523 corpore
1143 449 1318 506 nudus
1343 447 1540 513 evadit.
1565 445 1653 502 Sic
1680 453 1735 500 et
1768 443 1921 498 miles

329 533 606 626 postquam
635 546 932 603 innumeris
961 558 1105 613 saepe
1125 539 1379 612 pugnavit
1407 540 1461 592 in
1487 536 1703 608 pneliis,
1736 533 1921 589 adver-

329 645 498 699 sarios
525 640 739 711 repulit,
767 637 1055 705 hostesque
1093 632 1309 695 devicit,
1334 631 1463 686 dum
1494 631 1548 685 in
1594 629 1709 698 ipsa
1750 628 1922 681 victo-

329 737 420 792 ria:
447 730 847 800 ex5pectatione
875 733 1138 791 versatur,
1183 722 1345 778 nullis
1382 720 1595 791 penitus
1621 715 1923 772 commodis

326 842 391 881 ex
426 822 699 879 laboribus
724 817 1088 891 periculisque
1131 812 1422 884 reportatis
1459 825 1490 866 e
1538 809 1645 864 vita
1674 805 1921 863 discedit.

329 919 398 976 At
424 913 687 985 ejusmodi
715 927 821 966 non
862 917 987 964 sunt
1012 923 1098 962 res
1138 913 1338 961 nostra:
1372 917 1535 974 :spes
1585 901 1730 957 enim
1770 907 1930 983 aeter-

332 1025 449 1074 nas,
476 1008 746 1067 immotas,
775 1012 830 1058 et
856 1001 1034 1056 ﬁrmas
1064 998 1281 1061 habent,
1305 1010 1530 1067 qumque
1551 1010 1672 1049 cum
1702 992 1803 1046 hac
1823 976 1926 1043 vita

331 1100 557 1157 minime
589 1096 964 1158 terminantur,
1009 1089 1103 1145 sed
1132 1089 1198 1144 ad
1230 1086 1585 1142 immortalem
1614 1084 1930 1151 beatamque

334 1197 494 1250 vitam
524 1194 667 1247 illam
714 1206 779 1245 ac
805 1197 1063 1260 perpetuo
1091 1185 1403 1241 duraturam
1443 1186 1708 1251 spectant,
1739 1184 1795 1232 et
1821 1190 1929 1230 non

330 1285 495 1340 modo
527 1283 686 1337 nullis
711 1296 777 1336 ex
807 1280 949 1335 aeris
977 1274 1295 1346 intemperie
1320 1274 1405 1329 vel
1436 1271 1711 1340 inopinato
1747 1282 1928 1324 rerum

328 1385 528 1432 eventu
554 1383 738 1445 patent
762 1369 1088 1435 incursibus,
1114 1367 1210 1424 sed
1236 1380 1336 1421 nec
1360 1365 1429 1420 ab
1454 1364 1568 1433 ipsa
1606 1371 1778 1416 morte
1805 1373 1930 1430 pos-

332 1480 463 1526 sunt
487 1469 675 1525 deleri.
707 1466 844 1535 Quin
871 1464 1033 1520 etiam
1073 1462 1200 1517 dum
1238 1460 1355 1514 sola
1396 1473 1493 1528 spe
1519 1456 1781 1519 fovemur,
1815 1453 1932 1523 ejus

332 1565 389 1619 in
420 1561 610 1633 quovis
633 1559 794 1612 etiam
829 1572 862 1612 e
887 1555 1048 1627 vulgo
1077 1551 1281 1607 fructus
1317 1549 1512 1612 elucet,
1545 1554 1600 1601 et
1623 1555 1816 1616 quanta
1850 1543 1927 1598 illi

334 1666 546 1709 merces
567 1650 845 1705 debeatur.
877 1647 1165 1715 Propterea
1196 1644 1382 1698 beatus
1409 1639 1568 1695 etiam
1604 1638 1797 1694 Paulus
1822 1636 1932 1691 ela-

333 1744 520 1799 mabat
545 1741 727 1796 dicens
755 1757 771 1794 :
803 1738 921 1792 Non
964 1737 1130 1790 solum
1156 1743 1345 1799 autent,
1381 1732 1471 1786 sed
1502 1739 1547 1784 et
1576 1729 1856 1800 gloriamur
1881 1727 1936 1780 in

334 1831 747 1889 tribulationibus
767 1829 943 1899 (Rom.
965 1828 1020 1883 5.
1036 1827 1116 1898 5).
1146 1825 1243 1891 Ne,
1267 1838 1471 1894 quzeso,
1495 1821 1684 1877 leviter
1712 1831 1931 1889 prmer-

335 1939 551 1990 eamus,
583 1936 702 1993 qua:
729 1920 870 1975 dicta
895 1927 1022 1974 sunt
1045 1935 1058 1971 :
1081 1915 1176 1972 sed
1197 1915 1431 1986 quando,
1458 1913 1640 1968 nescio
1664 1925 1934 1981 quocasu,

335 2031 523 2073 sermo
577 2029 677 2071 nos
728 2028 916 2069 rursus
964 2010 1029 2065 ad
1083 2008 1327 2081 przeclari
1371 2005 1746 2078 gubernatoris
1789 2002 1936 2058 Pauli

334 2117 556 2180 portum
583 2104 808 2176 appulit,
842 2103 894 2158 in
925 2102 1080 2172 lmjus
1094 2101 1222 2156 dicti
1247 2097 1680 2155 consideratione
1708 2096 1939 2150 libenter

337 2202 714 2263 immoremur,
752 2194 930 2251 brevis
966 2193 1180 2265 quidem
1220 2192 1381 2256 illius,
1429 2189 1524 2244 sed
1566 2203 1595 2243 a
1625 2203 1732 2257 quo
1774 2185 1937 2240 multa

336 2290 679 2363 philosophia
728 2288 1027 2344 erudimur.
1075 2283 1213 2353 Quid
1258 2283 1473 2337 tandem
1519 2289 1599 2335 est
1642 2293 1771 2348 ergo
1798 2276 1938 2347 quod

336 2387 494 2451 dicit,
524 2392 580 2440 et
596 2382 723 2453 quid
745 2382 831 2437 his
855 2379 1011 2436 nobis
1037 2377 1236 2433 indicat
1268 2375 1468 2434 verbis.
1504 2371 1626 2427 Non
1654 2371 1819 2425 solum
1844 2386 1939 2423 au-

338 2486 466 2541 tem,
498 2473 586 2528 sed
606 2480 658 2530 at
681 2470 963 2543 gloriamur
1000 2467 1056 2522 in
1100 2462 1543 2520 tribulationibus?
1569 2461 1733 2516 Paulo
1760 2458 1936 2525 altius,

337 2568 394 2623 si
426 2567 619 2638 placet,
650 2563 911 2619 doctrina:
939 2571 1245 2615 sermonem
1284 2554 1579 2619 ordiamur,
1628 2561 1683 2607 et
1714 2550 1936 2605 multam

339 2660 474 2714 inde
501 2656 654 2712 nobis
685 2652 1116 2725 perspicuitatem
1147 2647 1447 2703 videbimus
1488 2659 1554 2698 ac
1588 2643 1695 2697 vim
1727 2649 1943 2696 senten-

342 2753 547 2807 tiarum
571 2761 870 2819 emergere.
913 2742 1020 2799 Sed
1051 2741 1320 2797 nemiuem
1351 2752 1547 2809 corpus
1574 2736 1626 2789 in
1658 2733 1939 2789 mollitiem

339 2859 413 2898 ac
460 2841 727 2914 pigritiam
776 2836 1012 2893 resolvat
1055 2851 1070 2888 :
1108 2834 1235 2903 quin
1288 2830 1465 2900 potius
1511 2838 1779 2897 tamquam
1822 2837 1944 2878 rore

342 2935 581 3006 quodam
628 2928 919 3003 spiritualis
982 2926 1240 2981 doctrina:
1303 2920 1594 2990 cupiditate
1648 2924 1940 2971 recreetur.

340 3026 562 3081 Etenim
592 3024 660 3078 de
688 3020 1032 3077 tribulatione
1060 3016 1224 3071 verba
1273 3012 1519 3075 facimus,
1549 3010 1618 3064 de
1647 3007 1944 3076 cupiditate

344 3119 616 3173 bonorum
652 3124 998 3178 azternorum,
1041 3109 1110 3164 de
1138 3105 1412 3178 patientia,
1458 3103 1631 3173 deque
1675 3098 1939 3163 mercede,

344 3225 513 3281 quam
548 3208 622 3262 illi
646 3206 907 3268 obtinent,
940 3202 1029 3273 qui
1075 3201 1295 3255 minime
1335 3195 1514 3267 supini
1554 3201 1679 3248 sunt
1706 3207 1770 3246 ac
1797 3190 1942 3246 desi-

342 3302 469 3356 des.
500 3298 634 3367 Quid
659 3298 816 3368 igitur
837 3294 938 3349 sibi
964 3293 1079 3346 vult
1106 3290 1258 3356 illud,
1296 3287 1416 3342 Non
1441 3285 1605 3341 solum
1624 3286 1649 3338 .9
1674 3283 1774 3351 Qui
1801 3281 1944 3337 enim

347 3393 440 3447 Itis
469 3390 645 3447 verbis
685 3389 873 3454 utitur,
905 3385 973 3441 de
1003 3383 1187 3438 multis
1214 3381 1333 3435 aliis
1378 3378 1532 3433 bonis
1563 3390 1623 3431 se
1661 3375 1942 3445 loquutum

344 3499 473 3540 esse
518 3481 735 3545 indicat,
781 3493 900 3548 quae
941 3471 1340 3546 prmeesserint,
1390 3478 1446 3523 et
1485 3481 1607 3521 cum
1661 3465 1766 3519 illis
1806 3461 1945 3518 istud

344 3576 608 3645 adjicere,
661 3569 803 3642 quod
850 3584 915 3623 ex
971 3563 1316 3622 tribulatione
1366 3558 1603 3613 nascitur
1632 3571 1645 3608 :
1678 3567 1838 3624 quam
1878 3550 1949 3604 ob

344 3641 571 3721 causam
604 3673 657 3717 et
679 3641 794 3731 ipse
814 3659 1047 3722 dicebat,
1083 3652 1209 3708 Non
1237 3651 1402 3706 solum
1443 3654 1631 3709 autem,
1662 3642 1751 3698 sed
1777 3652 1823 3696 et
1848 3641 1950 3711 gla-

345 3758 551 3812 rimnur
589 3754 645 3807 in
676 3748 1107 3805 tribulationibus.
1151 3743 1222 3799 Ut
1260 3750 1437 3795 autem
1470 3734 1783 3792 dilucidiora
1814 3732 1946 3787 ﬁant

350 3852 474 3906 haec
513 3847 693 3909 verba,
738 3857 836 3898 nos
876 3840 944 3894 ad
995 3840 1210 3893 brevem
1259 3836 1444 3887 horam
1492 3827 1773 3889 sustinete,
1822 3823 1947 3878 dum

352 3938 632 4014 prolixiori
672 3947 924 3990 sermone
950 3929 1247 3985 doctrinam
1290 3921 1628 3992 exponimus.

433 4027 717 4086 Adversarii
761 4025 880 4094 ﬁdei
945 4019 1246 4077 Christiania
1310 4029 1464 4083 quam
1526 4008 1705 4072 multi;
1776 4022 1948 4077 perse-

352 4124 622 4194 quutiones
649 4117 803 4172 varice
840 4113 983 4168 initio
1024 4105 1418 4180 prwdicationis.
1458 4099 1727 4156 Inducitur
1757 4096 1953 4151 Paulus

354 4217 425 4269 de
454 4210 636 4286 futuris
672 4208 941 4261 disserens.
986 4203 1088 4256 Cur
1121 4197 1417 4270 ingemiscat
1442 4203 1697 4248 creatum.
1722 4217 1793 4229 —-
1821 4188 1953 4244 Cum

356 4312 505 4362 enim
541 4302 872 4375 promulgata
915 4298 1101 4351 luisset
1138 4293 1207 4348 ab
1235 4290 1495 4360 apostolis
1522 4287 1833 4360 praedicatio
1869 4285 1951 4340 di-

358 4406 507 4464 vina,
538 4411 593 4456 et
617 4410 805 4452 omnes
846 4392 992 4447 orbis
1029 4398 1294 4443 terrarum
1337 4385 1519 4455 plagas
1549 4381 1823 4452 religionis
1850 4394 1957 4433 ser-

363 4507 578 4549 monem
622 4489 699 4544 illi
741 4494 982 4543 serentes
1021 4480 1251 4544 obirent,
1291 4490 1532 4532 errorem
1572 4473 1832 4529 radicitus
1859 4487 1952 4525 ex—

365 4588 675 4656 stirparent,
717 4578 917 4652 patrias
957 4573 1239 4642 impiormn
1269 4570 1413 4640 leges
1440 4564 1825 4629 rescinderent,
1857 4562 1958 4616 ini-

364 4680 625 4749 quitatem
648 4686 862 4728 omnem
889 4665 1331 4727 exterminarunt,
1359 4669 1556 4713 terram
1572 4663 1954 4726 expurgarent,

334 4745 526 4840 atque
552 4767 620 4822 ab
661 4763 821 4819 idolis
847 4757 1088 4828 quidem,
1130 4769 1159 4808 a
1192 4752 1348 4817 fanis,
1394 4748 1675 4813 altaribus,
1721 4745 1871 4801 feriis
1897 4760 1961 4799 ac

365 4839 689 4918 ceremoniis
719 4852 843 4908 inde
881 4845 1229 4905 nascentibus
1257 4839 1761 4909 resilircjuberent;
1795 4851 1957 4890 unum

365 4963 570 5018 autem,
598 4958 653 5005 et
680 4947 851 5003 solum
877 4942 1253 4996 universorum
1287 4935 1453 4990 Deum
1487 4944 1799 5002 agnoscere,
1835 4940 1961 4996 spes

370 5047 577 5099 futuras
633 5044 978 5108 exspectare;
1015 5031 1191 5099 deque
1220 5026 1398 5090 Patre,
1446 5021 1604 5085 Filio,
1649 5034 1713 5075 ac
1756 5018 1959 5089 Spiritu

370 5148 559 5193 sancto
591 5132 946 5187 dissererent,
978 5124 1044 5177 de
1089 5116 1486 5175 resurrectione
1512 5112 1959 5185 phiIOsopharcn~

370 5240 480 5292 tur,
508 5241 572 5281 ac
600 5223 670 5279 de
722 5234 891 5290 regno
943 5215 1199 5270 caelorum
1241 5210 1403 5263 verba
1451 5206 1690 5261 facerent
1722 5222 1735 5259 :
1765 5203 1964 5257 idcirco

371 5322 570 5378 bellum
590 5314 791 5373 exarsit
820 5324 1004 5383 grave,
1028 5306 1376 5372 omniumque
1392 5299 1768 5359 saevissimum,
1787 5295 1963 5349 omnia

370 5411 631 5474 tumultu,
681 5402 1106 5478 perturbatione,
1155 5409 1220 5448 ae
1270 5392 1535 5447 seditione
1574 5387 1963 5452 redundabaut,

371 5505 537 5562 urbes
565 5512 775 5559 omnes,
808 5492 991 5566 populi
1041 5504 1104 5543 ac
1132 5487 1325 5541 domus
1353 5495 1567 5546 onmes,
1599 5479 1778 5533 omnis
1820 5477 1967 5548 regio

372 5601 491 5653 sive
517 5593 717 5650 inculta
746 5595 910 5652 esset,
939 5584 1053 5638 sive
1089 5580 1303 5635 deserta
1331 5593 1343 5629 :
1373 5573 1514 5643 quod
1545 5571 1792 5627 nimirum
1824 5569 1965 5622 anti-

374 5707 498 5763 qua:
537 5681 951 5742 consuetudines
995 5672 1469 5729 labefactareutur,
1517 5671 1574 5721 et
1606 5679 1729 5733 quze
1767 5660 1967 5716 tamdiu

377 5757 706 5842 obtinuerat,
731 5771 1017 5838 anticipata
1040 5763 1222 5833 opinio
1244 5757 1658 5822 convelleretur,
1680 5768 1803 5807 cum
1831 5766 1964 5807 nova

3516 331 3620 387 ςεκ

2043 440 2295 511 dogmata
2328 440 2727 510 inveherentur,
2773 457 2895 514 qua!
2931 457 3091 499 nemo
3118 457 3368 515 umquam
3408 445 3622 502 audite-

2033 539 2116 585 rat
2156 548 2170 586 :
2213 532 2470 587 adversus
2507 533 2606 587 ista
2652 533 2945 588 saeviebant
2988 548 3163 605 reges,
3216 534 3624 605 indignabantur

2036 623 2400 693 magistratus,
2432 624 2626 695 privati
2669 624 3153 693 tumultuabautur,
3184 624 3300 681 fora
3346 627 3622 697 perturba-

2035 713 2248 781 bantur,
2286 715 2570 793 tribunalia
2614 714 3042 782 roncitabantur,
3084 716 3489 787 stringebantur
3526 732 3624 773 eu-

2036 817 2143 869 ses,
2177 819 2324 858 arma
2370 807 2720 874 parabantur,
2764 815 2820 861 et
2861 806 3009 877 leges
3049 808 3463 864 succensebant.
3497 808 3627 866 Inde

2035 894 2322 965 supplicia,
2359 911 2551 965 panic,
2586 897 2872 967 militeque,
2896 912 2960 951 ac
2988 906 3180 952 cuncta
3205 900 3627 955 commoveban-

2039 994 2144 1052 tur,
2174 1002 2294 1057 qure
2328 989 2466 1043 inter
2506 987 2750 1042 homines
2775 989 2959 1058 gravia
3004 997 3314 1044 censentur.
3361 989 3627 1058 Quemad-

2038 1077 2252 1131 modum
2282 1092 2406 1132 cum
2439 1078 2630 1132 iratum
2658 1087 2741 1133 est
2781 1093 2948 1143 mare,
2992 1089 3153 1149 atque
3184 1079 3375 1135 infesta
3413 1081 3628 1136 naufra-

2036 1171 2119 1240 gia
2148 1170 2393 1241 parturit,
2426 1170 2597 1225 nihilo
2633 1170 2841 1225 meliori
2869 1180 2985 1226 erat
3025 1171 3076 1225 in
3103 1179 3247 1227 statu
3274 1172 3421 1228 orbis
3452 1181 3627 1229 terra-

2039 1278 2180 1328 rum,
2202 1278 2324 1318 cum
2359 1263 2628 1334 religionis
2653 1278 2811 1318 causa
2837 1272 2947 1318 tum
2975 1263 3142 1319 ﬁlium
3166 1274 3318 1335 pater
3335 1265 3625 1335 abdicaret,

2040 1368 2069 1407 a
2109 1368 2267 1408 socru
2315 1368 2482 1408 nurus
2535 1353 2837 1420 dissideret,
2879 1352 3075 1409 fratres
3106 1352 3497 1421 dividerentur,
3538 1355 3630 1411 do-

2041 1446 2170 1501 mini
2202 1446 2254 1500 in
2281 1445 2510 1499 faumlos
2541 1444 2966 1515 indignarentur,
3009 1453 3196 1500 natura
3238 1446 3634 1516 quodammodo

2042 1538 2094 1593 in
2121 1539 2353 1611 seipsam
2395 1539 2659 1593 seditione
2686 1546 2953 1592 commota
2986 1538 3308 1608 insurgeret,
3350 1553 3451 1594 nec
3477 1539 3634 1595 civile

2044 1638 2270 1699 tantum,
2314 1629 2408 1685 sed
2447 1630 2646 1699 gentile
2675 1629 2942 1701 quoddam
2993 1630 3191 1683 bellum
3219 1629 3410 1685 domos
3449 1646 3636 1687 omnes

2044 1720 2380 1791 pervaderet.
2436 1720 2665 1774 Verbum
2708 1720 2852 1774 enim
2906 1719 3065 1790 gladii
3111 1721 3162 1774 in
3212 1734 3418 1776 morem
3470 1735 3635 1790 pene-

2045 1822 2212 1878 traus,
2246 1822 2302 1867 et
2325 1812 2468 1884 quod
2499 1811 2802 1869 morbidum
2831 1820 2950 1867 erat
2984 1826 3013 1865 a
3058 1825 3192 1866 sano
3218 1826 3488 1876 resecans,
3521 1827 3636 1867 ma-

2044 1919 2203 1975 gnam
2228 1904 2425 1975 ubique
2463 1903 2781 1959 seditionem
2825 1911 2880 1958 et
2907 1901 3306 1958 contentionem
3346 1904 3636 1970 excitabat,

2044 2003 2101 2050 et
2124 1994 2415 2060 efﬁciebat,
2466 2004 2523 2050 ut
2553 1996 2848 2050 innumerae
2892 1994 3127 2065 undique
3171 1994 3428 2051 adversus
3458 1996 3638 2052 ﬁdeles

2047 2086 2338 2141 inimicitiae
2364 2102 2660 2157 pugnaeque
2702 2087 3063 2157 insurgerent.
3099 2087 3233 2142 Hinc
3263 2087 3445 2155 ﬁebat,
3479 2096 3539 2143 ttt
3581 2089 3636 2144 in

2046 2192 2319 2232 carcerem
2347 2178 2437 2231 alii
2459 2177 2897 2244 detruderentur,
2929 2177 3019 2231 alii
3048 2177 3115 2231 ad
3141 2177 3342 2246 judicia
3375 2194 3635 2249 raperen-

2049 2277 2154 2335 tur,
2180 2277 2236 2324 et
2256 2269 2323 2324 ad
2349 2271 2488 2323 viam
2509 2285 2630 2340 qua:
2659 2268 2828 2324 tendit
2853 2268 2919 2324 ad
2951 2280 3182 2325 mortem
3216 2286 3230 2322 :
3260 2278 3420 2340 atque
3450 2271 3636 2324 horum

2046 2362 2262 2432 quidem
2309 2363 2448 2418 bona
2495 2361 2925 2433 publieabantur,
2970 2361 3045 2416 illi
3077 2376 3204 2416 vero
3255 2371 3308 2416 et
3357 2363 3547 2432 patria,
3587 2372 3644 2418 et

2050 2456 2159 2510 vita
2188 2456 2300 2526 ipsa
2327 2469 2566 2525 persaepe
2597 2454 2961 2524 privabantur.
2994 2462 3049 2508 et
3075 2454 3221 2509 omni
3249 2470 3313 2509 ex
3345 2464 3497 2525 parte
3525 2471 3644 2511 crc-

2049 2547 2198 2601 hrius
2225 2561 2385 2617 quam
2429 2545 2517 2599 nix
2548 2544 2781 2609 decidat,
2834 2543 2991 2599 malis
3030 2537 3417 2599 obsidebantur
3455 2564 3466 2598 :
3502 2546 3643 2600 intus

2050 2650 2262 2705 pugnee,
2294 2634 2425 2689 foris
2454 2635 2694 2698 timores,
2726 2633 2795 2688 ab
2824 2634 3032 2699 amicis,
3067 2634 3135 2687 ab
3160 2635 3370 2697 alienis,
3404 2634 3471 2689 ab
3512 2636 3642 2705 ipsis

2049 2729 2139 2799 qui
2181 2736 2388 2783 natura:
2417 2725 2817 2782 necessitudine
2846 2726 3115 2793 conjuncti
3147 2734 3321 2781 erant.

2119 2821 2175 2874 ‘2.
2207 2819 2334 2874 [hec
2361 2819 2519 2889 igitur
2540 2833 2661 2872 cum
2687 2825 2933 2872 cerneret
2960 2818 3150 2872 beatus
3175 2817 3389 2878 Paulus,
3419 2816 3509 2872 ille
3536 2825 3645 2873 ter-

2051 2926 2230 2966 rarum
2258 2909 2403 2964 orbis
2430 2918 2758 2979 praeceptor,
2795 2917 2847 2962 et
2887 2908 3182 2964 cwlestium
3211 2907 3514 2977 dogmatqu
3545 2908 3644 2963 do-

2051 3009 2189 3065 ctor,
2218 3015 2340 3056 cum
2371 3014 2459 3054 res
2485 2999 2696 3070 quidem
2727 2998 2966 3053 adversa:
2998 2998 3049 3052 in
3079 2998 3324 3052 manibus
3346 3008 3528 3054 essent
3552 3041 3565 3065 ,
3593 3009 3648 3054 et

2052 3100 2177 3146 ante
2205 3091 2390 3145 oculos
2416 3097 2777 3154 versarentur,
2805 3103 2893 3142 res
2930 3097 3108 3142 autem
3151 3103 3422 3158 prospera:
3460 3088 3515 3143 in
3553 3102 3649 3160 spe

2055 3192 2258 3237 tantum
2281 3191 2335 3237 et
2362 3181 2734 3251 promissione,
2763 3195 3009 3251 regnum,
3037 3180 3275 3251 inquam,
3300 3183 3572 3248 canorum,
3597 3192 3650 3237 et

2054 3275 2394 3341 resurrectio,
2422 3289 2487 3329 ac
2510 3274 2773 3329 bonorum
2804 3274 3013 3327 illorum
3040 3275 3273 3345 adoptio,
3307 3292 3426 3345 qua:
3453 3277 3652 3348 cogita-

2055 3367 2253 3422 tionem
2283 3381 2495 3421 onmem
2521 3381 2584 3420 ac
2608 3380 2913 3421 sermonem
2939 3367 3204 3421 excedunt
3233 3384 3246 3421 :
3278 3366 3521 3423 fornaces
3550 3384 3648 3423 au-

2054 3469 2161 3515 tem
2184 3500 2199 3524 ,
2232 3458 2530 3528 sartagines
2552 3498 2568 3523 ,
2607 3457 2764 3526 gladii
2790 3497 2806 3523 ,
2839 3458 3093 3527 supplicia
3119 3498 3133 3524 ,
3178 3466 3566 3513 tormentorum
3598 3469 3652 3515 et

2055 3552 2305 3607 mortium
2325 3564 2521 3621 genera
2550 3549 2730 3604 onmia
2759 3564 2863 3603 non
2894 3564 3022 3619 spe,
3051 3550 3145 3605 sed
3172 3551 3497 3621 experientia
3527 3567 3652 3622 per-

2055 3644 2362 3713 ciperentur
2391 3660 2404 3695 :
2434 3641 2523 3711 qni
2564 3655 2691 3695 vero
2731 3640 2988 3697 adversus
3030 3642 3145 3697 bare
3182 3645 3360 3699 omnia
3401 3645 3652 3701 certaturi

2055 3742 2230 3798 erant,
2253 3749 2358 3788 non
2383 3732 2451 3786 ita
2474 3731 2678 3801 pridem
2700 3731 2768 3785 ab
2785 3732 3059 3797 altaribus,
3083 3734 3152 3788 ab
3172 3733 3344 3799 idolis,
3371 3751 3399 3788 a
3423 3735 3651 3802 deliciis,

2056 3841 2085 3881 a
2114 3824 2319 3881 luxuria
2350 3833 2403 3880 et
2429 3823 2688 3879 ebrietate
2715 3823 2781 3878 ad
2814 3823 2970 3878 ﬁdem
3004 3824 3228 3879 traducti
3260 3825 3525 3891 fuissent,
3558 3842 3654 3881 ne-

2057 3935 2163 3989 que
2180 3917 2306 3973 dum
2333 3917 2398 3971 ad
2425 3916 2651 3971 sublime
2671 3916 2954 3986 quidquam
2980 3916 3050 3991 de
3072 3917 3178 3971 vita
3208 3926 3407 3972 (eterna
3431 3933 3653 3973 versan—

2059 4011 2186 4065 dum
2216 4008 2396 4063 animo
2423 4006 2704 4062 assuefacti
2732 4049 2746 4074 ,
2784 4006 2878 4062 sed
2909 4008 3069 4063 rebus
3099 4009 3448 4078 praesentibus
3476 4010 3654 4080 potius

2043 4102 2384 4183 .inhmrerent
2411 4117 2423 4153 :
2452 4109 2508 4154 et
2533 4100 2820 4155 verisimile
2846 4109 2991 4157 esset
3018 4098 3135 4156 fore
3154 4141 3170 4168 ,
3201 4109 3260 4155 ut
3291 4102 3442 4155 multi
3469 4116 3654 4157 eorum

2061 4195 2404 4260 fatiscerent,
2434 4194 2777 4251 conciderent
2818 4192 3012 4248 animis
3034 4232 3051 4257 ,
3079 4207 3142 4248 ac
3168 4192 3461 4249 deﬁcerent
3487 4235 3504 4261 ,
3533 4209 3654 4248 cum

2060 4281 2282 4351 singulis
2302 4280 2490 4336 diebus
2512 4279 2921 4335 obsiderentur:
2945 4276 3065 4332 vide
3090 4277 3214 4348 quid
3247 4277 3337 4332 ille
3366 4277 3544 4338 faciat,
3567 4279 3657 4349 qui

2062 4387 2377 4428 arcanorum
2408 4373 2675 4442 particeps
2701 4370 2994 4426 caelestium
3020 4368 3195 4425 fuerat
3216 4411 3232 4436 ,
3260 4378 3315 4425 et
3339 4370 3656 4440 sapientiam

2065 4465 2212 4520 Pauli
2237 4464 2541 4519 considera.
2566 4464 2641 4519 De
2672 4461 2864 4517 futuris
2883 4460 3098 4517 assidue
3116 4460 3331 4516 disserit
3352 4460 3490 4532 apud
3517 4461 3658 4529 illos,

2065 4558 2216 4629 ponit
2235 4558 2305 4613 ob
2328 4558 2513 4613 octtlos
2538 4555 2777 4625 prmmia.
2806 4568 3033 4610 coronas
3053 4553 3305 4616 ostendit,
3334 4554 3518 4613 incitat
3541 4569 3661 4622 eos,
3680 4539 3684 4543 ﬁ

2064 4658 2119 4704 et
2146 4663 2243 4719 spe
2284 4649 2544 4702 bonorum
2584 4656 2905 4699 aeternorum
2940 4645 3267 4700 consolatur.
3307 4645 3444 4714 Quid
3482 4654 3661 4702 autem

2065 4742 2236 4798 dicit?
2266 4740 2627 4795 Existimumus
2656 4738 2788 4792 enim
2811 4738 2950 4808 quod
2979 4754 3078 4793 non
3109 4747 3224 4793 sunt
3253 4741 3520 4812 condigna:
3544 4758 3664 4813 pas-

2066 4836 2232 4889 siones
2264 4833 2421 4903 hujus
2449 4830 2685 4900 tcmporis
2708 4830 2774 4882 ad
2799 4830 3023 4898 futuram
3053 4829 3272 4901 gloriam
3295 4873 3309 4895 ,
3333 4846 3449 4899 qua:
3470 4812 3658 4889 tertia-

2067 4925 2203 4979 bitur
2229 4924 2283 4977 in
2309 4921 2451 4977 nobis
2479 4920 2668 4991 (Rom.
2693 4920 2745 4975 8.
2771 4920 2840 4975 18
2860 4918 2905 4991 ).
2929 4918 3064 4987 Quid
3092 4920 3235 4995 enim
3266 4922 3394 4976 mihi
3416 4923 3662 4988 vulnera,

2069 5015 2240 5085 inquit
2260 5056 2275 5080 ,
2303 5012 2492 5081 objieis
2511 5053 2524 5077 ,
2548 5011 2731 5066 altaria
2756 5051 2771 5077 ,
2804 5011 3105 5079 carniﬁces,
3131 5011 3413 5083 supplicia,
3446 5011 3663 5078 famem,

2071 5108 2520 5180 proscriptiones,
2562 5113 2926 5177 paupertatem
2953 5145 2969 5173 ,
3003 5105 3209 5159 vincula
3250 5114 3305 5160 et
3340 5105 3670 5178 compedes!

2070 5212 2420 5272 quaecumque
2440 5196 2675 5253 volueris
2697 5211 2955 5266 propone,
2980 5211 3098 5267 qua:
3128 5196 3196 5251 ab
3224 5196 3529 5251 hominibus
3548 5212 3673 5267 grav

2072 5295 2154 5349 via
2185 5300 2509 5355 censentur;
2542 5290 2670 5344 nihil
2699 5298 2875 5344 tamen
2903 5288 3139 5359 prtemiis
3163 5289 3300 5353 illis,
3331 5288 3541 5343 coronis
3562 5328 3578 5353 ,
3608 5302 3668 5343 ac

2074 5380 2512 5439 retributionibus
2538 5379 2756 5451 dignum
2787 5391 3194 5435 commemoras.
3229 5377 3359 5433 Nam
3404 5377 3505 5431 ism
3547 5378 3664 5447 quia

2074 5475 2196 5532 deut
2228 5487 2334 5529 una
2361 5487 2481 5527 cum
2512 5470 2614 5526 hac
2639 5472 2748 5526 vita
2791 5470 3062 5531 ﬁniuntur,
3095 5467 3184 5520 illa
3216 5482 3345 5522 vero
3371 5466 3422 5521 in
3466 5466 3675 5522 inlinito

2076 5568 2167 5624 illo
2193 5582 2308 5622 aevo
2332 5564 2491 5620 ﬁnem
2524 5579 2629 5618 non
2663 5563 2857 5616 habent
2881 5578 2894 5615 :
2924 5560 3037 5614 haec
3058 5562 3379 5631 temporaria
3400 5574 3520 5613 cum
3545 5560 3671 5625 sint,

2079 5668 2401 5729 praetereunt
2435 5673 2449 5708 :
2481 5654 2566 5707 illa
2598 5667 2717 5706 cum
2750 5650 2857 5706 sint
2887 5649 3229 5713 immortalia,
3265 5659 3520 5718 perpetuo
3550 5663 3672 5718 per.

2078 5756 2315 5803 manent.
2340 5744 2491 5812 Quod
2517 5743 2689 5813 ipsum
2711 5749 2766 5794 et
2798 5740 2904 5793 alio
2930 5739 3049 5794 loco
3068 5738 3410 5794 subiudieaus
3431 5739 3676 5794 dicebat:
