4086 6424
494 404 594 460 159

494 516 559 577 Id
580 516 714 587 quod
736 516 788 571 in
819 532 1010 586 pra'sen
1037 515 1052 566 i
1077 522 1146 567 est
1171 521 1572 565 momentaneum
1601 519 1648 564 et
1666 509 1769 563 leve
1791 506 2079 561 tribulatio-

492 610 568 663 nis
597 606 691 681 (Ξ.
719 606 838 662 Cor.
871 608 924 661 4.
954 606 1052 673 17)
1090 623 1103 657 :
1130 604 1209 658 sic
1238 604 1533 673 quantitate
1558 602 1871 673 qualitatem
1901 600 2079 655 immi-

491 703 625 764 nuit,
655 707 710 753 et
738 697 1078 752 acerbitatem
1112 694 1315 764 mitigat
1341 695 1600 763 temporis
1625 692 1907 751 brevitate.
1939 690 2082 758 Quo-

489 793 629 846 niam
659 790 802 845 enim
830 788 1013 858 gravia
1055 795 1243 842 natura
1273 800 1368 840 sua
1395 797 1547 840 erant
1575 796 1631 839 et
1660 784 1886 838 molesta
1913 821 1928 845 ,
1960 797 2082 852 quae

490 892 597 935 tum
625 880 728 935 illis
757 878 1100 940 accidebant,
1134 877 1393 932 brevitate
1440 876 1736 931 molestiam
1781 873 1971 928 minuit
1999 873 2081 928 di-

484 987 612 1027 catus
641 989 657 1026 :
689 970 755 1024 Id
789 972 920 1025 :nim
956 970 1090 1041 quod
1127 972 1179 1023 in
1218 968 1454 1039 prasenti
1482 979 1552 1021 est
1595 977 1995 1020 momentaneum
2033 974 2080 1019 et

484 1068 587 1120 leve
622 1064 959 1118 tribulationis
1000 1073 1186 1117 nostra:
1208 1102 1223 1127 ,
1266 1077 1423 1130 supra
1461 1060 1665 1114 modum
1694 1060 1748 1112 in
1773 1057 2079 1113 sublimitate

486 1166 731 1210 retentum
777 1154 955 1225 gloria:
989 1152 1186 1225 pandas
1229 1162 1468 1222 operatur
1502 1151 1556 1204 in
1594 1148 1769 1213 nobis,
1813 1165 1912 1202 non
1951 1164 2077 1201 con—

483 1245 840 1318 temptantibus
861 1245 1005 1299 nobis
1035 1259 1147 1313 qtae
1171 1242 1422 1309 videntur,
1444 1241 1533 1295 sed
1557 1257 1671 1310 qua:
1696 1256 1796 1294 non
1824 1239 2073 1293 videntur.

486 1339 612 1404 Qua:
644 1339 774 1393 enim
805 1338 1055 1401 uidentur,
1093 1333 1393 1406 temporalia
1434 1344 1550 1389 sunt
1576 1349 1595 1387 :
1617 1348 1734 1403 qua:
1766 1342 1933 1385 antem
1977 1348 2079 1385 non

483 1433 735 1497 videntur,
776 1438 965 1485 caterua
1002 1439 1121 1483 sunt
1152 1427 1170 1497 (
1196 1426 1251 1480 2.
1278 1427 1397 1483 Cor.
1430 1426 1483 1480 4.
1520 1426 1606 1479 17.
1641 1424 1765 1496 18).
1799 1424 1865 1478 ΕΙ,
1894 1439 2079 1477 rursus

483 1536 540 1581 ut
567 1525 636 1581 ad
670 1522 1095 1595 cognoscendam
1131 1521 1394 1576 bonorum
1436 1519 1577 1573 illius
1603 1518 1723 1571 vine
1753 1516 2074 1587 magnitudi-

483 1634 605 1673 nem
651 1617 770 1672 illus
817 1613 1109 1685 provehat,
1140 1621 1440 1668 creaturam
1482 1610 1649 1680 ipsam
1683 1608 1752 1662 oh
1794 1608 2076 1678 prassentia

484 1708 623 1764 mala
652 1707 922 1762 dolentem
951 1714 1006 1760 et
1030 1711 1434 1774 congcmentem
1462 1700 1747 1755 introducit
1772 1741 1787 1766 ,
1814 1714 1878 1753 ac
1902 1698 2076 1753 futura

483 1813 755 1872 tamquam
769 1800 920 1855 valde
931 1796 1161 1869 jucunda
1184 1794 1530 1851 vehementer
1544 1800 1837 1863 optantem,
1855 1790 1981 1846 dum
1998 1789 2079 1847 sic

483 1895 592 1949 ait:
618 1892 818 1947 Etenim
834 1901 1063 1945 creatura
1079 1888 1420 1958 congemiscit,
1446 1895 1493 1939 et
1509 1884 1661 1939 simul
1682 1883 1899 1953 parturit
1924 1899 2075 1953 usque

484 1989 653 2043 adhuc
671 1988 849 2058 (llam.
872 1987 924 2042 8.
946 1985 1020 2039 22
1035 1984 1078 2055 ).
1097 1984 1210 2051 Qua
1234 1983 1299 2037 tle
1315 1997 1472 2036 causa
1492 1980 1655 2052 gemit
1671 1979 1694 2033 ἲ
1709 1994 1813 2050 qua
1831 1977 1896 2033 de
1916 1990 2076 2031 causa

486 2081 742 2152 parturit?
762 2081 892 2133 Dum
916 2079 1000 2131 illa
1021 2076 1279 2130 nimirum
1302 2072 1473 2128 futura
1492 2073 1625 2126 bona
1645 2069 2001 2141 prarstolatur,
2022 2075 2077 2122 et

488 2176 538 2230 in
567 2174 754 2228 melius
783 2171 1128 2226 mutationem
1155 2166 1441 2223 desiderat.
1478 2163 1616 2218 Nam
1643 2174 1689 2217 et
1708 2164 1821 2233 ipsa
1840 2204 1855 2228 ,
1883 2160 2072 2231 inquit,

478 2276 712 2321 creatura
733 2264 1024 2321 liberabitur
1042 2280 1073 2316 a
1097 2261 1333 2316 servitute
1356 2257 1709 2329 corruptionis,
1725 2258 1777 2309 in
1798 2255 2074 2317 libertatem

483 2359 660 2426 gloria
687 2358 907 2428 ﬁliorum
939 2354 1033 2409 Dei
1067 2356 1083 2424 (
1108 2352 1188 2407 Η).
1220 2368 1267 2404 υ.
1293 2351 1357 2405 21
1386 2349 1420 2421 ).
1457 2349 1590 2405 Cum
1617 2363 1747 2404 vero
1774 2347 1926 2401 audis
1954 2361 2073 2401 eam

481 2464 697 2517 gemere
720 2465 782 2504 ac
805 2447 1101 2519 parturire,
1137 2445 1247 2499 noli
1272 2445 1475 2498 ratione
1506 2442 1778 2512 praeditam
1811 2441 1954 2495 illam
1981 2455 2072 2493 ar-

484 2540 688 2606 bitrari,
713 2539 805 2594 sed
833 2538 1029 2592 idioma
1050 2536 1336 2605 Scriptura!
1356 2534 1611 2603 intellige.
1637 2530 1769 2588 Cum
1795 2531 1937 2586 enim
1960 2530 2073 2585 vult

483 2632 621 2687 Deus
661 2629 965 2684 hominibus
1010 2642 1258 2699 magnum
1299 2624 1496 2696 aliquid
1541 2639 1604 2679 ac
1639 2623 1932 2693 jucundum
1977 2638 2072 2691 per

483 2721 767 2792 prophetas
791 2719 1130 2785 aununtiare,
1161 2718 1302 2788 ipsas
1327 2718 1485 2771 etiam
1515 2731 1603 2771 res
1628 2715 1944 2770 inanimatas
1973 2716 2071 2769 liu-

476 2817 552 2887 git
581 2816 980 2881 miraculorum,
1006 2827 1124 2884 qum
1154 2811 1307 2882 ﬁunt,
1328 2828 1356 2862 u
1381 2808 1740 2881 aguitudincm
1773 2809 2067 2878 percipere,

478 2923 583 2964 non
620 2906 761 2977 quod
800 2920 961 2961 scusu
991 2902 1264 2976 praeditam
1296 2916 1415 2956 esse
1456 2911 1754 2955 creaturam
1785 2900 2028 2954 dicamus
2050 2938 2067 2967 ,

476 3001 573 3055 sed
615 3008 674 3054 ut
713 3013 807 3068 per
837 3013 901 3053 ea
929 3013 1050 3068 quae
1095 2994 1399 3049 hominibus
1424 2992 1688 3063 quadrant
1711 3033 1726 3057 ,
1761 2991 2068 3062 magnitudo

479 3090 857 3146 miraculorum
882 3086 1108 3159 exprimi
1142 3086 1328 3156 possit.
1359 3084 1471 3139 Hoc
1501 3084 1748 3138 nimirum
1775 3094 1827 3137 et
1856 3098 1953 3138 uos
1980 3084 2066 3138 dio

475 3199 601 3240 rere
626 3184 862 3238 solemus
884 3222 900 3246 ,
928 3195 1049 3235 cum
1082 3178 1408 3248 inopinatum
1434 3174 1559 3246 quid
1582 3173 1832 3229 acciderit
1859 3172 2064 3247 [ipsam

477 3275 662 3329 urbem
688 3286 809 3328 esse
833 3269 1199 3327 contristatam
1227 3310 1241 3333 ,
1273 3267 1446 3322 solum
1477 3267 1647 3336 ipsum
1674 3268 1920 3321 nitestius
1944 3282 2065 3322 6856

478 3363 766 3439 redditum]
794 3364 894 3435 (α),
922 3371 979 3417 et
1000 3376 1121 3416 cum
1150 3357 1219 3414 de
1247 3359 1404 3413 srevis
1443 3373 1504 3412 ac
1536 3356 1859 3413 terribilibus
1886 3371 2065 3412 sermo

478 3460 537 3514 tit
563 3457 866 3513 hominibus
894 3469 957 3509 ac
986 3453 1153 3507 ferina
1184 3458 1361 3504 mente
1392 3449 1628 3519 praeditis
1652 3490 1668 3515 ,
1698 3449 1767 3503 ita
1796 3450 1916 3519 quis
1946 3450 2063 3519 ple-

475 3565 701 3620 rumque
748 3546 984 3616 loquitur
1016 3563 1029 3599 :
1066 3545 1184 3614 Ipsa
1232 3541 1577 3597 fundamenta
1613 3543 1923 3608 concussit,
1964 3542 2063 3612 ipsi

476 3642 680 3714 lapides
704 3656 830 3697 eum
864 3640 1152 3693 timuerunt
1184 3654 1198 3690 :
1233 3651 1337 3690 nou
1385 3636 1528 3706 quod
1573 3635 1714 3691 hunc
1757 3635 1962 3705 lapides
2004 3650 2064 3691 ro

468 3751 598 3791 «vera
630 3731 924 3795 timueri..t,
954 3730 1047 3786 sed
1077 3738 1135 3784 ut
1161 3743 1422 3783 summam
1448 3726 1629 3784 cordis
1657 3727 1774 3798 ejus
1801 3726 2063 3782 feritatem

472 3838 528 3883 et
557 3826 790 3881 furorem
834 3823 1038 3894 possint
1064 3820 1385 3890 exprimere.
1441 3817 1551 3874 liae
1597 3819 1756 3875 etiam
1799 3818 1868 3872 de
1907 3831 2067 3872 causa

473 3916 731 3972 mirabilis
756 3913 1017 3986 propheta
1048 3911 1211 3966 David
1239 3926 1301 3966 ea
1321 3952 1335 3978 ε
1366 3925 1490 3982 quae
1512 3908 1713 3964 ludatis
1737 3915 2064 3974 evenerant,

475 4010 612 4063 bona
639 4018 1088 4066 commemorans,
1114 4016 1344 4072 eamque
1368 4001 1716 4071 voluptatem,
1738 4014 1840 4069 qua
1870 3996 2068 4068 perium

472 4109 622 4152 erant
651 4137 667 4162 ,
699 4110 820 4150 cum
850 4094 1085 4164 Egypto
1114 4090 1326 4146 liberati
1366 4100 1489 4146 sunt
1514 4127 1532 4154 ,
1561 4090 1805 4145 dicebat:
1834 4087 1903 4143 lu
1930 4088 2068 4143 exitu

483 4187 642 4240 Israel
666 4187 728 4238 de
753 4183 1007 4254 diigypto,
1034 4183 1214 4236 domus
1240 4180 1401 4235 Iacob
1423 4180 1486 4233 de
1505 4180 1694 4251 populo
1718 4178 1951 4247 barbaro,
1981 4178 2067 4248 fa-

474 4289 557 4332 cta
594 4288 666 4331 est
702 4277 893 4331 Judwa
929 4273 1263 4341 sanctiﬁcatio
1293 4273 1437 4343 ejus,
1477 4269 1648 4324 Israel
1685 4278 1904 4340 potestas
1932 4271 2062 4337 eius.

478 4370 623 4424 Mare
657 4369 782 4424 vidit
820 4376 867 4422 et
896 4366 1060 4438 fugit,
1091 4363 1340 4419 Jordanis
1375 4379 1642 4418 conversus
1666 4373 1736 4417 est
1764 4372 2062 4418 retrorsum.

475 4460 676 4517 Montes
712 4462 1088 4516 exsultaverunt
1131 4466 1185 4511 ut
1227 4457 1407 4511 arietes
1430 4497 1445 4520 ,
1491 4465 1538 4509 et
1580 4454 1735 4510 colles
1772 4455 1903 4510 sicut
1943 4455 2064 4527 agni

468 4554 656 4622 ovium,
681 4568 714 4606 a
739 4553 867 4623 [acie
886 4550 1093 4606 Domini
1122 4547 1302 4622 (Psal.
1332 4548 1455 4603 115.
1490 4546 1625 4619 1-1).
1653 4546 1766 4603 Hoc
1794 4562 1921 4602 vero
1949 4547 2067 4603 nul-

468 4646 555 4699 lus
583 4646 826 4700 evenisse
857 4659 1109 4713 umquam
1148 4641 1367 4697 audivit.
1402 4640 1536 4696 Nam
1579 4655 1730 4695 mare
1766 4639 1980 4711 quidem
2011 4648 2067 4695 et

460 4737 717 4808 )nrdanis
746 4746 1040 4792 retrorsum
1070 4736 1162 4790 Dei
1187 4733 1340 4804 jussu
1365 4748 1622 4788 conversa
1650 4740 1777 4787 sunt
1808 4749 1822 4786 :
1854 4740 2064 4787 montes

470 4840 648 4885 autem
674 4838 729 4883 et
757 4829 923 4883 colles
950 4844 1054 4882 non
1079 4827 1514 4893 exsultaverat»,
1546 4825 1670 4891 sed,
1704 4835 1761 4879 ut
1781 4834 1904 4880 ante
1927 4825 2059 4894 dixi,

466 4937 590 4975 eum
617 4935 880 4974 summam
901 4918 1227 4989 voluptatem
1250 4917 1408 4972 vellet
1429 4917 1749 4989 exprimere,
1767 4932 1830 4971 ac
1852 4917 2062 4971 relaxa-

471 5015 670 5069 tionem
699 5028 764 5067 ex
794 5011 1104 5083 [Egyptiaca
1135 5011 1417 5065 vexatione
1445 5025 1564 5078 quae
1594 5008 1696 5064 illis
1723 5011 2059 5078 contigerat,

445 5124 556 5164 tres
585 5108 745 5162 etiam
778 5105 1095 5160 inanimatas
1118 5104 1389 5159 exsultare
1417 5102 1648 5169 dicebat,
1680 5117 1744 5157 ac
1768 5100 2061 5171 tripudiare

465 5208 689 5272 propter
714 5213 775 5252 ea
816 5197 954 5251 bona
975 5238 989 5260 ,
1022 5211 1142 5266 qua:
1172 5194 1274 5249 illis
1302 5194 1631 5249 obvenerant
1662 5211 1676 5248 :
1711 5193 2060 5262 quemadmo-

466 5294 591 5348 dmn
622 5306 744 5345 cum
773 5289 924 5344 triste
950 5286 1220 5359 quidpiam
1255 5287 1498 5341 nuntiare
1522 5285 1768 5352 voluerit,
1795 5285 1937 5355 quod
1965 5300 2064 5338 no-

466 5393 573 5438 stra
611 5382 762 5437 nobis
790 5391 1004 5452 peccata
1032 5378 1357 5449 pi-pererint,
1393 5377 1485 5443 ait,
1521 5375 1727 5448 Lugebit
1759 5377 1950 5444 uinum,
1982 5378 2063 5430 lu-

466 5475 595 5543 gebit
621 5483 666 5527 et
689 5473 803 5526 vitis
832 5471 851 5542 (
876 5470 1050 5525 llesai.
1082 5470 1171 5524 24.
1201 5468 1275 5540 7)
1302 5485 1318 5524 :
1350 5476 1406 5524 et
1429 5469 1575 5534 alibi,
1615 5466 1720 5521 Vite
1748 5468 1873 5522 Sion
1892 5470 2063 5539 lugent

471 5565 697 5636 (Thren.
734 5562 889 5634 1,4):
912 5562 1006 5620 sed
1026 5567 1080 5617 et
1127 5559 1414 5631 laerymari
1454 5573 1543 5614 res
1580 5572 1740 5614 sensu
1784 5557 2063 5615 destitutas

467 5660 561 5723 ait,
589 5657 726 5710 Muri
749 5656 873 5724 ﬁlite
889 5655 1013 5711 Sion
1036 5654 1267 5709 deducite
1298 5651 1589 5724 lacrgmas(
1613 5651 1800 5707 Tltren.
1823 5651 1878 5707 2.
1906 5652 2011 5722 18)
2046 5670 2060 5708 :

534 5792 610 5850 (η)
643 5800 756 5846 quae
778 5791 970 5838 uncinis
1000 5788 1289 5840 clauduntur
1330 5790 1538 5840 deerant
1571 5790 1619 5838 in
1651 5788 1817 5849 Editis,
1852 5789 1942 5840 sed
1974 5790 2063 5841 lia-

472 5849 649 5901 lnentu'
675 5853 724 5900 in
749 5860 854 5898 uss.
878 5859 925 5897 et
947 5865 973 5899 a
1000 5858 1238 5901 tirouwne
1260 5860 1432 5902 Dm:an
1454 5852 1580 5902 lecta
1598 5858 1730 5903 sunt.

1243 397 1297 454 S.
1343 395 1619 454 Jt).\l'iNlS
1656 390 2128 451 Clllin‘OS'l'Olll
2174 434 2183 442 .

2186 390 2485 448 \llClllEl’.
2529 370 3063 451 coxsrau'rtrtor.
3680 396 3776 452 tua

2195 502 2301 558 imo
2339 513 2394 560 et
2436 514 2632 562 terram
2678 509 2846 579 ipsam
2886 518 2941 564 et
2975 508 3213 565 Judacam
3253 511 3436 582 lugere
3465 510 3592 567 dicit
3625 525 3778 584 atque

2189 597 2393 652 ebriam
2419 616 2539 655 esse
2581 602 2811 667 tristitia,
2841 617 2944 657 non
2967 604 3107 674 quod
3133 603 3248 659 hmc
3273 604 3538 663 elementa
3571 606 3624 663 id
3654 624 3774 665 scn-

2191 688 2356 756 tiant,
2402 689 2528 753 sed,
2559 702 2612 745 ut
2651 703 2774 746 ante
2798 693 2943 762 dixi,
2972 693 3350 764 prophetarum
3380 699 3783 771 unusquisque}

2186 779 2317 836 dum
2349 782 2584 839 indit-are
2611 785 2722 839 vult
2748 785 3017 856 ingentem
3049 786 3310 843 bonorum
3337 791 3777 861 magnitudinem,

2184 887 2304 942 quce
2352 873 2491 928 Deus
2536 874 2786 946 largitur,
2834 886 2889 932 ct
2924 878 3306 948 suppliciorum
3336 922 3352 948 ,
3396 897 3518 951 qum
3562 893 3778 954 propter

2184 964 2388 1019 scelera
2421 977 2602 1022 nostra
2638 970 2793 1025 nobis
2831 969 3157 1040 iulliguntur,
3191 972 3262 1026 ita
3308 973 3542 1043 loquitur
3570 992 3585 1029 :
3618 992 3777 1046 quam

2184 1054 2254 1110 ob
2299 1071 2514 1112 causam
2555 1059 2739 1114 beatus
2781 1060 2941 1114 etiam
2985 1060 3179 1117 Paulus
3219 1073 3521 1121 creaturam
3551 1065 3778 1134 ingemi-

2182 1157 2420 1203 scentem
2448 1165 2512 1205 ac
2549 1149 2815 1207 dolentem
2844 1152 3160 1219 introducit,
3189 1161 3249 1209 ιιι
3274 1155 3365 1211 Dei
3392 1156 3656 1213 donorum
3689 1176 3779 1213 cx-

2186 1240 2414 1307 primerc
2440 1242 2608 1310 possit
2645 1242 3061 1315 magnitudinem
3080 1288 3095 1311 ,
3118 1260 3239 1317 qua:
3268 1261 3367 1302 nos
3397 1257 3517 1318 post
3541 1247 3678 1303 banc
3706 1250 3779 1302 vi-

2185 1339 2291 1385 lztut
2318 1332 2603 1402 excipient.
2965 1336 2986 1353 ’”

2254 1424 2305 1477 ὃ.
2342 1423 2643 1495 Magnitudo
2672 1443 2840 1482 rerum
2882 1445 3008 1499 quas
3049 1429 3222 1499 adepti
3258 1448 3452 1487 sumus.
3483 1462 3555 1474 ——
3580 1434 3775 1492 Verum

2184 1516 2296 1570 ba-c
2321 1518 2498 1572 omnia
2528 1529 2653 1574 sunt
2678 1519 2732 1575 in
2762 1534 2891 1591 spe,
2916 1521 3058 1578 dicet
3086 1524 3350 1594 quispiam
3376 1542 3392 1579 :
3422 1526 3778 1595 pusillanimis

2181 1620 2358 1666 autem
2373 1627 2436 1666 ac
2453 1612 2616 1668 miser
2636 1613 2818 1682 homo,
2844 1630 2948 1670 non
2968 1616 3038 1671 ita
3056 1616 3262 1688 pridem
3292 1618 3361 1672 ab
3381 1618 3681 1675 idololatria
3707 1622 3776 1677 lio

2182 1701 2397 1759 bonatus
2422 1745 2438 1767 ,
2472 1720 2647 1775 neque
2676 1705 2801 1761 dum
2834 1707 3009 1763 sciens
3037 1708 3106 1764 de
3132 1708 3293 1764 rebus
3322 1709 3511 1766 futuris
3540 1712 3777 1783 philoso-

2183 1793 2334 1863 phart
2359 1835 2372 1857 ,
2404 1809 2509 1849 non
2548 1793 2835 1850 admodum
2865 1796 2949 1853 his
2977 1798 3317 1854 sermonibus
3344 1801 3652 1873 corrigitur,
3681 1804 3777 1859 sed

2183 1885 2236 1939 in
2266 1887 2513 1956 praesenti
2543 1896 2783 1959 tempore
2810 1889 3230 1945 consolationem
3261 1891 3493 1962 aliquam
3518 1902 3668 1963 optat
3692 1895 3778 1951 in-

2182 1981 2383 2035 venire.
2418 1978 2621 2036 Idcirco
2648 1980 2898 2035 nimirum
2923 1990 2979 2036 et
3002 1983 3220 2051 sapiens
3247 1983 3333 2038 hic
3361 1985 3635 2056 magister,
3661 1988 3780 2041 cui-

2180 2086 2283 2141 que
2310 2084 2431 2126 n0'a
2463 2081 2587 2127 sunt
2611 2073 2811 2139 omnia,
2846 2090 2949 2128 non
2981 2074 3139 2128 modo
3158 2090 3221 2130 ex
3251 2073 3404 2130 bonis
3432 2076 3622 2131 futuris
3640 2093 3776 2131 cun-

2182 2166 2403 2230 :olatur,
2436 2165 2532 2221 scd
2555 2182 2620 2222 ex
2646 2167 2996 2236 prmsentibus
3022 2170 3182 2223 etiam
3210 2170 3506 2224 commodis
3526 2169 3777 2225 cohorta-

2181 2264 2287 2313 tar.
2322 2261 2395 2313 Ac
2426 2260 2652 2330 primum
2693 2260 2907 2330 quidem
2933 2277 2995 2316 ea
3016 2304 3032 2325 ,
3065 2277 3183 2331 quae
3208 2262 3318 2329 jam
3348 2262 3463 2315 (ιι-1ιί
3507 2270 3773 2318 terrarum

2180 2348 2543 2413 obvenerant,
2585 2351 2725 2406 bona
2755 2363 3139 2408 commemorat
3162 2393 3176 2414 ,
3207 2369 3325 2422 quin
3362 2369 3470 2407 non
3514 2353 3564 2407 in
3597 2370 3691 2423 spe
3719 2365 3777 2411 et

2178 2442 2575 2512 exspevtatione
2616 2444 2716 2497 sita
2756 2453 2908 2498 erant
2930 2483 2946 2509 ,
2978 2444 3073 2499 sed
3100 2445 3290 2514 quibus
3318 2446 3492 2515 reipsa
3519 2445 3772 2501 frueban-

2181 2543 2265 2587 tur
2294 2552 2307 2586 :
2338 2549 2459 2603 qua)
2488 2533 2782 2590 htturorum
2806 2576 2820 2597 ,
2854 2546 2906 2590 et
2933 2551 3120 2591 eorum
3166 2553 3284 2607 qua:
3326 2547 3612 2605 Sperautur
3657 2554 3774 2592 tua-

2177 2624 2319 2679 xima
2340 2635 2419 2679 est
2442 2633 2496 2679 et
2518 2624 2915 2682 evidentissima
2939 2626 3363 2681 demonstratio:
3387 2641 3615 2696 cumque
3637 2627 3773 2683 bene

2180 2714 2393 2784 longum
2419 2714 2487 2769 de
2515 2714 2618 2769 ﬁde
2644 2729 2949 2770 sermonem
2973 2715 3249 2780 tenuisset,
3274 2724 3434 2785 atque
3457 2717 3772 2785 patriarcha:

2178 2805 2446 2860 Abraham
2468 2806 2792 2861 mentionem
2824 2805 3055 2870 fecisset,
3081 2806 3168 2875 qui
3201 2806 3325 2861 licet
3354 2807 3653 2863 reluctante
3680 2825 3770 2863 na-

2177 2907 2294 2954 tura
2333 2899 2566 2968 speravit
2599 2908 2776 2953 tamen
2812 2915 2871 2953 se
2901 2906 3105 2968 patrem
3135 2898 3374 2954 futurum
3394 2940 3413 2966 ,
3442 2903 3771 2970 exspectavit

2175 2999 2229 3044 et
2273 2988 2534 3053 credidit,
2566 2999 2895 3060 quapropter
2933 3000 2984 3045 et
3032 2990 3246 3045 tandem
3290 2989 3385 3044 fuit
3416 3010 3430 3046 :
3462 2991 3588 3046 inde
3617 2992 3769 3049 ducta

2174 3083 2455 3138 occasione
2478 3083 2805 3149 cohortatur,
2835 3092 2892 3137 ut
2917 3098 3201 3152 numquam
3220 3083 3285 3138 ad
3309 3083 3769 3140 ratiocinationum

2179 3175 2538 3231 inﬁrmitatem
2563 3176 2893 3243 delabamur,
2917 3176 3008 3231 sed
3038 3178 3245 3231 animos
3271 3187 3483 3232 nostros
3514 3178 3771 3246 magnitu-

2173 3269 2298 3324 dine
2313 3268 2431 3324 tidei
2449 3269 2734 3339 erigamus,
2751 3269 3070 3329 attollamus,
3087 3278 3140 3324 et
3151 3268 3254 3323 alta
3272 3271 3540 3340 Sapiamus
3555 3288 3563 3319 :
3578 3267 3771 3323 deinde

2175 3378 2386 3426 rerum,
2415 3378 2547 3433 quas
2576 3362 2752 3432 adepti
2777 3361 2887 3431 jam
2918 3376 3102 3417 sumus
3125 3404 3140 3426 ,
3176 3362 3406 3431 explicat
3436 3360 3766 3431 dignitatem.

2173 3454 2427 3522 Quzenam
2459 3454 2545 3508 illa
2572 3468 2728 3523 porro
2749 3464 2831 3507 est
2854 3453 2879 3507 τ
2904 3452 3054 3520 Quod
3086 3451 3334 3506 nimirum
3364 3449 3553 3505 Filium
3578 3466 3730 3505 suum
3748 3493 3763 3515 ,

2176 3549 2375 3618 inquit,
2407 3548 2733 3617 unigenitum
2754 3587 2770 3612 ,
2797 3544 3087 3617 genuinum
3109 3584 3125 3611 ,
3156 3543 3563 3598 dilectissimum
3586 3583 3601 3606 ,
3630 3542 3769 3597 hunc

2177 3641 2316 3695 Deus
2346 3655 2442 3708 pro
2471 3639 2623 3694 nobis
2651 3636 2929 3693 sceleratis
2961 3635 3131 3690 servis
3164 3632 3317 3688 dedit
3338 3676 3353 3697 ,
3384 3643 3436 3688 et
3477 3633 3766 3687 innumeris

2177 3734 2408 3803 peccatis
2435 3739 2684 3800 gravatos
2706 3768 2722 3793 ,
2756 3728 3023 3797 tantisque
3050 3726 3363 3782 delictorum
3389 3725 3641 3778 oneribus
3667 3738 3764 3791 op-

2175 3838 2390 3894 pressos
2419 3838 2524 3877 non
2553 3837 2582 3874 a
2614 3819 2845 3891 peccatis
2871 3821 3045 3873 solum
3073 3819 3356 3883 liberavit,
3389 3817 3483 3871 scd
3514 3825 3568 3871 et
3591 3815 3765 3887 justus

2175 3913 2349 3968 ellecit
2374 3955 2386 3973 ,
2416 3912 2546 3967 nihil
2573 3926 2739 3981 grave
2769 3909 3043 3979 imperans
3070 3917 3160 3962 aut
3187 3906 3507 3961 laboriosum
3538 3914 3628 3960 aut
3652 3920 3739 3960 mo

2174 4005 2402 4069 lectum,
2448 4001 2544 4058 sed
2584 4001 2741 4057 tidem
2788 4016 2818 4053 a
2865 3999 3019 4054 nobis
3060 4006 3263 4052 tantum
3288 3995 3763 4066 requirensjustos

2172 4096 2424 4161 reddidit,
2453 4105 2666 4149 sanctos
2694 4092 2890 4157 effecit,
2921 4092 2971 4146 in
3003 4089 3099 4146 Dei
3128 4089 3264 4144 ﬁlios
3290 4089 3582 4160 adoptavit,
3607 4087 3761 4145 bere-

2173 4186 2269 4241 des
2301 4184 2447 4255 regni
2479 4184 2708 4239 instituit
2733 4225 2747 4249 ,
2781 4181 3050 4252 Unigeniti
3079 4180 3373 4237 coheredes
3402 4180 3723 4235 renuntiavit
3743 4220 3759 4244 ,

2174 4276 2620 4331 resurrectionem
2652 4272 2931 4345 promisit,
2962 4286 3246 4342 corporum
3276 4270 3759 4342 incorruptionem,

2171 4368 2532 4424 conditionem
2561 4375 2617 4421 et
2641 4373 2839 4421 sortem
2871 4364 3113 4420 eamdem
3141 4378 3262 4419 cum
3288 4364 3512 4433 angelis,
3537 4378 3657 4434 qua:
3679 4378 3763 4418 ra-

2172 4464 2370 4517 tionem
2399 4474 2613 4514 omnem
2642 4472 2706 4514 ac
2739 4465 2977 4513 mentem
3012 4463 3337 4526 exsuperat,
3381 4454 3759 4510 habitationem

2172 4556 2224 4609 in
2252 4554 2399 4608 ea'lis
2417 4593 2433 4620 ,
2462 4554 2923 4607 conversationem
2952 4564 3074 4606 cum
3104 4550 3221 4618 ipso
3242 4590 3258 4615 ,
3289 4563 3353 4602 ac
3381 4547 3611 4617 Spiritus
3636 4562 3758 4601 san-

2171 4648 2240 4703 cti
2270 4649 2493 4716 gratiam
2520 4646 2629 4715 jam
2657 4644 2782 4699 inde
2810 4644 2964 4697 nobis
2992 4641 3198 4705 effudit,
3228 4656 3260 4696 a
3288 4640 3487 4697 diaboli
3517 4655 3616 4696 nos
3643 4654 3762 4709 pos-

2170 4741 2411 4795 sessione
2440 4739 2703 4798 liberavit,
2736 4751 2834 4790 nos
2858 4751 2887 4789 a
2918 4735 3217 4790 da'mouttm
3248 4734 3503 4788 servitute
3529 4733 3763 4788 vindica-

2170 4833 2266 4893 vit,
2296 4839 2571 4900 peccatum
2598 4828 2881 4894 destruxit,
2910 4826 3341 4881 maledictionem
3368 4825 3599 4888 sustulit,
3632 4825 3764 4879 infe-

2169 4939 2350 4980 t‘ot‘ttm
2382 4933 2564 4992 portas
2590 4919 2854 4990 confregit
2875 4961 2890 4983 ,
2921 4917 3224 4989 paradisum
3255 4918 3459 4986 aperuit
3485 4958 3501 4983 ,
3534 4930 3639 4970 nou
3669 4932 3768 4970 an-

2167 5019 2366 5087 gelum,
2399 5031 2505 5069 non
2531 5012 2935 5083 archangelum,
2966 5010 3058 5066 sed
3092 5012 3266 5080 ipsum
3294 5009 3634 5081 Unigenitum
3671 5025 3768 5079 pro

2169 5110 2341 5163 salute
2370 5114 2548 5162 nostra
2575 5105 2743 5173 misit,
2772 5104 2911 5158 sicut
2937 5118 3032 5174 per
3061 5102 3376 5173 prophetam
3408 5103 3610 5173 inquit,
3646 5101 3767 5156 Non

2169 5202 2380 5270 legatus,
2412 5215 2570 5268 neque
2595 5198 2827 5268 angelus,
2855 5196 2944 5250 sed
2971 5196 3081 5266 ipse
3104 5194 3357 5250 Dominus
3372 5195 3546 5265 salvos
3574 5211 3667 5248 nos
3696 5195 3769 5262 [e-

2169 5294 2234 5345 cit
2264 5289 2467 5361 (Hemi.
2495 5291 2581 5344 G5.
2609 5287 2686 5358 9).
2734 5288 2859 5342 llaec
2899 5301 3075 5341 nonne
3112 5286 3379 5340 sexcentis
3404 5286 3767 5352 Splendidiora

2168 5392 2294 5438 sunt
2309 5380 2556 5436 cor-(niis?
2577 5362 2717 5449 quod
2733 5376 3045 5433 sanetillcati
3066 5391 3250 5431 sumus
3262 5376 3287 5431 ἲ
3301 5376 3441 5446 quod
3456 5375 3559 5444 juSI
3570 5375 3682 5429 itica
3697 5375 3771 5428 ti?

2170 5473 2311 5545 quod
2352 5486 2445 5541 per
2474 5470 2675 5525 ﬁdem?
2703 5469 2843 5539 quod
2887 5468 3164 5538 uuigenito
3194 5467 3289 5521 Dei
3318 5466 3455 5521 Filia
3485 5480 3581 5535 pro
3612 5466 3769 5518 nobis

2171 5563 2570 5621 descendente?
2599 5561 2739 5631 quod
2782 5562 2938 5616 Patre
2969 5559 3157 5615 Filium
3179 5573 3333 5613 suum
3359 5557 3766 5613 dileCIissitnum

2174 5669 2392 5732 promer
2418 5673 2516 5712 nos
2540 5654 2834 5711 tradente?
2858 5654 2999 5724 quod
3039 5653 3293 5723 Spiritum
3334 5663 3575 5706 ςειηοιιιιη
3610 5665 3767 5705 acce-

2174 5751 2391 5823 pimus?
2417 5749 2557 5821 quod
2583 5763 2704 5803 cum
2734 5747 2880 5802 omni
2906 5746 3159 5800 facilitate
3178 5747 3203 5799 ζ’
3230 5743 3369 5813 quod
3397 5741 3614 5812 copiosa
3641 5757 3762 5811 gra-

2178 5844 2248 5899 tia
2285 5842 2532 5912 donoque
2573 5839 2722 5911 politi
2767 5837 2992 5894 Sumus?
3020 5835 3116 5893 llis
3161 5836 3336 5905 itaque
3376 5833 3531 5888 dictis
3559 5841 3761 5888 etcum
