4086 6424
331 374 420 432 ist
1398 369 1486 424 ne
1525 364 1780 423 atoma
1822 364 1886 421 IN
1925 362 2564 448 rmapcarrumucs.

329 489 507 562 paucis
530 489 710 545 verbis
740 488 917 543 omnia
942 484 1289 551 declarasset,
1323 472 1508 538 rursus
1535 493 1925 536 commemora-

330 584 472 638 tione
498 581 613 649 spei
643 595 950 635 sermonem
981 577 1173 633 finivit.
1203 575 1335 629 Cum
1365 573 1508 628 enim
1536 570 1760 628 dixisset
1781 613 1793 632 ,
1820 567 1920 622 Ju-

326 672 530 741 sliﬁcati
554 673 709 742 igitur
734 687 798 724 ea:
825 670 926 739 ﬁde
953 685 1127 738 pacem
1152 666 1391 721 habemus
1417 663 1485 717 ad
1515 661 1677 715 Deum
1705 677 1792 732 per
1818 657 1925 713 Do-

329 766 517 817 minam
547 773 772 816 nostrum
788 760 963 816 Iesum
992 759 1268 823 Christum,
1293 773 1383 829 per
1406 771 1556 827 quem
1582 761 1627 807 et
1657 752 1926 807 [tabuimus

325 867 587 907 accessum
616 870 707 922 per
735 851 888 921 [idem
914 852 968 905 in
992 850 1229 921 gratiam,
1260 849 1312 901 in
1342 863 1441 917 qua
1465 854 1678 909 stamus,
1707 842 1922 913 adjecit,

329 946 394 1001 Et
413 945 697 1017 gloriamur
712 946 762 999 in
779 961 868 1012 spe
882 944 1058 1016 gloria:
1073 941 1169 996 Dei
1185 940 1362 1011 (Rom.
1385 940 1437 995 5.
1464 939 1514 994 1.
1536 938 1614 1009 2).
1641 937 1925 1006 Postquam

328 1039 489 1108 igitur
502 1036 634 1090 dixit
655 1037 842 1105 partim
861 1052 977 1104 quae
989 1035 1096 1104 jam
1111 1040 1419 1094 evenerant,
1435 1030 1625 1101 partim
1641 1045 1759 1098 qua:
1777 1043 1930 1082 even-

327 1137 444 1182 tura
466 1139 621 1182 erant
646 1145 659 1181 :
688 1142 808 1180 nam
834 1124 978 1196 quod
996 1124 1264 1194 iustificati
1283 1122 1495 1194 quidem
1516 1135 1699 1176 sumus
1716 1160 1732 1185 ,
1754 1118 1924 1190 quod-

325 1236 433 1289 que
460 1235 557 1288 pro
585 1218 737 1273 nobis
761 1228 813 1272 et
832 1217 1135 1271 immolatus
1156 1227 1232 1270 est
1253 1215 1439 1280 Filius,
1465 1224 1517 1270 et
1534 1213 1675 1284 quod
1700 1227 1791 1282 per
1806 1227 1926 1267 eum

323 1324 602 1365 accessum
632 1308 698 1363 ad
730 1308 939 1362 Patrem
967 1307 1311 1367 obtinuimus,
1336 1303 1479 1375 quod
1506 1304 1730 1375 gratiam
1760 1310 1814 1358 et
1833 1302 1930 1357 du-

327 1416 455 1455 nnm
472 1399 652 1470 adepti
674 1413 879 1461 sumus,
893 1397 1034 1469 quod
1052 1413 1081 1452 a
1095 1398 1326 1468 peccatis
1342 1396 1553 1469 liberati
1566 1408 1772 1457 sumus,
1788 1393 1928 1465 quod

324 1491 394 1547 ad
424 1493 590 1548 Deum
618 1506 801 1561 pacem
828 1490 1104 1557 habemus,
1133 1499 1186 1545 et
1205 1488 1433 1558 Spiritus
1458 1487 1627 1544 sancti
1645 1486 1930 1557 participes

327 1583 545 1652 fuimus,
571 1584 682 1638 lucc
706 1581 858 1638 exiis
875 1590 999 1636 sunt
1021 1596 1137 1651 qua:
1151 1581 1262 1650 jam
1290 1588 1584 1636 evenerunt
1612 1597 1626 1634 :
1656 1593 1777 1650 qua:
1803 1593 1931 1634 vero

325 1687 453 1732 sunt
474 1685 750 1742 eventura,
771 1676 937 1747 gloria
961 1675 1209 1730 nimirum
1234 1682 1317 1730 est
1340 1675 1431 1729 illa
1454 1673 1757 1738 incffabilis,
1789 1671 1929 1744 quod

326 1772 502 1838 ipsum
527 1770 687 1822 etiam
713 1766 908 1837 adjecit
934 1766 1116 1821 dicens
1147 1783 1160 1820 :
1189 1765 1255 1821 1η
1284 1781 1385 1829 qua
1412 1774 1624 1830 stamus,
1652 1774 1701 1820 et
1731 1765 1925 1836 gloria-

325 1878 441 1914 mur
482 1860 536 1914 in
574 1876 664 1925 spe
701 1857 882 1930 gloria:
922 1857 1018 1912 Dei
1051 1856 1240 1930 (Rom.
1274 1859 1328 1912 5.
1352 1857 1422 1928 2)
1450 1875 1463 1911 :
1496 1871 1657 1927 porro
1683 1869 1840 1925 Spes,
1874 1863 1932 1909 ut

322 1960 455 2006 ante
485 1949 628 2015 dixi,
661 1950 728 2004 ad
761 1950 1152 2020 pusillanimem
1195 1947 1494 2002 auditorem
1536 1946 1847 2015 erigendum
1878 1955 1930 2000 et

323 2040 666 2097 excitandum
695 2054 802 2094 non
832 2038 1118 2094 admodum
1139 2046 1222 2092 est
1253 2037 1440 2092 idonea
1467 2054 1481 2091 :
1505 2036 1624 2091 vide
1650 2034 1776 2106 quid
1806 2049 1928 2089 rur-

323 2146 423 2187 sus
467 2130 661 2198 faciat,
704 2140 758 2186 et
797 2128 1149 2184 constanziam
1180 2127 1331 2182 Pauli
1359 2125 1637 2181 considera
1668 2140 1730 2179 ac
1759 2124 1933 2196 philu-

323 2222 605 2293 sopbicam
636 2230 893 2276 mentem.
922 2221 997 2275 Ex
1029 2220 1133 2275 illis
1159 2220 1300 2275 enim
1331 2219 1483 2289 ipsis,
1512 2235 1630 2289 quze
1662 2217 1928 2274 tristitiam

323 2324 419 2368 aut
436 2312 903 2391 perturbationem
945 2312 1139 2367 all‘erre
1165 2311 1482 2366 videbantur
1502 2352 1517 2378 ,
1546 2320 1601 2366 et
1629 2311 1927 2366 auditorem

325 2405 551 2461 turbare
573 2446 587 2467 ,
629 2420 695 2460 ex
739 2405 821 2459 his
853 2403 1236 2459 consolationis
1261 2412 1315 2458 et
1343 2402 1675 2472 gloriationis
1700 2415 1928 2456 coronas

325 2498 590 2554 contexit.
626 2497 719 2552 llis
748 2497 889 2551 enim
921 2495 1171 2550 omnibus
1197 2494 1526 2549 enumeratis
1554 2492 1806 2561 deinceps
1835 2492 1930 2545 ad-

319 2590 442 2660 jicit
464 2588 653 2644 dicens
687 2605 700 2640 :
745 2586 861 2641 Non
902 2586 1073 2641 solum
1117 2586 1231 2640 lucc
1270 2585 1354 2638 aio
1378 2625 1393 2650 ,
1434 2600 1554 2654 qua:
1594 2597 1735 2637 nunc
1778 2581 1927 2647 dixi,

322 2681 467 2752 quod
510 2679 760 2734 nimirum
800 2677 1114 2732 sanctilicati
1155 2690 1340 2731 sumus
1364 2713 1379 2740 ,
1423 2673 1566 2745 quod
1607 2671 1881 2745 justiﬁcati
1912 2715 1926 2740 ,

321 2770 471 2841 quod
504 2786 599 2840 per
622 2767 993 2839 Unigenitum,
1019 2767 1160 2838 quod
1186 2768 1356 2837 gratia
1378 2765 1526 2835 potiti
1555 2778 1759 2830 sumus,
1788 2763 1930 2833 quod

325 2875 483 2932 pace,
511 2860 653 2930 quod
682 2860 848 2926 dono,
880 2858 1021 2929 quod
1053 2857 1367 2913 remisxione
1394 2863 1759 2925 peccatorum,
1781 2853 1923 2924 quod

323 2950 816 3006 comnmnicatioue
854 2949 1085 3019 Spiritus
1123 2962 1237 3001 sant
1255 2950 1289 3000 ti
1313 2986 1328 3012 ,
1357 2946 1498 3016 quod
1528 2946 1674 2999 omni
1701 2960 1822 2999 cum
1854 2942 1931 2997 fa-

324 3041 565 3104 cilitate,
603 3039 743 3110 quod
784 3039 985 3109 absque
1026 3037 1209 3092 labore
1234 3078 1248 3103 ,
1287 3037 1488 3106 absque
1527 3035 1758 3101 sudore,
1785 3033 1927 3105 quod

322 3133 445 3189 sola
476 3129 579 3186 ﬁde
598 3172 614 3197 ,
642 3129 784 3200 quod
816 3129 1007 3184 Filium
1035 3127 1179 3182 misit
1205 3127 1530 3197 unigenitum
1556 3166 1571 3192 ,
1599 3124 1739 3195 quod
1769 3139 1930 3180 unum

326 3224 547 3295 quidem
581 3224 801 3292 largitus
828 3232 907 3276 est
930 3263 945 3288 ,
971 3222 1201 3277 alterum
1227 3236 1355 3274 vero
1383 3219 1660 3288 promisit,
1691 3216 1933 3272 ineffabi-

327 3316 438 3370 lem
464 3313 710 3384 gloriam,
737 3312 1218 3378 immortalitatem,
1253 3310 1706 3366 resurrectionem
1733 3324 1929 3378 corpo-

326 3424 452 3463 rum
478 3449 494 3473 ,
523 3406 886 3462 conditionem
912 3413 968 3461 et
995 3413 1194 3459 sortem
1227 3404 1522 3473 angelicam
1547 3443 1561 3467 ,
1588 3400 1934 3456 consuetudi-

330 3517 460 3556 nem
490 3515 611 3554 cum
638 3497 852 3553 Christo
875 3537 891 3563 ,
922 3496 1306 3551 habitationem
1338 3495 1389 3547 in
1420 3493 1565 3548 caelis
1595 3509 1608 3545 :
1644 3491 1760 3547 haec
1788 3492 1932 3547 enim

327 3593 518 3647 omnia
546 3591 720 3646 verbis
745 3588 847 3644 illis
868 3588 1179 3658 complexus
1200 3594 1304 3653 est,
1325 3584 1617 3641 Gloriamur
1635 3585 1687 3639 in
1712 3601 1802 3657 spe
1821 3585 1932 3657 glo-

327 3683 431 3737 τίω
462 3680 556 3738 Dei
587 3681 606 3752 (
629 3682 777 3736 llam.
805 3680 857 3736 5.
891 3679 926 3733 2
1630 3732 1631 3735 η

412 3772 550 3843 Ipsa:
569 3772 853 3844 amictiones
876 3781 991 3825 sunt
1021 3769 1211 3825 latitia:
1239 3768 1543 3823 occasiones.
1577 3796 1649 3807 —
1671 3766 1787 3822 Non
1810 3765 1926 3821 haec

331 3868 500 3939 igitur
527 3866 697 3921 solum
723 3865 866 3931 dicit,
898 3878 1018 3934 qua:
1055 3863 1415 3932 contigerunt,
1440 3870 1493 3915 et
1521 3875 1642 3930 quae
1685 3867 1809 3914 sunt
1846 3857 1932 3912 fu-

332 3971 461 4013 tura
490 3975 504 4012 :
530 3957 623 4012 sed
653 3970 714 4012 ea
743 3970 954 4026 quoque
978 3955 1113 4025 ipsa,
1137 3968 1256 4024 quae
1277 3953 1415 4007 inter
1431 3952 1676 4006 homines
1701 3950 1921 4004 molesta

331 4057 644 4117 censentur,
691 4046 972 4103 tribunalia
1020 4045 1304 4110 nimirum,
1355 4059 1639 4109 carceres,
1686 4052 1923 4107 mortes,

333 4140 533 4205 minas,
556 4137 771 4202 famem,
797 4144 1080 4203 tormenta,
1097 4134 1413 4205 sartagines,
1439 4138 1701 4196 fornaces,
1725 4131 1931 4200 deprae-

329 4233 632 4293 datiouem,
683 4230 842 4295 bella,
885 4228 1328 4299 oppugnationes,
1359 4239 1583 4296 pugnas,
1609 4224 1933 4289 seditiones,

332 4323 733 4387 contentiones,
764 4323 877 4376 haec
917 4332 1129 4389 quoque
1169 4316 1334 4372 refert
1363 4319 1414 4370 itt
1446 4330 1726 4370 numerum
1768 4312 1937 4369 dono-

338 4430 464 4469 rum
491 4427 555 4467 ac
583 4422 726 4468 recte
751 4412 1031 4466 factorum.
1063 4406 1178 4463 Non
1215 4408 1356 4462 enim
1386 4407 1455 4460 ob
1477 4406 1564 4460 illa
1591 4404 1786 4470 solum,
1817 4418 1935 4473 quae

336 4505 483 4559 dicta
527 4509 673 4571 sunt,
718 4500 1003 4556 laetandum
1049 4508 1131 4555 est
1165 4508 1322 4568 atque
1365 4494 1724 4566 gaudendum,
1755 4493 1850 4549 sed
1881 4493 1936 4549 in

338 4597 429 4652 his
474 4596 633 4650 etiam
671 4593 1033 4664 gloriandum,
1081 4601 1138 4646 ut
1176 4606 1297 4645 cum
1339 4591 1433 4651 ait,
1469 4587 1623 4642 Nunc
1663 4586 1859 4658 gaudeo
1884 4588 1937 4641 in

339 4688 660 4761 passionibus
708 4688 830 4742 meis
863 4703 955 4756 pro
997 4684 1154 4753 vobis,
1178 4694 1223 4739 et
1250 4683 1505 4753 adimplco
1525 4698 1585 4735 ea
1608 4696 1722 4745 quae
1758 4681 1938 4735 desunt

339 4782 637 4854 passionum
663 4777 847 4835 Christi
869 4780 923 4832 in
948 4794 1098 4832 carne
1118 4793 1228 4831 mea
1256 4774 1391 4846 (Col.
1418 4777 1468 4828 l.
1491 4773 1604 4845 24).
1633 4771 1790 4828 Vides
1820 4773 1937 4827 ani-

342 4887 487 4926 mam
514 4870 729 4935 fortem,
759 4879 993 4925 mentem
1021 4868 1329 4929 sublimem,
1360 4866 1606 4935 spiritum
1656 4864 1934 4930 invictum,

340 4963 434 5033 qui
476 4978 582 5017 non
613 4961 683 5016 ob
711 4975 943 5017 coronas
983 4967 1186 5014 tantum
1235 4959 1513 5028 gloriatur,
1548 4956 1644 5011 sed
1679 4967 1734 5011 ct
1761 4965 1936 5010 certa-

343 5055 578 5110 minibus
607 5054 734 5124 ipsis
761 5053 1096 5109 oblectatur?
1122 5067 1226 5107 non
1254 5052 1426 5106 solum
1455 5050 1524 5103 ob
1556 5049 1772 5118 prwmia
1809 5063 1940 5119 gau-

342 5145 456 5207 det,
489 5144 584 5199 sed
608 5144 660 5199 in
688 5144 842 5199 luctis
872 5145 1029 5198 etiam
1059 5142 1331 5197 exsultat?
1362 5156 1467 5194 non
1515 5138 1675 5193 modo
1719 5148 1937 5209 propter

344 5237 724 5293 retributiones
745 5237 972 5302 ltetatur,
991 5235 1084 5290 sed
1111 5243 1168 5289 et
1193 5234 1307 5303 ipso
1338 5231 1612 5303 pancratio
1637 5228 1941 5300 gloriatur?

344 5328 422 5384 Ne
446 5327 572 5382 mihi
609 5326 751 5382 enim
799 5341 1021 5396 regnum
1062 5325 1317 5378 «ciorum
1355 5334 1738 5386 commemora,
1768 5334 1942 5389 neque

346 5436 568 5475 coronas
584 5419 700 5476 illas
716 5415 1314 5479 immarcescibiles,ncc
1336 5410 1673 5483 przcmia,sed
1693 5425 1778 5464 res
1801 5410 1943 5480 ipsas

346 5521 656 5580 przcsetnes,
676 5509 728 5563 in
745 5507 938 5579 quibus
954 5507 1119 5561 multa
1136 5506 1271 5559 inest
1289 5503 1526 5566 afflictio,
1545 5502 1693 5555 labor
1715 5542 1729 5564 ,
1749 5509 1805 5555 et
1836 5514 1944 5553 mo-

346 5602 497 5657 lestia
514 5600 770 5672 plurima:
791 5598 906 5653 haec
924 5595 1163 5667 proferin
1179 5588 1439 5659 medium,
1473 5602 1527 5648 et
1553 5590 1837 5646 ostendere
1856 5603 1942 5659 po-

346 5705 459 5750 tero
480 5702 700 5763 propter
718 5692 818 5745 ista
846 5689 1015 5744 multo
1047 5687 1274 5757 amplius
1300 5699 1419 5740 esse
1438 5681 1792 5755 gloriandum.
1809 5679 1940 5735 Nam

343 5790 393 5845 in
413 5786 642 5857 profanis
659 5781 873 5853 quidem
892 5778 1147 5852 agooibus
1160 5777 1393 5832 laborem
1411 5774 1606 5830 habent
1623 5769 1937 5837 certamina,

3528 369 3628 421 (εἷ

2033 491 2245 533 Corona:
2261 487 2462 544 autem,
2492 478 2814 547 voluptatem
2842 477 2964 534 :bic
2989 494 3114 534 vero
3141 494 3248 535 non
3270 480 3375 549 ita;
3394 483 3491 537 sed
3505 501 3574 536 ειν
3608 504 3631 535 .~.

2029 584 2258 625 coronas
2286 571 2399 640 ipsa
2433 572 2724 625 certamina
2762 571 2983 626 multam
3025 575 3369 628 occasionem
3400 573 3564 629 affert.
3599 589 3633 629 rt

2030 661 2312 734 gloriandi.
2336 660 2509 732 Atque
2527 672 2583 715 ut
2604 662 2717 715 Ita-e
2738 661 2807 716 ita
2825 676 2884 717 se
2898 661 3094 717 habere
3113 664 3550 736 intelligatis,uuo

2031 769 2298 826 quemque
2323 767 2626 810 sanctorum
2659 770 2752 823 per
2780 755 3019 825 singulas
3052 759 3431 826 generationes
3454 775 3551 814 cor.
3576 782 3625 809 -ι-

2032 845 2234 911 derate,
2256 858 2312 901 ut
2332 846 2503 917 inquit
2524 847 2633 913 ille,
2669 846 2969 918 Exemplum
2991 850 3224 919 accipite,
3255 850 3459 920 fratres,
3489 853 3585 905 (me
3618 887 3627 891 -

2031 936 2102 990 ris
2123 946 2167 991 et
2190 937 2462 1008 patientur,
2496 938 2787 1007 prop/tetas,
2816 939 2902 1009 qui
2941 938 3137 1009 loquuti
3179 950 3296 993 sunt
3341 939 3541 994 verbum
3580 961 3587 969 “

2033 1029 2236 1081 nomine
2276 1027 2483 1081 Domini
2514 1028 2649 1098 (Jac.
2685 1030 2735 1085 5.
2766 1029 2875 1100 10).
2922 1031 3224 1097 Quinetiam
3266 1032 3352 1086 hic
3388 1033 3501 1103 ipse
3541 1058 3548 1081 ι
3582 1056 3625 1081 εις

2035 1119 2189 1174 nobis
2210 1120 2311 1174 huc
2335 1131 2607 1176 certamen
2632 1122 2926 1191 proposuit,
2958 1132 3012 1177 et
3043 1123 3145 1178 hoc
3172 1125 3449 1193 spirituale
3479 1128 3545 1179 th
3572 1165 3593 1173 ..

2035 1220 2172 1265 trum
2198 1214 2529 1278 convocavit,
2561 1213 2778 1281 Paulus,
2804 1214 3041 1284 inquam,
3074 1229 3352 1287 postquam
3382 1219 3575 1273 inania.

2034 1313 2120 1356 ras
2150 1301 2481 1372 singulorum
2504 1314 2809 1358 sanctorum
2839 1303 3154 1360 afﬂictiones
3183 1309 3468 1371 recensuit,
3498 1326 3546 1377 q:
3620 1345 3626 1353 .

2037 1410 2209 1464 neque
2235 1411 2377 1450 nunc
2414 1397 2657 1467 persequi
2691 1397 3024 1452 numerando
3052 1398 3205 1453 facile
3236 1400 3414 1466 fuerit,
3442 1402 3559 1470 atljt

2035 1487 2109 1553 git
2134 1485 2319 1541 dicens
2344 1503 2357 1540 :
2382 1485 2700 1542 Circuierunt
2726 1488 2777 1542 in
2803 1487 3018 1552 melotis,
3048 1489 3099 1543 in
3127 1491 3343 1559 pellibus
3379 1495 3569 1561 capriu

2035 1586 2264 1647 egentes,
2309 1578 2584 1649 angustiati
2607 1621 2622 1644 ,
2662 1579 2830 1650 amicti
2869 1595 2887 1632 :
2923 1578 3102 1650 quibus
3138 1581 3323 1652 dignus
3375 1599 3475 1637 non
3518 1604 3567 1636 er
3614 1600 3621 1607 '

2037 1667 2256 1721 mundus
2277 1668 2292 1699 ³
2322 1666 2512 1735 (Hebr.
2546 1668 2630 1722 li.
2661 1666 2751 1724 37.
2777 1669 2889 1740 58),
2927 1679 2981 1724 et
3023 1678 3199 1724 tamen
3253 1680 3471 1741 promer
3520 1674 3547 1726 lt

2036 1759 2213 1811 ontuia
2253 1759 2587 1814 ltelaba'ntur.
2620 1760 2731 1815 lloc
2776 1776 2904 1815 vero
2944 1776 3166 1817 cernere
3212 1763 3387 1832 quivis
3435 1778 3621 1833 [ΜΗ-κε.

2035 1850 2247 1921 quando
2285 1860 2403 1921 post
2428 1867 2721 1918 carcerem,
2750 1862 2804 1907 et
2836 1854 3024 1922 probra
3049 1854 3173 1908 caesi
3201 1854 3513 1909 VClbel‘lblls
3538 1878 3563 1905 ς·

2035 1945 2312 2001 ciebantur
2344 1961 2358 1999 :
2389 1945 2515 2016 quid
2551 1946 2656 2000 ait?
2708 1944 2771 1999 Et
2811 1946 2890 1999 illi
2931 1946 3137 2015 quidem
3176 1946 3315 2001 ibant
3357 1949 3549 2019 gaudet.
3615 1979 3629 1991 ς

2035 2053 2065 2089 a
2086 2048 2355 2106 conspectu
2398 2038 2614 2101 consilii,
2645 2038 2883 2108 quoniam
2925 2039 3068 2109 digni
3090 2039 3250 2092 habiti
3269 2048 3383 2093 sunt
3411 2056 3503 2111 pro
3537 2062 3545 2089 ι
3610 2073 3619 2078 -

2036 2129 2170 2182 utine
2188 2126 2315 2182 Jesu
2344 2129 2700 2183 contumeliam
2727 2132 2835 2199 pati
2878 2130 3015 2197 (Act.
3047 2131 3100 2185 5.
3128 2131 3241 2201 41).

2105 2221 2159 2275 4.
2190 2218 2480 2291 Martyrum
2521 2220 2720 2291 egregia
2761 2220 3055 2275 certamina.
3088 2218 3287 2275 Paulus
3320 2222 3555 2274 daemonis
3624 2246 3627 2247 ν

2035 2313 2270 2366 terribilis
2295 2312 2349 2365 in
2374 2312 2803 2383 aﬂlictionibus.-
2823 2311 3019 2366 Verum
3050 2314 3194 2366 enim
3238 2328 3363 2366 vero
3407 2314 3516 2366 haec
3543 2336 3549 2363 ς

2034 2414 2143 2460 stra
2175 2405 2333 2459 etiam
2357 2412 2514 2457 astate
2542 2404 2908 2473 contigerunt;
2937 2418 2997 2457 ac
3021 2403 3065 2457 si
3086 2402 3231 2467 velit,
3252 2403 3527 2473 cOgitctqt;
3564 2437 3569 2443 .

2034 2510 2094 2549 ea
2117 2509 2236 2564 qum
2273 2493 2415 2558 dico,
2445 2493 2618 2562 qualia
2643 2502 2882 2563 tempore
2916 2494 3390 2562 persequutionum
3427 2509 3549 2547 actu

2035 2586 2160 2640 rint.
2197 2584 2593 2656 lngrediebatur
2618 2585 2767 2654 virgo
2794 2593 2973 2639 tenera
3006 2595 3060 2639 et
3091 2585 3331 2654 innupta,
3353 2601 3471 2640 cera
3500 2612 3525 2648 α,

2038 2678 2115 2732 vis
2141 2678 2354 2731 tnollius
2401 2676 2601 2731 habens
2643 2691 2857 2745 corpus,
2892 2685 3000 2730 tum
3031 2675 3188 2730 afﬁxa
3220 2677 3449 2745 equuleo
3480 2678 3525 2729 ιε.
3554 2721 3558 2725 .

2034 2770 2107 2823 sis
2137 2769 2391 2824 lateribus
2439 2767 2854 2838 perfodiebatnr,
2885 2775 2938 2820 et
2964 2768 3223 2837 sanguine
3257 2777 3362 2820 tota
3415 2776 3522 2836 pett

2020 2857 2181 2927 erat;
2210 2869 2266 2915 at
2292 2860 2514 2930 perinde
2552 2860 2703 2928 quasi
2728 2874 2925 2930 sponsa
2956 2867 3101 2914 esset
3131 2860 3326 2928 potius,
3355 2870 3408 2913 et
3436 2861 3489 2914 in
3540 2894 3545 2907 ι

2037 2952 2179 3005 lamo
2207 2951 2443 3016 sederet,
2474 2951 2544 3005 ita
2574 2951 2803 3006 libenter
2830 2964 2891 3006 ea
2924 2965 3043 3020 qua:
3090 2950 3289 3005 fiebant
3317 2949 3386 3005 ob
3411 2965 3521 3019 reg-

2034 3045 2289 3098 cazlorutn
2337 3042 2657 3114 perferebat,
2682 3042 2734 3096 in
2783 3042 2912 3112 ipsis
2957 3042 3338 3097 certaminibus
3380 3056 3524 3096 coro.

2036 3139 2358 3210 percipiens.
2386 3137 2571 3208 Cogita
2602 3138 2757 3207 quale
2786 3137 3151 3206 Spectaculum
3181 3147 3324 3192 esset
3352 3145 3501 3207 tyrau

2034 3243 2259 3286 cernere
2296 3243 2416 3283 cum
2443 3229 2555 3283 suis
2594 3227 2938 3291 exercitibus,
2966 3242 3085 3282 cum
3128 3227 3444 3282 acumiualis
3488 3248 3517 3278 «-

2039 3322 2158 3385 bus,
2192 3336 2312 3375 cum
2343 3329 2419 3374 tot
2448 3320 2633 3386 armis,
2665 3335 2785 3388 qua:
2813 3318 2881 3374 ab
2907 3334 3011 3373 una
3041 3319 3215 3388 puella
3259 3319 3495 3373 vinceba;

2038 3412 2198 3468 Vides
2242 3416 2408 3482 ipsam
2448 3410 2610 3465 etiam
2657 3409 2997 3463 afﬂictionem
3023 3423 3142 3463 cum
3173 3409 3402 3462 maxima
3436 3410 3499 3477 git

2038 3506 2182 3561 tione
2208 3518 2329 3561 esse
2359 3501 2739 3573 conjunctam?
2767 3499 2872 3557 Vos
2898 3517 3028 3556 vero
3057 3500 3214 3556 nobis
3241 3509 3406 3556 testes
3446 3517 3509 3556 co

2035 3599 2167 3656 estis
2192 3614 2313 3670 quae
2337 3597 2591 3652 diximus.
2624 3597 2755 3651 Cum
2779 3596 2921 3649 enim
2961 3593 3197 3649 nondum
3232 3593 3503 3649 mercedes
3541 3620 3546 3644 ι

2035 3707 2139 3761 que
2169 3690 2382 3760 praemia
2407 3689 2706 3759 receperint
2735 3697 3018 3758 martyres,
3049 3702 3149 3743 nec
3174 3703 3423 3752 coronas,
3455 3706 3495 3742 st

2039 3782 2311 3852 pulverem
2342 3795 2405 3835 ac
2427 3780 2663 3835 cinerem
2712 3778 2956 3845 abierint,
2992 3794 3205 3834 summo
3245 3780 3421 3834 studio
3450 3798 3477 3831 a
3507 3810 3511 3824 ι

2038 3888 2153 3927 rum
2210 3871 2441 3926 honores
2488 3871 2857 3924 concurrimus
2883 3911 2897 3935 ,
2938 3883 3001 3923 ac
3043 3868 3309 3923 theatrum
3354 3871 3499 3939 Spit'l’

2037 3976 2414 4030 convocamus,
2444 3961 2675 4015 victores
2704 3975 2797 4015 eos
2828 3960 3217 4025 renuntiamus,
3240 3969 3293 4015 ct
3316 3975 3508 4015 Cﬂl‘m..:

2040 4064 2257 4126 propter
2282 4055 2522 4119 vulnera,
2572 4052 2906 4124 sanguinem,
2941 4059 3228 4119 tormenta,
3268 4053 3472 4124 plagas,
3507 4080 3525 4099 .›

2037 4149 2242 4204 ctioucs
2262 4148 2379 4203 illas
2394 4158 2447 4203 et
2466 4146 2737 4218 angustias
2769 4163 2782 4200 :
2814 4146 2892 4200 sic
2927 4145 2985 4199 lit
3015 4154 3070 4200 ut
3095 4154 3150 4200 et
3177 4146 3305 4215 ipsa:
3325 4145 3503 4200 afﬂict.

2038 4241 2413 4311 gloriationem
2438 4255 2589 4296 suam
2638 4240 2870 4294 habeant
2912 4238 2995 4294 Vel
3037 4247 3160 4294 ante
3204 4239 3515 4293 retributio:

2039 4331 2221 4402 Cogita
2249 4340 2482 4402 quantus
2509 4331 2588 4385 vir
2631 4339 2771 4385 esset
2819 4339 2927 4385 tum
2972 4329 3229 4400 temporis
3270 4328 3519 4393 Paulusy

2038 4438 2287 4480 carceres
2310 4423 2598 4488 habitaret,
2628 4431 2681 4476 et
2703 4420 2767 4475 ad
2796 4420 3079 4475 tribunalia
3121 4420 3441 4485 traheretur,
3486 4444 3491 4461 ι

2039 4515 2360 4584 conspicuus
2384 4554 2399 4579 ,
2440 4528 2598 4582 quam
2654 4512 2884 4565 Celebris
2925 4519 2979 4564 et
3016 4509 3237 4564 illustris
3273 4508 3410 4576 apud
3449 4525 3479 4561 (ι

2039 4616 2341 4678 appareret,
2371 4604 2638 4674 praecipue
2682 4617 2808 4657 vero
2845 4601 2985 4671 apud
3034 4615 3149 4666 eos,
3181 4600 3431 4670 aquibus
3463 4620 3494 4649 ιε

2039 4699 2299 4769 gnabatur
2328 4705 2382 4750 et
2412 4695 2617 4749 insidiis
2663 4692 3033 4762 appetebatur.
3059 4690 3162 4746 Sed
3194 4691 3318 4762 quid
3365 4707 3465 4762 ego

2041 4789 2283 4858 spicuum
2316 4786 2620 4841 hominibus
2646 4801 2766 4839 eum
2805 4785 2965 4839 fuisse
2990 4784 3132 4848 dico,
3163 4783 3377 4853 quando
3402 4788 3481 4838 vet

2041 4881 2375 4936 daemonibus
2403 4890 2514 4933 tum
2546 4878 2713 4949 magis
2762 4876 2862 4932 fuit
2900 4875 3277 4942 formidabilis,
3308 4892 3431 4930 cum
3482 4898 3492 4917 ι

2043 4972 2375 5027 caederetur?
2401 4971 2530 5025 Cum
2560 4984 2688 5024 vero
2712 4979 2856 5024 esset
2876 4969 2931 5023 in
2952 4968 3204 5033 vinculis,
3248 4982 3370 5023 cum
3422 4986 3453 5021 ιι
3498 5012 3501 5015 η

2043 5064 2127 5134 gia
2174 5069 2479 5132 pateretur,
2523 5071 2632 5115 tum
2684 5061 2915 5115 maxima
2956 5059 3149 5115 edebat
3192 5059 3477 5114 miracula.

2045 5156 2214 5225 magis
2260 5154 2596 5210 adversaries
2643 5163 2934 5223 potestates
2962 5151 3269 5222 superabat.
3295 5151 3430 5206 Cum
3482 5178 3502 5210 ι,

2048 5250 2212 5316 probe
2251 5256 2453 5311 "0558',
2503 5256 2760 5316 quantum
2788 5260 2853 5299 ex
2906 5244 2987 5298 his
3028 5242 3407 5297 afflictionibus
3451 5261 3475 5291 ε.

2048 5338 2252 5392 lucrum
2301 5337 2599 5400 obveniret,
2642 5336 2852 5391 dicebat
2884 5350 2899 5392 :
2928 5333 3052 5389 Cum
3093 5333 3350 5399 infirmor,
3389 5340 3475 5383 tm:

2045 5440 2153 5484 teus
2183 5447 2295 5484 sum
2325 5445 2341 5481 :
2371 5427 2565 5482 deinde
2595 5427 2742 5481 addit
2772 5443 2786 5479 :
2826 5424 3041 5495 Propter
3060 5422 3196 5492 quod
3233 5421 3407 5491 placeo
3436 5441 3463 5472 ι.

2046 5520 2444 5590 ἱιιμιιιιὲιαιὶὑιιε,
2490 5519 2544 5572 in
2586 5515 2919 5578 contumeliis,
2952 5516 3002 5566 in
3031 5511 3428 5576 necessitatibus,
3459 5534 3469 5560 ι

2112 5652 2130 5683 ι
2157 5657 2260 5713 atss.
2289 5656 2411 5713 post,
2437 5645 2668 5713 caprinis,
2693 5645 2899 5713 addunt,
2918 5643 2966 5693 in
2991 5641 3324 5713 solitudinibus
3339 5655 3477 5713 erro;

2048 5703 2301 5769 montibus;
2320 5721 2363 5761 et
2388 5703 2621 5764 cavernis,
2645 5703 2689 5758 et
2709 5714 2805 5755 aut:
2820 5703 2862 5755 is
2886 5712 3053 5767 tcrrw,
3073 5703 3215 5764 pulsi,
3237 5711 3442 5769 «gentes,
3466 5724 3490 5762 ς

2057 5773 2230 5837 (lignus
2253 5785 2345 5823 non
2369 5778 2470 5821 crat
2496 5769 2720 5819 mundus.
