4086 6430
402 2548 419 2575 ο

501 326 607 387 ίϋδ

495 532 685 599 Christi
711 531 1034 603 (2.Cor.13.
1060 531 1146 587 10.
1182 529 1259 603 9).
1284 531 1487 587 Idcirco
1505 542 1667 588 etlam
1697 547 1821 588 cum
1837 533 1904 587 ad
1927 549 2088 604 quos-

491 625 617 679 dam
660 624 922 680 scriberet
956 622 1198 679 Corinthi
1238 622 1515 694 degentes,
1564 633 1621 680 et
1650 623 1705 679 in
1733 639 1825 680 eos
1866 624 2088 679 invehe-

494 727 661 784 retur,
684 720 773 787 qut
795 715 863 770 de
890 730 950 770 se
967 714 1246 786 magniﬁce
1271 714 1593 781 sentiebant,
1619 715 1753 771 alios
1782 731 1912 771 vero
1934 715 2087 771 dam-

495 808 709 871 nabant,
741 804 984 876 epistola:
1030 806 1258 861 formam
1304 807 1616 876 exprimens
1656 805 1837 875 nobis,
1863 817 2083 863 coaetus

492 907 576 953 est
592 912 809 952 suorum
828 905 975 952 recte
998 896 1260 952 factorum
1282 896 1570 967 imaginem
1588 897 1903 970 depingere,
1924 899 2088 971 idque

493 1004 599 1043 non
625 1004 690 1043 ex
718 988 903 1059 signis,
934 1003 1042 1043 non
1085 1002 1152 1045 ex
1189 988 1480 1055 miraculis,
1500 1004 1605 1043 non
1631 1004 1697 1044 ex
1728 989 1956 1057 honore,
1980 1005 2086 1046 non

490 1096 554 1135 ex
590 1081 820 1148 deliciis,
866 1079 964 1136 sed
1002 1095 1067 1136 ex
1113 1080 1441 1146 carceribus,
1471 1096 1537 1136 ex
1558 1080 1797 1151 judiciis,
1820 1096 1888 1138 ex
1918 1081 2081 1152 fante,

488 1187 553 1226 ex
582 1171 776 1240 frigore
795 1211 812 1237 ,
832 1186 896 1226 ex
941 1170 1115 1236 bellis,
1145 1185 1211 1226 ex
1237 1170 1468 1241 insidiis,
1497 1173 1758 1242 ejusmodi
1786 1173 1965 1230 verbis
1993 1190 2088 1232 eos

489 1264 769 1334 alloquens
813 1281 828 1320 :
871 1263 1097 1317 blinistri
1152 1261 1340 1320 Christi
1384 1275 1536 1332 sunt,
1578 1276 1633 1319 ut
1668 1266 1838 1321 minus
1885 1270 2086 1339 sapiens

493 1357 627 1422 dico,
659 1356 773 1427 plus
789 1373 902 1429 ego,
935 1367 990 1413 et
1018 1358 1261 1414 indicans
1295 1360 1423 1415 illud
1470 1359 1619 1427 Plus,
1651 1370 1707 1415 et
1747 1361 1799 1416 in
1829 1376 1936 1433 quo
1955 1364 2088 1417 emi-

491 1457 666 1514 neret,
688 1448 882 1518 inquit,
914 1446 980 1502 In
1008 1449 1261 1505 laboribus
1278 1452 1520 1522 amplius,
1538 1452 1592 1506 in
1629 1452 1911 1507 carceribus
1925 1454 2088 1508 abun-

492 1540 717 1605 «lautius,
749 1542 804 1595 in
830 1542 997 1613 plagis
1024 1559 1182 1613 supra
1205 1545 1431 1611 modum,
1458 1546 1513 1601 in
1546 1547 1787 1601 mortibus
1801 1551 2089 1619 frequenter

494 1633 581 1705 (Ξ.
597 1632 714 1689 Cor.
734 1635 824 1691 11.
845 1635 972 1705 25),
990 1645 1182 1707 etquae
1203 1649 1499 1710 sequuntur
1524 1657 1537 1693 :
1570 1638 1630 1695 Si
1645 1640 1855 1711 gloriari
1868 1650 2084 1712 oportet,

496 1725 550 1779 in
570 1725 634 1779 iis
658 1741 770 1794 quin
783 1726 1093 1795 inﬁrmitatis
1111 1744 1235 1783 mea:
1252 1738 1369 1783 sunt
1382 1730 1716 1803 gloriabor(2.
1729 1730 1848 1786 Cori
1864 1732 1923 1787 Η
1939 1771 1950 1783 .
1968 1732 2086 1803 50).

562 1817 741 1873 Gloria
767 1818 1076 1888 uoluptatem
1103 1818 1275 1888 affert.
1320 1819 1601 1877 Prtemium
1617 1825 1875 1894 justorum
1910 1829 1965 1878 in
1991 1826 2088 1879 hac

495 1908 619 1962 vita.
646 1907 905 1964 —Vides
934 1923 1057 1964 eum
1088 1908 1143 1964 in
1194 1910 1280 1967 Itis
1334 1912 1503 1967 multo
1546 1914 1777 1982 amplius
1829 1915 2085 1985 gloriari,

493 2015 653 2070 quam
677 2000 747 2056 ob
784 2000 1089 2071 splendidas
1116 2016 1347 2057 coronas
1390 2003 1488 2057 sibi
1520 2005 1731 2074 placere
1752 2047 1767 2071 ,
1819 2016 1980 2077 atque
2006 2007 2087 2063 id-

493 2093 638 2146 circo
665 2091 876 2156 dicere,
930 2091 1054 2146 Non
1096 2093 1263 2147 solum
1289 2105 1480 2161 autem,
1519 2096 1609 2149 sed
1636 2107 1683 2151 et
1708 2098 1990 2169 gloriamur
2034 2101 2088 2154 in

490 2184 949 2239 tribulatibuibus.’
969 2185 1105 2252 Quid
1135 2194 1218 2241 est
1240 2196 1419 2241 autem
1473 2187 1600 2241 illud
1626 2228 1645 2255 ,
1700 2187 1823 2243 Non
1869 2192 2033 2245 solum
2064 2192 2090 2246 .’

495 2281 609 2336 Non
631 2276 826 2341 solum,
860 2277 1054 2346 inquit,
1085 2294 1190 2332 non
1211 2278 1447 2334 animum
1466 2279 1858 2350 despondemus
1879 2282 2089 2354 afﬂicti,

492 2367 751 2429 mrumnis
790 2370 1058 2439 oppressi,
1087 2369 1183 2425 sed
1212 2379 1480 2441 tamquam
1523 2371 1784 2442 majorem
1811 2373 1879 2428 ad
1912 2374 2083 2429 hono-

491 2476 604 2516 rem
630 2460 966 2532 gloriamque
992 2462 1249 2533 provecti,
1278 2463 1575 2534 gloriamur
1589 2466 1764 2534 potius
1784 2466 1950 2533 obea,
1968 2481 2088 2538 qua

497 2552 656 2609 nobis
680 2554 1020 2625 contingunt,
1048 2554 1413 2611 incommoda.
1460 2555 1663 2613 Deinde
1689 2558 1942 2629 quoniam
1974 2574 2090 2613 ma-

494 2648 690 2702 ximam
715 2647 844 2703 oriri
864 2647 1111 2719 gloriam,
1143 2648 1357 2704 laudem
1384 2658 1439 2704 et
1453 2648 1795 2718 jactationem
1825 2667 1894 2707 ex
1922 2652 2092 2708 tribu-

491 2735 777 2796 tationibus
800 2739 959 2808 dixit,
987 2739 1216 2811 gloriam
1243 2755 1374 2796 vero
1409 2752 1616 2796 certum
1645 2750 1731 2797 est
1761 2742 2084 2814 voluptatem

487 2834 711 2891 afferre:
741 2834 828 2888 ubi
851 2834 995 2890 enim
1022 2834 1267 2906 voluptas
1295 2843 1399 2903 est,
1429 2835 1652 2890 etnnino
1675 2844 1760 2891 est
1787 2835 1948 2892 etiam
1966 2837 2085 2907 glo-

492 2926 568 2979 ria
593 2941 606 2976 :
641 2925 735 2979 ubi
762 2938 890 2979 vero
916 2922 1039 2979 talis
1062 2923 1255 2994 gloria,
1280 2924 1350 2979 ibi
1375 2924 1596 2979 omnino
1620 2932 1708 2980 est
1736 2925 1899 2981 etiam
1930 2926 2087 2982 volu-

495 3024 650 3083 ptas:
686 3022 967 3085 postquam
990 3013 1152 3085 igitur
1180 3012 1343 3085 allligi
1365 3013 1704 3084 splendidum
1732 3014 1860 3085 quid
1881 3023 1937 3071 et
1960 3016 2087 3072 illu-

494 3114 608 3160 stre
632 3118 753 3160 esse
801 3104 1226 3170 demonstravit,
1272 3112 1331 3161 ct
1370 3105 1704 3175 gloriationis
1749 3120 2088 3164 occasuonem

492 3195 708 3263 aﬂ‘erre,
733 3195 897 3250 alium
915 3197 1034 3267 ejus
1050 3195 1303 3252 effectum
1325 3197 1615 3252 maximum
1634 3206 1815 3252 narrat
1839 3196 2093 3254 fructum-

495 3303 600 3360 que
629 3302 898 3344 summum
924 3303 988 3343 ac
1011 3287 1354 3358 stupendum.
1389 3287 1620 3355 Quisille
1638 3304 1800 3358 porro
1816 3289 2087 3347 sitvidea-

488 3394 627 3434 mus.
657 3379 889 3436 Scientes
912 3379 1091 3451 igitur,
1119 3379 1315 3450 inquit,
1339 3380 1476 3450 quod
1504 3380 1765 3436 tribulatio
1794 3384 2089 3453 patientiam

488 3477 748 3539 operatur,
795 3470 1040 3540 patientia
1088 3474 1257 3523 autem
1310 3468 1673 3540 probationem,
1704 3472 1933 3543 probatio
1972 3490 2089 3530 vero

485 3576 627 3628 spem
648 3599 665 3627 ,
714 3576 830 3631 spes
870 3570 1039 3616 autem
1080 3576 1182 3615 non
1220 3561 1488 3632 confundit
1537 3562 1557 3635 (
1585 3563 1736 3619 Rom.
1769 3565 1821 3620 5.
1870 3566 1905 3621 3
1935 3597 1960 3609 -
1982 3567 2017 3623 5
2045 3568 2084 3637 ).

486 3648 624 3718 Quid
650 3659 753 3715 est,
786 3650 1013 3706 Scientes
1039 3652 1177 3723 quod
1211 3651 1470 3708 tribulatio
1525 3655 1822 3725 patientiam
1850 3656 1932 3727 (a)
1962 3673 2087 3727 ope-

490 3740 672 3795 ratur?
704 3741 855 3797 Ilunc
883 3743 1174 3799 maximum
1199 3743 1430 3800 fructum
1451 3744 1634 3811 habet,
1653 3747 1794 3817 quod
1814 3747 2087 3804 hominem

484 3828 744 3886 afﬂictum
790 3831 1148 3891 robustiorem
1206 3835 1402 3892 reddit.
1450 3835 1585 3892 Nam
1635 3838 2086 3907 quemadmodum

484 3922 725 3989 arbores,
756 3940 877 3994 quae
926 3926 979 3979 in
1022 3925 1291 3982 umbrosis
1335 3941 1401 3982 ac
1446 3939 1732 3984 ventorum
1779 3931 2087 4000 expertibus

489 4013 619 4067 locis
630 4013 868 4081 aluntur,
898 4030 1020 4071 cum
1045 4026 1267 4073 externa
1285 4018 1464 4088 specie
1488 4034 1744 4090 prospere
1762 4021 2085 4092 germinent,

491 4102 680 4156 molles
697 4103 831 4159 llnnt
853 4113 1014 4175 atque
1040 4104 1304 4178 fungoste,
1335 4116 1390 4163 et
1426 4107 1582 4165 facile
1627 4111 1820 4179 quovis
1870 4112 2086 4169 incursu

490 4195 791 4262 lzeduntur;
822 4212 943 4267 quae
968 4212 1098 4253 vero
1137 4199 1191 4254 in
1228 4201 1455 4256 excelsis
1487 4202 1749 4258 montium
1798 4204 2089 4261 verticibus

492 4288 608 4344 sita!
632 4297 759 4345 sunt
781 4331 797 4357 ,
827 4304 856 4344 a
904 4290 1085 4345 multis
1115 4293 1429 4362 magnisque
1452 4293 1629 4348 ventis
1653 4294 1920 4364 agitantur
1942 4337 1957 4361 ,
2008 4297 2090 4352 in-

493 4381 805 4452 temperiem
833 4382 971 4437 aeris
991 4382 1205 4439 assidue
1227 4382 1420 4449 ferunt,
1437 4386 1750 4455 gravissima
1768 4395 2088 4458 tempestate

493 4473 792 4541 pulsantur,
823 4482 877 4530 et
902 4474 1068 4529 multa
1101 4474 1224 4530 nive
1255 4475 1536 4545 feriuntur,
1568 4474 1713 4532 ferro
1754 4479 1944 4548 quovis
1991 4494 2081 4535 ro-

491 4564 758 4621 bustiores
782 4565 1016 4621 evadunt
1040 4581 1054 4619 :
1085 4566 1199 4637 pari
1231 4566 1437 4623 ratione
1456 4582 1708 4639 corpora,
1736 4584 1858 4640 quce
1905 4567 2086 4625 multis

555 4738 630 4797 (υ)
665 4746 782 4795 neu.
808 4744 963 4789 totum
983 4739 1141 4792 refert
1160 4742 1288 4795 Pauli
1312 4743 1486 4795 locum.

1243 327 1300 385 S.
1341 327 1620 384 JOANNIS
1655 325 2133 392 CllllYSOSTOSIl
2170 327 2486 384 ancorae.
2526 326 3062 388 CONSTANTINOP.

493 440 894 513 sequutionibus,
934 441 986 496 in
1025 440 1277 513 angustiis
1302 482 1316 506 ,
1358 450 1413 494 αδ
1451 440 1694 495 int-ubiut
1736 442 1789 496 in
1816 457 1895 495 me
1937 428 2094 495 sirius

3689 336 3789 391 itit

2204 456 2268 495 ac
2299 441 2458 496 variis
2486 441 2539 496 in
2578 440 2786 498 deliciis
2815 443 3133 511 educantur,
3164 461 3281 514 quze
3331 446 3583 503 mollibus
3624 454 3787 502 vcsti-

2198 533 2397 588 mentls
2424 544 2707 601 ornantur,
2739 550 2858 606 qua:
2884 535 3154 592 continuis
3179 537 3385 593 balneis
3414 548 3469 593 et
3508 543 3785 609 unguentis

2199 635 2440 693 utuntur,
2469 641 2533 683 ac
2556 626 2758 681 disersi
2807 628 3025 698 generis
3077 629 3348 685 alimentis
3400 642 3593 701 pra-ter
3637 647 3785 685 nsum

2193 716 2555 772 necessarium
2598 716 2827 774 delicate
2856 719 3140 785 fruuntur,
3192 736 3411 790 prorsus
3456 721 3524 777 ad
3565 722 3785 778 sudores

2194 806 2513 878 laboresque
2537 824 2633 878 pro
2655 810 2914 880 religione
2937 811 3250 867 subeundos
3280 813 3483 867 inutilia
3541 814 3782 868 reddun-

2193 906 2302 963 tur,
2330 898 2673 970 maximoque
2693 900 2956 971 supplicio
2981 913 3108 958 sunt
3133 901 3364 957 obnoxia
3388 919 3401 955 :
3429 903 3507 958 sic
3536 904 3788 959 nimirum

2192 997 2248 1045 et
2270 990 2484 1055 animae,
2513 1005 2636 1061 quze
2662 991 2998 1048 miseriarum
3021 1004 3299 1064 expertem
3347 995 3512 1049 vitam
3540 993 3747 1051 ducunt
3772 1036 3787 1060 ,

2192 1097 2312 1153 qmc
2331 1081 2546 1138 deliciis
2569 1081 2815 1148 afﬂuunt,
2847 1099 2968 1155 qua:
2991 1084 3219 1141 libenter
3248 1086 3600 1156 prmontibus
3629 1088 3790 1141 rebus

2193 1184 2316 1229 sunt
2349 1173 2546 1230 dedita:
2575 1214 2593 1242 ,
2642 1189 2708 1230 ac
2751 1175 2917 1230 vitam
2942 1174 3146 1232 doloris
3171 1186 3449 1247 expertem
3496 1175 3796 1248 pra-ferunt

2192 1263 2571 1321 afﬂictionibus
2610 1279 2711 1336 pro
2758 1281 2925 1337 regno
2974 1266 3235 1323 ctelorum
3281 1281 3433 1323 more
3478 1278 3787 1323 sanctorum

2191 1356 2430 1411 omnium
2456 1356 2775 1425 subeundis,
2803 1372 2927 1412 cera
2947 1358 3134 1428 quavis
3161 1358 3434 1415 molliores
3453 1369 3507 1414 et
3541 1358 3789 1415 imbecilo

2194 1446 2354 1501 liores
2382 1446 2604 1513 effecta),
2643 1448 2749 1519 igni
2773 1448 3025 1518 pabulum
3042 1457 3380 1519 exponuntur
3403 1459 3645 1516 esterno;
3672 1465 3789 1520 qua:

2195 1555 2322 1595 vero
2348 1540 2598 1610 periculis
2622 1583 2638 1607 ,
2673 1541 2946 1597 laboribus
2973 1552 3029 1597 et
3056 1542 3311 1597 :crumnis
3337 1542 3645 1600 afﬂictionis
3697 1544 3787 1599 Dei

2192 1632 2667 1688 causatoleranda:
2691 1642 2818 1689 sunt
2840 1634 3124 1703 expositae,
3169 1646 3331 1705 atque
3380 1635 3433 1690 in
3485 1635 3618 1707 ipsis
3656 1652 3790 1691 emt-

2194 1724 2352 1786 tritrc,
2383 1722 2527 1779 ferro
2555 1724 2674 1795 ipso
2705 1724 2786 1781 vel
2813 1724 3097 1780 adamante
3125 1726 3410 1781 solidiores
3439 1728 3573 1781 linnt
3612 1742 3680 1782 ac
3706 1744 3790 1798 ge.

2194 1814 2519 1880 nerosiores,
2551 1824 2608 1871 et
2636 1830 2703 1871 ex
2727 1831 2794 1871 eo
2821 1815 2963 1886 quod
2991 1816 3205 1871 assidue
3230 1826 3510 1882 vexentur,
3557 1817 3787 1888 inexpu-

2191 1904 2434 1975 gnabiles
2459 1906 2780 1961 adversariis
2801 1906 3120 1975 redduntur,
3147 1918 3202 1963 et
3218 1908 3474 1964 invictum
3497 1910 3787 1978 quemdam

2193 1997 2462 2067 patientite
2481 2013 2545 2053 ac
2574 1997 2900 2054 fortitudinis
2921 2000 3160 2056 habitum
3188 2002 3489 2072 acquirunt.
3509 2002 3575 2057 Et
3601 2017 3789 2073 quem-

2192 2088 2480 2143 admodum
2508 2089 2568 2154 ii,
2601 2092 2839 2160 quicum
2889 2092 3122 2161 primum
3166 2093 3343 2147 navim
3390 2092 3784 2155 conscendunt.

2193 2188 2457 2235 nauseant
2484 2187 2537 2235 et
2562 2180 2755 2251 capitis
2788 2183 3049 2253 vertigine
3075 2182 3319 2239 laborant
3358 2183 3554 2238 turbati
3602 2198 3668 2239 ac
3711 2183 3788 2238 ia-

2193 2269 2354 2325 5tidio
2383 2271 2613 2341 correpti
2640 2287 2655 2324 :
2685 2272 2775 2343 qni
2803 2287 2933 2327 vero
2966 2273 3131 2328 multa
3161 2273 3424 2344 longaque
3449 2275 3617 2329 maria
3659 2283 3789 2330 sunt

2189 2360 2419 2428 etnensi,
2450 2360 2540 2432 qui
2565 2362 2760 2418 millies
2801 2377 2861 2419 se
2907 2363 3157 2419 ﬂuctibus
3199 2363 3454 2420 audacter
3498 2364 3791 2420 commise-

2191 2463 2337 2517 runt,
2364 2462 2419 2509 et
2437 2455 2627 2510 crebra
2648 2463 2772 2510 sunt
2795 2456 2937 2525 passi
2975 2456 3270 2527 naufragia,
3299 2457 3784 2527 peregrinationem

2192 2544 2457 2614 ejusmodi
2486 2544 2824 2601 conﬁdenter
2873 2546 3289 2617 aggrediuntur:
3319 2548 3400 2603 sic
3427 2548 3681 2603 nimirum
3731 2556 3788 2603 et

2191 2638 2392 2704 anima,
2424 2654 2545 2708 qua:
2566 2638 2763 2694 multas
2788 2640 3045 2695 sustinuit
3074 2640 3398 2697 tentationes
3420 2682 3437 2707 ,
3485 2650 3541 2695 et
3565 2655 3785 2712 magnas

2192 2729 2414 2799 pertulit
2432 2728 2773 2799 alliictiones,
2800 2730 3077 2787 laboribus
3094 2730 3350 2802 deinceps
3377 2734 3701 2799 assuefacta,
3732 2742 3787 2789 et

2191 2823 2293 2879 sibi
2323 2833 2636 2895 comparato
2663 2824 2845 2879 habitu
2871 2824 3162 2895 patientiae,
3185 2839 3293 2880 non
3322 2825 3554 2896 amplius
3574 2834 3660 2881 est
3673 2841 3789 2880 me-

2193 2914 2442 2982 ticulosa,
2483 2930 2583 2971 nec
2611 2916 2907 2971 terroribus
2953 2915 3218 2984 obnoxia,
3269 2931 3372 2972 nec
3416 2916 3786 2987 ingruentibus

2192 3005 2348 3060 malis
2374 3008 2619 3061 turbatur
2641 3023 2655 3060 :
2686 3005 2780 3063 sed
2796 3006 3012 3062 assidua
3024 3022 3201 3063 rerum
3217 3022 3337 3077 qua:
3358 3008 3610 3063 accidunt
3630 3022 3787 3062 exerv

2192 3097 2465 3164 citatione,
2495 3112 2560 3153 ac
2582 3096 2848 3168 frequenti
2876 3112 3097 3153 casuum
3128 3099 3479 3153 meditatione
3509 3098 3782 3162 roborata,

2192 3200 2544 3258 quaecumque
2568 3187 2852 3258 insurgunt
2877 3188 3211 3244 incommoda
3246 3188 3352 3244 fert
3372 3188 3643 3245 facillime.
3673 3188 3786 3245 iloc

2196 3279 2378 3347 itaque
2404 3279 2606 3347 peritus
2632 3278 2722 3334 ille
2747 3279 2979 3335 caelestis
3007 3280 3433 3334 conversationis
3460 3278 3785 3334 architectus

2194 3366 2436 3423 indicans
2464 3367 2713 3423 dicebat:
2743 3366 2868 3423 Non
2893 3369 3058 3424 solum
3081 3379 3271 3435 autem,
3304 3368 3394 3424 sed
3419 3378 3468 3423 et
3495 3369 3779 3441 gloriamur

2192 3458 2246 3514 in
2265 3459 2675 3515 tribulationibus
2700 3475 2720 3515 :
2748 3460 3002 3532 quoniam
3027 3471 3153 3518 ante
3178 3462 3327 3532 regni
3354 3476 3782 3532 coronarnmqne

2191 3546 2491 3604 caelestium
2522 3547 2864 3620 adeptionem
2894 3552 3185 3607 maximum
3231 3551 3358 3607 hinc
3386 3554 3664 3623 praemium
3693 3567 3783 3607 rc-

2194 3648 2468 3710 portamus
2491 3682 2506 3707 ,
2557 3641 2684 3697 dum
2728 3657 2827 3714 per
2850 3642 3095 3699 assiduas
3118 3641 3437 3699 adﬂictiones
3467 3643 3782 3699 tolerantior

2192 3733 2367 3788 anima
2399 3742 2580 3788 nostra
2608 3733 2871 3799 redditur,
2925 3742 2981 3790 ct
3007 3734 3143 3789 ratio
3171 3734 3362 3790 fortior
3410 3734 3608 3790 evadit.
3661 3733 3782 3790 ﬂuet:

2193 3825 2354 3897 igitur
2372 3825 2552 3881 omnia
2577 3841 2700 3882 cum
2724 3826 2877 3882 nobis
2899 3827 3170 3898 explorata
3215 3827 3320 3882 sint
3348 3868 3365 3895 ,
3411 3826 3738 3882 dileCtissimi
3764 3867 3779 3889 ,

2189 3931 2450 3989 generose
2492 3932 2843 3987 quaecumque
2884 3917 3134 3974 accidunt
3183 3918 3410 3973 adversa
3439 3919 3728 3973 toleremus
3762 3958 3778 3984 ,

2191 4006 2356 4077 quod,
2380 4021 2501 4062 cum
2525 4008 2594 4062 ita
2618 4007 2729 4063 Deo
2751 4009 2923 4063 visum
2948 4008 3127 4075 fuerit,
3157 4007 3222 4064 ad
3246 4009 3526 4065 utilitatem
3545 4016 3778 4064 nostram

2194 4098 2246 4154 id
2277 4098 2386 4165 ﬂat,
2421 4114 2598 4169 neque
2621 4115 2771 4170 spem
2801 4100 3138 4172 abjiciamns,
3167 4116 3269 4156 nec
3295 4101 3488 4156 animis
3530 4101 3780 4156 concida-

2192 4205 2333 4256 mus,
2359 4190 2709 4246 alﬂictionnm
2733 4192 3086 4263 impressione
3117 4194 3390 4263 prostrati,
3435 4192 3531 4247 sed
3579 4192 3781 4247 fortiter

2193 4290 2401 4337 stantes
2426 4296 2527 4353 pro
2556 4282 2767 4338 collatis
2794 4283 2848 4338 in
2878 4298 2976 4338 nos
3002 4283 3278 4340 beneﬂciis
3306 4291 3564 4355 perpetuo
3588 4283 3781 4353 gratias

2196 4372 2306 4427 Deo
2331 4387 2573 4444 agamus,
2602 4383 2740 4430 utet
2765 4377 3118 4445 praesentibus
3148 4375 3389 4431 fruantur
3417 4375 3575 4432 bonis
3617 4386 3673 4431 et
3710 4375 3779 4430 fu-

2194 4472 2310 4518 tura
2338 4463 2479 4518 dona
2508 4480 2921 4537 consequamur,
2953 4469 3145 4538 gratia,
3175 4467 3538 4522 misericordia
3564 4506 3581 4529 .
3606 4476 3661 4522 et
3689 4466 3778 4521 be-

2193 4554 2450 4624 nignitate
2478 4557 2687 4613 Domini
2718 4558 2886 4613 nostri
2913 4559 3038 4614 .lcsu
3065 4557 3262 4614 Christi
3288 4599 3305 4626 ,
3330 4574 3453 4614 cum
3494 4574 3603 4630 quo
3642 4557 3779 4612 Patri

2192 4646 2360 4717 gloria
2383 4655 2441 4702 et
2461 4648 2765 4719 imperium,
2788 4650 3055 4722 simulque
3078 4660 3266 4706 sancto
3287 4665 3351 4705 ac
3382 4650 3596 4704 viviﬁco
3618 4650 3781 4719 Spiri-

2196 4738 2291 4804 tui,
2322 4752 2465 4794 nunc
2485 4748 2538 4796 et
2569 4755 2807 4810 semper,
2833 4749 2887 4798 ct
2914 4743 2964 4797 in
2995 4741 3189 4797 saecula
3221 4742 3559 4797 sa-culorum.
3590 4740 3778 4795 Amen.
