4086 6412
347 335 448 391 N33

342 455 411 508 ἐν
443 452 813 526 παθήμασιν,
857 456 956 509 ἵνα
991 453 1381 522 ἐπισκηνώσῃ
1425 454 1518 507 ἐπ’
1549 453 1657 523 ἐμὲ
1685 454 1723 521 ἠ
1751 453 1925 508 δύνα-

344 562 444 614 μις
481 543 586 599 τοῦ
614 544 893 612 Χριστοῦ.
926 543 1027 597 Διά
1059 543 1214 596 τοῦτο
1256 545 1349 597 καὶ
1393 544 1530 616 πρός
1559 561 1709 608 τινας
1736 546 1794 596 ὲν
1828 545 1926 597 Ko-

346 633 513 706 ρίνθῳ
535 632 935 705 διατρίϐοντας,
972 635 1067 688 καὶ⁵
1094 634 1231 706 πρὸς
1266 634 1486 698 τούτους
1513 635 1927 705 ἀποτεινόμενος

348 721 891 794 μεγαλοφρονοῦντας
934 724 1018 793 ἐφ’
1046 724 1278 788 ἑαυτοῖς,
1308 723 1416 776 τῶν
1442 724 1500 778 δὲ
1526 725 1728 779 λοιπῶν
1767 741 1928 778 κατα-

341 812 766 882 ψηφιζομένους,
803 814 893 865 τὸν
938 814 1261 885 χαρακτῆρα
1303 816 1402 886 τῆς
1433 817 1926 886 Ἐπιστολῆςιάπο-

343 901 602 971 γράφων,
639 901 886 972 ἀνάγκην
938 901 1095 971 ἔσχεν
1146 903 1395 956 ἐντεῦθεν
1438 903 1545 957 τῶν
1590 905 1708 957 καθ’
1738 905 1928 959 ἑαυτὸν

344 990 789 1062 κατορθωμάτων
823 990 1093 1045 συνθεῖναι
1121 993 1254 1062 ἡμῖν
1282 993 1380 1063 τὴν
1407 993 1612 1059 εἰκόνα,
1654 993 1930 1047 καὶτοῦτο

344 1082 444 1133 οὐκ
494 1080 603 1132 ἀπὸ
644 1080 753 1133 τῶν
785 1081 1048 1151 σημείων,
1082 1082 1182 1134 οὐκ
1220 1081 1328 1134 ἀπὸ
1354 1080 1462 1135 τῶν
1492 1082 1802 1152 θαυμάτων,
1831 1083 1931 1136 οὐκ

346 1170 455 1224 ἀπὸ
483 1171 584 1241 τῆς
610 1171 799 1240 τιμῆς,
827 1172 928 1223 οὐκ
971 1171 1081 1224 ἀπὸ
1124 1171 1223 1242 τῆς
1251 1172 1509 1237 ἀνέσεως,
1542 1172 1656 1225 ἀλλ’
1685 1172 1793 1226 ἀπὸ
1822 1173 1931 1225 τῶν

346 1261 761 1332 δεσμωτηρίων,
790 1262 1018 1315 καὶτῶν
1057 1261 1443 1334 δικαστηρίων,
1472 1264 1564 1316 καὶ
1610 1265 1703 1318 τοῦ
1750 1263 1930 1335 λιμοῦ,

347 1355 445 1410 καὶ
473 1352 569 1406 τοῦ
596 1352 821 1423 ψύχους,
853 1353 947 1408 καὶ
978 1355 1087 1407 τῶν
1121 1353 1395 1424 πολέμων,
1428 1354 1523 1407 καί¹
1565 1353 1672 1408 τῶν
1715 1356 1933 1408 ἐπιϐου-

348 1445 480 1510 λῶν,
508 1442 652 1497 οὕτω
681 1444 852 1513 λέγων
895 1444 1111 1505 αὐτοῖς·
1160 1443 1434 1498 Διάκονοι
1480 1445 1737 1512 Χριστοῦ
1781 1448 1929 1499 εισιο

349 1532 752 1604 παραφρονῶν
793 1532 985 1600 λαλῶ,
1034 1533 1186 1603 ὑπὲρ
1237 1533 1382 1604 ἐγώο
1431 1537 1524 1588 καὶ⁵
1567 1536 1783 1600 δεικνὺς
1829 1533 1930 1601 τδ,

359 1624 552 1693 ’λ’πὲρ,
582 1627 676 1678 καὶ
698 1624 797 1695 τὴν
830 1625 1125 1697 ὑπεροχὴν,
1155 1625 1316 1697 φησίν
1338 1643 1351 1656 ·
1371 1626 1473 1680 Ἐν
1499 1626 1710 1692 κόποις
1730 1639 1936 1695 περισ-

350 1714 630 1782 σοτέρως,
662 1715 734 1768 ἐν
779 1715 1042 1786 πληγαῖς
1086 1716 1603 1786 ὑπερϐαλλόντως,
1626 1717 1699 1771 ἐν
1741 1722 1938 1788 φυλα-

352 1806 490 1873 καῖς
517 1806 979 1876 περισσοτέρως,
1009 1807 1080 1861 ἐν
1105 1807 1379 1875 θανάτοις
1414 1809 1731 1876 πολλάκις,
1756 1812 1851 1863 καὶ
1872 1811 1940 1865 τά

352 1899 513 1969 ἑξῆς·
552 1902 621 1953 El
671 1897 1014 1968 καυχᾶσθαι
1062 1898 1174 1965 δεῖ,
1203 1900 1276 1954 τὰ
1316 1899 1426 1968 τῆς
1471 1900 1789 1965 ἀσθενείας
1820 1919 1938 1972 μου

353 1988 762 2058 καυχήσομαι.

438 2082 603 2152 Ὁρᾷς
632 2080 795 2135 αὐτὸν
814 2081 873 2134 ὲν
891 2080 1101 2145 τούτοις
1122 2081 1322 2151 μᾶλλον
1343 2080 1494 2154 [148]
1524 2082 1787 2154 μειζόνως
1807 2100 1940 2137 καυ-

352 2171 623 2244 χώμενον,
659 2173 692 2243 ἢ
731 2174 826 2227 ἐπὶ
862 2173 1135 2245 λαμπροῖς
1158 2175 1442 2243 στεφάνοις
1461 2175 1939 2245 ὲγκαλλωπιζόμε-

354 2281 467 2330 νον,
490 2262 585 2317 καὶ
602 2263 691 2316 διὰ
709 2264 867 2318 τοῦτο
892 2264 1118 2333 λέγοντα
1139 2280 1152 2294 ·
1195 2268 1277 2319 Οὐ
1297 2267 1492 2336 μόνον
1518 2266 1607 2333 δὲ,
1642 2268 1805 2323 ἀλλὰ
1839 2269 1939 2321 καὶ

356 2352 708 2422 καυχώμεθα
730 2353 801 2406 ἐν
826 2352 953 2419 ταῖς
977 2355 1226 2422 θλίψεσι
1241 2371 1262 2418 ;
1288 2355 1353 2407 Τί
1371 2355 1429 2408 δέ
1449 2356 1567 2410 ἐστι
1587 2355 1648 2409 τὸ
1671 2395 1688 2420 ,
1728 2359 1809 2410 Οὐ
1830 2358 1941 2427 μό-

355 2460 510 2507 νον;
543 2443 619 2496 Οὐ
660 2443 843 2515 μόνον,
885 2444 1078 2516 φησὶν,
1118 2445 1219 2498 οὐκ
1254 2444 1602 2516 ὲκκακοῦμεν
1637 2445 1941 2516 θλιϐόμενοι

355 2535 455 2590 καὶ
491 2535 988 2607 ταλαιπωροῦντες,
1010 2537 1125 2592 ἀλλ’
1145 2539 1221 2601 ὡς
1257 2538 1352 2591 ἐπὶ
1375 2535 1585 2608 μείζονι
1607 2538 1943 2608 προκόπτον-

356 2644 450 2690 τες
470 2628 605 2698 τιμῇ
628 2626 722 2679 καὶ
751 2627 900 2699 δόξῃ,
923 2627 1256 2700 καυχώμεθα
1294 2628 1496 2700 μᾶλλον
1531 2629 1624 2682 ἐπὶ
1656 2632 1769 2692 τοῖς
1808 2646 1943 2698 συμ-

357 2718 605 2771 ϐαίνουσι
644 2717 929 2790 θλιϐεροῖς.
956 2716 1108 2783 Εἶτα,
1147 2721 1335 2792 ἐπειδὴ
1371 2720 1531 2786 δόξαν
1566 2719 1769 2790 ἔφησεν
1805 2716 1943 2773 εἴναι

361 2808 631 2880 μεγίστην
667 2811 761 2864 καὶ
797 2810 1062 2881 καύχημα
1080 2811 1188 2866 ἀπὸ
1208 2812 1318 2865 τῶν
1340 2812 1572 2883 θλίψεων
1610 2813 1702 2866 καὶ
1737 2812 1945 2867 καλλω-

357 2901 591 2972 ϊιισμὸν⁹
631 2901 665 2971 ἡ
700 2900 759 2953 δὲ
793 2900 921 2964 δόξα
957 2899 1179 2972 εὔδηλον
1197 2902 1279 2955 ὅτι
1301 2902 1395 2956 καὶ
1417 2902 1611 2973 ἡδονὴν
1633 2901 1745 2973 ἔχει
1765 2918 1777 2929 ·
1808 2903 1942 2956 ὅπου

361 2990 474 3061 γάρ
496 2990 680 3063 ἡδονὴ,
704 2991 921 3054 πάντως
940 2990 1021 3044 ὅτι
1041 2991 1137 3045 καὶ
1155 2988 1303 3056 δόξα,
1322 2994 1455 3046 ὅπου
1475 2992 1530 3045 δὲ
1551 2993 1679 3057 δόξα
1698 2994 1941 3065 τοιαύτη,

359 3083 581 3147 πάντως
616 3082 712 3137 καὶ
749 3082 907 3154 ἡδονή
928 3101 943 3114 σ
967 3083 1152 3155 ἐπειδὴ
1170 3085 1351 3138 τοίνυν
1368 3084 1535 3152 ἔδειξε
1568 3085 1817 3158 λαμπρὸν
1854 3087 1946 3140 καὶ

366 3174 669 3246 περιφανὲς
704 3174 767 3228 τὺ
806 3173 1084 3227 θλίϐεσθαι
1121 3174 1214 3228 καὶ
1253 3175 1439 3230 ποιοῦν
1477 3175 1941 3243 καλλωπίζεσθαι,

359 3259 511 3327 λέγει
546 3260 734 3331 ἕτερον
770 3261 935 3316 αὐτοῦ
969 3261 1299 3334 κατόρθωμα
1323 3265 1598 3335 μέγιστον,
1618 3266 1714 3319 καὶ
1734 3266 1946 3337 καρπὸν

364 3350 622 3420 μέγιστόν
656 3368 776 3404 τινα
798 3352 892 3406 καὶ
913 3352 1238 3423 παράδοξον.
1260 3354 1357 3417 Τίς
1377 3354 1433 3407 δὲ
1452 3345 1607 3418 οὗτός
1628 3356 1794 3420 ἐστιν,
1820 3354 1945 3409 ἴδω-

364 3460 490 3513 μεν.
522 3442 762 3510 Εὶδότες
790 3439 924 3509 οὖν,
953 3446 1141 3514 φησὶν,
1178 3445 1265 3498 ὅτι
1304 3446 1342 3513 ἡ
1389 3446 1597 3514 θλίψις
1630 3446 1947 3516 ὑπομονὴν

360 3533 794 3604 κατεργάζεται,
819 3538 857 3603 ἡ
889 3534 958 3588 δὲ
980 3535 1250 3605 ὑπομονὴ
1275 3536 1551 3606 δοκιμὴν,
1576 3537 1615 3605 ἢ
1640 3538 1709 3591 δὲ
1730 3537 1943 3607 δοκιμὴ

358 3626 601 3691 ἐλπίδα,
634 3628 672 3695 ἡ
703 3626 772 3680 δὲ
795 3627 972 3691 ἐλπίς
1000 3630 1073 3682 οὐ
1102 3629 1513 3698 καταισχύνει.
1546 3630 1612 3682 Τί
1645 3630 1820 3683 ἐστίν·
1852 3631 1947 3683 El-

360 3715 537 3784 δότες
553 3717 644 3771 ὅτι
672 3719 709 3786 ἡ
744 3719 952 3787 θλίψις
972 3719 1290 3788 ὑπομονὴν
1308 3719 1715 3790 κατεργάζεται
1740 3737 1760 3786 ;
1777 3721 1946 3775 Τοῦτο

365 3806 625 3876 μέγιστον
662 3806 775 3879 ἔχει
812 3808 905 3861 τὸν
940 3808 1172 3879 καρπὸν.
1198 3810 1544 3882 ἰσχυρότερον
1564 3813 1710 3863 ποιεῖ
1726 3810 1816 3864 τὸν
1837 3811 1947 3865 θλι-

362 3898 593 3967 ϐόμενον
644 3897 819 3952 τοῦτο.
861 3899 1124 3974 Καθάπερ
1162 3900 1270 3974 γὰρ
1319 3901 1429 3955 τῶν
1474 3901 1703 3973 δένδρων
1740 3903 1808 3956 τὰ
1847 3903 1945 3973 μὲν

365 3993 838 4064 σκιατροφούμενα
875 3993 969 4046 καὶ
1003 3995 1059 4047 ἐν
1095 3994 1398 4065 ἀπηνέμοις
1418 3995 1684 4066 ἑστηκότα
1704 3996 1944 4066 χωρίοις,

289 4097 293 4100 '
362 4081 693 4136 εὐθαλοῦντα
728 4086 795 4155 τῇ
837 4083 972 4155 ἰδέα,
998 4084 1361 4157 μαλακώτερα
1396 4086 1605 4155 γίνεται
1641 4086 1733 4139 καὶ
1753 4085 1945 4157 χαῦνα,

362 4175 515 4246 πάσῃ
546 4174 761 4246 ἀνέμων
783 4176 1057 4249 προσϐολῇ
1076 4176 1283 4249 ταχέως
1303 4177 1653 4250 βλαπτόμενα
1676 4194 1689 4207 °
1725 4181 1792 4233 τὰ
1810 4179 1866 4232 δὲ
1887 4182 1945 4233 ὲν

362 4266 631 4335 κορυφαῖς
664 4265 834 4336 ὀρέων
868 4265 1217 4339 ὑψηλοτέροις
1238 4268 1468 4333 ἑστῶτα,
1490 4268 1584 4321 καὶ
1604 4268 1817 4332 πολλοῖς
1853 4269 1945 4323 καὶ

365 4355 626 4423 μεγάλοις
661 4356 985 4427 ριπιζόμενα
1034 4359 1147 4422 τοῖς
1199 4357 1458 4428 ἀνέμοις,
1498 4358 1592 4411 καὶ
1628 4359 1946 4429 ἀνωμαλίαν

361 4443 544 4513 ἀέρων
577 4446 770 4516 συνεχῆ
806 4445 1058 4517 φέροντα,
1080 4447 1174 4501 καὶ
1192 4446 1551 4519 χαλεπωτάτῃ
1573 4446 1708 4519 ζάλῃ
1729 4448 1947 4503 κλονούο

367 4554 525 4605 μενα,
543 4538 636 4591 καὶ
656 4538 790 4609 χιόνι
811 4537 978 4608 πολλῇ
1000 4537 1322 4609 βαλλόμενα,
1342 4538 1563 4609 σιδήρου
1585 4539 1785 4602 παντὸς
1807 4541 1948 4611 ἰσχυ-

366 4626 563 4697 ρότερα
599 4627 797 4697 μᾶλλον
827 4627 1163 4700 καθέστηκε·
1198 4630 1292 4683 καὶ
1321 4628 1549 4700 σώματα
1568 4630 1624 4683 δὲ
1646 4632 1847 4702 ὁμοίως
1877 4632 1946 4687 τὰ

365 4719 589 4783 πολλαῖς
619 4721 710 4774 καὶ
744 4720 1014 4785 ποικίλαις
1032 4722 1246 4793 ἡδοναῖς
1267 4722 1702 4795 συστρεφόμενα,
1725 4723 1819 4777 καὶ
1843 4742 1940 4796 μα-

365 4812 550 4874 )ακοῖς
587 4810 822 4881 ἱματίοις
857 4812 1205 4883 κοσμούμενα
1227 4852 1242 4876 ,
1285 4814 1377 4866 καὶ
1415 4814 1659 4884 συνεχέσι
1698 4813 1945 4887 λουτροῖς

361 4899 461 4954 καὶ
498 4898 694 4972 μύροις
729 4901 1063 4973 κεχρημένα,
1086 4904 1178 4956 καὶ
1217 4902 1517 4958 πολυειδέσι
1553 4907 1780 4979 τροφαῖς
1799 4904 1940 4979 ὑπὲρ

1411 330 1497 384 DE
1535 330 1789 385 CLOIHA
1832 331 1897 385 IN
1950 330 2604 388 TRIBULATIUNIBUS.

3512 333 3611 387 IM

2029 450 2129 521 τὴν
2149 449 2340 522 χρείαν
2358 449 2672 524 τρυφῶντα,
2695 448 3044 504 παντάπασιν
3061 448 3314 520 ἄχρηστα
3334 448 3471 519 πρὸς
3489 450 3613 509 τοὺς

2031 544 2171 614 ὑπὲρ
2205 544 2307 614 τῆς
2346 544 2629 608 εὐσεϐείας
2658 543 2891 615 ἱδρῶτας
2910 543 3003 595 καὶ
3024 541 3218 605 πόνους
3239 541 3615 603 καθίστανται,

2031 635 2307 699 κολάσεως
2342 635 2470 688 ὄντα
2507 633 2768 704 μεγίστης
2806 631 3113 685 ὑπεύθυνα⁸
3148 630 3291 685 οὔτω
3311 631 3376 702 δὴ
3401 633 3496 684 καὶ
3516 629 3618 698 ψυ-

2033 726 2148 796 χαὶ,
2183 727 2239 780 αἱ
2286 725 2383 797 μὲν
2432 728 2526 779 τὸν
2571 723 2954 793 ἀταλαίπωρον
3009 722 3123 792 βίον
3159 720 3480 792 μετιοῦσαι,
3522 719 3619 772 καὶ

2035 817 2272 880 ἀνέσεως
2297 818 2587 887 γέμουσαι,
2624 816 2719 868 καὶ
2750 815 2812 868 τὸ
2836 815 3008 886 ἡδέως
3046 814 3353 867 διακεῖσθαι
3386 810 3524 882 πρὸς
3549 809 3619 860 τά

2035 913 2300 983 παρόντα,
2335 914 2432 966 καὶ
2480 910 2571 965 τὸν
2616 910 2921 980 ἀνάλγητον
2949 910 3040 963 τοῦ
3073 908 3165 963 διὰ
3192 908 3291 980 τὴν
3339 907 3619 977 βασιλείαν

2036 1003 2316 1055 θλίϐεσθαι
2366 1003 2508 1056 κατά
2555 1003 2683 1065 τοὺς
2732 1000 2921 1069 ἁγίους
2969 1000 3214 1061 ἅπαντας
3267 996 3616 1068 προτιμῶσαι

2038 1092 2173 1162 βίον,
2204 1092 2377 1163 κηροῦ
2412 1092 2617 1155 παντὸς
2658 1091 3046 1163 μαλακώτεραι
3080 1090 3281 1162 μᾶλλον
3318 1089 3412 1142 καὶ
3453 1088 3619 1142 ἀσθε-

2036 1182 2287 1252 νέστεραι
2329 1183 2749 1253 καθιστάμεναι,
2787 1182 3005 1236 αἰωνίου
3056 1181 3228 1254 πυρὸς
3278 1178 3619 1250 κατάϐρωμα

2038 1274 2391 1345 πρόκεινται·
2417 1276 2472 1327 αἱ
2507 1274 2563 1327 δὲ
2599 1274 2861 1339 κινδύνοις
2885 1275 2980 1328 καὶ
3004 1274 3187 1336 πόνοις
3213 1273 3310 1326 καὶ
3339 1271 3619 1324 ταλαιπω-

2041 1366 2184 1437 ρίαις
2213 1365 2309 1436 τῆς
2328 1364 2419 1418 διά
2455 1364 2547 1418 τὸν
2576 1363 2707 1417 Θεὸν
2737 1365 2968 1435 θλίψεως
2998 1363 3395 1433 ἐπιδεδομέναι,
3432 1361 3525 1414 καὶ
3561 1362 3620 1411 ὲν

2039 1457 2230 1520 αὐταῖς
2272 1456 2728 1527 συστρεφόμεναι,
2779 1454 2944 1509 αὐτοῦ
3016 1453 3110 1506 τοῦ
3166 1453 3386 1523 σιδήρου
3446 1452 3482 1520 ἢ
3522 1448 3619 1502 τοῦ

2028 1536 2344 1617 ⁴ιίῖιδὸιμαντος
2372 1546 2726 1618 στερρότεραι
2746 1546 2840 1599 καὶ⁹
2862 1546 3235 1616 γενναιότεραι
3262 1543 3461 1614 μᾶλλόν
3482 1544 3621 1595 εἰσιν

2042 1640 2105 1692 ὲκ
2142 1636 2241 1691 τοῦ
2275 1638 2514 1708 συνεχῶς
2544 1638 2775 1709 πάσχειν
2806 1636 3012 1700 κακῶς,
3041 1639 3153 1701 τοῖς
3187 1635 3430 1689 ἐπιοῦσιν
3474 1633 3623 1704 ἀχεί-

2043 1747 2204 1801 ρωτοι
2252 1729 2693 1800 καθιστάμεναι,
2742 1730 2836 1783 καὶ
2883 1728 2996 1794 ἕξιν
3044 1727 3166 1781 τινὰ
3215 1723 3625 1798 προσλαϐοῦσαι

2041 1823 2320 1894 ὑπομονῆς
2352 1823 2448 1877 καὶ
2474 1823 2728 1893 ἀνδρείας
2753 1821 3197 1892 ἀκαταμάχητον.
3231 1818 3345 1872 Καὶ
3370 1810 3624 1887 καθάπερ

2039 1915 2088 1969 οί
2118 1914 2217 1985 μὲν
2247 1913 2464 1984 πρῶτον
2493 1915 2620 1985 νηὸς
2658 1913 2949 1976 ἐπιϐάντες
2974 1911 3238 1965 ναυτιῶσί
3269 1927 3329 1962 τε
3359 1909 3456 1963 καὶ
3491 1908 3625 1976 ίλιγο

2038 2005 2238 2073 γιῶσι,
2286 2004 2683 2076 ταραττόμενοι
2725 2004 2820 2058 καὶ
2876 2003 3265 2075 θορυϐούμενοι
3316 2000 3479 2073 ἀηδίᾳ
3528 2003 3625 2053 καὶ

2020 2094 2345 2166 σκοτοδινία
2390 2095 2743 2164 κατεχόμενοι
2770 2111 2784 2126 ⁸
2837 2096 2885 2146 οί
2933 2094 2991 2147 δὲ
3047 2092 3218 2147 πολλὰ
3279 2092 3372 2145 καὶ
3432 2090 3621 2162 μακρά

2039 2185 2325 2249 διαϐάντες
2354 2186 2591 2257 πελάγη,
2619 2187 2714 2240 καὶ
2748 2184 2959 2257 μυρίων
2983 2185 3245 2256 κυμάτων
3277 2182 3626 2251 κατατολμή-

2043 2292 2255 2341 σαντες,
2283 2277 2376 2331 καὶ
2396 2277 2673 2346 ναυαγίων
2704 2276 2943 2347 συνεχῶν
2969 2275 3348 2345 ἀνασχόμενοι,
3374 2272 3512 2344 μετὰ
3532 2271 3624 2324 τοῦ

2043 2368 2266 2441 θαρῤεῖν
2293 2368 2557 2423 ἅπτονται
2585 2370 2686 2439 τῆς
2713 2366 2970 2438 τοιαύτης
2999 2365 3310 2437 ἀποδημίας
3328 2381 3342 2395 ο
3377 2362 3522 2417 οὕτω
3559 2364 3625 2433 δὴ

2043 2460 2138 2513 καὶ
2170 2462 2202 2530 ἡ
2237 2459 2383 2529 ψυχὴ
2410 2458 2637 2522 πολλοὺς
2660 2458 3000 2528 ὑπομείνασα
3026 2456 3385 2527 πειρασμοῦς,
3412 2455 3505 2507 καὶ
3532 2471 3628 2524 με-

2041 2549 2214 2620 γάλας
2264 2548 2473 2620 θλίψεις
2510 2549 2877 2619 ἀνασχομένη.
2911 2549 2969 2599 ὲν
3005 2545 3205 2617 μελέτῃ
3230 2544 3417 2598 λοιπὸν
3451 2543 3626 2597 πόνων

2043 2639 2137 2692 καὶ
2166 2637 2276 2702 ἕξει
2301 2637 2596 2709 καρτερίας
2627 2635 2778 2709 [H9]
2807 2635 3152 2712 καθίσταται,
3177 2634 3276 2703 οὐχ
3306 2633 3626 2704 ὑπάρχουσα

2042 2730 2332 2801 ψοφοδεὴς,
2366 2729 2487 2782 οὐδὲ
2533 2728 2850 2799 εὐπτόητος,
2899 2726 3021 2779 οὐδὲ
3076 2722 3454 2796 ταραττομένη
3512 2723 3627 2784 τοῖς

2047 2819 2448 2890 προσπίπτουσι
2475 2817 2761 2888 λυπηροῖς,
2789 2816 2904 2871 ἀλλ’
2938 2816 3045 2869 ἀπὸ
3073 2814 3175 2884 τῆς
3244 2813 3502 2884 συνεχοῦς
3539 2829 3630 2881 γυ-

2051 2909 2285 2980 μνασίας
2314 2907 2424 2961 τῶν
2452 2906 2885 2978 συμϐαινόντων,
2914 2905 3128 2975 καὶτῆς
3155 2905 3367 2974 πυκνῆς
3399 2904 3629 2974 μελέτης

2046 2999 2153 3054 τῶν
2192 2999 2517 3070 γινομένων,
2555 2997 2693 3068 μετά
2746 2997 2941 3068 πολλῆς
2974 2996 3072 3068 τῆς
3106 2995 3357 3059 εὐκολίας
3411 2996 3632 3049 ἅπαντα

2047 3093 2291 3163 φέρουσα
2319 3091 2388 3146 τὰ
2416 3090 2640 3143 ἐπιόντα
2665 3089 2833 3143 δεινά.
2871 3087 3044 3141 Τοῦτο
3077 3087 3257 3141 τοίνυν
3283 3090 3311 3141 ὁ
3338 3087 3500 3157 σοφὸς
3526 3088 3630 3158 άρ-

2046 3182 2312 3251 χιτέκτων
2343 3181 2445 3251 τῆς
2473 3180 2730 3251 οὐρανίου
2763 3178 3041 3242 πολιτείας
3070 3177 3267 3247 δηλῶν,
3299 3178 3482 3246 ἔλεγεν
3502 3195 3515 3207 ·
3545 3179 3629 3231 Οὐ

2042 3274 2234 3341 μόνον
2262 3270 2350 3338 δὲ,
2378 3270 2538 3325 ἀλλὰ
2566 3270 2663 3324 καί
2688 3269 3042 3340 καυχώμεθα
3066 3270 3135 3323 ἐν
3161 3269 3290 3334 ταῖς
3319 3271 3624 3337 θλίψεσιν.

2045 3366 2127 3417 ὅτι
2165 3364 2271 3433 πρὸ
2295 3362 2397 3432 τῆς
2426 3362 2704 3433 βασιλείας
2746 3362 2842 3416 καὶ
2885 3360 2993 3415 τῶν
3033 3362 3300 3433 οὐρανίων
3349 3360 3629 3428 στεφάνων

2050 3455 2306 3526 μέγιστον
2333 3453 2581 3510 ἐντεῦθεν
2615 3451 2978 3526 καρπούμεθα
3008 3452 3100 3507 τὸν
3138 3451 3349 3524 μισθὸν,
3384 3451 3492 3505 ἀπὸ
3536 3450 3629 3504 τοῦ

2048 3547 2287 3618 συνεχῶς
2316 3545 2593 3600 θλίϐεσθαι
2624 3546 3104 3618 καρτερικωτέρας
3131 3544 3231 3615 τῆς
3263 3544 3442 3615 ψυχῆς
3468 3542 3631 3614 ἡμῶν

2046 3637 2358 3708 γινομένης,
2376 3636 2469 3690 καὶ
2490 3636 2597 3690 τῶν
2611 3634 2888 3707 λογισμῶν
2913 3624 3276 3708 ἰσχυροτέρων
3297 3651 3633 3689 κατασκευα-

2048 3728 2308 3799 ζομένων.
2337 3726 2501 3782 Ταῦτ’
2526 3723 2618 3780 οὖν
2667 3727 2883 3780 ἅπαντα
2927 3727 3151 3791 εἰδότες,
3191 3726 3486 3798 ἀγαπητοὶ,
3532 3725 3628 3794 φέ-

2051 3834 2230 3888 ρωμεν
2258 3816 2522 3885 γενναίως
2545 3815 2612 3869 τᾶ
2641 3815 3054 3888 προσπίπτοντα
3082 3815 3319 3886 λυπηρὰ,
3350 3814 3441 3867 διά
3480 3830 3539 3866 τε
3571 3813 3633 3865 τὸ

2047 3908 2123 3980 τῷ
2147 3907 2265 3979 Θεῷ
2288 3906 2495 3972 δοκοῦν,
2532 3906 2626 3959 καὶ
2651 3906 2744 3959 ἐπὶ
2770 3905 2847 3976 τῷ
2881 3905 3133 3977 ἡμετέρῳ
3161 3904 3514 3975 συμφέροντι,
3537 3905 3633 3958 καὶ

2052 3998 2126 4070 μὴ
2156 3998 2429 4069 ἀλύωμεν,
2471 3998 2607 4068 μήτε
2651 3997 3045 4067 ἀναπίπτωμεν
3075 3999 3140 4068 τῇ
3166 3996 3274 4049 τῶν
3311 3995 3631 4067 πειρασμῶν

2049 4091 2335 4160 ἐπαγωγῇ,
2366 4089 2503 4143 ἀλλά
2536 4089 2631 4142 καὶ
2657 4088 2795 4159 μετά
2815 4088 3067 4160 ἀνδρείας
3089 4088 3307 4157 ἀπάσης
3333 4088 3630 4158 ἱστάμενοι,

2050 4178 2465 4249 εὐχαριστῶμεν
2495 4176 2572 4249 τῷ
2600 4176 2719 4248 Θεῷ
2744 4176 3007 4248 διηνεκῶς
3036 4178 3177 4248 ὑπὲρ
3202 4176 3391 4231 πασῶν
3416 4178 3524 4231 τῶν
3553 4180 3632 4240 είς

2052 4270 2084 4340 ἡ
2093 4271 2199 4340 μᾶς
2228 4268 2566 4340 τελουμένων
2592 4270 2944 4341 εὐεργεσιῶν,
2979 4269 3064 4322 ἵνα
3091 4270 3185 4324 καὶ
3210 4269 3320 4322 τῶν
3348 4270 3631 4341 παρόντων

2049 4360 2450 4432 ἀπολαύσωμεν
2481 4360 2722 4431 ἀγαθῶν,
2754 4363 2847 4415 καὶ
2874 4360 2982 4414 τῶν
3012 4359 3320 4432 μελλουσῶν
3362 4360 3630 4430 ἐπιτύχω-

2056 4469 2155 4523 μεν
2183 4452 2422 4523 δωρεῶν,
2452 4454 2636 4523 χάριτι
2666 4453 2762 4505 καὶ
2794 4454 3099 4522 οἱκτιρμοῖς
3129 4452 3220 4504 καὶ
3251 4451 3632 4523 φιλανθρωπίᾳ

2052 4543 2145 4598 τοῦ
2178 4543 2381 4613 Κυρίου
2408 4542 2567 4614 ήμῶν
2615 4544 2790 4613 Ἰησοῦ
2823 4540 3077 4614 Χριστοῦ,
3112 4541 3235 4613 μεθ’
3261 4534 3321 4595 οὐ
3352 4540 3435 4610 τῷ
3461 4544 3635 4614 Πατρὶ

2051 4635 2178 4701 δόξα
2208 4636 2299 4688 καὶ
2328 4633 2388 4687 τὸ
2413 4634 2634 4703 κράτος,
2659 4636 2776 4704 ἅμα
2808 4634 2885 4704 τῷ
2915 4632 3054 4703 ἁγίῳ
3085 4635 3177 4686 καὶ
3201 4632 3635 4703 ζωοποιῷΠνεύ-

2057 4742 2207 4795 ματι,
2243 4725 2339 4778 νῦν
2380 4725 2473 4778 καὶ
2502 4724 2611 4785 ἀεὶ,
2641 4725 2733 4779 καὶ
2764 4727 2843 4790 εἰς
2872 4727 2995 4789 τοὺς
3026 4724 3228 4789 αἰῶνας
3258 4726 3365 4779 τῶν
3397 4724 3631 4783 αἰώνων.

2067 4816 2124 4869 Ἀ
2135 4819 2264 4888 μὴν.

455 5061 481 5090 ι
514 5048 681 5100 )iontf.
711 5046 909 5111 oonjicit
932 5050 1219 5107 ἀποστολῆς.
1250 5047 1374 5099 \‘idc
1400 5049 1543 5110 hujus
1567 5050 1685 5098 lnmi
1716 5045 1939 5099 Praefatio

2042 5064 2076 5107 ι,
2105 5052 2199 5099 col.
2232 5048 2304 5098 Η.

1736 5279 2266 5305 ~~w~—
