4086 6414
1270 348 1325 403 S.
1363 348 1650 405 JOANNIS
1686 349 2174 407 CllRYbOSTOMl
2215 353 2531 410 ARCIIIEP.
2571 355 3114 415 CONSTANTl‘NOP.

1886 481 2200 493 Ἡ

1848 482 2200 493 _—___—__
2276 485 2573 512 ,εἶς
2638 490 2671 513 =

1516 658 1876 721 MONITUM
1924 662 2035 721 ΑΒ·
2064 664 2441 727 HOMILIAM
2483 669 2562 729 IN
2602 670 2863 743 lLLUD,

643 810 816 879 Hujus
849 812 1088 869 humilia;
1110 815 1394 871 exordium
1419 833 1647 887 prorsus
1681 821 1857 876 simile
1880 831 1965 879 est
2000 827 2268 894 prooemio
2296 826 2589 884 Concionis
2621 829 2675 884 in
2712 831 3012 886 debitorem
3061 832 3248 888 decem
3297 832 3527 888 millium
3581 833 3804 890 talento-

573 915 690 953 rum
719 916 733 953 :
766 901 818 954 in
845 910 1077 971 utroque
1108 905 1253 959 enim
1284 908 1626 965 auditoribus
1657 913 1962 980 gratulatur
1999 916 2446 987 Chrysostomus,
2474 920 2618 989 quod
2656 931 2780 991 post
2819 922 3139 977 diuturnum
3183 925 3472 988 morbum,
3504 923 3591 977 sui
3621 938 3806 977 aman-

481 1045 489 1051 ,
573 999 678 1045 tem
713 1003 940 1059 eretum,
965 1004 1018 1048 et
1046 996 1143 1049 abs
1165 1011 1225 1051 se
1257 998 1372 1066 pari
1407 1000 1575 1054 animi
1606 1002 1801 1057 aﬂ‘ectu
1836 1005 2200 1072 redamatum,
2235 1008 2339 1063 sibi
2380 1011 2538 1078 quasi
2569 1026 2633 1066 ex
2679 1013 2972 1083 longinqua
3009 1014 3443 1084 peregrinatione
3493 1014 3681 1069 reduci
3717 1015 3807 1068 ite-

570 1099 688 1139 rum
725 1090 1016 1145 convenire
1035 1098 1090 1145 et
1116 1093 1318 1163 alloqui
1344 1094 1523 1151 liceat.
1559 1097 1685 1152 Inde
1717 1114 1846 1152 vero
1880 1109 2119 1169 arguunt
2163 1102 2265 1156 viri
2297 1103 2517 1171 quidam
2556 1104 2722 1167 docti,
2756 1121 2880 1160 cum
2929 1106 3017 1160 illa
3053 1106 3201 1176 prior
3255 1105 3483 1160 llomilia
3516 1106 3585 1160 de
3627 1106 3805 1176 decem

570 1177 798 1233 millium
826 1182 1153 1241 talentorum
1187 1185 1433 1241 debitore
1460 1187 1763 1242 Antiochia!
1782 1191 1972 1258 procul
2002 1192 2167 1247 dubio
2200 1194 2380 1248 habita
2420 1193 2585 1249 fuerit
2617 1210 2761 1249 anno
2792 1196 2929 1262 537,
2965 1174 3105 1251 banc
3139 1198 3506 1253 verisimilitcr
3535 1174 3806 1253 Constan-

568 1269 791 1339 tinpnli
822 1274 1020 1330 dictam
1049 1274 1238 1333 fuisse.
1271 1277 1389 1333 Non
1419 1281 1589 1343 enim,
1623 1281 1910 1349 inquiunt,
1952 1284 2144 1339 eodem
2192 1286 2417 1341 exordio
2455 1303 2588 1343 usus
2614 1297 2758 1342 esset
2783 1287 2836 1342 in
2872 1303 2979 1343 una
3020 1290 3320 1359 eademque
3351 1291 3525 1355 urbe;
3560 1290 3652 1345 sed
3686 1305 3804 1345 cum

565 1361 867 1452 Antiochia:
895 1366 1216 1436 aegritudine
1247 1369 1476 1433 levatus,
1509 1372 1611 1425 hoc
1639 1388 1869 1428 exorsus
1898 1383 2043 1429 esset
2074 1377 2253 1443 modo,
2291 1389 2476 1449 postea
2506 1395 2724 1450 quoque
2755 1379 3251 1451 ConstantinOpoli,
3290 1393 3409 1452 post
3441 1392 3802 1439 restauratum

565 1451 760 1508 iterum
795 1457 1181 1527 valetudinem,
1211 1461 1352 1516 idem
1387 1464 1709 1532 prommium
1741 1466 1885 1535 apud
1930 1467 2241 1533 auditores,
2291 1484 2524 1539 quorum
2567 1471 2749 1526 nullus
2812 1471 2895 1527 sic
2942 1487 3181 1542 unquam
3232 1451 3488 1529 exorsum
3542 1474 3802 1540 audierat,

1774 1662 2207 1673 ————.——_-__

551 1844 709 1920 [150]
744 1851 847 1916 Εἰς
872 1849 984 1917 τὴν
1015 1851 1435 1922 ἀποστολικὴν
1454 1853 1649 1924 ῥῆσιν
1678 1854 1792 1925 τὴν
1817 1855 2144 1927 λέγουσαν,
2173 1878 2193 1913 ι
2237 1861 2495 1932 Οἶδαμεν
2538 1863 2629 1918 ὅτι
2661 1866 2786 1933 τοῖς
2820 1868 3097 1935 ἀγαπῶσι
3128 1870 3235 1924 τὸν
3262 1873 3410 1926 θεὸν
3445 1874 3652 1931 πάντα
3681 1894 3819 1935 avr-

1005 1942 1164 2013 εργεῖ
1188 1947 1271 2011 εις
1304 1945 1551 2015 ἀγαθὸν,
1580 1967 1598 1999 ι
1644 1946 1743 2002 καί
1786 1947 1917 2016 περὶ
1940 1949 2275 2019 ὑπομονῆς,
2316 1952 2414 2006 καὶ
2443 1952 2596 2007 ὅσον
2618 1954 2738 2010 τῶν
2761 1958 3025 2026 θλίψεων
3056 1960 3120 2014 τὸ
3147 1962 3371 2029 κέρδος.

617 2355 684 2400 α’.
713 2345 902 2408 Ὠςδιά
936 2345 1149 2417 μακροῦ
1169 2346 1261 2400 τοῦ
1293 2347 1486 2417 χρόνου
1503 2347 1640 2419 πρὸς
1663 2348 1806 2421 ὑμᾶς
1825 2351 2133 2420 παραγενό-

547 2448 731 2501 μενος,
760 2431 921 2507 οὕτω⁹
952 2430 1233 2501 διάκειμαι
1279 2433 1539 2503 σήμερον.
1577 2434 1640 2487 Εἰ
1689 2434 1798 2506 γάρ
1851 2437 1947 2488 καὶ
1990 2434 2132 2489 οἴκοι

548 2515 944 2585 καθειργμένος
973 2513 1270 2584 ἐτύγχανον
1299 2513 1387 2568 διὰ
1414 2514 1513 2586 τὴν
1545 2514 1640 2569 τοῦ
1670 2515 1921 2588 σώματος
1956 2518 2134 2591 ἀρρω-

545 2600 721 2664 στίαν,
752 2599 865 2653 ἀλλ’
890 2598 965 2663 ὡς
997 2598 1214 2670 μακράν
1251 2617 1352 2653 που
1383 2600 1767 2670 ἀπῳκισμένος
1794 2601 1895 2671 τῆς
1930 2600 2130 2672 ὑμετέ-

543 2702 642 2756 ρας
689 2684 930 2753 ἀγάπης,
955 2681 1097 2737 οὕτω
1146 2681 1447 2755 διεκείμην.
1482 2683 1542 2737 Ὀ
1589 2685 1699 2755 γάρ
1747 2684 1922 2755 φιλεῖν
1972 2684 2131 2749 εἰδὼς

541 2767 804 2832 ἀκριϐῶς,
837 2768 965 2821 ὅταν
1019 2767 1093 2839 μὴ
1141 2767 1233 2839 ἐξῇ
1281 2767 1360 2838 τῷ
1411 2767 1721 2839 φιλουμένῳ
1753 2767 2127 2838 συγγίνεσθαι,

541 2854 646 2906 κάν
691 2852 790 2921 τὴν
834 2850 1002 2922 αὐτὴν
1036 2851 1191 2903 πόλιν
1218 2852 1363 2921 οἰκῇ,
1389 2850 1500 2903 τῶν
1526 2853 1586 2903 ἐν
1615 2851 1874 2921 ἀλλοτρίᾳ
1920 2851 2128 2922 διατρι-

541 2936 746 2988 ϐόντων
787 2935 939 2987 οὐδὲν
985 2934 1207 2986 ἔλαττον
1235 2935 1589 2987 διακείσεται.
1627 2935 1737 2988 Kal
1761 2934 1920 2988 τοῦτο
1949 2934 2129 2989 ἴσασιν

541 3019 655 3071 ὅσοι
678 3018 849 3086 φιλεῖν
885 3018 1053 3071 ἴσασι.
1085 3016 1374 3085 Σύγγνωτε
1408 3016 1589 3070 τοίνυν
1618 3018 1768 3087 ἡμῖν,
1799 3017 2123 3088 παρακαλᾶγ

540 3102 603 3154 οὐ
634 3102 742 3173 γάρ
774 3099 883 3153 ἀπὸ
914 3099 1188 3171 ῥᾳθυμίας
1209 3102 1340 3171 ἡμῖν
1360 3102 1389 3151 ὁ
1410 3099 1690 3171 χωρισμὸς
1710 3094 1862 3163 οὗτος
1882 3101 2123 3169 γέγονεν,

540 3189 655 3243 ἀλλ’
688 3187 973 3249 ἀσθενείας
1007 3184 1258 3256 σώματος
1285 3180 1352 3256 ἦν
1378 3188 1411 3255 ή
1448 3184 1594 3255 σιγή.
1634 3183 1742 3237 Καὶ
1770 3180 1885 3237 οἰδα
1920 3184 2019 3256 μὲν
2045 3186 2128 3239 ὅτι

541 3272 760 3342 χαίρετε
789 3269 882 3322 νῦν
913 3270 1116 3331 πάντες
1154 3269 1313 3338 ὑμεῖς
1353 3269 1434 3320 ὅτι
1471 3265 1787 3335 ἀπεθέμεθα
1814 3267 1913 3337 τὴν
1943 3270 2127 3339 eam-

540 3356 721 3409 στίαν·
760 3353 874 3423 ἐγὼ
918 3353 976 3406 δὲ
1020 3353 1219 3423 χαίρω,
1249 3350 1348 3420 οὐχ
1373 3351 1455 3405 ὃτι
1487 3348 1587 3420 τὴν
1616 3349 1930 3420 ἀρρωστίαν
1966 3352 2127 3421 μόνον

539 3438 845 3509 ἀπεθέμην,
877 3436 1098 3490 ἀλλ’ὅτι
1155 3434 1248 3488 xal
1297 3433 1365 3486 τά
1412 3432 1726 3503 ποθούμενα
1759 3432 1913 3503 ὑμῶν
1963 3434 2129 3504 πρόες-

538 3540 665 3577 ωπα
691 3522 853 3575 πάλιν
875 3521 1006 3592 ὀρᾷν
1027 3519 1281 3588 δύναμαι,
1306 3518 1399 3571 καὶ
1424 3518 1692 3588 ἐντρυφᾷν
1719 3516 1871 3587 ὑμῶν
1896 3521 1961 3589 τῇ
1985 3519 2126 3572 κατά

538 3606 669 3659 Θεὸν
696 3605 906 3677 ἀγάπῃ.
940 3602 1042 3656 Kal
1082 3603 1330 3673 καθάπερ
1358 3602 1408 3655 οἱ
1443 3601 1628 3655 πολλοί
1658 3601 1765 3655 τῶν
1795 3599 2121 3673 ἀνθρώπων,

543 3691 680 3762 μετὰ
708 3689 805 3760 τὴν
835 3687 1157 3758 ἀπαλλαγὴν
1191 3686 1291 3756 τῆς
1316 3685 1647 3758 ἀρρωστίας,
1669 3685 1867 3755 φιάλας
1902 3686 1997 3739 καλ⁸
2026 3704 2125 3739 πο-

538 3775 700 3844 τήρια
748 3775 841 3826 καὶ
890 3770 1075 3841 ψυχρά
1114 3770 1331 3840 νάματα
1363 3767 1748 3840 ἐπιζητοῦσινο
1783 3768 1957 3833 οὕτως
2001 3770 2124 3840 ἐμοὶ

538 3859 717 3928 πάσης
755 3854 1095 3926 εὐφροσύνης
1131 3852 1365 3923 ἠδυτέρα
1394 3852 1732 3923 καθέστηκεν
1782 3854 1814 3922 ή
1868 3852 2123 3906 συνουσία

537 3940 858 4013 ήὺμετέρα,
893 3939 985 3992 καὶ
1023 3937 1182 3991 τοῦτό
1225 3954 1316 4007 μοι
1345 3936 1441 3989 κα)⁸
1475 3935 1689 4003 ὑγιείας
1716 3935 1992 3999 ὑπόθεσις,
2029 3937 2125 3988 καὶ

536 4022 873 4094 εὐφροσύνης
921 4022 1162 4091 ἀφορμή.
1191 4020 1329 4090 Φέρε
1362 4015 1476 4082 οὖν,
1510 4016 1698 4090 ἐπειδὴ
1750 4019 1837 4072 διὰ
1886 4019 1986 4090 τὴν
2027 4018 2121 4071 τοῦ

537 4106 675 4159 Θεοῦ
700 4106 860 4175 χάριν
888 4103 1154 4173 ἀλλήλους
1177 4101 1546 4173 ἀπελάϐομεν,
1577 4100 1868 4171 ἀποδῶμεν
1902 4102 2033 4171 ὑμῖν
2061 4100 2122 4153 τὸ

537 4190 695 4261 χρέος
717 4187 818 4256 τῆς
841 4186 1085 4255 ἀγάπης,
1106 4186 1160 4238 εί
1178 4202 1241 4253 γε
1259 4185 1406 4238 ἐστιν
1433 4185 1759 4255 ἀποδοθῆναι
1780 4185 1940 4238 τοῦτό
1966 4201 2117 4238 ποτε.

537 4275 711 4329 Τοῦτο
754 4271 864 4343 γὰρ
913 4270 1070 4341 μόνον
1119 4270 1178 4323 τὸ
1217 4269 1439 4340 ὄφλημα
1465 4268 1619 4333 τέλος
1652 4269 1753 4323 οὐκ
1798 4270 2116 4322 ἐπίσταται·

533 4358 648 4413 ἀλλ’
674 4357 786 4426 ὅσῳ
814 4353 1150 4416 ἀποδίδοται,
1176 4351 1417 4423 τοσούτῳ
1445 4350 1506 4404 τὸ
1527 4350 1750 4422 ὄφλημα
1771 4351 2116 4405 ἐπιτείνεται·

536 4442 630 4496 καὶ
676 4439 929 4511 καθάπερ
961 4434 1197 4489 ἐπὶτῶν
1225 4435 1526 4507 χρημάτων
1571 4436 1700 4498 τοὺς
1755 4434 1920 4505 μηδὲν
1973 4433 2122 4504 ὀφεί-

534 4525 723 4587 λοντας
762 4519 1117 4591 ἐπαινοῦμεν,
1147 4518 1321 4581 οὓτως
1350 4517 1583 4571 ἐνταῦθα
1607 4519 1730 4581 τοῦς
1768 4516 1941 4570 πολλά
1969 4516 2120 4586 ὀφεί-

534 4608 725 4670 λοντας
758 4604 1156 4675 μακαρίζομεν.
1180 4602 1279 4656 Διά
1305 4601 1461 4655 τοῦτο
1488 4604 1580 4656 καὶ
1604 4604 1631 4656 ὀ
1661 4602 1759 4673 τῆς
1795 4601 2121 4673 οἰκουμένης

534 4691 849 4753 διδάσκαλος
906 4687 1119 4750 Παῦλος
1161 4688 1387 4759 γράφων
1432 4686 1619 4754 ἔλεγε*
1656 4686 1883 4755 Μηδενὶ
1925 4685 2121 4755 μηδὲν

536 4776 829 4845 ὀφείλετε,
870 4772 1007 4826 ἀλλ’
1033 4771 1071 4839 ἢ
1119 4772 1186 4825 τὸ
1224 4769 1464 4839 ἀγαπᾷν
1502 4768 1837 4836 ἀλλήλους.
1868 4770 2120 4840 βουλόμε-

535 4876 625 4923 νος
667 4859 813 4928 ἡμᾶς
850 4855 1007 4909 τοῦτο
1032 4853 1090 4907 τὸ
1120 4854 1277 4925 χρέος
1307 4855 1401 4906 καὶ
1426 4854 1513 4907 ἀεὶ¹
1548 4853 1877 4919 ἀποδιδόναι,
1911 4855 2003 4906 καὶ
2032 4854 2120 4906 ἀεὶ
2144 4914 2155 4917 _

535 4942 792 5012 ὀφείλειν,
825 4941 918 4993 καὶ
974 4937 1243 5009 μηδέποτε
1293 4936 1390 5007 τὴν
1445 4936 1664 5007 ὀφειλὴν
1708 4936 1911 5007 ταύτην
1953 4954 2123 4991 κατα-

536 5026 705 5088 λύειν,
745 5024 937 5094 μέχρις
971 5022 1038 5076 ἂν
1066 5022 1163 5092 τὴν
1203 5020 1486 5092 παροῦσαν
1521 5020 1666 5091 ζωὴν
1701 5020 2119 5091 καταλύσωμεν.

537 5111 751 5178 ,Ωσπερ
780 5104 872 5161 οὖν
900 5108 969 5161 τὰ
1001 5107 1261 5177 χρήματα
1284 5105 1540 5175 ὀφείλειν,
1569 5104 1705 5176 βαρὺ
1737 5105 1831 5158 καὶ
1861 5104 2121 5176 ἐπαχθὲς,

535 5196 678 5249 οὕτω
705 5191 766 5245 τὺ
789 5191 885 5263 τὴν
915 5191 1136 5261 ὀφειλὴν
1157 5188 1360 5258 ταύτην
1381 5190 1454 5262 μὴ
1482 5189 1569 5242 ἀεὶ
1595 5189 1854 5258 ὀφείλειν,
1886 5208 2123 5260 κατηγο-

539 5279 658 5349 ρίας
701 5275 869 5340 ἀξιον.
905 5274 1014 5327 Καὶ
1064 5274 1152 5326 ἵνα
1206 5272 1381 5344 eam;
1426 5274 1507 5325 ὅτι
1555 5273 1713 5325 τοῦτο
1763 5272 1937 5338 οὕτως
1984 5274 2121 5344 ἔχει,

545 5363 709 5417 ἄκουε
739 5360 835 5430 τῆς
865 5359 1055 5428 σοφίας
1089 5355 1181 5410 τοῦ
1213 5355 1527 5427 θαυμαστοῦ
1559 5357 1748 5410 τούτου
1778 5358 2121 5424 διδασκάλου,

547 5445 693 5506 ὅπως
721 5442 817 5513 τὴν
857 5440 1180 5512 παραίνεσιν
1202 5441 1484 5512 εἰσήγαγε.
1509 5442 1781 5513 Πρότερον
1806 5440 1913 5511 γὰρ
1929 5442 2121 5495 εἰπών·

549 5524 773 5592 Μηδενὶ
810 5524 1005 5592 μηδὲν
1040 5524 1340 5591 ὅφείλετε·
1387 5524 1505 5577 τότε
1556 5525 1865 5592 ἐπήγαγεν·
1919 5527 1988 5578 Ei
2033 5522 2121 5592 μὴ

545 5607 610 5665 τὸ
639 5605 880 5675 ἀγαπᾷν
906 5607 1235 5675 ἀλλήλους·
1273 5607 1591 5677 βουλόμενος
1632 5608 1809 5659 πᾶσαν
1841 5606 1997 5677 ἡμῶν
2026 5607 2125 5677 τὴν

539 5688 756 5758 ὀφειλὴν
783 5686 1017 5741 ἐνταῦθα
1039 5688 1347 5753 κενοῦσθαι,
1376 5690 1469 5742 καὶ
1497 5688 1654 5741 τοῦτο
1678 5688 1738 5741 τὸ
1764 5689 1923 5760 χρέος
1950 5688 2119 5744 θέλων

546 5769 820 5826 ἀδιάλυτον
858 5771 1039 5841 μένειν
1068 5771 1348 5841 διηνεκῶς.
1380 5774 1550 5829 Τοῦτο
1578 5773 1686 5845 γάρ
1716 5776 1828 5828 ἐστι
1878 5774 2114 5845 μάλιστα

717 6015 751 6027 α.

2231 2353 2295 2408 τὸ
2329 2356 2666 2427 συγκροτοῦν
2700 2359 2795 2411 καὶ
2845 2359 3147 2430 συσφίγγον
3177 2358 3277 2430 τὴν
3311 2356 3458 2429 ζωὴν
3495 2356 3599 2429 τὴν
3634 2358 3823 2428 ἡμετέ-

2236 2453 2356 2508 ραν.
2376 2439 2529 2492 Ἐπεὶ¹
2555 2437 2649 2493 οὖν
2689 2441 2937 2512 ἔγνωμεν
2962 2444 3087 2496 ὅσον
3120 2443 3221 2513 τῆς
3261 2441 3487 2510 ὀφειλῆς
3531 2442 3739 2511 ταύτης
3765 2443 3824 2496 τὸ

2234 2521 2441 2592 κέρδος,
2475 2523 2570 2577 καί
2606 2524 2687 2577 ὅτι
2729 2526 2787 2578 ἐν
2832 2524 2911 2595 τῷ
2958 2525 3306 2580 ἀποδίδοσθαι
3342 2523 3546 2595 μᾶλλον
3580 2524 3819 2592 αὔξεται,

2233 2605 2390 2678 φέρε,
2418 2608 2514 2660 καὶ
2540 2608 2700 2678 ήμεῖς
2726 2609 2826 2680 τὴν
2848 2609 3093 2681 ὀφειλὴν,
3126 2610 3191 2679 ἥν
3222 2608 3515 2678 ὀφείλομεν
3553 2609 3706 2678 ὑμῖν,
3728 2608 3822 2661 οὐκ

2231 2689 2341 2743 ἀπὸ
2375 2688 2647 2760 ῥᾳθυμίας
2669 2690 2789 2744 οὐδὲ
2812 2691 2921 2745 ἀπὸ
2953 2690 3350 2762 ἀγνωμοσύνης
3379 2690 3551 2754 τινὸς,
3584 2691 3821 2745 ἀλλ’ἀπδ

2230 2771 2331 2840 τῆς
2356 2772 2643 2842 συμϐάσης
2665 2773 3000 2845 ἀρρωστίας,
3030 2774 3293 2845 σήμερον,
3317 2773 3439 2827 καθ’
3461 2773 3591 2827 ὅσον
3614 2768 3725 2828 οἷόν
3745 2791 3818 2840 τε,

2234 2851 2385 2926 [151]
2412 2856 2622 2909 ἐκτῖσαι
2658 2856 3070 2926 σπουδάξωμεν,
3098 2856 3271 2927 μικρά
3292 2873 3416 2909 τινα
3449 2855 3822 2927 διαλεχθέντες

2232 2936 2369 3008 πρὸς
2406 2937 2505 3009 τὴν
2534 2937 2806 3009 ὑμετέραν
2845 2939 3090 3010 ἀγάπην,
3119 2938 3377 2992 ὑπόθεσιν
3405 2938 3506 3007 τῆς
3536 2938 3821 3019 διαλέξεως

2231 3022 2593 3091 ποιησάμενοι
2632 3022 2794 3075 αὑτὸν
2826 3021 3015 3075 τοῦτον
3040 3021 3131 3075 τὸν
3165 3021 3479 3091 θαυμαστὸν
3509 3023 3612 3093 τῆς
3643 3023 3821 3075 οἰκου-

2235 3103 2400 3173 μένης
2432 3102 2778 3157 διδάσκαλοψ
2829 3105 2925 3158 καὶ
2969 3105 3113 3177 άπερ
3146 3107 3387 3176 σήμερον
3425 3105 3661 3175 γράφων
3707 3105 3822 3159 Ῥω·

2234 3187 2417 3257 μαίοις
2452 3186 2748 3255 διελέγετο,
2783 3186 2958 3241 ταῦτα
2983 3189 3063 3251 είς
3101 3187 3262 3257 μέσον
3299 3188 3604 3256 ἀγαγόντες
3626 3189 3822 3241 ἀναπο-

2228 3269 2504 3340 λήσωειεν,
2542 3271 2637 3323 καὶ
2667 3269 2756 3324 διά
2806 3269 3019 3342 μακροῦ
3064 3269 3159 3323 τοῦ
3210 3271 3404 3342 χρόνου
3447 3271 3548 3341 τὴν
3583 3272 3822 3325 ἑστίασιν

2225 3352 2328 3422 τὴν
2382 3352 2757 3423 πνευματικὴν
2792 3351 3135 3423 παραϐῶμεν
3163 3352 3318 3423 ὑμῶν
3347 3355 3414 3423 τῇ
3448 3353 3666 3425 ἀγάπῃ.
3693 3355 3819 3407 Τίνα

2225 3435 2285 3489 δέ
2310 3436 2520 3489 ἐστιτά
2548 3435 2985 3504 ἀναγνωσθέντα,
3027 3437 3324 3504 ἀναγκαῖον
3361 3439 3562 3499 εἰπεῖν,
3610 3438 3677 3491 ἶν’
3706 3439 3822 3491 ὐπο-

2231 3518 2564 3591 μνησθέντες
2595 3519 2705 3573 τῶν
2734 3520 3064 3591 εἰρημένων,
3095 3520 3234 3591 μετά
3268 3520 3514 3584 πλείονος
3537 3522 3644 3592 τῆς
3674 3522 3822 3575 εὐκο-

2231 3603 2352 3668 λίας
2402 3604 2630 3675 δέξησθε
2686 3604 2754 3658 τά
2824 3604 2954 3676 παρ’
2987 3603 3143 3675 ήμῶν
3192 3603 3478 3676 λεγόμενα.
3545 3604 3818 3674 Οἴδαμεν,

2233 3688 2420 3759 φησιν,
2452 3687 2543 3742 ὅτι
2572 3688 2695 3753 τοῖς
2724 3685 3007 3756 ἀγαπῶσι
3040 3685 3147 3741 τὸν
3182 3688 3332 3742 Θεὸν
3363 3686 3564 3741 πάντα
3605 3705 3819 3756 συνερ-

2230 3772 2326 3842 γεῖ
2362 3774 2449 3839 εὶς
2493 3772 2740 3840 ἀγαθόν.
2779 3771 2843 3823 Τί
2892 3770 3141 3840 βούλεται
3190 3771 3324 3825 αὐτὸ
3355 3771 3513 3825 τοῦτο
3547 3771 3615 3825 τὸ
3643 3771 3823 3844 προοί-

2234 3871 2385 3924 μιον;
2441 3853 2605 3907 Οὐδὲν
2652 3853 2762 3925 γὰρ
2821 3853 3048 3918 ἁπλῶς,
3095 3854 3216 3906 οὐδὲ
3262 3855 3386 3926 εἰκῆ
3436 3854 3739 3923 φθέγγεται
3786 3856 3817 3924 ή

2234 3935 2478 4007 μακαρία
2508 3935 2647 4007 αὕτη
2685 3935 2853 4007 ψυχὴ,
2884 3936 3020 3989 ἀλλά
3048 3935 3360 4006 κατάλληλα
3403 3936 3489 3989 ἀεὶ
3527 3939 3642 3999 τοῖς
3690 3937 3819 3989 ὐπο-

2230 4020 2503 4089 κειμένοις
2535 4018 2733 4071 πάθεσι
2765 4019 3028 4091 προσάγει
3070 4019 3138 4072 τά
3187 4019 3453 4091 φάρμακα
3482 4018 3549 4073 τά
3579 4034 3822 4091 πνευμα-

2229 4120 2380 4157 τικα.

2300 4186 2365 4238 Τί
2396 4181 2489 4239 οῦν
2513 4188 2663 4239 ἐστιν
2685 4185 2715 4238 ὀ
2750 4202 2955 4256 φησινς
2999 4186 3217 4257 Ἐπειδὴ
3249 4186 3437 4240 πολλοὶ⁵
3481 4185 3819 4258 πανταχόθεν

2228 4273 2278 4325 οἱ
2328 4271 2625 4343 πειρασμοὶ
2665 4270 3158 4341 περιεστοιχίζοντο
3198 4271 3327 4334 τοὺς
3359 4271 3481 4325 τότε
3520 4275 3587 4343 τῇ
3638 4272 3818 4325 πίστει

2229 4355 2570 4424 προσιόντας,
2604 4354 2700 4407 καὶ
2744 4353 3027 4425 ἐπάλληλα
3070 4349 3138 4425 ἦν
3184 4354 3255 4408 τά
3289 4354 3442 4425 παρά
3480 4354 3576 4408 τοῦ
3624 4351 3816 4425 ἐχθροῦ

2232 4439 2620 4510 μηχανήματα,
2665 4437 2761 4510 καὶ
2804 4438 3048 4507 συνεχεῖς
3095 4439 3150 4490 αἱ
3201 4437 3517 4503 ἐπιϐουλαὶ,
3574 4440 3672 4492 καὶ
3722 4437 3816 4491 οὐκ

2228 4508 2470 4593 ἦρέμουν
2497 4522 2546 4574 οί
2579 4519 2657 4590 τῷ
2685 4508 3003 4591 κηρύγματι
3034 4519 3416 4590 πολεμοῦντες,
3447 4521 3574 4584 τοῦς
3605 4520 3708 4592 μὲν
3740 4521 3814 4581 εἰς

2226 4605 2575 4677 δεσμωτήρια
2626 4602 3027 4674 ἐμϐάλλοντες,
3078 4605 3203 4667 τοὺς
3255 4604 3314 4658 δὲ
3360 4606 3441 4667 εἰς
3492 4602 3811 4673 ἀπαγωγὰς,

2226 4690 2352 4753 τοῦς
2395 4689 2451 4742 δὲ
2501 4692 2579 4752 είς
2613 4686 2783 4760 μυρία
2826 4686 2991 4757 ἕτερα
3021 4685 3272 4759 βάραθρα
3308 4687 3663 4752 καθέλκοντες
3687 4704 3700 4717 ·
3731 4684 3814 4738 διὰ

2226 4773 2380 4827 τοῦτο
2411 4771 2664 4841 καθάπερ
2692 4770 2998 4841 στρατηγὸς
3030 4768 3272 4839 ἀριστος,
3297 4770 3441 4837 ὀρῶν
3465 4769 3603 4841 μετά
3624 4767 3814 4823 πολλοῦ

2227 4853 2402 4927 θυμοῦ
2438 4854 2669 4907 πνέοντα
2695 4852 2787 4905 τὸν
2814 4851 3129 4917 ἀντίπαλον,
3164 4853 3391 4924 περιιὼν
3425 4854 3551 4916 τοὺς
3586 4851 3817 4911 οἰκείους

2227 4938 2566 5008 πανταχόθεν
2599 4936 2879 5006 διεγείρει,
2922 4939 3124 5005 νευροῖ,
3166 4936 3399 5005 ἀλείφει,
3442 4933 3815 5008 θαρσαλεωτέο

2229 5040 2353 5092 ρους
2398 5020 2709 5091 καθίστησι,
2742 5018 3182 5091 προθυμοτέρους
3235 5021 3381 5073 ποιεῖ
3426 5019 3564 5091 πρὸς
3608 5018 3669 5071 τὸ
3717 5016 3815 5078 τὰς

2226 5110 2412 5179 χεῖρας
2457 5106 2690 5175 ἀντᾶραι
2724 5103 2866 5157 κατά
2898 5103 2992 5156 τοῦ
3033 5103 3316 5174 πολεμίου,
3353 5103 3445 5157 καί
3482 5103 3556 5174 μὴ
3582 5097 3816 5156 δεδοικέ-

2225 5209 2314 5244 ναι
2344 5188 2443 5251 τάς
2472 5188 2682 5241 ἐκείνου
2706 5185 3076 5258 καταδρομάς,
3107 5186 3243 5240 ἀλλά
3274 5186 3486 5260 στερρῷ
3512 5185 3591 5257 τῷ
3614 5184 3816 5255 φρονή-

2236 5291 2367 5346 ματι
2414 5272 2473 5337 ἐξ
2510 5270 2759 5334 ἐναντίας
2787 5269 3113 5340 ἱσταμένους
3144 5274 3236 5323 καὶ
3262 5272 3433 5341 αὐτὴν
3466 5268 3631 5324 αὐτοῦ
3681 5284 3814 5335 συγο

2233 5357 2473 5418 κόπτειν,
2508 5355 2556 5406 εί
2609 5348 2719 5406 οἷόν
2763 5370 2845 5417 τε,
2873 5352 2969 5423 τήν
3009 5352 3152 5421 ὄψιν,
3188 5355 3283 5407 καὶ
3318 5353 3392 5424 μὴ
3443 5350 3809 5422 καταπλήττεο
3842 5412 3845 5417 _

2235 5441 2359 5494 σθαι
2398 5440 2496 5510 τὴν
2533 5437 2669 5508 πρὸς
2699 5437 2863 5489 αὑτὸν
2892 5436 3231 5491 ἀντίστασιν
3277 5437 3369 5490 τὸν
3407 5435 3569 5491 αὑτὸν
3595 5434 3651 5488 δὲ
3689 5435 3809 5505 τρόο

2234 5540 2333 5576 πον
2386 5522 2480 5574 καὶ
2530 5522 2559 5573 ὀ
2609 5520 2877 5591 μακάριος
2925 5512 3099 5584 οὗτος,
3147 5520 3180 5589 ή
3224 5520 3607 5590 οὐρανομήκης
3643 5517 3808 5588 ψυχὴ,

2231 5607 2493 5675 διεγεῖραι
2527 5604 2849 5673 βουλόμενος
2877 5603 2985 5656 τῶν
3015 5603 3219 5655 πιστῶν
3249 5604 3314 5655 τὰ
3349 5605 3691 5673 φρονήματα,
3720 5601 3813 5653 καὶ

2230 5691 2380 5743 κάτω
2405 5688 2678 5757 κείμενον,
2706 5689 2781 5750 ὼς
2810 5689 3003 5751 εἰπεῖν,
3034 5686 3215 5739 αὐτῶν
3247 5687 3339 5739 τὸν
3371 5687 3625 5757 λογισμὸν
3654 5687 3808 5754 ἀνορ-

2231 5770 2401 5826 θῶσαι
2450 5769 2825 5841 ἐπειγόμενος,
2875 5768 3047 5833 οὕτως
3082 5770 3283 5842 ἤρξατο
3314 5770 3485 5840 λέγων
3509 5788 3522 5802 ·
3561 5770 3805 5840 Οἴδαμεν
