4086 6452
414 386 517 442 ius
1069 382 1138 437 IN
1179 381 1407 449 ILLUD,
1450 382 1862 439 DILIGENTIB.
1913 382 2099 441 penu
2140 384 2355 438 unum
2392 383 2592 439 coor.
2635 382 2701 438 IN
2743 352 3000 440 bonum.
3566 390 3664 444 t66

893 638 1168 699 SCIMUS
1208 638 1467 699 AUTEM
1510 639 1851 712 QUONIAM
1897 639 2425 701 DILIGENTIBUS
2464 640 2676 700 DEUM
2731 641 3003 715 OMNIA,
3049 658 3182 701 ETC.

419 784 783 853 usurpaverit.
811 782 865 838 ld
895 800 999 839 non
1029 800 1254 853 prorsus
1284 787 1533 841 absimile
1562 801 1690 842 vero
1726 787 1977 854 videtur;
2010 787 2104 844 sed
2139 802 2265 843 eum
2291 786 2719 859 Chrysostomus
2753 787 3054 842 Antiochia:
3084 785 3400 856 frequenter
3428 787 3662 842 adversa

420 877 732 932 valetudine
780 877 1128 941 laboraverit,
1161 886 1219 933 ut
1262 893 1327 933 ex
1372 881 1558 936 multis
1603 882 1720 950 ejus
1763 883 2003 939 homiliis
2051 883 2318 953 arguitur,
2350 892 2404 937 et
2454 882 2693 951 alioquin
2724 883 2912 936 eadem
2964 882 3018 937 in
3057 882 3191 936 urbe
3223 880 3525 935 Antiochiie
3558 895 3664 932 non

417 971 586 1025 modo
619 970 907 1039 prooemia,
938 969 1032 1024 sed
1067 971 1231 1025 etiam
1271 972 1567 1027 conciones
1590 973 1851 1044 integras,
1885 982 2227 1040 retractatos,
2259 982 2313 1029 et
2355 988 2645 1044 parumper
2690 981 2959 1037 mutatas,
2991 973 3383 1027 intercurrente
3427 970 3665 1039 quodam

417 1077 691 1118 annorum
720 1063 919 1131 spatio,
945 1072 1185 1132 repetere
1214 1063 1408 1117 solitus
1433 1063 1523 1129 sit,
1554 1073 1613 1117 ut
1641 1065 1753 1133 jam
1792 1079 1936 1133 saepe
1976 1065 2251 1121 vidimus:
2288 1065 2419 1118 nihil
2466 1062 2638 1117 officit
2670 1064 2987 1131 quominus,
3034 1064 3178 1132 quod
3233 1078 3377 1116 auito
3417 1063 3522 1117 3-87
3556 1065 3668 1115 An-

419 1152 639 1207 tiochiae
670 1154 995 1221 prommium
1027 1152 1260 1219 dixerat,
1293 1154 1498 1223 aliquot
1518 1162 1703 1223 postea
1737 1155 1940 1225 elapsis
1967 1156 2146 1222 annis,
2173 1155 2363 1209 morbo
2402 1156 2588 1224 aliquo
2624 1156 2773 1223 (nam
2809 1152 3122 1222 frequenter
3156 1154 3488 1224 aegrotabat)
3521 1152 3668 1208 leva-

416 1257 529 1312 tus,
560 1246 703 1301 idem
736 1247 914 1315 ipsum
943 1247 1130 1301 eadem
1159 1248 1212 1300 in
1246 1248 1379 1303 urbe
1404 1257 1695 1317 repeteret.
1722 1247 1901 1302 Potuit
1944 1248 2109 1317 igitur
2158 1247 2474 1311 Antiochiaa,
2510 1249 2683 1314 potuit
2725 1255 2778 1299 et
2812 1246 3278 1317 Constantinopoli
3318 1247 3458 1301 hanc
3490 1245 3670 1301 homi-

419 1337 552 1392 liam
584 1337 787 1392 habere
815 1355 829 1392 :
868 1338 923 1390 in
951 1346 1071 1392 utra
1105 1347 1287 1403 autem
1320 1339 1454 1393 urbe
1487 1338 1760 1405 habuerit,
1788 1354 1896 1393 non
1928 1338 2003 1393 ita
2045 1338 2201 1393 facile
2233 1348 2317 1393 cst
2346 1336 2622 1407 augurari.

492 1429 874 1501 lnterpretatio
896 1430 1089 1486 Latina
1115 1442 1198 1488 est
1220 1431 1512 1488 Frontonis
1547 1434 1748 1489 Duczei.

2346 1556 3688 1580 Μ

401 1660 465 1703 IN
511 1660 752 1705 DICTUM
786 1660 973 1702 ILLUD
1015 1660 1335 1718 APOSTOLI,
1388 1658 1609 1705 SCIMUS
1654 1656 1894 1711 AUTEM,
1924 1650 2210 1707 QUONIAM
2254 1648 2698 1691 DILIGENTIBUS
2756 1651 2932 1693 DEUM
2993 1653 3192 1696 OMNIA
3225 1656 3679 1704 COOPERANTUR

483 1763 543 1806 IN
575 1763 793 1804 nomen
839 1744 858 1824 (
888 1746 1064 1806 Rom.
1095 1744 1155 1805 8.
1187 1744 1267 1804 28
1290 1743 1335 1823 ),
1378 1761 1458 1803 ET
1483 1761 1566 1802 ne
1605 1755 1967 1807 PATIENTIA,
2026 1752 2103 1793 er
2148 1748 2451 1801 QUANTUM
2483 1749 2736 1793 LUCRUM
2772 1751 2854 1792 ex
2883 1753 3453 1800 TRIBULATIONIBUS
3487 1760 3684 1803 oau—

482 1865 608 1907 TUI!
656 1844 766 1925 (α).

1814 1926 2256 1991 amentatae“

472 2103 523 2156 i.
551 2101 894 2173 Chrysostomi
928 2118 1073 2157 amor
1115 2119 1233 2172 erga
1271 2118 1390 2156 suos
1431 2102 1704 2155 auditores.
1740 2098 1977 2155 Caritatis

394 2194 616 2246 debitum
638 2210 912 2263 numquam
947 2194 1175 2247 solvitur.
1202 2223 1274 2233 -—
1302 2194 1463 2260 Quasi
1492 2193 1650 2262 longo
1678 2194 1883 2246 veniam
1914 2191 1977 2244 ad

397 2300 496 2339 vos
526 2286 821 2351 intervallo,
852 2286 928 2339 sic
955 2285 1202 2340 affectum
1246 2285 1504 2340 hodierno
1533 2286 1621 2340 die
1660 2301 1746 2340 me
1784 2286 1973 2339 sentio.

392 2377 724 2447 Quamquam
767 2378 909 2432 enim
956 2378 1117 2432 domo
1158 2379 1441 2432 conclusus
1485 2388 1703 2447 propter
1740 2377 1979 2444 corporis

394 2468 754 2523 infirmitatem
784 2470 1062 2524 manebam
1094 2487 1106 2521 :
1138 2478 1314 2524 tamen
1356 2469 1575 2540 perinde
1602 2468 1753 2539 quasi
1784 2468 1975 2522 alicubi

394 2557 580 2624 procul
604 2572 633 2611 a
662 2568 836 2612 vestra
869 2560 1089 2613 caritate
1120 2560 1409 2613 translatus
1442 2559 1689 2629 degerem
1710 2600 1724 2625 ,
1752 2559 1830 2613 sic
1858 2559 1976 2612 ani-

391 2663 483 2700 mo
522 2646 814 2704 afliciebar.
845 2649 944 2716 Qui
976 2649 1119 2704 enim
1171 2650 1379 2704 sincere
1407 2649 1627 2719 diligere
1658 2650 1829 2712 novit,
1854 2664 1975 2703 cum

389 2738 445 2791 in
493 2753 835 2809 congressum
866 2740 1050 2796 venire
1094 2755 1198 2795 non
1239 2741 1394 2795 datur
1439 2741 1557 2810 ejus
1593 2756 1748 2809 quem
1781 2722 1975 2809 diligit,

387 2833 629 2903 quamvis
667 2832 909 2888 eamdem
958 2833 1144 2888 urbem
1178 2834 1404 2898 incolat,
1430 2849 1534 2887 non
1566 2833 1724 2888 aliter
1745 2831 1977 2888 afficitur

385 2938 452 2977 ac
491 2923 535 2977 si
577 2925 628 2977 in
670 2924 842 2979 aliena
889 2925 1107 2995 regione
1138 2933 1460 2980 versaretur.
1498 2924 1611 2979 Hoc
1648 2933 1849 2979 norunt
1883 2924 1974 2994 qui

386 3030 517 3071 vere
562 3015 809 3086 diligunt.
855 3017 1120 3088 Ignoscite
1160 3018 1318 3088 igitur
1369 3018 1558 3083 nobis,
1610 3033 1792 3088 qua-so
1821 3034 1834 3069 :
1868 3032 1973 3072 nou

385 3109 531 3162 enim
565 3124 628 3163 ex
669 3109 989 3180 negligentia
1029 3120 1208 3166 nostra
1252 3111 1520 3179 separatio
1546 3111 1643 3165 ista
1670 3122 1846 3165 ortum
1873 3111 1974 3163 ha-

383 3199 522 3265 buit,
552 3200 643 3254 sed
677 3201 875 3255 silentii
912 3216 1126 3256 causam
1169 3200 1450 3255 infirmitas
1487 3202 1729 3270 corporis
1763 3201 1962 3256 attulit.

384 3294 464 3344 Ac
486 3307 578 3345 vos
601 3291 813 3360 quidem
843 3292 1074 3362 gaudere
1102 3307 1245 3347 nunc
1270 3307 1457 3347 omnes
1484 3292 1615 3351 scio.
1644 3292 1785 3361 quod
1813 3293 1971 3361 argi-i-

384 3382 619 3436 tudinem
650 3382 1058 3452 deposuerimus
1093 3401 1107 3436 :
1140 3398 1239 3453 ego
1279 3398 1404 3437 vero
1432 3383 1641 3453 gaudeo
1679 3396 1783 3436 non
1812 3382 1970 3435 modo

381 3473 527 3542 quod
554 3472 923 3542 aegritudinem
948 3473 1310 3543 deposuerim,
1341 3473 1435 3527 sed
1460 3473 1598 3542 quod
1622 3480 1830 3541 optatos
1856 3472 1969 3526 vul-

382 3575 469 3617 tus
495 3575 700 3618 vestros
738 3580 921 3620 rursus
964 3567 1155 3619 intueri
1205 3565 1425 3634 poSsim,
1460 3575 1515 3619 et
1542 3564 1764 3619 caritate
1790 3575 1964 3618 vestra

378 3656 670 3710 secundum
697 3658 858 3710 Deum
885 3657 1158 3711 obiectari.
1181 3656 1248 3710 Et
1269 3655 1716 3727 quemadmodum
1745 3656 1957 3724 plurimi

380 3745 643 3809 homines,
671 3761 791 3800 eum
821 3754 875 3801 ct
917 3748 1105 3801 morbo
1152 3747 1350 3802 fuerint
1397 3748 1620 3816 recreati
1640 3788 1654 3807 .
1682 3747 1885 3817 phialas
1910 3756 1966 3801 et

378 3834 590 3903 pocula,
618 3838 929 3907 gelidosque
962 3839 1148 3891 latices
1178 3846 1425 3906 quaerunt
1457 3857 1470 3891 :
1502 3838 1571 3892 ita
1604 3837 1730 3892 mihi
1773 3838 1956 3893 laztitia

374 3927 563 3994 quavis
598 3926 885 3994 jucundior
930 3927 1133 3982 exstitit
1178 3942 1498 3998 congressus
1547 3937 1741 3990 vester.
1768 3937 1817 3983 et
1861 3927 1964 3983 hoc

377 4019 509 4072 mihi
539 4021 776 4072 sanitatis
805 4021 1021 4073 materia
1048 4018 1165 4081 fuit,
1188 4027 1241 4073 et
1263 4020 1471 4073 occasio
1497 4019 1697 4089 gaudii.
1726 4022 1836 4090 Age
1864 4020 1958 4088 igi-

378 4121 487 4179 tur,
507 4111 932 4184 quandoquidem
967 4111 1057 4170 Dei
1083 4110 1341 4171 beuelieio
1363 4127 1459 4170 nos
1486 4114 1710 4170 invicem
1737 4129 1961 4185 recupe-

376 4204 632 4267 ravimns,
656 4205 893 4259 caritatis
923 4205 1074 4259 vobis
1098 4204 1336 4259 debitum
1379 4205 1768 4275 perSoIramus,
1798 4204 1962 4272 siqui-

373 4294 499 4348 dem
547 4295 652 4348 ullo
700 4304 941 4363 tempore
987 4296 1153 4364 possit
1211 4294 1339 4348 illud
1394 4295 1643 4364 persolvi.
1679 4295 1792 4349 lloc
1816 4295 1958 4348 enim

374 4384 549 4438 solum
580 4385 815 4440 dehitmn
862 4385 1019 4439 ﬁnem
1066 4388 1270 4450 nescit;
1302 4385 1396 4439 sed
1422 4395 1622 4454 quanto
1661 4385 1827 4454 magis
1853 4385 1963 4439 dis-

374 4477 615 4539 solvitur,
648 4485 794 4529 tauto
839 4474 1004 4546 magis
1051 4475 1289 4530 debitum
1329 4484 1593 4545 augetur:
1632 4485 1685 4529 et
1707 4474 1962 4544 quemad-

372 4566 591 4619 niodum
651 4566 701 4618 in
755 4581 814 4620 re
853 4565 1154 4635 pecuniaria
1215 4565 1496 4621 laudamus
1544 4580 1639 4619 eos
1694 4565 1782 4633 qui
1831 4564 1958 4618 nihil

370 4654 589 4720 debent,
615 4655 685 4709 ita
718 4656 802 4711 hic
828 4671 942 4719 eos,
969 4656 1058 4726 qui
1100 4656 1265 4710 multa
1300 4655 1516 4721 debent,
1547 4655 1736 4710 beatos
1765 4655 1956 4724 praedi-

369 4764 576 4803 camus.
613 4747 814 4803 Idcirco
842 4749 1092 4817 magister
1117 4747 1261 4803 orbis
1303 4757 1561 4802 terrarmn
1606 4746 1798 4801 Paulus
1821 4747 1958 4800 seri-

371 4840 505 4892 beus
534 4838 745 4893 dicebat
773 4854 787 4889 :
816 4837 1024 4892 Nemini
1053 4838 1328 4908 quidquam
1359 4837 1597 4901 debeatis,
1629 4838 1725 4890 nisi
1756 4846 1807 4890 ut
1831 4837 1960 4890 invi-

367 4946 478 4983 cem
524 4929 748 5000 diligatis
774 4929 950 4999 (Rom.
982 4929 1071 4982 l3.
1097 4926 1176 4998 8),
1209 4928 1349 4996 quod
1396 4928 1644 4981 nimirum
1689 4926 1816 4980 velit
1863 4942 1958 4980 nos

366 5022 471 5075 hoc
517 5012 856 5074 debitumet
900 5034 1114 5088 semper
1157 5019 1388 5079 solvere,
1420 5026 1475 5071 et
1501 5031 1714 5086 semper
1738 5016 1952 5081 debere,

363 5133 469 5173 nec
508 5126 758 5181 umquam
809 5110 911 5164 hoc
940 5125 1015 5164 ass
1052 5108 1283 5162 alienum
1325 5108 1564 5171 solvere,
1594 5106 1764 5160 donec
1794 5107 1955 5159 vitam

362 5211 687 5273 praesentem
726 5202 1129 5259 absolverimus.
1165 5198 1233 5255 Ut
1275 5200 1435 5269 igitur
1462 5199 1717 5269 pecunias
1758 5197 1955 5252 debere

358 5309 529 5348 εει-τινι)
552 5310 615 5347 ac
646 5293 926 5347 molestum
958 5301 1060 5359 est,
1090 5294 1158 5346 ita
1190 5292 1443 5347 debitum
1467 5292 1568 5346 hoc
1605 5307 1709 5344 non
1743 5306 1956 5360 semper

356 5384 566 5438 debere
599 5382 807 5437 crimini
850 5390 934 5437 est
973 5382 1283 5438 obnoxium.
1310 5383 1484 5451 Atque
1508 5390 1563 5436 ut
1594 5383 1694 5435 hoc
1722 5382 1790 5435 ita
1832 5397 1954 5436 esse

350 5494 368 5524 ι
386 5486 679 5541 ogttoscas,
700 5472 821 5527 audi
870 5471 1130 5527 mirabilis
1168 5473 1321 5529 istius
1347 5472 1582 5527 doctoris
1611 5473 1951 5542 sapientiam,

358 5580 472 5632 qun
518 5572 671 5631 pacto
710 5562 1133 5618 cobortationcm
1182 5563 1465 5617 induxerit.
1495 5563 1629 5616 Cum
1656 5561 1799 5616 enim
1829 5572 1954 5617 ante

356 5656 623 5719 dixisset,
673 5653 879 5709 Nemini
932 5656 1207 5725 quidquam
1250 5654 1487 5719 debeatis,
1535 5665 1646 5708 tum
1690 5652 1949 5723 adjunxit,

440 5851 515 5977 in)
545 5852 716 5903 Collat.
752 5868 861 5904 cum
888 5855 976 5903 iis.
1002 5854 1157 5917 Regio
1187 5852 1319 5923 19ξῖ4.

466 5924 514 5976 υ)
545 5915 686 5965 Hunc
709 5919 873 5968 tecum
896 5918 1125 5967 secundis
1153 5929 1283 5966 curis
1309 5931 1319 5964 ι

2105 2091 2219 2145 Nisi
2248 2102 2299 2145 ut
2334 2093 2541 2147 invicem
2567 2094 2812 2165 diligatis,
2840 2098 2988 2165 quasi
3021 2096 3118 2151 hoc
3147 2099 3291 2165 velit,
3321 2109 3375 2155 ut
3400 2118 3559 2158 omne
3587 2104 3673 2160 hic

2091 2183 2327 2236 debitum
2355 2183 2756 2254 dispungamus.
2787 2196 2842 2270 et
2867 2187 2965 2241 hoc
2991 2204 3066 2242 ars
3094 2190 3325 2245 aliemun
3360 2205 3670 2264 perpetumn

2089 2289 2150 2328 ac
2191 2291 2476 2345 nuluquam
2522 2276 2830 2333 dissolubile
2877 2292 3197 2348 perseveret.
3247 2284 3358 2338 Hoc
3401 2290 3541 2341 enim
3590 2299 3673 2343 est

2090 2367 2354 2436 praecipue
2379 2368 2520 2438 quod
2552 2370 2710 2424 vitam
2741 2380 2977 2426 nostram
3013 2376 3284 2439 continet,
3312 2390 3366 2431 et
3408 2382 3674 2435 Constrin-

2087 2459 2181 2527 git.
2213 2458 2435 2523 Quando
2460 2460 2637 2529 igitur,
2670 2474 2862 2531 quanta
2892 2478 2957 2516 ex
2991 2463 3088 2518 hoc
3113 2465 3293 2519 debito
3322 2479 3500 2524 inanet
3528 2473 3672 2527 utili—

2090 2559 2188 2612 tas,
2221 2549 2438 2613 scimus,
2481 2559 2534 2604 et
2568 2550 2694 2604 dum
2742 2553 3080 2620 persolvitur,
3114 2557 3281 2625 magis
3308 2559 3435 2613 illud
3467 2565 3668 2632 augeri,

2085 2653 2203 2709 age,
2229 2655 2325 2694 nos
2346 2656 2557 2710 quoque
2585 2641 2818 2695 debitum
2842 2683 2857 2706 ,
2885 2644 3025 2712 quod
3069 2662 3172 2699 non
3219 2662 3283 2701 ex
3325 2648 3511 2704 inertia
3535 2669 3668 2722 qna-

2087 2734 2247 2801 piam,
2277 2733 2359 2786 vel
2382 2733 2722 2803 improbitate
2747 2750 2811 2790 ac
2838 2736 3022 2790 fraude
3043 2737 3239 2805 aliqua,
3269 2741 3360 2794 sed
3383 2758 3447 2796 ex
3475 2755 3665 2798 eventu

2083 2819 2258 2877 morbi
2284 2825 2665 2890 contraximus,
2695 2825 2886 2893 hodie,
2914 2838 3168 2896 quantum
3210 2830 3261 2885 in
3311 2832 3462 2887 nobis
3502 2834 3664 2892 situm

2081 2914 2203 2979 erit,
2235 2913 2462 2969 reddere
2489 2915 2819 2982 Studeamus,
2839 2927 2889 2971 et
2917 2918 3100 2987 paucis
3131 2931 3362 2976 vestram
3389 2925 3662 2980 caritatem

2081 3004 2410 3074 ailoquentes
2450 3017 2823 3077 argumentum
2865 3010 3128 3064 sermonis
3153 3012 3221 3067 ab
3250 3011 3349 3068 hoc
3377 3013 3491 3083 ipso
3519 3017 3663 3072 orbis

2081 3107 2342 3154 terrarum
2377 3099 2598 3155 doctore
2625 3101 2879 3156 diluamus
2907 3120 2920 3156 :
2953 3110 3009 3158 et
3032 3120 3151 3174 quae
3172 3105 3238 3161 ad
3274 3107 3543 3163 Romanos
3572 3109 3665 3164 ho-

2077 3192 2164 3247 die
2189 3193 2429 3247 scribens
2457 3192 2687 3258 dicebat,
2720 3195 2833 3248 lucc
2868 3195 2920 3249 in
2950 3196 3182 3252 medium
3205 3198 3430 3253 adducta
3458 3216 3662 3271 expen-

2075 3284 2283 3347 damus,
2307 3298 2370 3338 ac
2395 3283 2556 3354 longo
2579 3285 2856 3339 intervallo
2877 3286 3207 3356 spiritualem
3235 3290 3441 3343 caritati
3473 3305 3659 3346 vestrae

2077 3391 2314 3430 mensam
2343 3376 2842 3444 instruamus.'Qua:
2869 3392 2993 3433 vero
3016 3378 3150 3432 lecta
3179 3379 3305 3445 sint,
3328 3396 3507 3449 operae
3535 3398 3658 3451 pre-

2077 3469 2205 3523 tium
2249 3469 2408 3523 fuerit
2439 3467 2702 3537 indicare,
2735 3478 2792 3523 ut
2814 3469 2882 3524 de
2910 3470 2973 3523 iis
3002 3485 3119 3540 qua:
3149 3470 3287 3524 dicta
3316 3481 3440 3526 sunt
3473 3474 3656 3527 adma.

2073 3560 2188 3619 niti.
2219 3559 2427 3614 facilius
2448 3575 2567 3631 quae
2593 3576 2622 3613 a
2650 3560 2803 3615 nobis
2827 3561 3092 3626 dicentur,
3118 3566 3394 3631 percipere
3412 3564 3653 3619 valeatis.

2072 3652 2297 3719 Scimus,
2328 3654 2526 3722 inquit,
2555 3653 2792 3724 quoniam
2814 3652 3134 3723 diligentibus
3167 3653 3327 3706 Deum
3357 3660 3527 3710 omnia
3565 3674 3654 3710 co-

2069 3747 2402 3817 aperanturiu
2414 3747 2597 3800 bonum
2614 3745 2827 3814 (llom.8
2852 3746 2965 3815 28).
2986 3746 3119 3814 Quid
3138 3747 3238 3800 sibi
3258 3748 3362 3800 vult
3383 3748 3483 3801 hoc
3497 3766 3657 3802 οχον-

2068 3836 2255 3890 dium?
2282 3835 2423 3890 Nihil
2450 3837 2591 3891 enim
2623 3844 2823 3891 temere
2870 3846 2961 3889 aut
3002 3836 3192 3889 frustra
3241 3837 3475 3906 loquitur
3499 3838 3653 3893 beata

2070 3926 2184 3980 haec
2204 3927 2400 3992 anima,
2431 3926 2523 3980 sed
2552 3926 2917 3980 Convenieutia
2945 3941 3158 3994 setuper
3181 3927 3404 3996 objectis
3434 3930 3652 3999 a'gritu-

2068 4018 2281 4073 diuibus
2310 4019 2602 4087 spiritualia
2629 4017 3014 4071 medicamenta
3037 4019 3170 4071 solet
3197 4018 3467 4073 adbibere.

2145 4108 2557 4179 Persequuliones
2586 4108 2860 4162 Christiani
2904 4110 3182 4175 patiuntur.
3216 4141 3289 4150 —-
3315 4110 3448 4178 Quid
3491 4113 3649 4181 igitur

2066 4213 2146 4256 est
2172 4201 2270 4255 hoc
2311 4201 2450 4271 quml
2488 4202 2598 4254 ait?
2619 4201 3057 4271 Quandoquidem
3083 4204 3242 4254 inulta
3270 4206 3502 4274 undique
3532 4216 3649 4259 teu-

2069 4292 2295 4346 taliones
2325 4308 2418 4347 eos
2446 4291 2893 4346 circumsidcbaut
2913 4334 2926 4358 ,
2959 4306 3050 4362 qut
3096 4303 3204 4347 tutu
3232 4294 3556 4351 decedebant
3577 4296 3646 4351 ad

2067 4385 2247 4453 fidem,
2277 4396 2329 4440 et
2359 4387 2661 4455 frequentes
2687 4384 2754 4438 ab
2794 4387 2947 4438 hoste
2988 4385 3246 4438 uiaehiua:
3284 4385 3647 4440 admoveban-

2068 4489 2172 4541 tur,
2201 4488 2253 4532 et
2275 4479 2541 4531 continua:
2575 4477 2929 4530 tendebantur
2965 4477 3167 4531 iusidi.e
3193 4516 3209 4542 ,
3252 4493 3420 4546 neque
3449 4479 3646 4547 pr:edi-

2065 4571 2290 4625 cationis
2315 4569 2571 4638 evangelii
2590 4568 2882 4622 adversarii
2911 4568 3275 4636 quiescebant.
3303 4568 3399 4622 sed
3428 4570 3563 4622 alios
3592 4572 3644 4624 in

2064 4679 2333 4718 ιεειτρθωιιι
2364 4661 2714 4731 conjiciebaut
2729 4694 2742 4716 ν
2762 4659 2962 4715 aliosin
2977 4659 3230 4715 exsilium
3244 4656 3607 4726 mittebantur)
3627 4693 3643 4719 ,

2063 4754 2196 4808 alios
2227 4752 2278 4806 in
2308 4753 2410 4805 alia
2437 4749 2720 4820 praecipitia
2742 4749 3052 4803 trahebant:
3075 4762 3356 4819 propterea
3382 4752 3643 4819 quemad-

2065 4845 2278 4899 tnodum
2305 4843 2539 4912 Optimus
2568 4843 2875 4910 imperator,
2905 4856 3026 4894 cum
3063 4842 3270 4894 hostem
3301 4842 3441 4897 videt
3463 4858 3643 4910 aerum

2065 4937 2386 4993 iracundiam
2416 4936 2729 5003 spirantem,
2762 4933 3084 4987 circumiens
3109 4948 3236 4987 suos
3264 4935 3461 4988 excitat
3492 4935 3649 4989 nudi-

2037 5045 2185 5099 que,
2217 5027 2546 5087 corroborat,
2578 5024 2811 5089 instruit,
2843 5025 3157 5078 audaciores
3183 5026 3349 5079 reddit
3375 5066 3389 5090 ,
3414 5026 3644 5080 alacrio-

2063 5136 2148 5175 res
2178 5118 2370 5182 efticit,
2404 5125 2461 5172 ut
2504 5131 2691 5170 IllaltllS
2735 5126 2920 5171 Contra
2963 5117 3329 5171 adversarium
3373 5119 3639 5179 attollant,

2062 5227 2159 5266 nec
2187 5211 2326 5265 illius
2350 5208 2685 5263 incursiones
2713 5206 3078 5274 reformident,
3106 5208 3200 5261 scd
3226 5210 3405 5262 animo
3437 5207 3557 5261 forti
3584 5222 3646 5261 se

2062 5302 2134 5355 illi
2161 5308 2450 5371 opponant,
2500 5300 2670 5369 ipsum
2718 5298 2834 5369 ejus
2867 5299 3092 5364 vultum,
3122 5299 3165 5352 si
3196 5301 3415 5365 possint,
3450 5298 3641 5349 vulne-

2062 5405 2198 5457 rent,
2233 5407 2330 5447 uec
2362 5391 2433 5445 illi
2460 5393 2713 5446 resistere
2744 5390 3158 5460 pertimescant:
3191 5404 3295 5440 non
3335 5388 3489 5440 aliter
3515 5386 3640 5441 bea-
3700 5384 3703 5391 “

2061 5496 2143 5540 tus
2174 5486 2292 5551 iste,
2318 5484 2432 5539 base
2462 5484 2637 5537 anima
2665 5483 2729 5536 ad
2775 5482 2964 5536 cadum
3012 5493 3177 5545 usque
3214 5477 3478 5541 sublimis,
3512 5477 3639 5531 tide-

2059 5578 2186 5631 lium
2218 5576 2401 5630 volens
2444 5578 2650 5628 animos
2692 5571 2957 5631 excitare,
2990 5578 3045 5621 et
3092 5567 3237 5620 humi
3262 5572 3551 5633 iacentem.
3583 5579 3637 5621 ut

2060 5669 2127 5722 ita
2159 5668 2367 5730 dicam,
2413 5667 2463 5718 ill
2491 5681 2620 5717 ιιιιιη
2653 5663 3028 5732 cogitationem
3059 5660 3264 5727 erigere
3297 5661 3536 5721 studt-ns,
3566 5662 3634 5716 ita

2056 5760 2236 5815 dicere
2274 5759 2501 5824 occa-pit
2531 5774 2542 5808 :
2576 5754 2776 5808 Scimus
2821 5762 2987 5805 autem
3027 5753 3264 5821 quoniam
3318 5750 3641 5821 diligentibus

466 5904 514 5976 ὑ)
545 5915 686 5965 Hunc
709 5919 873 5968 locum
896 5904 1125 5967 secunde
1153 5919 1283 5966 curis
1304 5904 1593 5965 retractavit
1623 5911 1790 5961 ilontf.
1821 5911 1941 5960 Vide
1980 5909 2120 5970 hujus
2145 5907 2262 5957 tomi
2290 5909 2508 5966 Γνῶθι,
2535 5908 2628 5957 col.
2660 5904 2732 5956 ιι.
