4086 6456
518 381 621 435 ιθτ

511 501 675 557 Deum
691 500 860 555 omnia
882 504 1215 569 cooperantur
1238 494 1289 547 in
1317 494 1502 546 bonum
1525 490 1697 560 (llam.
1726 490 1778 545 8.
1796 489 1910 560 ‘28).
1936 487 2097 542 Vides

510 593 845 653 prudentiam
886 586 1269 659 apostolicam?
1297 583 1413 639 Non
1441 583 1572 639 dixit
1591 623 1607 649 ,
1630 583 1755 638 Scio
1774 622 1788 645 .
1816 581 1911 637 sed
1934 622 1949 647 ,
1974 578 2095 634 Sci-

510 702 642 748 ntus,
674 694 731 738 ut
774 684 920 751 ipsos
947 678 1011 733 ad
1036 692 1315 732 assensum
1349 674 1692 745 pra-bendum
1721 672 1948 727 orationi
1981 670 2094 741 pel-

507 777 714 839 liceret,
742 770 883 843 quod
911 768 1255 840 diligentibus
1295 767 1463 821 Deum
1509 765 1691 819 omnia
1730 771 2093 830 coeperentur

509 869 558 919 in
613 865 833 919 bonum.
887 858 1291 924 Animadverte,
1330 871 1493 926 quam
1551 862 1801 910 accurate
1853 853 2099 923 loquatur

508 955 800 1026 apostolus.
844 952 960 1009 Non
1013 952 1179 1016 dixit,
1211 950 1312 1017 Qui
1370 948 1537 1003 Deum
1587 945 1847 1015 diligunt,
1895 942 2100 998 evitant

508 1047 666 1112 mala,
697 1046 1035 1100 liberantura
1059 1039 1469 1103 tentationibus;
1502 1038 1619 1103 sed,
1640 1036 1867 1097 Scimus,
1893 1035 2087 1106 inquit,

509 1138 613 1192 hoc
636 1146 738 1201 est,
770 1148 1085 1206 persuasum
1116 1133 1272 1187 nobis
1301 1140 1413 1193 est,
1436 1131 1709 1199 certiores
1735 1125 1857 1181 facti
1887 1139 2095 1190 sumus,

508 1232 622 1301 ipsa
653 1245 830 1285 rerum
858 1227 1186 1296 experientia
1214 1225 1387 1281 edocti
1417 1221 1908 1277 demonstrationes
1937 1233 2096 1273 acce-

504 1324 680 1389 pimus
708 1339 721 1374 :
754 1319 958 1377 Scintus
994 1319 1231 1388 quoniam
1268 1314 1590 1386 diligentibus
1618 1311 1780 1367 Deum
1802 1311 1974 1365 omnia
2005 1327 2097 1363 co-

506 1422 777 1484 eperantur
802 1410 853 1465 in
879 1410 1084 1464 bonum.

572 1503 631 1557 2.
673 1501 946 1556 Verberant
977 1498 1206 1568 Apostoli
1233 1506 1421 1568 quanta
1451 1496 1544 1550 vis.
1579 1493 1884 1548 Macedones
1910 1490 2099 1562 ingrati

505 1598 558 1650 in
598 1595 878 1664 apostolos.
916 1591 1019 1648 Cur
1057 1592 1245 1662 eiectus
1289 1589 1487 1644 dtrnwn
1530 1588 1701 1658 [ua-it.
1733 1615 1806 1626 —
1833 1586 2096 1653 Quantam

507 1688 634 1744 huic
665 1686 815 1743 brevi
855 1685 1076 1741 dictioni
1105 1684 1211 1739 vim
1260 1682 1437 1737 inesse
1485 1678 1852 1735 arbitramini?
1883 1677 2092 1741 Omnia,

508 1781 699 1850 inquit,
731 1788 1070 1848 conparantur
1112 1777 1165 1831 in
1202 1775 1409 1829 bonum.
1440 1772 1558 1829 Noli
1596 1771 1739 1828 enim
1772 1770 1902 1825 mihi
1936 1769 2096 1840 hujus

507 1873 631 1927 vita:
671 1868 951 1926 commoda
991 1879 1449 1930 commemorare,
1492 1877 1669 1933 neque
1710 1861 2097 1931 jncunditatem

510 1974 715 2020 tantum
742 1970 834 2017 aut
859 1961 1197 2017 securitatem
1226 1959 1406 2013 animo
1430 1957 1633 2022 volvas,
1653 1955 1748 2011 sed
1776 1954 1937 2010 etiam
1964 1968 2097 2009 con-

511 2056 695 2123 traria,
718 2068 967 2111 carceres
989 2093 1004 2118 ,
1037 2050 1409 2106 tribulationes
1426 2090 1441 2114 ,
1467 2045 1686 2102 insidias
1704 2087 1720 2113 ,
1763 2044 2099 2116 quotidianus

511 2150 772 2213 incursus,
799 2160 863 2200 ac
914 2152 1024 2199 tum
1063 2140 1310 2197 dictionis
1335 2139 1441 2192 vim
1494 2145 1742 2192 accurate
1778 2148 2093 2205 cognosces.

508 2243 587 2297 Ac
614 2256 682 2295 ne
716 2238 850 2294 forte
887 2236 952 2291 ad
981 2234 1140 2305 longe
1172 2229 1398 2304 petenda
1429 2228 1673 2300 exempla
1699 2226 1977 2284 caritatem
2000 2242 2099 2281 vc-

505 2340 671 2387 stram
691 2328 972 2391 abducam,
995 2323 1222 2397 paucula
1241 2320 1507 2394 quaedam,
1533 2320 1576 2374 si
1608 2318 1774 2382 lubet,
1800 2333 1866 2372 ex
1893 2316 1960 2372 iis
1978 2332 2099 2388 qua:

507 2421 664 2477 beato
693 2419 778 2475 isti
801 2416 1147 2481 acciderunt,
1181 2415 1233 2468 in
1262 2411 1494 2467 medium
1526 2407 1883 2480 proferamus,
1911 2416 1967 2462 et
1992 2407 2096 2460 vim

506 2514 661 2570 istius
702 2511 848 2567 verbi
887 2508 1242 2581 cognoscetis.
1277 2506 1410 2561 Nam
1450 2520 1571 2560 cum
1609 2503 1863 2574 regiones
1907 2516 2097 2557 omnes

504 2604 848 2668 circumiens,
877 2602 1090 2675 pietatis
1132 2600 1354 2656 verbum
1402 2610 1682 2667 spargens,
1725 2595 1909 2665 spinas
1954 2592 2100 2649 cvi-l-

506 2699 641 2765 lens,
667 2695 947 2751 veritatem
972 2694 1027 2748 in
1046 2691 1382 2762 singulorum
1398 2688 1589 2743 animis
1609 2688 1851 2757 plantare
1873 2695 2096 2740 conten-

505 2790 661 2857 dens,
710 2788 777 2844 ad
821 2787 1008 2843 urbem
1052 2783 1338 2856 quamdam
1394 2780 1688 2851 appulisset
1740 2775 2095 2843 Macedoniae,

503 2877 954 2952 quemadmodum
978 2877 1164 2932 beatus
1194 2873 1396 2939 Lucas,
1426 2870 1473 2925 is
1496 2868 1585 2940 qui
1620 2868 1814 2922 librum
1839 2868 2094 2922 Actorum

506 2969 826 3043 composuit,
863 2968 1016 3024 nobis
1042 2963 1330 3029 enarravit,
1361 2960 1610 3017 ancillam
1633 2958 1941 3031 quamdam.
1979 2973 2097 3028 qua:

507 3063 799 3135 malignum
853 3058 1080 3115 habebat
1125 3055 1594 3126 spiritum;neque
1647 3058 1824 3104 tacere
1868 3055 2094 3119 poterat,

506 3156 600 3214 sed
629 3153 908 3216 circuibat,
935 3159 987 3205 et
1010 3149 1209 3219 ubique
1247 3145 1369 3201 illos
1401 3141 1664 3199 daemonis
1707 3155 1870 3210 opera
1897 3138 2101 3211 pateta-

511 3262 637 3303 cere
660 3242 896 3311 volebat,
922 3239 1085 3295 multa
1130 3252 1250 3292 cum
1290 3234 1627 3297 auctoritate,
1667 3232 1785 3287 solo
1826 3231 1992 3286 verbo
2036 3244 2098 3283 ac

508 3341 657 3410 jussu
686 3347 954 3406 tamquam
984 3333 1330 3387 verberonem
1360 3326 1648 3400 quemdam
1675 3324 1920 3396 abigens,
1954 3325 2096 3379 illum

504 3450 535 3489 a
559 3445 721 3501 pravo
747 3429 992 3484 daemone
1032 3423 1315 3479 liberasset
1346 3436 1361 3473 :
1391 3435 1514 3475 cum
1546 3418 1687 3471 illius
1717 3417 1863 3471 urbis
1895 3416 2098 3471 incolas

504 3524 829 3597 oportuisset
849 3528 1118 3590 tamquam
1143 3514 1510 3571 benefactores
1535 3527 1661 3566 suos
1684 3526 1747 3565 ac
1773 3510 1959 3563 salutis
1986 3525 2097 3563 suae

506 3617 743 3671 vindices
771 3613 1027 3682 deinceps
1071 3606 1345 3679 apostolos
1374 3605 1592 3669 intueri,
1618 3614 1777 3674 atque
1813 3601 1959 3657 omni
2003 3616 2097 3656 eos

505 3706 798 3761 ofﬁciorum
845 3716 1044 3773 genere
1086 3705 1491 3770 prosequentes,
1529 3700 1734 3749 tantum
1777 3693 2093 3748 beneﬁcium

506 3793 874 3858 remunerari,
926 3792 999 3846 illi
1052 3791 1207 3860 plane
1249 3785 1512 3842 contraria
1560 3783 1881 3853 rependunt.
1923 3783 2096 3850 Atque

505 3887 630 3942 audi
658 3900 764 3955 quo
803 3891 960 3954 pacto
1001 3882 1122 3936 illos
1147 3889 1584 3933 remunerentur.
1625 3874 1876 3936 Videntes.
1902 3873 2093 3943 inquit,

506 3978 697 4033 domini
723 3977 850 4048 ejus,
879 3974 1000 4045 quia
1025 3973 1173 4027 exivit
1200 3987 1314 4039 spes
1342 3979 1563 4039 qmcstus
1589 3983 1783 4032 eorum,
1806 3967 2097 4036 apprehen—

505 4073 677 4128 dentes
701 4066 924 4124 Paulum
947 4075 995 4120 et
1024 4063 1190 4119 Silam
1219 4062 1564 4132 perduxerunt
1592 4060 1643 4111 in
1661 4061 1828 4129 forum
1850 4057 1918 4110 ad
1948 4058 2096 4127 prino

504 4163 673 4232 eipes,
705 4168 752 4213 et
792 4154 1056 4224 offerentes
1079 4170 1164 4207 eos
1194 4151 1598 4222 magistratibus,
1636 4165 1749 4201 cum
1793 4148 1979 4202 multas
2027 4147 2098 4201 eis

510 4252 688 4325 plagas
708 4246 1082 4318 imposuissent,
1115 4244 1357 4297 miserunt
1401 4257 1485 4295 eos
1526 4240 1581 4293 in
1609 4256 1881 4305 carcerem,
1914 4240 2098 4309 pra'ci-

511 4342 701 4410 pientes
742 4336 972 4403 custodi,
1000 4343 1053 4387 nt
1088 4332 1357 4402 diligenter
1396 4347 1480 4385 eos
1522 4329 1794 4383 custodiret
1842 4329 1978 4402 (Act.
2006 4331 2095 4386 16.

510 4429 717 4503 lli-25).
753 4426 959 4485 Videtis
1002 4436 1267 4478 snnnnam
1309 4420 1453 4475 illius
1485 4419 1632 4474 urbis
1662 4419 1957 4474 incolarum
2000 4420 2099 4474 im-

511 4521 867 4598 probitatem?
893 4520 1086 4576 videtis
1114 4517 1478 4589 apostolorum
1523 4515 1831 4588 patientiam
1865 4529 1929 4569 ac
1958 4515 2095 4570 tole-

513 4615 779 4674 rantiam?
808 4615 1129 4684 Exspectate
1158 4609 1444 4682 paulisper,
1476 4616 1532 4668 ct
1561 4607 1652 4663 Dei
1682 4606 1929 4663 videbitis
1958 4606 2102 4663 beni-

511 4707 792 4779 gnitatem.
819 4703 951 4760 Cum
994 4704 1136 4760 enim
1186 4702 1400 4773 sapiens
1441 4700 1511 4756 sit
1557 4715 1621 4755 ac
1668 4701 1860 4768 solers,
1890 4715 1996 4755 non
2046 4700 2097 4754 in

512 4795 772 4867 principio
801 4809 901 4850 nec
929 4793 984 4849 in
1021 4793 1259 4849 exordiis
1286 4792 1424 4847 mala
1454 4791 1613 4857 tollit,
1639 4791 1734 4847 sed
1764 4807 1886 4848 cum
1923 4792 2099 4846 inere-

512 4898 749 4943 mentum
781 4886 1082 4955 acceperint
1124 4884 1551 4940 adversariorum
1598 4884 1902 4952 molimina,
1930 4894 1982 4940 et
2012 4899 2099 4939 re-

514 4984 612 5037 bus
646 4980 776 5051 ipsis
817 4979 1136 5034 athletarum
1180 4979 1403 5050 probata
1444 4980 1696 5050 patientia
1727 4978 1906 5048 fuerit,
1939 4990 1993 5035 et
2024 4982 2103 5034 in-

514 5074 787 5139 notuerit,
834 5080 943 5127 tum
982 5070 1279 5127 subsidium
1325 5088 1481 5128 suum
1523 5073 1731 5144 pra-bet
1763 5088 1779 5126 :
1809 5088 1877 5128 ne
1922 5072 2103 5128 dit-ere

515 5168 682 5236 possit
713 5168 871 5231 nllus,
896 5166 1013 5221 illos
1041 5165 1241 5222 idcirco
1267 5176 1458 5236 sponte
1482 5167 1733 5236 periculis
1758 5182 1818 5222 se
1843 5166 2101 5237 olijicere,

512 5258 653 5329 quod
695 5273 755 5313 se
809 5256 942 5313 nihil
996 5257 1279 5312 molestum
1336 5273 1588 5328 passuros
1636 5273 1757 5313 esse
1805 5258 2099 5313 confidant.

458 5378 465 5384 ~
516 5351 664 5406 llanc
694 5350 944 5405 nimirum
985 5348 1055 5404 ob
1084 5364 1299 5404 causam
1345 5347 1601 5419 quosdam
1647 5350 1809 5405 etiam
1850 5349 2102 5406 inell‘abtli

513 5443 741 5512 quadam
773 5442 1033 5514 sapientia
1066 5441 1119 5495 in
1147 5441 1300 5496 malis
1325 5441 1680 5511 dereliuqnit,
1713 5442 1971 5512 quosdam
2001 5445 2105 5499 eri-

519 5533 614 5601 pit,
635 5542 691 5587 ut
706 5548 771 5588 ex
789 5533 1034 5588 omnibus
1059 5533 1236 5588 discas
1258 5548 1519 5587 summam
1547 5533 1664 5603 ejus
1692 5533 2102 5603 benignitatem,

522 5625 804 5694 ipsumque
853 5625 1054 5695 majora
1106 5626 1209 5681 illis
1252 5627 1466 5696 pra'mia
1516 5635 1937 5698 prazparantem,
1971 5633 2105 5684 mala

524 5713 830 5787 frequenter
870 5718 1051 5786 augeri
1097 5719 1424 5786 permittere.
1460 5718 1536 5772 Ita
1567 5719 1667 5774 hoc
1695 5718 1856 5774 etiam
1885 5719 2003 5774 loco
2033 5722 2105 5776 fe-

528 5809 616 5861 cit.
648 5809 779 5864 Post
803 5815 1009 5864 tantum
1034 5810 1345 5867 miraculum
1377 5827 1439 5867 ac
1467 5810 1804 5880 beneﬁcium,
1838 5816 1977 5884 quod
2006 5814 2104 5871 im-

1218 378 1276 433 S.
1313 374 1593 433 JOANNIS
1623 367 2097 428 CIIRYSOSTOMI
2138 369 2455 428 AllCHlEP.
2494 374 3035 433 CONSTANTINOP.

2207 489 2439 559 pudt-nte
2477 491 2570 549 illo
2603 479 2849 551 daemone
2895 496 3452 566 ejectocontulerant,
3482 500 3643 573 virgis
3677 506 3804 559 illos

2203 583 2332 637 νωιιί
2366 587 2627 654 permisit,
2646 589 2782 642 ct’in
2803 603 3072 645 carcerem
3104 591 3259 646 tnitti.
3296 592 3431 649 Hine
3450 603 3597 649 enim
3624 599 3802 651 maxi-

2207 690 2292 731 tne
2324 676 2418 731 Dei
2456 678 2627 732 virtus
2654 679 2814 734 etiam
2848 681 3112 738 elucebat.
3137 683 3478 755 Qttapmpter
3521 697 3575 742 et
3611 689 3803 745 beatus

2206 765 2293 820 hic
2329 765 2541 822 dicebat
2571 784 2586 820 :
2618 768 2969 825 Libentissime
3009 773 3268 843 gloriabor
3313 777 3367 828 in
3414 778 3801 846 infirmitatibus

2203 858 2348 926 meis,
2368 867 2421 911 ut
2440 858 2683 914 inhabitet
2694 861 2749 914 in
2764 877 2843 915 me
2860 863 3018 916 virtus
3029 862 3252 931 Christi;
3273 876 3328 920 et
3352 883 3556 934 rursus,
3579 871 3705 923 Cum
3722 872 3777 924 in
3789 898 3805 911 -

2203 951 2399 1018 limior,
2416 960 2536 1005 tunc
2552 964 2727 1020 potens
2736 970 2848 1008 sunt
2867 954 2885 1024 (
2905 953 2960 1008 2.
2978 954 3097 1011 Cor.
3114 956 3203 1012 12.
3221 957 3275 1012 9.
3290 958 3357 1014 {0
3373 958 3415 1031 ),
3437 961 3801 1017 inﬁrmitatem

2201 1044 2482 1100 continuas
2508 1046 2831 1100 teutationes
2857 1049 3153 1117 appellans.
3180 1048 3289 1105 Sed
3324 1060 3532 1120 quaeret
3565 1052 3798 1108 fortasse

2201 1135 2465 1204 quispiam
2494 1135 2597 1191 hoc
2620 1137 2759 1201 loco,
2791 1138 2944 1206 cujus
2984 1140 3063 1194 rei
3101 1142 3272 1210 gratia
3300 1141 3603 1197 da-monem
3625 1160 3802 1214 espo-

2203 1228 2362 1283 lerint
2387 1228 2518 1283 nihil
2554 1230 2684 1301 ipsis
2718 1232 3203 1297 contradicentem,
3231 1235 3325 1289 sed
3355 1237 3530 1304 potius
3556 1237 3678 1292 illos
3706 1254 3801 1308 pa-

2203 1318 2572 1384 tefacientem;
2605 1321 2781 1391 spatio
2804 1323 3002 1392 quippe
3038 1325 3327 1379 multorum
3355 1326 3566 1382 dierum
3596 1329 3799 1385 clama-

2203 1409 2292 1463 bat
2314 1409 2501 1464 dicens
2530 1426 2545 1463 :
2578 1409 2676 1465 Isti
2724 1413 2951 1467 homines
2993 1415 3125 1468 servi
3174 1413 3274 1469 Dei
3317 1418 3501 1471 excelsi
3536 1428 3685 1487 sunt,
3712 1422 3801 1488 qui

2201 1501 2507 1555 annuntiant
2537 1502 2681 1558 nobis
2695 1504 2826 1557 viam
2849 1505 3030 1560 salutis
3054 1503 3190 1578 (Act.
3222 1508 3305 1561 l6.
3334 1510 3438 1579 l7).
3460 1510 3538 1568 Ne
3562 1512 3797 1577 mireris,

2201 1592 2478 1648 carissime
2505 1609 2520 1647 :
2551 1609 2673 1648 nam
2702 1604 2755 1649 et
2792 1594 2895 1651 hoc
2935 1596 3230 1664 prudentia:
3258 1598 3355 1654 fuit
3388 1605 3701 1672 apostolicae
3730 1620 3796 1660 ac

2202 1682 2444 1740 beneficii
2478 1683 2711 1755 Spiritus
2748 1689 2943 1741 sancti.
2976 1687 3125 1743 Licet
3164 1691 3307 1744 enim
3336 1694 3666 1747 contrarium
3694 1695 3802 1750 illis

2200 1774 2407 1832 diceret
2447 1776 2601 1842 nihil,
2636 1792 2703 1833 ne
2740 1786 2916 1833 tamen
2961 1778 3085 1833 inde
3129 1780 3288 1834 fidem
3318 1783 3423 1837 sibi
3451 1783 3663 1839 dannon
3693 1786 3799 1840 alio

2200 1882 2360 1937 quam
2409 1868 2741 1935 conciliaret,
2775 1877 2828 1924 et
2878 1870 2930 1924 in
2987 1869 3108 1925 aliis
3162 1871 3521 1941 simpliciores
3573 1876 3800 1932 subdole

2205 1969 2385 2028 posset
2423 1959 2724 2027 attrahere,
2753 1969 3032 2031 propterea
3080 1976 3202 2016 cum
3244 1963 3317 2016 illi
3361 1978 3424 2018 os
3469 1964 3795 2034 obturasset,

2200 2050 2376 2121 ejecit,
2410 2066 2583 2120 neque
2625 2052 2748 2106 sivit
2789 2066 2853 2107 ea
2908 2052 3171 2122 proloqui,
3219 2070 3341 2123 quae
3392 2054 3711 2126 dignitatem
3743 2069 3799 2113 et

2201 2150 2417 2211 captum
2448 2142 2564 2212 ejus
2593 2142 2945 2198 excedebant.
2980 2143 3090 2199 lloc
3117 2154 3292 2200 autem
3322 2147 3591 2216 prmstilil,
3615 2156 3674 2203 ut
3699 2148 3798 2203 do-

2204 2233 2332 2287 mini
2363 2234 2446 2288 sui
2471 2234 2705 2305 vestlgiis
2731 2235 3002 2291 insisteret
3039 2253 3055 2291 :
3087 2252 3208 2291 nam
3241 2238 3306 2291 ad
3336 2239 3484 2293 illum
3515 2241 3676 2295 etiam
3703 2257 3796 2296 ac-

2201 2323 2455 2379 cedentes
2483 2324 2780 2381 dicebant:
2814 2325 3018 2382 Scimus
3062 2339 3111 2382 te
3152 2329 3262 2398 quis
3299 2328 3390 2396 sis,
3441 2342 3648 2385 sanctus
3701 2332 3797 2386 Dei

2203 2415 2355 2486 (Luc.
2388 2417 2442 2472 4.
2474 2414 2589 2491 54),
2617 2427 2672 2473 et
2701 2428 2878 2474 tamen
2905 2419 3022 2475 haec
3050 2420 3289 2479 dicentes
3318 2437 3414 2476 eos
3438 2422 3705 2492 cjiciebat.
3738 2423 3795 2479 ιιι

2200 2523 2331 2564 vero
2362 2508 2515 2562 fiebat
2545 2509 2597 2563 in
2618 2510 3018 2566 accusationem
3044 2511 3432 2581 impudentiam
3458 2513 3791 2581 Judmorum,

2201 2599 2347 2668 quod
2379 2598 2452 2653 illi
2474 2598 2692 2668 quidem
2721 2599 2979 2655 miracula
3000 2602 3239 2671 quotidie
3260 2611 3542 2658 cernentes
3565 2613 3620 2658 et
3639 2604 3794 2658 innu-

2201 2705 2348 2746 mera
2379 2690 2615 2761 prodigia
2648 2690 2785 2757 fieri,
2810 2707 2915 2746 non
2945 2691 3232 2748 crederent
3261 2709 3276 2746 :
3307 2691 3583 2750 dzemones
3610 2705 3794 2751 autem

2200 2792 2573 2853 agnoscerent,
2604 2797 2835 2851 eumque
2866 2783 2954 2837 Dei
2990 2782 3183 2838 Filium
3214 2782 3526 2840 faterentur.

2270 2874 2325 2929 5.
2386 2872 2540 2928 Pauli
2583 2884 2628 2928 et
2680 2874 2809 2929 Silte
2846 2876 3013 2944 fervor
3043 2885 3090 2930 et
3120 2876 3386 2931 iliberatio.
3450 2876 3537 2932 Vis
3577 2880 3794 2949 hymno-

2200 2983 2316 3020 rum
2381 2976 2571 3035 quanta
2615 2966 2726 3030 sit;
2772 2982 2864 3020 cur
2906 2966 3014 3019 Itan:
3073 2967 3241 3020 media
3285 2977 3429 3022 nocte
3471 2970 3668 3037 ﬁerent.
3727 2998 3795 3009 —

2199 3058 2305 3116 Sed
2366 3059 2434 3115 ad
2502 3058 2698 3114 seriem
2767 3060 2993 3113 instituti
3060 3062 3325 3115 sermonis
3366 3060 3672 3117 redeamus.
3725 3062 3794 3117 lit

2203 3152 2362 3222 igitur
2390 3150 2611 3206 discatis
2636 3192 2651 3217 ,
2685 3165 2792 3220 quo
2820 3160 2977 3219 pacto
3009 3150 3354 3219 diligentibus
3404 3150 3570 3206 Deum
3614 3155 3793 3206 omnia

2200 3250 2557 3313 cooperentnr
2588 3242 2640 3295 in
2669 3241 2899 3305 bonum,
2933 3250 3099 3295 totam
3137 3240 3289 3296 vobis
3310 3241 3583 3296 historiam
3614 3257 3795 3313 opera:

2202 3336 2429 3407 pretium
2494 3333 2655 3389 fuerit
2707 3334 2959 3403 recitari,
3014 3341 3074 3388 ut
3128 3334 3251 3388 inde
3301 3338 3635 3405 cognoscat's
3687 3351 3795 3401 quo

2203 3434 2360 3495 pacto
2389 3432 2508 3494 post
2537 3423 2780 3485 verbera,
2802 3432 2925 3493 post
2954 3437 3229 3478 carcerem
3253 3464 3269 3490 ,
3301 3426 3483 3479 omnia
3510 3425 3599 3480 Dei
3624 3428 3791 3496 gratia

2201 3515 2253 3570 in
2282 3515 2480 3569 bonum
2511 3516 2749 3570 mutarit.
2774 3514 2879 3569 Sed
2907 3514 3204 3582 videamus,
3228 3530 3332 3585 qua
3360 3516 3569 3572 ratione
3604 3517 3791 3572 beatus

2204 3606 2254 3660 id
2288 3605 2461 3660 Lucas
2488 3605 2687 3660 indicet
2715 3604 2902 3660 dicens
2927 3604 3086 3660 :Cum
3128 3615 3298 3661 autem
3350 3610 3451 3661 tale
3488 3619 3811 3679 prarceptunt-

2202 3699 2475 3769 accepisset
2516 3699 2731 3751 carceris
2757 3707 2947 3761 custos,
2974 3697 3107 3751 misit
3128 3712 3213 3751 eos
3239 3698 3292 3750 in
3312 3698 3600 3752 interiorem
3616 3714 3788 3753 carce-

2200 3807 2325 3855 rem,
2351 3799 2395 3843 et
2415 3789 2562 3858 pedes
2582 3804 2754 3842 eorum
2783 3788 2987 3843 strinxit
3009 3788 3145 3858 ligno
3172 3788 3312 3858 (Act.
3337 3788 3421 3843 16.
3450 3787 3562 3860 24).
3607 3790 3791 3846 Anim-

2200 3881 2419 3935 adverte
2448 3894 2554 3950 quo
2594 3887 2749 3948 pacto
2792 3888 3086 3949 augeantur
3125 3880 3262 3933 mala
3287 3920 3302 3944 ,
3333 3888 3392 3933 ut
3430 3880 3790 3951 apostolorum

2200 3973 2360 4027 etiam
2401 3972 2652 4040 patientia
2688 3970 2778 4024 liat
2808 3969 3068 4023 illustrior
3090 4011 3105 4033 ,
3137 3981 3191 4023 et
3222 3971 3479 4023 immensa
3510 3970 3601 4024 Dei
3626 3970 3791 4024 virtus

2200 4065 2449 4120 omnibus
2475 4062 2756 4119 manifesta
2785 4063 3061 4118 reddatur.
3094 4063 3230 4116 Audi
3273 4077 3402 4117 vero
3429 4062 3556 4131 quid
3599 4078 3791 4130 sequa-

2205 4166 2290 4210 tnr
2319 4171 2333 4209 :
2374 4155 2524 4210 addit
2551 4154 2695 4208 enim
2715 4196 2729 4219 ,
2761 4153 2935 4207 Media
2980 4162 3147 4206 autem
3191 4164 3337 4207 nocte
3363 4151 3559 4205 Paulus
3579 4163 3626 4206 et
3654 4152 3792 4208 Silus

2201 4259 2404 4304 orantes
2446 4246 2723 4302 laudabant
2760 4245 2925 4299 Deum
2953 4246 2972 4316 (
3007 4243 3089 4300 Ib.
3123 4260 3171 4299 υ.
3204 4245 3276 4300 25
3305 4246 3348 4315 ).
3379 4244 3515 4299 Vide
3557 4246 3788 4298 animum

2207 4341 2520 4406 excitatum,
2549 4338 2671 4393 vide
2698 4338 2910 4407 vigilem
2940 4346 3172 4392 mentem
3202 4354 3217 4392 :
3250 4352 3317 4392 ne
3348 4347 3548 4392 temere
3578 4346 3790 4406 praeter—

2204 4448 2390 4489 eanms
2434 4447 2555 4503 qua:
2581 4430 2721 4485 dicta
2752 4438 2909 4495 sunt,
2936 4428 3289 4483 dilectissimi.
3330 4428 3442 4481 Non
3498 4428 3638 4481 enim
3678 4427 3791 4482 sine

2205 4541 2363 4582 causa
2394 4536 2604 4595 tempus
2628 4524 2802 4594 ipsum
2838 4523 3137 4593 designavit
3169 4521 3385 4585 dicens,
3419 4519 3592 4574 Media
3623 4528 3787 4573 autem

2206 4627 2379 4682 nocte,
2420 4615 2516 4672 sed
2547 4615 2878 4688 quod‘vellet
2905 4612 3189 4669 ostendere
3210 4653 3226 4678 ,
3260 4611 3310 4667 id
3353 4621 3559 4682 gestant
3590 4626 3708 4667 esse
3729 4626 3792 4665 eo

2208 4719 2485 4780 tempore,
2530 4723 2639 4780 quo
2676 4707 2886 4762 eceteris
2934 4707 3182 4761 omnibus
3236 4704 3409 4760 duleis
3456 4704 3671 4759 advenit
3702 4718 3792 4758 so-

2207 4817 2385 4869 mnus,
2409 4809 2462 4856 et
2488 4800 2767 4871 palpebras
2793 4797 3072 4867 consopit,
3100 4806 3156 4854 et
3177 4813 3283 4866 quo
3310 4796 3382 4860 ii,
3415 4796 3681 4866 prmeipne
3706 4794 3791 4865 qui

2207 4893 2389 4949 multis
2423 4891 2700 4948 doloribus
2748 4904 2812 4945 ac
2858 4888 3119 4944 molestiis
3164 4897 3291 4943 sunt
3330 4886 3536 4943 obsessi
3560 4927 3576 4952 ,
3609 4901 3796 4941 somno

2208 4984 2403 5054 corripi
2449 4982 2802 5039 solent:tum
2842 4980 3023 5051 igitur,
3062 4979 3252 5048 inquit,
3281 4993 3403 5034 cum
3434 4976 3668 5047 undique
3712 4991 3795 5030 so-

2209 5078 2317 5132 mni
2366 5076 2444 5131 vis
2496 5073 2863 5130 dominaretur
2916 5080 2973 5127 et
3021 5072 3225 5141 vigeret
3253 5109 3269 5134 ,
3305 5080 3428 5125 tunc
3480 5069 3553 5123 illi
3585 5068 3827 5122 0rantes~

2211 5167 2375 5223 Deum
2402 5166 2700 5231 laudabant,
2734 5162 2920 5219 ethoc
2945 5176 3057 5218 sua:
3080 5162 3133 5217 in
3176 5161 3326 5216 illum
3355 5161 3593 5215 caritatis
3630 5161 3795 5213 maxi-

2213 5274 2359 5315 mum
2411 5257 2667 5313 indicium
2728 5255 2980 5312 edebant.
3029 5253 3162 5310 Nam
3212 5252 3661 5324 quemadmodum
3704 5265 3793 5306 nos

2213 5353 2424 5423 quoties
2451 5351 2728 5408 doloribus
2765 5348 3006 5418 corporis
3030 5346 3362 5409 divexamur,
3387 5345 3797 5415 propinquorum

2211 5460 2560 5518 congressum
2603 5441 2945 5513 requirimus,
2981 5449 3039 5494 ιιι
3088 5438 3436 5493 intentionem
3463 5436 3662 5490 doloris
3691 5435 3799 5489 illo-

2215 5554 2333 5595 rum
2365 5538 2602 5609 alloquio
2629 5535 2933 5605 mitigemns
2964 5551 2977 5584 :
3020 5532 3098 5587 sic
3142 5530 3302 5585 etiam
3345 5528 3396 5583 hi
3429 5529 3596 5583 sancti
3622 5541 3800 5583 amore

2215 5632 2269 5687 in
2298 5631 2579 5687 Dominum
2602 5625 2934 5689 inﬂammati,
2967 5639 3031 5679 ac
3056 5638 3239 5678 sacros
3267 5621 3494 5692 hymnos
3521 5618 3801 5675 oﬂ‘erentes

2200 5737 2290 5785 ne
2318 5736 2533 5776 sensum
2569 5718 2785 5789 quidem
2823 5717 3031 5771 illarum
3082 5714 3443 5768 molestiarum
3484 5711 3762 5780 capiebant
3785 5748 3799 5772 ,

2219 5812 2312 5870 sed
2337 5813 2429 5870 tuti
2456 5813 2510 5868 in
2542 5809 2837 5868 orationem
2878 5805 3293 5868 incumbebant,
3326 5814 3382 5862 et
3411 5802 3707 5859 mirabilem
3745 5801 3799 5854 il-
