4086 6412
301 384 402 440 169

320 502 429 551 tum
450 494 776 565 hymnorum
797 496 1013 544 Ciiﬂliilll
1039 483 1357 550 offerebant,
1376 498 1438 537 ac
1452 482 1705 552 deinceps
1731 497 1918 538 carcer

322 586 551 643 ecclesia
583 582 781 640 ﬂebat.
811 589 864 633 et
889 579 1102 632 illorum
1132 583 1438 629 sanctorum
1469 583 1629 627 cantu
1658 582 1801 626 totus
1827 573 1915 627 ille

324 684 475 734 locus
503 672 953 730 sattctiticabatur.
992 668 1067 723 Ac
1093 667 1274 722 videre
1300 674 1419 721 erat
1443 679 1530 719 res
1553 665 1713 718 miras
1747 672 1802 719 et
1840 664 1922 719 in-

323 771 569 835 usitatas,
600 766 842 820 homines
884 763 1028 832 ligno
1070 760 1345 829 alligatos,
1381 770 1554 826 neque
1580 765 1757 810 tamen
1789 770 1924 824 quo-

326 862 504 917 minus
534 861 763 931 hymnos
794 850 1364 921 eanerentquidquam
1397 847 1664 918 impediri.
1691 846 1918 917 Vigilem

326 952 475 1008 enim
504 960 558 1004 et
588 955 875 1010 attentum,
903 953 959 1000 et
986 943 1193 998 ardenti
1237 942 1290 996 in
1332 943 1497 995 Deum
1535 954 1720 994 amore
1738 953 1920 993 corre-

328 1051 478 1116 ptum
509 1039 639 1093 nihil
672 1050 922 1106 umquam
950 1032 1149 1106 poterit
1185 1046 1215 1084 a
1246 1030 1517 1101 colloquio
1536 1044 1659 1083 cum
1694 1027 1921 1082 Domino

328 1132 654 1203 prohibere:
686 1126 826 1181 Deus
855 1126 997 1178 enim
1027 1165 1041 1187 ,
1095 1122 1304 1192 inquit,
1358 1119 1776 1192 appmpinquans
1828 1133 1921 1188 ego

326 1240 442 1278 sum
471 1265 487 1288 ,
510 1232 557 1275 et
613 1237 714 1273 non
739 1218 880 1273 Deus
929 1214 1118 1289 longe(
1145 1215 1339 1269 Jerem.
1384 1213 1475 1269 25.
1504 1210 1615 1285 25)
1648 1226 1663 1275 ;
1689 1220 1746 1266 et
1793 1212 1923 1266 alibi

326 1327 516 1369 rursus
541 1353 555 1378 ,
584 1311 764 1364 Aditus
809 1310 1040 1379 loquente
1063 1317 1112 1361 te
1135 1306 1335 1371 dicant,
1369 1304 1500 1358 Ecce
1534 1303 1717 1358 adsum
1752 1301 1773 1376 (
1791 1302 1925 1356 Isai.

326 1407 420 1464 58.
452 1405 540 1476 9).
571 1404 672 1461 Ubi
715 1402 981 1473 siquidem
1012 1399 1240 1470 vigilans
1267 1399 1484 1452 animus
1504 1396 1688 1463 fuerit,
1719 1395 1920 1451 excita-

329 1509 418 1552 tur
447 1498 605 1562 ratio,
649 1504 702 1551 et
746 1492 1130 1565 propemodum
1179 1493 1423 1559 corporis
1459 1489 1691 1544 vinculis
1721 1488 1924 1544 libera-

331 1599 438 1653 tur,
480 1597 533 1642 et
558 1587 735 1640 evolat
763 1584 827 1637 ad
851 1598 973 1637 eum
1002 1596 1161 1652 quem
1202 1581 1411 1652 diligit,
1438 1588 1633 1635 terram
1659 1579 1920 1650 despicit,

327 1687 386 1732 et
412 1693 531 1748 qua:
569 1685 691 1730 sunt
720 1674 892 1729 oculis
926 1672 1161 1741 subjecta
1193 1685 1522 1741 exsuperans
1555 1670 1622 1724 ad
1662 1670 1807 1724 illum
1844 1669 1922 1724 l'e-

326 1769 532 1822 stinat:
560 1764 701 1836 quod
746 1764 925 1832 utique
965 1761 1164 1815 sanctis
1190 1759 1348 1814 etiam
1372 1760 1489 1814 istis
1520 1761 1761 1829 contigit.
1794 1758 1926 1814 Vide

328 1873 561 1929 namque
581 1858 811 1911 celerem
851 1864 908 1908 et
932 1852 1204 1908 efficacem
1233 1853 1552 1925 hymnorum
1579 1852 1711 1918 vim,
1738 1860 1791 1906 et
1817 1866 1923 1921 quo

330 1962 489 2021 paeto
538 1964 660 2003 cum
711 1947 763 2001 in
810 1960 1028 1999 carcere
1069 1952 1433 2005 versarentur,
1465 1951 1520 1997 et
1548 1942 1745 2012 alligati
1778 1941 1923 2011 ligno

328 2050 536 2106 essent,
571 2048 730 2109 atque
768 2036 1148 2105 impostoribus
1184 2042 1238 2088 et
1277 2032 1498 2103 captivis
1525 2032 1743 2087 admixti
1772 2073 1786 2098 ,
1816 2046 1922 2086 non

330 2135 497 2190 modo
521 2132 652 2187 nihil
681 2131 819 2202 passi
849 2132 956 2183 sint
999 2126 1305 2183 detrimenti
1337 2168 1352 2192 ,
1386 2125 1479 2180 sed
1506 2134 1558 2179 et
1584 2124 1682 2179 hac
1715 2123 1924 2178 ratione

329 2223 723 2295 splendidiores
747 2221 1014 2276 evaserint
1039 2261 1054 2284 ,
1081 2228 1135 2273 et
1158 2232 1347 2273 omnes
1376 2257 1394 2282 ,
1425 2217 1511 2286 qui
1542 2230 1812 2271 carcerem
1840 2215 1924 2269 in-

329 2316 618 2379 colebant,
652 2312 863 2367 virtutis
918 2326 1031 2365 sua:
1078 2309 1242 2364 radiis
1288 2306 1671 2363 collustrariut.
1717 2305 1925 2375 Quippe

331 2410 422 2463 illa
453 2420 725 2461 sacrorum
748 2420 851 2459 vox
890 2402 1212 2474 hymnorum
1239 2415 1360 2455 cum
1390 2399 1440 2452 in
1471 2400 1704 2451 animam
1735 2397 1923 2452 unius-

330 2501 591 2570 cujusque
623 2498 958 2568 captivorutn
985 2500 1316 2564 penetrasset
1337 2533 1351 2556 ,
1376 2489 1749 2544 transmutavit
1777 2488 1920 2543 illam

331 2590 738 2662 propemodum,
767 2603 830 2662 ac
859 2585 1186 2641 reformavit.
1214 2583 1395 2638 Subito
1412 2582 1576 2648 enim,
1609 2580 1798 2650 inquit,
1819 2588 1923 2634 ter-

330 2699 408 2737 ra:
426 2692 592 2736 motas
619 2681 784 2751 factus
828 2689 899 2733 est
943 2693 1153 2749 magnus
1173 2717 1187 2742 ,
1216 2676 1287 2728 ita
1316 2683 1370 2727 ut
1396 2682 1711 2727 moverentur
1737 2671 1924 2743 funda-

331 2786 501 2829 menta
524 2772 738 2827 carceris
761 2814 776 2836 ,
809 2779 854 2824 et
895 2770 1067 2824 statim
1104 2776 1278 2838 aperta
1320 2774 1437 2820 sunt
1463 2766 1633 2818 omnia
1676 2763 1806 2817 ostia
1830 2804 1846 2827 ,
1877 2771 1926 2816 et

331 2868 680 2922 universorum
702 2863 901 2917 vincula
926 2860 1091 2915 soluta
1116 2870 1233 2914 sunt
1263 2858 1281 2929 (
1313 2858 1422 2912 Act.
1452 2857 1534 2912 16.
1563 2855 1633 2911 26
1663 2858 1702 2926 ).
1739 2855 1923 2924 Vides,

330 2963 655 3030 hymnorum
682 2996 697 3022 ,
740 2954 827 3024 qui
867 2954 976 3007 Deo
1020 2959 1303 3015 canuntur,
1359 2947 1655 3002 virtutem?
1704 2945 1819 3001 Non
1851 2946 1926 3000 illi

332 3049 496 3104 modo
525 3090 539 3112 ,
573 3048 661 3117 qui
707 3045 1016 3099 obtulerunt
1076 3041 1325 3112 hymnos,
1376 3038 1622 3092 solatium
1666 3050 1922 3106 percepe-

332 3150 459 3198 runt
493 3182 507 3206 ,
535 3139 627 3195 sed
656 3138 818 3194 etiam
845 3134 1157 3197 eﬂ‘ecerunt,
1187 3142 1242 3185 ut
1284 3130 1523 3185 omnium
1566 3129 1773 3184 vincula
1810 3127 1926 3182 sol-

330 3242 588 3291 verentur
635 3248 649 3285 :
702 3239 760 3286 ut
803 3228 959 3286 factis
1012 3225 1140 3296 ipsis
1197 3225 1589 3287 innotesceret,
1619 3236 1725 3292 quo
1771 3228 1927 3290 pacto

337 3329 510 3385 Deum
535 3325 860 3397 diligentibus
889 3320 1058 3377 omnia
1095 3326 1426 3389 cooperantur
1454 3317 1506 3367 in
1536 3315 1741 3367 bonum.
1789 3312 1928 3367 Ecce

336 3435 569 3491 namque
598 3417 843 3481 verbera,
875 3427 1082 3478 carcer,
1116 3407 1405 3479 compedes
1429 3447 1444 3472 ,
1476 3414 1676 3460 etcum
1713 3401 1930 3458 carniﬁ-

330 3516 488 3570 cibus
530 3507 906 3571 conversatio,
955 3514 1009 3558 et
1061 3510 1236 3556 tamen
1294 3501 1408 3553 haec
1455 3497 1632 3551 omnia
1665 3495 1926 3550 bonorum

332 3604 561 3660 materia
590 3601 882 3656 fueruntet
919 3594 1130 3651 occasio
1168 3592 1349 3662 gloria:
1372 3630 1388 3656 ,
1430 3604 1536 3642 non
1567 3587 1700 3656 ipsis
1722 3595 1924 3640 tantum

333 3709 438 3749 nec
469 3693 569 3746 illis
596 3690 685 3761 qui
717 3701 989 3743 carcerem
1018 3682 1321 3739 incolebant
1349 3676 1597 3749 captivis,
1629 3675 1724 3731 sed
1750 3684 1803 3730 et
1825 3674 1924 3745 ipsi

331 3786 543 3843 custodi
571 3782 823 3839 carceris.
870 3778 1275 3849 Expergefactus
1322 3773 1463 3828 enim
1488 3813 1502 3834 ,
1532 3770 1732 3840 inquit,
1761 3778 1928 3821 custos

329 3881 570 3943 carceris,
602 3888 647 3931 et
696 3876 868 3930 uidens
903 3875 1095 3943 januas
1133 3877 1339 3939 apertas
1379 3865 1594 3920 carceris
1619 3906 1633 3930 ,
1665 3862 1928 3932 euaginata

330 3972 508 4045 gladio
537 3969 728 4023 volebat
765 3983 819 4020 se
854 3964 1169 4032 interﬁcere,
1214 3959 1468 4013 wstimans
1511 3954 1700 4026 fugisse
1737 3953 1928 4006 uinctos

332 4070 353 4134 (
395 4063 475 4118 Ib.
497 4080 542 4118 υ.
566 4062 635 4116 27
659 4059 700 4134 ).
727 4059 807 4115 Tu
837 4056 964 4111 mihi
993 4054 1094 4108 h-ie
1120 4053 1237 4106 loco
1258 4049 1348 4104 Dei
1380 4048 1767 4116 benignitatem
1798 4058 1928 4098 cou-

330 4161 532 4220 sidera.
550 4170 705 4227 quam
733 4152 877 4207 nulla
903 4149 1201 4220 exprimere
1231 4150 1406 4213 potest
1431 4140 1625 4196 oratio.
1656 4137 1764 4194 Cur
1784 4135 1927 4190 enim

335 4252 516 4309 media
547 4258 704 4304 nocte
732 4247 864 4301 fiunt
894 4244 1010 4298 haec
1035 4238 1259 4297 omnia?
1291 4234 1499 4290 Nullam
1523 4233 1682 4286 aliam
1711 4230 1782 4284 ob
1801 4243 1928 4283 cau-

330 4361 450 4402 sam
480 4387 496 4412 ,
527 4342 630 4397 nisi
658 4349 715 4395 ut
745 4336 1109 4409 provideatur,
1141 4341 1195 4386 ut
1223 4331 1337 4383 sine
1365 4326 1533 4381 turbis
1563 4335 1617 4379 et
1646 4320 1928 4390 tranquille

330 4453 424 4493 res
461 4433 730 4495 succedat,
765 4437 819 4485 et
855 4426 1009 4483 saluti
1037 4422 1275 4479 custodis
1314 4416 1546 4474 carceris
1591 4412 1924 4468 consulatur.

329 4529 466 4583 Cum
498 4527 640 4581 enim
679 4532 836 4577 terra:
864 4525 1040 4573 motus
1063 4513 1369 4575 accidisset,
1399 4517 1452 4562 et
1492 4513 1745 4561 reseratze
1785 4502 1929 4557 fores

328 4628 537 4686 essent,
568 4615 806 4670 omnium
831 4612 919 4684 qui
944 4616 1098 4664 erant
1121 4604 1191 4659 ibi
1221 4604 1391 4658 soluta
1420 4607 1546 4652 sunt
1568 4594 1797 4659 vincula,
1828 4605 1929 4645 nec

332 4714 427 4768 ulli
462 4710 776 4782 permissum
800 4713 901 4770 est,
934 4712 991 4758 ut
1018 4699 1141 4756 inde
1169 4694 1489 4751 discederet.
1521 4688 1692 4743 Aliam
1716 4697 1928 4756 quoque

335 4806 429 4860 Dei
463 4773 790 4872 sapientiam
843 4796 931 4850 hic
971 4789 1355 4858 contemplare.
1399 4782 1529 4837 Nam
1569 4779 1668 4833 alia
1710 4773 1926 4845 quidem

330 4902 656 4957 evenerunt,
681 4902 836 4947 terra:
865 4895 1064 4949 motus,
1096 4884 1334 4951 inquam,
1367 4884 1420 4930 et
1450 4869 1711 4928 reseratio
1732 4867 1928 4937 janua-

333 5005 479 5053 rum,
505 4994 566 5040 ut
605 4984 767 5039 rebus
786 4980 915 5051 ipsis
940 4988 1131 5033 omnes
1154 4971 1510 5040 intelligerent
1529 4962 1716 5035 quales
1744 4958 1816 5013 illi
1842 4971 1932 5012 es-

331 5090 491 5146 sent,
520 5079 608 5150 qui
634 5085 762 5132 tunc
790 5086 1062 5130 carcerem
1095 5066 1441 5127 habitabant,
1472 5072 1643 5127 neque
1682 5052 1930 5121 vulgares

336 5174 585 5229 homines
610 5185 730 5226 esse
763 5185 776 5221 :
812 5182 972 5238 porro
1021 5160 1222 5218 nemini
1253 5156 1475 5225 ctnttigit
1516 5162 1574 5206 ut
1603 5154 1809 5212 exiret,
1864 5162 1931 5204 ne

332 5266 480 5334 quod
529 5264 654 5319 inde
693 5260 983 5330 periculum
1010 5252 1215 5310 custodi
1248 5250 1479 5303 carceris
1505 5256 1798 5301 ert-aretur.
1832 5242 1930 5296 At-

334 5373 443 5428 que
473 5364 533 5410 ut
573 5355 675 5409 hoc
715 5367 899 5407 verum
928 5362 1048 5403 esse
1089 5342 1353 5412 intelligas
1376 5382 1391 5403 ,
1420 5338 1541 5392 audi
1584 5352 1690 5405 quo
1737 5342 1928 5405 pacto,

341 5464 472 5502 cum
504 5447 554 5502 id
580 5445 839 5501 accidisse
870 5440 1233 5511 suSpicaretur
1259 5444 1442 5487 custos
1462 5427 1716 5488 carceris.
1749 5434 1804 5479 et
1830 5440 1930 5478 au-

337 5541 539 5611 fugisse
568 5537 826 5611 quosdam
859 5541 1091 5605 putaret,
1123 5531 1282 5584 etiam
1315 5524 1477 5578 vitam
1505 5534 1655 5575 suam
1691 5527 1931 5572 contem-

339 5610 531 5704 pserit.
553 5610 838 5702 Evagiuato
856 5627 1022 5686 enim,
1047 5623 1237 5692 inquit,
1269 5617 1462 5690 gladio.
1484 5613 1677 5667 volebat
1697 5627 1752 5664 se
1776 5610 1929 5663 inter-

339 5728 491 5794 ﬁcere
512 5739 529 5778 :
549 5723 644 5778 sed
672 5722 761 5792 qui
801 5718 924 5788 vigil
953 5717 1146 5785 ubique
1180 5724 1336 5779 atque
1364 5703 1771 5776 expergefactus
1791 5707 1925 5762 erat,

337 5819 526 5872 beatus
554 5816 770 5875 Paulus.
791 5828 854 5866 ex
904 5807 1094 5862 belline
1134 5801 1373 5857 faucibus
1421 5812 1515 5852 sua
1564 5810 1692 5848 voce
1736 5804 1929 5861 agnum

1012 374 1072 428 ΙΝ
1113 372 1341 439 ILLUD,
1377 371 1785 427 DlLlllENTlB.
1827 372 2021 431 DEUM
2060 377 2271 432 OMNIA
2311 378 2508 433 (IOOI’.
2552 377 2614 431 IN
2652 375 2907 433 BONUM.

3507 376 3608 429 110

2023 487 2240 556 eripuit.
2269 488 2525 543 Clamauit
2553 492 2690 545 enim
2721 509 2842 546 race
2860 509 3051 563 magna
3090 491 3293 558 dicens,
3335 490 3486 547 Nihil
3515 498 3609 550 tibi

2028 578 2154 632 mali
2178 579 2401 648 feceris;
2425 582 2652 636 universi
2689 585 2825 638 enim
2856 584 2940 637 Itic
2977 601 3159 638 sumus
3198 584 3338 654 (Act.
3375 586 3458 641 l6.
3489 586 3602 654 28).

2027 665 2073 723 Ο
2103 668 2469 724 incredibilem
2510 672 2902 728 humilitatem!
2947 673 3060 729 Non
3096 675 3272 733 elatus
3307 686 3391 732 est
3431 679 3484 733 in
3515 695 3606 735 su-

2029 758 2269 826 perbiant
2292 761 2361 814 ob
2385 775 2446 815 ea
2475 775 2596 829 quae
2627 762 2961 827 acciderant,
2988 780 3092 817 non
3120 765 3171 817 in
3195 768 3469 821 custodem
3492 786 3608 824 car-

2032 852 2503 920 cerisinsurrexit,
2530 858 2730 912 nulltun
2750 874 3014 929 arrogans
3040 862 3242 917 dictum
3270 862 3343 917 illi
3370 865 3609 928 excidit;

2033 943 2129 997 sed
2167 960 2289 999 cum
2318 946 2536 1009 vinctis.
2588 964 2711 1003 cum
2763 950 3061 1017 lictoribus,
3089 969 3210 1008 cum
3242 955 3501 1012 maleficis
3529 974 3613 1011 se-

2034 1034 2208 1103 ipsum
2236 1038 2573 1103 numerabat,
2604 1040 2790 1095 dicens
2815 1055 2829 1095 :
2857 1039 3093 1098 Universi
3115 1044 3200 1098 hic
3221 1062 3422 1100 sumus.
3454 1048 3621 1102 Vides

2036 1124 2259 1194 insignis
2285 1140 2407 1178 eum
2445 1124 2764 1183 ltumilitatis
2797 1132 3101 1201 exemplum
3144 1135 3327 1202 edere,
3378 1151 3477 1191 nec
3516 1139 3619 1194 sibi

2031 1222 2150 1292 plus
2177 1236 2336 1292 quam
2361 1222 2617 1280 maleﬁcis
2637 1225 2866 1291 cteteris,
2887 1227 2974 1297 qui
3006 1228 3119 1282 illic
3146 1238 3319 1293 erant,
3346 1231 3620 1286 tribucre?

2031 1312 2168 1368 Vide
2186 1313 2297 1383 jam
2325 1328 2432 1384 quo
2473 1326 2629 1385 pacto
2668 1319 2901 1372 carceris
2939 1320 3098 1374 etiam
3132 1330 3317 1376 custos
3347 1338 3452 1376 non
3477 1332 3615 1377 tam-

2031 1417 2190 1473 quam
2217 1403 2283 1456 ad
2316 1419 2475 1457 unum
2516 1419 2584 1459 ex
2611 1405 2728 1459 aliis
2757 1405 2822 1460 ad
2856 1406 3000 1461 illutn
3031 1408 3250 1464 accedat
3291 1427 3304 1463 :
3337 1411 3614 1466 conliden-

2038 1497 2142 1551 tior
2164 1496 2306 1550 enim
2338 1502 2509 1558 factus
2533 1545 2549 1569 ,
2593 1500 2862 1571 Petitoque
2885 1502 3072 1556 lumine
3094 1501 3430 1572 introgressus
3456 1513 3550 1567 est,
3572 1514 3618 1556 et

2032 1597 2352 1667 tremefactus
2376 1595 2599 1666 procidit
2635 1594 2804 1649 Paulo
2845 1605 2889 1649 et
2935 1594 3066 1649 Sila:
3089 1637 3104 1662 ,
3136 1606 3180 1648 et
3224 1595 3507 1663 producens
3537 1610 3621 1648 eos

2030 1691 2171 1761 foras
2191 1694 2260 1742 ait
2285 1705 2304 1743 :
2334 1687 2577 1754 Domini,
2606 1687 2728 1757 quid
2765 1703 2843 1740 me
2870 1695 3064 1756 Oportet
3111 1688 3275 1756 facere
3297 1726 3312 1749 ,
3353 1694 3408 1737 ut
3451 1687 3617 1739 salvus

2032 1784 2154 1853 fiam
2183 1781 2308 1852 (Ib.
2339 1797 2385 1836 υ.
2420 1780 2512 1836 29.
2542 1781 2612 1836 30
2636 1780 2693 1851 )?
2722 1779 2923 1834 Videtis
2947 1793 3054 1849 quo
3097 1790 3253 1848 pacto
3279 1776 3620 1849 Diligentibus

2033 1873 2201 1928 Deum
2245 1874 2418 1927 omnia
2463 1881 2793 1943 cooperantur
2820 1871 2873 1925 in
2920 1870 3380 1925 bonunUVidetis
3418 1870 3614 1923 diaboli

2032 1964 2277 2018 machina
2308 1978 2412 2033 quo
2442 1970 2596 2031 pacto
2626 1961 2780 2016 fuerit
2807 1961 3105 2015 dissoluta?
3135 1975 3241 2030 quo
3268 1970 3422 2029 pacto
3457 1960 3511 2014 in
3538 1961 3622 2014 ni-

2033 2054 2197 2108 hilum
2229 2053 2653 2107 machinationes
2675 2051 2792 2120 ejus
2835 2051 3161 2107 reciderint?
3190 2049 3321 2105 Nam
3352 2065 3471 2104 cum
3499 2051 3609 2103 daa—

2031 2164 2245 2205 monem
2272 2147 2580 2218 ejecissent,
2609 2158 2665 2200 ut
2688 2146 2739 2199 in
2774 2160 3047 2200 carcerem
3076 2143 3469 2213 eonjieerentur
3483 2143 3613 2199 elle-

2029 2243 2122 2305 cit.
2148 2250 2295 2297 ratus
2321 2257 2379 2296 se
2421 2240 2523 2295 hoc
2552 2248 2709 2309 pacto
2754 2237 3149 2308 praedicationis
3192 2238 3369 2292 cursui
3410 2236 3618 2290 obicem

2032 2332 2422 2402 Oppositurum.
2449 2330 2554 2385 Sed
2584 2344 2710 2384 ecce
2733 2342 2918 2384 career
2936 2330 3097 2383 etiam
3125 2336 3362 2397 quaestus
3384 2327 3487 2381 illis
3507 2342 3622 2381 ma—

2033 2426 2219 2481 teriam
2248 2423 2536 2494 spiritualis
2567 2423 2780 2491 objecit.

2102 2549 2156 2602 4.
2189 2546 2401 2619 Aﬁlictio
2429 2544 2695 2614 diligentes
2720 2542 2882 2596 reddit
2908 2550 2952 2595 et
2982 2548 3212 2594 attentos.
3231 2568 3305 2580 —
3331 2538 3472 2607 Ergo
3495 2549 3621 2606 pos-

2031 2653 2216 2694 sumus
2247 2652 2344 2691 nos
2364 2651 2596 2705 quoque,
2630 2634 2672 2686 si
2704 2634 2941 2701 sapimus
2970 2647 3032 2685 ac
3063 2632 3250 2701 vigiles
3278 2644 3483 2692 sumus,
3505 2643 3610 2680 non

2031 2730 2191 2787 modo
2209 2744 2332 2785 cum
2372 2743 2459 2783 res
2494 2726 2743 2781 secundae
2770 2732 2917 2790 sunt,
2949 2722 3042 2779 sed
3068 2731 3265 2778 etcum
3292 2719 3579 2788 afﬂigimur
3604 2758 3619 2780 .

2033 2827 2237 2881 lucrum
2262 2822 2537 2893 acquirere
2563 2862 2577 2885 ,
2605 2835 2669 2874 ac
2697 2830 2805 2874 tum
2848 2819 3009 2873 etiam
3042 2816 3209 2885 magis
3233 2855 3248 2879 ,
3296 2828 3456 2885 quam
3486 2826 3608 2866 cum

2031 2918 2281 2974 secundis
2315 2916 2476 2972 rebus
2514 2912 2758 2968 fruimur.
2810 2910 3099 2964 lnertiores
3129 2906 3270 2961 enim
3300 2905 3617 2974 plerumque
3688 2956 3695 2964 _

2033 3026 2131 3066 nos
2151 3009 2380 3066 reddunt
2399 3006 2649 3065 secundae
2674 3020 2760 3059 res
2785 3020 2798 3056 :
2821 3000 3141 3057 al'llietiones
3181 3006 3358 3052 autem
3386 2995 3515 3050 dum
3536 2996 3619 3049 vi-

2031 3098 2163 3178 giles
2190 3118 2289 3159 nos
2318 3101 2566 3167 reddunt,
2598 3097 2854 3153 auxilium
2883 3095 3037 3150 nobis
3058 3093 3273 3148 creleste
3297 3089 3606 3150 conciliant.

2032 3212 2096 3252 ac
2126 3206 2235 3251 tum
2287 3193 2554 3265 praeipue
2580 3231 2596 3255 ,
2645 3204 2766 3243 cum
2793 3194 3013 3259 propter
3060 3198 3209 3252 apem
3241 3181 3294 3235 in
3325 3181 3493 3235 Deum
3524 3192 3620 3248 pa-

2034 3288 2294 3352 tientiam,
2323 3292 2376 3339 et
2418 3283 2470 3338 in
2499 3280 2769 3344 omnibus,
2795 3293 2915 3347 quae
2959 3274 3280 3337 inferuntur,
3311 3269 3615 3325 afﬂictioni-

2032 3381 2132 3436 bus
2156 3375 2485 3433 tolerantiam
2513 3372 2859 3428 exhibemusa
2879 3367 2957 3422 Ne
3003 3366 3161 3436 igitur
3203 3363 3481 3417 doleamus
3507 3401 3523 3426 ,
3569 3360 3615 3414 si

2031 3468 2244 3541 quando
2266 3465 2600 3527 tribulemur,
2633 3460 2727 3516 sed
2774 3459 2949 3529 potius
2994 3455 3319 3526 gaudeamus
3352 3470 3364 3505 :
3394 3451 3444 3505 id
3471 3452 3614 3506 enim

2034 3561 2266 3617 nobisin
2296 3558 2632 3614 occasionem
2660 3553 2844 3625 gloria:
2872 3550 3051 3606 vertit.
3094 3548 3382 3618 PrOpterea
3422 3545 3620 3600 Paulus

2032 3654 2193 3708 etiam
2219 3649 2471 3712 dicebat,
2514 3644 2718 3701 Scimus
2761 3651 2964 3704 autem,
3006 3638 3247 3709 quoniam
3289 3636 3611 3706 diligentibus

2038 3744 2197 3796 Deum
2237 3740 2407 3794 omnia
2453 3743 2785 3806 cooperantur
2830 3734 2883 3785 in
2936 3733 3139 3784 bonum.
3193 3728 3296 3782 Sed
3337 3727 3611 3780 ardentem

2032 3848 2339 3896 sanctorum
2396 3834 2616 3886 istormn
2671 3828 2907 3881 animum
2953 3823 3248 3876 videamus.
3295 3820 3426 3875 Cum
3461 3820 3619 3888 igitur

2032 3931 2306 3988 custodem
2350 3923 2581 3980 carceris
2631 3920 2897 3975 dicentem
2951 3915 3229 3970 audissent
3277 3931 3291 3966 :
3353 3912 3491 3978 Quid
3545 3927 3623 3963 me

2033 4030 2225 4095 Oportet
2257 4020 2422 4090 facere
2445 4056 2461 4083 ,
2489 4024 2541 4069 ut
2569 4011 2737 4068 salvus
2764 4011 2886 4081 ﬁam
2922 4008 3032 4079 (Ib.
3057 4024 3104 4061 υ.
3137 4006 3205 4061 '50
3228 4006 3289 4076 )?
3343 4020 3468 4058 num
3510 4004 3616 4057 dis-

2035 4094 2271 4171 tulerunt
2295 4112 2317 4165 ?
2357 4124 2483 4164 num
2509 4105 2743 4162 cunctati
2767 4103 2928 4157 sunt?
2952 4116 3076 4154 num
3117 4096 3444 4151 catechismo
3472 4094 3619 4146 illmn

2036 4208 2276 4262 imbuere
2328 4195 2726 4270 neglexerunt?
2776 4193 2935 4248 Nullo
2988 4187 3149 4244 modo
3202 4204 3217 4241 :
3268 4185 3362 4241 sed
3394 4184 3518 4254 quid
3550 4184 3615 4236 ad

2033 4299 2195 4355 eum?
2225 4296 2386 4352 Crede
2424 4294 2479 4347 in
2517 4290 2794 4344 Dominum
2820 4286 2998 4340 Jesam
3025 4281 3312 4346 Christum,
3358 4289 3403 4333 et
3455 4282 3627 4331 salvus

2033 4394 2133 4448 eris
2184 4400 2237 4443 tu
2262 4431 2278 4455 ,
2310 4396 2355 4442 et
2393 4396 2497 4441 tota
2538 4383 2719 4437 domus
2767 4390 2854 4432 tua
2889 4377 2908 4449 (
2937 4376 3017 4430 lo.
3046 4391 3094 4429 υ.
3123 4375 3185 4430 51
3222 4373 3261 4444 ).
3294 4371 3424 4425 Vide
3470 4369 3621 4422 solli-

2033 4484 2325 4540 citudincm
2366 4474 2735 4548 apostolicam.
2795 4469 2941 4524 illius
2997 4465 3164 4522 salute
3217 4460 3451 4516 contenti
3512 4473 3617 4512 non

2035 4584 2191 4639 sunt,
2226 4580 2278 4627 et
2307 4581 2497 4624 omnes
2524 4564 2640 4633 ejus
2684 4559 3008 4615 domesticos
3056 4558 3106 4609 in
3143 4568 3301 4609 causa
3353 4551 3625 4621 religionis

2034 4664 2312 4735 acquirere
2358 4658 2468 4711 Deo
2499 4654 2704 4718 volunt,
2734 4661 2785 4704 et
2815 4649 3029 4703 letalem
3058 4643 3273 4698 diabolo
3298 4642 3505 4711 plagam
3537 4640 3620 4693 in-

2036 4764 2237 4833 ﬂigere.
2263 4755 2327 4810 Et
2352 4753 2635 4820 baptizatus
2664 4758 2734 4802 est
2755 4747 2885 4815 ipse,
2914 4752 2960 4795 et
2987 4742 3167 4795 domus
3195 4738 3307 4809 ejus
3338 4737 3576 4790 continuo
3597 4773 3615 4798 ,

2034 4824 2331 4910 et'la'tatus
2360 4856 2430 4903 est
2469 4859 2583 4899 cum
2609 4839 2747 4896 omni
2790 4838 2940 4892 domo
2986 4850 3082 4889 sua
3108 4831 3313 4886 credens
3350 4825 3502 4899 Deo(
3530 4824 3613 4881 Ib.

2037 4966 2086 5004 υ.
2113 4947 2202 5001 '55.
2227 4943 2297 4998 st
2322 4941 2363 5012 ).

2111 5039 2404 5106 Numquam
2443 5025 2779 5096 differendum
2807 5021 2859 5075 in
2898 5014 3265 5091 spiritualibus.
3308 5012 3418 5070 Cur
3460 5017 3636 5062 tantm

2039 5137 2196 5189 tiones
2221 5103 2473 5201 permittat
2506 5121 2663 5175 Deus.
2692 5146 2766 5158 —-
2793 5115 2928 5169 Ilinc
2953 5111 3234 5169 docentur,
3278 5105 3330 5159 in
3374 5103 3625 5173 spiritua-

2046 5227 2185 5280 Iibus
2222 5190 2298 5274 'ue
2348 5214 2612 5271 tantillum
2657 5209 2872 5281 quidem
2919 5216 3169 5274 umquam
3214 5197 3464 5257 dill'erre,
3521 5190 3615 5245 sed

2039 5322 2287 5374 idoneum
2319 5324 2542 5368 censere
2571 5306 2795 5377 quodvis
2827 5313 3038 5370 tempus
3057 5339 3072 5361 ,
3119 5291 3260 5364 quod
3306 5285 3623 5343 occurri-rit.

2039 5414 2094 5471 Si
2127 5411 2270 5467 enim
2304 5405 2466 5459 multa
2494 5411 2652 5456 nocte
2679 5395 2929 5452 nolebant
2966 5390 3019 5442 bi
3043 5384 3209 5441 sancti
3237 5378 3473 5439 diferre,
3507 5389 3629 5444 qua:

2041 5506 2197 5562 nobis
2238 5500 2392 5556 venia
2441 5497 2553 5550 dari
2604 5490 2816 5563 poterit,
2860 5484 2903 5538 si
2935 5482 3040 5534 alio
3071 5487 3308 5545 tempore
3348 5467 3626 5538 spirituale

2042 5602 2243 5656 lucrum
2276 5582 2794 5647 omittamus?Vitles
2822 5585 3090 5629 carcerem
3127 5567 3178 5620 in
3205 5561 3484 5620 ecclesiam
3507 5572 3631 5612 esse

2040 5683 2397 5747 conversum?
2446 5678 2593 5731 vides
2637 5674 2881 5727 lictormn
2924 5658 3277 5717 diversorium
3333 5651 3630 5718 derepente

2043 5784 2258 5839 domtun
2286 5769 2543 5828 orationis
2571 5778 2688 5820 esse
2718 5742 2935 5821 factum,
2980 5764 3035 5807 et
3065 5750 3171 5805 illic
3201 5756 3409 5801 sacram
3450 5740 3628 5793 initia-
