4086 6416
535 394 631 451 ιη

535 509 734 564 tionem
776 497 1145 560 celebratam?
1189 496 1357 551 Tanta
1385 506 1472 545 res
1497 497 1579 543 est
1612 486 1822 556 vigilem
1849 498 1989 546 esse,
2014 495 2115 536 nec

538 610 787 667 umquam
839 590 1133 663 spiritualia
1182 587 1327 641 lucra
1378 582 1666 651 negligere,
1712 576 1806 632 sed
1861 574 2111 667 idoneum

538 665 765 761 quodvis
816 694 1027 751 tempus
1078 679 1144 734 ad
1197 673 1459 748 ejusmodi
1511 679 1775 742 qnzestum
1841 665 2112 721 arbitrari.

541 758 703 835 tit-cie
736 781 913 844 itaque
940 775 1127 828 beatus
1153 771 1237 824 hic
1259 768 1392 822 dixit
1417 766 1679 829 scribens,
1714 761 1966 829 Quoniam
1990 758 2112 812 diti-

535 869 759 943 gmtibua
806 865 972 920 Deum
1021 863 1190 916 omnia
1236 865 1570 929 cooperantur
1611 854 1664 907 in
1705 852 1911 907 bonum.
1966 849 2115 904 Hanc

533 939 849 1019 sententiam
868 996 886 1024 ,
922 970 1123 1027 quaeso,
1171 966 1267 1007 nos
1288 963 1476 1003 omnes
1500 946 1664 1001 menti
1692 953 1888 999 nosme
1914 939 2113 995 inscul-

534 1062 675 1122 ptam
716 1050 973 1105 habentes
1000 1056 1288 1110 numquam
1318 1038 1678 1107 indignemur,
1722 1033 1766 1087 si
1811 1028 2023 1101 quando
2058 1029 2112 1082 in

532 1119 689 1199 casus
732 1141 937 1209 aliquos
977 1136 1230 1190 adversos
1274 1128 1676 1192 incurrerimus,
1721 1122 1848 1178 dum
1903 1122 1955 1175 in
2010 1119 2112 1175 hac

534 1234 638 1288 vita
687 1243 985 1294 versamur,
1025 1234 1119 1280 aut
1167 1224 1219 1278 in
1271 1221 1619 1284 calamitates,
1663 1224 1757 1269 aut
1784 1214 1838 1269 in
1876 1211 2116 1281 corporis

535 1323 896 1391 aegritudines,
941 1326 1033 1373 aut
1081 1317 1133 1371 in
1181 1329 1266 1370 res
1294 1313 1429 1367 alias
1454 1311 1728 1375 molestas,
1775 1305 1870 1360 sed
1898 1303 2116 1358 multam

534 1412 850 1470 exhibentes
902 1406 1319 1463 moderationem
1369 1400 1532 1458 animi
1580 1414 1646 1453 ac
1691 1393 2115 1468 pliilos0phiam,

532 1507 701 1561 cuivis
732 1501 1007 1561 tentationi
1034 1500 1371 1563 resistamus,
1411 1509 1532 1550 cum
1583 1492 1738 1548 nobis
1783 1490 2116 1560 exploratum

535 1600 606 1652 sit
651 1597 796 1653 omni
834 1610 899 1649 es
950 1601 1100 1665 parte
1145 1607 1246 1646 nos
1289 1603 1447 1660 posse
1493 1586 1699 1641 lucrum
1730 1592 2024 1653 reportare,
2070 1581 2115 1634 si

538 1690 727 1756 vigiles
768 1696 823 1741 et
858 1684 1046 1739 attenti
1096 1681 1384 1741 fuerimus,
1424 1685 1585 1747 atque
1628 1691 1695 1730 ex
1739 1670 2119 1728 tentationihus

538 1780 713 1847 pntius
733 1792 888 1847 quam
918 1790 984 1830 ex
1013 1773 1173 1829 rebus
1196 1768 1445 1826 secundis
1478 1784 1491 1821 :
1525 1781 1626 1822 nec
1655 1777 1903 1833 umquam
1942 1763 2120 1814 animo

537 1868 901 1936 concidamus,
918 1864 1210 1934 Cogitantes
1229 1869 1484 1933 quantum
1509 1857 1579 1913 sit
1602 1853 1871 1927 patientia:
1892 1852 2117 1915 lucrum,

541 1966 635 2020 sed
692 1981 792 2020 nec
834 1964 937 2018 illis
985 1962 1150 2016 simus
1196 1952 1412 2015 infensi,
1459 1949 1550 2019 qui
1595 1944 1974 2025 mutationibus
2024 1956 2121 1995 nos

536 2057 804 2112 divexant.
836 2054 987 2109 Licet
1031 2050 1172 2106 enim
1216 2048 1290 2102 illi
1334 2047 1514 2108 etiam,
1569 2047 1627 2097 ut
1654 2034 1935 2093 consilium
1964 2046 2119 2086 sumn

538 2148 806 2217 expleant,
856 2144 907 2199 id
953 2151 1114 2214 agant
1143 2159 1155 2195 :
1186 2139 1484 2197 communis
1528 2146 1703 2190 tamen
1733 2131 1988 2192 Dominus
2020 2128 2122 2182 hoc

538 2237 819 2308 permittit,
864 2234 1007 2305 quod
1050 2247 1150 2289 nos
1192 2229 1325 2286 velit
1373 2228 1475 2282 hac
1525 2226 1732 2281 ratione
1785 2219 2116 2291 spiritualem

540 2328 683 2382 hunc
708 2336 969 2397 quaistum
1000 2324 1193 2387 facere,
1215 2337 1278 2377 ac
1316 2317 1584 2391 patientiae
1633 2312 1935 2370 mercedem
1978 2308 2118 2365 obti-

1273 377 1332 434 S.
1373 371 1651 432 JOANNIS
1686 372 1821 426 Cliti
1838 363 2157 424 {SOSTOMI
2199 360 2512 418 ARCIIIEP.
2554 355 3091 415 CONSTANTINGP.
3686 364 3777 419 ινα

2222 492 2370 533 nere.
2418 476 2477 532 Si
2514 490 2645 546 ergo
2690 490 2811 545 quae
2855 470 3160 529 inferuntur
3202 472 3337 528 mala
3364 486 3485 528 cum
3512 477 3776 545 gratiarum

2218 570 2431 624 actione
2457 566 2695 639 perferre
2722 566 3010 635 possimus,
3041 580 3148 619 non
3198 564 3443 635 exiguam
3484 565 3776 624 delictorum

2220 668 2523 715 nostrorum
2576 666 2780 729 partem
2834 656 3153 711 delebimus.
3209 656 3265 711 Si
3309 656 3451 711 enim
3497 657 3779 715 thesaurum

2220 751 2381 816 hunc,
2435 759 2489 804 et
2516 746 2665 805 orbis
2691 756 2958 803 terrarum
2984 746 3263 801 doctorem
3295 747 3532 816 quotidie
3557 750 3782 818 periculis

2219 844 2380 914 obiici
2409 858 2531 897 cum
2563 841 2771 896 videret
2796 838 3072 904 Dominus,
3121 838 3483 910 permittebat,
3529 856 3630 896 non
3657 841 3783 911 quod

2218 934 2477 989 athletam
2522 946 2680 985 suum
2719 930 3042 999 despiceret,
3089 929 3185 985 sed
3229 928 3373 998 quod
3418 929 3619 1001 longius
3662 932 3786 988 illius

2217 1022 2402 1078 virtuti
2429 1021 2660 1076 stadium
2687 1026 2975 1085 sterneret,
3025 1028 3082 1073 ut
3125 1018 3517 1089 splendidiores
3549 1021 3621 1075 illi
3643 1035 3784 1076 coro-

2220 1130 2318 1170 nas
2343 1114 2589 1170 redderet
2620 1131 2634 1167 :
2663 1112 2790 1183 quid
2815 1126 2917 1167 nos
2939 1111 3184 1168 dicemus
3221 1112 3311 1182 qui
3353 1114 3585 1182 peccatis
3625 1124 3785 1170 scate-

2221 1222 2341 1261 mus
2389 1204 2707 1270 innumeris,
2758 1215 2815 1259 et
2852 1201 3054 1257 idcirco
3095 1202 3407 1273 frequenter
3434 1204 3787 1260 tentationibns

2218 1297 2610 1361 conﬂictamur,
2642 1303 2701 1350 ut
2727 1308 2846 1349 cum
2876 1308 3064 1349 eorum
3090 1307 3251 1349 causa
3277 1308 3464 1364 ptenas
3482 1293 3784 1362 dederimus,

2220 1390 2409 1444 saltem
2447 1387 2679 1456 aliquam
2720 1383 3103 1440 misericordiae
3132 1391 3340 1453 partem
3366 1383 3608 1453 exiguam
3629 1384 3785 1455 impe-

2221 1487 2446 1544 tremus,
2497 1484 2553 1531 et
2578 1475 2632 1530 in
2662 1475 2756 1531 illo
2780 1474 2869 1531 die
2896 1473 3181 1530 tremendo
3209 1473 3367 1530 bonis
3394 1474 3502 1528 illis
3530 1473 3805 1529 inelfahilis

2222 1570 2322 1625 bus
2370 1567 2749 1639 perfruamur?
2800 1566 2929 1622 Haec
2975 1575 3156 1621 autem
3205 1580 3327 1621 cum
3379 1566 3571 1621 animis
3615 1566 3787 1621 nostris

2221 1670 2553 1731 reputantes,
2598 1659 2856 1715 adversus
2886 1658 3067 1713 omnia
3110 1665 3422 1712 constanter
3453 1657 3789 1728 patientequ

2222 1754 2555 1819 resistamus,
2608 1761 2667 1806 ut
2705 1759 2763 1806 et
2806 1749 3104 1807 tolerantia
3152 1749 3461 1804 mercedem
3514 1763 3546 1803 a
3586 1749 3789 1818 benigno

2228 1843 2451 1899 Domino
2494 1843 2836 1914 recipiamus.
2884 1852 2939 1898 et
2969 1851 3311 1912 peccatormn
3340 1851 3640 1896 nostrorum
3668 1843 3789 1896 mul-

2226 1934 2507 1989 titudinem
2539 1933 2858 1989 imminuere
2888 1932 3174 2002 possimus,
3201 1942 3255 1986 et
3284 1942 3487 1987 :eterna
3521 1933 3653 1988 bona
3676 1947 3790 1986 con-

2224 2028 2402 2097 sequi,
2446 2027 2615 2097 gratia
2642 2036 2700 2084 et
2725 2024 3052 2097 benignitate
3082 2024 3292 2080 Domini
3324 2025 3495 2079 nostri
3520 2023 3640 2081 Iesu
3658 2023 3791 2079 Chri-

2225 2122 2316 2186 sti,
2365 2136 2487 2176 cuut
2517 2135 2624 2189 quo
2655 2118 2820 2184 Patri,
2873 2117 3138 2186 simulque
3162 2114 3384 2186 Spiritui
3421 2123 3602 2170 saucm
3622 2114 3790 2185 gloria,

2227 2213 2535 2283 imperium,
2585 2219 2639 2266 et
2666 2210 2859 2278 honor,
2890 2224 3031 2265 nunc
3056 2217 3111 2264 et
3133 2224 3372 2278 semper,
3423 2219 3478 2263 et
3526 2209 3579 2263 in
3619 2206 3793 2262 secula

2226 2304 2565 2361 steculoruin.
2600 2303 2792 2357 Amen.

563 2583 3765 2642 Wa

1515 2910 1868 2974 MONITUM
1916 2908 2015 2969 AD
2055 2904 2434 2968 HOMILIAM
2474 2902 2554 2964 ΙΝ
2597 2899 2855 2974 ILLUD,

635 3126 783 3185 Licet
810 3127 877 3184 de
908 3140 1074 3194 anno,
1108 3141 1216 3196 quo
1244 3124 1384 3180 hanc
1416 3123 1843 3195 Chrysostomus
1880 3117 2254 3191 pronuntiavit
2296 3114 2600 3179 homiliam,
2633 3111 2769 3167 nihil
2807 3108 3142 3173 habeamus,
3185 3120 3253 3162 ex
3286 3102 3378 3169 iis,
3412 3116 3536 3173 qua:
3578 3113 3719 3155 num.
3755 3094 3781 3148 ι

568 3249 800 3319 hujusce
828 3244 1112 3302 concionis
1148 3242 1404 3299 dicuntur
1430 3241 1498 3296 de
1530 3239 1880 3310 imperatoria
1909 3235 2075 3293 Curia
2096 3275 2112 3300 ,
2146 3235 2324 3304 deque
2372 3232 2595 3288 militari
2624 3229 2878 3287 satellitio
2906 3225 3255 3298 Imperatoris
3274 3266 3290 3291 ,
3325 3236 3394 3279 ea
3425 3218 3788 3277 Constantino-

569 3361 678 3431 poli
706 3359 889 3415 hahita
930 3356 1101 3412 fuisse
1146 3354 1610 3426 deprehenditur;
1650 3363 1705 3408 et
1745 3351 1989 3423 quidem,
2030 3358 2090 3404 ut
2134 3364 2288 3404 num.
2328 3348 2365 3402 2
2402 3356 2676 3412 narratur,
2700 3352 2889 3400 testate
2916 3355 3171 3413 magnum
3209 3339 3263 3393 in
3295 3334 3594 3408 frequentia
3627 3323 3788 3402 populi

568 3482 761 3530 aestum
792 3475 1072 3546 pariente;
1098 3486 1262 3543 quam
1307 3468 1669 3526 obtendebant
1703 3479 1927 3522 causam
1972 3458 2584 3531 Constantinopolitani,
2631 3472 2758 3513 cum
2805 3461 3125 3526 quereretur
3172 3449 3594 3513 Clirvsostomus
3634 3439 3789 3496 eccle-

570 3589 707 3644 siam
754 3605 860 3644 non
902 3587 1258 3659 frequentari,
1309 3586 1615 3656 multosque
1662 3599 1691 3639 a
1732 3580 2091 3639 coucionihus
2128 3577 2322 3632 abesse
2349 3574 2505 3632 suis:
2542 3588 2679 3644 quos
2715 3570 2929 3641 egregie
2978 3565 3215 3623 retundit
3239 3562 3630 3633 Clirysostomu

3636 3548 3789 3609 s:Si

1861 4134 2263 4199 ADVERSUS
2300 4133 2461 4205 EOS,

540 4293 646 4348 QUI
693 4294 775 4336 AD
815 4287 1183 4335 εοιιποτιηῐ
1225 4287 1348 4330 NON
1391 4287 1876 4343 OCCURRERUNT,
1924 4289 2004 4330 ET
2047 4288 2113 4332 IN
2156 4288 2399 4332 DICTUM
2456 4286 2644 4328 ILLUD
2688 4279 3015 4335 APOSTOLI,
3059 4278 3110 4322 SI
3157 4276 3500 4321 ESUBIERIT
3540 4264 3799 4317 ιηιιιιουι

1003 4389 1185 4443 τυυε,
1230 4388 1374 4431 ClBA
1419 4386 1611 4430 manu
1658 4367 1884 4449 (Rom.
1935 4368 2032 4440 12,
2077 4368 2157 4428 20
2188 4366 2237 4449 ),
2275 4380 2356 4428 Er
2399 4386 2482 4427 ne
2526 4378 3011 4427 INIMICITIARUM
3055 4374 3375 4421 HBMOIIIA.

1784 4530 2133 4545 ——-———-—

631 4645 682 4699 Ι.
740 4640 1052 4695 Paucitatem
1099 4640 1390 4693 auditorum
1427 4637 1651 4706 queritur
1702 4635 2125 4707 Chrysostomus;

548 4732 830 4803 applansus
854 4733 1139 4786 auditorum
1180 4730 1391 4800 respuit.
1441 4727 1795 4794 Proverbium,
1845 4725 2001 4782 Gutta
2043 4744 2131 4781 ca-

550 4834 633 4878 nat
674 4823 915 4893 lapidem.
958 4849 1029 4862 —
1066 4819 1245 4882 Nihil,
1288 4828 1347 4873 ut
1398 4819 1644 4883 videtur,
1693 4819 1847 4874 nobis
1891 4818 2126 4887 profuit,

551 4913 694 4983 quod
762 4925 1063 4967 sermonem
1121 4909 1335 4980 longum
1392 4924 1563 4978 nuper
1635 4909 2015 4976 habuerimus,
2072 4917 2130 4963 ut

553 5014 787 5059 vestrum
833 5002 900 5056 ad
970 5000 1226 5055 collectas
1278 4998 1525 5053 veniendi
1579 4997 1810 5053 studium
1864 4999 2130 5053 excitare-

554 5114 671 5152 mus
704 5115 718 5152 :
746 5110 934 5152 rursus
969 5094 1111 5150 enim
1151 5093 1304 5149 nobis
1342 5094 1464 5147 [iliis
1489 5092 1602 5148 suis
1626 5091 1853 5147 ecclesia
1878 5090 2129 5146 destituta

550 5202 652 5246 est.
683 5190 798 5255 Quo
824 5189 882 5244 ﬁt
906 5202 962 5243 ut
992 5201 1176 5241 rursus
1200 5187 1357 5240 etiam
1384 5185 1562 5256 gravis
1584 5200 1647 5238 ac
1675 5183 1935 5238 molestus
1959 5182 2128 5238 videri

550 5299 731 5349 cogar,
757 5282 875 5336 sive
914 5281 1041 5335 dum
1079 5285 1372 5347 pris-sentes
1415 5276 1640 5344 casugo,
1693 5275 1806 5329 sive
1842 5273 1969 5328 dum
2008 5273 2131 5328 alis-

554 5382 708 5427 entes
759 5367 1096 5441 reprehendo
1135 5384 1149 5421 :
1194 5367 1316 5422 illos
1364 5365 1615 5435 quidem,
1666 5362 1811 5432 quod
1864 5363 2127 5432 pigritiam

557 5480 664 5519 non
704 5463 1074 5526 excusserint,
1121 5473 1214 5514 vos
1265 5472 1395 5513 vero
1444 5455 1584 5523 quod
1635 5454 1858 5509 salutem
1908 5452 2129 5509 fratrum

555 5568 660 5607 non
700 5553 919 5606 curetis.
972 5549 1166 5606 Gravis
1202 5562 1266 5602 ac
1312 5546 1570 5601 molestus
1594 5543 1761 5599 videri
1790 5558 1974 5612 cogor,
2026 5559 2130 5597 non

555 5659 673 5696 nica
699 5643 784 5695 vel
810 5655 1044 5695 mearum
1070 5636 1489 5708 possessionum,
1519 5635 1612 5690 sed
1642 5644 1815 5691 vestra
1841 5634 2133 5704 salutisque

558 5742 748 5787 vestra:
789 5745 971 5793 causa,
1018 5743 1123 5799 qua
1171 5727 1300 5781 mihi
1345 5728 1473 5782 nihil
1522 5737 1605 5783 est
1652 5727 1941 5798 antiquius.
1965 5724 2132 5796 δεδι-ιι

566 5825 700 5876 l'crat
717 5822 805 5890 qui
830 5821 990 5883 volet,
1013 5821 1374 5886 importunum
1405 5830 1458 5873 et
1487 5821 1845 5889 impudentem
1876 5818 2131 5890 appellet;

2137 4516 2240 4558 σο

2244 4529 2559 4546 ι--ιι--

2237 4653 2338 4709 ego
2358 4653 2485 4694 vero
2514 4651 2727 4707 semper
2778 4634 2880 4690 hac
2920 4633 2987 4689 de
3014 4647 3174 4689 causa
3222 4631 3525 4688 molestiam
3570 4625 3798 4685 exhibere

2237 4745 2343 4786 non
2391 4728 2654 4794 desinam,
2703 4725 2835 4781 nihil
2879 4725 3020 4780 enim
3070 4723 3171 4779 hac
3197 4722 3523 4793 impudentia
3550 4718 3673 4773 mihi
3700 4715 3799 4769 fru-

2239 4818 2476 4874 ctuosius
2499 4832 2618 4873 esse
2647 4820 2842 4887 potest.
2890 4815 3142 4870 Fortasse
3172 4828 3420 4884 namque,
3469 4811 3711 4870 fortasse,
3759 4801 3799 4858 si

2239 4911 2418 4966 minus
2444 4910 2665 4965 alterius
2692 4906 2791 4975 rei,
2848 4906 3035 4961 saltem
3070 4906 3226 4974 hujus
3250 4919 3344 4960 vos
3372 4902 3607 4975 pudebit,
3653 4905 3707 4952 ut
3744 4907 3801 4948 ne

2238 5015 2452 5071 semper
2494 4998 2737 5054 eamdem
2782 4996 2852 5052 ob
2885 5012 3100 5054 causam
3132 4994 3371 5052 molestia
3399 4993 3549 5049 vobis
3575 4990 3803 5046 exhibea-

2238 5100 2344 5153 tur,
2401 5097 2456 5144 et
2504 5104 2686 5145 curam
2738 5087 2930 5145 fratres
2983 5096 3191 5142 vestros
3230 5084 3448 5156 juvandi
3501 5077 3799 5149 suscipiens.

2237 5181 2374 5250 Quid
2403 5181 2545 5235 enim
2575 5179 2704 5235 mihi
2737 5178 2923 5234 laudes
2948 5188 3192 5248 prosunt,
3236 5191 3358 5231 cum
3398 5190 3492 5229 vos
3538 5174 3590 5227 in
3628 5172 3802 5225 virtute

2240 5271 2414 5326 facere
2462 5284 2773 5341 progressus
2825 5284 2933 5324 non
2980 5266 3236 5322 videam?
3282 5264 3435 5335 Quod
3494 5276 3623 5319 vero
3685 5253 3800 5312 mihi

2238 5361 2490 5416 damnum
2520 5361 2691 5414 oritur
2716 5376 2782 5415 ex
2812 5360 3027 5414 silentio
3072 5357 3399 5422 auditorum,
3429 5371 3548 5411 cum
3590 5359 3799 5407 vestram

2238 5451 2421 5521 augeri
2462 5452 2788 5521 conSpiciam
2833 5449 3125 5522 pietatem?
3177 5448 3319 5504 Laus
3363 5447 3559 5519 quippe
3595 5439 3800 5499 dicentis

2239 5555 2344 5614 est,
2377 5560 2480 5601 non
2512 5545 2821 5615 applausus,
2874 5542 2969 5598 sed
3021 5541 3324 5597 auditorum
3372 5541 3424 5595 in
3454 5539 3648 5609 pietate
3670 5531 3802 5587 zelus

2242 5651 2306 5691 ac
2355 5635 2631 5699 studium;
2689 5651 2792 5689 non
2840 5633 3097 5691 tumultus
3139 5632 3422 5697 excitatus,
3452 5642 3558 5699 quo
3583 5632 3801 5692 tempore

2240 5739 2420 5782 sermo
2458 5725 2693 5791 auditur,
2734 5724 2828 5779 sed
2855 5724 3089 5782 studium
3116 5736 3182 5777 ac
3205 5721 3493 5792 diligentia,
3529 5732 3645 5788 qua:
3669 5704 3797 5767 οωηί

2240 5828 2479 5889 tempore
2498 5816 2801 5872 exhibetur.
2817 5815 3114 5884 Applansus
3141 5829 3204 5868 es
3237 5828 3329 5868 ore
3354 5809 3510 5867 simul
3533 5807 3798 5882 egreditur,
