  <div class='ocr_page' id='page_1' title='image "/cluster/home/n/w/nwhite01/storage/ocr_20150623/51:no.3:pt.1/coo.31924054869502/175.png"; bbox 0 0 4086 6442; ppageno 0'>
   <div class='ocr_carea' id='block_1_1' title="bbox 517 449 620 505">
    <p class='ocr_par' dir='ltr' id='par_1_1' title="bbox 517 449 620 505">
     <span class='ocr_line' id='line_1_1' title="bbox 517 449 620 505; baseline -0.029 -1"><span class='ocrx_word' id='word_1_1' title='bbox 517 449 620 505; x_wconf 74' lang='lat' dir='ltr'>1T5</span> 
     </span>
    </p>
   </div>
   <div class='ocr_carea' id='block_1_2' title="bbox 519 545 2083 638">
    <p class='ocr_par' dir='ltr' id='par_1_2' title="bbox 519 545 2083 638">
     <span class='ocr_line' id='line_1_2' title="bbox 519 545 2083 638; baseline -0.014 -18"><span class='ocrx_word' id='word_1_2' title='bbox 519 568 717 638; x_wconf 79' lang='grc' dir='ltr'>μένοις.</span> <span class='ocrx_word' id='word_1_3' title='bbox 764 563 820 616; x_wconf 86' lang='lat'><strong>&#39;0</strong></span> <span class='ocrx_word' id='word_1_4' title='bbox 859 563 953 632; x_wconf 78' lang='grc' dir='ltr'>τῆς</span> <span class='ocrx_word' id='word_1_5' title='bbox 989 560 1118 630; x_wconf 74' lang='grc' dir='ltr'>βοῆς</span> <span class='ocrx_word' id='word_1_6' title='bbox 1159 558 1311 628; x_wconf 87' lang='grc' dir='ltr'>ὑμῶν</span> <span class='ocrx_word' id='word_1_7' title='bbox 1351 555 1572 618; x_wconf 79' lang='grc' dir='ltr'>ἔπαινος</span> <span class='ocrx_word' id='word_1_8' title='bbox 1601 550 1834 606; x_wconf 78' lang='grc' dir='ltr'>ἐνταῦθα</span> <span class='ocrx_word' id='word_1_9' title='bbox 1870 549 1960 602; x_wconf 68' lang='grc' dir='ltr'>τὸν</span> <span class='ocrx_word' id='word_1_10' title='bbox 1995 545 2083 598; x_wconf 82' lang='grc' dir='ltr'>λέ-</span> 
     </span>
    </p>
   </div>
   <div class='ocr_carea' id='block_1_3' title="bbox 516 641 2088 727">
    <p class='ocr_par' dir='ltr' id='par_1_3' title="bbox 516 641 2088 727">
     <span class='ocr_line' id='line_1_3' title="bbox 516 641 2088 727; baseline -0.011 -17"><span class='ocrx_word' id='word_1_11' title='bbox 516 674 681 727; x_wconf 84' lang='grc' dir='ltr'>γοντα</span> <span class='ocrx_word' id='word_1_12' title='bbox 710 655 855 707; x_wconf 86' lang='grc' dir='ltr'>ποιεῖ</span> <span class='ocrx_word' id='word_1_13' title='bbox 875 649 1144 722; x_wconf 77' lang='grc' dir='ltr'>λαμπρὸν,</span> <span class='ocrx_word' id='word_1_14' title='bbox 1175 651 1209 720; x_wconf 86' lang='grc' dir='ltr'>ἡ</span> <span class='ocrx_word' id='word_1_15' title='bbox 1236 649 1291 701; x_wconf 86' lang='grc' dir='ltr'>δέ</span> <span class='ocrx_word' id='word_1_16' title='bbox 1313 649 1411 718; x_wconf 83' lang='grc' dir='ltr'>τῆς</span> <span class='ocrx_word' id='word_1_17' title='bbox 1447 647 1624 718; x_wconf 73' lang='grc' dir='ltr'>ψυχῆς</span> <span class='ocrx_word' id='word_1_18' title='bbox 1650 644 1802 715; x_wconf 85' lang='grc' dir='ltr'>ὑμῶν</span> <span class='ocrx_word' id='word_1_19' title='bbox 1831 641 2088 694; x_wconf 66' lang='grc' dir='ltr'>εὐλάϐεια</span> 
     </span>
    </p>
   </div>
   <div class='ocr_carea' id='block_1_4' title="bbox 517 733 2090 819">
    <p class='ocr_par' dir='ltr' id='par_1_4' title="bbox 517 733 2090 819">
     <span class='ocr_line' id='line_1_4' title="bbox 517 733 2090 819; baseline -0.012 -17"><span class='ocrx_word' id='word_1_20' title='bbox 517 748 716 819; x_wconf 82' lang='grc' dir='ltr'>πολλὴν</span> <span class='ocrx_word' id='word_1_21' title='bbox 742 746 833 798; x_wconf 73' lang='grc' dir='ltr'>ἐπὶ</span> <span class='ocrx_word' id='word_1_22' title='bbox 866 745 959 797; x_wconf 87' lang='grc' dir='ltr'>τοῦ</span> <span class='ocrx_word' id='word_1_23' title='bbox 990 742 1232 813; x_wconf 88' lang='grc' dir='ltr'>βήματος</span> <span class='ocrx_word' id='word_1_24' title='bbox 1256 739 1350 793; x_wconf 89' lang='grc' dir='ltr'>τοῦ</span> <span class='ocrx_word' id='word_1_25' title='bbox 1388 737 1624 811; x_wconf 76' lang='grc' dir='ltr'>Χριστοῦ</span> <span class='ocrx_word' id='word_1_26' title='bbox 1658 736 1842 790; x_wconf 81' lang='grc' dir='ltr'>δίδωσι</span> <span class='ocrx_word' id='word_1_27' title='bbox 1875 733 2090 804; x_wconf 78' lang='grc' dir='ltr'>παρρηο</span> 
     </span>
    </p>
   </div>
   <div class='ocr_carea' id='block_1_5' title="bbox 518 823 2088 906">
    <p class='ocr_par' dir='ltr' id='par_1_5' title="bbox 518 823 2088 906">
     <span class='ocr_line' id='line_1_5' title="bbox 518 823 2088 906; baseline -0.012 -13"><span class='ocrx_word' id='word_1_28' title='bbox 518 839 639 892; x_wconf 86' lang='grc' dir='ltr'>σίαν</span> <span class='ocrx_word' id='word_1_29' title='bbox 679 837 756 906; x_wconf 80' lang='grc' dir='ltr'>τῷ</span> <span class='ocrx_word' id='word_1_30' title='bbox 779 835 1071 901; x_wconf 77' lang='grc' dir='ltr'>διδάξαντι.</span> <span class='ocrx_word' id='word_1_31' title='bbox 1105 833 1268 884; x_wconf 82' lang='grc' dir='ltr'>Ὥστε</span> <span class='ocrx_word' id='word_1_32' title='bbox 1289 872 1302 896; x_wconf 92' lang='grc'>,</span> <span class='ocrx_word' id='word_1_33' title='bbox 1342 831 1395 884; x_wconf 84' lang='grc' dir='ltr'>εῐ</span> <span class='ocrx_word' id='word_1_34' title='bbox 1422 847 1506 894; x_wconf 92' lang='grc' dir='ltr'>τις</span> <span class='ocrx_word' id='word_1_35' title='bbox 1538 829 1644 883; x_wconf 83' lang='grc' dir='ltr'>τῶν</span> <span class='ocrx_word' id='word_1_36' title='bbox 1674 825 1941 894; x_wconf 75' lang='grc' dir='ltr'>λεγόντων</span> <span class='ocrx_word' id='word_1_37' title='bbox 1967 823 2088 895; x_wconf 78' lang='grc' dir='ltr'>ἐρᾷ,</span> 
     </span>
    </p>
   </div>
   <div class='ocr_carea' id='block_1_6' title="bbox 521 924 2091 1006">
    <p class='ocr_par' dir='ltr' id='par_1_6' title="bbox 521 924 2091 1006">
     <span class='ocr_line' id='line_1_6' title="bbox 521 924 2091 1006; baseline -0.007 -20"><span class='ocrx_word' id='word_1_38' title='bbox 521 933 596 1006; x_wconf 72' lang='grc' dir='ltr'>μὴ</span> <span class='ocrx_word' id='word_1_39' title='bbox 625 932 734 986; x_wconf 86' lang='grc' dir='ltr'>τῶν</span> <span class='ocrx_word' id='word_1_40' title='bbox 759 931 985 1003; x_wconf 82' lang='grc' dir='ltr'>κρότων,</span> <span class='ocrx_word' id='word_1_41' title='bbox 1016 929 1153 984; x_wconf 86' lang='grc' dir='ltr'>ἀλλά</span> <span class='ocrx_word' id='word_1_42' title='bbox 1195 929 1292 1000; x_wconf 85' lang='grc' dir='ltr'>τῆς</span> <span class='ocrx_word' id='word_1_43' title='bbox 1331 927 1601 998; x_wconf 71' lang='grc' dir='ltr'>ὠφελείας</span> <span class='ocrx_word' id='word_1_44' title='bbox 1632 925 1742 980; x_wconf 89' lang='grc' dir='ltr'>τῶν</span> <span class='ocrx_word' id='word_1_45' title='bbox 1782 924 2091 979; x_wconf 77' lang='grc' dir='ltr'>ἀκουόντων</span> 
     </span>
    </p>
   </div>
   <div class='ocr_carea' id='block_1_7' title="bbox 516 1015 2090 1098">
    <p class='ocr_par' dir='ltr' id='par_1_7' title="bbox 516 1015 2090 1098">
     <span class='ocr_line' id='line_1_7' title="bbox 516 1015 2090 1098; baseline -0.008 -19"><span class='ocrx_word' id='word_1_46' title='bbox 516 1026 716 1098; x_wconf 80' lang='grc' dir='ltr'>ἐράτω.</span> <span class='ocrx_word' id='word_1_47' title='bbox 757 1025 871 1078; x_wconf 83' lang='grc' dir='ltr'>Οὑκ</span> <span class='ocrx_word' id='word_1_48' title='bbox 905 1023 1022 1076; x_wconf 75' lang='grc' dir='ltr'>ἐστι</span> <span class='ocrx_word' id='word_1_49' title='bbox 1057 1022 1118 1076; x_wconf 84' lang='grc' dir='ltr'>τὸ</span> <span class='ocrx_word' id='word_1_50' title='bbox 1165 1023 1328 1093; x_wconf 76' lang='grc' dir='ltr'>τυχὸν</span> <span class='ocrx_word' id='word_1_51' title='bbox 1361 1020 1529 1074; x_wconf 74' lang='grc' dir='ltr'>κακὸν</span> <span class='ocrx_word' id='word_1_52' title='bbox 1572 1017 1818 1088; x_wconf 80' lang='grc' dir='ltr'>ἀδελφῶν</span> <span class='ocrx_word' id='word_1_53' title='bbox 1846 1015 2090 1087; x_wconf 77' lang='grc' dir='ltr'>ἀμελεῖν,</span> 
     </span>
    </p>
   </div>
   <div class='ocr_carea' id='block_1_8' title="bbox 518 1105 2090 1186">
    <p class='ocr_par' dir='ltr' id='par_1_8' title="bbox 518 1105 2090 1186">
     <span class='ocr_line' id='line_1_8' title="bbox 518 1105 2090 1186; baseline -0.01 -16"><span class='ocrx_word' id='word_1_54' title='bbox 518 1115 632 1170; x_wconf 82' lang='grc' dir='ltr'>ἀλλ’</span> <span class='ocrx_word' id='word_1_55' title='bbox 684 1114 887 1186; x_wconf 79' lang='grc' dir='ltr'><strong>ἐσχάτη</strong></span> <span class='ocrx_word' id='word_1_56' title='bbox 935 1114 1187 1176; x_wconf 86' lang='grc' dir='ltr'>κόλασις.</span> <span class='ocrx_word' id='word_1_57' title='bbox 1235 1111 1332 1165; x_wconf 76' lang='grc' dir='ltr'>καὶ</span> <span class='ocrx_word' id='word_1_58' title='bbox 1379 1111 1756 1181; x_wconf 79' lang='grc' dir='ltr'>ἀπαραίτητος</span> <span class='ocrx_word' id='word_1_59' title='bbox 1814 1105 2090 1176; x_wconf 72' lang='grc' dir='ltr'>τιμωρίαο</span> 
     </span>
    </p>
   </div>
   <div class='ocr_carea' id='block_1_9' title="bbox 519 1201 2094 1279">
    <p class='ocr_par' dir='ltr' id='par_1_9' title="bbox 519 1201 2094 1279">
     <span class='ocr_line' id='line_1_9' title="bbox 519 1201 2094 1279; baseline -0.011 -10"><span class='ocrx_word' id='word_1_60' title='bbox 519 1214 798 1269; x_wconf 72' lang='grc' dir='ltr'>καὶτοῦτο</span> <span class='ocrx_word' id='word_1_61' title='bbox 834 1212 862 1263; x_wconf 85' lang='lat'>0</span> <span class='ocrx_word' id='word_1_62' title='bbox 895 1212 956 1266; x_wconf 82' lang='grc' dir='ltr'>τὸ</span> <span class='ocrx_word' id='word_1_63' title='bbox 998 1211 1256 1266; x_wconf 88' lang='grc' dir='ltr'>τάλαντον</span> <span class='ocrx_word' id='word_1_64' title='bbox 1307 1207 1628 1279; x_wconf 80' lang='grc' dir='ltr'>καταχώσας</span> <span class='ocrx_word' id='word_1_65' title='bbox 1655 1204 1936 1276; x_wconf 86' lang='grc' dir='ltr'>ἐδήλωσεν.</span> <span class='ocrx_word' id='word_1_66' title='bbox 1987 1201 2094 1254; x_wconf 84' lang='lat'><strong>0-3-</strong></span> 
     </span>
    </p>
   </div>
   <div class='ocr_carea' id='block_1_10' title="bbox 519 1293 2092 1375">
    <p class='ocr_par' dir='ltr' id='par_1_10' title="bbox 519 1293 2092 1375">
     <span class='ocr_line' id='line_1_10' title="bbox 519 1293 2092 1375; baseline -0.01 -15"><span class='ocrx_word' id='word_1_67' title='bbox 519 1307 606 1360; x_wconf 89' lang='grc' dir='ltr'>δέν</span> <span class='ocrx_word' id='word_1_68' title='bbox 633 1304 762 1374; x_wconf 91' lang='grc' dir='ltr'>γοῦν</span> <span class='ocrx_word' id='word_1_69' title='bbox 809 1305 947 1375; x_wconf 77' lang='grc' dir='ltr'>ὑπὲρ</span> <span class='ocrx_word' id='word_1_70' title='bbox 991 1303 1091 1371; x_wconf 78' lang='grc' dir='ltr'>τῆς</span> <span class='ocrx_word' id='word_1_71' title='bbox 1141 1301 1346 1364; x_wconf 74' lang='grc' dir='ltr'>οἰκείας</span> <span class='ocrx_word' id='word_1_72' title='bbox 1391 1297 1696 1353; x_wconf 73' lang='grc' dir='ltr'>ἐνεκαλεῖτο</span> <span class='ocrx_word' id='word_1_73' title='bbox 1744 1295 1924 1365; x_wconf 73' lang='grc' dir='ltr'>ζωῆς·</span> <span class='ocrx_word' id='word_1_74' title='bbox 1971 1293 2092 1346; x_wconf 69' lang='grc' dir='ltr'>οὑδὲ</span> 
     </span>
    </p>
   </div>
   <div class='ocr_carea' id='block_1_11' title="bbox 519 1383 2094 1462">
    <p class='ocr_par' dir='ltr' id='par_1_11' title="bbox 519 1383 2094 1462">
     <span class='ocr_line' id='line_1_11' title="bbox 519 1383 2094 1462; baseline -0.005 -19"><span class='ocrx_word' id='word_1_75' title='bbox 519 1392 628 1462; x_wconf 75' lang='grc' dir='ltr'>γὰρ</span> <span class='ocrx_word' id='word_1_76' title='bbox 679 1389 892 1458; x_wconf 86' lang='grc' dir='ltr'>ἐγένετο</span> <span class='ocrx_word' id='word_1_77' title='bbox 929 1389 1095 1452; x_wconf 76' lang='grc' dir='ltr'>κακὸς</span> <span class='ocrx_word' id='word_1_78' title='bbox 1149 1390 1278 1460; x_wconf 71' lang='grc' dir='ltr'>περὶ</span> <span class='ocrx_word' id='word_1_79' title='bbox 1320 1387 1420 1458; x_wconf 77' lang='grc' dir='ltr'>τὴν</span> <span class='ocrx_word' id='word_1_80' title='bbox 1471 1385 1826 1457; x_wconf 78' lang='grc' dir='ltr'>καταθήκηνο</span> <span class='ocrx_word' id='word_1_81' title='bbox 1873 1383 2094 1452; x_wconf 81' lang='grc' dir='ltr'>ὁλόκλη-</span> 
     </span>
    </p>
   </div>
   <div class='ocr_carea' id='block_1_12' title="bbox 522 1473 2095 1552">
    <p class='ocr_par' dir='ltr' id='par_1_12' title="bbox 522 1473 2095 1552">
     <span class='ocr_line' id='line_1_12' title="bbox 522 1473 2095 1552; baseline -0.006 -18"><span class='ocrx_word' id='word_1_82' title='bbox 522 1499 614 1552; x_wconf 89' lang='grc' dir='ltr'>ρον</span> <span class='ocrx_word' id='word_1_83' title='bbox 649 1480 758 1552; x_wconf 77' lang='grc' dir='ltr'>γάρ</span> <span class='ocrx_word' id='word_1_84' title='bbox 783 1481 950 1552; x_wconf 70' lang='grc' dir='ltr'>αὐτὴν</span> <span class='ocrx_word' id='word_1_85' title='bbox 988 1480 1267 1534; x_wconf 81' lang='grc' dir='ltr'>ἀπέδωκεν</span> <span class='ocrx_word' id='word_1_86' title='bbox 1289 1496 1302 1510; x_wconf 75' lang='grc' dir='ltr'><strong>ο</strong></span> <span class='ocrx_word' id='word_1_87' title='bbox 1333 1477 1445 1531; x_wconf 79' lang='grc' dir='ltr'>ἀλλ’</span> <span class='ocrx_word' id='word_1_88' title='bbox 1487 1478 1637 1548; x_wconf 81' lang='grc' dir='ltr'>ὅμως</span> <span class='ocrx_word' id='word_1_89' title='bbox 1681 1475 1896 1544; x_wconf 86' lang='grc' dir='ltr'>ἐγένετο</span> <span class='ocrx_word' id='word_1_90' title='bbox 1929 1473 2095 1536; x_wconf 71' lang='grc' dir='ltr'>κακὸς</span> 
     </span>
    </p>
   </div>
   <div class='ocr_carea' id='block_1_13' title="bbox 520 1566 2100 1646">
    <p class='ocr_par' dir='ltr' id='par_1_13' title="bbox 520 1566 2100 1646">
     <span class='ocr_line' id='line_1_13' title="bbox 520 1566 2100 1646; baseline -0.004 -19"><span class='ocrx_word' id='word_1_91' title='bbox 520 1576 616 1628; x_wconf 70' lang='grc' dir='ltr'>καὶ</span> <span class='ocrx_word' id='word_1_92' title='bbox 649 1575 775 1646; x_wconf 74' lang='grc' dir='ltr'>περὶ</span> <span class='ocrx_word' id='word_1_93' title='bbox 799 1573 896 1645; x_wconf 78' lang='grc' dir='ltr'>τήν</span> <span class='ocrx_word' id='word_1_94' title='bbox 927 1574 1186 1646; x_wconf 77' lang='grc' dir='ltr'>ἐργασίαν</span> <span class='ocrx_word' id='word_1_95' title='bbox 1213 1573 1308 1641; x_wconf 71' lang='grc' dir='ltr'>τῆς</span> <span class='ocrx_word' id='word_1_96' title='bbox 1343 1569 1831 1642; x_wconf 88' lang='grc' dir='ltr'>παρακαταθήκης.</span> <span class='ocrx_word' id='word_1_97' title='bbox 1873 1567 1946 1619; x_wconf 86' lang='grc' dir='ltr'>Οὑ</span> <span class='ocrx_word' id='word_1_98' title='bbox 1989 1566 2100 1637; x_wconf 74' lang='grc' dir='ltr'>γὰρ</span> 
     </span>
    </p>
   </div>
   <div class='ocr_carea' id='block_1_14' title="bbox 521 1658 2097 1725">
    <p class='ocr_par' dir='ltr' id='par_1_14' title="bbox 521 1658 2097 1725">
     <span class='ocr_line' id='line_1_14' title="bbox 521 1658 2097 1725; baseline -0.008 -4"><span class='ocrx_word' id='word_1_99' title='bbox 521 1669 867 1724; x_wconf 83' lang='grc' dir='ltr'>ἐδιπλασίασε</span> <span class='ocrx_word' id='word_1_100' title='bbox 909 1668 968 1722; x_wconf 78' lang='grc' dir='ltr'>τὸ</span> <span class='ocrx_word' id='word_1_101' title='bbox 1004 1667 1307 1721; x_wconf 88' lang='grc' dir='ltr'>πιστευθέν·</span> <span class='ocrx_word' id='word_1_102' title='bbox 1340 1665 1420 1718; x_wconf 78' lang='grc' dir='ltr'>διὸ</span> <span class='ocrx_word' id='word_1_103' title='bbox 1467 1665 1562 1717; x_wconf 76' lang='grc' dir='ltr'>καὶ</span> <span class='ocrx_word' id='word_1_104' title='bbox 1591 1661 1898 1725; x_wconf 75' lang='grc' dir='ltr'>ἐκολάζετο.</span> <span class='ocrx_word' id='word_1_105' title='bbox 1933 1658 2097 1713; x_wconf 83' lang='grc' dir='ltr'>’Ὀθεν</span> 
     </span>
    </p>
   </div>
   <div class='ocr_carea' id='block_1_15' title="bbox 521 1749 2102 1831">
    <p class='ocr_par' dir='ltr' id='par_1_15' title="bbox 521 1749 2102 1831">
     <span class='ocr_line' id='line_1_15' title="bbox 521 1749 2102 1831; baseline -0.012 -12"><span class='ocrx_word' id='word_1_106' title='bbox 521 1762 699 1831; x_wconf 82' lang='grc' dir='ltr'>δῆλον,</span> <span class='ocrx_word' id='word_1_107' title='bbox 754 1761 836 1814; x_wconf 83' lang='grc' dir='ltr'>ὅτι</span> <span class='ocrx_word' id='word_1_108' title='bbox 887 1759 991 1814; x_wconf 67' lang='grc' dir='ltr'><strong>κᾶν</strong></span> <span class='ocrx_word' id='word_1_109' title='bbox 1038 1761 1195 1830; x_wconf 82' lang='grc' dir='ltr'>ήμεῖς</span> <span class='ocrx_word' id='word_1_110' title='bbox 1248 1755 1518 1810; x_wconf 87' lang='grc' dir='ltr'>σπουδαῖοι</span> <span class='ocrx_word' id='word_1_111' title='bbox 1580 1749 1730 1824; x_wconf 82' lang='grc' dir='ltr'>ὦμεν</span> <span class='ocrx_word' id='word_1_112' title='bbox 1763 1752 1857 1806; x_wconf 73' lang='grc' dir='ltr'>καὶ</span> <span class='ocrx_word' id='word_1_113' title='bbox 1907 1767 2102 1819; x_wconf 85' lang='grc' dir='ltr'>συγκε-</span> 
     </span>
    </p>
   </div>
   <div class='ocr_carea' id='block_1_16' title="bbox 523 1843 2101 1926">
    <p class='ocr_par' dir='ltr' id='par_1_16' title="bbox 523 1843 2101 1926">
     <span class='ocr_line' id='line_1_16' title="bbox 523 1843 2101 1926; baseline -0.007 -20"><span class='ocrx_word' id='word_1_114' title='bbox 523 1852 880 1926; x_wconf 76' lang='grc' dir='ltr'>κροτημένοι,</span> <span class='ocrx_word' id='word_1_115' title='bbox 913 1851 1014 1904; x_wconf 81' lang='grc' dir='ltr'>κᾶν</span> <span class='ocrx_word' id='word_1_116' title='bbox 1054 1849 1250 1920; x_wconf 82' lang='grc' dir='ltr'>πολλὴν</span> <span class='ocrx_word' id='word_1_117' title='bbox 1289 1847 1581 1918; x_wconf 79' lang='grc' dir='ltr'>ἐπιθυμίαν</span> <span class='ocrx_word' id='word_1_118' title='bbox 1604 1845 1816 1917; x_wconf 76' lang='grc' dir='ltr'>ἔχωμεν</span> <span class='ocrx_word' id='word_1_119' title='bbox 1849 1845 1977 1914; x_wconf 70' lang='grc' dir='ltr'>περὶ</span> <span class='ocrx_word' id='word_1_120' title='bbox 2002 1843 2101 1914; x_wconf 77' lang='grc' dir='ltr'>τήν</span> 
     </span>
    </p>
   </div>
   <div class='ocr_carea' id='block_1_17' title="bbox 523 1937 2102 2016">
    <p class='ocr_par' dir='ltr' id='par_1_17' title="bbox 523 1937 2102 2016">
     <span class='ocr_line' id='line_1_17' title="bbox 523 1937 2102 2016; baseline -0.006 -18"><span class='ocrx_word' id='word_1_121' title='bbox 523 1945 782 2016; x_wconf 84' lang='grc' dir='ltr'>ἀκρόασιν</span> <span class='ocrx_word' id='word_1_122' title='bbox 814 1942 922 1996; x_wconf 85' lang='grc' dir='ltr'>τῶν</span> <span class='ocrx_word' id='word_1_123' title='bbox 960 1942 1118 1995; x_wconf 89' lang='grc' dir='ltr'>θείων</span> <span class='ocrx_word' id='word_1_124' title='bbox 1173 1939 1426 2013; x_wconf 75' lang='grc' dir='ltr'>Γραςρῶν,</span> <span class='ocrx_word' id='word_1_125' title='bbox 1469 1939 1568 1993; x_wconf 80' lang='grc' dir='ltr'>οὐκ</span> <span class='ocrx_word' id='word_1_126' title='bbox 1615 1939 1776 2008; x_wconf 83' lang='grc' dir='ltr'>ἀρκεῖ</span> <span class='ocrx_word' id='word_1_127' title='bbox 1805 1937 1943 2008; x_wconf 79' lang='grc' dir='ltr'>πρὸς</span> <span class='ocrx_word' id='word_1_128' title='bbox 1996 1951 2102 1988; x_wconf 89' lang='grc' dir='ltr'>σω-</span> 
     </span>
    </p>
   </div>
   <div class='ocr_carea' id='block_1_18' title="bbox 523 2029 2104 2108">
    <p class='ocr_par' dir='ltr' id='par_1_18' title="bbox 523 2029 2104 2108">
     <span class='ocr_line' id='line_1_18' title="bbox 523 2029 2104 2108; baseline -0.007 -18"><span class='ocrx_word' id='word_1_129' title='bbox 523 2037 718 2108; x_wconf 87' lang='grc' dir='ltr'>τηρίαν</span> <span class='ocrx_word' id='word_1_130' title='bbox 770 2035 944 2108; x_wconf 86' lang='grc' dir='ltr'>ήμῶν.</span> <span class='ocrx_word' id='word_1_131' title='bbox 998 2033 1356 2088; x_wconf 87' lang='grc' dir='ltr'>Διπλασιάσαι</span> <span class='ocrx_word' id='word_1_132' title='bbox 1397 2031 1505 2102; x_wconf 78' lang='grc' dir='ltr'>γὰρ</span> <span class='ocrx_word' id='word_1_133' title='bbox 1545 2030 1652 2102; x_wconf 81' lang='grc' dir='ltr'>χρὴ</span> <span class='ocrx_word' id='word_1_134' title='bbox 1697 2029 1793 2100; x_wconf 81' lang='grc' dir='ltr'>τὴν</span> <span class='ocrx_word' id='word_1_135' title='bbox 1852 2043 2104 2098; x_wconf 85' lang='grc' dir='ltr'>παρακα-</span> 
     </span>
    </p>
   </div>
   <div class='ocr_carea' id='block_1_19' title="bbox 523 2119 2104 2200">
    <p class='ocr_par' dir='ltr' id='par_1_19' title="bbox 523 2119 2104 2200">
     <span class='ocr_line' id='line_1_19' title="bbox 523 2119 2104 2200; baseline -0.008 -18"><span class='ocrx_word' id='word_1_136' title='bbox 523 2129 790 2200; x_wconf 76' lang='grc' dir='ltr'>ταθήκην,</span> <span class='ocrx_word' id='word_1_137' title='bbox 849 2127 1012 2198; x_wconf 86' lang='grc' dir='ltr'>διπλῆ</span> <span class='ocrx_word' id='word_1_138' title='bbox 1069 2127 1126 2180; x_wconf 82' lang='grc' dir='ltr'>δὲ</span> <span class='ocrx_word' id='word_1_139' title='bbox 1178 2125 1424 2196; x_wconf 86' lang='grc' dir='ltr'>γίνεται,</span> <span class='ocrx_word' id='word_1_140' title='bbox 1467 2123 1593 2176; x_wconf 81' lang='grc' dir='ltr'>ὅταν</span> <span class='ocrx_word' id='word_1_141' title='bbox 1643 2121 1782 2192; x_wconf 83' lang='grc' dir='ltr'>μετά</span> <span class='ocrx_word' id='word_1_142' title='bbox 1824 2120 1924 2190; x_wconf 77' lang='grc' dir='ltr'>τῆς</span> <span class='ocrx_word' id='word_1_143' title='bbox 1973 2119 2104 2172; x_wconf 90' lang='grc' dir='ltr'>ἐαυ-</span> 
     </span>
    </p>
   </div>
   <div class='ocr_carea' id='block_1_20' title="bbox 523 2213 2103 2292">
    <p class='ocr_par' dir='ltr' id='par_1_20' title="bbox 523 2213 2103 2292">
     <span class='ocr_line' id='line_1_20' title="bbox 523 2213 2103 2292; baseline -0.006 -18"><span class='ocrx_word' id='word_1_144' title='bbox 523 2219 633 2274; x_wconf 83' lang='grc' dir='ltr'>τῶν</span> <span class='ocrx_word' id='word_1_145' title='bbox 651 2219 942 2292; x_wconf 77' lang='grc' dir='ltr'>σωτηρίας,</span> <span class='ocrx_word' id='word_1_146' title='bbox 963 2219 1058 2273; x_wconf 79' lang='grc' dir='ltr'>καὶ</span> <span class='ocrx_word' id='word_1_147' title='bbox 1081 2219 1180 2288; x_wconf 81' lang='grc' dir='ltr'>τῆς</span> <span class='ocrx_word' id='word_1_148' title='bbox 1205 2219 1406 2289; x_wconf 84' lang='grc' dir='ltr'>ἐτέρων</span> <span class='ocrx_word' id='word_1_149' title='bbox 1425 2213 1948 2286; x_wconf 78' lang='grc' dir='ltr'>ἀντιλαμϐανὼμεθα</span> <span class='ocrx_word' id='word_1_150' title='bbox 1969 2230 2103 2284; x_wconf 88' lang='grc' dir='ltr'>προ-</span> 
     </span>
    </p>
   </div>
   <div class='ocr_carea' id='block_1_21' title="bbox 523 2305 2100 2378">
    <p class='ocr_par' dir='ltr' id='par_1_21' title="bbox 523 2305 2100 2378">
     <span class='ocr_line' id='line_1_21' title="bbox 523 2305 2100 2378; baseline -0.003 -16"><span class='ocrx_word' id='word_1_151' title='bbox 523 2311 686 2374; x_wconf 87' lang='grc' dir='ltr'>νοίας.</span> <span class='ocrx_word' id='word_1_152' title='bbox 705 2311 858 2364; x_wconf 78' lang='grc' dir='ltr'>Ἐπεί</span> <span class='ocrx_word' id='word_1_153' title='bbox 878 2313 1124 2374; x_wconf 81' lang='grc' dir='ltr'>κάκεῖνος</span> <span class='ocrx_word' id='word_1_154' title='bbox 1141 2306 1311 2374; x_wconf 69' lang='grc' dir='ltr'>εἴπεν,</span> <span class='ocrx_word' id='word_1_155' title='bbox 1337 2309 1458 2365; x_wconf 81' lang='grc' dir='ltr'>Ἴδε</span> <span class='ocrx_word' id='word_1_156' title='bbox 1507 2307 1665 2378; x_wconf 72' lang='grc' dir='ltr'>ἔχει(</span> <span class='ocrx_word' id='word_1_157' title='bbox 1697 2307 1762 2362; x_wconf 79' lang='grc' dir='ltr'>τό</span> <span class='ocrx_word' id='word_1_158' title='bbox 1783 2305 1900 2363; x_wconf 81' lang='grc' dir='ltr'>σὸν</span> <span class='ocrx_word' id='word_1_159' title='bbox 1919 2305 2100 2360; x_wconf 77' lang='grc' dir='ltr'>σῶον·</span> 
     </span>
    </p>
   </div>
   <div class='ocr_carea' id='block_1_22' title="bbox 522 2399 2105 2474">
    <p class='ocr_par' dir='ltr' id='par_1_22' title="bbox 522 2399 2105 2474">
     <span class='ocr_line' id='line_1_22' title="bbox 522 2399 2105 2474; baseline -0.003 -19"><span class='ocrx_word' id='word_1_160' title='bbox 522 2401 638 2455; x_wconf 77' lang='grc' dir='ltr'>ἀλλ’</span> <span class='ocrx_word' id='word_1_161' title='bbox 661 2403 759 2455; x_wconf 80' lang='grc' dir='ltr'>οὑκ</span> <span class='ocrx_word' id='word_1_162' title='bbox 789 2402 1022 2474; x_wconf 70' lang='grc' dir='ltr'>ἤρκεσεν</span> <span class='ocrx_word' id='word_1_163' title='bbox 1051 2400 1200 2472; x_wconf 78' lang='grc' dir='ltr'>αύτῷ</span> <span class='ocrx_word' id='word_1_164' title='bbox 1234 2401 1392 2455; x_wconf 86' lang='grc' dir='ltr'>τοῦτο</span> <span class='ocrx_word' id='word_1_165' title='bbox 1434 2401 1568 2474; x_wconf 68' lang='grc' dir='ltr'>πρὸς</span> <span class='ocrx_word' id='word_1_166' title='bbox 1591 2399 1905 2469; x_wconf 89' lang='grc' dir='ltr'>ἀπολογίαν.</span> <span class='ocrx_word' id='word_1_167' title='bbox 1943 2400 2105 2453; x_wconf 80' lang='grc' dir='ltr'>Ἔδει</span> 
     </span>
    </p>
   </div>
   <div class='ocr_carea' id='block_1_23' title="bbox 525 2485 2105 2562">
    <p class='ocr_par' dir='ltr' id='par_1_23' title="bbox 525 2485 2105 2562">
     <span class='ocr_line' id='line_1_23' title="bbox 525 2485 2105 2562; baseline -0.004 -18"><span class='ocrx_word' id='word_1_168' title='bbox 525 2486 674 2562; x_wconf 64' lang='grc'>[158]</span> <span class='ocrx_word' id='word_1_169' title='bbox 725 2489 853 2558; x_wconf 77' lang='grc' dir='ltr'>γάρ,</span> <span class='ocrx_word' id='word_1_170' title='bbox 886 2488 1042 2561; x_wconf 74' lang='grc' dir='ltr'>φησὶ.</span> <span class='ocrx_word' id='word_1_171' title='bbox 1066 2488 1425 2542; x_wconf 79' lang='grc' dir='ltr'>καταϐαλεῖν</span> <span class='ocrx_word' id='word_1_172' title='bbox 1450 2488 1550 2542; x_wconf 70' lang='grc' dir='ltr'>ἐπὶ</span> <span class='ocrx_word' id='word_1_173' title='bbox 1579 2487 1718 2554; x_wconf 85' lang='grc' dir='ltr'>τοὺς</span> <span class='ocrx_word' id='word_1_174' title='bbox 1751 2485 2105 2556; x_wconf 77' lang='grc' dir='ltr'>τραπεζῖτας</span> 
     </span>
    </p>
   </div>
   <div class='ocr_carea' id='block_1_24' title="bbox 525 2576 2106 2650">
    <p class='ocr_par' dir='ltr' id='par_1_24' title="bbox 525 2576 2106 2650">
     <span class='ocr_line' id='line_1_24' title="bbox 525 2576 2106 2650; baseline -0.003 -18"><span class='ocrx_word' id='word_1_175' title='bbox 525 2579 591 2632; x_wconf 85' lang='grc' dir='ltr'>τὸ</span> <span class='ocrx_word' id='word_1_176' title='bbox 620 2579 1018 2648; x_wconf 74' lang='grc' dir='ltr'>καταϐληθὲν.</span> <span class='ocrx_word' id='word_1_177' title='bbox 1041 2579 1155 2634; x_wconf 84' lang='grc' dir='ltr'>Καί</span> <span class='ocrx_word' id='word_1_178' title='bbox 1183 2597 1274 2650; x_wconf 85' lang='grc' dir='ltr'>μοι</span> <span class='ocrx_word' id='word_1_179' title='bbox 1299 2579 1513 2642; x_wconf 87' lang='grc' dir='ltr'>σκόπει,</span> <span class='ocrx_word' id='word_1_180' title='bbox 1548 2577 1664 2641; x_wconf 89' lang='grc' dir='ltr'>πῶς</span> <span class='ocrx_word' id='word_1_181' title='bbox 1689 2576 1868 2646; x_wconf 75' lang='grc' dir='ltr'>κοῦφα</span> <span class='ocrx_word' id='word_1_182' title='bbox 1887 2577 1980 2630; x_wconf 89' lang='grc' dir='ltr'>τοῦ</span> <span class='ocrx_word' id='word_1_183' title='bbox 2010 2579 2106 2630; x_wconf 84' lang='grc' dir='ltr'>Δε-</span> 
     </span>
    </p>
   </div>
   <div class='ocr_carea' id='block_1_25' title="bbox 525 2668 2109 2741">
    <p class='ocr_par' dir='ltr' id='par_1_25' title="bbox 525 2668 2109 2741">
     <span class='ocr_line' id='line_1_25' title="bbox 525 2668 2109 2741; baseline -0.001 -20"><span class='ocrx_word' id='word_1_184' title='bbox 525 2669 722 2724; x_wconf 84' lang='grc' dir='ltr'>σπότου</span> <span class='ocrx_word' id='word_1_185' title='bbox 754 2668 824 2722; x_wconf 78' lang='grc' dir='ltr'>τὰ</span> <span class='ocrx_word' id='word_1_186' title='bbox 855 2669 1217 2741; x_wconf 73' lang='grc' dir='ltr'>ἐπιτάγματα.</span> <span class='ocrx_word' id='word_1_187' title='bbox 1257 2669 1566 2741; x_wconf 73' lang='grc' dir='ltr'>’Ἄνθρωποι</span> <span class='ocrx_word' id='word_1_188' title='bbox 1602 2669 1700 2740; x_wconf 81' lang='grc' dir='ltr'>μὲν</span> <span class='ocrx_word' id='word_1_189' title='bbox 1721 2669 1828 2740; x_wconf 76' lang='grc' dir='ltr'>γάρ</span> <span class='ocrx_word' id='word_1_190' title='bbox 1865 2669 1993 2732; x_wconf 72' lang='grc' dir='ltr'>τοὺς</span> <span class='ocrx_word' id='word_1_191' title='bbox 2021 2668 2109 2720; x_wconf 87' lang='grc' dir='ltr'>δα-</span> 
     </span>
    </p>
   </div>
   <div class='ocr_carea' id='block_1_26' title="bbox 524 2761 2104 2833">
    <p class='ocr_par' dir='ltr' id='par_1_26' title="bbox 524 2761 2104 2833">
     <span class='ocr_line' id='line_1_26' title="bbox 524 2761 2104 2833; baseline -0.001 -20"><span class='ocrx_word' id='word_1_192' title='bbox 524 2761 796 2826; x_wconf 72' lang='grc' dir='ltr'>νείζοντας</span> <span class='ocrx_word' id='word_1_193' title='bbox 836 2761 1094 2833; x_wconf 88' lang='grc' dir='ltr'>χρήματα</span> <span class='ocrx_word' id='word_1_194' title='bbox 1133 2761 1427 2814; x_wconf 73' lang='grc' dir='ltr'>δεσποτικὰ</span> <span class='ocrx_word' id='word_1_195' title='bbox 1464 2761 1557 2814; x_wconf 72' lang='grc' dir='ltr'>καὶ</span> <span class='ocrx_word' id='word_1_196' title='bbox 1601 2761 1702 2831; x_wconf 78' lang='grc' dir='ltr'>τῆς</span> <span class='ocrx_word' id='word_1_197' title='bbox 1753 2761 2104 2831; x_wconf 83' lang='grc' dir='ltr'>ἀπαιτήσεως</span> 
     </span>
    </p>
   </div>
   <div class='ocr_carea' id='block_1_27' title="bbox 525 2847 2108 2918">
    <p class='ocr_par' dir='ltr' id='par_1_27' title="bbox 525 2847 2108 2918">
     <span class='ocr_line' id='line_1_27' title="bbox 525 2847 2108 2918; baseline -0.001 -16"><span class='ocrx_word' id='word_1_198' title='bbox 525 2849 858 2912; x_wconf 72' lang='grc' dir='ltr'>ὑπευθύνους</span> <span class='ocrx_word' id='word_1_199' title='bbox 887 2848 1118 2902; x_wconf 88' lang='grc' dir='ltr'>ποιοῦσι.</span> <span class='ocrx_word' id='word_1_200' title='bbox 1148 2849 1222 2902; x_wconf 73' lang='grc' dir='ltr'>Σὺ</span> <span class='ocrx_word' id='word_1_201' title='bbox 1255 2847 1570 2910; x_wconf 91' lang='grc' dir='ltr'>κατέϐαλες,</span> <span class='ocrx_word' id='word_1_202' title='bbox 1603 2848 1688 2912; x_wconf 71' lang='grc' dir='ltr'>σὺ,</span> <span class='ocrx_word' id='word_1_203' title='bbox 1722 2849 1907 2918; x_wconf 77' lang='grc' dir='ltr'>φησὶν,</span> <span class='ocrx_word' id='word_1_204' title='bbox 1941 2849 2108 2902; x_wconf 87' lang='grc' dir='ltr'>ἀπαί-</span> 
     </span>
    </p>
   </div>
   <div class='ocr_carea' id='block_1_28' title="bbox 525 2937 2107 3009">
    <p class='ocr_par' dir='ltr' id='par_1_28' title="bbox 525 2937 2107 3009">
     <span class='ocr_line' id='line_1_28' title="bbox 525 2937 2107 3009; baseline 0.001 -18"><span class='ocrx_word' id='word_1_205' title='bbox 525 2956 690 3009; x_wconf 86' lang='grc' dir='ltr'>τησον</span> <span class='ocrx_word' id='word_1_206' title='bbox 713 2955 726 2969; x_wconf 78' lang='grc' dir='ltr'><strong><em>ο</em></strong></span> <span class='ocrx_word' id='word_1_207' title='bbox 763 2938 886 3008; x_wconf 77' lang='grc' dir='ltr'>ἐμοὶ</span> <span class='ocrx_word' id='word_1_208' title='bbox 917 2937 1073 3006; x_wconf 89' lang='grc' dir='ltr'>λόγος</span> <span class='ocrx_word' id='word_1_209' title='bbox 1105 2937 1280 3000; x_wconf 78' lang='grc' dir='ltr'>οὐδεὶς</span> <span class='ocrx_word' id='word_1_210' title='bbox 1319 2937 1453 3008; x_wconf 59' lang='grc' dir='ltr'>πρὶς</span> <span class='ocrx_word' id='word_1_211' title='bbox 1482 2937 1574 2990; x_wconf 76' lang='grc' dir='ltr'>τὸν</span> <span class='ocrx_word' id='word_1_212' title='bbox 1605 2938 1914 3009; x_wconf 80' lang='grc' dir='ltr'>δεξάμενον.</span> <span class='ocrx_word' id='word_1_213' title='bbox 1960 2940 2019 2992; x_wconf 88' lang='grc' dir='ltr'><strong>Ὀ</strong></span> <span class='ocrx_word' id='word_1_214' title='bbox 2050 2939 2107 2992; x_wconf 78' lang='grc' dir='ltr'>δὲ</span> 
     </span>
    </p>
   </div>
   <div class='ocr_carea' id='block_1_29' title="bbox 526 3028 2107 3102">
    <p class='ocr_par' dir='ltr' id='par_1_29' title="bbox 526 3028 2107 3102">
     <span class='ocr_line' id='line_1_29' title="bbox 526 3028 2107 3102; baseline 0.002 -21"><span class='ocrx_word' id='word_1_215' title='bbox 526 3029 660 3092; x_wconf 75' lang='grc' dir='ltr'>Θεὸς</span> <span class='ocrx_word' id='word_1_216' title='bbox 686 3030 784 3100; x_wconf 86' lang='grc' dir='ltr'>ούχ</span> <span class='ocrx_word' id='word_1_217' title='bbox 811 3028 1000 3092; x_wconf 69' lang='grc' dir='ltr'>οὕτως,</span> <span class='ocrx_word' id='word_1_218' title='bbox 1033 3028 1168 3082; x_wconf 88' lang='grc' dir='ltr'>ἀλλά</span> <span class='ocrx_word' id='word_1_219' title='bbox 1200 3028 1525 3083; x_wconf 79' lang='grc' dir='ltr'>καταϐαλεῖν</span> <span class='ocrx_word' id='word_1_220' title='bbox 1561 3029 1772 3083; x_wconf 85' lang='grc' dir='ltr'>κελεύει</span> <span class='ocrx_word' id='word_1_221' title='bbox 1803 3031 1982 3102; x_wconf 83' lang='grc' dir='ltr'>μόνον,</span> <span class='ocrx_word' id='word_1_222' title='bbox 2016 3033 2107 3084; x_wconf 80' lang='grc' dir='ltr'>ού-</span> 
     </span>
    </p>
   </div>
   <div class='ocr_carea' id='block_1_30' title="bbox 529 3121 2103 3192">
    <p class='ocr_par' dir='ltr' id='par_1_30' title="bbox 529 3121 2103 3192">
     <span class='ocr_line' id='line_1_30' title="bbox 529 3121 2103 3192; baseline -0.001 -14"><span class='ocrx_word' id='word_1_223' title='bbox 529 3122 647 3178; x_wconf 77' lang='grc' dir='ltr'>κέτι</span> <span class='ocrx_word' id='word_1_224' title='bbox 666 3121 722 3176; x_wconf 76' lang='grc' dir='ltr'>δὲ</span> <span class='ocrx_word' id='word_1_225' title='bbox 752 3122 846 3174; x_wconf 74' lang='grc' dir='ltr'>καὶ</span> <span class='ocrx_word' id='word_1_226' title='bbox 881 3121 980 3192; x_wconf 83' lang='grc' dir='ltr'>τῆς</span> <span class='ocrx_word' id='word_1_227' title='bbox 1007 3121 1358 3191; x_wconf 85' lang='grc' dir='ltr'>ἀπαιτήσεως</span> <span class='ocrx_word' id='word_1_228' title='bbox 1389 3122 1535 3192; x_wconf 78' lang='grc' dir='ltr'>ἡμᾶς</span> <span class='ocrx_word' id='word_1_229' title='bbox 1571 3121 1906 3186; x_wconf 81' lang='grc' dir='ltr'>ὑπευθύνους</span> <span class='ocrx_word' id='word_1_230' title='bbox 1937 3126 2103 3178; x_wconf 86' lang='grc' dir='ltr'>ποιεῖ.</span> 
     </span>
    </p>
   </div>
   <div class='ocr_carea' id='block_1_31' title="bbox 528 3212 2110 3286">
    <p class='ocr_par' dir='ltr' id='par_1_31' title="bbox 528 3212 2110 3286">
     <span class='ocr_line' id='line_1_31' title="bbox 528 3212 2110 3286; baseline 0 -18"><span class='ocrx_word' id='word_1_231' title='bbox 528 3213 638 3270; x_wconf 79' lang='grc' dir='ltr'>Τοῦ</span> <span class='ocrx_word' id='word_1_232' title='bbox 672 3214 1071 3286; x_wconf 86' lang='grc' dir='ltr'>συμϐουλεῦσαι</span> <span class='ocrx_word' id='word_1_233' title='bbox 1118 3213 1227 3285; x_wconf 90' lang='grc' dir='ltr'>γάρ</span> <span class='ocrx_word' id='word_1_234' title='bbox 1250 3254 1264 3278; x_wconf 91' lang='grc'>,</span> <span class='ocrx_word' id='word_1_235' title='bbox 1298 3214 1357 3267; x_wconf 98' lang='lat'>0-3</span> <span class='ocrx_word' id='word_1_236' title='bbox 1387 3212 1480 3267; x_wconf 91' lang='grc' dir='ltr'>τοῦ</span> <span class='ocrx_word' id='word_1_237' title='bbox 1524 3216 1707 3266; x_wconf 87' lang='grc' dir='ltr'>πεῖσαι</span> <span class='ocrx_word' id='word_1_238' title='bbox 1732 3214 1919 3285; x_wconf 90' lang='grc' dir='ltr'>κύριος</span> <span class='ocrx_word' id='word_1_239' title='bbox 1961 3215 1988 3267; x_wconf 89' lang='grc' dir='ltr'>ὀ</span> <span class='ocrx_word' id='word_1_240' title='bbox 2021 3215 2110 3268; x_wconf 86' lang='grc' dir='ltr'>λέ-</span> 
     </span>
    </p>
   </div>
   <div class='ocr_carea' id='block_1_32' title="bbox 529 3306 2110 3380">
    <p class='ocr_par' dir='ltr' id='par_1_32' title="bbox 529 3306 2110 3380">
     <span class='ocr_line' id='line_1_32' title="bbox 529 3306 2110 3380; baseline 0 -18"><span class='ocrx_word' id='word_1_241' title='bbox 529 3325 642 3377; x_wconf 71' lang='grc' dir='ltr'>γων</span> <span class='ocrx_word' id='word_1_242' title='bbox 666 3307 804 3362; x_wconf 82' lang='grc' dir='ltr'>ἐστί.</span> <span class='ocrx_word' id='word_1_243' title='bbox 833 3307 924 3360; x_wconf 79' lang='grc' dir='ltr'>Διδ</span> <span class='ocrx_word' id='word_1_244' title='bbox 952 3306 1054 3377; x_wconf 81' lang='grc' dir='ltr'>τῆς</span> <span class='ocrx_word' id='word_1_245' title='bbox 1083 3306 1388 3376; x_wconf 79' lang='grc' dir='ltr'>καταϐολῆς</span> <span class='ocrx_word' id='word_1_246' title='bbox 1423 3306 1719 3360; x_wconf 83' lang='grc' dir='ltr'>ὑπεύθυνόν</span> <span class='ocrx_word' id='word_1_247' title='bbox 1755 3325 1814 3361; x_wconf 84' lang='grc' dir='ltr'>σε</span> <span class='ocrx_word' id='word_1_248' title='bbox 1841 3308 1978 3362; x_wconf 88' lang='grc' dir='ltr'>ποιῶ</span> <span class='ocrx_word' id='word_1_249' title='bbox 2016 3309 2110 3380; x_wconf 86' lang='grc' dir='ltr'>μό-</span> 
     </span>
    </p>
   </div>
   <div class='ocr_carea' id='block_1_33' title="bbox 529 3399 2110 3472">
    <p class='ocr_par' dir='ltr' id='par_1_33' title="bbox 529 3399 2110 3472">
     <span class='ocr_line' id='line_1_33' title="bbox 529 3399 2110 3472; baseline 0.003 -22"><span class='ocrx_word' id='word_1_250' title='bbox 529 3418 640 3463; x_wconf 85' lang='grc' dir='ltr'>νον,</span> <span class='ocrx_word' id='word_1_251' title='bbox 671 3399 938 3472; x_wconf 73' lang='grc' dir='ltr'>φησὶ,τῆς</span> <span class='ocrx_word' id='word_1_252' title='bbox 967 3399 1025 3454; x_wconf 82' lang='grc' dir='ltr'>δὲ</span> <span class='ocrx_word' id='word_1_253' title='bbox 1052 3399 1398 3470; x_wconf 78' lang='grc' dir='ltr'>ἀπαιτήσεως</span> <span class='ocrx_word' id='word_1_254' title='bbox 1428 3399 1632 3454; x_wconf 73' lang='grc' dir='ltr'>οὐκέτι.</span> <span class='ocrx_word' id='word_1_255' title='bbox 1662 3399 1727 3452; x_wconf 91' lang='grc' dir='ltr'>Τί</span> <span class='ocrx_word' id='word_1_256' title='bbox 1756 3399 1945 3455; x_wconf 87' lang='grc' dir='ltr'>τούτου</span> <span class='ocrx_word' id='word_1_257' title='bbox 1982 3418 2110 3454; x_wconf 78' lang='grc' dir='ltr'>κουο</span> 
     </span>
    </p>
   </div>
   <div class='ocr_carea' id='block_1_34' title="bbox 531 3490 2112 3574">
    <p class='ocr_par' dir='ltr' id='par_1_34' title="bbox 531 3490 2112 3574">
     <span class='ocr_line' id='line_1_34' title="bbox 531 3490 2112 3574; baseline -0.002 -27"><span class='ocrx_word' id='word_1_258' title='bbox 531 3493 788 3566; x_wconf 65' lang='grc' dir='ltr'>σςὸτερονς</span> <span class='ocrx_word' id='word_1_259' title='bbox 829 3492 968 3545; x_wconf 82' lang='grc' dir='ltr'>Ἀλλ’</span> <span class='ocrx_word' id='word_1_260' title='bbox 999 3492 1148 3562; x_wconf 83' lang='grc' dir='ltr'>ὅμως</span> <span class='ocrx_word' id='word_1_261' title='bbox 1179 3491 1412 3562; x_wconf 74' lang='grc' dir='ltr'>σκληρὸν</span> <span class='ocrx_word' id='word_1_262' title='bbox 1425 3490 1628 3574; x_wconf 73' lang='grc' dir='ltr'>ιἐκάλει</span> <span class='ocrx_word' id='word_1_263' title='bbox 1657 3491 1746 3546; x_wconf 74' lang='grc' dir='ltr'>τὸν</span> <span class='ocrx_word' id='word_1_264' title='bbox 1774 3491 1947 3556; x_wconf 72' lang='grc' dir='ltr'>οὕτως</span> <span class='ocrx_word' id='word_1_265' title='bbox 1973 3493 2112 3564; x_wconf 80' lang='grc' dir='ltr'>ἦμε-</span> 
     </span>
    </p>
   </div>
   <div class='ocr_carea' id='block_1_35' title="bbox 531 3583 2112 3656">
    <p class='ocr_par' dir='ltr' id='par_1_35' title="bbox 531 3583 2112 3656">
     <span class='ocr_line' id='line_1_35' title="bbox 531 3583 2112 3656; baseline -0.001 -18"><span class='ocrx_word' id='word_1_266' title='bbox 531 3601 626 3651; x_wconf 69' lang='grc' dir='ltr'>Γον</span> <span class='ocrx_word' id='word_1_267' title='bbox 653 3584 746 3638; x_wconf 72' lang='grc' dir='ltr'>καὶ</span> <span class='ocrx_word' id='word_1_268' title='bbox 768 3583 1144 3654; x_wconf 74' lang='grc' dir='ltr'>φιλάνθρωπον</span> <span class='ocrx_word' id='word_1_269' title='bbox 1165 3583 1430 3656; x_wconf 77' lang='grc' dir='ltr'>δεσπότην</span> <span class='ocrx_word' id='word_1_270' title='bbox 1454 3583 1484 3635; x_wconf 89' lang='lat'>0</span> <span class='ocrx_word' id='word_1_271' title='bbox 1505 3583 1708 3646; x_wconf 84' lang='grc' dir='ltr'>δοῦλος.</span> <span class='ocrx_word' id='word_1_272' title='bbox 1729 3583 1987 3638; x_wconf 84' lang='grc' dir='ltr'>Τοιαῦται</span> <span class='ocrx_word' id='word_1_273' title='bbox 2003 3584 2112 3655; x_wconf 78' lang='grc' dir='ltr'>γὰρ</span> 
     </span>
    </p>
   </div>
   <div class='ocr_carea' id='block_1_36' title="bbox 535 3673 2108 3747">
    <p class='ocr_par' dir='ltr' id='par_1_36' title="bbox 535 3673 2108 3747">
     <span class='ocr_line' id='line_1_36' title="bbox 535 3673 2108 3747; baseline -0.002 -18"><span class='ocrx_word' id='word_1_274' title='bbox 535 3675 644 3730; x_wconf 87' lang='grc' dir='ltr'>τῶν</span> <span class='ocrx_word' id='word_1_275' title='bbox 671 3674 1000 3746; x_wconf 86' lang='grc' dir='ltr'>ἀγνωμόνων</span> <span class='ocrx_word' id='word_1_276' title='bbox 1029 3675 1122 3728; x_wconf 77' lang='grc' dir='ltr'>καὶ</span> <span class='ocrx_word' id='word_1_277' title='bbox 1163 3673 1425 3746; x_wconf 71' lang='grc' dir='ltr'>ῥᾳθύμων</span> <span class='ocrx_word' id='word_1_278' title='bbox 1463 3675 1688 3728; x_wconf 77' lang='grc' dir='ltr'>οἰκετῶν</span> <span class='ocrx_word' id='word_1_279' title='bbox 1723 3675 1779 3729; x_wconf 77' lang='grc' dir='ltr'>αἱ</span> <span class='ocrx_word' id='word_1_280' title='bbox 1807 3674 2108 3747; x_wconf 71' lang='grc' dir='ltr'>συνήθειαι·</span> 
     </span>
    </p>
   </div>
   <div class='ocr_carea' id='block_1_37' title="bbox 531 3761 2112 3834">
    <p class='ocr_par' dir='ltr' id='par_1_37' title="bbox 531 3761 2112 3834">
     <span class='ocr_line' id='line_1_37' title="bbox 531 3761 2112 3834; baseline -0.001 -19"><span class='ocrx_word' id='word_1_281' title='bbox 531 3762 642 3816; x_wconf 87' lang='grc' dir='ltr'>τῶν</span> <span class='ocrx_word' id='word_1_282' title='bbox 686 3761 901 3816; x_wconf 85' lang='grc' dir='ltr'>οἰκείων</span> <span class='ocrx_word' id='word_1_283' title='bbox 952 3761 1364 3834; x_wconf 77' lang='grc' dir='ltr'>ἁμαρτημάτων</span> <span class='ocrx_word' id='word_1_284' title='bbox 1417 3763 1497 3825; x_wconf 86' lang='grc' dir='ltr'>εἰς</span> <span class='ocrx_word' id='word_1_285' title='bbox 1549 3762 1677 3826; x_wconf 81' lang='grc' dir='ltr'>τοὺς</span> <span class='ocrx_word' id='word_1_286' title='bbox 1711 3761 1975 3826; x_wconf 77' lang='grc' dir='ltr'>δεσπότας</span> <span class='ocrx_word' id='word_1_287' title='bbox 2023 3762 2112 3816; x_wconf 78' lang='grc' dir='ltr'>ἀεὶ</span> 
     </span>
    </p>
   </div>
   <div class='ocr_carea' id='block_1_38' title="bbox 535 3848 2112 3921">
    <p class='ocr_par' dir='ltr' id='par_1_38' title="bbox 535 3848 2112 3921">
     <span class='ocr_line' id='line_1_38' title="bbox 535 3848 2112 3921; baseline -0.001 -17"><span class='ocrx_word' id='word_1_288' title='bbox 535 3849 887 3921; x_wconf 84' lang='grc' dir='ltr'>μετατιθέασι</span> <span class='ocrx_word' id='word_1_289' title='bbox 935 3848 1034 3912; x_wconf 63' lang='grc' dir='ltr'>τὰς</span> <span class='ocrx_word' id='word_1_290' title='bbox 1084 3849 1284 3912; x_wconf 78' lang='grc' dir='ltr'>αἰτίας.</span> <span class='ocrx_word' id='word_1_291' title='bbox 1334 3849 1432 3904; x_wconf 81' lang='grc' dir='ltr'>Διά</span> <span class='ocrx_word' id='word_1_292' title='bbox 1483 3851 1638 3903; x_wconf 91' lang='grc' dir='ltr'>τοῦτο</span> <span class='ocrx_word' id='word_1_293' title='bbox 1685 3850 2112 3920; x_wconf 75' lang='grc' dir='ltr'>στρεϐλούμενος</span> 
     </span>
    </p>
   </div>
   <div class='ocr_carea' id='block_1_39' title="bbox 533 3935 2114 4008">
    <p class='ocr_par' dir='ltr' id='par_1_39' title="bbox 533 3935 2114 4008">
     <span class='ocr_line' id='line_1_39' title="bbox 533 3935 2114 4008; baseline 0 -18"><span class='ocrx_word' id='word_1_294' title='bbox 533 3937 627 3990; x_wconf 79' lang='grc' dir='ltr'>καὶ</span> <span class='ocrx_word' id='word_1_295' title='bbox 665 3936 1034 4007; x_wconf 80' lang='grc' dir='ltr'>δεσμούμενος</span> <span class='ocrx_word' id='word_1_296' title='bbox 1073 3938 1278 4000; x_wconf 85' lang='grc' dir='ltr'>ἐκεῖνος</span> <span class='ocrx_word' id='word_1_297' title='bbox 1323 3939 1404 4001; x_wconf 88' lang='grc' dir='ltr'>είς</span> <span class='ocrx_word' id='word_1_298' title='bbox 1448 3936 1510 3989; x_wconf 81' lang='grc' dir='ltr'>τὸ</span> <span class='ocrx_word' id='word_1_299' title='bbox 1539 3937 1746 4000; x_wconf 79' lang='grc' dir='ltr'>σκότος</span> <span class='ocrx_word' id='word_1_300' title='bbox 1779 3935 2004 4008; x_wconf 77' lang='grc' dir='ltr'>ἐξήγετο</span> <span class='ocrx_word' id='word_1_301' title='bbox 2053 3938 2114 3990; x_wconf 72' lang='grc' dir='ltr'>τὸ</span> 
     </span>
    </p>
   </div>
   <div class='ocr_carea' id='block_1_40' title="bbox 533 4027 2114 4100">
    <p class='ocr_par' dir='ltr' id='par_1_40' title="bbox 533 4027 2114 4100">
     <span class='ocr_line' id='line_1_40' title="bbox 533 4027 2114 4100; baseline -0.001 -19"><span class='ocrx_word' id='word_1_302' title='bbox 533 4029 819 4100; x_wconf 74' lang='grc' dir='ltr'>ἐξώτερον.</span> <span class='ocrx_word' id='word_1_303' title='bbox 870 4029 1048 4100; x_wconf 87' lang='grc' dir='ltr'>Ὅπερ</span> <span class='ocrx_word' id='word_1_304' title='bbox 1077 4029 1162 4082; x_wconf 81' lang='grc' dir='ltr'>ἵνα</span> <span class='ocrx_word' id='word_1_305' title='bbox 1198 4029 1273 4100; x_wconf 84' lang='grc' dir='ltr'>μὴ</span> <span class='ocrx_word' id='word_1_306' title='bbox 1307 4030 1466 4100; x_wconf 82' lang='grc' dir='ltr'>ἡμεῖς</span> <span class='ocrx_word' id='word_1_307' title='bbox 1513 4027 1794 4098; x_wconf 82' lang='grc' dir='ltr'>πάθωμεν,</span> <span class='ocrx_word' id='word_1_308' title='bbox 1839 4029 2114 4083; x_wconf 80' lang='grc' dir='ltr'>καταϐάλ-</span> 
     </span>
    </p>
   </div>
   <div class='ocr_carea' id='block_1_41' title="bbox 535 4117 2116 4188">
    <p class='ocr_par' dir='ltr' id='par_1_41' title="bbox 535 4117 2116 4188">
     <span class='ocr_line' id='line_1_41' title="bbox 535 4117 2116 4188; baseline 0.002 -19"><span class='ocrx_word' id='word_1_309' title='bbox 535 4118 714 4186; x_wconf 78' lang='grc' dir='ltr'>λωμεν</span> <span class='ocrx_word' id='word_1_310' title='bbox 743 4119 846 4188; x_wconf 77' lang='grc' dir='ltr'>τὴν</span> <span class='ocrx_word' id='word_1_311' title='bbox 875 4117 1220 4172; x_wconf 75' lang='grc' dir='ltr'>διδασκαλίαν</span> <span class='ocrx_word' id='word_1_312' title='bbox 1256 4119 1345 4170; x_wconf 84' lang='grc' dir='ltr'>ἐπί</span> <span class='ocrx_word' id='word_1_313' title='bbox 1377 4120 1502 4180; x_wconf 80' lang='grc' dir='ltr'>τοὺς</span> <span class='ocrx_word' id='word_1_314' title='bbox 1533 4117 1822 4186; x_wconf 76' lang='grc' dir='ltr'>ἀδελφοὺς,</span> <span class='ocrx_word' id='word_1_315' title='bbox 1858 4118 1959 4171; x_wconf 75' lang='grc' dir='ltr'>κᾶν</span> <span class='ocrx_word' id='word_1_316' title='bbox 1999 4119 2116 4172; x_wconf 75' lang='grc' dir='ltr'>πείυ</span> 
     </span>
    </p>
   </div>
   <div class='ocr_carea' id='block_1_42' title="bbox 535 4205 2115 4280">
    <p class='ocr_par' dir='ltr' id='par_1_42' title="bbox 535 4205 2115 4280">
     <span class='ocr_line' id='line_1_42' title="bbox 535 4205 2115 4280; baseline 0.003 -20"><span class='ocrx_word' id='word_1_317' title='bbox 535 4210 756 4270; x_wconf 80' lang='grc' dir='ltr'>θωνται,</span> <span class='ocrx_word' id='word_1_318' title='bbox 794 4207 894 4261; x_wconf 75' lang='grc' dir='ltr'>κᾶν</span> <span class='ocrx_word' id='word_1_319' title='bbox 933 4205 1007 4277; x_wconf 74' lang='grc' dir='ltr'>μή</span> <span class='ocrx_word' id='word_1_320' title='bbox 1040 4206 1350 4260; x_wconf 87' lang='grc' dir='ltr'>πείθωνται.</span> <span class='ocrx_word' id='word_1_321' title='bbox 1389 4207 1707 4278; x_wconf 87' lang='grc' dir='ltr'>Πειθόμενοι</span> <span class='ocrx_word' id='word_1_322' title='bbox 1739 4209 1838 4278; x_wconf 88' lang='grc' dir='ltr'>μέν</span> <span class='ocrx_word' id='word_1_323' title='bbox 1864 4209 1992 4280; x_wconf 77' lang='grc' dir='ltr'>γὰρ,</span> <span class='ocrx_word' id='word_1_324' title='bbox 2021 4211 2115 4264; x_wconf 72' lang='grc' dir='ltr'>καὶ</span> 
     </span>
    </p>
   </div>
   <div class='ocr_carea' id='block_1_43' title="bbox 536 4296 2112 4370">
    <p class='ocr_par' dir='ltr' id='par_1_43' title="bbox 536 4296 2112 4370">
     <span class='ocr_line' id='line_1_43' title="bbox 536 4296 2112 4370; baseline 0.004 -22"><span class='ocrx_word' id='word_1_325' title='bbox 536 4299 764 4361; x_wconf 72' lang='grc' dir='ltr'>ἑαυτοὺς</span> <span class='ocrx_word' id='word_1_326' title='bbox 817 4298 912 4351; x_wconf 77' lang='grc' dir='ltr'>καὶ</span> <span class='ocrx_word' id='word_1_327' title='bbox 959 4298 1106 4369; x_wconf 82' lang='grc' dir='ltr'>ἡμᾶς</span> <span class='ocrx_word' id='word_1_328' title='bbox 1142 4296 1514 4369; x_wconf 64' lang='grc' dir='ltr'>ὠφελήσουσι⁹</span> <span class='ocrx_word' id='word_1_329' title='bbox 1553 4297 1627 4369; x_wconf 81' lang='grc' dir='ltr'>μὴ</span> <span class='ocrx_word' id='word_1_330' title='bbox 1677 4299 1986 4370; x_wconf 86' lang='grc' dir='ltr'>πειθόμενοι</span> <span class='ocrx_word' id='word_1_331' title='bbox 2034 4301 2112 4365; x_wconf 82' lang='grc' dir='ltr'>δὲ,</span> 
     </span>
    </p>
   </div>
   <div class='ocr_carea' id='block_1_44' title="bbox 535 4384 2118 4462">
    <p class='ocr_par' dir='ltr' id='par_1_44' title="bbox 535 4384 2118 4462">
     <span class='ocr_line' id='line_1_44' title="bbox 535 4384 2118 4462; baseline 0 -22"><span class='ocrx_word' id='word_1_332' title='bbox 535 4387 717 4462; x_wconf 58' lang='lat'><strong>01350:;</strong></span> <span class='ocrx_word' id='word_1_333' title='bbox 761 4387 859 4456; x_wconf 88' lang='grc' dir='ltr'>μὲν</span> <span class='ocrx_word' id='word_1_334' title='bbox 893 4384 1267 4457; x_wconf 81' lang='grc' dir='ltr'>ἀπαραίτητον</span> <span class='ocrx_word' id='word_1_335' title='bbox 1295 4385 1633 4439; x_wconf 74' lang='grc' dir='ltr'>ἐπισπῶνται</span> <span class='ocrx_word' id='word_1_336' title='bbox 1677 4387 1918 4451; x_wconf 83' lang='grc' dir='ltr'>κόλασιν,</span> <span class='ocrx_word' id='word_1_337' title='bbox 1970 4389 2118 4458; x_wconf 78' lang='grc' dir='ltr'>ἡμᾶς</span> 
     </span>
    </p>
   </div>
   <div class='ocr_carea' id='block_1_45' title="bbox 535 4473 2119 4548">
    <p class='ocr_par' dir='ltr' id='par_1_45' title="bbox 535 4473 2119 4548">
     <span class='ocr_line' id='line_1_45' title="bbox 535 4473 2119 4548; baseline 0.003 -22"><span class='ocrx_word' id='word_1_338' title='bbox 535 4475 592 4526; x_wconf 75' lang='grc' dir='ltr'>δέ</span> <span class='ocrx_word' id='word_1_339' title='bbox 625 4475 746 4528; x_wconf 76' lang='grc' dir='ltr'>οὐδὲ</span> <span class='ocrx_word' id='word_1_340' title='bbox 786 4476 848 4528; x_wconf 83' lang='grc' dir='ltr'>τὸ</span> <span class='ocrx_word' id='word_1_341' title='bbox 884 4475 1048 4544; x_wconf 69' lang='grc' dir='ltr'>τυχὸν</span> <span class='ocrx_word' id='word_1_342' title='bbox 1095 4473 1446 4546; x_wconf 71' lang='grc' dir='ltr'>παραϐλάψαι</span> <span class='ocrx_word' id='word_1_343' title='bbox 1488 4474 1722 4528; x_wconf 88' lang='grc' dir='ltr'>δύναιντ’</span> <span class='ocrx_word' id='word_1_344' title='bbox 1765 4476 1851 4530; x_wconf 82' lang='grc' dir='ltr'>ἄν.</span> <span class='ocrx_word' id='word_1_345' title='bbox 1895 4477 1968 4530; x_wconf 88' lang='grc' dir='ltr'><strong>Τὸ</strong></span> <span class='ocrx_word' id='word_1_346' title='bbox 2011 4478 2119 4548; x_wconf 77' lang='grc' dir='ltr'>γὰρ</span> 
     </span>
    </p>
   </div>
   <div class='ocr_carea' id='block_1_46' title="bbox 536 4567 2118 4641">
    <p class='ocr_par' dir='ltr' id='par_1_46' title="bbox 536 4567 2118 4641">
     <span class='ocr_line' id='line_1_46' title="bbox 536 4567 2118 4641; baseline 0.003 -23"><span class='ocrx_word' id='word_1_347' title='bbox 536 4568 807 4638; x_wconf 80' lang='grc' dir='ltr'>ημέτερον</span> <span class='ocrx_word' id='word_1_348' title='bbox 849 4568 1204 4638; x_wconf 81' lang='grc' dir='ltr'>ἐποιήσαμεν,</span> <span class='ocrx_word' id='word_1_349' title='bbox 1268 4567 1788 4638; x_wconf 83' lang='grc' dir='ltr'>συμϐουλεύσαντες·</span> <span class='ocrx_word' id='word_1_350' title='bbox 1833 4569 1882 4620; x_wconf 88' lang='grc' dir='ltr'>εἰ</span> <span class='ocrx_word' id='word_1_351' title='bbox 1931 4568 1988 4622; x_wconf 76' lang='grc' dir='ltr'>δὲ</span> <span class='ocrx_word' id='word_1_352' title='bbox 2045 4569 2118 4641; x_wconf 78' lang='grc' dir='ltr'>μὴ</span> 
     </span>
    </p>
   </div>
   <div class='ocr_carea' id='block_1_47' title="bbox 539 4658 2116 4730">
    <p class='ocr_par' dir='ltr' id='par_1_47' title="bbox 539 4658 2116 4730">
     <span class='ocr_line' id='line_1_47' title="bbox 539 4658 2116 4730; baseline 0.002 -20"><span class='ocrx_word' id='word_1_353' title='bbox 539 4658 840 4720; x_wconf 74' lang='grc' dir='ltr'>πείθοιντο,</span> <span class='ocrx_word' id='word_1_354' title='bbox 871 4659 1022 4712; x_wconf 80' lang='grc' dir='ltr'>οὑδέν</span> <span class='ocrx_word' id='word_1_355' title='bbox 1053 4661 1182 4728; x_wconf 84' lang='grc' dir='ltr'>ἡμῖν</span> <span class='ocrx_word' id='word_1_356' title='bbox 1215 4661 1279 4712; x_wconf 85' lang='grc' dir='ltr'>ἐκ</span> <span class='ocrx_word' id='word_1_357' title='bbox 1307 4660 1497 4712; x_wconf 86' lang='grc' dir='ltr'>τούτου</span> <span class='ocrx_word' id='word_1_358' title='bbox 1544 4659 1740 4727; x_wconf 81' lang='grc' dir='ltr'>γένοιτ’</span> <span class='ocrx_word' id='word_1_359' title='bbox 1786 4658 1852 4712; x_wconf 86' lang='grc' dir='ltr'>ἂν</span> <span class='ocrx_word' id='word_1_360' title='bbox 1903 4658 2116 4730; x_wconf 77' lang='grc' dir='ltr'>βλάϐος.</span> 
     </span>
    </p>
   </div>
   <div class='ocr_carea' id='block_1_48' title="bbox 543 4749 2122 4823">
    <p class='ocr_par' dir='ltr' id='par_1_48' title="bbox 543 4749 2122 4823">
     <span class='ocr_line' id='line_1_48' title="bbox 543 4749 2122 4823; baseline 0.008 -28"><span class='ocrx_word' id='word_1_361' title='bbox 543 4749 836 4820; x_wconf 76' lang='grc' dir='ltr'>Ἕγκλημα</span> <span class='ocrx_word' id='word_1_362' title='bbox 880 4750 1020 4820; x_wconf 72' lang='grc' dir='ltr'>γὰρ,</span> <span class='ocrx_word' id='word_1_363' title='bbox 1057 4751 1118 4802; x_wconf 85' lang='grc' dir='ltr'>ού</span> <span class='ocrx_word' id='word_1_364' title='bbox 1152 4749 1213 4802; x_wconf 74' lang='grc' dir='ltr'>τὸ</span> <span class='ocrx_word' id='word_1_365' title='bbox 1259 4751 1332 4821; x_wconf 84' lang='grc' dir='ltr'>μὴ</span> <span class='ocrx_word' id='word_1_366' title='bbox 1373 4753 1580 4814; x_wconf 85' lang='grc' dir='ltr'>πεῖσαι,</span> <span class='ocrx_word' id='word_1_367' title='bbox 1611 4751 1748 4805; x_wconf 87' lang='grc' dir='ltr'>ἀλλὰ</span> <span class='ocrx_word' id='word_1_368' title='bbox 1782 4751 1840 4804; x_wconf 76' lang='grc' dir='ltr'>τὸ</span> <span class='ocrx_word' id='word_1_369' title='bbox 1873 4751 1946 4823; x_wconf 83' lang='grc' dir='ltr'>μὴ</span> <span class='ocrx_word' id='word_1_370' title='bbox 1983 4769 2122 4822; x_wconf 85' lang='grc' dir='ltr'>συμ-</span> 
     </span>
    </p>
   </div>
   <div class='ocr_carea' id='block_1_49' title="bbox 540 4839 2120 4914">
    <p class='ocr_par' dir='ltr' id='par_1_49' title="bbox 540 4839 2120 4914">
     <span class='ocr_line' id='line_1_49' title="bbox 540 4839 2120 4914; baseline 0.004 -25"><span class='ocrx_word' id='word_1_371' title='bbox 540 4840 842 4893; x_wconf 72' lang='grc' dir='ltr'>ϐουλεῦσαι·</span> <span class='ocrx_word' id='word_1_372' title='bbox 878 4839 1016 4912; x_wconf 78' lang='grc' dir='ltr'>μετὰ</span> <span class='ocrx_word' id='word_1_373' title='bbox 1045 4840 1099 4893; x_wconf 84' lang='grc' dir='ltr'>δέ</span> <span class='ocrx_word' id='word_1_374' title='bbox 1137 4843 1235 4912; x_wconf 81' lang='grc' dir='ltr'>τὴν</span> <span class='ocrx_word' id='word_1_375' title='bbox 1267 4842 1586 4912; x_wconf 82' lang='grc' dir='ltr'>παραίνεσιν</span> <span class='ocrx_word' id='word_1_376' title='bbox 1613 4842 1707 4895; x_wconf 74' lang='grc' dir='ltr'>καὶ</span> <span class='ocrx_word' id='word_1_377' title='bbox 1733 4843 1832 4912; x_wconf 73' lang='grc' dir='ltr'>τὴν</span> <span class='ocrx_word' id='word_1_378' title='bbox 1881 4844 2120 4914; x_wconf 82' lang='grc' dir='ltr'>συμϐου-</span> 
     </span>
    </p>
   </div>
   <div class='ocr_carea' id='block_1_50' title="bbox 541 4928 2117 5002">
    <p class='ocr_par' dir='ltr' id='par_1_50' title="bbox 541 4928 2117 5002">
     <span class='ocr_line' id='line_1_50' title="bbox 541 4928 2117 5002; baseline 0.003 -21"><span class='ocrx_word' id='word_1_379' title='bbox 541 4930 658 4998; x_wconf 75' lang='grc' dir='ltr'>Αὴν,</span> <span class='ocrx_word' id='word_1_380' title='bbox 689 4931 786 4998; x_wconf 70' lang='grc' dir='ltr'>τὴν</span> <span class='ocrx_word' id='word_1_381' title='bbox 811 4928 1034 4998; x_wconf 76' lang='grc' dir='ltr'>διηνεκῆ</span> <span class='ocrx_word' id='word_1_382' title='bbox 1066 4929 1160 4981; x_wconf 74' lang='grc' dir='ltr'>καὶ</span> <span class='ocrx_word' id='word_1_383' title='bbox 1183 4929 1282 4999; x_wconf 85' lang='grc' dir='ltr'>τὴν</span> <span class='ocrx_word' id='word_1_384' title='bbox 1319 4929 1539 5000; x_wconf 73' lang='grc' dir='ltr'>συνεχῆ,</span> <span class='ocrx_word' id='word_1_385' title='bbox 1567 4929 1752 4982; x_wconf 89' lang='grc' dir='ltr'>ούκέτι</span> <span class='ocrx_word' id='word_1_386' title='bbox 1778 4930 1914 5002; x_wconf 76' lang='grc' dir='ltr'>πρὸς</span> <span class='ocrx_word' id='word_1_387' title='bbox 1949 4933 2117 5002; x_wconf 83' lang='grc' dir='ltr'>ἡμᾶς,</span> 
     </span>
    </p>
   </div>
   <div class='ocr_carea' id='block_1_51' title="bbox 533 5019 2123 5092">
    <p class='ocr_par' dir='ltr' id='par_1_51' title="bbox 533 5019 2123 5092">
     <span class='ocr_line' id='line_1_51' title="bbox 533 5019 2123 5092; baseline 0.001 -19"><span class='ocrx_word' id='word_1_388' title='bbox 533 5021 676 5078; x_wconf 67' lang='grc' dir='ltr'>ἀλλὰ</span> <span class='ocrx_word' id='word_1_389' title='bbox 698 5021 833 5090; x_wconf 63' lang='grc' dir='ltr'>πρὸς</span> <span class='ocrx_word' id='word_1_390' title='bbox 861 5019 1101 5082; x_wconf 75' lang='grc' dir='ltr'>ἐκείνους</span> <span class='ocrx_word' id='word_1_391' title='bbox 1147 5019 1299 5074; x_wconf 76' lang='grc' dir='ltr'>ἔσται</span> <span class='ocrx_word' id='word_1_392' title='bbox 1334 5022 1362 5074; x_wconf 98' lang='lat'>0</span> <span class='ocrx_word' id='word_1_393' title='bbox 1394 5021 1552 5089; x_wconf 83' lang='grc' dir='ltr'>λόγος</span> <span class='ocrx_word' id='word_1_394' title='bbox 1585 5020 1661 5092; x_wconf 81' lang='grc' dir='ltr'>τῷ</span> <span class='ocrx_word' id='word_1_395' title='bbox 1691 5021 1832 5092; x_wconf 82' lang='grc' dir='ltr'>Θεῷ.</span> <span class='ocrx_word' id='word_1_396' title='bbox 1877 5022 2123 5075; x_wconf 80' lang='grc' dir='ltr'>Ἐϐουλό-</span> 
     </span>
    </p>
   </div>
   <div class='ocr_carea' id='block_1_52' title="bbox 542 5110 2122 5186">
    <p class='ocr_par' dir='ltr' id='par_1_52' title="bbox 542 5110 2122 5186">
     <span class='ocr_line' id='line_1_52' title="bbox 542 5110 2122 5186; baseline 0.004 -22"><span class='ocrx_word' id='word_1_397' title='bbox 542 5130 651 5183; x_wconf 83' lang='grc' dir='ltr'>μην</span> <span class='ocrx_word' id='word_1_398' title='bbox 687 5111 818 5180; x_wconf 84' lang='grc' dir='ltr'>γοῦν</span> <span class='ocrx_word' id='word_1_399' title='bbox 862 5110 1058 5164; x_wconf 73' lang='grc' dir='ltr'>εἰδέναι</span> <span class='ocrx_word' id='word_1_400' title='bbox 1107 5112 1323 5182; x_wconf 82' lang='grc' dir='ltr'>σαφῶς,</span> <span class='ocrx_word' id='word_1_401' title='bbox 1374 5113 1457 5167; x_wconf 77' lang='grc' dir='ltr'>ὅτι</span> <span class='ocrx_word' id='word_1_402' title='bbox 1501 5113 1890 5186; x_wconf 78' lang='grc' dir='ltr'>παραινοῦντες</span> <span class='ocrx_word' id='word_1_403' title='bbox 1923 5117 2122 5180; x_wconf 71' lang='grc' dir='ltr'>αὐτοὺς</span> 
     </span>
    </p>
   </div>
   <div class='ocr_carea' id='block_1_53' title="bbox 538 5188 2121 5281">
    <p class='ocr_par' dir='ltr' id='par_1_53' title="bbox 538 5203 2121 5281">
     <span class='ocr_line' id='line_1_53' title="bbox 538 5203 2121 5281; baseline 0.001 -20"><span class='ocrx_word' id='word_1_404' title='bbox 538 5206 850 5262; x_wconf 85' lang='grc' dir='ltr'>οιατελεῖτε.</span> <span class='ocrx_word' id='word_1_405' title='bbox 881 5204 974 5258; x_wconf 73' lang='grc' dir='ltr'>καὶ</span> <span class='ocrx_word' id='word_1_406' title='bbox 1005 5206 1051 5256; x_wconf 82' lang='grc' dir='ltr'>εἰ</span> <span class='ocrx_word' id='word_1_407' title='bbox 1081 5203 1366 5268; x_wconf 69' lang='grc' dir='ltr'>διαπαντὺς</span> <span class='ocrx_word' id='word_1_408' title='bbox 1391 5205 1640 5276; x_wconf 82' lang='grc' dir='ltr'>μένουσιν</span> <span class='ocrx_word' id='word_1_409' title='bbox 1682 5208 1776 5260; x_wconf 70' lang='grc' dir='ltr'>ἐπὶ</span> <span class='ocrx_word' id='word_1_410' title='bbox 1816 5209 1914 5276; x_wconf 79' lang='grc' dir='ltr'>τῆς</span> <span class='ocrx_word' id='word_1_411' title='bbox 1955 5209 2121 5281; x_wconf 80' lang='grc' dir='ltr'>ῥᾳθυ-</span> 
     </span>
    </p>
   </div>
   <div class='ocr_carea' id='block_1_54' title="bbox 542 5293 2116 5368">
    <p class='ocr_par' dir='ltr' id='par_1_54' title="bbox 542 5293 2116 5368">
     <span class='ocr_line' id='line_1_54' title="bbox 542 5293 2116 5368; baseline 0.001 -19"><span class='ocrx_word' id='word_1_412' title='bbox 542 5298 672 5368; x_wconf 80' lang='grc' dir='ltr'>μίας</span> <span class='ocrx_word' id='word_1_413' title='bbox 709 5297 946 5358; x_wconf 88' lang='grc' dir='ltr'>ἐκεῖνοι,</span> <span class='ocrx_word' id='word_1_414' title='bbox 982 5294 1076 5346; x_wconf 73' lang='grc' dir='ltr'>καὶ</span> <span class='ocrx_word' id='word_1_415' title='bbox 1103 5294 1204 5346; x_wconf 76' lang='grc' dir='ltr'>οὐκ</span> <span class='ocrx_word' id='word_1_416' title='bbox 1250 5293 1314 5346; x_wconf 88' lang='grc' dir='ltr'>ἃν</span> <span class='ocrx_word' id='word_1_417' title='bbox 1357 5296 1484 5364; x_wconf 81' lang='grc' dir='ltr'>ὑμῖν</span> <span class='ocrx_word' id='word_1_418' title='bbox 1518 5295 1772 5350; x_wconf 73' lang='grc' dir='ltr'>οὐδέποτε</span> <span class='ocrx_word' id='word_1_419' title='bbox 1818 5297 2116 5368; x_wconf 82' lang='grc' dir='ltr'>ήνόχλησα·</span> 
     </span>
    </p>
   </div>
   <div class='ocr_carea' id='block_1_55' title="bbox 539 5388 2120 5462">
    <p class='ocr_par' dir='ltr' id='par_1_55' title="bbox 539 5388 2120 5462">
     <span class='ocr_line' id='line_1_55' title="bbox 539 5388 2120 5462; baseline 0.002 -21"><span class='ocrx_word' id='word_1_420' title='bbox 539 5389 635 5441; x_wconf 86' lang='grc' dir='ltr'>νῦν</span> <span class='ocrx_word' id='word_1_421' title='bbox 660 5388 894 5452; x_wconf 84' lang='grc' dir='ltr'>δέδοικα,</span> <span class='ocrx_word' id='word_1_422' title='bbox 933 5389 1007 5460; x_wconf 85' lang='grc' dir='ltr'>μή</span> <span class='ocrx_word' id='word_1_423' title='bbox 1038 5405 1166 5442; x_wconf 86' lang='grc' dir='ltr'>ποτε</span> <span class='ocrx_word' id='word_1_424' title='bbox 1195 5391 1258 5442; x_wconf 89' lang='grc' dir='ltr'>ἐκ</span> <span class='ocrx_word' id='word_1_425' title='bbox 1285 5388 1382 5459; x_wconf 85' lang='grc' dir='ltr'>τῆς</span> <span class='ocrx_word' id='word_1_426' title='bbox 1409 5389 1679 5462; x_wconf 78' lang='grc' dir='ltr'>ὑμετέρας</span> <span class='ocrx_word' id='word_1_427' title='bbox 1702 5389 2004 5461; x_wconf 72' lang='grc' dir='ltr'>ὑπεροψίας</span> <span class='ocrx_word' id='word_1_428' title='bbox 2027 5391 2120 5444; x_wconf 74' lang='grc' dir='ltr'>καὶ</span> 
     </span>
    </p>
   </div>
   <div class='ocr_carea' id='block_1_56' title="bbox 541 5479 2122 5554">
    <p class='ocr_par' dir='ltr' id='par_1_56' title="bbox 541 5479 2122 5554">
     <span class='ocr_line' id='line_1_56' title="bbox 541 5479 2122 5554; baseline 0.003 -22"><span class='ocrx_word' id='word_1_429' title='bbox 541 5479 801 5550; x_wconf 75' lang='grc' dir='ltr'>ἀμελείας</span> <span class='ocrx_word' id='word_1_430' title='bbox 853 5480 1088 5550; x_wconf 76' lang='grc' dir='ltr'>μένωσιν</span> <span class='ocrx_word' id='word_1_431' title='bbox 1136 5479 1472 5552; x_wconf 83' lang='grc' dir='ltr'>ἀδιόρθωτοι.</span> <span class='ocrx_word' id='word_1_432' title='bbox 1522 5481 1631 5534; x_wconf 83' lang='grc' dir='ltr'>Καὶ</span> <span class='ocrx_word' id='word_1_433' title='bbox 1683 5480 1794 5553; x_wconf 73' lang='grc' dir='ltr'>γάρ</span> <span class='ocrx_word' id='word_1_434' title='bbox 1841 5482 2122 5554; x_wconf 80' lang='grc' dir='ltr'>ἀμήχανον</span> 
     </span>
    </p>
   </div>
   <div class='ocr_carea' id='block_1_57' title="bbox 544 5567 2121 5640">
    <p class='ocr_par' dir='ltr' id='par_1_57' title="bbox 544 5567 2121 5640">
     <span class='ocr_line' id='line_1_57' title="bbox 544 5567 2121 5640; baseline 0.001 -18"><span class='ocrx_word' id='word_1_435' title='bbox 544 5568 828 5639; x_wconf 78' lang='grc' dir='ltr'>ἄνθρωπον</span> <span class='ocrx_word' id='word_1_436' title='bbox 865 5567 1102 5639; x_wconf 86' lang='grc' dir='ltr'>συνεχῶς</span> <span class='ocrx_word' id='word_1_437' title='bbox 1141 5568 1484 5622; x_wconf 84' lang='grc' dir='ltr'>ἀπολαύοντα</span> <span class='ocrx_word' id='word_1_438' title='bbox 1515 5570 1888 5640; x_wconf 78' lang='grc' dir='ltr'>παραινέσεως</span> <span class='ocrx_word' id='word_1_439' title='bbox 1917 5572 2014 5624; x_wconf 75' lang='grc' dir='ltr'>καὶ</span> <span class='ocrx_word' id='word_1_440' title='bbox 2042 5571 2121 5624; x_wconf 89' lang='grc' dir='ltr'>δι-</span> 
     </span>
    </p>
   </div>
   <div class='ocr_carea' id='block_1_58' title="bbox 543 5659 2117 5732">
    <p class='ocr_par' dir='ltr' id='par_1_58' title="bbox 543 5659 2117 5732">
     <span class='ocr_line' id='line_1_58' title="bbox 543 5659 2117 5732; baseline 0.003 -20"><span class='ocrx_word' id='word_1_441' title='bbox 543 5659 871 5725; x_wconf 87' lang='grc' dir='ltr'>δασκαλίας,</span> <span class='ocrx_word' id='word_1_442' title='bbox 915 5660 988 5731; x_wconf 80' lang='grc' dir='ltr'>μὴ</span> <span class='ocrx_word' id='word_1_443' title='bbox 1019 5659 1270 5730; x_wconf 86' lang='grc' dir='ltr'>γενέσθαι</span> <span class='ocrx_word' id='word_1_444' title='bbox 1317 5660 1508 5731; x_wconf 82' lang='grc' dir='ltr'>βελτίω</span> <span class='ocrx_word' id='word_1_445' title='bbox 1539 5663 1634 5716; x_wconf 77' lang='grc' dir='ltr'>καὶ</span> <span class='ocrx_word' id='word_1_446' title='bbox 1683 5661 2117 5732; x_wconf 78' lang='grc' dir='ltr'>σπουδαιότερον.</span> 
     </span>
    </p>
   </div>
   <div class='ocr_carea' id='block_1_59' title="bbox 545 5751 2119 5828">
    <p class='ocr_par' dir='ltr' id='par_1_59' title="bbox 545 5751 2119 5828">
     <span class='ocr_line' id='line_1_59' title="bbox 545 5751 2119 5828; baseline 0.003 -26"><span class='ocrx_word' id='word_1_447' title='bbox 545 5752 656 5804; x_wconf 73' lang='grc' dir='ltr'>Καὶ</span> <span class='ocrx_word' id='word_1_448' title='bbox 689 5751 952 5820; x_wconf 78' lang='grc' dir='ltr'>δημώδης</span> <span class='ocrx_word' id='word_1_449' title='bbox 985 5753 1084 5821; x_wconf 84' lang='grc' dir='ltr'>μέν</span> <span class='ocrx_word' id='word_1_450' title='bbox 1109 5755 1255 5806; x_wconf 80' lang='grc' dir='ltr'>ἐστιν</span> <span class='ocrx_word' id='word_1_451' title='bbox 1311 5757 1340 5826; x_wconf 80' lang='grc' dir='ltr'><strong>ἡ</strong></span> <span class='ocrx_word' id='word_1_452' title='bbox 1368 5755 1646 5828; x_wconf 80' lang='grc' dir='ltr'>παροιμία,</span> <span class='ocrx_word' id='word_1_453' title='bbox 1671 5755 1734 5828; x_wconf 77' lang='grc' dir='ltr'>ἣν</span> <span class='ocrx_word' id='word_1_454' title='bbox 1755 5755 1896 5828; x_wconf 86' lang='grc' dir='ltr'>ἐρεῖν</span> <span class='ocrx_word' id='word_1_455' title='bbox 1921 5755 2119 5827; x_wconf 87' lang='grc' dir='ltr'>μέλλω·</span> 
     </span>
    </p>
   </div>
   <div class='ocr_carea' id='block_1_60' title="bbox 551 5837 2122 5915">
    <p class='ocr_par' dir='ltr' id='par_1_60' title="bbox 551 5837 2122 5915">
     <span class='ocr_line' id='line_1_60' title="bbox 551 5837 2122 5915; baseline 0.005 -27"><span class='ocrx_word' id='word_1_456' title='bbox 551 5837 690 5906; x_wconf 76' lang='grc' dir='ltr'>πλὴν</span> <span class='ocrx_word' id='word_1_457' title='bbox 715 5839 825 5892; x_wconf 77' lang='grc' dir='ltr'>ἀλλ’</span> <span class='ocrx_word' id='word_1_458' title='bbox 855 5843 984 5893; x_wconf 72' lang='grc' dir='ltr'>αὑτὸ</span> <span class='ocrx_word' id='word_1_459' title='bbox 1011 5841 1167 5893; x_wconf 87' lang='grc' dir='ltr'>τοῦτο</span> <span class='ocrx_word' id='word_1_460' title='bbox 1198 5843 1494 5911; x_wconf 82' lang='grc' dir='ltr'>συνίστησι,</span> <span class='ocrx_word' id='word_1_461' title='bbox 1536 5843 1745 5913; x_wconf 79' lang='grc' dir='ltr'>Πέτραν</span> <span class='ocrx_word' id='word_1_462' title='bbox 1783 5843 1892 5915; x_wconf 83' lang='grc' dir='ltr'>γὰρ</span> <span class='ocrx_word' id='word_1_463' title='bbox 1923 5843 2122 5897; x_wconf 83' lang='grc' dir='ltr'>κοιλαί-</span> 
     </span>
    </p>
   </div>
   <div class='ocr_carea' id='block_1_61' title="bbox 1195 411 3068 491">
    <p class='ocr_par' dir='ltr' id='par_1_61' title="bbox 1195 411 3068 491">
     <span class='ocr_line' id='line_1_61' title="bbox 1195 411 3068 491; baseline -0.013 0"><span class='ocrx_word' id='word_1_464' title='bbox 1195 436 1252 491; x_wconf 90' lang='lat' dir='ltr'>S.</span> <span class='ocrx_word' id='word_1_465' title='bbox 1296 430 1580 490; x_wconf 75' lang='lat' dir='ltr'>JOANNIS</span> <span class='ocrx_word' id='word_1_466' title='bbox 1618 421 2105 483; x_wconf 73' lang='lat' dir='ltr'>CIIRYSOSTOMI</span> <span class='ocrx_word' id='word_1_467' title='bbox 2151 417 2471 475; x_wconf 68' lang='lat' dir='ltr'>ARCHIEP.</span> <span class='ocrx_word' id='word_1_468' title='bbox 2512 411 3068 472; x_wconf 67' lang='lat' dir='ltr'>CONSTANTINOP.</span> 
     </span>
    </p>
   </div>
   <div class='ocr_carea' id='block_1_62' title="bbox 3650 411 3741 467">
    <p class='ocr_par' dir='ltr' id='par_1_62' title="bbox 3650 411 3741 467">
     <span class='ocr_line' id='line_1_62' title="bbox 3650 411 3741 467; baseline 0.044 -4"><span class='ocrx_word' id='word_1_469' title='bbox 3650 411 3741 467; x_wconf 74' lang='grc' dir='ltr'>ιτι</span> 
     </span>
    </p>
   </div>
   <div class='ocr_carea' id='block_1_63' title="bbox 2193 523 3746 610">
    <p class='ocr_par' dir='ltr' id='par_1_63' title="bbox 2193 523 3746 610">
     <span class='ocr_line' id='line_1_63' title="bbox 2193 523 3746 610; baseline -0.012 -18"><span class='ocrx_word' id='word_1_470' title='bbox 2193 559 2295 602; x_wconf 84' lang='grc' dir='ltr'>νει,</span> <span class='ocrx_word' id='word_1_471' title='bbox 2335 539 2488 610; x_wconf 71' lang='grc' dir='ltr'>φησὶ,</span> <span class='ocrx_word' id='word_1_472' title='bbox 2532 537 2685 610; x_wconf 73' lang='grc' dir='ltr'>ῥανὶς</span> <span class='ocrx_word' id='word_1_473' title='bbox 2718 534 2925 588; x_wconf 86' lang='grc' dir='ltr'>ύδάτων</span> <span class='ocrx_word' id='word_1_474' title='bbox 2955 525 3326 598; x_wconf 77' lang='grc' dir='ltr'>ἐνδελεχοῦσα.</span> <span class='ocrx_word' id='word_1_475' title='bbox 3361 523 3550 576; x_wconf 80' lang='grc' dir='ltr'>Καίτοι</span> <span class='ocrx_word' id='word_1_476' title='bbox 3574 523 3626 577; x_wconf 85' lang='grc' dir='ltr'>τί</span> <span class='ocrx_word' id='word_1_477' title='bbox 3652 540 3746 595; x_wconf 77' lang='grc' dir='ltr'>ρα-</span> 
     </span>
    </p>
   </div>
   <div class='ocr_carea' id='block_1_64' title="bbox 2190 625 3744 715">
    <p class='ocr_par' dir='ltr' id='par_1_64' title="bbox 2190 625 3744 715">
     <span class='ocr_line' id='line_1_64' title="bbox 2190 625 3744 715; baseline -0.015 -17"><span class='ocrx_word' id='word_1_478' title='bbox 2190 644 2498 715; x_wconf 80' lang='grc' dir='ltr'>λακὼτερον</span> <span class='ocrx_word' id='word_1_479' title='bbox 2531 641 2750 706; x_wconf 76' lang='grc' dir='ltr'>ὓδατοςς</span> <span class='ocrx_word' id='word_1_480' title='bbox 2774 640 2828 692; x_wconf 88' lang='grc' dir='ltr'>τί</span> <span class='ocrx_word' id='word_1_481' title='bbox 2865 637 2922 690; x_wconf 71' lang='grc' dir='ltr'>δὲ</span> <span class='ocrx_word' id='word_1_482' title='bbox 2949 635 3159 704; x_wconf 85' lang='grc' dir='ltr'>πέτρας</span> <span class='ocrx_word' id='word_1_483' title='bbox 3184 628 3577 700; x_wconf 74' lang='grc' dir='ltr'>σκληρότερονς</span> <span class='ocrx_word' id='word_1_484' title='bbox 3618 625 3744 678; x_wconf 76' lang='grc' dir='ltr'>Ἀλλ’</span> 
     </span>
    </p>
   </div>
   <div class='ocr_carea' id='block_1_65' title="bbox 2190 729 3749 819">
    <p class='ocr_par' dir='ltr' id='par_1_65' title="bbox 2190 729 3749 819">
     <span class='ocr_line' id='line_1_65' title="bbox 2190 729 3749 819; baseline -0.012 -17"><span class='ocrx_word' id='word_1_485' title='bbox 2190 749 2339 819; x_wconf 75' lang='grc' dir='ltr'>ὅμως</span> <span class='ocrx_word' id='word_1_486' title='bbox 2367 748 2400 816; x_wconf 86' lang='grc' dir='ltr'>ή</span> <span class='ocrx_word' id='word_1_487' title='bbox 2443 744 2744 815; x_wconf 81' lang='grc' dir='ltr'>ἐνδελέχεια</span> <span class='ocrx_word' id='word_1_488' title='bbox 2774 741 2872 812; x_wconf 83' lang='grc' dir='ltr'>τὴν</span> <span class='ocrx_word' id='word_1_489' title='bbox 2903 738 3064 808; x_wconf 86' lang='grc' dir='ltr'>φύσιν</span> <span class='ocrx_word' id='word_1_490' title='bbox 3096 735 3368 805; x_wconf 83' lang='grc' dir='ltr'>ἐνίκησεν.</span> <span class='ocrx_word' id='word_1_491' title='bbox 3409 732 3471 785; x_wconf 82' lang='grc' dir='ltr'>Εί</span> <span class='ocrx_word' id='word_1_492' title='bbox 3502 729 3557 783; x_wconf 73' lang='grc' dir='ltr'>δὲ</span> <span class='ocrx_word' id='word_1_493' title='bbox 3600 729 3749 797; x_wconf 69' lang='grc' dir='ltr'>φύσιν</span> 
     </span>
    </p>
   </div>
   <div class='ocr_carea' id='block_1_66' title="bbox 2192 833 3754 922">
    <p class='ocr_par' dir='ltr' id='par_1_66' title="bbox 2192 833 3754 922">
     <span class='ocr_line' id='line_1_66' title="bbox 2192 833 3754 922; baseline -0.013 -16"><span class='ocrx_word' id='word_1_494' title='bbox 2192 851 2496 922; x_wconf 82' lang='grc' dir='ltr'>ἐνδελέχεια</span> <span class='ocrx_word' id='word_1_495' title='bbox 2522 851 2649 921; x_wconf 74' lang='grc' dir='ltr'>νικᾷ</span> <span class='ocrx_word' id='word_1_496' title='bbox 2668 889 2682 913; x_wconf 92' lang='grc'>,</span> <span class='ocrx_word' id='word_1_497' title='bbox 2718 847 2897 918; x_wconf 85' lang='grc' dir='ltr'>πολλῷ</span> <span class='ocrx_word' id='word_1_498' title='bbox 2939 845 3139 916; x_wconf 73' lang='grc' dir='ltr'>μᾶλλον</span> <span class='ocrx_word' id='word_1_499' title='bbox 3167 837 3535 913; x_wconf 88' lang='grc' dir='ltr'>προαιρέσεως</span> <span class='ocrx_word' id='word_1_500' title='bbox 3562 833 3754 888; x_wconf 79' lang='grc' dir='ltr'>δύναιτ’</span> 
     </span>
    </p>
   </div>
   <div class='ocr_carea' id='block_1_67' title="bbox 2192 935 3748 1026">
    <p class='ocr_par' dir='ltr' id='par_1_67' title="bbox 2192 935 3748 1026">
     <span class='ocr_line' id='line_1_67' title="bbox 2192 935 3748 1026; baseline -0.013 -17"><span class='ocrx_word' id='word_1_501' title='bbox 2192 956 2258 1009; x_wconf 84' lang='grc' dir='ltr'>ἀν</span> <span class='ocrx_word' id='word_1_502' title='bbox 2288 953 2691 1026; x_wconf 81' lang='grc' dir='ltr'>περιγενέσθαι.</span> <span class='ocrx_word' id='word_1_503' title='bbox 2736 951 2847 1006; x_wconf 73' lang='grc' dir='ltr'>ζὶύκ</span> <span class='ocrx_word' id='word_1_504' title='bbox 2870 949 2986 1002; x_wconf 83' lang='grc' dir='ltr'>ἔστι</span> <span class='ocrx_word' id='word_1_505' title='bbox 3019 947 3244 1014; x_wconf 81' lang='grc' dir='ltr'>παίγνια</span> <span class='ocrx_word' id='word_1_506' title='bbox 3270 945 3298 998; x_wconf 90' lang='lat'>0</span> <span class='ocrx_word' id='word_1_507' title='bbox 3324 935 3748 1012; x_wconf 74' lang='grc' dir='ltr'>Χριστιανισμὸς,</span> 
     </span>
    </p>
   </div>
   <div class='ocr_carea' id='block_1_68' title="bbox 2193 1040 3752 1132">
    <p class='ocr_par' dir='ltr' id='par_1_68' title="bbox 2193 1040 3752 1132">
     <span class='ocr_line' id='line_1_68' title="bbox 2193 1040 3752 1132; baseline -0.014 -17"><span class='ocrx_word' id='word_1_508' title='bbox 2193 1060 2488 1132; x_wconf 77' lang='grc' dir='ltr'>ἀγαπητοὶ,</span> <span class='ocrx_word' id='word_1_509' title='bbox 2534 1059 2658 1113; x_wconf 82' lang='grc' dir='ltr'>ούδέ</span> <span class='ocrx_word' id='word_1_510' title='bbox 2696 1059 2929 1128; x_wconf 79' lang='grc' dir='ltr'>πρᾶγμα</span> <span class='ocrx_word' id='word_1_511' title='bbox 2979 1054 3273 1126; x_wconf 80' lang='grc' dir='ltr'>πάρεργον.</span> <span class='ocrx_word' id='word_1_512' title='bbox 3317 1044 3560 1116; x_wconf 83' lang='grc' dir='ltr'>Συνεχῶς</span> <span class='ocrx_word' id='word_1_513' title='bbox 3593 1040 3752 1096; x_wconf 72' lang='grc' dir='ltr'>ταῦτα</span> 
     </span>
    </p>
   </div>
   <div class='ocr_carea' id='block_1_69' title="bbox 2194 1177 3250 1259">
    <p class='ocr_par' dir='ltr' id='par_1_69' title="bbox 2194 1177 3250 1259">
     <span class='ocr_line' id='line_1_69' title="bbox 2194 1177 3250 1259; baseline -0.01 -18"><span class='ocrx_word' id='word_1_514' title='bbox 2194 1189 2442 1259; x_wconf 88' lang='grc' dir='ltr'>λέγομεν,</span> <span class='ocrx_word' id='word_1_515' title='bbox 2473 1186 2567 1241; x_wconf 75' lang='grc' dir='ltr'>καὶ</span> <span class='ocrx_word' id='word_1_516' title='bbox 2592 1184 2746 1240; x_wconf 73' lang='grc' dir='ltr'>οὐδὲν</span> <span class='ocrx_word' id='word_1_517' title='bbox 2780 1183 2940 1235; x_wconf 88' lang='grc' dir='ltr'>πλέον</span> <span class='ocrx_word' id='word_1_518' title='bbox 2970 1177 3250 1248; x_wconf 74' lang='grc' dir='ltr'>ποιοῦμεν.</span> 
     </span>
    </p>
   </div>
   <div class='ocr_carea' id='block_1_70' title="bbox 2269 1272 3757 1370">
    <p class='ocr_par' dir='ltr' id='par_1_70' title="bbox 2269 1272 3757 1370">
     <span class='ocr_line' id='line_1_70' title="bbox 2269 1272 3757 1370; baseline -0.016 -16"><span class='ocrx_word' id='word_1_519' title='bbox 2269 1299 2335 1370; x_wconf 85' lang='grc' dir='ltr'>β’.</span> <span class='ocrx_word' id='word_1_520' title='bbox 2364 1298 2488 1362; x_wconf 85' lang='grc' dir='ltr'>Πῶς</span> <span class='ocrx_word' id='word_1_521' title='bbox 2508 1295 2684 1350; x_wconf 82' lang='grc' dir='ltr'>οἴεσθέ</span> <span class='ocrx_word' id='word_1_522' title='bbox 2703 1312 2770 1367; x_wconf 86' lang='grc' dir='ltr'>με</span> <span class='ocrx_word' id='word_1_523' title='bbox 2794 1289 3111 1354; x_wconf 75' lang='grc' dir='ltr'>ὀδυνᾶσθαι,</span> <span class='ocrx_word' id='word_1_524' title='bbox 3133 1279 3671 1358; x_wconf 82' lang='grc' dir='ltr'>ἀναμιμνησκόμενον</span> <span class='ocrx_word' id='word_1_525' title='bbox 3685 1272 3757 1330; x_wconf 77' lang='grc' dir='ltr'>ὅτι</span> 
     </span>
    </p>
   </div>
   <div class='ocr_carea' id='block_1_71' title="bbox 2199 1382 3756 1476">
    <p class='ocr_par' dir='ltr' id='par_1_71' title="bbox 2199 1382 3756 1476">
     <span class='ocr_line' id='line_1_71' title="bbox 2199 1382 3756 1476; baseline -0.017 -16"><span class='ocrx_word' id='word_1_526' title='bbox 2199 1409 2257 1460; x_wconf 85' lang='grc' dir='ltr'>ἐν</span> <span class='ocrx_word' id='word_1_527' title='bbox 2289 1405 2388 1476; x_wconf 77' lang='grc' dir='ltr'>μὲν</span> <span class='ocrx_word' id='word_1_528' title='bbox 2408 1406 2526 1468; x_wconf 83' lang='grc' dir='ltr'>ταῖς</span> <span class='ocrx_word' id='word_1_529' title='bbox 2553 1400 2894 1472; x_wconf 81' lang='grc' dir='ltr'>πανηγύρεσι</span> <span class='ocrx_word' id='word_1_530' title='bbox 2925 1394 3138 1463; x_wconf 82' lang='grc' dir='ltr'>πελάγη</span> <span class='ocrx_word' id='word_1_531' title='bbox 3171 1391 3442 1457; x_wconf 77' lang='grc' dir='ltr'>θαλάττης</span> <span class='ocrx_word' id='word_1_532' title='bbox 3476 1382 3658 1458; x_wconf 86' lang='grc' dir='ltr'>μακρά</span> <span class='ocrx_word' id='word_1_533' title='bbox 3681 1399 3756 1452; x_wconf 84' lang='grc' dir='ltr'>μι-</span> 
     </span>
    </p>
   </div>
   <div class='ocr_carea' id='block_1_72' title="bbox 2204 1483 3757 1582">
    <p class='ocr_par' dir='ltr' id='par_1_72' title="bbox 2204 1483 3757 1582">
     <span class='ocr_line' id='line_1_72' title="bbox 2204 1483 3757 1582; baseline -0.018 -18"><span class='ocrx_word' id='word_1_534' title='bbox 2204 1513 2383 1582; x_wconf 84' lang='grc' dir='ltr'>μεῖται</span> <span class='ocrx_word' id='word_1_535' title='bbox 2409 1508 2519 1562; x_wconf 83' lang='grc' dir='ltr'>τῶν</span> <span class='ocrx_word' id='word_1_536' title='bbox 2551 1504 2824 1571; x_wconf 77' lang='grc' dir='ltr'>συνάξεων</span> <span class='ocrx_word' id='word_1_537' title='bbox 2853 1501 2922 1556; x_wconf 85' lang='grc' dir='ltr'>τὰ</span> <span class='ocrx_word' id='word_1_538' title='bbox 2950 1499 3154 1569; x_wconf 84' lang='grc' dir='ltr'>πλήθη,</span> <span class='ocrx_word' id='word_1_539' title='bbox 3185 1493 3283 1549; x_wconf 90' lang='grc' dir='ltr'>νῦν</span> <span class='ocrx_word' id='word_1_540' title='bbox 3310 1493 3368 1548; x_wconf 77' lang='grc' dir='ltr'>δέ</span> <span class='ocrx_word' id='word_1_541' title='bbox 3395 1489 3518 1544; x_wconf 82' lang='grc' dir='ltr'>οὑδὲ</span> <span class='ocrx_word' id='word_1_542' title='bbox 3555 1487 3614 1540; x_wconf 79' lang='grc' dir='ltr'>τὺ</span> <span class='ocrx_word' id='word_1_543' title='bbox 3641 1483 3757 1538; x_wconf 89' lang='grc' dir='ltr'>πολ-</span> 
     </span>
    </p>
   </div>
   <div class='ocr_carea' id='block_1_73' title="bbox 2200 1589 3760 1680">
    <p class='ocr_par' dir='ltr' id='par_1_73' title="bbox 2200 1589 3760 1680">
     <span class='ocr_line' id='line_1_73' title="bbox 2200 1589 3760 1680; baseline -0.018 -11"><span class='ocrx_word' id='word_1_544' title='bbox 2200 1613 2386 1669; x_wconf 82' lang='grc' dir='ltr'>λοστὸν</span> <span class='ocrx_word' id='word_1_545' title='bbox 2413 1611 2507 1666; x_wconf 87' lang='grc' dir='ltr'>τοῦ</span> <span class='ocrx_word' id='word_1_546' title='bbox 2547 1609 2784 1680; x_wconf 82' lang='grc' dir='ltr'>πλήθους</span> <span class='ocrx_word' id='word_1_547' title='bbox 2823 1605 3032 1661; x_wconf 82' lang='grc' dir='ltr'>ἐκείνου</span> <span class='ocrx_word' id='word_1_548' title='bbox 3071 1602 3234 1674; x_wconf 87' lang='grc' dir='ltr'>μέρος</span> <span class='ocrx_word' id='word_1_549' title='bbox 3264 1594 3501 1651; x_wconf 86' lang='grc' dir='ltr'>ἐνταῦθα</span> <span class='ocrx_word' id='word_1_550' title='bbox 3528 1589 3760 1657; x_wconf 70' lang='grc' dir='ltr'>συλλέγε-</span> 
     </span>
    </p>
   </div>
   <div class='ocr_carea' id='block_1_74' title="bbox 2201 1693 3760 1787">
    <p class='ocr_par' dir='ltr' id='par_1_74' title="bbox 2201 1693 3760 1787">
     <span class='ocr_line' id='line_1_74' title="bbox 2201 1693 3760 1787; baseline -0.019 -14"><span class='ocrx_word' id='word_1_551' title='bbox 2201 1733 2393 1787; x_wconf 86' lang='grc' dir='ltr'>γεται;</span> <span class='ocrx_word' id='word_1_552' title='bbox 2435 1715 2548 1769; x_wconf 84' lang='grc' dir='ltr'>Ποῦ</span> <span class='ocrx_word' id='word_1_553' title='bbox 2573 1711 2667 1768; x_wconf 90' lang='grc' dir='ltr'>νῦν</span> <span class='ocrx_word' id='word_1_554' title='bbox 2709 1713 2846 1766; x_wconf 74' lang='grc' dir='ltr'>εἰσιν</span> <span class='ocrx_word' id='word_1_555' title='bbox 2883 1711 2929 1762; x_wconf 82' lang='grc' dir='ltr'>οἱ</span> <span class='ocrx_word' id='word_1_556' title='bbox 2963 1703 3356 1778; x_wconf 85' lang='grc' dir='ltr'>διενοχλοῦντες</span> <span class='ocrx_word' id='word_1_557' title='bbox 3387 1699 3538 1771; x_wconf 73' lang='grc' dir='ltr'>ἡμᾶς</span> <span class='ocrx_word' id='word_1_558' title='bbox 3571 1697 3624 1749; x_wconf 80' lang='grc' dir='ltr'>ἐν</span> <span class='ocrx_word' id='word_1_559' title='bbox 3655 1693 3760 1754; x_wconf 77' lang='grc' dir='ltr'>ταῖς</span> 
     </span>
    </p>
   </div>
   <div class='ocr_carea' id='block_1_75' title="bbox 2203 1798 3762 1894">
    <p class='ocr_par' dir='ltr' id='par_1_75' title="bbox 2203 1798 3762 1894">
     <span class='ocr_line' id='line_1_75' title="bbox 2203 1798 3762 1894; baseline -0.019 -17"><span class='ocrx_word' id='word_1_560' title='bbox 2203 1823 2446 1894; x_wconf 84' lang='grc' dir='ltr'>έορταϊς;</span> <span class='ocrx_word' id='word_1_561' title='bbox 2501 1817 2774 1879; x_wconf 81' lang='grc' dir='ltr'>Ἐκείνους</span> <span class='ocrx_word' id='word_1_562' title='bbox 2803 1811 3076 1882; x_wconf 77' lang='grc' dir='ltr'>ἐπιζητῶ,</span> <span class='ocrx_word' id='word_1_563' title='bbox 3106 1808 3199 1863; x_wconf 74' lang='grc' dir='ltr'>καὶ</span> <span class='ocrx_word' id='word_1_564' title='bbox 3228 1807 3293 1860; x_wconf 84' lang='grc' dir='ltr'>δι’</span> <span class='ocrx_word' id='word_1_565' title='bbox 3321 1803 3564 1864; x_wconf 87' lang='grc' dir='ltr'>ἐκείνους</span> <span class='ocrx_word' id='word_1_566' title='bbox 3598 1798 3762 1867; x_wconf 81' lang='grc' dir='ltr'>ὀδύρο-</span> 
     </span>
    </p>
   </div>
   <div class='ocr_carea' id='block_1_76' title="bbox 2206 1901 3761 1998">
    <p class='ocr_par' dir='ltr' id='par_1_76' title="bbox 2206 1901 3761 1998">
     <span class='ocr_line' id='line_1_76' title="bbox 2206 1901 3761 1998; baseline -0.019 -17"><span class='ocrx_word' id='word_1_567' title='bbox 2206 1943 2328 1998; x_wconf 90' lang='grc' dir='ltr'>μαι,</span> <span class='ocrx_word' id='word_1_568' title='bbox 2365 1922 2564 1978; x_wconf 84' lang='grc' dir='ltr'>ἐννοῶν</span> <span class='ocrx_word' id='word_1_569' title='bbox 2591 1923 2714 1975; x_wconf 85' lang='grc' dir='ltr'>ὃσον</span> <span class='ocrx_word' id='word_1_570' title='bbox 2744 1917 2948 1988; x_wconf 83' lang='grc' dir='ltr'>πλῆθος</span> <span class='ocrx_word' id='word_1_571' title='bbox 2980 1911 3274 1968; x_wconf 88' lang='grc' dir='ltr'>ἀπόλλυται</span> <span class='ocrx_word' id='word_1_572' title='bbox 3297 1905 3404 1960; x_wconf 83' lang='grc' dir='ltr'>τῶν</span> <span class='ocrx_word' id='word_1_573' title='bbox 3439 1901 3761 1972; x_wconf 83' lang='grc' dir='ltr'>σωζομένων,</span> 
     </span>
    </p>
   </div>
   <div class='ocr_carea' id='block_1_77' title="bbox 2203 2003 3764 2101">
    <p class='ocr_par' dir='ltr' id='par_1_77' title="bbox 2203 2003 3764 2101">
     <span class='ocr_line' id='line_1_77' title="bbox 2203 2003 3764 2101; baseline -0.02 -16"><span class='ocrx_word' id='word_1_574' title='bbox 2203 2031 2335 2101; x_wconf 85' lang='grc' dir='ltr'>ὅσην</span> <span class='ocrx_word' id='word_1_575' title='bbox 2373 2027 2618 2098; x_wconf 66' lang='grc' dir='ltr'>ἀδελφῶν</span> <span class='ocrx_word' id='word_1_576' title='bbox 2652 2022 2909 2094; x_wconf 86' lang='grc' dir='ltr'>ὑπομένω</span> <span class='ocrx_word' id='word_1_577' title='bbox 2939 2017 3164 2090; x_wconf 81' lang='grc' dir='ltr'>ζημίαν,</span> <span class='ocrx_word' id='word_1_578' title='bbox 3205 2013 3323 2078; x_wconf 89' lang='grc' dir='ltr'>πῶς</span> <span class='ocrx_word' id='word_1_579' title='bbox 3358 2011 3442 2074; x_wconf 86' lang='grc' dir='ltr'>είς</span> <span class='ocrx_word' id='word_1_580' title='bbox 3481 2007 3684 2074; x_wconf 83' lang='grc' dir='ltr'>ὀλίγους</span> <span class='ocrx_word' id='word_1_581' title='bbox 3705 2003 3764 2054; x_wconf 76' lang='grc' dir='ltr'>τά</span> 
     </span>
    </p>
   </div>
   <div class='ocr_carea' id='block_1_78' title="bbox 2203 2119 3766 2214">
    <p class='ocr_par' dir='ltr' id='par_1_78' title="bbox 2203 2119 3766 2214">
     <span class='ocr_line' id='line_1_78' title="bbox 2203 2119 3766 2214; baseline -0.019 -18"><span class='ocrx_word' id='word_1_582' title='bbox 2203 2142 2302 2214; x_wconf 79' lang='grc' dir='ltr'>τῆς</span> <span class='ocrx_word' id='word_1_583' title='bbox 2331 2137 2603 2210; x_wconf 82' lang='grc' dir='ltr'>σωτηρίας</span> <span class='ocrx_word' id='word_1_584' title='bbox 2627 2134 2992 2206; x_wconf 88' lang='grc' dir='ltr'>περιίσταται,</span> <span class='ocrx_word' id='word_1_585' title='bbox 3019 2127 3114 2183; x_wconf 80' lang='grc' dir='ltr'>καὶ</span> <span class='ocrx_word' id='word_1_586' title='bbox 3138 2126 3200 2180; x_wconf 87' lang='grc' dir='ltr'>τδ</span> <span class='ocrx_word' id='word_1_587' title='bbox 3224 2123 3385 2178; x_wconf 84' lang='grc' dir='ltr'>πλέον</span> <span class='ocrx_word' id='word_1_588' title='bbox 3407 2120 3506 2175; x_wconf 90' lang='grc' dir='ltr'>τοῦ</span> <span class='ocrx_word' id='word_1_589' title='bbox 3536 2119 3766 2188; x_wconf 82' lang='grc' dir='ltr'>σώματος</span> 
     </span>
    </p>
   </div>
   <div class='ocr_carea' id='block_1_79' title="bbox 2203 2221 3768 2318">
    <p class='ocr_par' dir='ltr' id='par_1_79' title="bbox 2203 2221 3768 2318">
     <span class='ocr_line' id='line_1_79' title="bbox 2203 2221 3768 2318; baseline -0.019 -17"><span class='ocrx_word' id='word_1_590' title='bbox 2203 2247 2303 2318; x_wconf 85' lang='grc' dir='ltr'>τῆς</span> <span class='ocrx_word' id='word_1_591' title='bbox 2333 2241 2662 2313; x_wconf 86' lang='grc' dir='ltr'>Ἐκκλησίας</span> <span class='ocrx_word' id='word_1_592' title='bbox 2700 2239 2865 2311; x_wconf 84' lang='grc' dir='ltr'>μέρος</span> <span class='ocrx_word' id='word_1_593' title='bbox 2899 2233 3079 2307; x_wconf 82' lang='grc' dir='ltr'>νεκρῷ</span> <span class='ocrx_word' id='word_1_594' title='bbox 3107 2231 3201 2287; x_wconf 66' lang='grc' dir='ltr'>καὶ</span> <span class='ocrx_word' id='word_1_595' title='bbox 3229 2229 3474 2300; x_wconf 84' lang='grc' dir='ltr'>ἀκινήτῳ</span> <span class='ocrx_word' id='word_1_596' title='bbox 3501 2221 3768 2296; x_wconf 75' lang='grc' dir='ltr'>προσέοικε</span> 
     </span>
    </p>
   </div>
   <div class='ocr_carea' id='block_1_80' title="bbox 2207 2323 3769 2423">
    <p class='ocr_par' dir='ltr' id='par_1_80' title="bbox 2207 2323 3769 2423">
     <span class='ocr_line' id='line_1_80' title="bbox 2207 2323 3769 2423; baseline -0.019 -17"><span class='ocrx_word' id='word_1_597' title='bbox 2207 2349 2440 2423; x_wconf 82' lang='grc' dir='ltr'>σώματι.</span> <span class='ocrx_word' id='word_1_598' title='bbox 2471 2348 2584 2403; x_wconf 75' lang='grc' dir='ltr'>Καὶ</span> <span class='ocrx_word' id='word_1_599' title='bbox 2607 2346 2660 2400; x_wconf 92' lang='grc' dir='ltr'>τί</span> <span class='ocrx_word' id='word_1_600' title='bbox 2697 2344 2834 2417; x_wconf 75' lang='grc' dir='ltr'>πρὸς</span> <span class='ocrx_word' id='word_1_601' title='bbox 2879 2344 3056 2414; x_wconf 76' lang='grc' dir='ltr'>ἡμᾶς,</span> <span class='ocrx_word' id='word_1_602' title='bbox 3095 2335 3266 2409; x_wconf 77' lang='grc' dir='ltr'>φησίς</span> <span class='ocrx_word' id='word_1_603' title='bbox 3313 2331 3458 2404; x_wconf 80' lang='grc' dir='ltr'>Πρὸς</span> <span class='ocrx_word' id='word_1_604' title='bbox 3508 2329 3646 2399; x_wconf 77' lang='grc' dir='ltr'>ὑμᾶς</span> <span class='ocrx_word' id='word_1_605' title='bbox 3682 2323 3769 2394; x_wconf 74' lang='grc' dir='ltr'>μὲν</span> 
     </span>
    </p>
   </div>
   <div class='ocr_carea' id='block_1_81' title="bbox 2203 2428 3769 2527">
    <p class='ocr_par' dir='ltr' id='par_1_81' title="bbox 2203 2428 3769 2527">
     <span class='ocr_line' id='line_1_81' title="bbox 2203 2428 3769 2527; baseline -0.019 -16"><span class='ocrx_word' id='word_1_606' title='bbox 2203 2451 2297 2510; x_wconf 81' lang='grc' dir='ltr'>οῦν</span> <span class='ocrx_word' id='word_1_607' title='bbox 2329 2453 2564 2527; x_wconf 86' lang='grc' dir='ltr'>μάλιστα</span> <span class='ocrx_word' id='word_1_608' title='bbox 2600 2451 2727 2514; x_wconf 75' lang='grc' dir='ltr'>τοὺς</span> <span class='ocrx_word' id='word_1_609' title='bbox 2767 2449 2842 2520; x_wconf 79' lang='grc' dir='ltr'>μὴ</span> <span class='ocrx_word' id='word_1_610' title='bbox 2883 2442 3318 2517; x_wconf 84' lang='grc' dir='ltr'>θεραπεύοντας,</span> <span class='ocrx_word' id='word_1_611' title='bbox 3356 2436 3488 2500; x_wconf 76' lang='grc' dir='ltr'>τοὺς</span> <span class='ocrx_word' id='word_1_612' title='bbox 3521 2433 3592 2505; x_wconf 81' lang='grc' dir='ltr'>μὴ</span> <span class='ocrx_word' id='word_1_613' title='bbox 3633 2428 3769 2503; x_wconf 71' lang='lat'><strong>[159!</strong></span> 
     </span>
    </p>
   </div>
   <div class='ocr_carea' id='block_1_82' title="bbox 2205 2532 3770 2634">
    <p class='ocr_par' dir='ltr' id='par_1_82' title="bbox 2205 2532 3770 2634">
     <span class='ocr_line' id='line_1_82' title="bbox 2205 2532 3770 2634; baseline -0.019 -20"><span class='ocrx_word' id='word_1_614' title='bbox 2205 2555 2604 2634; x_wconf 84' lang='grc' dir='ltr'>παραινοῦντας</span> <span class='ocrx_word' id='word_1_615' title='bbox 2653 2553 2748 2608; x_wconf 72' lang='grc' dir='ltr'>καὶ</span> <span class='ocrx_word' id='word_1_616' title='bbox 2799 2545 3290 2621; x_wconf 84' lang='grc' dir='ltr'>συμϐουλεύοντας,</span> <span class='ocrx_word' id='word_1_617' title='bbox 3325 2539 3463 2612; x_wconf 77' lang='grc' dir='ltr'>πρὸς</span> <span class='ocrx_word' id='word_1_618' title='bbox 3512 2535 3650 2607; x_wconf 76' lang='grc' dir='ltr'>ὑμᾶς</span> <span class='ocrx_word' id='word_1_619' title='bbox 3682 2532 3770 2586; x_wconf 65' lang='grc' dir='ltr'>οὒκ</span> 
     </span>
    </p>
   </div>
   <div class='ocr_carea' id='block_1_83' title="bbox 2207 2631 3772 2722">
    <p class='ocr_par' dir='ltr' id='par_1_83' title="bbox 2207 2631 3772 2722">
     <span class='ocr_line' id='line_1_83' title="bbox 2207 2631 3772 2722; baseline -0.022 -5"><span class='ocrx_word' id='word_1_620' title='bbox 2207 2631 2546 2720; x_wconf 81' lang='grc' dir='ltr'>ἐπιτιθέντας</span> <span class='ocrx_word' id='word_1_621' title='bbox 2592 2654 2859 2722; x_wconf 87' lang='grc' dir='ltr'>ἀνάγκην,</span> <span class='ocrx_word' id='word_1_622' title='bbox 2907 2649 3003 2704; x_wconf 70' lang='grc' dir='ltr'>καὶ</span> <span class='ocrx_word' id='word_1_623' title='bbox 3043 2645 3181 2720; x_wconf 86' lang='grc' dir='ltr'>μετά</span> <span class='ocrx_word' id='word_1_624' title='bbox 3219 2643 3336 2715; x_wconf 80' lang='grc' dir='ltr'>βίας</span> <span class='ocrx_word' id='word_1_625' title='bbox 3375 2640 3663 2698; x_wconf 70' lang='grc' dir='ltr'>ἕλκοντας,</span> <span class='ocrx_word' id='word_1_626' title='bbox 3687 2631 3772 2686; x_wconf 78' lang='grc' dir='ltr'>καὶ</span> 
     </span>
    </p>
   </div>
   <div class='ocr_carea' id='block_1_84' title="bbox 2206 2735 3772 2841">
    <p class='ocr_par' dir='ltr' id='par_1_84' title="bbox 2206 2735 3772 2841">
     <span class='ocr_line' id='line_1_84' title="bbox 2206 2735 3772 2841; baseline -0.021 -17"><span class='ocrx_word' id='word_1_627' title='bbox 2206 2772 2304 2841; x_wconf 75' lang='grc' dir='ltr'>τῆς</span> <span class='ocrx_word' id='word_1_628' title='bbox 2327 2765 2526 2834; x_wconf 76' lang='grc' dir='ltr'>πολλῆς</span> <span class='ocrx_word' id='word_1_629' title='bbox 2546 2762 2856 2830; x_wconf 74' lang='grc' dir='ltr'>ἀπάγοντας</span> <span class='ocrx_word' id='word_1_630' title='bbox 2880 2753 3168 2828; x_wconf 75' lang='grc' dir='ltr'>ῥᾳθυμίας.</span> <span class='ocrx_word' id='word_1_631' title='bbox 3201 2751 3324 2802; x_wconf 77' lang='grc' dir='ltr'>Ὀτι</span> <span class='ocrx_word' id='word_1_632' title='bbox 3347 2745 3459 2816; x_wconf 82' lang='grc' dir='ltr'>γὰρ</span> <span class='ocrx_word' id='word_1_633' title='bbox 3475 2746 3574 2814; x_wconf 76' lang='grc' dir='ltr'>οὐχ</span> <span class='ocrx_word' id='word_1_634' title='bbox 3611 2735 3772 2807; x_wconf 74' lang='grc' dir='ltr'>ἑαυτῷ</span> 
     </span>
    </p>
   </div>
   <div class='ocr_carea' id='block_1_85' title="bbox 2208 2846 3772 2946">
    <p class='ocr_par' dir='ltr' id='par_1_85' title="bbox 2208 2846 3772 2946">
     <span class='ocr_line' id='line_1_85' title="bbox 2208 2846 3772 2946; baseline -0.02 -18"><span class='ocrx_word' id='word_1_635' title='bbox 2208 2875 2476 2946; x_wconf 78' lang='grc' dir='ltr'>χρήσιμον</span> <span class='ocrx_word' id='word_1_636' title='bbox 2505 2865 2642 2924; x_wconf 70' lang='grc' dir='ltr'>εἶναι</span> <span class='ocrx_word' id='word_1_637' title='bbox 2676 2863 2780 2936; x_wconf 76' lang='grc' dir='ltr'>χρὴ</span> <span class='ocrx_word' id='word_1_638' title='bbox 2817 2862 2998 2934; x_wconf 85' lang='grc' dir='ltr'>μόνον,</span> <span class='ocrx_word' id='word_1_639' title='bbox 3026 2857 3160 2912; x_wconf 75' lang='grc' dir='ltr'>ἀλλὰ</span> <span class='ocrx_word' id='word_1_640' title='bbox 3194 2855 3288 2908; x_wconf 72' lang='grc' dir='ltr'>καὶ</span> <span class='ocrx_word' id='word_1_641' title='bbox 3314 2852 3556 2916; x_wconf 86' lang='grc' dir='ltr'>πολλοῖς,</span> <span class='ocrx_word' id='word_1_642' title='bbox 3597 2846 3772 2919; x_wconf 84' lang='grc' dir='ltr'>ἐδήλω-</span> 
     </span>
    </p>
   </div>
   <div class='ocr_carea' id='block_1_86' title="bbox 2211 2948 3776 3046">
    <p class='ocr_par' dir='ltr' id='par_1_86' title="bbox 2211 2948 3776 3046">
     <span class='ocr_line' id='line_1_86' title="bbox 2211 2948 3776 3046; baseline -0.02 -13"><span class='ocrx_word' id='word_1_643' title='bbox 2211 2996 2302 3032; x_wconf 87' lang='grc' dir='ltr'>σεν</span> <span class='ocrx_word' id='word_1_644' title='bbox 2333 2979 2361 3031; x_wconf 91' lang='lat'>0</span> <span class='ocrx_word' id='word_1_645' title='bbox 2394 2973 2628 3046; x_wconf 77' lang='grc' dir='ltr'>Χριστὸς</span> <span class='ocrx_word' id='word_1_646' title='bbox 2651 3013 2666 3038; x_wconf 89' lang='grc'>,</span> <span class='ocrx_word' id='word_1_647' title='bbox 2700 2969 2831 3033; x_wconf 71' lang='grc' dir='ltr'>ἃλας</span> <span class='ocrx_word' id='word_1_648' title='bbox 2867 2967 3015 3038; x_wconf 77' lang='grc' dir='ltr'>ἡμᾶς</span> <span class='ocrx_word' id='word_1_649' title='bbox 3063 2963 3159 3017; x_wconf 72' lang='grc' dir='ltr'>καὶ</span> <span class='ocrx_word' id='word_1_650' title='bbox 3208 2959 3388 3030; x_wconf 81' lang='grc' dir='ltr'>ζύμην</span> <span class='ocrx_word' id='word_1_651' title='bbox 3430 2955 3664 3016; x_wconf 87' lang='grc' dir='ltr'>καλέσας</span> <span class='ocrx_word' id='word_1_652' title='bbox 3691 2948 3776 3004; x_wconf 76' lang='grc' dir='ltr'>καὶ</span> 
     </span>
    </p>
   </div>
   <div class='ocr_carea' id='block_1_87' title="bbox 2211 3054 3772 3154">
    <p class='ocr_par' dir='ltr' id='par_1_87' title="bbox 2211 3054 3772 3154">
     <span class='ocr_line' id='line_1_87' title="bbox 2211 3054 3772 3154; baseline -0.019 -17"><span class='ocrx_word' id='word_1_653' title='bbox 2211 3084 2346 3154; x_wconf 85' lang='grc' dir='ltr'>φῶς·</span> <span class='ocrx_word' id='word_1_654' title='bbox 2387 3078 2563 3134; x_wconf 87' lang='grc' dir='ltr'>ταῦτα</span> <span class='ocrx_word' id='word_1_655' title='bbox 2598 3077 2655 3130; x_wconf 81' lang='grc' dir='ltr'>δέ</span> <span class='ocrx_word' id='word_1_656' title='bbox 2690 3074 2898 3146; x_wconf 86' lang='grc' dir='ltr'>ἐτέροις</span> <span class='ocrx_word' id='word_1_657' title='bbox 2941 3069 3059 3124; x_wconf 72' lang='grc' dir='ltr'>ἐστὶ</span> <span class='ocrx_word' id='word_1_658' title='bbox 3095 3068 3342 3138; x_wconf 81' lang='grc' dir='ltr'>χρήσιμα</span> <span class='ocrx_word' id='word_1_659' title='bbox 3380 3061 3480 3116; x_wconf 71' lang='grc' dir='ltr'>καὶ</span> <span class='ocrx_word' id='word_1_660' title='bbox 3519 3054 3772 3148; x_wconf 81' lang='grc' dir='ltr'>λυσιτελῆ.</span> 
     </span>
    </p>
   </div>
   <div class='ocr_carea' id='block_1_88' title="bbox 2211 3163 3775 3257">
    <p class='ocr_par' dir='ltr' id='par_1_88' title="bbox 2211 3163 3775 3257">
     <span class='ocr_line' id='line_1_88' title="bbox 2211 3163 3775 3257; baseline -0.019 -14"><span class='ocrx_word' id='word_1_661' title='bbox 2211 3189 2322 3244; x_wconf 76' lang='grc' dir='ltr'>Καὶ</span> <span class='ocrx_word' id='word_1_662' title='bbox 2350 3185 2460 3257; x_wconf 84' lang='grc' dir='ltr'>γάρ</span> <span class='ocrx_word' id='word_1_663' title='bbox 2499 3185 2528 3238; x_wconf 89' lang='lat'>0</span> <span class='ocrx_word' id='word_1_664' title='bbox 2577 3180 2771 3250; x_wconf 85' lang='grc' dir='ltr'>λύχνος</span> <span class='ocrx_word' id='word_1_665' title='bbox 2803 3179 2904 3246; x_wconf 85' lang='grc' dir='ltr'>ούχ</span> <span class='ocrx_word' id='word_1_666' title='bbox 2936 3172 3113 3244; x_wconf 76' lang='grc' dir='ltr'>ἑαυτῷ</span> <span class='ocrx_word' id='word_1_667' title='bbox 3143 3171 3361 3241; x_wconf 79' lang='grc' dir='ltr'>φαίνει,</span> <span class='ocrx_word' id='word_1_668' title='bbox 3413 3166 3552 3222; x_wconf 81' lang='grc' dir='ltr'>ἀλλὰ</span> <span class='ocrx_word' id='word_1_669' title='bbox 3582 3167 3689 3226; x_wconf 85' lang='grc' dir='ltr'>τοῖς</span> <span class='ocrx_word' id='word_1_670' title='bbox 3726 3163 3775 3214; x_wconf 83' lang='grc' dir='ltr'>ἐν</span> 
     </span>
    </p>
   </div>
   <div class='ocr_carea' id='block_1_89' title="bbox 2213 3265 3776 3364">
    <p class='ocr_par' dir='ltr' id='par_1_89' title="bbox 2213 3265 3776 3364">
     <span class='ocr_line' id='line_1_89' title="bbox 2213 3265 3776 3364; baseline -0.02 -14"><span class='ocrx_word' id='word_1_671' title='bbox 2213 3294 2389 3364; x_wconf 87' lang='grc' dir='ltr'>σκότῳ</span> <span class='ocrx_word' id='word_1_672' title='bbox 2433 3287 2792 3361; x_wconf 83' lang='grc' dir='ltr'>καθημένοις·</span> <span class='ocrx_word' id='word_1_673' title='bbox 2833 3282 2928 3337; x_wconf 74' lang='grc' dir='ltr'>καὶ</span> <span class='ocrx_word' id='word_1_674' title='bbox 2971 3281 3035 3334; x_wconf 81' lang='grc' dir='ltr'>σὺ</span> <span class='ocrx_word' id='word_1_675' title='bbox 3088 3277 3280 3349; x_wconf 79' lang='grc' dir='ltr'>λύχνος</span> <span class='ocrx_word' id='word_1_676' title='bbox 3325 3270 3406 3336; x_wconf 81' lang='grc' dir='ltr'>εἶ,</span> <span class='ocrx_word' id='word_1_677' title='bbox 3447 3275 3547 3343; x_wconf 79' lang='grc' dir='ltr'>οὐχ</span> <span class='ocrx_word' id='word_1_678' title='bbox 3586 3271 3669 3324; x_wconf 81' lang='grc' dir='ltr'>ἵνα</span> <span class='ocrx_word' id='word_1_679' title='bbox 3693 3265 3776 3320; x_wconf 65' lang='grc' dir='ltr'>τοῦ</span> 
     </span>
    </p>
   </div>
   <div class='ocr_carea' id='block_1_90' title="bbox 2213 3375 3778 3471">
    <p class='ocr_par' dir='ltr' id='par_1_90' title="bbox 2213 3375 3778 3471">
     <span class='ocr_line' id='line_1_90' title="bbox 2213 3375 3778 3471; baseline -0.019 -15"><span class='ocrx_word' id='word_1_680' title='bbox 2213 3399 2388 3471; x_wconf 84' lang='grc' dir='ltr'>φωτὸς</span> <span class='ocrx_word' id='word_1_681' title='bbox 2419 3393 2734 3466; x_wconf 80' lang='grc' dir='ltr'>ἀπολαύσῃς</span> <span class='ocrx_word' id='word_1_682' title='bbox 2765 3389 2944 3462; x_wconf 88' lang='grc' dir='ltr'>μόνος,</span> <span class='ocrx_word' id='word_1_683' title='bbox 2981 3386 3096 3442; x_wconf 80' lang='grc' dir='ltr'>ἀλλ’</span> <span class='ocrx_word' id='word_1_684' title='bbox 3122 3385 3210 3439; x_wconf 79' lang='grc' dir='ltr'>ἵνα</span> <span class='ocrx_word' id='word_1_685' title='bbox 3233 3383 3442 3436; x_wconf 88' lang='grc' dir='ltr'>ἐκεῖνον</span> <span class='ocrx_word' id='word_1_686' title='bbox 3466 3380 3560 3434; x_wconf 79' lang='grc' dir='ltr'>τὸν</span> <span class='ocrx_word' id='word_1_687' title='bbox 3589 3375 3778 3432; x_wconf 81' lang='grc' dir='ltr'>πεπλα-</span> 
     </span>
    </p>
   </div>
   <div class='ocr_carea' id='block_1_91' title="bbox 2211 3474 3780 3574">
    <p class='ocr_par' dir='ltr' id='par_1_91' title="bbox 2211 3474 3780 3574">
     <span class='ocr_line' id='line_1_91' title="bbox 2211 3474 3780 3574; baseline -0.018 -16"><span class='ocrx_word' id='word_1_688' title='bbox 2211 3501 2443 3574; x_wconf 90' lang='grc' dir='ltr'>νημένον</span> <span class='ocrx_word' id='word_1_689' title='bbox 2471 3495 2847 3567; x_wconf 82' lang='grc' dir='ltr'>ἐπαναγάγῃς.</span> <span class='ocrx_word' id='word_1_690' title='bbox 2875 3491 2942 3545; x_wconf 90' lang='grc' dir='ltr'>Τί</span> <span class='ocrx_word' id='word_1_691' title='bbox 2971 3489 3078 3560; x_wconf 86' lang='grc' dir='ltr'>γάρ</span> <span class='ocrx_word' id='word_1_692' title='bbox 3101 3486 3292 3556; x_wconf 67' lang='grc' dir='ltr'>ὄφελος</span> <span class='ocrx_word' id='word_1_693' title='bbox 3316 3483 3536 3554; x_wconf 87' lang='grc' dir='ltr'>λύχνου,</span> <span class='ocrx_word' id='word_1_694' title='bbox 3566 3481 3686 3534; x_wconf 81' lang='grc' dir='ltr'>ὅταν</span> <span class='ocrx_word' id='word_1_695' title='bbox 3715 3474 3780 3548; x_wconf 80' lang='grc' dir='ltr'>μὴ</span> 
     </span>
    </p>
   </div>
   <div class='ocr_carea' id='block_1_92' title="bbox 2213 3589 3780 3680">
    <p class='ocr_par' dir='ltr' id='par_1_92' title="bbox 2213 3589 3780 3680">
     <span class='ocr_line' id='line_1_92' title="bbox 2213 3589 3780 3680; baseline -0.015 -17"><span class='ocrx_word' id='word_1_696' title='bbox 2213 3609 2382 3680; x_wconf 75' lang='grc' dir='ltr'>φαίνῃ</span> <span class='ocrx_word' id='word_1_697' title='bbox 2410 3605 2488 3677; x_wconf 83' lang='grc' dir='ltr'>τῷ</span> <span class='ocrx_word' id='word_1_698' title='bbox 2510 3606 2568 3657; x_wconf 88' lang='grc' dir='ltr'>ἐν</span> <span class='ocrx_word' id='word_1_699' title='bbox 2601 3601 2674 3674; x_wconf 78' lang='grc' dir='ltr'>τῷ</span> <span class='ocrx_word' id='word_1_700' title='bbox 2707 3601 2888 3654; x_wconf 88' lang='grc' dir='ltr'>σκότει</span> <span class='ocrx_word' id='word_1_701' title='bbox 2911 3596 3240 3668; x_wconf 84' lang='grc' dir='ltr'>καθημένῳ;</span> <span class='ocrx_word' id='word_1_702' title='bbox 3273 3593 3324 3646; x_wconf 90' lang='grc' dir='ltr'>τί</span> <span class='ocrx_word' id='word_1_703' title='bbox 3365 3591 3422 3646; x_wconf 84' lang='grc' dir='ltr'>δέ</span> <span class='ocrx_word' id='word_1_704' title='bbox 3449 3589 3637 3662; x_wconf 72' lang='grc' dir='ltr'>ὄφελος</span> <span class='ocrx_word' id='word_1_705' title='bbox 3660 3589 3780 3656; x_wconf 84' lang='grc' dir='ltr'>Χρι-</span> 
     </span>
    </p>
   </div>
   <div class='ocr_carea' id='block_1_93' title="bbox 2218 3689 3782 3778">
    <p class='ocr_par' dir='ltr' id='par_1_93' title="bbox 2218 3689 3782 3778">
     <span class='ocr_line' id='line_1_93' title="bbox 2218 3689 3782 3778; baseline -0.018 -9"><span class='ocrx_word' id='word_1_706' title='bbox 2218 3712 2457 3777; x_wconf 90' lang='grc' dir='ltr'>στιανοῦ,</span> <span class='ocrx_word' id='word_1_707' title='bbox 2508 3712 2636 3764; x_wconf 85' lang='grc' dir='ltr'>ὅταν</span> <span class='ocrx_word' id='word_1_708' title='bbox 2691 3704 2895 3778; x_wconf 87' lang='grc' dir='ltr'>μηδένα</span> <span class='ocrx_word' id='word_1_709' title='bbox 2942 3699 3181 3772; x_wconf 81' lang='grc' dir='ltr'>κερδάνῃ</span> <span class='ocrx_word' id='word_1_710' title='bbox 3226 3697 3361 3769; x_wconf 79' lang='grc' dir='ltr'>μηδὲ</span> <span class='ocrx_word' id='word_1_711' title='bbox 3411 3695 3551 3766; x_wconf 77' lang='grc' dir='ltr'>πρὸς</span> <span class='ocrx_word' id='word_1_712' title='bbox 3601 3689 3782 3764; x_wconf 77' lang='grc' dir='ltr'>ἀρετὴν</span> 
     </span>
    </p>
   </div>
   <div class='ocr_carea' id='block_1_94' title="bbox 2216 3796 3780 3888">
    <p class='ocr_par' dir='ltr' id='par_1_94' title="bbox 2216 3796 3780 3888">
     <span class='ocr_line' id='line_1_94' title="bbox 2216 3796 3780 3888; baseline -0.019 -14"><span class='ocrx_word' id='word_1_713' title='bbox 2216 3815 2580 3888; x_wconf 76' lang='grc' dir='ltr'>ἐπαναγάγῃς</span> <span class='ocrx_word' id='word_1_714' title='bbox 2631 3812 2800 3866; x_wconf 81' lang='grc' dir='ltr'>Πάλιν</span> <span class='ocrx_word' id='word_1_715' title='bbox 2848 3808 2910 3862; x_wconf 79' lang='grc' dir='ltr'>τὸ</span> <span class='ocrx_word' id='word_1_716' title='bbox 2945 3807 3079 3870; x_wconf 80' lang='grc' dir='ltr'>ἀλας</span> <span class='ocrx_word' id='word_1_717' title='bbox 3134 3803 3233 3874; x_wconf 80' lang='grc' dir='ltr'>οὐχ</span> <span class='ocrx_word' id='word_1_718' title='bbox 3273 3800 3440 3856; x_wconf 83' lang='grc' dir='ltr'>ἐαυτδ</span> <span class='ocrx_word' id='word_1_719' title='bbox 3486 3796 3780 3865; x_wconf 74' lang='grc' dir='ltr'>ἐπισφίγγει</span> 
     </span>
    </p>
   </div>
   <div class='ocr_carea' id='block_1_95' title="bbox 2221 3896 3782 3996">
    <p class='ocr_par' dir='ltr' id='par_1_95' title="bbox 2221 3896 3782 3996">
     <span class='ocr_line' id='line_1_95' title="bbox 2221 3896 3782 3996; baseline -0.02 -17"><span class='ocrx_word' id='word_1_720' title='bbox 2221 3925 2399 3996; x_wconf 83' lang='grc' dir='ltr'>μόνον,</span> <span class='ocrx_word' id='word_1_721' title='bbox 2432 3919 2568 3974; x_wconf 85' lang='grc' dir='ltr'>ἀλλά</span> <span class='ocrx_word' id='word_1_722' title='bbox 2607 3917 2700 3972; x_wconf 69' lang='grc' dir='ltr'>καὶ</span> <span class='ocrx_word' id='word_1_723' title='bbox 2727 3914 2796 3970; x_wconf 88' lang='grc' dir='ltr'>τά</span> <span class='ocrx_word' id='word_1_724' title='bbox 2822 3907 3100 3984; x_wconf 83' lang='grc' dir='ltr'>σεσηπότα</span> <span class='ocrx_word' id='word_1_725' title='bbox 3136 3907 3246 3960; x_wconf 86' lang='grc' dir='ltr'>τῶν</span> <span class='ocrx_word' id='word_1_726' title='bbox 3274 3906 3544 3976; x_wconf 86' lang='grc' dir='ltr'>σωμάτων</span> <span class='ocrx_word' id='word_1_727' title='bbox 3584 3896 3782 3954; x_wconf 83' lang='grc' dir='ltr'>συστέλο</span> 
     </span>
    </p>
   </div>
   <div class='ocr_carea' id='block_1_96' title="bbox 2216 3998 3784 4092">
    <p class='ocr_par' dir='ltr' id='par_1_96' title="bbox 2216 3998 3784 4092">
     <span class='ocr_line' id='line_1_96' title="bbox 2216 3998 3784 4092; baseline -0.021 -8"><span class='ocrx_word' id='word_1_728' title='bbox 2216 4031 2318 4092; x_wconf 86' lang='grc' dir='ltr'>λει,</span> <span class='ocrx_word' id='word_1_729' title='bbox 2351 4028 2443 4082; x_wconf 67' lang='grc' dir='ltr'>καὶ</span> <span class='ocrx_word' id='word_1_730' title='bbox 2475 4025 2576 4078; x_wconf 85' lang='grc' dir='ltr'>ούκ</span> <span class='ocrx_word' id='word_1_731' title='bbox 2615 4021 2808 4092; x_wconf 71' lang='grc' dir='ltr'>ἀερίησι</span> <span class='ocrx_word' id='word_1_732' title='bbox 2838 4014 3164 4088; x_wconf 82' lang='grc' dir='ltr'>διαρῤυέντα</span> <span class='ocrx_word' id='word_1_733' title='bbox 3202 4007 3522 4066; x_wconf 84' lang='grc' dir='ltr'>ἀπολέσθαι.</span> <span class='ocrx_word' id='word_1_734' title='bbox 3554 4004 3700 4058; x_wconf 74' lang='grc' dir='ltr'>Οὕτω</span> <span class='ocrx_word' id='word_1_735' title='bbox 3728 3998 3784 4066; x_wconf 78' lang='grc' dir='ltr'>δὴ</span> 
     </span>
    </p>
   </div>
   <div class='ocr_carea' id='block_1_97' title="bbox 2223 4110 3784 4198">
    <p class='ocr_par' dir='ltr' id='par_1_97' title="bbox 2223 4110 3784 4198">
     <span class='ocr_line' id='line_1_97' title="bbox 2223 4110 3784 4198; baseline -0.02 -10"><span class='ocrx_word' id='word_1_736' title='bbox 2223 4134 2320 4190; x_wconf 75' lang='grc' dir='ltr'>καὶ</span> <span class='ocrx_word' id='word_1_737' title='bbox 2352 4132 2446 4197; x_wconf 79' lang='grc' dir='ltr'>σὺ,</span> <span class='ocrx_word' id='word_1_738' title='bbox 2479 4126 2670 4198; x_wconf 83' lang='grc' dir='ltr'>ἐπειδὴ</span> <span class='ocrx_word' id='word_1_739' title='bbox 2712 4125 2847 4188; x_wconf 76' lang='grc' dir='ltr'>ἃλας</span> <span class='ocrx_word' id='word_1_740' title='bbox 2878 4140 2938 4176; x_wconf 89' lang='grc' dir='ltr'>σε</span> <span class='ocrx_word' id='word_1_741' title='bbox 2983 4115 3381 4174; x_wconf 89' lang='grc' dir='ltr'>κατεσκεύασεν</span> <span class='ocrx_word' id='word_1_742' title='bbox 3412 4115 3440 4166; x_wconf 84' lang='grc' dir='ltr'>ὁ</span> <span class='ocrx_word' id='word_1_743' title='bbox 3481 4110 3611 4173; x_wconf 74' lang='grc' dir='ltr'>Θεὸς</span> <span class='ocrx_word' id='word_1_744' title='bbox 3641 4122 3784 4160; x_wconf 85' lang='grc' dir='ltr'>πνευ-</span> 
     </span>
    </p>
   </div>
   <div class='ocr_carea' id='block_1_98' title="bbox 2223 4212 3786 4307">
    <p class='ocr_par' dir='ltr' id='par_1_98' title="bbox 2223 4212 3786 4307">
     <span class='ocr_line' id='line_1_98' title="bbox 2223 4212 3786 4307; baseline -0.018 -17"><span class='ocrx_word' id='word_1_745' title='bbox 2223 4232 2474 4307; x_wconf 72' lang='grc' dir='ltr'>ματικὸν,</span> <span class='ocrx_word' id='word_1_746' title='bbox 2495 4231 2564 4286; x_wconf 86' lang='grc' dir='ltr'>τὰ</span> <span class='ocrx_word' id='word_1_747' title='bbox 2589 4228 2865 4300; x_wconf 86' lang='grc' dir='ltr'>σεσηπότα</span> <span class='ocrx_word' id='word_1_748' title='bbox 2896 4225 3052 4298; x_wconf 89' lang='grc' dir='ltr'>μέλη,</span> <span class='ocrx_word' id='word_1_749' title='bbox 3075 4221 3342 4284; x_wconf 86' lang='grc' dir='ltr'>τουτέστι,</span> <span class='ocrx_word' id='word_1_750' title='bbox 3374 4219 3502 4281; x_wconf 71' lang='grc' dir='ltr'>τοὺς</span> <span class='ocrx_word' id='word_1_751' title='bbox 3523 4212 3786 4287; x_wconf 70' lang='grc' dir='ltr'>ῥᾳθύμους</span> 
     </span>
    </p>
   </div>
   <div class='ocr_carea' id='block_1_99' title="bbox 2221 4317 3781 4407">
    <p class='ocr_par' dir='ltr' id='par_1_99' title="bbox 2221 4317 3781 4407">
     <span class='ocr_line' id='line_1_99' title="bbox 2221 4317 3781 4407; baseline -0.017 -13"><span class='ocrx_word' id='word_1_752' title='bbox 2221 4336 2467 4407; x_wconf 75' lang='grc' dir='ltr'>ἀδελφῶν</span> <span class='ocrx_word' id='word_1_753' title='bbox 2513 4335 2606 4390; x_wconf 73' lang='grc' dir='ltr'>καὶ</span> <span class='ocrx_word' id='word_1_754' title='bbox 2655 4331 2959 4405; x_wconf 82' lang='grc' dir='ltr'>βαναύσους</span> <span class='ocrx_word' id='word_1_755' title='bbox 3001 4323 3322 4396; x_wconf 82' lang='grc' dir='ltr'>ἐπίσφιγξον</span> <span class='ocrx_word' id='word_1_756' title='bbox 3359 4322 3453 4376; x_wconf 79' lang='grc' dir='ltr'>καὶ</span> <span class='ocrx_word' id='word_1_757' title='bbox 3502 4317 3781 4375; x_wconf 86' lang='grc' dir='ltr'>σύστειλον.</span> 
     </span>
    </p>
   </div>
   <div class='ocr_carea' id='block_1_100' title="bbox 2221 4421 3783 4515">
    <p class='ocr_par' dir='ltr' id='par_1_100' title="bbox 2221 4421 3783 4515">
     <span class='ocr_line' id='line_1_100' title="bbox 2221 4421 3783 4515; baseline -0.016 -14"><span class='ocrx_word' id='word_1_758' title='bbox 2221 4446 2318 4501; x_wconf 74' lang='grc' dir='ltr'>καὶ</span> <span class='ocrx_word' id='word_1_759' title='bbox 2353 4445 2450 4515; x_wconf 83' lang='grc' dir='ltr'>τῆς</span> <span class='ocrx_word' id='word_1_760' title='bbox 2492 4441 2785 4514; x_wconf 68' lang='grc' dir='ltr'>ῥᾳθυμίας,</span> <span class='ocrx_word' id='word_1_761' title='bbox 2820 4437 3009 4506; x_wconf 84' lang='grc' dir='ltr'>ῶσπερ</span> <span class='ocrx_word' id='word_1_762' title='bbox 3036 4432 3178 4496; x_wconf 81' lang='grc' dir='ltr'>τινὸς</span> <span class='ocrx_word' id='word_1_763' title='bbox 3219 4429 3533 4502; x_wconf 81' lang='grc' dir='ltr'>σηπεδόνος,</span> <span class='ocrx_word' id='word_1_764' title='bbox 3563 4421 3783 4481; x_wconf 83' lang='grc' dir='ltr'>ἀπαλλάο</span> 
     </span>
    </p>
   </div>
   <div class='ocr_carea' id='block_1_101' title="bbox 2224 4527 3787 4618">
    <p class='ocr_par' dir='ltr' id='par_1_101' title="bbox 2224 4527 3787 4618">
     <span class='ocr_line' id='line_1_101' title="bbox 2224 4527 3787 4618; baseline -0.017 -12"><span class='ocrx_word' id='word_1_765' title='bbox 2224 4553 2338 4618; x_wconf 81' lang='grc' dir='ltr'>ξας,</span> <span class='ocrx_word' id='word_1_766' title='bbox 2375 4551 2574 4604; x_wconf 77' lang='grc' dir='ltr'>ένωσον</span> <span class='ocrx_word' id='word_1_767' title='bbox 2600 4544 2678 4616; x_wconf 79' lang='grc' dir='ltr'>τῷ</span> <span class='ocrx_word' id='word_1_768' title='bbox 2707 4541 2880 4615; x_wconf 85' lang='grc' dir='ltr'>λοιπῷ</span> <span class='ocrx_word' id='word_1_769' title='bbox 2923 4541 3132 4612; x_wconf 81' lang='grc' dir='ltr'>σώματι</span> <span class='ocrx_word' id='word_1_770' title='bbox 3176 4537 3274 4608; x_wconf 83' lang='grc' dir='ltr'>τῆς</span> <span class='ocrx_word' id='word_1_771' title='bbox 3320 4533 3664 4603; x_wconf 87' lang='grc' dir='ltr'>Ἐκκλησίας.</span> <span class='ocrx_word' id='word_1_772' title='bbox 3699 4527 3787 4582; x_wconf 74' lang='grc' dir='ltr'>Διὰ</span> 
     </span>
    </p>
   </div>
   <div class='ocr_carea' id='block_1_102' title="bbox 2222 4635 3786 4722">
    <p class='ocr_par' dir='ltr' id='par_1_102' title="bbox 2222 4635 3786 4722">
     <span class='ocr_line' id='line_1_102' title="bbox 2222 4635 3786 4722; baseline -0.019 -9"><span class='ocrx_word' id='word_1_773' title='bbox 2222 4657 2380 4712; x_wconf 88' lang='grc' dir='ltr'>τοῦτό</span> <span class='ocrx_word' id='word_1_774' title='bbox 2415 4673 2472 4710; x_wconf 88' lang='grc' dir='ltr'>σε</span> <span class='ocrx_word' id='word_1_775' title='bbox 2516 4654 2609 4708; x_wconf 71' lang='grc' dir='ltr'>καὶ</span> <span class='ocrx_word' id='word_1_776' title='bbox 2642 4651 2820 4722; x_wconf 79' lang='grc' dir='ltr'>ζύμην</span> <span class='ocrx_word' id='word_1_777' title='bbox 2850 4646 3113 4702; x_wconf 74' lang='grc' dir='ltr'>ἐκάλεσεο</span> <span class='ocrx_word' id='word_1_778' title='bbox 3143 4643 3238 4697; x_wconf 75' lang='grc' dir='ltr'>καὶ</span> <span class='ocrx_word' id='word_1_779' title='bbox 3279 4641 3390 4712; x_wconf 83' lang='grc' dir='ltr'>γὰρ</span> <span class='ocrx_word' id='word_1_780' title='bbox 3429 4639 3526 4694; x_wconf 82' lang='grc' dir='ltr'>καὶ</span> <span class='ocrx_word' id='word_1_781' title='bbox 3569 4641 3602 4708; x_wconf 82' lang='grc' dir='ltr'>ἡ</span> <span class='ocrx_word' id='word_1_782' title='bbox 3655 4635 3786 4704; x_wconf 83' lang='grc' dir='ltr'>ζύμη</span> 
     </span>
    </p>
   </div>
   <div class='ocr_carea' id='block_1_103' title="bbox 2222 4738 3787 4832">
    <p class='ocr_par' dir='ltr' id='par_1_103' title="bbox 2222 4738 3787 4832">
     <span class='ocr_line' id='line_1_103' title="bbox 2222 4738 3787 4832; baseline -0.016 -17"><span class='ocrx_word' id='word_1_783' title='bbox 2222 4763 2320 4832; x_wconf 85' lang='grc' dir='ltr'>ούχ</span> <span class='ocrx_word' id='word_1_784' title='bbox 2353 4759 2550 4830; x_wconf 79' lang='grc' dir='ltr'>ἑαυτὴν</span> <span class='ocrx_word' id='word_1_785' title='bbox 2589 4757 2788 4828; x_wconf 81' lang='grc' dir='ltr'>ζυμοῖ,</span> <span class='ocrx_word' id='word_1_786' title='bbox 2824 4753 2960 4808; x_wconf 85' lang='grc' dir='ltr'>ἀλλά</span> <span class='ocrx_word' id='word_1_787' title='bbox 2988 4751 3050 4805; x_wconf 84' lang='grc' dir='ltr'>τὺ</span> <span class='ocrx_word' id='word_1_788' title='bbox 3082 4749 3268 4803; x_wconf 78' lang='grc' dir='ltr'>λοιπόν</span> <span class='ocrx_word' id='word_1_789' title='bbox 3302 4747 3529 4819; x_wconf 77' lang='grc' dir='ltr'>φύραμα</span> <span class='ocrx_word' id='word_1_790' title='bbox 3567 4743 3626 4798; x_wconf 84' lang='grc' dir='ltr'>τὸ</span> <span class='ocrx_word' id='word_1_791' title='bbox 3666 4738 3787 4793; x_wconf 78' lang='grc' dir='ltr'>πολὺ</span> 
     </span>
    </p>
   </div>
   <div class='ocr_carea' id='block_1_104' title="bbox 2224 4849 3785 4934">
    <p class='ocr_par' dir='ltr' id='par_1_104' title="bbox 2224 4849 3785 4934">
     <span class='ocr_line' id='line_1_104' title="bbox 2224 4849 3785 4934; baseline -0.014 -14"><span class='ocrx_word' id='word_1_792' title='bbox 2224 4866 2320 4920; x_wconf 71' lang='grc' dir='ltr'>καὶ</span> <span class='ocrx_word' id='word_1_793' title='bbox 2351 4864 2609 4934; x_wconf 61' lang='grc' dir='ltr'>άτατονή</span> <span class='ocrx_word' id='word_1_794' title='bbox 2637 4860 2808 4933; x_wconf 57' lang='grc' dir='ltr'>μικρὰ</span> <span class='ocrx_word' id='word_1_795' title='bbox 2836 4860 2928 4914; x_wconf 73' lang='grc' dir='ltr'>καὶ</span> <span class='ocrx_word' id='word_1_796' title='bbox 2952 4858 3200 4930; x_wconf 84' lang='grc' dir='ltr'>βραχεῖα.</span> <span class='ocrx_word' id='word_1_797' title='bbox 3233 4853 3388 4907; x_wconf 81' lang='grc' dir='ltr'>Οῦτω</span> <span class='ocrx_word' id='word_1_798' title='bbox 3413 4851 3474 4922; x_wconf 84' lang='grc' dir='ltr'>δὴ</span> <span class='ocrx_word' id='word_1_799' title='bbox 3508 4850 3601 4904; x_wconf 80' lang='grc' dir='ltr'>καὶ</span> <span class='ocrx_word' id='word_1_800' title='bbox 3621 4849 3785 4918; x_wconf 82' lang='grc' dir='ltr'>ὑμεῖς’</span> 
     </span>
    </p>
   </div>
   <div class='ocr_carea' id='block_1_105' title="bbox 2225 4947 3788 5044">
    <p class='ocr_par' dir='ltr' id='par_1_105' title="bbox 2225 4947 3788 5044">
     <span class='ocr_line' id='line_1_105' title="bbox 2225 4947 3788 5044; baseline -0.014 -22"><span class='ocrx_word' id='word_1_801' title='bbox 2225 4971 2274 5022; x_wconf 88' lang='grc' dir='ltr'>εἰ</span> <span class='ocrx_word' id='word_1_802' title='bbox 2319 4969 2412 5022; x_wconf 69' lang='grc' dir='ltr'>καὶ</span> <span class='ocrx_word' id='word_1_803' title='bbox 2459 4966 2629 5044; x_wconf 82' lang='grc' dir='ltr'>ὀλίγοι</span> <span class='ocrx_word' id='word_1_804' title='bbox 2674 4964 2798 5018; x_wconf 85' lang='grc' dir='ltr'>ἐστέ</span> <span class='ocrx_word' id='word_1_805' title='bbox 2842 4963 2983 5016; x_wconf 65' lang='grc' dir='ltr'>κατὰ</span> <span class='ocrx_word' id='word_1_806' title='bbox 3015 4961 3104 5014; x_wconf 84' lang='grc' dir='ltr'>τὸν</span> <span class='ocrx_word' id='word_1_807' title='bbox 3145 4957 3398 5031; x_wconf 73' lang='grc' dir='ltr'>ἀριθμὸν,</span> <span class='ocrx_word' id='word_1_808' title='bbox 3436 4955 3572 5009; x_wconf 77' lang='grc' dir='ltr'>ἀλλὰ</span> <span class='ocrx_word' id='word_1_809' title='bbox 3617 4947 3788 5006; x_wconf 72' lang='grc' dir='ltr'>πολλοὶ</span> 
     </span>
    </p>
   </div>
   <div class='ocr_carea' id='block_1_106' title="bbox 2225 5053 3787 5144">
    <p class='ocr_par' dir='ltr' id='par_1_106' title="bbox 2225 5053 3787 5144">
     <span class='ocr_line' id='line_1_106' title="bbox 2225 5053 3787 5144; baseline -0.017 -13"><span class='ocrx_word' id='word_1_810' title='bbox 2225 5078 2320 5131; x_wconf 66' lang='grc' dir='ltr'>καὶ</span> <span class='ocrx_word' id='word_1_811' title='bbox 2365 5074 2580 5130; x_wconf 74' lang='grc' dir='ltr'>δυνατοὶ</span> <span class='ocrx_word' id='word_1_812' title='bbox 2621 5075 2688 5144; x_wconf 85' lang='grc' dir='ltr'>τῇ</span> <span class='ocrx_word' id='word_1_813' title='bbox 2758 5071 2936 5124; x_wconf 85' lang='grc' dir='ltr'>πίστει</span> <span class='ocrx_word' id='word_1_814' title='bbox 2977 5067 3070 5122; x_wconf 71' lang='grc' dir='ltr'>καὶ</span> <span class='ocrx_word' id='word_1_815' title='bbox 3115 5067 3182 5137; x_wconf 80' lang='grc' dir='ltr'>τῇ</span> <span class='ocrx_word' id='word_1_816' title='bbox 3227 5062 3366 5118; x_wconf 87' lang='grc' dir='ltr'>κατὰ</span> <span class='ocrx_word' id='word_1_817' title='bbox 3413 5061 3545 5114; x_wconf 72' lang='grc' dir='ltr'>Θεὸν</span> <span class='ocrx_word' id='word_1_818' title='bbox 3591 5053 3787 5126; x_wconf 76' lang='grc' dir='ltr'>γίνεσθε</span> 
     </span>
    </p>
   </div>
   <div class='ocr_carea' id='block_1_107' title="bbox 2227 5159 3788 5252">
    <p class='ocr_par' dir='ltr' id='par_1_107' title="bbox 2227 5159 3788 5252">
     <span class='ocr_line' id='line_1_107' title="bbox 2227 5159 3788 5252; baseline -0.019 -16"><span class='ocrx_word' id='word_1_819' title='bbox 2227 5181 2451 5252; x_wconf 81' lang='grc' dir='ltr'>σπουδῇ.</span> <span class='ocrx_word' id='word_1_820' title='bbox 2507 5180 2716 5248; x_wconf 83' lang='grc' dir='ltr'>Ὥσπερ</span> <span class='ocrx_word' id='word_1_821' title='bbox 2757 5171 2851 5230; x_wconf 78' lang='grc' dir='ltr'>οῦν</span> <span class='ocrx_word' id='word_1_822' title='bbox 2889 5177 2922 5244; x_wconf 85' lang='grc' dir='ltr'><strong>ἡ</strong></span> <span class='ocrx_word' id='word_1_823' title='bbox 2967 5170 3114 5244; x_wconf 82' lang='grc' dir='ltr'>ζύμη</span> <span class='ocrx_word' id='word_1_824' title='bbox 3157 5171 3258 5223; x_wconf 88' lang='grc' dir='ltr'>οὑκ</span> <span class='ocrx_word' id='word_1_825' title='bbox 3306 5167 3522 5222; x_wconf 83' lang='grc' dir='ltr'>ἀσθενεῖ</span> <span class='ocrx_word' id='word_1_826' title='bbox 3569 5161 3656 5216; x_wconf 75' lang='grc' dir='ltr'>διὰ</span> <span class='ocrx_word' id='word_1_827' title='bbox 3700 5159 3788 5225; x_wconf 74' lang='grc' dir='ltr'>τὴν</span> 
     </span>
    </p>
   </div>
   <div class='ocr_carea' id='block_1_108' title="bbox 2227 5265 3784 5358">
    <p class='ocr_par' dir='ltr' id='par_1_108' title="bbox 2227 5265 3784 5358">
     <span class='ocr_line' id='line_1_108' title="bbox 2227 5265 3784 5358; baseline -0.02 -12"><span class='ocrx_word' id='word_1_828' title='bbox 2227 5285 2541 5358; x_wconf 85' lang='grc' dir='ltr'>βραχύτητα</span> <span class='ocrx_word' id='word_1_829' title='bbox 2566 5326 2581 5351; x_wconf 92' lang='grc'>,</span> <span class='ocrx_word' id='word_1_830' title='bbox 2631 5281 2767 5338; x_wconf 84' lang='grc' dir='ltr'>ἀλλά</span> <span class='ocrx_word' id='word_1_831' title='bbox 2821 5279 3158 5352; x_wconf 87' lang='grc' dir='ltr'>περιγίνεται</span> <span class='ocrx_word' id='word_1_832' title='bbox 3207 5276 3296 5330; x_wconf 71' lang='grc' dir='ltr'>διὰ</span> <span class='ocrx_word' id='word_1_833' title='bbox 3331 5272 3432 5345; x_wconf 74' lang='grc' dir='ltr'>τήν</span> <span class='ocrx_word' id='word_1_834' title='bbox 3472 5265 3784 5340; x_wconf 82' lang='grc' dir='ltr'>ἐγκειμένην</span> 
     </span>
    </p>
   </div>
   <div class='ocr_carea' id='block_1_109' title="bbox 2224 5369 3782 5471">
    <p class='ocr_par' dir='ltr' id='par_1_109' title="bbox 2224 5369 3782 5471">
     <span class='ocr_line' id='line_1_109' title="bbox 2224 5369 3782 5471; baseline -0.021 -9"><span class='ocrx_word' id='word_1_835' title='bbox 2224 5401 2364 5471; x_wconf 76' lang='grc' dir='ltr'>αὐτῇ</span> <span class='ocrx_word' id='word_1_836' title='bbox 2417 5397 2726 5470; x_wconf 82' lang='grc' dir='ltr'>θερμότητα</span> <span class='ocrx_word' id='word_1_837' title='bbox 2778 5395 2872 5448; x_wconf 71' lang='grc' dir='ltr'>καὶ</span> <span class='ocrx_word' id='word_1_838' title='bbox 2911 5392 3007 5464; x_wconf 77' lang='grc' dir='ltr'>τὴν</span> <span class='ocrx_word' id='word_1_839' title='bbox 3055 5369 3154 5462; x_wconf 75' lang='grc' dir='ltr'>τῆς</span> <span class='ocrx_word' id='word_1_840' title='bbox 3207 5387 3492 5459; x_wconf 87' lang='grc' dir='ltr'>ποιότητος</span> <span class='ocrx_word' id='word_1_841' title='bbox 3535 5383 3782 5451; x_wconf 64' lang='grc' dir='ltr'>δύναμιν</span> 
     </span>
    </p>
   </div>
   <div class='ocr_carea' id='block_1_110' title="bbox 2217 5490 3786 5585">
    <p class='ocr_par' dir='ltr' id='par_1_110' title="bbox 2217 5490 3786 5585">
     <span class='ocr_line' id='line_1_110' title="bbox 2217 5490 3786 5585; baseline -0.014 -18"><span class='ocrx_word' id='word_1_842' title='bbox 2217 5512 2364 5585; x_wconf 71' lang='grc' dir='ltr'>ρῦτω</span> <span class='ocrx_word' id='word_1_843' title='bbox 2391 5511 2455 5583; x_wconf 81' lang='grc' dir='ltr'>δὴ</span> <span class='ocrx_word' id='word_1_844' title='bbox 2478 5511 2571 5565; x_wconf 71' lang='grc' dir='ltr'>καὶ</span> <span class='ocrx_word' id='word_1_845' title='bbox 2595 5510 2752 5580; x_wconf 86' lang='grc' dir='ltr'>ὑμεῖς</span> <span class='ocrx_word' id='word_1_846' title='bbox 2781 5503 3078 5578; x_wconf 81' lang='grc' dir='ltr'>δυνήσεσθε</span> <span class='ocrx_word' id='word_1_847' title='bbox 3100 5501 3278 5572; x_wconf 84' lang='grc' dir='ltr'>πολλῷ</span> <span class='ocrx_word' id='word_1_848' title='bbox 3301 5500 3514 5562; x_wconf 87' lang='grc' dir='ltr'>πλείους</span> <span class='ocrx_word' id='word_1_849' title='bbox 3545 5495 3681 5568; x_wconf 80' lang='grc' dir='ltr'>πρὸς</span> <span class='ocrx_word' id='word_1_850' title='bbox 3698 5490 3786 5562; x_wconf 75' lang='grc' dir='ltr'>τήν</span> 
     </span>
    </p>
   </div>
   <div class='ocr_carea' id='block_1_111' title="bbox 2223 5599 3788 5692">
    <p class='ocr_par' dir='ltr' id='par_1_111' title="bbox 2223 5599 3788 5692">
     <span class='ocr_line' id='line_1_111' title="bbox 2223 5599 3788 5692; baseline -0.016 -16"><span class='ocrx_word' id='word_1_851' title='bbox 2223 5620 2392 5692; x_wconf 78' lang='grc' dir='ltr'>αὑτὴν</span> <span class='ocrx_word' id='word_1_852' title='bbox 2417 5621 2546 5690; x_wconf 87' lang='grc' dir='ltr'>ὑμῖν</span> <span class='ocrx_word' id='word_1_853' title='bbox 2575 5617 2942 5684; x_wconf 82' lang='grc' dir='ltr'>ἐπαναγαγεῖν</span> <span class='ocrx_word' id='word_1_854' title='bbox 2983 5611 3242 5682; x_wconf 81' lang='grc' dir='ltr'>σπουδὴν,</span> <span class='ocrx_word' id='word_1_855' title='bbox 3270 5611 3337 5666; x_wconf 85' lang='grc' dir='ltr'>ἂν</span> <span class='ocrx_word' id='word_1_856' title='bbox 3377 5609 3586 5677; x_wconf 83' lang='grc' dir='ltr'>θέλητε.</span> <span class='ocrx_word' id='word_1_857' title='bbox 3631 5605 3694 5660; x_wconf 83' lang='lat' dir='ltr'>El</span> <span class='ocrx_word' id='word_1_858' title='bbox 3735 5599 3788 5654; x_wconf 78' lang='grc' dir='ltr'>δὲ</span> 
     </span>
    </p>
   </div>
   <div class='ocr_carea' id='block_1_112' title="bbox 2221 5704 3787 5798">
    <p class='ocr_par' dir='ltr' id='par_1_112' title="bbox 2221 5704 3787 5798">
     <span class='ocr_line' id='line_1_112' title="bbox 2221 5704 3787 5798; baseline -0.015 -18"><span class='ocrx_word' id='word_1_859' title='bbox 2221 5726 2282 5781; x_wconf 80' lang='grc' dir='ltr'>τὸ</span> <span class='ocrx_word' id='word_1_860' title='bbox 2311 5725 2468 5798; x_wconf 88' lang='grc' dir='ltr'>θέρος</span> <span class='ocrx_word' id='word_1_861' title='bbox 2490 5721 2879 5795; x_wconf 85' lang='grc' dir='ltr'>προϐάλλοιντο</span> <span class='ocrx_word' id='word_1_862' title='bbox 2900 5737 2912 5750; x_wconf 92' lang='grc'>·</span> <span class='ocrx_word' id='word_1_863' title='bbox 2940 5719 3032 5774; x_wconf 73' lang='grc' dir='ltr'>καὶ</span> <span class='ocrx_word' id='word_1_864' title='bbox 3061 5717 3168 5788; x_wconf 78' lang='grc' dir='ltr'>γὰρ</span> <span class='ocrx_word' id='word_1_865' title='bbox 3192 5715 3288 5770; x_wconf 71' lang='grc' dir='ltr'>καὶ</span> <span class='ocrx_word' id='word_1_866' title='bbox 3320 5712 3488 5768; x_wconf 89' lang='grc' dir='ltr'>ταῦτα</span> <span class='ocrx_word' id='word_1_867' title='bbox 3513 5707 3688 5764; x_wconf 87' lang='grc' dir='ltr'>ἀκούω</span> <span class='ocrx_word' id='word_1_868' title='bbox 3711 5704 3787 5758; x_wconf 81' lang='grc' dir='ltr'>λε-</span> 
     </span>
    </p>
   </div>
   <div class='ocr_carea' id='block_1_113' title="bbox 2223 5824 3792 5912">
    <p class='ocr_par' dir='ltr' id='par_1_113' title="bbox 2223 5824 3792 5912">
     <span class='ocr_line' id='line_1_113' title="bbox 2223 5824 3792 5912; baseline -0.013 -18"><span class='ocrx_word' id='word_1_869' title='bbox 2223 5841 2447 5912; x_wconf 89' lang='grc' dir='ltr'>γόντων,</span> <span class='ocrx_word' id='word_1_870' title='bbox 2477 5833 2813 5906; x_wconf 70' lang='grc' dir='ltr'>ὃτιΣφοδρὸν</span> <span class='ocrx_word' id='word_1_871' title='bbox 2838 5835 2900 5888; x_wconf 75' lang='grc' dir='ltr'>τὸ</span> <span class='ocrx_word' id='word_1_872' title='bbox 2927 5835 3118 5903; x_wconf 87' lang='grc' dir='ltr'>πνῖγος</span> <span class='ocrx_word' id='word_1_873' title='bbox 3140 5833 3256 5897; x_wconf 88' lang='grc' dir='ltr'>νῦν,</span> <span class='ocrx_word' id='word_1_874' title='bbox 3298 5831 3358 5884; x_wconf 80' lang='grc' dir='ltr'>τὸ</span> <span class='ocrx_word' id='word_1_875' title='bbox 3386 5829 3573 5900; x_wconf 84' lang='grc' dir='ltr'>καῦμα</span> <span class='ocrx_word' id='word_1_876' title='bbox 3601 5824 3792 5894; x_wconf 80' lang='grc' dir='ltr'>ἀφόρη·</span> 
     </span>
    </p>
   </div>
  </div>
