4086 6418
350 487 447 541 173

342 608 399 653 et
437 600 490 652 in
539 607 723 652 aerem
762 577 985 652 diffusus
1011 591 1228 656 interit;
1283 584 1424 659 quod
1469 597 1645 639 autem
1684 580 1933 634 meliores

344 691 474 744 fiant
512 688 806 753 auditores,
848 685 1209 753 incorruptam
1234 689 1291 736 et
1315 676 1665 734 immortalem
1695 686 1814 726 cum
1846 669 1930 721 di-

341 780 504 845 centi,
556 788 668 833 tum
714 773 1204 845 cbtempcrantibus
1248 766 1548 823 mercedem
1591 762 1763 817 aifert.
1807 758 1934 851 Cla-

342 871 508 925 moris
537 870 699 923 vestri
726 864 1118 923 commendatio
1160 858 1500 915 illustriorem
1550 862 1814 908 oratorem
1843 848 1933 902 hic

340 960 553 1016 reddit:
581 968 638 1013 at
661 958 852 1012 animm
879 965 1071 1012 vestrm
1094 954 1260 1024 pietas
1287 946 1507 1005 multam
1532 944 1669 1015 apud
1699 940 1929 997 tribunal

338 1052 541 1107 Christi
590 1049 799 1104 doctori
832 1046 1074 1104 fiduciam
1111 1042 1357 1121 acquirit.
1389 1040 1568 1108 Itaque
1605 1037 1648 1090 si
1690 1035 1809 1104 quis
1837 1047 1931 1085 eos

338 1143 431 1212 qui
472 1156 776 1198 sermonem
824 1139 1040 1201 habent,
1081 1136 1288 1215 diligat,
1338 1148 1442 1187 non
1485 1126 1793 1201 applau'sus,
1834 1121 1928 1177 sed

337 1235 628 1289 utilitatem
672 1231 855 1301 diligat
900 1229 1222 1284 auditorum.
1273 1225 1388 1279 Non
1433 1221 1701 1305 mediocre
1731 1215 1927 1269 malum

336 1334 422 1381 est
462 1324 693 1379 fratrum
719 1337 903 1377 curam
936 1336 1040 1375 non
1085 1332 1288 1388 gerere,
1340 1313 1434 1369 sed
1474 1322 1773 1368 extremum
1800 1319 1928 1373 sup-

337 1415 558 1485 plicium
589 1423 691 1480 est,
719 1422 773 1468 et
803 1411 1121 1466 inevitabilis
1146 1408 1301 1478 prima
1331 1424 1343 1458 :
1375 1403 1517 1475 quod
1565 1402 1736 1471 ipsum
1767 1399 1810 1452 is
1835 1395 1926 1467 qui

339 1507 599 1560 talentum
629 1503 909 1560 defodcrat
937 1500 1204 1556 indicavit.
1229 1499 1367 1552 Sane
1394 1494 1525 1549 nihil
1552 1494 1601 1547 ei
1646 1492 1771 1546 vitio
1801 1507 1923 1546 vc.-

338 1595 572 1661 tebatur,
618 1594 762 1663 quod
809 1593 862 1646 iu
903 1592 1009 1645 vita
1043 1592 1335 1660 peccasset,
1377 1600 1547 1655 neque
1594 1583 1732 1637 male
1769 1580 1923 1651 quid-

336 1702 499 1757 quam
552 1686 603 1740 in
645 1685 870 1755 depositi
914 1683 1153 1739 custodia
1195 1680 1534 1735 commiserat
1591 1694 1605 1731 :
1659 1676 1923 1743 integrum

335 1776 480 1830 enim
521 1774 648 1829 illud
699 1775 929 1834 restituit
961 1791 975 1828 :
1008 1773 1101 1828 sed
1132 1784 1305 1827 tamen
1354 1771 1403 1823 itt
1437 1768 1659 1836 depositi
1690 1765 1927 1835 negotia-

338 1868 486 1922 tione
530 1868 669 1922 male
717 1881 776 1920 se
819 1873 1077 1935 gesserat.
1105 1863 1220 1919 Non
1249 1862 1391 1917 enim
1416 1847 1466 1914 id
1498 1852 1637 1928 quod
1663 1856 1920 1911 creditqu

335 1957 516 2013 fuerat
560 1958 894 2027 duplicaret;
939 1971 1098 2027 quam
1142 1954 1212 2009 ob
1258 1966 1475 2007 causam
1524 1950 1683 2004 etiam
1736 1962 1921 2017 pugnas

334 2049 519 2103 dabat.
554 2047 706 2105 Unde
736 2047 1072 2102 manifestum
1101 2044 1298 2106 evadit,
1347 2043 1471 2098 licet
1498 2039 1720 2094 studiosi
1753 2040 1920 2092 simus

333 2150 394 2195 et
423 2140 686 2205 instructi,
737 2140 863 2194 licet
891 2139 956 2192 ad
986 2153 1192 2193 sacram
1235 2135 1553 2190 audiendam
1591 2132 1919 2201 Seripturam

334 2232 502 2286 multa
532 2231 822 2301 cupiditate
849 2229 1282 2289 exardescantus,
1306 2226 1356 2280 id
1383 2234 1558 2278 tamen
1586 2224 1651 2277 ad
1684 2230 1920 2275 nostram

333 2322 564 2376 salutem
603 2337 712 2376 non
753 2320 1018 2375 sufficere.
1073 2316 1453 2388 Duplicandum
1482 2329 1711 2384 namque
1759 2311 1924 2382 depo-

331 2413 497 2467 situm
538 2422 623 2469 est
662 2430 676 2466 z
714 2427 872 2482 porro
919 2412 1137 2481 duplum
1184 2411 1282 2477 tit,
1325 2406 1540 2479 quando
1582 2421 1702 2460 cum
1751 2403 1922 2457 salute

333 2511 520 2558 nostra
568 2519 749 2559 curam
796 2503 1019 2558 aliorum
1069 2516 1281 2571 quoque
1331 2499 1669 2567 suscipimus.
1710 2494 1838 2550 Nam
1868 2507 1920 2551 et

331 2596 451 2663 ipse
501 2593 656 2659 dixit,
713 2594 842 2648 Ecce
885 2595 1079 2648 salvum
1112 2592 1292 2657 habet,
1321 2590 1455 2660 quod
1490 2600 1629 2642 tuum
1670 2598 1778 2671 est;
1824 2587 1916 2641 sed

332 2685 437 2738 hoc
486 2684 549 2738 ad
603 2685 999 2738 excusationem
1050 2683 1122 2737 illi
1175 2683 1306 2737 satis
1360 2696 1464 2736 non
1509 2680 1623 2736 fttit.
1683 2679 1918 2749 Oportuit

327 2775 512 2841 enim,
561 2758 763 2845 inquit,
809 2786 858 2829 te
900 2776 1207 2831 conttttt'ttere
1280 2774 1582 2826 utmmlariis
1637 2771 1771 2839 quod
1829 2773 1919 2826 tibi

325 2867 652 2921 commissura
683 2877 755 2919 est
804 2866 1020 2937 (Matth.
1058 2867 1147 2921 25.
1200 2864 1318 2937 27).
1366 2866 1431 2918 At
1482 2874 1534 2918 ιιι
1578 2864 1728 2928 tnihi,
1759 2880 1914 2933 quant

326 2959 467 3014 levia
499 2960 607 3014 sint
639 2959 846 3014 Domini
874 2960 1144 3025 mandata,
1176 2959 1474 3013 considera.
1502 2958 1751 3012 llotnines
1774 2958 1914 3009 enittt

326 3065 446 3114 eos,
485 3050 573 3121 qui
604 3051 855 3120 pecunias
882 3051 1079 3106 beriles
1105 3050 1232 3106 dant
1260 3050 1476 3115 fmnori,
1527 3051 1687 3104 etiam
1719 3048 1916 3118 repeti~

326 3141 467 3199 tioni
506 3142 732 3201 reddunt
770 3142 1057 3198 obnoxios.
1099 3128 1178 3197 Tu
1217 3143 1550 3207 commisisti,
1600 3151 1676 3204 tu,
1726 3140 1913 3212 inquit,

325 3246 515 3306 repete
563 3254 577 3290 :
626 3236 827 3291 nullum
861 3238 987 3292 mihi
1016 3252 1133 3291 cum
1163 3251 1228 3292 eo
1258 3237 1344 3306 qui
1377 3237 1596 3305 recepit,
1646 3237 1913 3306 negotium

326 3336 431 3379 est.
464 3326 601 3383 Deus
626 3328 753 3381 ‘rc‘ro
783 3343 886 3380 non
913 3328 1004 3391 ita,
1033 3326 1127 3382 sed
1155 3327 1488 3381 committere
1509 3326 1660 3396 jubet
1688 3335 1911 3393 tantum,

324 3424 385 3469 at
413 3431 518 3471 non
547 3416 672 3470 item
700 3417 1000 3486 repetitioni
1046 3434 1142 3471 nos
1184 3418 1361 3472 reddit
1398 3418 1680 3472 obnoxios.
1710 3418 1913 3486 Quippe

327 3508 384 3560 in
412 3516 669 3575 potestate
695 3510 923 3564 oratoris
951 3519 1053 3574 est,
1081 3519 1140 3564 ut
1165 3510 1428 3576 consulat,
1473 3524 1578 3564 non
1610 3519 1664 3563 ιιι
1694 3526 1910 3578 persna-

322 3598 470 3653 deat.
500 3597 832 3670 Quapropter
856 3600 919 3654 ad
947 3601 1386 3655 committendum
1429 3601 1600 3655 solum
1635 3611 1682 3654 te
1712 3600 1906 3669 obliga,

322 3708 434 3745 non
479 3691 603 3747 item
646 3692 711 3747 ad
756 3692 1125 3763 repetendum.
1156 3691 1292 3760 Quid
1322 3694 1422 3746 hoc
1449 3692 1617 3746 levius
1647 3693 1769 3746 est?
1815 3695 1907 3745 Λι-

322 3791 505 3838 tamen
549 3782 738 3838 durum
785 3780 1087 3859 appellabat
1134 3794 1238 3838 tam
1283 3784 1464 3838 mitem
1513 3798 1575 3837 ac
1625 3784 1906 3851 benignum

319 3873 600 3927 dominum
630 3887 837 3927 servus.
865 3873 936 3927 Ea
968 3873 1160 3945 quippe
1188 3872 1549 3942 improborum
1580 3882 1632 3926 ct
1664 3872 1906 3927 inertium

318 3970 410 4016 est
435 3961 762 4018 consuetudo
791 3977 1065 4017 servorum
1096 3980 1109 4016 :
1143 3973 1489 4030 peccatorum
1530 3978 1747 4018 suorum
1793 3963 1907 4017 cul-

320 4070 447 4124 pam
497 4059 708 4123 semper
754 4038 806 4109 iu
848 4056 1094 4110 dominos
1123 4071 1247 4111 suos
1273 4054 1535 4126 rejieiunt.
1563 4056 1763 4112 Idcirco
1789 4073 1910 4111 cru-

319 4145 500 4199 ciatus
520 4154 573 4199 et
600 4145 942 4216 compedibus
971 4146 1178 4200 vinetus
1206 4140 1292 4200 ille
1327 4147 1378 4200 in
1408 4147 1653 4203 tenebras
1676 4152 1908 4204 exterio-

318 4253 411 4291 res
447 4235 774 4306 cjieieba'tnr.
812 4238 972 4304 Quod
1007 4254 1075 4292 ne
1114 4239 1265 4293 nobis
1308 4240 1467 4294 etiam
1514 4240 1756 4307 accidat,
1806 4243 1905 4298 do-

315 4328 547 4383 ctrinam
577 4326 825 4383 fratribus
861 4330 1275 4395 committamus,
1306 4332 1419 4387 sive
1463 4333 1903 4401 persuadeantnr,

316 4417 435 4474 sire
457 4432 558 4471 non
586 4418 1028 4488 persuadcautur.
1061 4420 1117 4475 Si
1144 4416 1285 4479 enim
1319 4425 1559 4492 persuasi
1587 4424 1802 4491 fuerint,
1852 4436 1906 4482 et

314 4507 390 4562 de
442 4509 632 4578 seipsis
679 4512 734 4566 et
776 4509 841 4565 de
885 4512 1039 4565 nobis
1084 4511 1218 4569 bene
1272 4514 1619 4571 merebuntur
1662 4516 1675 4571 ὲ
1716 4516 1760 4572 si
1800 4534 1902 4572 non

315 4597 519 4657 fuerint
566 4600 843 4669 persuasi,
904 4588 1220 4671 sttpplicium
1264 4604 1361 4658 sibi
1410 4617 1683 4662 acccrsent
1735 4608 1899 4663 inevi-

313 4688 519 4755 tahile,
579 4686 734 4747 nobis
779 4694 956 4746 autem
1012 4709 1079 4747 ne
1132 4694 1392 4748 tantillum
1450 4696 1661 4766 quidem
1709 4714 1901 4755 nocere

313 4792 587 4852 poterunt.
641 4783 794 4850 Quod
834 4785 975 4840 enim
1028 4787 1194 4840 nostri
1242 4791 1477 4843 muneris
1530 4788 1647 4854 fuit,
1690 4796 1899 4861 prmsti-

312 4876 497 4944 timus,
528 4890 647 4930 cum
674 4878 951 4931 consilium
984 4877 1289 4935 dederimus
1336 4900 1349 4935 :
1398 4884 1536 4952 quod
1577 4883 1621 4938 si
1664 4888 1897 4954 perSnasi

307 4983 418 5021 non
460 4968 673 5035 fuerint,
722 4962 848 5027 nihil
883 4954 1005 5026 inde
1038 4987 1318 5041 possumus
1344 4990 1535 5044 capere
1572 4977 1893 5034 detrimenti.

304 5058 580 5127 Siquidem
609 5060 808 5115 crimen
833 5070 932 5125 est,
964 5067 1067 5119 non
1097 5065 1138 5116 si
1168 5065 1384 5121 minime
1415 5068 1764 5136 persuaseris,
1804 5075 1898 5127 sed

303 5148 351 5202 si
387 5149 601 5207 minimc
632 5151 911 5205 consilium
943 5150 1157 5205 dederis
1189 5171 1201 5208 :
1233 5154 1320 5208 ubi
1353 5171 1479 5211 vero
1506 5157 1892 5223 cohortatione,
1927 5165 1966 5184 "'

301 5241 639 5310 consilioque
712 5244 963 5299 continuo
1023 5244 1387 5316 frequentique
1464 5248 1722 5317 perfuncti
1778 5248 1891 5305 fne-

302 5331 498 5396 rimus,
554 5346 658 5386 non
698 5331 807 5402 jam
831 5348 861 5387 a
894 5335 1065 5401 nobis,
1100 5332 1192 5389 sed
1222 5336 1289 5389 ab
1321 5336 1422 5391 illis
1451 5341 1708 5393 rationem
1757 5341 1893 5396 Dens

297 5422 501 5491 exiget.
548 5421 750 5481 Vellem
795 5424 1040 5495 equidem
1095 5427 1370 5483 evidenter
1415 5444 1572 5486 nosse
1624 5449 1717 5487 vos
1770 5436 1891 5490 illos

294 5514 517 5570 assidue
558 5512 887 5571 cohortando
925 5530 1289 5587 perseverare,
1340 5531 1391 5575 et
1438 5537 1563 5575 ιιιιιιι
1607 5524 1656 5576 in
1699 5526 1887 5580 ead.-m

292 5620 517 5674 semper
581 5606 658 5661 illi
714 5608 1029 5678 negligentia
1091 5611 1409 5679 persistaot,
1478 5628 1578 5668 nec
1638 5631 1886 5685 umquam

291 5697 451 5751 Vobis
501 5699 801 5753 molestiam
852 5700 1161 5755 exhiberem
1220 5720 1233 5754 :
1281 5702 1390 5771 jam
1443 5719 1569 5757 vero
1613 5706 1771 5760 timeo
1822 5724 1887 5763 ne

291 5790 504 5844 inertia:
558 5789 883 5865 incuritrqoe
950 5801 1140 5845 vestrae
1202 5792 1327 5846 vitio
1390 5804 1634 5848 maneant
1706 5798 1880 5853 ineor-

285 5884 446 5945 recti.
492 5881 680 5953 Neque
726 5885 863 5944 enim
919 5886 1029 5940 fieri
1077 5890 1272 5956 potest,
1315 5894 1370 5940 ut
1401 5887 1485 5956 qtti
1515 5884 1878 5945 cohortatione

1273 458 1337 531 is
1376 454 1598 537 tLL'uo,
1638 468 1695 525 St
1738 442 2100 522 escutstur
2143 442 2460 530 truncus,
2505 458 2650 518 me.

3528 466 3621 521 1Τ1

2038 568 2385 644 doctrinaque
2440 577 2746 645 frequenter
2792 572 3021 638 fruatur,
3074 574 3263 629 melior
3307 576 3622 632 studiosior-

2037 680 2142 733 que
2190 682 2293 717 non
2342 667 2454 718 iiat.
2522 668 2600 718 Ac
2648 664 2864 733 volgare
2910 664 3129 734 quidem
3177 676 3260 720 est
3312 666 3437 721 illud
3493 684 3618 736 pro-

2036 750 2311 819 verbium,
2386 755 2526 823 quod
2583 755 2821 810 dicturus
2873 771 3027 822 sum;
3095 768 3460 813 verumtamen
3522 759 3625 814 hoc

2035 845 2205 915 ipsum
2259 836 2500 900 testatur.
2547 846 2752 901 Stillula
2794 847 2970 927 enim,
3023 847 3223 919 inquit,
3263 849 3441 904 mollis
3470 866 3620 920 aqua:

2034 950 2218 993 saxum
2274 938 2488 993 assiduo
2534 946 2686 992 cavat
2725 939 2851 994 ictu.
2896 938 3127 994 Tametsi
3159 939 3285 1010 quid
3308 956 3445 1010 aqua
3481 943 3618 995 tool-

2035 1026 2180 1081 lius?
2250 1028 2373 1099 quid
2420 1044 2551 1083 saxo
2593 1026 2823 1084 durius?
2895 1040 3127 1086 attamen
3185 1032 3469 1087 assiduitas
3525 1050 3622 1086 na-

2036 1128 2207 1174 turam
2268 1121 2452 1177 vineit.
2502 1120 2655 1188 Quod
2700 1118 2746 1174 si
2801 1132 3046 1176 naturam
3100 1123 3265 1178 vincit
3308 1124 3617 1186 assiduitas,

2034 1211 2203 1283 multo
2267 1211 2435 1280 magis
2500 1213 2826 1267 voluntatem
2903 1214 3096 1282 poterit
3153 1229 3427 1283 superare.
3498 1214 3615 1270 Non

2031 1282 2186 1355 ludus
2234 1311 2315 1356 est
2361 1300 2830 1370 Christianismus,
2880 1305 3087 1369 dilecti,
3138 1304 3238 1381 nec
3298 1314 3384 1362 res
3433 1323 3620 1376 super.

2032 1406 2281 1447 vacanca.
2310 1393 2575 1449 Contione
2600 1396 2696 1451 ista
2723 1396 2948 1452 dicimus
2969 1439 2983 1464 ,
3022 1407 3076 1477 et
3101 1382 3231 1453 nihil
3262 1400 3585 1468 proﬁcimus.

2105 1487 2158 1539 2.
2206 1488 2470 1552 Quantum
2513 1488 2641 1541 mihi
2687 1489 2918 1545 censetis
2968 1490 3207 1547 dolerent
3251 1492 3425 1558 inon‘,
3491 1509 3616 1548 cunt

2030 1580 2284 1634 recordor
2320 1568 2466 1645 festis
2508 1581 2721 1651 quidem
2771 1580 2959 1638 diebus
3009 1590 3155 1636 vasta
3193 1584 3355 1638 maris
3401 1599 3616 1655 aequora

2028 1673 2371 1726 collectarum
2431 1673 2610 1726 turbas
2656 1673 2871 1737 imitari,
2910 1674 3021 1743 jam
3071 1690 3201 1730 vero
3246 1690 3312 1730 ne
3365 1686 3614 1746 quotam-

2031 1764 2113 1818 vis
2161 1764 2373 1834 quidem
2426 1772 2629 1833 partem
2678 1762 2766 1821 hic
2811 1765 2952 1821 illius
2998 1766 3351 1822 multitudinis
3383 1780 3617 1839 congre-

2025 1859 2182 1928 gari?
2229 1858 2327 1916 libi
2378 1875 2520 1915 nunc
2558 1869 2700 1926 sunt,
2757 1860 2847 1930 qui
2892 1862 3047 1916 nobis
3095 1863 3149 1917 in
3190 1863 3614 1919 solemnitatibus

2026 1950 2326 2005 molestiam
2394 1950 2691 2006 exhibent?
2767 1951 2889 2008 lllos
2955 1955 3208 2024 requiro,
3278 1964 3333 2010 et
3399 1957 3609 2013 illorum

2025 2056 2183 2097 causa
2232 2041 2409 2111 lugeo,
2464 2041 2591 2098 dum
2642 2043 2771 2101 mihi
2814 2044 2962 2100 venit
3014 2045 3065 2099 in
3107 2055 3363 2115 mentem,
3415 2058 3615 2119 quanta

2025 2144 2209 2204 pereat
2269 2150 2452 2189 eorum
2522 2136 2840 2202 multitudo,
2890 2138 2980 2207 qui
3033 2139 3164 2193 salvi
3214 2147 3396 2204 erant»,
3448 2156 3616 2211 quan-

2028 2235 2131 2278 tam
2178 2224 2365 2281 faciam
2426 2225 2649 2305 fr-atrtrm
2699 2226 2982 2298 jacturam,
3040 2245 3196 2298 quam
3243 2231 3495 2301 exiguum
3558 2232 3611 2287 itt

2024 2320 2303 2370 numerum
2356 2316 2698 2386 redigantur,
2761 2318 2852 2387 qui
2919 2314 3147 2373 salutem
3201 2320 3607 2391 adipiscuntur,

2022 2414 2082 2459 ttt
2133 2400 2302 2476 major
2351 2422 2476 2477 pars
2523 2408 2763 2478 corporis
2811 2394 3065 2465 Ecclesia:
3104 2420 3317 2468 mortuo
3339 2413 3612 2477 etimmo-

2022 2498 2111 2553 bili
2152 2501 2360 2569 corpori
2402 2480 2743 2555 assimiletnr.

2096 2574 2214 2643 Non
2241 2590 2361 2643 solis
2387 2591 2528 2645 nobis
2555 2591 2662 2643 nati
2682 2608 2880 2659 sumus.
2928 2591 3174 2661 Excutpla
3203 2604 3489 2650 sanctorum
3517 2614 3607 2651 su—

2021 2680 2166 2733 dores
2218 2697 2316 2733 non
2357 2681 2629 2735 metuendi.
2675 2680 2919 2736 Ecclesiw
2950 2686 3443 2760 strttctura.-——Qnid
3480 2687 3608 2741 illtul

2019 2770 2085 2824 ad
2149 2786 2246 2825 nos
2277 2773 2485 2835 attinet,
2534 2771 2674 2826 dicet
2710 2773 2937 2843 aliquis?
2981 2774 3062 2828 Ad
3106 2791 3201 2831 vos
3228 2776 3439 2846 quidem
3461 2788 3609 2833 certe

2020 2862 2251 2918 maxime
2295 2864 2503 2930 attinet,
2536 2865 2623 2933 qui
2655 2881 2758 2918 non
2804 2880 2899 2920 eos
2930 2864 3169 2939 curatis,
3207 2883 3311 2922 non
3359 2868 3607 2922 adhorta-

2020 2954 2172 3022 mioi,
2220 2971 2326 3009 non
2353 2957 2577 3011 consilio
2616 2957 2833 3027 jnvatis,
2880 2957 2946 3013 ad
2991 2954 3085 3013 vos
3114 2960 3203 3029 qui
3235 2960 3608 3016 necessitatem

2020 3061 2124 3101 non
2171 3046 2442 3117 imponitis
2497 3064 2669 3118 neque
2714 3050 2762 3106 vi
2794 3035 3115 3127 pertrahitis,
3149 3061 3204 3107 et
3245 3052 3313 3107 ab
3343 3053 3425 3106 illa
3455 3069 3607 3109 sunt-

2019 3152 2104 3189 ma
2161 3138 2479 3209 negligentia
2528 3132 2811 3196 revocatis.
2868 3141 2982 3195 Non
3018 3142 3161 3198 enim
3203 3153 3407 3199 tantunt
3455 3145 3610 3201 nobis

2022 3228 2275 3296 prodesse
2327 3243 2423 3283 nos
2451 3229 2667 3296 debere,
2724 3214 2817 3285 sed
2858 3238 2915 3287 et
2950 3232 3125 3287 multis
3148 3276 3163 3299 ,
3191 3234 3423 3289 ostendit
3450 3235 3605 3295 Chri~

2016 3329 2146 3385 stus,
2166 3335 2285 3374 cum
2316 3322 2479 3377 salem
2510 3337 2626 3386 nos,
2657 3336 2719 3377 ac
2737 3306 3145 3390 fermentum,et
3176 3324 3346 3378 lucem
3374 3327 3602 3381 vocavit.

2018 3412 2142 3466 llaec
2168 3412 2309 3466 enim
2334 3414 2451 3474 aliis
2478 3415 2624 3493 utilia
2656 3419 2779 3468 Sunt
2809 3424 2863 3469 et
2900 3409 3200 3469 commoda.
3231 3415 3362 3471 Nam
3387 3416 3602 3479 lucerna

2015 3518 2121 3557 non
2152 3504 2250 3558 sibi
2283 3492 2444 3571 lucet,
2474 3515 2525 3559 at
2572 3492 2674 3560 illis
2705 3506 2791 3576 qui
2837 3506 3024 3561 sedent
3076 3507 3129 3562 in
3165 3510 3433 3564 tenebris:
3465 3519 3520 3565 et
3547 3520 3601 3567 tu

2014 3594 2227 3649 lucerna
2258 3611 2336 3663 es,
2370 3614 2473 3651 non
2508 3608 2563 3652 ιιι
2590 3584 2789 3654 lumine
2816 3599 2960 3654 solos
2993 3600 3199 3665 fruaris,
3229 3603 3322 3657 sed
3356 3610 3413 3659 ut
3453 3602 3598 3658 illum

2013 3697 2278 3742 errantem
2330 3688 2555 3743 reducas
2579 3689 2794 3760 (Matth.
2828 3690 2882 3744 5.
2918 3692 3002 3744 15.
3033 3692 3173 3760 ﬂ)»
3189 3692 3324 3759 Quid
3372 3708 3599 3765 namque

2013 3781 2228 3850 prodest
2275 3780 2513 3846 lucerna,
2551 3783 2763 3851 quando
2802 3782 2853 3836 iu
2888 3783 3125 3840 tenebris
3154 3784 3359 3841 sedenti
3381 3800 3486 3840 non
3514 3788 3595 3840 Ιιι-

2011 3872 2130 3925 cet?
2169 3888 2285 3941 qum
2314 3887 2473 3940 porro
2528 3873 2727 3928 utilitas
2752 3871 3058 3937 Christiani,
3090 3874 3300 3944 quando
3328 3875 3593 3932 neminem

2012 3961 2264 4027 lucratur,
2310 3977 2407 4016 nec
2452 3962 2519 4016 ad
2564 3963 2810 4017 virtutem
2849 3963 3093 4019 reducit?
3140 3963 3341 4022 Rursus
3371 3979 3475 4020 non
3504 3980 3590 4021 se~

2011 4052 2181 4122 ipsum
2232 4038 2510 4122 adstringit
2553 4038 2631 4109 sal
2691 4064 2931 4121 tantum,
2961 4054 3053 4110 sed
3099 4063 3153 4111 et
3208 4071 3430 4127 corpora
3474 4073 3594 4128 qua:

2010 4156 2418 4214 Corrutnpnntur
2445 4146 2677 4213 cohibet,
2703 4162 2875 4217 neque
2898 4145 3143 4202 diftltterc
3166 4162 3229 4203 ac
3270 4150 3444 4218 perire
3467 4165 3591 4219 pcr-

2011 4238 2296 4293 mittit.Sic
2327 4247 2379 4297 tu
2420 4255 2666 4311 quoque;
2695 4239 3121 4311 quandoquidem
3166 4242 3497 4313 spiritualem
3544 4254 3593 4298 to

2008 4330 2173 4385 Solem
2201 4332 2337 4386 Deus
2368 4332 2564 4397 eifceit,
2584 4332 2819 4386 membra
2850 4342 3094 4401 corntpta
3116 4373 3129 4397 ,
3159 4332 3260 4388 hoc
3281 4343 3360 4388 est
3386 4333 3547 4389 desid.
3570 4353 3593 4388 ει

2009 4404 2218 4487 fratres,
2251 4432 2304 4477 et
2333 4420 2420 4492 qui
2454 4423 2787 4478 mechanicas
2817 4433 3070 4479 exercent
3113 4434 3276 4487 artes,
3322 4418 3590 4495 adstringo

2005 4517 2060 4570 et
2102 4516 2312 4584 colliga,
2346 4514 2654 4585 desidiaque
2703 4524 2950 4584 tanquam
3006 4516 3182 4572 ulcere
3210 4517 3459 4586 quopiam
3492 4533 3589 4588 pa-

2007 4608 2142 4662 tt'ido
2189 4609 2464 4663 liberatum
2496 4623 2614 4662 cum
2645 4608 2848 4676 reliquo
2877 4608 3132 4663 Ecclesia:
3170 4625 3396 4679 corpore
3423 4596 3590 4679 copo.

2006 4702 2126 4756 lato.
2160 4682 2442 4769 l’ropterea
2494 4710 2544 4753 te
2584 4699 2900 4755 fermentum
2939 4702 3261 4771 appellavit:
3307 4702 3589 4773 siquidem

2004 4791 2321 4846 fermentum
2373 4791 2532 4846 etiam
2594 4806 2699 4845 non
2746 4791 2982 4860 seipsum
3036 4793 3336 4858 fcrtnentat,
3368 4781 3462 4849 sed
3509 4811 3588 4848 rc-

2002 4881 2195 4950 quuam
2230 4897 2455 4934 massam
2490 4882 2754 4951 ingentem
2778 4883 2899 4937 licet
2925 4895 2979 4938 et
3015 4884 3327 4945 immensam
3350 4927 3364 4948 ,
3418 4885 3586 4944 ipsum

2001 4989 2221 5042 parvum
2268 4988 2386 5025 curn
2440 4974 2509 5026 sit
2559 4982 2613 5027 ct
2674 4972 2835 5029 breve
2904 4972 3025 5045 (Id.
3060 4975 3143 5030 15.
3175 4975 3302 5045 55).
3354 4975 3444 5030 Sic
3505 4975 3587 5028 ni-

1999 5067 2189 5119 mirum
2219 5080 2310 5117 vos
2336 5080 2545 5135 quo-pte
2566 5108 2580 5132 ,
2613 5082 2931 5137 quamquam
2965 5083 3190 5124 numero
3234 5069 3385 5138 pauci
3419 5071 3584 5135 estis,

2000 5158 2150 5211 multi
2206 5168 2380 5213 tamen
2412 5174 2474 5212 ac
2517 5169 2758 5225 potentes
2789 5169 2959 5217 estote
3009 5161 3112 5217 fide
3150 5178 3214 5217 ac
3257 5163 3434 5217 studio
3461 5178 3583 5232 erga
3664 5206 3667 5207 ν

1996 5252 2195 5305 Collum
2233 5251 2343 5304 Dei.
2380 5250 2621 5320 Utigitur
2652 5250 2969 5312 fernteututn
3002 5262 3218 5323 propter
3244 5254 3581 5321 exiguitatem

1997 5342 2259 5397 intbceille
2311 5356 2415 5394 non
2457 5349 2578 5405 est,
2640 5340 2735 5398 sed
2796 5352 3011 5413 propter
3060 5343 3272 5396 insitum
3314 5357 3343 5394 a
3397 5351 3582 5398 natura

1994 5435 2228 5487 odorem
2282 5447 2345 5491 ac
2398 5432 2646 5491 virtutem
2697 5432 2969 5503 qualitatis
3004 5440 3333 5500 exsuperat:
3387 5431 3463 5484 sic
3491 5448 3579 5485 vos

1996 5524 2243 5576 nimirum
2275 5523 2440 5579 multo
2471 5523 2649 5590 plures
2682 5523 2923 5593 poteritis
2946 5522 3011 5575 ad
3038 5522 3283 5576 eumdem
3316 5521 3579 5577 fervorem

1991 5630 2052 5668 ac
2084 5614 2312 5671 studium
2347 5614 2622 5678 reducere,
2652 5613 2695 5666 si
2739 5613 2932 5669 velitis.
2966 5612 3117 5679 Quod
3146 5614 3188 5667 si
3215 5623 3453 5668 testatem
3479 5618 3581 5669 ob—

1993 5707 2209 5763 tendant
2252 5705 2555 5775 :siqoidem
2601 5705 2701 5758 hoc
2741 5720 2950 5774 quoque
3003 5705 3119 5759 ill-s
3173 5707 3333 5761 audio
3384 5707 3571 5762 dicen-

1991 5811 2089 5861 tes,
2134 5798 2431 5853 Vehemens
2477 5811 2616 5851 nunc
2662 5805 2824 5851 :estus
2873 5808 2989 5864 est,
3033 5807 3196 5869 atque
3259 5802 3574 5866 intulerant“

1986 5890 2223 5954 calores;
2285 5904 2387 5941 tmn
2439 5902 2720 5957 possumus
2751 5892 3008 5946 coarctari
3043 5900 3096 5946 et
3146 5893 3197 5955 in
3254 5903 3396 5948 tanta
3425 5895 3575 5955 turba
