4086 6428
435 394 552 449 T75

445 508 750 578 comprimi,
809 507 1039 576 undique
1071 509 1264 561 sudore
1306 504 1630 569 diffluentes,
1673 513 1805 558 testu
1831 503 2033 573 gravati

448 607 505 652 et
555 599 606 652 in
653 598 924 668 angustias
962 597 1160 650 redacti
1192 615 1206 650 :
1236 594 1397 665 pudet
1448 611 1533 650 me
1603 595 1855 661 illorum,
1911 593 2038 648 mihi

445 688 678 754 credite;
729 698 851 742 sunt
881 692 1022 742 enim
1053 687 1338 741 muliebres
1371 686 1455 740 isti
1485 694 1791 756 przetextus,
1831 685 1911 740 vel
1943 699 2038 754 po-

449 780 556 834 tius
602 769 684 834 nc'
712 779 815 833 illis
860 778 1074 849 quidem
1123 777 1188 832 ad
1235 777 1575 833 obtinendam
1621 778 1831 832 veniam
1873 792 2036 832 excu-

446 872 682 926 sationes
729 871 845 925 istzn
896 871 1225 936 sufficerent,
1255 871 1447 940 quibus
1494 869 1733 924 molliora
1760 879 1884 924 sunt
1911 885 2034 924 cor-

450 977 576 1032 pora
624 971 680 1017 et
736 963 1051 1019 imbecillior
1095 972 1304 1017 natura.
1333 963 1667 1032 Quamquam
1696 971 1872 1017 autem
1903 963 2040 1032 ejus-

447 1053 592 1109 modi
637 1052 1002 1110 defensionem
1065 1053 1414 1123 reSponsione
1468 1053 1674 1108 diluere
1703 1063 1857 1123 turpe
1893 1054 2040 1108 vide-

444 1145 610 1212 bitur,
653 1147 1012 1201 nccessarium
1067 1154 1151 1200 est
1189 1155 1386 1199 tamen.
1415 1144 1470 1200 Si
1518 1145 1660 1200 enim
1712 1145 1783 1198 illi
1816 1145 1910 1199 has
1936 1143 2036 1198 ob-

445 1238 667 1294 tendere
713 1239 1084 1294 excusationcs
1129 1254 1234 1292 non
1292 1238 1638 1303 erubescunt,
1670 1238 1838 1292 multo
1868 1237 2037 1307 magis

443 1345 543 1385 nos
569 1332 768 1402 pudere
821 1347 926 1386 non
973 1332 1268 1388 debcthme
1297 1332 1561 1387 refellere.
1611 1332 1746 1399 Quid
1769 1347 1895 1402 ergo
1922 1332 2035 1388 lucc

440 1424 854 1480 obtendentibns
931 1425 1299 1495 opponemus?
1373 1425 1555 1480 Trium
1610 1440 1892 1494 puerorum
1931 1426 2036 1480 illis

440 1517 754 1571 niemoriam
806 1517 928 1572 volo
972 1518 1265 1582 refricare,
1319 1519 1406 1589 qui
1452 1534 1571 1573 cum
1608 1519 1659 1573 in
1713 1518 1926 1574 fornace
1971 1535 2035 1574 ac

439 1606 632 1665 mediis
680 1607 910 1664 ﬂammis
953 1619 1314 1676 versarentur,
1356 1625 1476 1665 cum
1528 1610 1761 1680 undique
1813 1627 1872 1665 se
1917 1627 2035 1665 ecr-

440 1707 629 1754 nerent
675 1699 884 1770 ignibus
939 1701 1193 1767 obsideri,
1245 1703 1336 1772 qui
1385 1703 1436 1756 iu
1481 1717 1563 1766 os,
1620 1703 1672 1756 in
1726 1703 1930 1769 oculos,
1979 1705 2029 1757 in

440 1789 731 1844 anhelitum
759 1791 930 1860 ipsum
983 1793 1334 1858 incurrerent,
1375 1808 1586 1848 sacrum
1628 1792 1777 1847 illum
1827 1802 1881 1848 et
1911 1811 2030 1864 my-

438 1883 635 1938 sticum
666 1882 921 1954 hymnum
967 1899 1088 1939 cum
1115 1886 1372 1940 creaturis
1403 1885 1516 1941 Deo
1559 1901 1751 1940 canere
1779 1902 1883 1941 non
1911 1903 2029 1941 ces-

437 1985 644 2044 sarunt,
677 1977 770 2030 sed
801 1977 1046 2045 alacrius,
1080 1994 1236 2047 quam
1260 1979 1369 2033 siin
1397 1988 1548 2050 prato
1573 1981 1766 2034 versati
1783 1978 2026 2045 fuissent,

438 2075 553 2121 tum
601 2067 652 2121 in
679 2067 856 2123 medio
885 2084 1016 2140 rogo
1044 2078 1244 2124 stantes
1261 2071 1528 2124 communi
1552 2070 1776 2125 Domino
1815 2071 2030 2125 univcr-

436 2172 620 2212 sorum
645 2158 830 2214 laudes
855 2161 1150 2215 offerebant
1175 2159 1338 2230 (Dan.
1365 2163 1421 2231 5)
1452 2179 1465 2214 :
1495 2170 1549 2216 et
1588 2176 1706 2216 cum
1739 2162 1906 2215 tribus
1948 2163 2028 2215 his

439 2251 618 2318 pueris
643 2251 856 2305 leonum
895 2253 946 2306 in
977 2253 1266 2323 Babylone,
1295 2255 1529 2309 Danielis
1565 2263 1619 2308 et
1661 2253 1806 2308 lacus
1837 2252 1944 2324 (Id.
1969 2253 2023 2308 6.

436 2338 737 2412 24);neque
757 2358 882 2396 vero
910 2352 1110 2397 tantum
1129 2343 1308 2412 hujus,
1328 2344 1418 2399 sed
1442 2353 1496 2399 et
1523 2345 1742 2400 alterius
1773 2345 1936 2405 lacus.
1963 2359 2026 2400 ac

437 2433 733 2501 prophetae,
779 2435 999 2504 letique,
1026 2451 1133 2504 quo
1158 2435 1223 2488 ad
1253 2435 1446 2490 collum
1502 2450 1672 2506 usque
1722 2435 2022 2490 sull‘ocaba-

435 2529 524 2576 tur
551 2521 826 2588 Jeremias,
875 2533 932 2577 ut
988 2525 1354 2592 rec0rdentnr,
1389 2526 1506 2579 illos
1535 2527 1759 2580 obsecro
1805 2525 2019 2596 (Jerem.

432 2613 524 2669 58.
553 2613 630 2685 6).
664 2614 730 2668 Et
769 2630 833 2669 ex
874 2615 1093 2670 lacubus
1136 2615 1250 2670 istis
1288 2617 1607 2684 ascendens,
1642 2618 1692 2671 in
1743 2633 2016 2673 carcerem

433 2702 775 2760 introducere
804 2706 934 2761 iStos
959 2707 1099 2772 volo,
1157 2706 1245 2775 qui
1287 2708 1494 2763 calores
1528 2709 1842 2774 obtendunt,
1877 2710 2022 2764 Pau-

433 2794 656 2865 lumque
700 2809 998 2853 monstrare
1026 2815 1090 2854 ac
1116 2800 1279 2854 Silam
1309 2801 1654 2870 compedibus
1683 2803 1788 2857 illic
1815 2819 2022 2873 pra-pe-

436 2887 621 2954 dites,
678 2889 913 2960 vestigiis
965 2890 1246 2945 verberum
1305 2891 1528 2962 plenos,
1597 2894 1790 2962 quibus
1853 2902 2021 2948 totum

438 2994 633 3049 corpus
680 2981 986 3037 vulneribus
1040 2984 1420 3054 plagarumque
1471 2985 1640 3038 fuerat
1684 2985 2021 3040 multitudine

438 3069 749 3135 laceratum,
797 3073 970 3128 media
1021 3083 1174 3129 nocte
1228 3074 1394 3130 Deum
1439 3075 1718 3130 laudantes
1747 3085 1799 3130 et
1842 3090 2021 3130 sacras

438 3164 558 3219 illas
620 3165 825 3234 vigilias
866 3166 1216 3222 celebrantes.
1261 3169 1339 3222 An
1391 3183 1497 3222 non
1542 3169 1682 3222 enim
1729 3168 2018 3223 absurdum

435 3265 522 3310 cst
550 3264 763 3310 sanctos
791 3257 1004 3327 quidem
1051 3258 1189 3321 illos,
1231 3273 1351 3312 cum
1398 3260 1449 3312 in
1491 3257 1726 3324 fornace,
1779 3269 1832 3313 et
1875 3260 2016 3329 ignc,

431 3356 486 3401 et
512 3347 650 3411 lacu,
695 3356 747 3402 et
775 3347 984 3415 belluis,
1035 3357 1090 3403 et
1110 3349 1239 3414 luto,
1271 3365 1511 3417 carcere,
1552 3359 1606 3405 et
1649 3353 2014 3422 compedibus,

432 3440 488 3492 et
537 3438 722 3508 plagis,
751 3448 806 3494 et
853 3442 1154 3510 ergastulis,
1181 3449 1234 3496 et
1283 3442 1628 3499 intolerandis
1671 3454 2010 3500 versarentur

432 3527 606 3590 malis.
652 3529 781 3583 nihil
813 3545 1061 3600 umquam
1088 3531 1277 3610 horum
1309 3535 1545 3603 culpare,
1578 3534 1671 3590 sed
1703 3536 1863 3590 multa
1896 3552 2015 3592 cum

429 3618 596 3673 animi
645 3622 986 3676 contentione
1034 3632 1086 3678 et
1129 3622 1321 3678 ardore
1371 3633 1628 3695 perpetuo
1671 3627 1924 3697 precibus
1962 3638 2018 3684 et

433 3708 648 3778 hymnis
689 3711 855 3764 sacris
896 3726 1111 3780 operam
1143 3712 1292 3777 dare;
1323 3730 1420 3769 nos
1467 3717 1554 3786 qui
1584 3733 1688 3771 non
1717 3718 1875 3772 nllam
1902 3720 2015 3774 exi-

430 3812 611 3866 guam,
667 3815 772 3854 non
823 3818 1065 3872 magnam
1095 3818 1159 3859 ex
1208 3804 1310 3859 illis
1356 3821 1475 3876 qua:
1523 3818 1849 3863 enumeratze
1893 3822 2016 3864 sunt

430 3891 766 3958 passionihus
818 3895 1180 3961 toleravimus,
1223 3896 1292 3950 ob
1323 3907 1510 3952 testem
1551 3908 1606 3953 et
1640 3900 1869 3955 calorem
1901 3919 2013 3954 mo-

427 3980 608 4039 ,dicnm
652 3997 716 4038 ac
766 3983 1039 4048 sudorem,
1088 3995 1284 4041 nostra:
1331 3987 1566 4055 ipsorum
1612 3991 1794 4044 salutis
1830 4007 2010 4046 curam

430 4068 721 4136 deponere,
753 4086 816 4126 ac
867 4074 1065 4129 relictis
1109 4077 1346 4131 collectis
1380 4078 1510 4133 foris
1546 4082 1755 4149 Vagari,
1810 4099 2014 4152 nosque

427 4161 658 4213 antibus
685 4162 1058 4231 depravandos
1097 4166 1418 4232 immiscere,
1457 4170 1509 4223 in
1531 4171 1724 4240 quibus
1748 4173 1875 4227 nihil
1906 4190 2010 4229 non

427 4249 680 4304 vitiosum
721 4263 805 4307 est
847 4262 902 4308 et
930 4258 1280 4324 corruptum?
1330 4259 1530 4316 Tantus
1569 4277 1841 4318 sacrorum
1895 4267 2012 4320 clo--

416 4338 670 4406 quiornm
707 4350 788 4394 est
811 4355 921 4407 ros,
951 4353 1005 4397 et
1043 4355 1229 4400 testem
1259 4347 1479 4416 obiicis?
1518 4350 1694 4421 Aqua,
1722 4369 1871 4423 quam
1919 4372 2011 4426 ego

418 4429 556 4482 dabo
593 4431 656 4495 ei,
689 4433 761 4486 ait
785 4431 1046 4500 Christus,
1096 4437 1180 4505 ﬁet
1209 4439 1260 4490 in
1283 4455 1338 4492 eo
1367 4439 1482 4509 fons
1519 4458 1664 4508 aqum
1685 4443 1914 4499 salientis
1957 4448 2010 4501 in

413 4521 577 4574 mitam
619 4533 858 4580 retentam
892 4525 1069 4598 (Joan.
1097 4529 1260 4601 4.14)
1291 4548 1307 4586 :
1336 4543 1388 4586 et
1442 4549 1625 4588 rursus
1645 4578 1661 4602 ,
1707 4537 1805 4604 Qui
1847 4541 2010 4593 credit

414 4611 478 4662 in
506 4627 602 4677 me,
647 4615 777 4667 sicut
819 4617 948 4670 dixit
989 4620 1275 4688 Scriptura,
1319 4625 1534 4693 ﬂumina
1579 4627 1640 4680 de
1688 4640 1855 4684 centre
1899 4633 2008 4701 ejus

414 4703 584 4771 aﬂuent
637 4721 783 4776 aqua!
821 4709 942 4762 viva:
993 4711 1102 4778 (Id.
1137 4714 1188 4766 7.
1235 4716 1350 4784 38).
1404 4719 1484 4772 An
1530 4731 1604 4783 tu,
1635 4737 1836 4790 quzeso,
1885 4741 2003 4779 Cum

419 4794 563 4848 intus
603 4795 776 4852 futues
803 4798 999 4856 habeas
1028 4815 1081 4857 et
1127 4806 1666 4878 tlnmina‘spiritualia
1690 4856 1704 4879 ,
1755 4818 2003 4871 sensilcm

411 4887 648 4941 calorem
695 4891 893 4947 times?
944 4904 999 4948 at
1051 4895 1102 4949 in
1156 4898 1290 4965 foro,
1343 4917 1546 4970 quzeso,
1606 4907 1691 4959 uhi
1725 4916 1901 4961 tantus
1923 4919 2006 4964 est

406 4978 695 5046 strepitus,
740 4991 816 5036 tot
860 4987 1141 5055 augustizr,
1185 5005 1247 5044 ac
1287 4993 1483 5049 mullus
1512 5006 1691 5057 mstus,
1750 5000 1838 5068 qui
1866 4999 1922 5052 fit
1947 5011 2004 5054 ut

406 5069 702 5126 ροισι-οδε
728 5073 857 5129 solis
891 5077 1135 5133 ardorem
1172 5095 1277 5135 non
1327 5084 1623 5142 obtendas?
1667 5087 1782 5143 Non
1832 5090 1999 5158 enim,

411 5160 625 5228 opinor,
676 5162 726 5217 id
771 5163 951 5221 dicere
1001 5177 1150 5236 potes
1199 5171 1306 5227 illic
1351 5175 1620 5245 frigidiore
1650 5179 1811 5234 licere
1859 5183 2000 5235 aeris

409 5261 600 5308 natura
627 5253 754 5323 frui,
798 5255 884 5313 hic
910 5275 1036 5314 veno
1058 5272 1222 5318 totum
1265 5266 1418 5322 nobis
1457 5270 1736 5325 co!lectum
1765 5274 1998 5329 calorem

410 5345 601 5400 sarvire
632 5364 647 5413 ;
681 5349 806 5418 quin
853 5352 1028 5421 potius
1051 5357 1374 5411 contrarium
1405 5361 1632 5428 penitus,
1671 5362 1756 5417 hie
1783 5365 1996 5432 quidem

409 5434 495 5489 tibi
537 5439 730 5494 crustis
763 5439 982 5511 lapideis
1011 5444 1180 5499 solum
1234 5458 1562 5504 constratum
1593 5460 1696 5515 est,
1727 5463 1776 5508 et
1810 5454 1879 5508 ob
1909 5471 1996 5509 re-

409 5525 608 5596 liquam
660 5530 792 5585 aulis
833 5548 1001 5588 sacrae
1051 5534 1303 5592 fabricam
1363 5538 1658 5609 (siquidem
1692 5543 1743 5595 in
1773 5543 1998 5599 immen-

404 5631 520 5672 Sam
585 5623 817 5690 assurgit
865 5624 1246 5697 altitudinem),
1305 5629 1471 5684 levior
1517 5641 1570 5686 et
1615 5633 1856 5703 frigidior
1914 5647 1996 5691 est

403 5723 498 5763 aer
529 5727 542 5762 :
575 5722 628 5764 at
671 5711 778 5766 illic
811 5716 1012 5768 multus
1042 5719 1275 5788 undique
1300 5721 1378 5773 sol
1411 5721 1648 5789 iri-adiat,
1694 5727 1873 5780 multa:
1900 5744 1995 5781 an-

404 5800 616 5865 gustiae,
643 5800 844 5868 fumus,
877 5803 1068 5873 pulvis,
1109 5818 1160 5862 et
1206 5809 1305 5862 alia
1355 5811 1524 5879 plura,
1570 5829 1687 5882 qum
1729 5817 1984 5886 majorem

1153 393 1208 445 S.
1249 389 1530 446 JOANNIS
1567 386 2405 466 CHRYSUSTOMIARCHIEI‘.
2448 389 2983 446 CONSTANTINOP.

3637 392 3729 443 Πίὶ

2157 503 2272 558 istis
2318 506 2612 558 molestiam
2667 505 2936 559 exhibent.
2986 505 3062 560 Ex
3106 521 3213 576 quo
3257 506 3563 575 intelligitur
3595 505 3733 559 iner-

2151 594 2237 649 tize
2263 603 2317 648 et
2371 595 2610 648 mollitiei
2641 595 2826 659 animi,
2859 596 2949 666 qui
2979 595 3207 665 Spiritus
3236 599 3403 652 sancti
3433 597 3644 651 ﬂamma
3667 599 3732 652 sit

2147 686 2454 753 destitutus,
2518 687 2614 742 has
2658 689 2866 758 ineptas
2920 690 3293 745 excusationes
3335 705 3454 745 esse
3501 691 3731 744 tribuen-

2146 777 2261 832 das.

2219 872 2272 924 5.
2318 870 2441 925 "me
2485 886 2588 925 non
2621 881 2726 926 tam
2767 872 2834 926 ad
2887 873 3006 927 illos
3036 889 3064 926 a
3119 890 3206 929 me
3233 874 3370 928 dicta
3411 874 3731 945 diriguntur,

2145 979 2302 1030 quam
2335 963 2400 1017 ad
2441 979 2555 1028 vos,
2598 966 2686 1035 qui
2738 981 2840 1019 non
2885 967 3004 1022 illos
3032 968 3362 1037 pertraliitis,
3404 968 3493 1039 qui
3535 984 3640 1022 non
3666 968 3734 1021 ab

2146 1055 2333 1110 inertia
2378 1058 2670 1123 revocatis,
2703 1066 2758 1112 et
2795 1059 2862 1112 ad
2890 1059 3175 1114 salutarem
3204 1060 3340 1114 hanc
3368 1075 3606 1115 mensam
3635 1061 3732 1113 ad-

2145 1147 2360 1201 ducitis.
2389 1147 2466 1202 Ac
2493 1149 2631 1202 servi
2656 1149 2869 1218 quidem
2911 1166 3032 1205 cum
3064 1167 3346 1206 commune
3375 1152 3730 1207 ministerium

2143 1238 2338 1293 obituri
2392 1249 2537 1306 sunt,
2594 1241 2856 1296 advocant
2887 1257 3012 1295 suos
3054 1257 3385 1297 conservos:
3435 1257 3530 1296 vos
3579 1259 3730 1309 vero,

2140 1347 2171 1386 a
2221 1333 2412 1402 quibus
2435 1333 2534 1388 hoc
2577 1334 2852 1403 spirituale
2890 1333 3200 1406 obsequium
3227 1334 3586 1390 exhibendum
3625 1344 3726 1396 est,

2141 1437 2430 1478 consertos
2470 1423 2644 1478 sinitis
2685 1435 2888 1478 vestros
2937 1425 3035 1477 hoc
3066 1435 3270 1494 qnzestn
3322 1425 3534 1494 privari.
3567 1424 3726 1490 Quid,

2138 1515 2182 1569 si
2215 1516 2379 1570 nolint
2407 1515 2525 1585 ipsi,
2555 1517 2697 1571 dicet
2737 1517 2960 1586 aliquis?
2993 1516 3155 1572 Eflice
3183 1516 3396 1571 assidue
3443 1515 3724 1581 instando,

2141 1616 2198 1660 ut
2225 1607 2419 1671 velint;
2443 1608 2487 1662 si
2514 1607 2655 1661 enim
2685 1616 2941 1674 urgentes
2969 1624 3066 1662 nos
3099 1609 3350 1674 viderint,
3383 1607 3606 1662 omnino
3635 1622 3728 1661 vo-

2140 1699 2269 1753 lent.
2329 1701 2398 1754 At
2429 1699 2570 1753 enim
2622 1711 2908 1770 pra-textus
2956 1701 3068 1753 hzec
3097 1709 3296 1754 suntet
3329 1699 3464 1755 ficta:
3503 1714 3728 1754 excusa-

2139 1793 2330 1845 tiones.
2384 1791 2552 1859 Quam
2605 1792 2752 1844 multi
2797 1808 3026 1861 namque
3079 1791 3164 1846 hic
3210 1802 3332 1845 sunt
3379 1801 3597 1862 patres,
3635 1780 3756 1860 qui.

2136 1897 2315 1938 secum
2367 1892 2572 1938 stantes
2617 1900 2721 1938 non
2773 1883 2972 1938 habent
3012 1884 3188 1937 filios?
3235 1883 3368 1938 Num
3410 1883 3568 1937 etiam
3603 1880 3727 1935 libc~

2137 1990 2226 2029 ros
2269 1974 2372 2029 huc
2421 1975 2732 2044 pertrahere
2782 1991 2887 2029 non
2933 1975 3178 2045 poteras?
3224 1976 3298 2030 Ex
3351 1990 3458 2045 quo
3501 1983 3725 2045 apparet

2134 2076 2360 2122 ea~teros
2393 2083 2605 2138 quoque
2645 2084 2749 2121 non
2791 2068 2861 2122 ob
2892 2067 3136 2122 inertiam
3187 2077 3388 2122 tantum
3421 2083 3598 2134 suam,
3627 2069 3722 2123 sed

2133 2168 2188 2213 et
2241 2159 2310 2213 ob
2359 2169 2586 2214 vestram
2634 2159 2890 2214 incuriam
2941 2157 3070 2212 foris
3098 2174 3332 2213 manere.
3364 2161 3430 2213 At
3462 2159 3586 2214 licet
3617 2175 3722 2214 non

2133 2252 2299 2320 prius,
2330 2267 2470 2305 nune
2501 2252 2686 2306 saltem
2717 2252 3040 2316 excitamini,
3073 2261 3126 2305 et
3167 2267 3287 2305 cum
3339 2250 3582 2304 membro
3623 2267 3722 2307 suo

2131 2337 2354 2407 quisque
2383 2337 2433 2390 in
2484 2337 2762 2391 ecclesiam
2813 2336 3166 2406 ingrediatur,
3219 2346 3272 2391 et
3327 2347 3476 2406 pater
3528 2337 3716 2400 filium,

2131 2438 2186 2483 et
2226 2429 2522 2498 genitorem
2565 2429 2722 2494 filius,
2757 2438 2810 2482 et
2849 2428 2944 2482 viri
2987 2442 3205 2494 uxores,
3233 2437 3280 2482 et
3328 2429 3469 2481 viros
3499 2443 3716 2494 uxores,

2128 2528 2183 2574 et
2235 2533 2447 2573 servum
2494 2518 2688 2582 herus,
2733 2527 2786 2571 ct
2823 2517 2984 2572 frater
3010 2517 3248 2583 fratrem,
3281 2527 3332 2572 et
3360 2519 3562 2573 amicus
3583 2519 3718 2572 ami-

2129 2625 2250 2665 cum
2294 2613 2508 2673 excitet,
2563 2619 2617 2665 et
2641 2609 2708 2664 ad
2745 2609 2884 2664 hunc
2912 2620 3233 2664 conventum
3274 2608 3715 2680 frequentandum

2130 2703 2387 2772 instiget:
2417 2702 2523 2755 imo
2561 2717 2689 2756 vero
2729 2716 2834 2754 non
2865 2700 3065 2754 amicos
3117 2708 3340 2764 tantum,
3384 2699 3476 2754 sed
3532 2700 3715 2753 inimi-

2126 2809 2219 2849 cos
2267 2793 2426 2848 etiam
2465 2792 2530 2846 ad
2582 2807 2916 2846 communem
2947 2791 3087 2845 lmne
3116 2791 3374 2845 honorum
3403 2792 3713 2846 thesaurum

2129 2884 2435 2939 invitemus.
2488 2882 2543 2938 Si
2588 2899 2769 2937 curam
2801 2882 2991 2938 viderit
3042 2892 3182 2937 tuam
3215 2882 3480 2948 inimicus,
3530 2883 3713 2937 odium

2127 2979 2284 3048 plane
2311 2977 2559 3047 deponet.

2196 3069 2496 3123 Jadworum
2524 3069 2782 3140 diligentia
2810 3069 2942 3121 circa
2962 3068 3242 3122 sabbatum.
3271 3067 3554 3122 Sa'culuria
3591 3071 3714 3124 bene

2125 3161 2432 3228 succedunt,
2482 3160 2526 3215 si
2555 3159 2693 3215 Deus
2735 3161 3149 3214 celatim—Dic
3198 3160 3273 3215 illi
3325 3178 3338 3214 ε
3385 3160 3498 3215 Non
3553 3178 3709 3216 vere-

2125 3253 2396 3318 cundaris,
2425 3267 2522 3307 nec
2550 3252 2822 3307 erubescis
2865 3248 3116 3320 Judzeos,
3148 3251 3236 3321 qui
3269 3259 3411 3306 tanta
3441 3267 3560 3306 cum
3589 3253 3713 3306 dili-

2125 3344 2300 3412 gentia
2345 3342 2622 3396 sabbatum
2665 3341 2993 3408 custodiunt,
3026 3351 3183 3412 atque
3209 3343 3276 3397 ab
3327 3343 3437 3412 ipsa
3474 3343 3584 3412 jam
3616 3359 3708 3398 ve-

2123 3449 2279 3506 Spera
2306 3434 2374 3488 ab
2413 3435 2558 3488 omni
2606 3449 2768 3504 opere
2814 3434 3117 3490 abstinent?
3161 3435 3312 3503 Quod
3345 3437 3390 3491 si
3420 3437 3508 3492 die
3543 3437 3708 3493 Para-

2122 3545 2307 3584 sccvcs
2333 3528 2502 3583 solem
2533 3529 2745 3583 videant
2773 3527 2839 3582 ad
2869 3543 3114 3584 occasum
3157 3541 3485 3600 vergentem,
3516 3540 3570 3588 et
3617 3549 3712 3602 pa-

2121 3630 2206 3677 cta
2237 3621 2576 3687 rescindunt,
2606 3629 2659 3675 et
2705 3621 3003 3691 emptiones
3035 3622 3445 3692 interrumpunt.
3475 3623 3624 3691 Quod
3661 3626 3704 3680 si

2119 3717 2240 3786 quis
2273 3731 2392 3770 cum
2446 3725 2568 3768 ante
2606 3729 2879 3784 chperam
2927 3715 3162 3778 emisset,
3221 3731 3440 3786 vesliere
3488 3718 3707 3772 veniens

2122 3805 2348 3877 pretium
2397 3805 2604 3870 afferat,
2657 3821 2760 3859 non
2791 3805 3055 3860 sustinent
3101 3807 3367 3875 accipere,
3415 3821 3514 3860 nec
3535 3822 3696 3876 pecua

2119 3900 2258 3952 niam
2277 3898 2582 3952 admittunt.
2627 3897 2762 3964 Quid
2795 3897 2913 3950 dico
2950 3898 3174 3966 pretium
3206 3913 3382 3951 rerum
3414 3897 3700 3964 venalium,

2118 3998 2172 4045 ct
2223 3990 2412 4059 pacta?
2455 3989 2700 4059 quamvis
2751 3988 3056 4043 thesaurum
3101 3987 3344 4056 accipere
3377 3988 3579 4053 liceret,
3616 3988 3701 4043 lu-

2118 4099 2267 4137 crum
2319 4081 2443 4136 illud
2491 4081 2705 4135 tnaflcnt
2759 4082 3027 4145 amittere,
3073 4097 3232 4150 quam
3275 4081 3442 4152 legem
3473 4082 3693 4136 violare.

2118 4175 2328 4244 Ergone
2374 4173 2563 4236 Jndmi,
2617 4173 2825 4228 tametsi
2879 4173 3044 4242 legem
3101 4173 3472 4243 intempestive
3519 4186 3699 4228 custo-

2115 4266 2286 4332 diant,
2329 4266 2397 4320 ita
2443 4275 2565 4318 sunt
2612 4273 2856 4318 accurate
2887 4264 3202 4332 diligentes,
3250 4275 3302 4318 et
3352 4265 3418 4318 ita
3475 4264 3697 4318 studioi

2116 4365 2241 4413 sunt
2270 4355 2675 4418 observationis,
2723 4371 2838 4424 qme
2869 4355 2997 4408 nihil
3029 4355 3106 4410 eis
3147 4355 3382 4423 prodest,
3415 4356 3522 4409 imo
3541 4359 3696 4410 etiam

2118 4456 2320 4501 uocet:
2375 4458 2428 4500 tu
2467 4447 2553 4515 qni
2595 4445 2703 4514 jam
2748 4445 2932 4498 umbra
2975 4446 3218 4514 superior
3269 4461 3357 4511 es,
3395 4447 3478 4500 cui
3531 4447 3694 4500 solem

2109 4540 2326 4609 jlls‘lillm
2370 4539 2550 4594 videre
2588 4553 2899 4593 concessum
2951 4548 3050 4600 est.
3100 4539 3186 4607 qui
3212 4538 3321 4608 jam
3353 4539 3418 4593 ad
3447 4540 3696 4594 ca‘lorum

2113 4633 2491 4702 municipatum
2539 4633 2796 4702 pertines,
2831 4647 2899 4686 ne
2949 4632 3189 4687 eamdi-tn
3221 4631 3434 4702 quidem
3463 4648 3581 4686 cum
3611 4634 3688 4696 iis,

2112 4725 2200 4794 qui
2238 4724 2364 4777 vitio
2409 4723 2777 4792 intempestive
2815 4722 2950 4776 adha
2971 4733 3128 4788 rent,
3170 4723 3584 4778 sollicitudinem
3633 4739 3694 4777 ac

2111 4815 2341 4869 Studium
2373 4815 2612 4878 exhibes,
2658 4827 2712 4868 tu
2747 4814 2830 4869 cui
2860 4815 3052 4868 veritas
3086 4815 3197 4884 ipsa
3225 4823 3306 4869 est
3343 4815 3573 4881 credita;
3602 4815 3692 4869 sed

2111 4906 2174 4959 ad
2199 4905 2462 4961 modicam
2491 4905 2594 4959 diei
2629 4915 2830 4974 partem
2851 4905 2952 4959 huc
2975 4915 3211 4970 vocatus,
3245 4921 3313 4960 ne
3335 4921 3451 4960 eam
3480 4905 3691 4974 quidem

2114 5011 2387 5050 sacrorum
2419 4996 2750 5064 cloquiorum
2801 4995 3062 5049 auditioni
3089 4995 3323 5065 dignaris
3350 4996 3693 5064 impendere?

2107 5103 2264 5156 quam
2317 5086 2528 5140 tandem
2571 5087 2800 5153 veniam,
2852 5101 3052 5157 qna‘so,
3084 5088 3276 5141 mereri
3315 5087 3689 5157 queas?quam

2105 5195 2235 5234 vero
2252 5179 2452 5249 poteris
2479 5180 2764 5249 legitimam
2785 5180 3041 5248 ctjustatn
3061 5181 3457 5234 excusationem
3477 5181 3691 5234 alferrc?

2103 5271 2222 5330 Non
2288 5279 2465 5341 potest
2521 5273 2656 5337 fieri,
2715 5272 2868 5340 plane
2917 5287 3021 5326 non
3068 5281 3279 5340 potest,
3339 5282 3396 5326 ut
3441 5273 3527 5342 qni
3587 5282 3687 5326 tam

2105 5362 2376 5432 negligens
2405 5362 2473 5415 sit
2503 5378 2565 5416 ac
2597 5361 2777 5432 piger,
2809 5379 3058 5432 umquam
3090 5364 3241 5418 venia
3279 5363 3469 5434 dignus
3499 5363 3691 5418 habea-

2105 5461 2211 5518 tur,
2241 5453 2364 5508 licet
2385 5453 2576 5508 millies
2601 5454 2932 5507 saecularium
2954 5455 3286 5524 negotiorum
3318 5457 3688 5524 occupationes

2102 5546 2375 5602 obtendat.
2418 5546 2620 5608 Nescis,
2664 5547 2708 5600 si
2741 5547 2844 5602 huc
2887 5550 3107 5603 veniens
3151 5549 3316 5603 Deum
3361 5549 3683 5612 adoraveris,

2101 5646 2154 5691 et
2203 5646 2497 5692 eiuventus
2555 5638 2706 5692 istius
2757 5638 3022 5708 particeps
3080 5640 3280 5707 fueris,
3330 5653 3391 5693 ea
3419 5656 3537 5709 qua:
3582 5655 3685 5708 prre

2103 5729 2345 5784 manibus
2395 5740 2518 5783 sunt
2547 5730 2757 5799 negotia
2804 5731 2971 5784 facilia
3011 5731 3102 5784 tibi
3130 5741 3184 5785 et
3226 5730 3470 5801 expedita
3500 5731 3685 5785 reddi?

2101 5821 2454 5878 Saecularibus
2515 5821 2654 5877 curis
2711 5823 3004 5891 premeris?
3058 5823 3251 5879 Earum
3304 5824 3461 5895 igitur
3527 5835 3683 5877 causa
