4086 6440
370 419 474 476 175

284 580 289 583 Α
365 556 477 602 τον,
499 535 599 588 οὑκ
623 530 879 605 ίσχύομεν
906 535 1356 608 στενοχωρεῖσθαι
1377 538 1472 590 καὶ
1492 532 1772 590 θλίϐεσθαι
1793 533 1850 586 ἐν
1872 528 1952 600 τῷ

365 622 582 694 πλήθει.
617 617 800 687 ἱδρῶτι
829 619 1095 673 πάντοθεν
1130 620 1549 693 πριρῤεόμενοι
1591 622 1687 674 καῖ⁵
1716 616 1956 689 ἀχθόμε-

364 723 443 759 νοι
491 705 559 773 τῇ
604 701 781 773 θέρμῃ
826 701 923 755 καὶ
959 704 1025 772 τῇ
1071 702 1437 774 στενοχωρίᾳ·
1476 701 1805 774 αἰσχύνομαι
1856 698 1957 770 μὲν

366 788 506 858 ὑπὲρ
552 783 755 848 αὐτῶν,
794 784 1161 838 πιστεύσατεο
1204 784 1562 853 γυναικώδεις
1596 785 1705 856 γάρ
1732 785 1790 838 αἱ
1820 782 1957 853 σκή-

363 870 509 937 ψεις,
557 865 761 938 μᾶλλον
787 865 845 920 δέ
883 865 1008 922 οὑδέ
1049 867 1286 931 ἐκείναις
1323 869 1462 939 πρὸς
1492 866 1820 937 συγγνώμην
1855 864 1958 935 ἀρ-

366 952 563 1005 κοῦσαι
592 952 650 1003 αι
692 952 992 1019 προφάσεις
1020 988 1038 1015 ,
1063 943 1155 1014 αἷς
1197 950 1558 1022 μαλακώτερα
1586 950 1655 1004 τά
1696 947 1954 1018 σώματα,

367 1035 461 1087 καὶ
502 1031 869 1102 ἀσθενεστέρα
910 1034 945 1104 ή
991 1030 1174 1104 φύσις.
1218 1034 1365 1106 Πλὴν
1404 1036 1455 1087 εί
1504 1035 1599 1088 καὶ
1639 1032 1865 1103 αἰσχρὸν
1895 1030 1958 1084 τὸ

364 1114 775 1186 ἀποκρίνασθαι
818 1115 956 1188 πρὸς
1006 1116 1107 1187 τὴν
1154 1116 1411 1188 τοιαύτην
1461 1115 1780 1186 ἀπολογίαν,
1839 1114 1956 1167 ἀλλ’

363 1202 666 1269 ἀναγκαῖον
694 1199 862 1270 ὅμως.
897 1199 962 1253 Εἰ
989 1198 1099 1269 γὰρ
1122 1201 1323 1253 ἐκεῖνοι
1341 1199 1566 1253 τοιαῦτα
1600 1198 1957 1272 προφασίζον-

362 1300 477 1344 ται,
510 1284 607 1336 καὶ
637 1283 737 1335 οὐκ
763 1280 1081 1353 ἐρυθριῶσι,
1127 1281 1308 1350 πολλῷ
1333 1281 1534 1353 μᾶλλον
1563 1283 1710 1353 ἡμᾶς
1742 1281 1844 1334 οὑκ
1872 1280 1956 1333 αί-

366 1365 659 1437 σχύνεσθαι
695 1364 803 1435 χρὴ
844 1364 983 1435 πρὸς
1022 1363 1192 1419 ταῦτα
1227 1364 1627 1433 ἀντιλέγοντας.
1661 1363 1725 1415 Τί
1756 1358 1850 1417 οῦν
1880 1362 1958 1415 εί-

366 1465 528 1518 ποιμι
564 1450 671 1509 τοῖς
703 1446 874 1499 ταῦτα
895 1446 1356 1518 προϐαλλομένοις
1376 1463 1390 1512 ;
1412 1446 1534 1499 Τῶν
1562 1445 1728 1517 τριῶν
1751 1445 1957 1498 παίδων

366 1530 678 1599 ἀναμνῆσαι
691 1530 888 1592 αὐτοὺς
903 1527 1165 1599 βούλομαι
1187 1527 1296 1581 τῶν
1314 1532 1371 1582 ἐν
1387 1531 1452 1599 τῇ
1471 1528 1689 1599 καμίνῳ
1712 1529 1807 1581 καὶ
1822 1529 1878 1580 ἐν
1890 1528 1955 1597 τῇ

369 1611 551 1681 φλογὶ,
569 1611 618 1661 οῖ
644 1610 984 1681 πανταχόθεν
1009 1612 1192 1675 αὑτοῖς
1222 1614 1544 1683 περιτρέχον
1571 1610 1633 1663 τὸ
1662 1609 1775 1681 πῦρ
1788 1608 1959 1681 ὁρῶν-

366 1711 480 1758 τες,
507 1694 601 1746 καὶ
624 1693 704 1764 τῷ
721 1695 950 1765 στόματι
968 1695 1185 1758 καὶτοῖς
1204 1693 1518 1764 ὀφθαλμοῖς,
1533 1695 1627 1745 καὶ
1646 1693 1783 1763 αὐτῇ
1805 1708 1960 1762 περι-

370 1777 670 1847 κεχυμένον
698 1780 764 1847 τῇ
798 1779 1065 1848 ἀναπνοῇ,
1096 1777 1197 1829 οὑκ
1220 1776 1531 1830 ἐπαύσαντο
1554 1775 1644 1829 τὸν
1686 1775 1831 1847 ἱερὸν
1866 1775 1960 1827 καὶ

373 1859 634 1931 μυστικὸν
669 1862 878 1913 ἐκεῖνον
926 1859 1097 1930 ὕμνον
1140 1859 1361 1931 ᾄδοντες
1398 1858 1477 1930 τῷ
1518 1859 1639 1929 Θεῷ
1682 1858 1820 1929 μετά
1857 1858 1958 1928 τῆς

370 1945 625 2009 κτίσεως,
647 1944 783 1997 ἀλλά
810 1945 919 1998 τῶν
948 1944 1005 1997 ἐν
1034 1942 1260 2014 λειμῶνι
1287 1942 1688 2014 διατριϐόντων,
1730 1943 1789 1994 ἐν
1819 1942 1960 2013 μέσῃ

370 2030 492 2083 τότε
513 2028 746 2090 ἑστῶτες
772 2030 839 2098 τῇ
866 2029 1036 2098 πυρᾷ,
1057 2027 1466 2099 προθυμότερον
1481 2026 1580 2098 τὴν
1595 2026 1868 2097 εὐφημίαν
1882 2026 1960 2096 τῷ

371 2109 547 2181 κοινῷ,
572 2109 680 2162 τῶν
712 2110 848 2164 ὅλων
882 2110 1203 2182 ἀνέπεμπον
1247 2110 1519 2180 Δεσπότῃο
1551 2108 1646 2162 καὶ
1686 2108 1827 2179 μετά
1854 2107 1961 2160 τῶν

369 2194 539 2266 τριῶν
579 2194 784 2246 παίδων
828 2192 1055 2257 τούτων,
1094 2194 1203 2246 τῶν
1249 2192 1479 2246 λεόντων
1519 2191 1701 2255 αὑτοῖς
1739 2190 1849 2244 τῶν
1903 2191 1961 2243 ἐν

370 2276 682 2342 Βαϐυλῶνι,
721 2277 815 2330 καὶ
845 2276 938 2329 τοῦ
972 2275 1172 2346 Δανιὴλ
1210 2277 1303 2328 καὶ
1335 2273 1431 2328 τοῦ
1466 2274 1705 2328 λάκκου⁶
1754 2273 1874 2344 οὐχὶ
1905 2272 1961 2326 δὲ

370 2372 564 2426 τούτου
599 2371 783 2442 μόνου,
808 2369 945 2422 ἀλλά
974 2370 1069 2422 καὶ
1094 2368 1282 2439 ἐτέρου
1307 2367 1510 2422 λάκκου
1533 2368 1628 2421 καὶ
1657 2368 1961 2437 προφήτου,

373 2459 471 2513 καὶ
498 2458 762 2530 βορϐόρου
795 2457 959 2528 μέχρι
994 2456 1265 2527 τραχήλου
1298 2456 1389 2509 τὸν
1422 2454 1694 2525 Ἱερεμίαν
1728 2451 1963 2507 ἀποπνί⁴

372 2558 566 2612 γοντος
611 2539 1032 2611 ἀναμνησθῆναι
1066 2539 1229 2594 πάλιν
1268 2538 1468 2601 αὑτοὺς
1502 2536 1656 2603 ἀξιῶ.
1703 2536 1814 2589 Καὶ
1855 2533 1965 2588 ἀπὸ

370 2625 486 2680 τῶν
513 2624 731 2678 λάκκων
760 2621 912 2695 [160]
946 2623 1177 2687 ἀναϐὰς,
1205 2624 1518 2691 εἰσαγαγεῖν
1548 2622 1628 2684 είς
1658 2619 1718 2673 τὸ
1748 2619 1961 2689 δεσμω-

374 2710 565 2780 τήριον
593 2706 855 2778 βούλομαι
876 2704 1097 2770 τούτους
1129 2708 1256 2770 τοὺς
1278 2705 1339 2759 τὸ
1369 2703 1561 2775 καῦμα
1591 2701 1964 2776 προϐαλλομέ-

373 2809 520 2856 νους,
551 2792 644 2844 καὶ
673 2789 844 2855 δεῖξαι
874 2790 964 2843 τὸν
998 2790 1211 2844 Παῦλον
1256 2792 1372 2842 ἐκεῖ
1406 2791 1500 2842 καὶ
1542 2788 1635 2840 τὸν
1676 2786 1835 2839 Σίλαν
1885 2785 1964 2857 τῷ

375 2878 521 2953 ξύλῳ
555 2877 811 2948 προσδεδε
822 2876 1037 2948 μένους,
1072 2875 1357 2947 μωλώπων
1383 2876 1655 2945 γέμοντας
1684 2873 1779 2926 καὶ
1798 2890 1965 2944 τραυ-

379 2963 587 3033 μάτων,
618 2960 697 3032 τῷ
724 2954 921 3031 πλήθει
948 2958 1058 3013 τῶν
1093 2958 1318 3030 πληγῶν
1352 2960 1497 3013 ἀπαν
1526 2955 1964 3022 καταξανθέντας

376 3045 439 3099 τὸ
469 3043 648 3115 σῶμα,
686 3047 744 3098 ἐν
782 3043 921 3115 μέσῃ
948 3045 1016 3114 τῇ
1044 3042 1201 3097 νυκτὶ
1229 3042 1322 3096 τὸν
1348 3040 1480 3095 Θεὸν
1511 3038 1838 3110 ὑμνοῦντας,
1871 3041 1967 3093 καὶ

373 3129 476 3198 τὴν
510 3126 658 3199 ἱεράν
687 3127 907 3195 ἐκείνην
930 3125 1231 3195 παννυχίδα
1261 3123 1664 3186 ἐπιτελοῦντας.
1701 3122 1825 3186 Πῶς
1858 3122 1966 3193 γάρ

372 3212 479 3265 οὐκ
504 3211 703 3266 ἄτοπον
731 3211 859 3273 τοὺς
886 3210 985 3281 μὲν
1007 3209 1199 3277 ἁγίους
1226 3207 1492 3271 ἐκείνους,
1522 3208 1579 3259 ἐν
1605 3205 1842 3276 καμίνῳ,
1871 3207 1966 3259 καὶ

376 3293 537 3366 πυρὶ,
580 3294 675 3347 καὶ
718 3292 945 3363 λάκκῳ,
990 3294 1087 3347 καὶ
1131 3292 1378 3363 θηρίοις,
1416 3292 1512 3347 καὶ
1546 3288 1830 3361 βορϐόρῳ,
1872 3290 1967 3343 καὶ

374 3375 753 3448 δεσμωτηρίῳ,
793 3377 890 3428 καὶ
926 3374 1091 3447 ξύλῳ,
1126 3377 1221 3429 καὶ
1246 3375 1505 3447 πληγαῖς,
1548 3374 1644 3428 καὶ
1676 3372 1965 3443 φυλακαῖς,

375 3462 609 3525 καὶτοῖς
650 3460 945 3531 ἀφορήτοις
983 3459 1145 3524 ὄντας
1177 3460 1405 3526 δεινοῖς,
1437 3462 1607 3533 μηδὲν
1646 3466 1854 3521 τούτων
1882 3468 1967 3521 αἱ-

375 3544 595 3599 τιάσθαι
629 3543 849 3597 πώποτε
869 3584 884 3608 ,
918 3543 1055 3598 ἀλλά
1104 3544 1243 3615 μετά
1290 3545 1488 3601 πολλοῦ
1536 3547 1632 3602 τοῦ
1676 3551 1831 3605 τόνου
1873 3550 1968 3604 καῖ⁵

379 3627 662 3700 προθυμίᾳ
694 3626 892 3699 ζεούσῃ
924 3627 1110 3699 εὑχαῖς
1136 3629 1231 3682 καὶ
1271 3627 1464 3700 ὕμνοις
1503 3632 1668 3702 ίεροῖς
1702 3633 1968 3706 ἐνδιατρί-

377 3711 499 3763 ϐειν
525 3708 812 3781 διηνεκῶς.
844 3710 991 3780 ήμᾶς
1023 3710 1079 3763 δέ
1111 3711 1171 3764 οὑ
1211 3712 1428 3783 μικρὸν,
1456 3714 1518 3767 οὑ
1547 3716 1692 3785 μέγα
1717 3716 1826 3770 τῶν
1858 3718 1968 3771 ἀπ-

376 3792 775 3864 ηριθμημένων
802 3793 1208 3864 ὑπομείναντας
1244 3795 1453 3862 παθῶν,
1497 3796 1586 3851 διὰ
1616 3797 1835 3870 καῦμα,
1872 3798 1966 3852 καὶ

378 3888 591 3960 θέρμην
615 3887 872 3960 βραχεῖαν
901 3889 996 3942 καί
1028 3888 1249 3961 ἱδρῶτα,
1278 3889 1378 3960 τῆς
1405 3890 1614 3956 οἰκείας
1636 3893 1818 3947 αὑτῶν
1838 3895 1968 3965 άμεο

377 3979 493 4033 λεῖν
525 3980 833 4051 σωτηρίας,
870 3981 964 4033 καὶ
996 3979 1095 4043 τὰς
1128 3980 1378 4047 συνάξεις
1406 3982 1640 4052 ἀφέντας
1669 3984 1774 4051 ἔξω
1827 3985 1965 4039 πλα-

377 4070 607 4135 νᾶσθαι,
660 4071 940 4140 συλλόγοις
983 4072 1521 4144 προσφθειρομένους
1551 4076 1705 4131 οὐδὲν
1751 4076 1966 4148 ἔχουσιν

378 4164 564 4231 ὑγιέςς
599 4161 848 4232 Τοσαύτη
880 4161 1072 4233 δρόσος
1107 4164 1216 4216 τῶν
1244 4162 1404 4217 θείων
1426 4164 1746 4234 λογίων,καὶ
1775 4168 1968 4240 καῦμα

379 4251 696 4328 προϐάλλῃς
732 4252 800 4309 T6
837 4253 993 4322 ὕδωρ
1015 4295 1029 4320 ,
1080 4252 1113 4307 6
1142 4254 1257 4324 ἐγὼ
1307 4255 1479 4310 δώσω
1524 4257 1705 4325 αὐτῷ,
1742 4261 1907 4332 φησὶν
1936 4263 1967 4315 6

377 4350 635 4419 Χριστὸς,
668 4349 983 4420 γενήσεται
1025 4349 1097 4403 ἐν
1136 4348 1298 4416 αὑτῷ
1332 4351 1495 4421 πηγὴ
1526 4353 1746 4421 ὕδατος
1785 4355 1967 4410 ἀλλο-

376 4444 564 4513 μένου
605 4446 692 4508 εἷς
716 4440 868 4509 ζωὴν
899 4441 1158 4497 αἰώνιον·
1194 4444 1289 4497 καὶ
1337 4444 1523 4511 πάλιν,
1568 4445 1622 4498 '0
1663 4448 1968 4503 πιστεύων

376 4538 464 4600 είς
489 4534 613 4603 ἐμὲ,
639 4534 833 4601 καθὼς
879 4531 1051 4589 εἶπεν
1099 4537 1138 4606 ἠ
1177 4536 1414 4606 Γραφὴ,
1444 4538 1698 4609 ποταμοί
1748 4540 1815 4595 ἐκ
1854 4540 1966 4610 τῆς

379 4625 614 4691 κοιλίας
642 4625 828 4679 αὐτοῦ
860 4627 1201 4697 ῥεύσουσιν
1235 4626 1454 4695 ὕδατος
1486 4627 1722 4697 ζῶντος.
1774 4632 1965 4702 Πηγάς

380 4712 543 4781 ἔχων,
582 4712 700 4766 εἰπέ
730 4730 841 4784 μοι,
879 4715 973 4767 καὶ
1004 4716 1283 4785 ποταμοὺς
1319 4721 1742 4789 πνευματικοὺς,
1776 4721 1964 4794 καῦμα

376 4802 623 4867 δέδοικας
645 4806 922 4877 αἰσθητόν;
953 4806 1043 4860 ἐπὶ
1069 4806 1137 4860 ’δὲ
1170 4809 1267 4880 τῆς
1300 4810 1523 4880 ἀγορᾶς,
1550 4811 1673 4864 εἰπέ
1700 4829 1810 4882 μοι,
1835 4812 1963 4868 ἔνθα

379 4891 636 4955 τοσοῦτος
670 4892 898 4964 θόρυϐος
932 4895 1028 4948 καὶ
1061 4898 1398 4968 στενοχωρία
1440 4897 1535 4952 καὶ
1568 4899 1737 4965 πολὺς
1764 4899 1792 4953 6
1825 4903 1964 4956 καύ·

382 4999 516 5044 σων,
553 4982 671 5046 πῶς
702 4983 763 5036 οὑ
799 4982 1075 5055 προϐάλλῃ
1112 4988 1302 5053 πνῖγος
1342 4988 1437 5040 καὶ
1469 4987 1714 5060 θέρμην;
1746 4991 1820 5044 Οὑ
1856 4991 1964 5064 γάρ

379 5072 448 5143 δὴ
467 5072 624 5126 τοῦτο
652 5070 796 5144 ἔχεις
827 5074 891 5127 ἀν
912 5076 1106 5141 εἰπεῖν,
1131 5076 1213 5129 ὅτι
1246 5079 1364 5129 ἐκεῖ
1390 5078 1488 5149 μὲν
1506 5078 1849 5151 ψυχροτέρας
1867 5083 1966 5153 τῆς

380 5164 478 5217 τοῦ
516 5162 674 5235 ἀέρος
705 5163 918 5233 φύσεως
945 5164 1094 5219 ἐστιν
1123 5166 1438 5235 ἀπολαύειν,
1468 5169 1702 5225 ἐνταῦθα
1735 5172 1791 5224 δὲ
1820 5174 1965 5227 ἀπαν

382 5255 515 5324 ἡμῖν
533 5255 794 5324 συνῆκται
804 5256 866 5308 τὸ
880 5256 1087 5325 πνῖγος,
1108 5258 1246 5312 ἀλλά
1264 5260 1371 5312 πᾶν
1383 5261 1714 5329 τούναντίον,
1734 5263 1966 5318 ἐνταῦθα

385 5345 488 5416 μὲν
520 5345 615 5399 καὶ
652 5347 759 5400 ἀπὸ
786 5347 887 5417 τῆς
916 5346 1286 5422 ὑποκειμένης
1329 5351 1556 5417 πλακὸς,
1593 5354 1686 5408 καὶ
1720 5354 1829 5407 ἀπὸ
1866 5356 1966 5427 τῆς

378 5435 550 5505 ἄλλης
563 5436 658 5489 τοῦ
679 5436 829 5490 οἴκου
845 5439 1194 5509 κατασκευῆς
1217 5447 1232 5507 (
1254 5442 1348 5494 καὶ
1364 5443 1472 5514 γάρ
1488 5444 1566 5506 είς
1589 5443 1722 5513 ὖψος
1738 5444 1969 5515 ἀνέστη-

381 5543 480 5581 κεν
511 5525 750 5595 ἀφατον)
791 5529 1121 5600 κουφότερος
1146 5531 1239 5583 καὶ
1270 5532 1605 5605 ψυχρότερος
1635 5537 1663 5588 6
1690 5536 1819 5605 ἀήρ·
1853 5537 1969 5589 ἐκεῖ

376 5617 437 5671 δέ
463 5617 630 5682 πολὺς
660 5618 760 5689 μὲν
790 5619 939 5690 ἥλιος
963 5620 1263 5693 πανταχοῦ,
1287 5622 1456 5694 πολλὴ
1487 5623 1544 5676 δέ
1572 5626 1604 5695 ή
1636 5626 1967 5696 στενοχωρία

378 5710 477 5763 καὶ
517 5711 722 5775 καπνὸς
751 5711 845 5765 καὶ
868 5712 1037 5777 κόνις,
1080 5714 1173 5767 καὶ
1203 5714 1366 5786 ἕτερα
1390 5714 1572 5786 πολλῷ
1601 5716 1821 5771 πλείονα
1846 5719 1967 5771 τού-

377 5819 490 5857 των
518 5802 863 5857 ἐπιτείνοντα
895 5803 992 5875 τὴν
1024 5804 1236 5876 ἀηδίαν.
1272 5806 1436 5860 Ὅθεν
1470 5807 1651 5878 δῆλον,
1685 5809 1768 5863 ότι
1805 5810 1963 5882 ρᾳθυ-

1336 419 1400 475 IN
1440 418 1670 488 ILLUD,
1713 418 1773 474 SI
1806 405 2185 474 ΕὸυιὶῘΕΙῖΙἸΔ
2226 417 2556 483 INIMICUS,
2600 419 2753 476 ETC.

3533 415 3656 477 I76

2062 530 2192 601 μίας
2222 534 2317 587 καὶ
2344 532 2523 604 ψυχῆς
2559 533 3022 597 ἀναπεπτωκυίας
3049 531 3146 587 καὶ
3185 530 3288 604 τῆς
3331 530 3427 587 τοῦ
3468 533 3642 588 Πνεύ-

2060 638 2229 692 ματος
2258 620 2456 691 φλογὸς
2488 621 2942 694 ἀπεστερημένης
2973 613 3133 675 αὗται
3161 620 3227 674 αἱ
3252 620 3556 693 προφάσεις
3585 627 3649 679 αί

2057 712 2262 782 ἄλογοι.
3430 772 3437 779 _

2125 803 2175 873 γ’
2180 803 2388 858 ,Ταῦτα
2405 804 2526 875 οὑχ).
2544 803 2683 874 πρὸς
2700 804 2942 867 ἐκείνους
2955 804 3210 858 τοσοῦτον
3223 803 3647 874 ἀποτεινόμενος

2057 898 2204 966 λέγω
2228 895 2345 959 νῦν,
2375 896 2499 949 ὅσον
2545 896 2683 966 πρὸς
2714 896 2859 967 ὑμᾶς
2892 898 3020 960 τοὺς
3052 896 3152 950 οὑκ
3182 896 3605 967 ἐπισπωμένους
3628 935 3645 961 ,

2056 992 2185 1054 τοὺς
2208 991 2307 1044 οὑκ
2334 989 2669 1053 ἀνιστῶντας
2698 989 2896 1052 αὑτοὺς
2925 990 3033 1042 ἀπὸ
3060 990 3160 1060 τῆς
3194 987 3470 1061 ῥᾳθυμίας
3488 1028 3504 1056 ,
3551 989 3649 1042 καὶ

2061 1082 2197 1153 πρὸς
2226 1081 2326 1152 τὴν
2360 1081 2637 1152 σωτηρίαν
2670 1079 2875 1151 ταύτην
2908 1079 3166 1144 ἕλκοντας
3198 1078 3497 1150 τράπεζαν.
3533 1078 3648 1132 Καὶ

2056 1170 2267 1223 οἰκέται
2301 1170 2402 1239 μὲν
2448 1169 2635 1240 κοινὴν
2677 1167 2964 1240 μέλλοντες
3004 1166 3314 1237 ἐκπληροῦν
3345 1166 3643 1226 διακονίαν.

2056 1265 2184 1327 τοὺς
2212 1261 2395 1316 αὑτῶν
2429 1262 2749 1325 συνδούλους
2789 1259 3065 1315 καλοῦσιν·
3109 1260 3272 1330 ὑμεῖς
3310 1259 3368 1313 δέ
3415 1259 3509 1312 ἐπὶ
3545 1259 3647 1331 τὴν

2060 1354 2435 1426 πνευματικὴν
2461 1354 2665 1426 ταύτην
2700 1353 2985 1425 μέλλοντες
3024 1353 3272 1423 ἀπαντᾷν
3319 1352 3649 1423 ὑπηρεσίαν,

2060 1448 2352 1519 περιοράτε
2385 1447 2511 1510 τοὺς
2540 1443 2861 1517 ὁμοδούλους
2899 1443 2991 1496 τοῦ
3032 1443 3260 1514 κέρδους
3304 1442 3644 1513 ἀποστερου-

2063 1541 2277 1609 μένους.
2336 1539 2401 1591 Τί
2446 1533 2560 1603 οῦν,
2602 1538 2651 1590 εί
2702 1535 2777 1607 μὴ
2823 1534 3129 1605 βούλοιντο,
3187 1532 3356 1605 φησί;
3412 1531 3649 1601 Ποίησον

2061 1633 2260 1696 αὐτοὺς
2297 1632 2626 1705 βουληθῆναι
2659 1635 2726 1704 τῇ
2770 1634 2990 1704 συνεχεῖ
3029 1629 3392 1704 προσεδρείᾳ*
3437 1627 3504 1681 ἀν
3536 1627 3647 1699 γὰρ

2064 1722 2248 1776 ἴδωσιν
2316 1722 2700 1792 ἐπικειμένους
2754 1724 2937 1794 ἡμᾶς,
2995 1720 3216 1784 πάντως
3271 1717 3643 1790 βουλήσονται.

2077 1815 2239 1869 Ἀλλά
2268 1814 2374 1887 γὰρ
2408 1815 2609 1885 σκῆψις
2648 1816 2821 1869 ταῦτα
2856 1815 2950 1869 καὶ
2988 1816 3279 1885 πρόφασις.
3319 1812 3485 1865 Πόσοι
3516 1811 3649 1879 γοῦν

2062 1906 2298 1961 ἐνταῦθα
2331 1908 2569 1978 πατέρες
2591 1908 2698 1961 εἰσὶ
2723 1909 2818 1961 καὶ
2844 1910 2972 1972 τοὺς
3002 1908 3153 1970 υἱοὺς
3184 1907 3286 1960 οὑκ
3313 1905 3495 1976 έχουσι
3529 1903 3648 1975 μεθ’

2062 2005 2270 2059 ἑαυτῶν
2298 2007 2576 2071 ἐστῶταςς
2614 2006 2689 2079 μὴ
2730 2007 2823 2061 καὶ
2859 2007 2969 2060 τῶν
2996 2006 3205 2059 τέκνων
3235 2002 3653 2057 ἐπισπάσασθαι

2064 2113 2147 2149 σοι
2193 2096 2450 2150 δύσκολον
2490 2093 2586 2168 ἦνς
2622 2098 2783 2151 Ὅθεν
2813 2098 2973 2169 δῆλον
3011 2098 3093 2151 ὅτι
3144 2095 3237 2149 καὶ
3277 2097 3326 2148 οἱ
3360 2094 3539 2147 λοιποὶ
3582 2093 3649 2145 οὑ

2063 2188 2216 2259 παρά
2247 2189 2346 2260 τὴν
2384 2191 2593 2243 οἰκείαν
2636 2190 2911 2261 ρᾳθυμίαν
2956 2190 3136 2261 μόνον,
3187 2186 3325 2241 ἀλλά
3371 2185 3467 2240 καὶ
3497 2186 3653 2255 παρὰ

2061 2277 2161 2349 τὴν
2194 2279 2465 2351 ὑμετέραν
2494 2280 2797 2349 ὑπεροψίαν
2827 2280 2931 2343 ἔξω
2970 2279 3241 2349 μένουσιν.
3290 2276 3435 2328 Ἀλλ’
3471 2275 3521 2328 εἱ
3554 2275 3653 2327 καὶ

2067 2370 2142 2442 μὴ
2177 2370 2463 2442 πρότερον,
2493 2372 2588 2425 νῦν
2633 2372 2764 2441 γοῦν
2812 2371 3168 2441 διανάστητε,
3218 2368 3313 2421 καὶ
3368 2365 3508 2438 μετά
3551 2364 3648 2419 τοῦ

2067 2461 2263 2532 μέλους
2288 2461 2515 2527 ἕκαστος
2542 2464 2620 2525 είς
2639 2463 2740 2533 τὴν
2762 2460 3057 2533 ἐκκλησίαν
3083 2458 3320 2521 είσιέτω,
3348 2458 3445 2511 καὶ
3464 2455 3653 2527 πατὴρ

2064 2554 2198 2613 υἱὸν,
2226 2554 2323 2607 καὶ
2350 2554 2465 2618 υίὸς
2484 2554 2575 2607 τὸν
2597 2553 2987 2623 γεγεννηκότα,
3013 2552 3110 2606 καὶ
3135 2553 3406 2620 γυναῖκας
3431 2550 3659 2621 ἄνδρες,

2066 2646 2160 2697 καὶ
2188 2644 2388 2714 ἀνδρας
2408 2648 2687 2713 γυναῖκες,
2719 2645 2815 2698 καὶ
2835 2643 3103 2713 δεσπότης
3130 2641 3339 2707 δοῦλον,
3372 2641 3465 2694 καὶ
3494 2638 3652 2693 ἀδελ-

2067 2737 2164 2805 φὸς
2191 2735 2341 2808 [161]
2368 2736 2616 2805 ἀδελφὸν.
2648 2737 2745 2790 καὶ
2774 2735 2927 2805 φίλος
2962 2736 3115 2805 φίλον
3144 2734 3522 2804 διεγειρόντων
3552 2732 3651 2785 καὶ

2067 2827 2478 2898 παρορμώντων
2518 2827 2656 2899 πρὸς
2686 2827 2785 2899 τὴν
2817 2827 3054 2881 ἐνταῦθα
3086 2825 3324 2879 σύνοδονο
3359 2824 3561 2895 μᾶλλον
3591 2823 3650 2875 δέ

2069 2920 2144 2991 μὴ
2166 2921 2292 2984 τοὺς
2316 2920 2502 2988 φίλους
2533 2919 2713 2984 μόνον,
2745 2919 2883 2974 ἀλλά
2930 2920 3027 2973 καὶ
3046 2919 3174 2982 τοὺς
3205 2917 3435 2988 ἐχθροὺς
3473 2913 3652 2969 καλῶ-

2070 3029 2169 3082 μεν
2201 3011 2297 3066 ἐπὶ
2338 3011 2430 3065 τὸν
2477 3011 2655 3066 κοινὸν
2696 3009 2886 3065 τοῦτον
2930 3009 3041 3065 τῶν
3086 3009 3309 3079 ἀγαθῶν
3354 3005 3655 3078 θησαυρόν.

2071 3104 2169 3158 Ἂν
2206 3103 2288 3175 ῖδῃ
2333 3119 2427 3157 σου
2455 3102 2554 3175 τὴν
2596 3102 2852 3176 πρόνοιαν
2894 3104 2923 3157 6
2955 3100 3178 3174 ἐχθρὸς,
3220 3098 3513 3155 καταλύσει
3552 3096 3665 3168 τὴνσ

2067 3195 2367 3267 ἀπέχθειαν
2398 3196 2640 3260 πάντως.

2138 3287 2275 3342 Εἰπέ
2321 3287 2457 3360 πρὸς
2505 3286 2703 3341 αὑτόν·
2740 3285 2860 3341 Οὑκ
2888 3283 3117 3357 αἰσχύνῃ
3175 3284 3478 3349 Ἰουδαίους,
3528 3284 3661 3339 οὑδὲ

2067 3379 2352 3450 ἐρυθριᾷς,
2389 3377 2439 3430 οἳ
2478 3377 2616 3449 μετά
2659 3376 2925 3447 τοσαύτης
2965 3376 3251 3448 ἀκριϐείας
3298 3375 3360 3430 τὸ
3387 3376 3664 3431 σάϐϐατον·

2068 3470 2433 3541 φυλάττουσι,
2459 3470 2555 3522 καὶ
2596 3469 2705 3523 ἀπὸ
2728 3469 2829 3540 τῆς
2855 3469 3097 3540 ἑσπέρας
3144 3468 3318 3539 αὑτῆς
3349 3469 3530 3538 πάσης
3561 3470 3656 3542 ἐρ-

2066 3562 2264 3630 γασίας
2288 3561 2645 3630 ἀφίστανταις
2673 3558 2791 3614 Κάν
2818 3561 2970 3615 ίδωσι
2990 3560 3083 3614 τὸν
3105 3559 3257 3631 ἥλιον
3280 3560 3413 3630 πρὸς
3443 3559 3656 3631 δυσμὰς

2067 3652 2422 3723 ἐπειγόμενον
2452 3653 2511 3706 ἐν
2539 3655 2604 3724 τῇ
2634 3651 2736 3723 τῆς
2772 3652 3131 3723 παρασκευῆς
3157 3654 3361 3725 ἡμέρᾳ,
3390 3654 3487 3706 καὶ
3514 3669 3655 3725 συμ-

2068 3740 2263 3794 ϐόλαια
2298 3740 2650 3794 διακόπτουσι
2672 3782 2688 3807 ,
2716 3741 2815 3795 καὶ
2858 3741 3093 3813 πράσεις
3134 3741 3511 3814 διατέμνουσι·
3548 3741 3664 3798 κάνο

2068 3830 2371 3902 πριάμενός
2422 3848 2506 3894 τις
2568 3830 2700 3903 παρ’
2744 3829 2924 3885 αὑτῶν
2982 3831 3091 3902 πρὸ
3135 3832 3236 3901 τῆς
3290 3831 3547 3903 ἑσπέρας.
3594 3834 3654 3885 ἐν

2068 3923 2277 3995 ἑσπέρᾳ
2305 3923 2403 3993 τὴν
2435 3921 2602 3993 τιμὴν
2625 3922 2755 3994 ἔλθῃ
2794 3922 3058 3994 κομίζων,
3087 3923 3190 3976 οὑκ
3236 3923 3520 3993 ἀνέχονται
3559 3923 3655 3976 λα-

2069 4016 2205 4082 ϐεῖν,
2253 4016 2374 4070 οὑδέ
2422 4015 2784 4081 ὑποδέξασθαι
2828 4015 2889 4069 τὸ
2936 4017 3218 4089 ἀργύριον.
3255 4018 3366 4071 Καὶ
3411 4017 3463 4070 τί
3510 4016 3668 4085 λέγω-

2067 4107 2234 4178 τιμήν
2263 4106 2440 4160 ὠνίων
2470 4107 2563 4160 καὶ¹
2598 4106 2934 4178 συμϐόλαια;
2968 4107 3070 4161 κάν
3109 4108 3382 4180 θησαυρὸν
3405 4108 3531 4180 ἐξῆν
3561 4108 3656 4164 λα-

2068 4198 2205 4262 ϐεῖν,
2237 4197 2429 4252 ἐλοιντ“
2467 4196 2534 4251 ἂν
2562 4198 2825 4252 ἀπολέσαι
2853 4198 2916 4252 τὸ
2954 4199 3167 4271 κέρδος,
3206 4200 3239 4272 ἢ
3270 4201 3655 4273 καταπατῆσαι

2068 4289 2160 4344 τὸν
2192 4290 2377 4361 νόμον.
2426 4286 2560 4344 Εἶτα
2605 4290 2848 4344 Ἰουδαῖοι
2897 4291 3016 4360 μέν,
3060 4291 3360 4347 καὶταῦτα
3409 4293 3661 4364 ἀκαίρως

2067 4377 2363 4449 τηροῦντες
2397 4377 2490 4430 τὸν
2522 4378 2688 4449 νόμον
2726 4376 2899 4442 οὕτως
2936 4378 3075 4431 εἰσὶν
3101 4379 3346 4451 ἀκριϐεῖς
3368 4421 3382 4444 ,
3413 4381 3507 4433 καὶ¹
3555 4397 3656 4449 φυ-

2066 4468 2240 4538 λακῆς
2267 4469 2585 4539 ἀντέχονται
2611 4470 2764 4525 οὑδέν
2799 4470 2997 4533 αὑτοὺς
3018 4470 3355 4540 ὠφελούσης,
3384 4470 3523 4525 ἀλλά
3559 4474 3656 4528 καὶ

2068 4564 2577 4636 καταϐλαπτούσηςσ
2614 4566 2679 4618 σὺ
2706 4564 2784 4628 δὲ,
2815 4565 2843 4617 6
2872 4565 2971 4635 τῆς
3012 4567 3169 4629 σκιᾶς
3195 4565 3485 4638 ἀνώτερος,
3512 4570 3541 4622 6
3564 4570 3656 4624 τὸν

2066 4646 2220 4717 ἣλιον
2249 4646 2350 4717 τῆς
2381 4645 2731 4717 δικαιοσύνης
2758 4647 2886 4700 ἰδεῖν
2919 4648 3279 4713 καταξιωθεὶς
3297 4689 3311 4713 ,
3340 4652 3368 4703 6
3396 4651 3531 4722 «pb;
3554 4651 3659 4723 τὴν

2066 4729 2175 4784 τῶν
2204 4729 2450 4800 οὐρανῶν
2497 4729 2771 4783 πολιτείαν
2797 4730 2989 4795 τελῶν,
3019 4731 3141 4784 οὑδέ
3178 4732 3278 4802 τὴν
3316 4734 3487 4804 αὐτὴν
3515 4736 3657 4788 ἐκεί-

2067 4831 2179 4879 νοις
2213 4814 2583 4869 ἐπιδείκνυσαι
2607 4814 2844 4887 σπουδὴν
2865 4818 2975 4880 τοῖς
2994 4819 3060 4887 τῇ
3083 4817 3249 4888 κακίᾳ
3273 4819 3655 4889 προσεδρεύου-

2069 4914 2154 4952 σιν
2179 4898 2423 4969 ἀκαίρως
2445 4938 2459 4961 ,
2489 4899 2517 4950 6
2555 4898 2653 4969 τὴν
2678 4898 2936 4969 ἀλήθειαν
2966 4900 3349 4972 ἐγχειρισθεὶς,
3392 4902 3530 4956 ἀλλά
3568 4922 3658 4975 μι-

2068 4981 2199 5053 κρὸν
2236 4980 2400 5052 μέρος
2427 4981 2641 5053 ἡμέρας
2675 4982 2909 5036 ἐνταῦθα
2949 4983 3304 5054 καλούμενος,
3348 4985 3468 5039 ούδέ
3499 4986 3669 5042 τοῦτον

2070 5064 2366 5135 ὑπομένεις
2407 5063 2685 5118 ἀναλῶσαι
2732 5065 2869 5137 πρὸς
2898 5066 2998 5139 τὴν
3040 5066 3149 5121 τῶν
3188 5068 3350 5122 θείων
3393 5070 3657 5142 ἀκρόασιν

2066 5148 2296 5218 λογίων;
2325 5148 2418 5200 καὶ
2450 5147 2611 5212 ποίας
2648 5148 2716 5202 ἂν
2752 5147 2937 5220 τύχοις
2981 5151 3334 5225 συγγνώμης,
3371 5154 3491 5207 εἰπέ
3528 5173 3659 5224 μοις

2067 5231 2187 5285 τίνα
2210 5232 2268 5285 δέ
2308 5230 2449 5294 ἐξεις
2485 5231 2784 5300 ἀπολογίαν
2815 5235 2991 5287 εἰπεῖν
3013 5234 3236 5303 εὔλογον
3269 5237 3362 5289 καὶ
3409 5236 3655 5301 δικαίαν;

2068 5317 2181 5371 Οὑκ
2221 5316 2391 5380 ἐστιν,
2439 5317 2540 5370 οὑκ
2576 5316 2693 5370 ἐστι
2731 5317 2822 5371 τὸν
2864 5317 3039 5382 οὕτως
3060 5319 3236 5390 ἀμελῆ
3282 5318 3378 5373 καὶ
3408 5319 3666 5390 ῥᾴθυμον·

2070 5400 2401 5473 συγγνώμης
2429 5404 2611 5473 τυχεῖν
2640 5419 2790 5462 ποτε.
2825 5403 2928 5458 κάν
2954 5404 3212 5475 μυριάκις
3244 5403 3489 5471 ἀνάγκας
3515 5422 3653 5476 προ-

2070 5485 2333 5554 ϐάλληται
2367 5486 2712 5557 πραγμάτων
2757 5486 3046 5557 βιωτικῶν.
3090 5487 3205 5540 Οὑκ
3236 5480 3409 5552 οἶδας,
3446 5487 3528 5540 ὅτι
3556 5488 3655 5540 ἐὰν

2069 5569 2239 5622 ἐλθὼν
2259 5570 2644 5640 προσκυνήσῃς
2670 5568 2762 5623 τὸν
2798 5568 2954 5631 Θεὸν,
2982 5568 3076 5621 καὶ
3106 5569 3388 5641 μετάσχῃς
3429 5569 3530 5638 τῆς
3567 5572 3653 5622 ἐν-

2067 5648 2240 5702 ταῦθα
2264 5647 2569 5720 διατριϐῆς,
2604 5648 2803 5717 μᾶλλόν
2839 5665 2919 5702 σοι
2954 5646 3022 5700 τὰ
3054 5649 3112 5700 ἐν
3133 5648 3320 5719 χερσὶν
3356 5646 3652 5719 εὑμαρίζε-

2067 5748 2157 5786 ται
2189 5730 2528 5801 πράγματα;
2561 5731 2828 5794 Βιωτικάς
2852 5730 2995 5800 ἔχεις
3029 5732 3351 5802 φροντίδαςς
3393 5732 3493 5787 Διά
3518 5731 3651 5786 ταύ-

2069 5831 2165 5877 τας
2209 5813 2307 5885 μὲν
2334 5808 2448 5867 ,οὖν
2498 5812 2729 5867 ἐνταῦθα
2781 5812 3115 5885 ἀπάντησον,
3163 5815 3252 5869 ἵνα
3294 5815 3393 5888 τήν
3441 5814 3651 5873 εὔνοιαν
