4086 6480
409 374 508 428 ΓΠ

412 487 517 541 huc
562 488 782 552 ventita,
830 494 891 539 ut
935 499 1054 539 cum
1102 483 1196 538 tibi
1235 483 1327 539 Dei
1358 481 1787 538 benevolentiam
1816 479 1998 534 conci-

417 575 650 639 liaveris,
698 573 840 644 quod
893 574 981 629 hic
1033 582 1275 630 versatus
1300 573 1487 639 fueris,
1535 572 1604 626 ita
1633 586 1753 626 cum
1795 568 1999 625 securi-

415 677 526 722 tate
557 663 833 730 discedas;
889 672 947 718 ut
994 664 1142 718 illum
1175 662 1373 717 habeas
1408 661 1740 732 adjutorem,
1795 668 1852 714 ut
1900 673 2005 713 cae-

416 758 567 812 lestis
626 771 816 810 manus
866 757 1064 810 auxilio
1123 764 1307 825 septus
1345 754 1676 811 daemonibus
1725 754 1822 808 fias
1872 751 2005 807 invi-

414 860 553 917 ctus.
594 852 648 907 Si
671 851 904 920 paternis
936 851 1189 921 precibus
1230 850 1445 915 fruaris,
1477 849 1523 903 si
1568 848 1868 905 communis
1886 861 2008 901 ora-

417 941 580 994 tionis
610 940 874 1011 particeps
923 940 1042 1006 fias,
1098 941 1142 996 si
1185 941 1395 1011 eloquia
1449 955 1601 995 sacra
1644 939 1932 1003 audiveris,
1960 937 2005 992 si

420 1032 516 1086 Dei
573 1032 665 1086 tibi
714 1032 967 1087 auxilium
1008 1034 1422 1103 comparaveris,
1449 1032 1495 1086 si
1543 1033 1626 1087 bis
1669 1031 1834 1086 armis
1857 1045 2008 1085 com-

420 1124 658 1178 munitus
709 1139 954 1193 egressus
999 1124 1184 1188 fueris,
1226 1141 1295 1180 ne
1350 1125 1592 1179 diabolus
1635 1123 1851 1194 quidem
1895 1124 2009 1193 ipse

421 1224 607 1267 contra
636 1222 687 1267 te
733 1213 982 1283 deinceps
1033 1214 1216 1269 oculos
1265 1214 1483 1269 audebit
1506 1214 1785 1281 attollere,
1814 1213 2007 1269 nedum

425 1305 672 1359 homines
721 1304 964 1373 improbi,
1008 1306 1197 1376 quibus
1233 1305 1410 1360 studio
1451 1320 1571 1361 esse
1612 1304 1769 1369 solet,
1802 1315 1858 1358 ut
1883 1319 2011 1358 cou-

424 1394 659 1448 tumeliis
692 1404 914 1449 czeteros
961 1404 1016 1449 et
1064 1396 1343 1450 calumniis
1398 1404 1804 1466 persequantur.
1853 1395 2006 1460 Quod

425 1485 470 1538 si
518 1499 583 1538 ex
628 1483 830 1539 sedibus
868 1486 919 1539 in
971 1485 1143 1540 forum
1184 1502 1430 1556 egressus
1470 1485 1733 1556 ejusmodi
1782 1484 2011 1539 nudatus

426 1578 592 1632 armis
631 1577 936 1643 ofl‘endaris,
964 1581 1199 1634 omnitnn
1230 1581 1317 1649 qui
1359 1589 1409 1634 te
1436 1578 1773 1634 contumeliis
1794 1577 2014 1632 infesta-

426 1671 558 1724 bunt
588 1669 737 1725 facile
777 1671 1068 1725 vincendus
1118 1672 1320 1742 patebis
1373 1671 1690 1727 incursibus.
1733 1670 1934 1726 Idcirco
1959 1681 2014 1725 et

428 1763 482 1814 in
530 1762 745 1830 privatis
774 1772 829 1817 et
857 1763 908 1817 in
939 1764 1159 1833 publicis
1197 1765 1394 1820 nostris
1421 1766 1647 1835 negotiis
1682 1779 2010 1834 nequaquam

430 1865 499 1904 ex
543 1851 705 1906 animi
735 1854 995 1908 sententia
1025 1854 1180 1908 nobis
1209 1855 1374 1909 multa
1402 1855 1714 1921 succedunt,
1742 1854 1883 1925 quod
1905 1854 2014 1924 spi-

428 1941 640 1996 ritualia
673 1959 776 1996 non
805 1943 950 2013 prius
981 1944 1217 2000 studiose
1245 1947 1704 2011 accuraverimus,
1730 1960 1793 2002 ac
1821 1945 2014 2001 deinde

429 2033 727 2099 saecularia,
761 2033 856 2088 sed
895 2033 1135 2089 ordinem
1175 2035 1568 2091 inverterhnus.
1601 2036 1801 2090 Idcirco
1854 2050 2014 2107 uego-

430 2121 629 2174 tiorum
673 2138 883 2192 quoque
923 2124 1091 2179 series
1129 2140 1192 2180 ac
1242 2137 1417 2180 rectus
1457 2125 1589 2181 ordo
1629 2126 1929 2193 invertitur,
1962 2135 2017 2181 et

427 2212 608 2265 omnia
643 2211 798 2282 plane
845 2214 1137 2270 turbantur.
1192 2217 1456 2283 Quantum
1498 2218 1625 2272 mihi
1685 2218 1923 2273 dolorem
1954 2235 2017 2275 ac

430 2299 728 2355 molestiam
760 2302 896 2356 inuri
932 2306 1155 2373 putatis,
1187 2321 1306 2361 cum
1336 2308 1511 2377 cogito
1532 2308 1777 2363 veniente
1801 2310 2014 2379 quidem

431 2388 570 2444 festo
608 2405 670 2445 ac
695 2392 1052 2461 solemnitate,
1105 2396 1227 2450 licet
1256 2398 1433 2450 nullus
1480 2398 1547 2453 sit
1591 2399 1680 2468 qui
1729 2408 1905 2465 vocet,
1936 2408 2017 2453 to-

430 2487 545 2539 tam
592 2495 908 2545 concurrere
945 2486 1208 2541 civitatem
1259 2504 1274 2541 :
1333 2488 1420 2543 ubi
1464 2505 1593 2544 vero
1635 2491 1825 2545 festum
1879 2493 2016 2547 sole-

432 2580 734 2650 tunitasque
762 2584 1056 2650 transierit,
1088 2589 1199 2641 tolO
1225 2578 1348 2634 licet
1377 2580 1461 2635 dic
1493 2597 1892 2650 perseveremus
1918 2598 2017 2638 nos

429 2667 825 2739 disrumpentes
860 2681 912 2728 et
955 2689 1047 2728 vos
1077 2675 1419 2740 advocantes,
1455 2672 1655 2727 nullum
1698 2683 1872 2728 tamen
1898 2688 2017 2730 esse

430 2760 521 2829 qui
573 2761 847 2819 attendat?
896 2764 1023 2821 Ilaec
1067 2767 1207 2822 enim
1261 2779 1629 2839 smpenumero
1675 2781 1797 2825 cum
1837 2777 2018 2828 mente

429 2866 726 2920 \‘Chat‘mtl,
776 2859 1011 2926 graviter
1036 2859 1288 2930 ingemui,
1328 2870 1384 2917 et
1412 2862 1528 2918 lucc
1554 2862 1694 2932 apud
1725 2878 1812 2920 me
1856 2864 2017 2921 verba

430 2942 690 3000 faciebam
724 2964 737 2999 :
766 2946 901 3015 Quid
948 2949 1315 3008 cohortatione
1346 2953 1431 3007 vel
1457 2953 1682 3009 consilio
1712 2965 1795 3010 est
1845 2971 2012 3026 opus,

428 3051 552 3093 cum
601 3053 694 3091 vos
741 3043 1124 3098 consuetudine
1175 3052 1382 3100 tantum
1430 3057 1618 3103 cuncta
1659 3047 1880 3116 faciatis,
1917 3067 2017 3106 nec

430 3126 594 3182 ullius
619 3139 812 3184 nostrae
834 3132 1090 3189 doctrinm
1115 3151 1273 3206 opera
1298 3138 1649 3208 promptiores
1688 3141 2016 3196 reddamini?

427 3217 563 3272 Cum
607 3222 746 3275 enim
777 3223 926 3278 festis
961 3225 1172 3295 quidem
1208 3227 1398 3284 diebus
1438 3241 1616 3286 nostra
1647 3233 2016 3292 cohortatione

430 3308 563 3361 nihil
608 3310 901 3381 indigentis,
952 3324 1228 3387 postquam
1276 3328 1459 3379 autem
1487 3321 1560 3377 illi
1617 3325 2010 3391 prmterieriut,

430 3398 630 3453 nullam
688 3416 753 3455 ex
803 3402 1042 3459 doctrina
1100 3408 1378 3468 utilitatem
1429 3411 1767 3482 percipiatis,
1834 3430 2012 3471 nonne

429 3500 686 3556 quantmt
730 3493 943 3562 quidem
996 3496 1047 3549 in
1099 3497 1249 3555 vobis
1293 3500 1450 3554 situm
1495 3510 1606 3567 est,
1664 3504 1903 3560 inutilem
1952 3522 2015 3562 ac

426 3592 874 3648 SUpervacaneam
925 3588 1221 3647 orationem
1268 3601 1502 3646 nostram
1551 3595 1814 3651 redditis?

501 3670 553 3724 4.
597 3670 756 3729 Forte
785 3677 973 3742 multi,
1015 3680 1103 3747 qui
1135 3679 1249 3735 haec
1282 3682 1520 3750 audiunt,
1551 3685 1750 3741 dolent.
1784 3686 1888 3743 Sed
1918 3707 2012 3743 ue-

424 3759 685 3829 giigeutcs
728 3764 797 3820 ita
845 3782 948 3821 non
1006 3770 1244 3825 sentiunt
1275 3789 1287 3825 :
1314 3773 1544 3843 alioquin
1572 3776 1829 3832 incuriam
1861 3793 2012 3834 suam

424 3850 774 3920 deponerent,
807 3865 863 3911 ut
901 3874 998 3913 nos
1024 3861 1111 3930 qui
1145 3862 1380 3931 quotidie
1408 3864 1476 3919 de
1505 3865 1662 3921 rebus
1689 3870 1877 3923 vestris
1897 3870 2011 3925 sol.-

427 3942 555 3998 lieiti
609 3961 812 4004 sumus.
854 3950 1003 4018 Quod
1050 3962 1252 4008 tantum
1299 3971 1366 4010 ex
1411 3959 1638 4029 negotiis
1667 3962 2013 4019 saecularibus

427 4034 630 4090 lucrum
693 4040 934 4109 colligis,
982 4053 1234 4112 quantum
1288 4046 1381 4100 tibi
1429 4048 1679 4104 damnum
1737 4051 2010 4108 accersis?

424 4123 568 4180 Fieri
624 4130 834 4198 nequit,
882 4141 939 4185 ut
973 4149 1037 4187 ex
1075 4134 1179 4189 alio
1204 4150 1494 4205 congressu
1531 4150 1868 4197 conventuve
1896 4150 2013 4198 tan-

426 4225 538 4270 tum
606 4218 806 4274 lucrum
861 4235 1142 4293 reportes,
1194 4238 1447 4296 quantum
1499 4245 1565 4285 ex
1628 4247 1694 4287 eo
1735 4235 1874 4303 quod
1927 4234 2013 4292 hic

425 4311 657 4365 verset-is
705 4330 716 4364 :
766 4314 876 4368 sive
915 4315 1166 4385 judiciale
1210 4318 1380 4375 forum
1437 4337 1858 4394 commemores,
1899 4329 2013 4386 sive

418 4400 647 4469 curiam,
680 4404 791 4459 sive
842 4406 1007 4475 ipsam
1064 4411 1304 4481 Regiam.
1344 4412 1460 4468 Non
1489 4417 1630 4471 enim
1661 4421 1895 4488 gentium
1924 4438 2013 4477 ur-

418 4491 676 4562 biumque
722 4498 993 4568 regimen,
1044 4518 1217 4573 neque
1251 4505 1500 4562 ducatum
1555 4512 1886 4568 exercituum
1929 4515 2012 4571 bis

417 4581 511 4650 qui
558 4582 662 4639 huc
709 4586 1075 4661 ingrediuntur
1103 4596 1505 4665 committimus,
1546 4601 1640 4656 sed
1667 4603 1828 4659 alium
1862 4606 2010 4675 prin-

416 4676 656 4745 cipatum
679 4684 1035 4752 augustiorem
1060 4688 1174 4756 ipso
1193 4705 1357 4758 regno
1392 4709 1404 4744 :
1438 4692 1523 4749 vel
1548 4696 1724 4764 potius
1741 4712 1846 4752 non
1863 4714 2013 4753 com-

416 4766 683 4825 mittimus
708 4787 825 4839 nos,
882 4777 973 4829 sed
1025 4776 1253 4845 Spiritus
1292 4782 1481 4849 gratia.

494 4857 573 4912 De
594 4863 771 4932 quibus
798 4868 943 4922 rebus
964 4869 1277 4926 instruantur
1299 4877 1384 4944 qui
1410 4879 1641 4933 concioni
1667 4881 2009 4938 intersunt.—

410 4950 673 5018 Qnisnam
705 4956 863 5026 igitur
886 4968 970 5015 est
998 4963 1138 5033 regia
1167 4975 1426 5034 potestate
1451 4972 1724 5040 augustior
1746 4973 2008 5046 principa-

412 5050 504 5096 tus
529 5084 543 5108 ,
577 5060 733 5113 quem
764 5049 1131 5121 adipiscuntur
1170 5059 1259 5128 qui
1304 5058 1407 5115 huc
1447 5062 1859 5131 ingrediuntur?
1903 5069 2007 5124 Do-

412 5141 607 5188 centur
635 5138 880 5197 absurdis
911 5145 1247 5212 p3$Sl0iIIbUS
1274 5148 1539 5220 imperare
1563 5193 1578 5220 ,
1615 5170 1805 5224 pravas
1836 5156 2008 5213 libidi-

410 5238 514 5278 nes
542 5242 728 5297 regere
752 5272 775 5297 ,V
801 5232 932 5287 iram
959 5236 1223 5293 moderari
1247 5281 1264 5307 ,
1294 5241 1544 5298 invidiam
1573 5246 1818 5317 subigere
1843 5290 1858 5311 ,
1889 5251 2007 5304 ina-

413 5331 539 5371 nem
593 5321 816 5388 gloriam
868 5326 918 5379 in
966 5329 1277 5387 servitutem
1318 5334 1580 5406 redigere.
1623 5338 1738 5393 Non
1787 5343 2008 5410 perinde

410 5411 760 5500 veneratione
789 5414 980 5484 dignus
1010 5428 1091 5474 est
1135 5421 1427 5492 Imperator
1452 5428 1504 5481 itt
1551 5430 1698 5500 regio
1722 5434 2008 5491 cousidens

406 5499 546 5551 solio
565 5512 617 5592 et
641 5500 946 5562 diademate
973 5508 1249 5567 redimitus
1274 5554 1299 5580 ,,
1318 5524 1477 5585 atque
1505 5499 1673 5577 homo,
1690 5562 1703 5585 ,
1726 5524 1815 5592 qui
1845 5525 2007 5579 ratio-

408 5603 531 5642 nem
574 5590 626 5645 in
666 5594 857 5649 solium
888 5597 1191 5657 dominatus
1221 5607 1491 5662 servilium
1521 5590 1829 5680 passionum
1873 5616 2001 5671 sub-

406 5682 589 5747 vehit,
623 5691 679 5738 et
722 5684 947 5755 imperio
975 5728 990 5754 ,
1023 5690 1163 5759 quod
1210 5691 1260 5748 iu
1312 5695 1427 5751 illas
1453 5708 1661 5763 exercet
1688 5742 1703 5767 ,
1733 5709 2002 5775 tamquam

405 5775 686 5843 splendido
716 5779 946 5848 quodam
978 5782 1275 5840 revinctum
1304 5797 1462 5858 caput
1488 5789 1647 5848 habet
1671 5774 1991 5854 diademate.

1309 369 1376 425 IN
1417 368 1640 436 ILLUD,
1682 366 1742 423 SI
1783 362 2152 422 ESURIERIT
2184 365 2504 433 INIMICUS,
2547 362 2709 419 ETC.

3597 360 3700 420 HO

2113 478 2254 547 Quid
2281 480 2425 535 enim
2453 520 2468 546 ,
2498 492 2681 550 qumso
2703 518 2719 546 ,
2749 476 2965 548 prodest
2994 490 3226 547 purpura
3254 518 3269 545 ,
3298 492 3474 532 aurea:
3497 485 3699 546 vestes,

2109 579 2164 624 et
2194 584 2390 624 corona
2415 577 2681 638 gemmata
2707 609 2721 633 ,
2744 562 2957 638 quando
2980 568 3285 638 passionum
3311 568 3518 639 captiva
3546 568 3703 623 fuerit

2110 657 2332 713 anima?
2357 658 2500 729 quod
2527 674 2591 714 ex
2620 660 2720 713 ista
2747 668 2969 713 externa
3007 659 3254 713 libertate
3294 659 3500 713 lucrum
3536 658 3703 714 obve-

2113 750 2194 805 nit
2220 790 2234 815 ,
2266 749 2480 820 quando
2508 749 2562 805 id
2593 750 2734 818 quod
2765 749 2816 805 in
2847 748 3000 804 nobis
3035 749 3369 818 potissimum
3412 757 3495 803 est
3515 788 3532 816 ,
3566 750 3705 818 turpi

2112 856 2176 896 ac
2202 841 2493 895 miserabili
2522 840 2763 912 subjacet
2782 839 3065 896 servituti?
3092 838 3227 895 Nam
3253 837 3704 909 quemadmodum

2112 946 2234 987 cum
2261 930 2426 988 febris
2452 932 2521 986 ad
2563 931 2817 987 interiora
2859 938 3138 1001 penetrat,
3185 936 3241 986 et
3279 929 3483 985 viscera
3524 928 3706 984 omnia

2113 1024 2388 1090 incendit,
2421 1023 2553 1078 nihil
2590 1023 2744 1078 nobis
2783 1022 3038 1093 prodest,
3088 1022 3134 1077 si
3182 1022 3427 1093 superior
3464 1023 3710 1090 corporis

2117 1115 2429 1184 superficies
2458 1114 2590 1169 nihil
2622 1114 2727 1170 tale
2757 1114 2985 1185 patiatur
3015 1131 3028 1167 :
3061 1113 3132 1168 ita
3170 1112 3297 1167 dum
3332 1112 3486 1166 nobis
3523 1112 3702 1166 anima

2117 1206 2463 1261 interioribus
2503 1205 2818 1260 distrahitur
2862 1203 3238 1276 passionibus,
3286 1202 3418 1258 nihil
3452 1212 3708 1258 externus

2118 1298 2446 1368 principatus
2468 1297 2617 1369 juvat
2642 1338 2658 1363 ,
2692 1312 2760 1353 ne
2786 1297 2958 1367 ipsum
2989 1296 3202 1367 quidem
3232 1295 3437 1366 regium
3465 1294 3658 1350 solium
3687 1335 3702 1357 ,

2115 1404 2236 1443 cum
2267 1391 2476 1445 animus
2504 1389 2737 1446 violento
2781 1389 2981 1460 impetu
3005 1404 3035 1442 a
3064 1388 3396 1459 passionihus
3420 1386 3489 1442 de
3515 1388 3710 1442 throno

2117 1483 2265 1554 regio
2309 1483 2620 1539 devolvatur
2658 1492 2712 1539 et
2755 1482 2894 1538 ultro
2940 1497 3001 1537 se
3052 1482 3366 1545 submittat,
3417 1494 3707 1551 earumque

2117 1575 2344 1631 rebelles
2395 1576 2622 1631 insultus
2674 1574 3055 1646 pertimescat?
3104 1572 3256 1641 Quod
3310 1587 3377 1627 ne
3433 1571 3560 1636 fiat,
3609 1587 3711 1625 un-

2119 1661 2279 1731 dique
2328 1660 2601 1732 pr0pheta:
2649 1669 2977 1716 concurrunt
3018 1666 3075 1714 et
3120 1657 3387 1727 apostoli,
3439 1656 3714 1726 passiones

2121 1763 2328 1806 nostras
2360 1752 2698 1822 reprimunt,
2731 1766 2944 1806 omnem
2979 1749 3243 1819 appetitus
3271 1746 3492 1831 rationis
3516 1760 3710 1815 exper—

2120 1845 2185 1899 tis
2211 1846 2471 1902 feritatem
2500 1860 2531 1899 a
2562 1845 2715 1899 nobis
2735 1844 3023 1899 amandant
3045 1885 3061 1911 ,
3085 1852 3140 1899 et
3165 1842 3332 1897 multo
3351 1840 3711 1911 augustiorem

2124 1954 2291 2008 regno
2320 1938 2672 2008 principatum
2703 1936 2857 1991 nobis
2889 1937 3247 1992 committunt.
3294 1933 3406 1989 Ilac
3445 1932 3512 1987 de
3551 1946 3715 1986 causa

2120 2031 2362 2087 dicebam
2392 2045 2487 2085 eos
2510 2072 2525 2097 ,
2553 2029 2644 2100 qui
2670 2028 2771 2084 hac
2794 2028 3150 2085 sollicitudine
3182 2041 3243 2081 se
3279 2026 3487 2096 privant
3509 2066 3526 2092 ,
3556 2023 3728 2080 letale

2121 2122 2224 2176 sibi
2254 2122 2444 2176 vulnus
2472 2121 2710 2191 infligere
2733 2162 2748 2186 ,
2779 2135 2841 2174 ac
2866 2126 3069 2173 tantum
3097 2133 3290 2187 capere
3311 2116 3714 2184 detrimentum,

2122 2224 2376 2284 quantmn
2409 2213 2514 2269 ulla
2543 2214 2649 2268 alia
2677 2230 2738 2268 ex
2768 2222 2918 2283 parte
2960 2228 3155 2283 capere
3199 2219 3471 2282 nequeunt
3497 2228 3510 2264 :
3540 2225 3713 2280 quau-

2121 2305 2406 2376 doquidem
2432 2315 2486 2362 et
2509 2306 2599 2378 qui
2628 2309 2730 2360 huc
2755 2305 2980 2375 ingressi
3011 2304 3243 2370 fuerint,
3272 2304 3534 2373 ejusmodi
3562 2320 3711 2373 qum-

2124 2405 2263 2451 stum
2295 2397 2491 2453 faciunt
2515 2440 2530 2465 ,
2552 2399 2760 2468 qualem
2790 2396 3003 2452 aliunde
3029 2397 3201 2451 facere
3226 2396 3371 2450 nullo
3401 2396 3561 2450 modo
3588 2411 3714 2466 ρος-ο

2123 2496 2289 2542 sent:
2335 2487 2475 2557 quod
2525 2499 2581 2542 et
2629 2488 2740 2557 ipsa
2789 2489 3055 2543 sermonis
3095 2487 3262 2543 series
3307 2487 3712 2542 demonstravit.

2125 2577 2246 2633 Non
2270 2579 2538 2649 apparebit:
2566 2580 2618 2633 in
2646 2590 2916 2651 conspectu
2944 2578 3152 2633 Domini
3174 2578 3402 2651 vacuus(
3429 2579 3595 2634 Ea‘od.
3621 2580 3713 2634 ἓῦ.

2122 2670 2191 2725 15
2216 2668 2258 2742 ),
2286 2670 2461 2725 aiebat
2485 2671 2570 2725 lex
2599 2689 2611 2724 :
2647 2672 2749 2727 hoc
2772 2680 2851 2728 est
2876 2713 2891 2739 ,
2921 2671 3123 2740 absque
3167 2671 3444 2727 sacrificiis
3484 2688 3589 2726 non
3630 2675 3715 2726 in-

2124 2768 2319 2815 troeas.
2351 2761 2502 2829 Quod
2532 2762 2575 2817 si
2617 2762 2818 2833 absque
2846 2762 3121 2818 sacrificiis
3151 2763 3204 2817 in
3230 2762 3449 2817 domum
3482 2763 3576 2818 Dei
3611 2779 3716 2817 non

2121 2864 2202 2914 est
2230 2854 2633 2930 ingrediendum
2657 2896 2674 2923 ,
2706 2855 2873 2910 multo
2897 2855 3067 2926 magis
3092 2855 3158 2910 ad
3184 2855 3435 2911 collectas
3461 2870 3583 2910 cum
3612 2856 3719 2909 fra-

2126 2951 2294 3006 tribus
2324 2961 2429 3006 uon
2455 2955 2544 3007 εει
2573 2946 2877 3001 intrandum
2908 2964 2922 3002 ε
2968 2947 3165 3017 quippe
3209 2945 3529 3002 sacrificium
3575 2947 3719 3003 istud

2125 3040 2222 3096 illo
2252 3042 2443 3096 melius
2469 3053 2587 3109 est,
2618 3046 2670 3098 et
2699 3037 2899 3099 oblatio
2922 3077 2936 3110 ,
2961 3052 3083 3092 cum
3109 3037 3344 3092 animum
3373 3046 3547 3094 tecum
3572 3038 3720 3093 acci-

2125 3133 2275 3201 piens
2316 3132 2587 3203 ingressus
2630 3134 2812 3189 fueris.
2854 3134 2969 3189 Non
3009 3131 3200 3189 videtis
3241 3132 3554 3200 columbas,
3593 3149 3717 3204 qua:

2126 3225 2400 3280 instructa:
2427 3223 2644 3281 fuerunt
2670 3269 2684 3293 ,
2717 3242 2823 3296 quo
2851 3237 3003 3297 pacto
3038 3228 3270 3298 reliquas
3298 3243 3528 3298 egressa:
3558 3228 3715 3299 pelli-

2120 3316 2264 3371 ciant
2291 3325 2346 3372 et
2373 3318 2677 3374 venentur?
2705 3318 2817 3374 IIoc
2858 3335 2954 3373 nos
2996 3334 3205 3389 quoque
3248 3319 3523 3374 faciamus.
3554 3319 3714 3386 Quae-

2123 3422 2245 3462 nam
2275 3408 2416 3463 enim
2449 3409 2662 3463 tandem
2688 3409 2966 3479 excusatio
2997 3410 3195 3478 reliqua
3229 3410 3330 3463 erit
3351 3450 3366 3472 ,
3400 3425 3522 3464 cum
3553 3411 3717 3464 ratio-

2122 3499 2203 3553 nis
2234 3510 2482 3570 expertes
2511 3500 2811 3554 animantes
2839 3500 2969 3554 alias
2998 3500 3236 3570 ejusdem
3282 3501 3490 3571 generis
3530 3504 3715 3583 venari

2119 3591 2365 3660 possint,
2398 3606 2496 3646 nos
2537 3603 2717 3646 amem
2745 3591 2952 3647 ratione
2983 3603 3232 3662 tantaque
3258 3594 3514 3662 sapientia
3555 3609 3714 3649 exor-

2121 3683 2230 3734 nati
2263 3682 2423 3737 talem
2459 3691 2732 3752 capturam
2764 3682 3430 3754 negligamus?Superiori
3456 3686 3715 3742 concione

2121 3789 2214 3827 vos
2243 3774 2293 3827 iu
2323 3774 2436 3829 haec
2464 3776 2623 3829 verba
2668 3774 2979 3828 cohortatus
3023 3791 3140 3830 sum
3167 3816 3181 3842 ,
3228 3776 3591 3847 unusquisque
3620 3793 3715 3831 ve-

2118 3873 2288 3919 strum
2320 3864 2385 3919 ad
2420 3866 2649 3934 proximi
2679 3865 2898 3920 domum
2931 3867 3131 3937 pergite
3156 3907 3171 3931 ,
3201 3876 3457 3922 exeuntes
3489 3879 3713 3937 praesto-

2117 3953 2296 4008 lamiui
2323 3996 2337 4020 ,
2390 3955 2741 4025 prebendite,
2784 3964 2946 4026 atque
2990 3956 3056 4010 ad
3101 3971 3438 4011 communem
3487 3966 3713 4013 matrem

2117 4045 2364 4101 adducite
2397 4066 2411 4103 :
2441 4047 2662 4119 illosque
2686 4049 2775 4118 qui
2803 4048 2853 4102 in
2885 4048 3186 4118 spectacula
3214 4049 3542 4104 theatrorum
3573 4050 3715 4104 insa-

2120 4139 2275 4195 niunt
2302 4140 2622 4208 imitamini,
2654 4142 2741 4212 qui
2769 4156 2979 4195 summo
3009 4140 3184 4195 studio
3226 4141 3377 4211 quasi
3416 4144 3716 4211 composito

2118 4231 2258 4286 inter
2286 4246 2345 4287 se
2375 4232 2585 4303 agmine
2608 4275 2622 4299 ,
2653 4248 2771 4287 cmn
2814 4233 2982 4302 prima
3029 4231 3147 4287 luce
3172 4231 3238 4287 ad
3281 4231 3539 4289 nefarium
3585 4232 3715 4288 illud

2117 4327 2480 4395 Spectaculum
2529 4327 2890 4381 contuendum
2932 4334 3263 4396 exspecmnt.
3320 4327 3385 4381 At
3437 4326 3567 4381 nihil
3624 4326 3713 4382 illa

2118 4427 2305 4473 nostra
2330 4419 2704 4474 cohortatione
2725 4419 3107 4489 promovimus.
3136 4417 3335 4472 Idcirco
3364 4434 3545 4472 rursus
3569 4417 3711 4482 dico,

2116 4525 2291 4581 neque
2315 4509 2496 4566 dicere
2524 4510 2787 4575 desinam,
2808 4509 2981 4564 donec
3010 4524 3346 4579 persuasero.
3374 4507 3514 4563 Nihil
3545 4508 3707 4580 prod-

2116 4609 2199 4656 est
2241 4600 2559 4655 auscultatio
2583 4642 2599 4667 ,
2632 4600 2732 4654 nisi
2761 4600 2904 4655 illam
2933 4601 3073 4654 actio
3113 4601 3414 4656 comitetur.
3449 4600 3558 4654 Imo
3585 4615 3716 4656 vero

2116 4692 2413 4762 graviorem
2458 4693 2612 4747 nobis
2653 4707 2863 4763 poenam
2908 4694 3173 4759 accersit,
3214 4708 3335 4747 eum
3374 4693 3564 4749 eadem
3609 4694 3717 4750 fre.

2115 4791 2346 4853 quenter
2369 4783 2647 4839 audientes
2671 4824 2687 4850 ,
2718 4784 2850 4838 nihil
2880 4800 3066 4840 eorum
3093 4795 3411 4856 praestamus
3437 4826 3452 4851 ,
3483 4801 3602 4857 qua:
3628 4786 3716 4841 di"-

2115 4882 2326 4930 cuntur.
2367 4875 2431 4930 Et
2473 4892 2599 4931 vero
2641 4875 2813 4947 majus
2852 4877 3172 4947 supplicium
3214 4877 3496 4933 imminere
3521 4919 3536 4943 ,
3587 4878 3711 4933 audi

2115 4983 2221 5038 quo
2253 4976 2405 5037 pacto
2436 4968 2679 5022 Christus
2706 4968 2903 5023 indicet
2932 4986 2945 5023 :
2989 4967 3052 5023 Si
3086 4985 3184 5022 non
3214 4969 3454 5023 venissem
3480 5010 3492 5033 ,
3539 4979 3586 5024 et
3631 4970 3711 5023 lo-

2115 5073 2299 5135 quutus
2327 5062 2534 5132 fuissent
2566 5062 2636 5116 cis
2659 5101 2676 5129 ,
2704 5070 2966 5131 peccatum
2992 5077 3096 5115 nou
3118 5062 3359 5117 haberent
3387 5078 3406 5115 :
3442 5079 3573 5117 nunc
3620 5079 3716 5115 au-

2117 5165 2215 5208 tem
2240 5155 2614 5207 excusationem
2641 5169 2742 5207 non
2768 5152 2951 5207 habent
2970 5154 3037 5207 de
3057 5162 3262 5224 percolo
3286 5172 3376 5207 suo
3399 5153 3416 5223 (
3437 5152 3592 5206 Joau.
3624 5153 3707 5205 I55.

2113 5247 2186 5300 Ἡ
2212 5249 2250 5318 );
2283 5255 2340 5301 ct
2366 5247 2639 5316 apostolus
2672 5246 2871 5317 pariter
2899 5269 2912 5304 :
2956 5245 3078 5300 Non
3115 5246 3246 5301 enim
3288 5248 3544 5299 auditores
3585 5244 3712 5313 legis

2105 5342 2235 5409 justi
2257 5351 2371 5395 sunt
2399 5341 2537 5412 apud
2568 5339 2767 5405 Deum,
2793 5340 2885 5394 sed
2927 5342 3144 5410 factores
3181 5338 3305 5408 legis
3340 5334 3708 5407 justiﬁcabuuo

2113 5444 2196 5488 tur
2223 5432 2242 5506 (
2270 5433 2413 5488 Rom.
2446 5433 2499 5486 2.
2534 5432 2666 5503 I5).
2712 5435 2889 5502 Atque
2927 5431 2995 5484 ad
3033 5430 3302 5484 auditores
3347 5425 3559 5495 quidem
3605 5425 3705 5481 ista

2112 5525 2361 5580 dicuntur
2391 5545 2403 5579 :
2436 5526 2619 5579 volens
2642 5535 2818 5578 autem
2843 5521 3273 5576 concionatorem
3304 5518 3475 5589 ipsum
3499 5515 3701 5572 docere

2114 5633 2179 5670 nc
2210 5618 2308 5687 ipsi
2335 5614 2547 5685 quidem
2579 5617 2740 5669 ullam
2770 5629 2839 5669 ex
2868 5611 3105 5667 doctrina
3132 5653 3147 5678 ,
3197 5626 3354 5681 quam
3402 5608 3704 5664 communi-

2111 5717 2196 5767 cat
2221 5750 2234 5772 ,
2268 5708 2542 5762 utilitatem
2570 5721 2689 5760 esse
2715 5704 3063 5761 obventuram
3090 5742 3104 5767 ,
3150 5702 3194 5757 si
3234 5699 3697 5757 conversationem

2112 5815 2231 5852 eum
2258 5798 2492 5853 tlortritla
2518 5812 2620 5849 non
2655 5795 2843 5851 habeat
2869 5795 3167 5865 copulatam
3194 5836 3211 5864 ,
3237 5803 3292 5851 et
3313 5793 3475 5849 vitam
3503 5806 3701 5849 conve-
