4086 6410
291 290 381 350 179

296 415 605 485 Προφήτης.
653 408 714 466 Ὀ
765 407 862 479 μέν
921 409 1029 478 γάρ
1069 424 1240 478 φησί’
1299 407 1383 472 Τῷ
1427 407 1496 461 δὲ
1551 409 1877 478 ἁμαρτωλῷ

298 501 464 559 εἶπεν
509 503 540 554 ὁ
574 502 740 564 Θεὸς,
777 499 902 552 Ἵνα
941 499 997 550 τί
1035 497 1388 567 σὺέκδιηγῇ
1418 499 1488 552 τὰ
1517 498 1879 568 δικαιώματά

295 613 440 666 μου,
500 590 594 645 καί
639 590 1083 659 ἀνιιλαμϐάνεις
1116 590 1232 657 τὴν
1279 591 1573 660 διαθήκην
1611 610 1731 661 μου
1780 592 1878 646 διὰ

297 687 590 754 στόματός
621 700 759 745 σου,
803 682 886 735 σὺ
917 681 986 735 δὲ
1028 683 1328 751 ἐμίσησας
1376 684 1690 750 παιδείαν;
1733 685 1789 738 ’0
1821 684 1877 737 δέ

309 776 622 839 ’Δπόστολος
645 775 779 844 πρὸς
803 775 998 836 αὐτοὺς
1025 773 1245 838 τούτους
1263 774 1422 828 πάλιν
1439 775 1873 846 ἀποτεινόμενος,

296 867 418 928 τοὺς
458 868 551 918 ἐπὶ
578 867 645 934 τῇ
687 862 1006 933 διδασκαλίᾳ
1039 862 1556 936 μέγαιφρονοῦντας,
1587 864 1729 918 οῦτω
1760 883 1877 928 πως

299 956 456 1025 φησί·
495 953 793 1018 Πέποιοας
834 950 1098 1004 σεαυτὸν
1148 951 1373 1020 ὁδηγὸν
1410 948 1561 1006 εἶναι
1607 952 1872 1022 τυφλῶν,

295 1045 418 1116 φῶς
456 1043 578 1097 τῶν
619 1044 690 1095 ἐν
739 1042 964 1104 σκότει,
1001 1042 1333 1111 παιδευτὴν
1368 1044 1668 1112 ἀφρόνων,
1707 1043 1876 1098 διδά-

294 1140 532 1192 σκαλον
559 1134 827 1200 νηπι’ων’
866 1136 898 1186 o’
935 1129 1050 1186 οὖν
1092 1132 1397 1186 διδάσκων
1431 1133 1655 1202 ἕτερον,
1695 1151 1873 1190 σεαυ-

295 1230 395 1283 τόν
429 1229 503 1281 οὐ
538 1224 877 1289 διδάσκειςς
913 1224 1069 1278 Ἐπεὶ
1105 1219 1198 1280 οῦν
1233 1223 1360 1279 οὔτε¹
1383 1226 1480 1295 ἐμὲ
1520 1225 1611 1279 τὸν
1648 1225 1875 1295 λέγοντα

294 1321 352 1375 16
382 1319 588 1387 λέγειν,
617 1317 740 1369 οὐτε
764 1317 908 1387 ὐμᾶς
937 1315 1064 1378 τοὺς
1089 1315 1388 1380 ἀκούοντας
1419 1317 1478 1370 16
1505 1317 1723 1371 ἀκούειν
1747 1318 1873 1370 ἄνευ

292 1413 381 1466 τοῦ
421 1410 707 1464 πείθεσθαι
743 1412 854 1472 τοῖς
884 1409 1201 1480 λεγομένοις
1236 1408 1517 1479 ὠφελῆσαι
1551 1408 1756 1462 δύναιτ’
1785 1409 1873 1474 ἂν,

292 1502 538 1558 ἀλλὰκαὶ
571 1501 926 1563 καταδικάζει
970 1501 1153 1565 πλέον,
1199 1499 1273 1570 μὴ
1326 1501 1486 1571 μέχρι
1519 1502 1618 1571 1?};
1669 1502 1872 1572 ἀκροά-

297 1611 426 1656 σεως
448 1593 548 1662 τὴν
579 1590 817 1662 σπουδὴν
848 1590 1265 1662 ἐπιδειξὼμεθα,
1294 1590 1410 1644 ἀλλ’
1435 1592 1528 1643 ἐπὶ
1561 1590 1670 1644 τῶν
1699 1591 1876 1662 ἔργων

295 1685 649 1754 φυλάττωμεν
687 1681 757 1735 τὰ
795 1682 1084 1752 λεγόμενα.
1119 1683 1299 1736 Καλὸν
1337 1683 1434 1753 μέν
1480 1681 1589 1753 γὰρ
1616 1682 1676 1735 τὸ
1701 1682 1878 1754 διηνε-

294 1781 395 1842 κῶς
421 1776 780 1846 ἐνδιατρίϐειν
814 1774 974 1828 θείων
998 1775 1260 1846 ἀκροάσει
1287 1774 1502 1843 λογίωνο
1534 1774 1671 1828 ἀλλά
1693 1775 1755 1828 16
1778 1793 1875 1827 κα-

293 1871 376 1923 λὸν
403 1867 562 1922 τοῦτο
593 1868 863 1938 ἄχρηστον
893 1866 1120 1934 γίνεται,
1145 1867 1272 1919 ὅταν
1294 1867 1392 1937 τὴν
1416 1866 1480 1919 ἐκ
1501 1865 1601 1936 τῆς
1624 1866 1875 1936 ὑπακοῆς

292 1961 556 2030 ὠφέλειαν
590 1959 663 2030 μὴ
696 1957 793 2029 ἔχῃ
832 1958 1288 2028 συνεζευγμένην.
1320 1958 1438 2011 Ἵνα
1471 1953 1564 2010 οῦν
1599 1957 1673 2028 μὴ
1698 1957 1875 2028 μάτην

295 2052 519 2108 ἐνταῦθα
557 2049 914 2121 συλλέγησθε,
954 2048 1093 2119 μετὰ
1122 2049 1305 2118 πάσης
1335 2049 1593 2118 σπουδῆς,
1616 2050 1644 2102 ὃ
1677 2049 1875 2104 πολλά-

297 2159 373 2208 κις
404 2143 558 2214 ὐμῶν
591 2140 841 2212 ἐδεήθην,
882 2142 975 2194 καὶ
1008 2140 1261 2211 δεόμενος
1300 2141 1362 2193 οὐ
1407 2141 1708 2212 παύσομαι,
1747 2142 1874 2206 τοὺς

295 2233 546 2304 ἀδελφοὺς
571 2232 705 2304 ἡμῖν
732 2229 1136 2292 ἐπισπάσασθε,
1160 2230 1286 2292 τοὺς
1315 2229 1702 2300 πλανωμένους
1729 2249 1872 2303 παρ-

293 2327 551 2389 αινέσατε,
592 2321 1032 2393 συμϐουλεύσατε
1061 2320 1210 2393 [164]
1251 2323 1324 2393 μὴ
1360 2323 1504 2394 λόγῳ
1533 2323 1713 2394 μόνον,
1737 2323 1870 2378 ἀλλὰ

295 2420 378 2472 καὶ
394 2419 556 2489 ἔργῳ.
579 2416 796 2479 Μείζων
814 2413 952 2485 αὕτη
971 2417 1002 2485 ἡ
1024 2413 1341 2467 διδασκαλία
1364 2414 1498 2485 ὴδιά
1511 2414 1618 2466 τῶν
1632 2416 1868 2486 τρόπων,

293 2508 422 2580 ήδιά
441 2509 535 2576 τῆς
578 2505 875 2567 πολιτείας.
905 2505 1026 2558 Κᾶν
1057 2504 1220 2575 μηδὲν
1241 2505 1420 2576 εἴπῃς,
1445 2505 1663 2576 ἐξέλθῃς
1684 2506 1739 2559 δέ
1763 2508 1872 2560 ἀπὸ

298 2597 586 2660 συνάξεως,
610 2595 696 2647 διὰ
715 2593 809 2647 τοῦ
840 2595 1139 2664 σχήματος,
1166 2595 1261 2647 καὶ
1288 2593 1382 2647 τοῦ
1416 2594 1747 2666 βλέμματος,
1775 2597 1871 2650 καὶ

294 2689 382 2759 τῆς
411 2689 619 2757 φωνῆς,
644 2687 858 2756 καὶτῆς
895 2685 1174 2755 βαδίσεως,
1211 2688 1304 2739 καὶ
1334 2686 1433 2756 1?};
1460 2686 1624 2757 ἄλλης
1651 2690 1871 2760 ἀπάσης

293 2780 626 2849 καταστολῆς
669 2778 947 2847 ἐμφαίνων
978 2781 1090 2840 τοῖς
1118 2777 1524 2848 ἀπολειφθεῖσιν
1563 2779 1871 2850 ἀνθρώποις

292 2871 345 2926 16
371 2872 581 2943 κέρδος,
607 2871 746 2941 ὅπερ
779 2869 1030 2922 ἐντεῦθεν
1057 2868 1277 2939 ἐξῆλθες
1301 2869 1501 2934 λαϐὼν,
1525 2871 1684 2941 ἀρκεῖ
1715 2871 1870 2924 τοῦτο

294 2966 365 3028 εἰς
398 2964 724 3037 παραίνεσιν
767 2963 861 3017 καὶ
907 2962 1235 3034 συμϐουλήν.
1277 2963 1432 3017 Οὐτω
1463 2963 1570 3036 γὰρ
1601 2967 1746 3036 ἡμᾶς
1782 2968 1870 3018 ἒν·

292 3055 469 3109 τεῦθεν
513 3054 720 3119 ἐξιέναι
760 3054 868 3119 δεῖ,
903 3051 1092 3125 ὥσπερ
1127 3053 1187 3118 ἐξ
1223 3054 1386 3126 ἱερῶν
1420 3056 1648 3122 ἀδύτων,
1682 3055 1868 3126 ὧσπερ

294 3147 349 3213 ἐξ
368 3147 538 3202 αὐτῶν
575 3145 924 3209 καταϐάντας
953 3144 1062 3197 τῶν
1093 3146 1358 3218 οὐρανῶν,
1384 3149 1708 3218 γενομένους
1738 3166 1870 3202 κατ-

293 3242 662 3312 εσταλμένους,
701 3238 1143 3308 φιλοσοφοῦντας,
1182 3238 1372 3310 ῥυθμῷ
1414 3240 1590 3292 πάντα
1624 3241 1718 3295 καὶ
1755 3258 1871 3294 ποι-

293 3333 474 3399 οῦντας
501 3336 596 3387 καὶ
625 3333 915 3400 λέγοντας·
943 3331 1037 3384 καὶ
1073 3330 1211 3400 γυνὴ
1233 3332 1324 3383 τὸν
1351 3331 1520 3402 ἀνδρα
1545 3331 1725 3404 ὁρῶσα
1759 3333 1867 3386 ἀπὸ

296 3425 552 3491 σννάξεως
580 3421 988 3494 ἀναχωροῦντα,
1019 3423 1114 3474 καὶ
1146 3421 1235 3474 τὺν
1278 3421 1391 3474 υίὺν
1420 3422 1620 3492 πατὴρ,
1653 3424 1747 3475 καὶ
1776 3424 1866 3477 τὸν

297 3518 494 3588 πατέρα
521 3520 548 3570 6
594 3519 744 3578 παῖς,
773 3515 866 3567 καὶ
908 3514 998 3566 τὸν
1027 3514 1295 3583 δεσπότην
1324 3515 1350 3567 ὁ
1399 3514 1584 3578 δοῦλος
1605 3559 1618 3580 ,
1651 3517 1742 3568 καὶ
1775 3517 1866 3570 τὸν

296 3605 434 3673 φίλον
468 3609 495 3660 6
525 3605 699 3674 φίλος,
733 3605 826 3656 καὶ
860 3604 952 3656 τὸν
982 3602 1175 3673 ἐχθρὸν
1207 3605 1235 3656 6
1275 3605 1485 3674 ἐχθρὸς,
1515 3605 1867 3675 λαμϐανέτω.

296 3715 384 3750 σαν
413 3699 651 3760 ἂπαντες
702 3697 954 3768 αἴσθησιν
1001 3696 1098 3766 1?};
1133 3697 1366 3750 ἐνταῦθα
1400 3699 1708 3769 γενομένης
1735 3701 1865 3770 ἡμῖν

293 3791 577 3861 ὡφελείας·
617 3790 883 3862 λήψονται
925 3789 1012 3854 δέ,
1046 3789 1111 3841 ἂν
1153 3791 1506 3861 πραοτέρων,
1551 3791 1617 3844 ἂν
1652 3792 1866 3860 φιλοσο-

294 3885 570 3956 φωτέρων,
618 3883 685 3938 ἂν
719 3881 1124 3952 εὐλαϐεστέρων
1156 3883 1310 3953 ὑμῶν
1352 3884 1736 3954 γεγενημένων
1782 3885 1866 3937 αξ-

294 3975 596 4030 σθάνωνται.
639 3976 922 4044 Ἐννόησον
945 3974 1059 4036 οἵας
1091 3973 1383 4037 ἀπολαύεις
1419 3974 1808 4044 μυσταγωγίας
1835 3975 1864 4026 6

293 4067 634 4138 μεμυημένος
671 4067 757 4129 σύ,
795 4065 934 4136 μετὰ
957 4065 1117 4117 τίνων
1139 4066 1309 4118 ἀναπέ
1321 4085 1485 4136 μπεις
1506 4067 1566 4118 16
1603 4066 1862 4138 μυστικὸν

294 4158 443 4227 μέλος
469 4162 667 4221 ἐκεῖνο,
699 4157 835 4226 μετά
859 4159 1018 4210 τίνων
1048 4157 1174 4228 βοᾷς
1197 4159 1276 4222 16,
1298 4157 1610 4229 Τρισάγιος.
1643 4158 1862 4223 Δίδαξον

289 4249 405 4312 τούς
437 4249 657 4314 ἔξωθεν,
699 4250 781 4301 ὃτι
833 4247 973 4320 μετά
1017 4248 1125 4300 τῶν
1161 4248 1404 4318 σεραφὶμ
1440 4249 1752 4320 ἐχόρευσας,
1778 4252 1860 4303 ὃτι

290 4341 362 4404 εἰς
386 4342 473 4396 τὸν
506 4343 680 4413 δῆμον
717 4342 810 4395 16v
860 4341 974 4393 ἄνω
1005 4340 1198 4406 τελεῖς,
1236 4342 1315 4392 ὅτι
1349 4343 1428 4403 εἰς
1463 4341 1552 4394 τὸν
1579 4341 1736 4413 χορὸν
1778 4345 1863 4396 ἐν⁴

290 4434 524 4504 ςγράφης
547 4433 639 4485 τὸν
667 4432 774 4485 τῶν
798 4431 1067 4501 ἀγγέλων,
1085 4431 1168 4484 ὅτι
1195 4430 1270 4501 τῷ
1292 4431 1538 4504 Δεσπότῃ
1556 4431 1858 4503 διελέχθης,

287 4525 454 4595 δτιτῷ
479 4525 700 4596 Χριστῷ
737 4525 1044 4592 συνεγένου.
1079 4526 1176 4578 Ἂν
1211 4524 1382 4587 οὕτως
1414 4526 1640 4589 ἑαυτοὺς
1671 4525 1864 4596 ῥυθμί-

289 4614 479 4686 ζωμεν,
508 4619 660 4671 οὐδὲν
694 4618 1002 4682 ἐξελθόντες
1040 4617 1344 4688 δεησόμεθα
1382 4617 1542 4686 λόγου
1571 4618 1709 4687 πρὸς
1733 4620 1860 4681 τοὺς

289 4707 704 4779 ἀπολειφθέντας
729 4727 742 4741 ⁸
787 4710 901 4762 ἀλλ’
942 4709 1050 4763 ἀπὸ
1106 4709 1206 4779 1?};
1249 4708 1528 4779 ἡμετέρας
1569 4708 1856 4777 ὡφελείας,

289 4796 381 4865 1?};
411 4801 614 4864 οἰκείας
645 4801 998 4871 αἱσθήῳνται
1027 4800 1250 4870 ζημίας,
1283 4801 1378 4852 καὶ
1400 4798 1733 4869 δραμοῦνται
1763 4817 1858 4853 ται

289 4887 438 4956 χέως,
477 4891 619 4944 ὥστε
656 4891 766 4944 τῶν
819 4890 1000 4944 αὐτῶν
1031 4890 1358 4944 ἀπολαῦσαι.
1397 4890 1470 4942 T6
1517 4890 1625 4961 γάρ
1662 4889 1858 4953 κάλλος

289 4978 434 5048 ὐμῶν
476 4984 574 5053 τῆς
625 4982 805 5054 ψυχῆς
851 4983 943 5035 διὰ
994 4982 1104 5034 τῶν
1138 4981 1443 5052 αἰσθήσεων
1491 4981 1669 5034 αὐτῶν
1719 4983 1856 5035 ἀπο-

287 5066 488 5143 λάμπον
519 5075 773 5146 ὁρῶντες.
816 5075 918 5129 κᾶν
963 5075 1219 5128 ἀπάντων
1265 5069 1365 5128 ὦσι
1398 5075 1740 5147 νωθρότεροι,
1777 5079 1857 5140 εἰς

285 5155 452 5227 ιρωτα
491 5161 590 5231 1?};
637 5162 972 5235 εὐπρεπείας
1005 5161 1371 5234 ἐμπεσοῦνται
1417 5165 1518 5234 τῆς
1559 5165 1852 5238 ὑμετέρας.

287 5247 345 5322 Ei
386 5254 492 5324 γὰρ
532 5253 780 5324 σώματος
826 5255 1023 5318 κάλλος
1073 5257 1374 5328 ἀναπτεροῖ
1426 5259 1554 5320 τοὺς
1591 5258 1853 5329 ὁρῶντας,

287 5342 457 5413 πολλῷ
486 5345 683 5414 μᾶλλον
735 5347 1008 5418 εὐμορφία
1035 5347 1214 5418 ψυχῆς
1255 5349 1518 5421 διεγείραι
1553 5349 1754 5404 δύναιτ’
1789 5352 1855 5405 ἂν

289 5435 372 5487 16v
400 5438 615 5511 θεατὴν,
647 5442 908 5513 καὶπρὸς
953 5443 1046 5496 τὸν
1091 5443 1203 5496 ἴσον
1247 5445 1626 5514 παρακαλέσαι
1672 5447 1852 5517 ζῆλον.

289 5526 722 5602 Καλλωπίσωμεν
753 5535 930 5588 τοίνυν
962 5535 1122 5606 ἡμῶν
1162 5536 1252 5588 16v
1282 5535 1389 5587 ἔσω
1423 5537 1727 5608 ἄνθρωπον,
1759 5542 1854 5593 καὶ

285 5617 386 5672 τῶν
413 5623 644 5679 ἐνταῦθα
661 5625 969 5695 λεγομένων
998 5627 1103 5691 ἔξω
1129 5627 1582 5698 μνημονεύωμεν
1603 5631 1720 5682 ἐκεῖ
1747 5631 1854 5702 γὰρ

294 5710 456 5765 αὐτῶν
492 5716 722 5781 μάλιστα
758 5718 854 5790 1?};
891 5720 1109 5792 μνήμης
1147 5721 1175 5773 6
1217 5719 1435 5792 καιρός·
1473 5720 1561 5773 καὶ
1595 5720 1844 5794 καθάπερ

1200 299 1270 354 ΙΝ
1313 300 1542 368 111131),
1584 303 1642 360 SI
1681 303 2057 363 ESL‘RIERIT
2098 310 2423 380 INIMICUS,
2470 314 2623 372 ETC.

3456 307 3558 362 180

1983 415 2239 487 ἀθλητὴς,
2293 416 2436 488 άπερ
2485 417 2551 470 ἂν
2587 419 2679 471 ἐπὶ¹
2725 418 2826 488 τῆς
2878 419 3219 494 παλαίστρας
3273 425 3557 500 μανθάνῃ,

1982 505 2154 560 ταῦτα
2205 507 2297 559 ἐπὶ
2348 507 2457 561 τῶν
2494 506 2722 576 ἀγώνων
2766 510 3164 566 ἐπιδείκνυται·
3189 513 3333 568 οὕτω
3367 517 3431 589 δὴ
3466 520 3562 574 καὶ

1982 598 2149 666 ἡμᾶς,
2192 598 2335 666 άπερ
2369 597 2434 650 ἂν
2481 598 2714 652 ἐνταῦθα
2750 599 3039 672 ἀκούωμεν
3063 644 3077 668 ,
3121 602 3296 658 ταῦτα
3328 606 3421 660 ἐπὶ
3451 609 3563 663 τῶν

1979 686 2177 753 ἔξωθεν
2209 689 2551 758 πραγμάτων
2573 689 2979 744 ἐπιδείκνυσθαι
3009 693 3136 762 χρή.

2051 786 2110 832 ε’.
2155 781 2547 849 Μνημόνευσον
2586 780 2767 834 τοίνυν
2811 781 2920 835 τῶν
2957 783 3194 838 ἐνταῦθα
3229 785 3562 858 λεγομένων,

1981 865 2069 928 ἵν’,
2093 866 2181 918 ὅτε
2211 865 2455 938 ἐξέλθῃς,
2484 867 2579 922 καὶ
2603 868 2931 940 ἐπιλάϐηταί
2963 887 3056 923 σου
3085 873 3113 924 6
3138 871 3402 940 διάϐολος,
3428 875 3462 945 ἢ
3492 874 3562 928 δι’

1977 955 2168 1027 ὀργῆς,
2207 957 2240 1028 ἢ
2283 956 2373 1009 διά
2405 957 2733 1023 κενοδοξίας,
2769 959 2802 1030 ἢ
2846 959 2911 1012 δι’
2940 960 3101 1014 ἄλλου
3151 963 3294 1025 τινὸς
3331 963 3561 1029 πάθους,

1977 1042 2351 1114 ἀναμνησθεὶς
2394 1045 2494 1114 τῆς
2522 1045 2757 1100 ἐνταῦθα
2787 1046 3158 1112 διδασκαλίας,
3193 1049 3429 1123 δυνηθῇς
3459 1054 3560 1123 ρᾳ-

1977 1130 2104 1194 δίως
2132 1133 2504 1187 ἀποδύσασθαι
2525 1134 2593 1187 τά
2615 1135 2844 1206 ἅμματα
2864 1137 2958 1190 τοῦ
2985 1139 3242 1209 πονηροῦ.
3267 1141 3378 1211 Οὐχ
3398 1143 3563 1211 ὁρᾶτε

1978 1219 2036 1270 ἐν
2063 1221 2177 1282 τοῖς
2213 1221 2500 1290 σκάμμασι
2542 1223 2668 1285 τούς
2691 1223 3063 1295 παιδοτρίϐας,
3083 1225 3133 1278 οἳ
3164 1227 3305 1296 μετά
3336 1229 3562 1297 μυρίους

1977 1305 2172 1369 ἄθλους
2211 1307 2460 1360 ἀτέλειαν
2502 1308 2687 1364 λοιπὸν
2734 1309 2841 1362 τῶν
2876 1313 3266 1382 παλαισμάτων
3305 1315 3413 1368 ἀπὸ
3461 1317 3562 1386 τῆς

1977 1393 2195 1463 ἡλικίας
2229 1394 2514 1459 λαϐόντες,
2555 1395 2660 1460 ἐξω
2702 1396 2810 1450 τῶν
2871 1400 3211 1468 σκαμμάτων
3260 1401 3560 1473 καθήμενοι

1980 1480 2130 1551 παρά
2159 1481 2257 1551 τὴν
2290 1483 2436 1535 κόνιν
2465 1483 2651 1555 αὐτὴν,
2670 1488 2783 1547 τοῖς
2805 1485 2952 1538 ἔνδον
2981 1483 3099 1540 οὖσι
3122 1488 3212 1540 καὶ
3239 1489 3560 1544 παλαίουσιν

1978 1569 2388 1638 ὐποφωνοῦσιν,
2427 1571 2567 1624 ὥστε
2604 1575 2762 1642 χεῖρα
2805 1577 3132 1644 κατασχεῖν,
3173 1575 3313 1629 ὥστε
3369 1577 3560 1642 σκέλος

1978 1657 2236 1721 ἑλκύσαι,
2293 1659 2432 1711 ὥστε
2481 1660 2666 1714 λαϐεῖν
2714 1662 2850 1730 μετά
2907 1662 2976 1715 τὰ
3038 1663 3213 1727 νῶτα,
3255 1666 3350 1717 καὶ
3396 1665 3561 1736 ἕτερα

1979 1747 2151 1800 πολλά
2186 1749 2411 1801 τοιαῦτα
2443 1749 2711 1818 λέγοντες,
2753 1751 2836 1805 δτι
2867 1751 2931 1804 ἂν
2982 1751 3043 1803 16
3075 1753 3169 1804 καὶ
3209 1753 3270 1805 16
3303 1757 3558 1826 ποιήσῃς,

1979 1838 2216 1899 ἐκτενεῖς
2255 1837 2452 1906 ῥᾳδίως
2489 1837 2578 1890 τὸν
2607 1837 3035 1909 ἀνταγωνιστὴν,
3069 1838 3140 1896 τὰ
3169 1839 3402 1910 μέγιστα
3436 1859 3563 1896 συν-

1978 1925 2191 1980 τελοῦσι
2224 1930 2336 1990 τοῖς
2380 1927 2688 1997 μαθηταῖς;
2730 1929 2840 1982 Καὶ
2869 1929 2932 1981 σὺ
2963 1930 3054 1982 τὸν
3082 1931 3437 2004 παιδοτρίϐην
3469 1932 3562 1988 16v

1979 2017 2069 2069 σὺν
2097 2018 2217 2089 δρα,
2250 2018 2339 2070 τὸν
2364 2019 2630 2089 μακάριον
2659 2018 2894 2082 Παῦλον,
2929 2019 2987 2082 ὃς
3014 2020 3149 2090 μετά
3177 2021 3403 2093 μυρίους
3437 2040 3559 2076 στε-

1978 2106 2179 2173 φάνους
2239 2105 2343 2171 ἔξω
2380 2105 2474 2158 τοῦ
2514 2105 2838 2176 σκάμματος
2880 2105 3031 2178 [165]
3076 2109 3383 2179 καθήμενος
3427 2111 3558 2176 νῦν,

1975 2193 2074 2262 τῆς
2124 2191 2404 2262 παρούσης
2463 2191 2606 2259 λέγω
2665 2190 2840 2260 ζωῆς,
2891 2196 3004 2256 τοῖς
3057 2194 3378 2250 παλαίουσιν
3426 2200 3561 2268 ἡμῖν

1977 2280 2270 2352 ὑποφωνεῖ,
2293 2279 2385 2334 καὶ
2535 2279 2621 2333 διὰ
2637 2277 2742 2332 τῶν
2769 2280 3110 2347 Ἐπιστολῶν,
3127 2283 3254 2336 ὅταν
3272 2282 3351 2354 ίδῃ
3388 2301 3558 2344 κατα,-

1978 2368 2269 2438 σχεθέντας
2313 2369 2418 2422 ὐπὸ
2445 2369 2613 2438 ὀργῆς
2636 2370 2730 2421 καὶ
2757 2369 2860 2420 ὐπὸ
2878 2369 3265 2439 μνησικακίας,
3298 2378 3392 2425 καὶ
3419 2373 3558 2428 ἀπο-ι

1975 2455 2332 2526 πνιγομένους
2371 2458 2475 2512 ὐπὸ
2505 2456 2599 2512 τοῦ
2641 2456 2867 2522 πάθους,
2908 2458 3044 2510 Ἐὰν
3073 2457 3249 2524 πεινᾷ
3281 2463 3314 2513 ὀ
3341 2461 3554 2529 ἐχθρός

1972 2558 2110 2608 σου,
2157 2543 2376 2612 ψώμιζε
2409 2545 2618 2598 αὐτόν.
2660 2544 2770 2599 Καὶ
2825 2543 3078 2617 καθάπερ
3123 2548 3151 2599 6
3205 2547 3560 2620 παιδοτρίϐης

1971 2632 2144 2701 λέγει,
2174 2635 2254 2686 ὅτι
2294 2633 2359 2686 ἂν
2397 2633 2458 2686 16
2492 2634 2585 2687 καὶ
2622 2632 2683 2686 16
2718 2634 2972 2707 ποιήσῃς,
3006 2637 3236 2710 περιέσῃ
3283 2637 3378 2690 τοῦ
3429 2638 3559 2691 ἀντ·

1971 2722 2302 2790 αγωνιστοῦ,
2343 2721 2485 2774 οῦτω
2519 2722 2612 2776 καὶ
2641 2715 2794 2785 οὗτος
2828 2723 3182 2796 προστίθησι·
3235 2725 3414 2780 Τοῦτο
3448 2727 3559 2797 γὰρ

1971 2809 2178 2872 ποιῶν,
2216 2810 2518 2878 ἄνθρακας
2550 2811 2736 2878 πυρὸς
2766 2813 3092 2878 σωρεύσεις
3116 2812 3214 2865 ἐπὶ
3241 2812 3356 2881 τὴν
3376 2830 3558 2884 κεφα-

1971 2899 2094 2966 λὴν
2118 2897 2326 2954 αὑτοῦ.
2359 2897 2520 2950 Ἀλλὰ
2546 2897 2656 2970 γὰρ
2696 2899 2900 2968 μεταξὺ
2932 2899 3123 2952 τούτου
3158 2900 3252 2954 τοῦ
3287 2904 3558 2969 ἀναγινώ-

1973 3005 2122 3040 σκειν
2158 3004 2226 3057 με
2267 2986 2358 3039 τὸν
2396 2986 2577 3057 νόμον,
2624 2987 2826 3057 ἐπῆλθε
2874 2989 2934 3041 16
2976 2988 3166 3042 δοκοῦν
3198 2989 3426 3060 φύεσθαι
3461 2995 3558 3065 ζή-

1969 3093 2119 3146 τημα
2153 3075 2210 3142 ἐξ
2241 3073 2430 3140 αὐτοῦ,
2468 3075 2562 3128 καὶ
2592 3074 2808 3138 πολλοῖς
2841 3076 3101 3149 παρέχειν
3130 3079 3271 3132 κατά
3291 3080 3384 3133 τοῦ
3408 3081 3559 3135 Παύ-

1969 3163 2062 3215 λου
2087 3162 2278 3233 λαϐὴν,
2314 3163 2450 3233 ὅπερ
2486 3161 2767 3232 προθεῖναι
2796 3174 2822 3203 δ
2853 3165 3093 3235 τήμερον
3114 3165 3194 3227 είς
3217 3165 3379 3235 μέσον
3403 3167 3555 3238 ὑμῖν.

1971 3255 2036 3306 Τί
2073 3256 2190 3306 ποτ’
2227 3249 2320 3308 οῦν
2373 3255 2488 3306 ἐστι
2540 3252 2599 3307 16
2643 3252 2924 3324 ὐφορμοῦν
2969 3257 3090 3317 ταῖς
3139 3255 3400 3320 διανοίαις
3446 3258 3559 3312 τῶν

1975 3341 2050 3413 μὴ
2093 3341 2230 3413 μετά
2279 3342 2567 3413 ἀκριϐείας
2607 3341 2822 3394 ἅπαντα
2865 3340 3138 3406 ἐξετάζειν
3173 3342 3553 3413 βουλομένωνς

1985 3431 2239 3498 Ἀπάγων
2266 3431 2434 3501 ὀργῆς
2472 3432 2500 3484 6
2548 3428 2778 3495 Παῦλος,
2819 3430 2970 3498 φησὶ,
3020 3431 3112 3482 καὶ
3152 3429 3354 3484 πείθων
3385 3434 3556 3486 ἐπιει-

1971 3521 2085 3581 κεῖς
2137 3515 2274 3583 εἶναι
2319 3519 2409 3570 καὶ
2454 3516 2710 3587 μετρίους
2749 3520 2860 3580 τοῖς
2892 3517 3092 3581 πέλας,
3130 3517 3329 3588 μᾶλλον
3357 3520 3554 3583 αὐτοὺς

1972 3607 2334 3678 ἐξεθηρίωσε,
2381 3609 2476 3660 καὶ
2523 3608 2658 3678 πρὸς
2710 3607 2881 3678 θυμὸν
2935 3607 3130 3678 ἐπῆρε.
3188 3608 3260 3661 Τὸ
3294 3610 3394 3679 μὲν
3444 3611 3555 3682 γὰρ

1971 3699 2168 3760 εἰπεῖν,
2207 3697 2341 3749 Ἐὰν
2369 3694 2545 3761 πεινᾷ
2584 3699 2616 3748 ὀ
2658 3696 2870 3762 ἐχθρός
2908 3712 3045 3760 σου,
3077 3696 3300 3765 ψώμιζε
3344 3697 3554 3763 αὐτὸν,

1967 3787 2077 3838 ἐὰν
2100 3783 2271 3852 διψᾷ,
2295 3783 2490 3843 πότιζε
2525 3782 2734 3847 αὑτὸν,
2762 3783 2925 3836 καλὸν
2969 3784 3252 3854 ἐπίταγμα
3277 3787 3370 3838 καὶ
3402 3785 3555 3854 φιλο⁶

1971 3873 2160 3940 σοφίας
2197 3872 2395 3942 γέμον,
2451 3873 2545 3924 καὶ
2598 3869 2676 3940 τῷ
2731 3869 2972 3923 ποιοῦντι
3023 3872 3116 3924 καὶ
3165 3871 3242 3941 τῷ
3285 3872 3552 3942 πάσχοντι

1966 3963 2267 4032 χρήσιμον·
2309 3960 2368 4011 16
2422 3959 2478 4011 δέ
2528 3957 2777 4012 ἐντεῦθεν
2820 3958 3003 4011 λοιπὸν
3046 3959 3246 4031 πολλὴν
3291 3959 3404 4031 ἔχει
3450 3959 3550 4030 τὴν

1965 4048 2222 4116 ἀπορίαν,
2256 4047 2351 4100 καὶ
2381 4047 2528 4099 δοκεῖ
2563 4047 2637 4118 μὴ
2671 4046 2990 4116 συμϐαίνειν
3017 4049 3083 4117 τῇ
3123 4049 3317 4118 γνώμῃ
3346 4047 3440 4100 τοῦ
3479 4047 3552 4102 τὰ

1965 4137 2206 4207 πρότερα
2234 4136 2539 4206 εἰρηκότος.
2581 4138 2734 4191 Ποῖον
2785 4136 2839 4190 δέ
2894 4134 3080 4203 τοῦτο;
3121 4136 3193 4187 Τὸ
3233 4135 3430 4202 λέγειν,
3467 4137 3550 4190 ὅτι

1963 4222 2158 4278 Ποιῶν
2182 4223 2378 4285 τοῦτο,
2401 4222 2703 4291 ἄνθρακας
2727 4223 2920 4290 πυρὸς
2951 4225 3279 4290 σωρεύσεις
3301 4225 3399 4277 ἐπὶ
3435 4224 3551 4292 τὴν

1964 4311 2242 4381 κεφαλὴν
2278 4311 2486 4366 αὑτοῦ.
2523 4312 2619 4365 Διά
2651 4311 2760 4383 γὰρ
2788 4310 2993 4364 τούτων
3020 4311 3127 4364 τῶν
3159 4313 3421 4383 ῥημάτων
3453 4314 3551 4366 καὶ

1963 4403 2054 4454 τὸν
2081 4403 2340 4455 ποιοῦντα
2363 4403 2458 4454 καὶ
2482 4401 2571 4454 16v
2597 4402 2874 4470 πάσχοντα
2896 4401 3120 4471 ἠδίκησε
3139 4419 3150 4428 ·
3183 4401 3274 4452 τοῦ
3317 4401 3414 4469 μὲν
3447 4401 3551 4470 τὴν

1964 4490 2204 4560 κεφαλὴν
2230 4487 2462 4558 ἀνάψας,
2485 4488 2580 4541 καὶ
2608 4487 2778 4559 πυρὸς
2804 4487 3077 4557 ἄνθρακας
3101 4486 3328 4549 ἐπιθείς.
3351 4486 3414 4539 Τί
3437 4487 3546 4558 γὰρ

1962 4581 2215 4634 τοσοῦτον
2246 4581 2355 4633 ἀπὸ
2383 4577 2478 4631 τοῦ
2509 4577 2856 4648 ψωμίζεσθαι
2886 4578 2980 4630 καὶ
3008 4575 3320 4640 ποτίζεσθαι
3351 4577 3544 4646 γένοιτ’

1964 4669 2030 4722 ἂν
2059 4669 2283 4738 ἀγαθὸν,
2309 4669 2432 4721 ὅσον
2471 4666 2638 4738 κακὸν
2670 4665 2779 4738 ἀπὸ
2825 4665 2926 4734 τῆς
2961 4664 3070 4718 τῶν
3104 4664 3392 4738 ἀνθράκων
3436 4684 3545 4738 σῳ-

1965 4733 2150 4810 ρείας;
2189 4739 2292 4790 Τὸν
2321 4738 2419 4809 μὲν
2451 4734 2543 4790 οὖν
2574 4733 2633 4789 εὖ
2671 4736 2969 4806 πάσχοντα,
3013 4733 3396 4806 φησὶν,ήούτως
3425 4737 3544 4805 ἡδίο

1962 4841 2166 4895 κησεν,
2227 4823 2306 4886 εἰς
2345 4821 2566 4892 μείζονα
2611 4819 2864 4892 ἐμϐαλὼν
2910 4821 3213 4891 τιμωρίαν,
3247 4820 3339 4873 τὸν
3380 4819 3438 4873 δέ
3480 4815 3544 4874 εὖ

1962 4905 2217 4960 ποιοῦντα
2241 4905 2402 4959 πάλιν
2434 4905 2635 4975 ἑτέρως
2665 4903 2994 4973 κατέϐλαψε.
3021 4903 3085 4954 Τί
3131 4902 3241 4974 γὰρ
3273 4904 3364 4956 καὶ
3387 4902 3545 4968 οὗτος

1960 4992 2055 5061 τῆς
2083 4989 2190 5042 ἀπὸ
2227 4989 2334 5041 τῶν
2381 4987 2592 5058 ἐχθρῶν
2641 4987 2960 5057 εὐεργεσίας
3002 4986 3260 5057 κερδᾶναι
3297 4987 3541 5051 δύναται,

1959 5075 2087 5127 ὅταν
2131 5073 2304 5127 ἐλπίδι
2347 5072 2447 5141 τῆς
2491 5070 2761 5142 τιμωρίας
2811 5071 2942 5124 αὐτὸ
2988 5074 3153 5142 ποιῇ;
3201 5073 3259 5123 ὐ
3301 5071 3410 5142 γὰρ
3458 5071 3550 5127 διὰ

1958 5156 2116 5210 τοῦτο
2145 5154 2364 5227 τρέφων
2392 5155 2486 5207 καὶ
2515 5155 2749 5218 ποτίζων
2775 5155 2864 5208 τὸν
2904 5154 3116 5226 ἐχθρὸν,
3149 5155 3237 5209 ἵνα
3266 5154 3546 5224 ἄνθρακας

1962 5239 2214 5312 σωρεύσῃ
2242 5239 2414 5310 πυρὸς
2440 5239 2532 5292 ἐπὶ
2564 5239 2664 5310 τὴν
2702 5239 2944 5310 κεφαλὴν
2980 5239 3166 5303 αὐτοῦ,
3197 5238 3313 5308 οὐχὶ
3349 5236 3544 5306 φιλάν-

1961 5323 2176 5394 θρωπος
2205 5323 2299 5374 καὶ
2332 5323 2588 5392 χρηστὸς,
2619 5322 2734 5376 ἀλλ’
2765 5322 2913 5393 ὠμὸς
2957 5325 3051 5375 καὶ
3079 5320 3292 5391 ἀπηνὴς
3343 5319 3520 5386 γένοιτ
3539 5324 3558 5342 ’

1961 5405 2047 5468 ἂν,
2077 5405 2167 5459 διὰ
2194 5408 2398 5477 μικρᾶς
2431 5406 2749 5478 εὐεργεσίας
2775 5405 2979 5473 ἄφατον
3010 5403 3262 5473 ἐμϐαλὼν
3294 5401 3535 5456 κόλασιν.

1960 5491 2024 5541 Τί
2053 5488 2160 5560 γάρ
2191 5488 2255 5541 ἂν
2307 5489 2516 5556 γένοιτο
2550 5487 2928 5557 χαλεπώτερον
2969 5487 3062 5539 τοῦ
3101 5486 3188 5540 διὰ
3224 5485 3384 5538 τοῦτο
3421 5483 3535 5555 τρέ-

1960 5590 2170 5641 φοντος,
2208 5573 2294 5625 ἵνα
2347 5572 2594 5643 σωρεύσῃ
2637 5571 2808 5640 πυρὸς
2856 5569 3131 5639 ἄνθρακας
3165 5571 3258 5623 ἐπὶ
3303 5571 3402 5640 τὴν
3439 5566 3536 5624 τοῦ

2022 5733 2044 5758 ³
2071 5731 2218 5780 Forlc
2237 5728 2471 5787 προθεῖναι
2498 5727 2742 5790 βούλομαι,
