4086 6454
523 321 614 377 181
1222 333 1280 388 S.
1320 329 1606 386 JOANNIS
1639 327 2129 384 CHRYSOSTOMI
2170 328 2486 386 ARCIIIEP.
2519 331 3069 390 CONSTANTINOP.

511 432 854 503 τρεφομένου
879 435 1155 506 κεφαλήν;
1185 435 1247 489 Ἤ
1277 437 1374 506 μὲν
1402 433 1496 491 οὖν
1519 437 1788 502 ἀντίθεσις
1819 437 1958 510 αὕτη
1979 453 1993 468 ·
2017 437 2099 492 δεῖ

512 515 570 570 δὲ
597 515 782 571 λοιπὸν
813 519 912 590 τὴν
940 517 1097 572 λύσιν
1122 521 1444 587 ἐπαγαγεῖν,
1469 522 1556 575 ἵνα
1586 521 1654 574 δι’
1685 522 1862 576 αὐτῶν
1893 522 2098 578 τούτων

515 598 628 651 τῶν
657 601 958 655 δοκούντων
984 601 1448 673 ἐπιλαμϐάνεσθαι
1469 603 1578 657 τῶν
1603 604 1696 658 τοῦ
1728 606 1895 676 νόμου
1919 624 2098 678 γραμ-

517 682 705 752 μάτων
730 683 845 754 ίδῃς
873 684 1118 756 ἀκριϐῶς
1150 684 1243 738 τοῦ
1277 685 1565 757 νομοθέτου
1597 688 1698 761 τήν
1731 689 1922 759 σοφίαν
1956 691 2099 744 ἀπα-

514 783 633 822 σαν.
670 767 766 832 Τίς
799 765 892 822 οὖν
920 769 1066 822 ἐστιν
1094 772 1126 841 ή
1151 769 1334 836 λύσις;

583 853 794 907 Συνεῖδε
828 855 988 909 τοῦτο
1025 857 1206 922 καλῶς
1247 861 1275 913 6
1321 861 1496 930 μέγας
1529 861 1625 914 καὶ
1672 865 1919 931 γενναῖος
1959 861 2099 935 ἀνήρ

513 943 737 1004 ἐκεῖνος,
761 942 841 995 δτι
871 941 1010 1014 βαρὺ
1033 945 1125 997 καὶ
1155 945 1389 1015 χαλεπὸν
1420 949 1674 1020 πρᾶγμα,
1693 950 1872 1020 ἐχθρῷ
1901 949 2101 1004 καταλ-

507 1025 742 1096 λαγῆναι
774 1029 1016 1100 ταχέως·
1050 1031 1189 1102 βαρὺ
1219 1031 1277 1085 δὲ
1308 1035 1404 1087 καὶ
1432 1035 1688 1105 χαλεπὸν,
1718 1037 1778 1089 ού
1821 1036 1974 1108 παρὰ
2001 1036 2098 1108 τὴν

507 1117 718 1169 οἰκείαν
743 1117 924 1186 φύσιν,
961 1119 1098 1172 ἀλλά
1138 1121 1291 1192 παρά
1321 1121 1421 1193 τήν
1454 1123 1728 1196 ρᾳθυμίαν
1775 1125 1874 1196 τήν
1900 1126 2100 1198 ἡμετέ-

510 1222 630 1276 ραν.
663 1204 832 1270 Αὐτὸς
877 1205 934 1260 δέ
972 1208 1092 1276 οὐχὶ
1129 1207 1536 1280 καταλλαγῆναι
1593 1211 1752 1282 μόνον
1786 1213 2096 1278 ἐκέλευσεν,

508 1291 646 1345 ἀλλὰ
677 1292 772 1346 καὶ
801 1292 1018 1365 θρέψαι,
1051 1295 1080 1348 ὃ
1109 1295 1243 1348 πολὺ
1265 1296 1360 1350 τοῦ
1389 1297 1658 1370 προτέρου
1683 1298 1981 1372 βαρύτερον
2006 1297 2094 1374 ἦν.

509 1380 576 1434 Εἰ
608 1379 717 1450 γὰρ
747 1379 1041 1455 βλέποντες
1075 1383 1234 1452 μόνον
1259 1384 1385 1446 τοὺς
1413 1383 1791 1458 λελυπηκὸτας
1820 1387 1968 1452 τινὲς
2006 1389 2098 1443 ἐκ·

508 1465 844 1538 θηριοῦνται,
876 1468 994 1532 πῶς
1037 1469 1103 1522 ἂν
1136 1471 1342 1524 εΰεοντο
1377 1470 1575 1542 θρέψαι
1612 1474 1950 1540 πεινῶντας;
1988 1477 2099 1530 Καὶ

506 1554 562 1607 τί
591 1554 758 1624 λέγω,
785 1555 1110 1626 βλέποντες;
1144 1559 1241 1610 Ἂν
1283 1558 1498 1630 μνησθῇ
1527 1577 1611 1624 τις
1643 1561 1842 1626 αὐτῶν,
1879 1563 1974 1616 καὶ
1997 1563 2098 1635 τὴν

511 1645 886 1716 προσηγορίαν
929 1647 1011 1710 είς
1054 1647 1218 1715 μέσον
1264 1647 1463 1718 ἐνέγκῃ
1522 1648 1703 1718 μόνον,
1743 1652 1963 1706 ἀνανεοί
2000 1653 2099 1723 τήν

513 1731 728 1802 πληγὴν
763 1736 864 1804 τῆς
905 1733 1144 1798 διανοίας
1205 1737 1370 1806 ἡμῖν,
1426 1737 1522 1790 καὶ
1577 1738 1747 1808 μείζω
1797 1743 1943 1794 ποιεῖ
1999 1743 2100 1812 τήν

511 1817 844 1891 φλεγμονὴν.
871 1820 1036 1874 Ταῦτ’
1063 1817 1155 1876 οὖν
1197 1822 1414 1876 ἅπαντα
1442 1822 1670 1878 συνιδὼν
1691 1825 1718 1877 6
1746 1825 1977 1891 Παῦλος,
2007 1829 2100 1882 καὶ

513 1907 836 1984 βουλόμενος
864 1910 925 1964 τὺ
957 1912 1400 1984 δυσκατόρθωτον
1438 1913 1594 1967 τοῦτο
1621 1916 1715 1969 καὶ
1750 1915 1986 1986 χαλεπὸν
2013 1917 2102 1972 εὐ-

513 2003 669 2056 κολον
710 2003 933 2074 ποιῆσαι
969 2003 1064 2057 καὶ
1099 2005 1300 2076 ῥᾴδιον,
1333 2005 1426 2058 καὶ
1461 2008 1646 2058 πεῖσαι
1674 2007 1764 2061 τὸν
1793 2007 1926 2080 μηδέ
1973 2009 2100 2063 ἰδεῖν

428 2093 446 2108 ‘
511 2093 840 2165 ἀνεχόμενον
863 2094 955 2150 τὸν
983 2093 1177 2166 ἐχθρὸν
1208 2097 1288 2160 εἰς
1310 2095 1632 2168 εὐεργεσίαν
1660 2097 1809 2170 [166]
1833 2099 1930 2171 τήν
1953 2101 2098 2154 ὲκεί-

511 2204 604 2238 νου
633 2184 957 2254 γενέσθαια,
983 2187 1111 2251 τοὺς
1156 2187 1431 2260 ἄνθρακας
1477 2188 1643 2260 ἔθηκε
1682 2189 1777 2244 τοῦ
1811 2192 2002 2264 πυρὸς,
2033 2194 2099 2247 ἵν’

509 2277 692 2333 ἐλπίδι
723 2279 823 2350 τῆς
857 2279 1132 2352 τιμωρίας
1179 2281 1551 2352 προτραπεὶς,
1591 2283 1868 2356 ἐπιδράμῃ
1902 2288 1968 2358 τῇ
2006 2285 2098 2340 τοῦ

509 2369 632 2424 λελυ
643 2371 880 2443 πηκότος
905 2371 1212 2444 εὐεργεσίᾳ.
1234 2373 1345 2426 Καὶ
1375 2373 1629 2446 καθάπερ
1651 2376 1678 2427 ὁ
1701 2375 1883 2440 ἀλιεῦς
1909 2377 2101 2432 πάντο-

508 2462 603 2517 θεν
653 2464 714 2518 τδ
761 2464 1057 2536 ἄγκιστρον
1106 2465 1474 2536 περιστέλλων
1509 2466 1586 2538 τῷ
1633 2467 1872 2532 δελέατι,
1927 2487 2099 2540 προσ-

509 2553 690 2625 τίθησι
711 2556 824 2618 τοῖς
863 2553 1093 2625 ἰχθύσιν,
1127 2555 1216 2609 ἵνα
1239 2556 1605 2629 προσδραμὼν
1628 2561 1694 2630 τῇ
1723 2558 1945 2631 συνήθει
1973 2577 2096 2631 τροσ

509 2646 609 2716 φῇ,
641 2643 710 2697 δι’
743 2645 961 2716 ἐκείνης
991 2644 1106 2716 ἀλῶ
1134 2646 1229 2698 καὶ
1258 2646 1572 2718 κατασχεθῇ
1607 2647 1826 2718 ῥᾳδίως⁹
1862 2647 2006 2702 οὕτω
2033 2648 2098 2721 δὴ

507 2737 604 2790 καὶ
641 2738 668 2790 6
713 2736 946 2802 Παῦλος,
979 2737 1302 2809 βουλόμενος
1343 2741 1422 2803 είς
1451 2741 1550 2811 τὴν
1578 2739 1896 2812 εὐεργεσίαν
1939 2741 2086 2812 ἐμϐι-

509 2827 676 2882 ϐάσαι
710 2828 806 2884 τοῦ
874 2828 1195 2899 ἠδικηκότος
1231 2831 1322 2882 τὸν
1365 2830 1692 2901 ἠδικημένον
1715 2871 1731 2896 ,
1788 2831 1850 2884 οὐ
1891 2833 2099 2903 γυμνδν

509 2916 839 2988 προστίθησι
863 2919 924 2972 τὸ
949 2919 1052 2990 τῆς
1083 2919 1403 2987 φιλοσοφίας
1429 2919 1746 2991 ἄγκιστρον,
1769 2922 1885 2976 ἀλλ’
1907 2923 2098 2997 ὥσπερ

505 3007 616 3064 τινὶ
653 3008 900 3075 δελέατι,
951 3014 1064 3075 τοῖς
1106 3009 1333 3082 ἄνθραξι
1367 3011 1461 3065 τοῦ
1511 3011 1682 3084 πυρὸς
1727 3014 2094 3085 περιστείλας,

507 3098 672 3156 καλεῖ
707 3101 806 3171 μὲν
833 3099 925 3154 τὸν
955 3101 1370 3172 ἐπηρεασθέντα
1396 3105 1462 3174 τῇ
1487 3102 1588 3172 τῆς
1618 3103 1894 3168 κολάσεως
1921 3105 2096 3160 ἐλπίδι

507 3192 648 3265 πρὸς
687 3191 788 3262 τήν
835 3191 1156 3262 εὐεργεσίαν
1197 3190 1292 3245 τοῦ
1347 3191 1748 3264 λελυπηκότος·
1781 3193 2004 3248 ἐλθόντα
2036 3195 2096 3250 δὲ

506 3283 672 3339 αὐτὸν
702 3284 925 3352 κατέχει
959 3281 1146 3336 λοιπὸν
1193 3283 1286 3337 καὶ
1313 3283 1415 3336 οὐκ
1454 3283 1680 3355 ἀφίησιν
1721 3285 2093 3358 ἀποπηδῆσαι,

505 3375 678 3446 αὐτῆς
695 3371 791 3428 τοῦ
819 3373 1144 3444 πράγματος
1164 3373 1262 3445 τῆς
1286 3372 1506 3444 φύσεως
1530 3375 1908 3448 προσηλούσης
1932 3378 2095 3432 αὐτὸν

503 3465 582 3536 τῷ
613 3463 794 3536 ἐχθρῷ
813 3483 825 3494 ·
867 3465 959 3518 καὶ
993 3465 1278 3536 μονονουχὶ
1305 3463 1451 3534 λέγει
1480 3465 1617 3536 πρὸς
1644 3467 1826 3521 αὐτόν·
1862 3471 1939 3522 Οὐ
1969 3468 2097 3540 βού-

503 3559 587 3613 λει
629 3558 696 3613 δι’
745 3557 1032 3611 εὐλάϐειαν
1064 3556 1284 3626 τρέφειν
1329 3556 1419 3610 τὸν
1471 3556 1798 3628 ἠδικηκότα;
1838 3559 1926 3613 διὰ
1962 3560 2093 3628 γοῦν

504 3652 606 3726 τὴν
630 3649 820 3704 ἐλπίδα
853 3653 953 3720 τῆς
983 3648 1257 3712 κολάσεως
1298 3647 1516 3720 θρέψον.
1554 3646 1676 3702 Οἵδε
1715 3649 1845 3722 γάρ,
1873 3652 1956 3706 δτι
1997 3653 2092 3708 ἐάν

506 3743 712 3811 ἅψηται
741 3738 840 3809 τῆς
873 3740 952 3804 είς
986 3739 1147 3792 αὐτὸν
1177 3739 1517 3811 εὐεργεσίας,
1552 3739 1696 3813 ἀρχὴ
1725 3741 1910 3796 λοιπὸν
1942 3743 2092 3815 αὐτῷ

506 3832 601 3885 καὶ
619 3831 736 3894 δδὺς
758 3829 969 3899 γίνεται
995 3828 1097 3898 τῆς
1132 3827 1502 3899 καταλλαγῆς.
1537 3829 1725 3894 Οὐδεὶς
1762 3831 1891 3904 γὰρ,
1912 3832 2092 3897 οὐδεὶς

501 3923 595 3978 τὸν
617 3922 999 3994 ψωμιξόμενον
1020 3921 1112 3974 ὑπ’
1133 3919 1298 3974 αὐτοῦ
1331 3921 1426 3975 καί¹
1455 3922 1806 3994 ποτιζόμενον
1826 3923 2092 3994 διηνεκῶς

503 4015 793 4086 ἀνάσχοιτο
818 4013 962 4085 ἔχειν
985 4013 1198 4086 ἐχθρὸν,
1221 4015 1270 4066 εί
1299 4013 1392 4066 καὶ
1417 4012 1567 4084 παρὰ
1595 4014 1694 4085 τὴν
1716 4015 1891 4087 ἀρχὴν
1913 4017 2090 4071 ἐλπίδι

501 4107 771 4179 τιμωρίας
795 4103 952 4166 τοῦτο
976 4095 1138 4169 ποιεῖ.
1167 4105 1226 4157 '0
1257 4105 1366 4176 γὰρ
1386 4105 1578 4176 χρόνος
1599 4105 1804 4178 προῖὼν
1825 4106 1965 4177 χαλᾷ
1996 4109 2092 4162 καὶ

503 4200 603 4274 τῆς
635 4197 808 4270 ὀργῆς
834 4197 924 4250 τὸν
949 4195 1122 4248 τόνον.
1143 4195 1360 4267 ’Ὠσπερ
1386 4191 1477 4249 οὖν
1505 4198 1534 4250 6
1572 4195 1778 4260 ἁλιεὺς,
1808 4200 1857 4251 εἰ
1883 4199 2089 4272 γυμνὸν

502 4291 564 4346 τὸ
613 4291 886 4369 θήρατρον
925 4284 1298 4358 προσέθηκεν,
1335 4286 1435 4339 οὐκ
1478 4286 1544 4340 ἂν
1601 4287 1950 4352 ἐπεσπάσατο
1997 4289 2089 4352 τὸν

507 4382 682 4468 ίχθύν,
709 4383 832 4436 νυνὶ
863 4379 920 4434 δέ
953 4377 1304 4451 περιστείλας
1342 4377 1496 4443 αὐτὸ,
1519 4377 1888 4442 λανθανόντως
1913 4381 2088 4451 ἐνίησι

499 4477 580 4548 τῷ
615 4475 844 4546 στόματι
873 4471 966 4528 τοῦ
996 4470 1314 4544 προσιόντος
1334 4469 1477 4536 ξὼου
1505 4471 1566 4538 τὸ
1590 4471 1884 4544 ἄγκιστρον
1903 4489 1916 4502 ·
1943 4470 2088 4535 οὕτω

502 4569 598 4624 καὶ
629 4570 656 4622 ὁ
680 4565 913 4630 Παῦλος,
945 4567 994 4619 εἰ
1032 4563 1106 4636 μὴ
1153 4563 1435 4634 προέτεινε
1467 4563 1568 4636 τὴν
1617 4563 1941 4644 προσδοκίαν
1987 4565 2089 4635 τῆς

503 4659 799 4722 κολάσεως,
827 4658 925 4712 οὐκ
960 4657 1026 4710 ἂν
1055 4657 1241 4711 ἔπεισε
1283 4656 1408 4719 τοὺς
1458 4655 1820 4728 ἠδικημένους
1845 4657 2086 4729 ἅψασθαι

499 4752 602 4824 τῆς
649 4749 758 4804 τῶν
803 4749 1186 4820 λελυπηκότων
1227 4748 1566 4820 εὐεργεσίας.
1615 4747 1949 4820 Βουλόμενος
1989 4743 2086 4803 οὖν

501 4841 898 4912 ἀποπηδῶντας
937 4839 1164 4904 αὐτοὺς,
1189 4839 1284 4892 καὶ
1316 4838 1786 4910 δυσχεραίνοντας,
1821 4839 1917 4893 καὶ
1955 4857 2088 4911 ναρ-

503 4935 717 4998 κῶντας
747 4934 840 4988 καὶ
869 4933 1005 5005 πρὸς
1030 4929 1199 5002 αὐτὴν
1223 4929 1324 5003 τὴν
1351 4929 1462 4983 τῶν
1489 4929 1702 5002 ἐχθρῶν
1723 4930 1869 5000 ὄψιν,
1901 4934 2084 4985 πεῖσαι

501 5023 572 5082 τὰ
603 5025 836 5097 μέγιστα
865 5025 1060 5086 αὐτοὺς
1099 5023 1428 5094 εὐεργετεῖν,
1451 5023 1577 5086 τοὺς
1609 5022 1887 5094 ἄνθρακας
1919 5023 2084 5096 ἔθηκε

499 5117 596 5174 τοῦ
631 5115 836 5188 πυρδς,
866 5115 964 5186 οὐχ
1011 5114 1100 5168 ἵνα
1145 5113 1388 5178 ἐκείνους
1437 5113 1680 5186 ἐμϐάλλῃ
1726 5116 1806 5178 είς
1841 5115 2082 5186 ἀπαραί-

499 5227 664 5284 τητον
703 5208 944 5271 κόλασιν,
971 5205 1086 5258 ἀλλ’
1121 5204 1210 5258 ἵνα
1241 5205 1366 5269 τοὺς
1397 5204 1764 5276 ἠδικημένους
1801 5207 1995 5271 πείσας
2025 5208 2083 5260 ἐν

497 5307 566 5376 τῇ
597 5299 894 5374 προσδοκίᾳ
921 5299 1018 5370 τῆς
1050 5295 1324 5360 κολάσεως
1345 5297 1656 5368 εὐεργετεῖν
1680 5299 1804 5363 τοὺς
1830 5297 2080 5370 ἐχθροὺς,

497 5397 577 5467 τις»
607 5395 782 5467 χρόνῳ
800 5391 986 5446 λοιπὸν
1011 5391 1174 5462 πείσῃ
1208 5388 1302 5444 καὶ
1325 5389 1503 5442 πᾶσαν
1533 5389 1715 5453 αὐτοῖς
1738 5390 1956 5458 ἀφεῖναι
1985 5389 2084 5461 τήν

499 5487 690 5558 ὀργήνο

578 5583 652 5641 ς’.
686 5575 797 5629 Καὶ
828 5574 915 5626 τον
948 5574 1046 5644 μὲν
1073 5571 1400 5641 ἠδικημένον
1433 5571 1576 5625 ούτω
1617 5567 2046 5644 παρεμυθήσατο
2066 5585 2080 5599 ·

500 5669 603 5740 ὅρα
623 5669 682 5723 δὲ
706 5669 799 5720 καὶ
820 5669 908 5719 τὸν
933 5667 1230 5737 ἠδικηκότα
1260 5666 1377 5729 πῶς
1404 5663 1664 5718 συνάπτει
1695 5663 1772 5735 τῷ
1799 5677 2083 5732 παρωργι-

568 5814 592 5842 ⁸
619 5812 748 5860 Ξαγὶι
797 5809 843 5859 in
863 5823 1012 5869 marg.
1041 5808 1166 5867 conj.
1190 5809 1401 5866 γενέσθαι
1423 5807 1674 5868 πρόθυμον.

3695 333 3802 390 ίὸἰ

2207 441 2390 514 σμένῳ
2410 441 2592 498 πάλιν.
2629 444 2852 516 Πρῶτον
2889 443 2988 514 μὲν
3013 441 3093 514 τῷ
3118 443 3215 515 τῆς
3237 443 3559 515 εὐεργεσίας
3582 444 3799 521 τρόπῳ⁸

2203 533 2376 598 οὐδεὶς
2405 535 2512 608 γάρ
2552 536 2701 588 ἐστιν
2751 534 2924 598 οὕτως
2977 534 3160 611 ἄθλιος
3214 536 3308 590 καὶ
3344 535 3708 608 ἀναίσθητος,
3739 537 3803 604 ὃς

2206 623 2582 694 πυτιζόμενος,
2611 625 2704 678 καὶ
2725 625 3132 696 ψωμιζόμενος,
3164 625 3238 696 μὴ
3269 625 3524 694 ⁴γενέσθαι
3553 626 3804 697 βούλοιτο

2204 713 2391 779 δοῦλος
2424 716 2518 769 καὶ
2551 716 2704 786 φίλος
2744 715 2822 788 τῷ
2859 717 3036 772 ταῦτα
3070 717 3219 788 αὐτῷ
3253 719 3638 792 ἐργαζομένων
3676 719 3804 774 δεύ-

2204 821 2362 877 τερον
2389 806 2446 860 δὲ
2475 806 2554 878 τῷ
2585 807 2734 880 φόϐῳ
2765 809 2865 880 τῆς
2887 809 3176 880 τιμωρίας.
3207 812 3366 864 Δοκεῖ
3391 810 3490 882 μὲν
3523 813 3634 884 γὰρ
3659 813 3802 883 πρὸς

2203 896 2296 950 τὸν
2359 898 2678 969 ψωμίζοντα
2736 899 3154 969 ἀποτείνεσθαι,
3199 901 3396 971 λέγων·
3454 903 3637 958 Τοῦτο
3683 903 3800 974 γὰρ

2205 988 2432 1055 ποιῶνν
2445 988 2743 1060 ἄνθρακας
2781 991 2971 1061 πυρὸς
3004 994 3290 1062 σωρεύεις
3327 994 3425 1048 ἐπὶ
3458 993 3574 1062 τὴν
3611 1011 3802 1065 κερα-

2203 1082 2329 1152 λὴν
2355 1083 2544 1137 αὑτοῦ
2566 1099 2580 1114 ⁸
2617 1083 2855 1154 μάλιστα
2899 1085 2957 1138 δὲ
2990 1085 3084 1139 τοῦ
3123 1085 3491 1158 λελυπηκότος
3515 1087 3802 1142 καθάπτε·

2204 1189 2316 1240 ται,
2346 1174 2434 1227 ἵνα
2454 1173 2532 1246 τῷ
2562 1175 2713 1246 φόϐῳ
2741 1176 2839 1246 τῆς
2874 1175 3149 1242 κολάσεως
3173 1177 3380 1250 ταύτης
3409 1179 3484 1250 μὴ
3515 1179 3656 1252 μένῃ
3683 1179 3791 1235 διιι.⁸

2206 1267 2408 1331 παντὸς
2430 1269 2628 1341 ἐχθρὸς
2656 1269 2752 1338 ὣν,
2786 1271 3102 1338 ἀλλ’·είδὼς,
3133 1275 3214 1328 δτι
3260 1275 3328 1330 τά
3360 1275 3594 1346 μέγιστα
3634 1279 3804 1332 αὐτὸν

2205 1361 2552 1432 καταϐλάψαι
2575 1363 2776 1418 δύναιτ’
2797 1364 2864 1418 ἂν
2881 1364 2944 1418 τὸ
2965 1364 3310 1436 ψωμίζεσθαι
3332 1368 3426 1420 καὶ
3454 1367 3800 1438 ποτίζεσθαι,

2205 1455 2254 1506 εί
2283 1453 2433 1524 μένοι
2460 1455 2725 1526 διηνεκῶς
2753 1456 2847 1508 ἐπὶ
2879 1456 2979 1527 τῆς
3020 1455 3340 1528 ἀπεχθείας,
3377 1459 3666 1533 καταλύσῃ
3698 1461 3802 1534 τὴν

2205 1545 2396 1618 ὀργήν.
2425 1546 2582 1600 Οὐτω
2612 1548 2721 1620 γὰρ
2756 1548 2882 1612 τούς
2930 1548 3210 1620 ἄνθρακας
3247 1549 3342 1604 τοῦ
3391 1552 3566 1622 πυρὸς
3603 1552 3800 1614 σϐέσαι

2206 1637 2516 1708 δυνήσεται.
2555 1639 2720 1691 Ὥστε
2755 1638 2848 1692 καὶ
2880 1642 2912 1711 ή
2953 1638 3174 1704 κόλασις
3207 1640 3300 1694 καὶ
3334 1641 3368 1712 ή
3405 1643 3648 1717 τιμωρία
3685 1663 3802 1703 κει..

2210 1725 2346 1799 μένη
2369 1727 2460 1781 τόν
2485 1744 2543 1780 τε
2574 1725 2902 1798 ἠδικημένον
2924 1730 3225 1789 ἐπισπᾶται
3253 1732 3332 1794 είς
3358 1731 3684 1802 εὐεργεσίαν
3704 1735 3798 1790 τοῦ

2205 1816 2570 1890 λελυπηκότος
2593 1859 2608 1882 ,
2644 1819 2734 1872 τόν
2773 1837 2833 1872 τε
2878 1819 3260 1891 παροξύναντα
3303 1822 3460 1892 φοϐεῖ
3508 1825 3603 1878 καὶ
3645 1825 3800 1879 διαν-

2209 1905 2411 1978 ίστησι,
2444 1910 2704 1991 καὶπρὸς
2727 1911 3072 1984 καταλλαγὴν
3102 1913 3233 1967 ὠθεῖ
3259 1913 3354 1968 τοῦ
3380 1916 3676 1988 τρέφοντος
3705 1920 3799 1972 καὶ

2208 1995 2360 2071 [lb7]
2384 1998 2716 2064 ποτίζοντος.
2735 2000 2919 2073 Διπλῷ
2947 2003 3126 2056 τοίνυν
3153 2004 3500 2076 ἀμφοτέρους
3534 2007 3799 2078 συνέδησε

2205 2089 2390 2160 δεσμῷ
2414 2089 2548 2160 πρὸς
2570 2091 2852 2163 ἀλλήλους,
2885 2093 2978 2146 καὶ
3001 2093 3078 2164 τῷ
3099 2093 3198 2163 τῆς
3219 2093 3560 2165 εὐεργεσίας,
3591 2097 3687 2150 καὶ
3723 2098 3801 2169 τῷ

2205 2181 2308 2252 τῆς
2338 2183 2632 2255 τιμωρίας.
2667 2182 2739 2236 T6
2772 2183 2880 2255 γάρ
2912 2183 3190 2258 δυσχερὲς,
3221 2183 3410 2257 ἄρχειν
3456 2187 3552 2240 καὶ
3588 2187 3800 2242 εἴσοδον

2205 2273 2384 2346 εὑρεῖν
2415 2277 2481 2345 τῇ
2518 2274 2834 2346 καταλλαγῇ
2857 2292 2870 2305 ο
2911 2275 3118 2347 ταύτης
3157 2276 3215 2330 δὲ
3243 2277 3560 2350 ἀνοιγείσης
3597 2279 3799 2351 οίῳδή-

2207 2381 2339 2418 ποτε
2377 2366 2584 2438 τρόπῳ,
2617 2365 2685 2420 τά
2717 2366 2856 2437 μετά
2885 2365 3058 2421 ταῦτα
3101 2367 3278 2422 πάντα
3311 2369 3472 2440 ῥᾴδια
3509 2369 3664 2424 ἐσται
3701 2371 3798 2426 καὶ

2205 2442 2426 2514 εὔκολα.
2454 2459 2576 2512 Κᾶν
2617 2459 2724 2531 γὰρ
2759 2459 2909 2531 παρά
2939 2459 3038 2532 τήν
3082 2461 3256 2533 ἀρχὴν
3295 2461 3472 2516 ἐλπίδι
3517 2462 3800 2529 κολάσεως

2204 2550 2380 2622 τρέφῃ
2415 2551 2506 2606 τὸν
2534 2551 2729 2624 ἐχθρὸν
2762 2553 2790 2605 6
2821 2552 3219 2624 λελυπημένος,
3247 2553 3362 2608 ἀλλ’
3392 2554 3539 2626 αύτῷ
3563 2555 3640 2626 τῷ
3671 2555 3799 2628 τρέ-

2206 2660 2330 2713 φειν
2359 2645 2648 2715 γινόμενος
2678 2644 2850 2715 φίλος,
2893 2645 3142 2700 ἐκϐαλεῖν
3173 2645 3270 2718 τήν
3301 2644 3597 2718 ἐπιθυμίαν
3635 2647 3800 2720 δυνήο

2207 2753 2359 2790 σεται
2393 2737 2491 2808 τῆς
2525 2739 2812 2810 τιμωρίας.
2845 2737 3003 2802 Φίλος
3032 2737 3140 2810 γὰρ
3174 2739 3488 2808 γενόμενος,
3515 2738 3706 2792 οὐκέτι
3732 2737 3797 2793 ἂν

2203 2829 2430 2904 τοιαύτῃ
2465 2831 2684 2902 θρέψειε
2725 2830 3023 2904 προσδοκίᾳ
3049 2830 3141 2884 τὸν
3176 2829 3584 2900 καταλλαγέντα
3613 2830 3797 2902 αὐτῷ.

2205 2920 2375 2974 Πάλιν
2417 2924 2444 2976 6
2493 2920 2834 2994 παροξύνας,
2876 2921 2999 2976 ίδὼν
3053 2922 3146 2975 τὸν
3197 2921 3527 2993 ἠδικημένον
3565 2922 3798 2993 τρέφειν

2204 3011 2367 3066 αὐτὸν
2394 3012 2490 3066 κ;ὶ
2515 3010 2756 3076 ποτίζειν
2783 3011 3235 3085 προαιρούμενον,
3263 3011 3353 3066 διά
3374 3030 3438 3082 γε
3457 3013 3612 3067 τοῦτο
3633 3014 3792 3081 αὐτὸ,

2203 3104 2298 3156 καὶ
2327 3103 2416 3156 τὸν
2451 3103 2611 3174 φόϐον
2643 3103 2744 3174 τῆς
2773 3103 3144 3175 ἀποκειμένης
3173 3102 3322 3174 αὐτῷ
3353 3104 3646 3169 κολάσεως,
3685 3107 3795 3158 πᾶ-

2203 3211 2304 3248 σαν
2336 3193 2587 3248 ἐκϐάλλει
2617 3197 2716 3266 τήν
2746 3194 3066 3266 ἀπέχθειαν,
3101 3194 3206 3249 κᾶν
3245 3195 3508 3267 μυριάκις
3536 3195 3794 3268 σιδηροῦς

2201 3282 2259 3359 ᾗ,
2291 3287 2386 3341 καὶ⁵
2407 3287 2640 3359 ἀπηνὴς,
2666 3289 2760 3342 καὶ
2789 3288 3022 3358 ἀδάμας,
3052 3287 3154 3358 τήν
3182 3304 3242 3340 τε
3272 3285 3670 3359 φιλοφροσύνην
3699 3287 3791 3341 τοῦ

2201 3379 2494 3451 τρέφοντος
2524 3378 2962 3451 δυσωπούμενος,
2992 3379 3086 3432 καὶ
3112 3379 3213 3454 τὴν
3243 3378 3612 3450 ἀποκειμένην
3635 3378 3792 3449 αὐτῷ
3869 3377 3878 3394 ³

2202 3472 2424 3526 κόλασιν
2458 3472 2736 3537 δεδοικὼς,
2779 3473 2828 3526 εί
2861 3471 3013 3542 μένοι
3055 3469 3198 3542 μετά
3225 3470 3324 3542 τήν
3355 3471 3559 3543 τροφὴν
3591 3470 3790 3544 ἐχθρὸς

2200 3563 2296 3621 ὢν.

2270 3673 2372 3727 Διά
2421 3690 2504 3726 τοι
2551 3671 2710 3726 τοῦτο
2747 3671 2870 3725 ούδέ
2920 3669 3152 3724 ἐνταῦθα
3203 3668 3333 3739 ἔστη
3372 3669 3472 3739 τῆς
3518 3670 3790 3740 παραινέ-

2201 3780 2360 3827 σεως,
2388 3761 2504 3816 ἀλλ’
2536 3761 2626 3814 ὅτε
2670 3759 2940 3813 ἐκένωσεν
2974 3757 3235 3828 ἐκατέρου
3279 3755 3380 3828 τήν
3409 3756 3576 3828 ὀργήν
3602 3797 3616 3818 ,
3654 3755 3785 3810 τότε

2199 3858 2294 3911 καὶ
2316 3857 2416 3928 τὴν
2447 3851 2674 3924 γνώμην
2712 3851 2892 3906 αὐτῶν
2932 3849 3240 3923 διορθοῦται
3281 3847 3477 3919 λέγων,
3505 3847 3600 3916 Μὴ
3629 3849 3784 3904 νικῶ

2195 3948 2318 4006 ὑπὸ
2356 3947 2472 4014 τοῦ,
2493 3946 2704 4001 κακοῦ.
2747 3945 2846 3998 Ἂν
2875 3943 2984 4016 γάρ
3015 3943 3202 4017 μένῃς,
3237 3942 3393 4013 φησὶ,
3420 3941 3780 4014 μνησικακῶν

2199 4041 2292 4095 καὶ
2313 4039 2677 4112 ἀμυνόμενος,
2698 4037 2876 4100 δοκεῖς
2904 4035 3002 4107 μὲν
3021 4034 3113 4088 τὸν
3137 4033 3331 4106 ἐχθρὸν
3353 4035 3530 4106 νικᾷν,
3553 4035 3780 4088 νικᾶσαι

2195 4132 2251 4186 δέ
2277 4133 2383 4184 ύπδ
2407 4129 2502 4184 τοῦ
2536 4128 2734 4192 κακοῦ,
2762 4127 3064 4191 τουτέστιν,
3093 4125 3198 4178 ὑπὸ
3229 4126 3328 4196 τῆς
3371 4125 3570 4196 ὀργῆςο
3613 4123 3782 4191 ὥστε,

2196 4226 2246 4278 εί
2278 4222 2460 4294 βούλει
2506 4220 2752 4290 νικῆσαι,
2791 4215 3192 4288 καταλλάγηθι,
3230 4217 3323 4270 καὶ
3347 4214 3424 4288 μή
3457 4213 3778 4288 ἐπεξέλθῃς.

2195 4313 2344 4386 Αὐτη
2371 4314 2478 4386 γάρ
2506 4314 2654 4365 ἐστιν
2687 4313 2719 4382 ή
2745 4307 2979 4382 λαμπρὰ
3009 4308 3157 4380 νίκη,
3206 4307 3338 4360 ὅταν
3367 4308 3427 4360 ἐν
3456 4305 3536 4376 τῷ
3565 4305 3780 4376 ἀγαθῷ,

2193 4405 2466 4466 τουτέστι,
2508 4405 2574 4474 τῇ
2605 4399 2925 4470 ἀνεξικακίᾳ
2963 4399 3196 4472 νικήσῃς
3239 4398 3300 4451 τὸ
3339 4396 3529 4462 κακὸν,
3563 4395 3661 4466 τὴν
3688 4397 3781 4467 ὀρ-

2194 4499 2298 4570 γὴν
2326 4499 2420 4551 καὶ
2448 4497 2546 4575 τὴν
2579 4493 2951 4568 μνησικακίαν
2982 4489 3256 4546 ἐκϐαλών.
3294 4488 3458 4543 Ἀλλά
3482 4488 3692 4542 τούτων
3719 4489 3778 4556 ἐξ

2195 4592 2368 4666 ἀρχῆς
2397 4591 2499 4644 οὐκ
2536 4588 2602 4642 ἂν
2635 4587 2900 4660 ἠνέσχετο
2939 4585 3047 4639 τῶν
3082 4581 3348 4658 ῥημάτων
3377 4582 3406 4634 6
3445 4580 3776 4652 ἠδικημένος

2193 4691 2291 4746 καὶ
2335 4686 2704 4759 φλεγμαίνων.
2753 4683 2852 4738 Διά
2898 4682 3078 4747 τοῦτο,
3113 4681 3202 4736 ὅτε
3248 4676 3417 4732 αὐτοῦ
3461 4675 3556 4730 τὸν
3603 4675 3776 4746 θυμὸν

2191 4782 2441 4852 ἐκόρεσε,
2465 4777 2588 4832 τότε
2613 4775 2708 4838 καὶ
2755 4777 2848 4828 ἐπὶ
2881 4774 2980 4846 τὴν
3009 4771 3240 4844 ἀρίστην
3270 4767 3434 4824 αὐτὸν
3465 4767 3641 4838 ἠγαγε
3672 4767 3774 4836 τῆς

2193 4868 2542 4939 καταλλαγῆς
2573 4864 2774 4930 αίτίαν,
2804 4863 2900 4916 καὶ
2943 4861 3045 4916 οὐκ
3076 4860 3292 4930 ἀφῆκεν
3316 4857 3674 4926 ἐναπομείναι
3702 4854 3769 4922 τῇ

2193 4963 2408 5035 πονηρᾷ
2435 4960 2536 5031 τῆς
2563 4955 2836 5028 τιμωρίας
2890 4953 3088 5008 ἐλπίδι.
3142 4949 3294 5015 Εἶδες
3349 4947 3644 5020 νομοθέτου
3685 4962 3774 4998 σο-

2193 5058 2358 5128 φίαν;
2387 5053 2497 5108 Καὶ
2511 5053 2601 5113 ἵνα
2635 5049 2818 5122 μάθῃς
2844 5050 2928 5103 ὅτι
2959 5045 3048 5101 διά
3075 5045 3172 5118 τήν
3205 5043 3492 5098 ἀσθένειαν
3524 5038 3634 5094 τῶν
3673 5040 3772 5092 οὐκ

2190 5148 2536 5221 ἀνεχομένων
2563 5144 2738 5208 ἄλλως
2767 5143 2980 5204 ἐαυτοῖς
3015 5133 3382 5194 συνάπτεσθαι
3407 5177 3422 5197 ,
3449 5131 3641 5187 τοῦτον
3669 5133 3773 5184 εἰσ⁸

2192 5245 2368 5314 ήγαγε
2396 5241 2489 5295 τὸν
2522 5237 2716 5310 νόμον,
2746 5237 2979 5290 ἄκουσον
3014 5229 3132 5293 πῶς
3170 5232 3198 5284 6
3243 5227 3482 5300 Χριστὸς
3530 5224 3594 5278 τὸ
3641 5222 3772 5278 αὐτὸ

2189 5334 2348 5390 τοῦτο
2374 5329 2705 5404 νομοθετῶν,
2745 5329 2809 5382 οὐ
2830 5327 2892 5381 τὸ
2929 5324 3063 5380 αὐτὸ
3088 5321 3338 5376 τέθεικεν
3377 5317 3632 5372 ἔπαθλον·
3657 5314 3768 5404 ἀλλ’

2189 5423 2382 5488 εἰπὼν,
2435 5402 2517 5476 δτι
2555 5417 2848 5490 Ἀγαπᾶτε
2890 5415 3034 5481 τοὺς
3075 5410 3328 5487 ἐχθροὺς
3358 5406 3549 5481 ὑμῶν,
3575 5402 3770 5469 καλῶς

2191 5516 2411 5572 ποιεῖτε
2443 5514 2567 5580 τοῖς
2588 5510 2882 5583 μισοῦσιν
2903 5505 3082 5577 ὑμᾶς,
3113 5505 3252 5576 ὅπερ
3279 5500 3396 5555 ἐστὶ
3421 5497 3648 5571 τρέφειν
3679 5493 3772 5550 καὶ

2191 5608 2450 5672 ποτίζειν.
2477 5607 2578 5660 οὐκ
2598 5605 2901 5674 ἐπήγαγεν,
2925 5600 3006 5652 ὅτι
3041 5597 3212 5650 Τοῦτο
3233 5594 3342 5666 γὰρ
3373 5590 3654 5654 ποιοῦντες
3680 5589 3769 5643 ἀν-

2191 5700 2398 5770 θρακα;
2423 5697 2594 5769 πυρὸς
2618 5693 2922 5766 σωρεύσετε
2938 5691 3032 5744 ἐπί
3045 5688 3144 5754 τὰς
3161 5684 3402 5766 κεφαλὰς
3420 5683 3622 5748 αὐτῶν,
3637 5681 3768 5735 ἀλλά

2191 5791 2276 5859 τί;
2307 5791 2506 5856 Ὅπως
2546 5788 2800 5860 γένησθε
2835 5783 3023 5856 ὅμοιοι
3061 5783 3164 5837 τοῦ
3207 5778 3434 5847 Πατρίκς
3471 5776 3633 5847 ὑμῶν
3666 5771 3769 5830 τοῦ
