4086 6442
306 356 405 410 ιει

297 474 557 534 nutritur,
584 478 833 541 congerat
865 469 1123 528 carbones
1167 464 1342 536 ignis?
1373 464 1495 523 ιιως
1522 463 1676 531 igitur
1697 471 1776 520 est
1807 461 1900 518 oh-

292 565 470 635 jcctio
497 583 508 617 :
540 563 649 632 jatn
683 579 806 615 vero
835 561 1030 618 solutio
1073 569 1153 612 est
1183 556 1446 621 addenda,
1480 568 1534 608 ut
1559 571 1625 619 ex
1657 555 1720 607 iis
1751 555 1899 623 ipsis,

295 675 424 727 que
460 655 615 709 verba
645 655 772 723 legis
798 653 1043 713 videntur
1074 661 1558 719 carpere,'omn,em
1586 645 1903 714 legislatoris

297 748 623 818 sapientiam
675 753 923 799 accurate
951 756 1263 814 cognoscas.
1315 743 1569 807 Quaenam
1623 739 1780 809 igitur
1820 744 1903 792 est

296 839 542 896 solutio?

369 929 505 984 Cum
530 929 744 983 inimicis
765 924 1082 980 reconciliari
1105 939 1256 995 grave
1285 933 1329 977 ει
1375 921 1594 993 difﬁcile.
1627 950 1697 960 -—-
1721 920 1895 974 Nove-

297 1033 384 1076 rat
438 1022 542 1076 hoc
592 1021 755 1090 probe
806 1033 1028 1088 magnus
1071 1032 1134 1072 ac
1176 1031 1468 1090 generosus
1513 1015 1600 1069 ille
1639 1015 1740 1078 vir,
1784 1028 1896 1067 rem

297 1131 522 1186 gravem
551 1130 614 1168 ac
659 1113 940 1166 molestam
972 1125 1096 1165 esse
1135 1109 1384 1163 celeriter
1412 1123 1532 1162 cum
1565 1106 1782 1160 inimico
1808 1121 1897 1159 re-

295 1207 578 1268 coiiciliari
611 1223 624 1260 :
655 1221 874 1280 gravem
905 1219 968 1258 ac
1007 1202 1286 1264 molestam
1321 1217 1426 1256 non
1454 1216 1520 1255 ex
1548 1217 1640 1254 sua
1665 1209 1851 1252 natura
1878 1239 1893 1263 ,

295 1299 392 1353 sed
439 1297 514 1351 ob
542 1307 774 1354 nostram
807 1295 1090 1364 ignaviam.
1139 1295 1208 1348 At
1252 1294 1366 1364 ipse
1409 1308 1513 1347 non
1562 1291 1894 1346 reconciliari

300 1398 516 1443 tantum
569 1387 764 1457 jussit,
812 1383 906 1440 sed
947 1385 1106 1438 etiam
1145 1384 1325 1451 alere,
1353 1382 1496 1454 quod
1525 1382 1686 1452 priori
1732 1381 1898 1435 nmlto

296 1481 522 1552 gravius
553 1479 666 1532 fuit.
697 1477 752 1531 Si
783 1476 924 1530 enim
956 1475 1260 1544 conSpectis
1289 1483 1491 1528 tantum
1524 1474 1628 1526 illis
1650 1515 1664 1539 ,
1703 1473 1792 1542 qui
1839 1487 1898 1526 se

299 1571 551 1627 tnulestia
592 1568 905 1633 affecerint,
948 1566 1237 1620 ell'rrantur
1281 1566 1556 1630 nonnulli,
1583 1579 1688 1634 quo
1744 1573 1899 1634 pacto

297 1669 714 1732 adducerentur,
750 1676 804 1719 ut
830 1666 1038 1720 alerent
1066 1660 1396 1719 esurientes?
1421 1659 1556 1727 Quid
1583 1659 1703 1712 dico
1725 1700 1740 1725 ,
1769 1673 1899 1710 con-

298 1761 530 1829 Spectis‘!
553 1758 608 1811 Si
633 1758 753 1828 quis
793 1757 1114 1810 mentionem
1148 1756 1355 1809 illorum
1401 1751 1582 1807 fecerit
1608 1793 1620 1816 ,
1646 1761 1697 1805 et
1725 1750 1895 1804 solum

296 1865 484 1904 eorum
541 1865 732 1902 nomen
779 1848 830 1901 in
879 1847 1107 1899 medium
1156 1842 1465 1914 protulerit,
1509 1840 1704 1893 mentis
1745 1839 1898 1892 nobis

299 1942 489 1994 vulnus
524 1949 763 2006 renovat,
795 1951 842 1994 et
869 1938 1342 1993 inﬁmmnatiouem
1373 1943 1551 2004 anget.
1585 1933 1707 1986 l|;ec
1735 1931 1896 2001 igitur

297 2033 472 2086 omnia
515 2048 634 2086 cum
668 2032 984 2100 intelligeret
1014 2029 1240 2096 Paulus,
1265 2038 1319 2081 et
1345 2027 1447 2080 hoc
1477 2025 1761 2080 emcndatu
1794 2022 1898 2076 dif—

300 2123 432 2177 ﬁcile
461 2131 523 2176 et
553 2123 778 2190 arduum
808 2122 964 2175 vellet
1000 2120 1151 2179 facile
1194 2118 1419 2184 reddere
1447 2121 1515 2172 et
1555 2116 1859 2185 expeditum
1881 2154 1896 2179 ,

302 2226 352 2268 et
398 2214 472 2268 illi
506 2214 834 2286 persuadere
861 2255 874 2279 ,
905 2215 992 2281 qui
1040 2229 1106 2267 ne
1154 2211 1348 2266 intueri
1379 2209 1591 2280 quidem
1625 2210 1897 2264 inimicum

302 2307 570 2377 dignatur,
605 2318 658 2360 ut
689 2307 754 2361 ad
782 2307 916 2362 bene
934 2306 1000 2361 de
1030 2305 1120 2359 illo
1151 2304 1462 2368 merendum
1493 2318 1550 2358 se
1597 2314 1896 2372 promptum

302 2399 650 2465 ostenderet,
697 2398 958 2453 carbones
1015 2399 1150 2469 ignis
1197 2398 1396 2466 posuit,
1430 2407 1487 2451 ut
1525 2397 1771 2467 supplicii
1804 2411 1900 2464 spe

303 2498 606 2555 commotus
635 2490 701 2544 ad
745 2490 1062 2544 beneﬁcimn
1113 2491 1164 2543 iu
1199 2489 1347 2550 illutn
1390 2488 1771 2543 confereudmn
1810 2503 1900 2542 ac-

302 2591 497 2648 currat,
532 2598 562 2635 a
595 2598 700 2658 quo
725 2583 920 2637 danmo
964 2581 1150 2645 fuisset
1188 2581 1429 2642 allectus.
1465 2581 1531 2635 Et
1555 2583 1690 2634 sicut
1720 2583 1892 2651 piscac

307 2685 386 2729 tor
411 2675 633 2729 hamum
690 2675 942 2730 illecebra
970 2676 1202 2745 contegit
1255 2675 1518 2743 undique,
1565 2683 1781 2742 tumque
1821 2674 1897 2742 pi-

304 2769 475 2823 scibus
515 2768 703 2838 objicit
725 2809 739 2832 ,
772 2778 830 2825 ut
873 2769 938 2822 ad
973 2777 1284 2822 consuctmn
1315 2767 1490 2821 cibum
1520 2778 1891 2830 occurrentes,

304 2861 388 2916 illo
426 2860 587 2915 facile
634 2861 910 2930 capiantur
937 2877 999 2915 ac
1036 2859 1375 2915 detineantur
1405 2875 1418 2911 :
1444 2858 1520 2912 sic
1566 2859 1814 2911 nimirum
1844 2867 1896 2911 et

305 2953 524 3020 Paulus,
559 2969 680 3006 cum
733 2952 979 3006 allectum
1038 2952 1223 3021 injuria
1258 2951 1414 3005 vellet
1459 2951 1524 3003 ad
1577 2950 1893 3004 ln-neﬁcium

303 3043 685 3099 conferendum
715 3045 933 3098 incitare
963 3043 1016 3096 in
1048 3044 1193 3096 illum
1227 3043 1317 3112 qui
1351 3042 1594 3111 injuriam
1624 3042 1892 3105 intulerat,

309 3152 406 3191 non
461 3136 672 3192 nudum
723 3136 1071 3206 philosopltim
1118 3135 1303 3203 objicit
1356 3134 1729 3206 hamum,sed
1761 3143 1898 3189 tam-

305 3244 453 3296 quam
487 3227 741 3282 illecebra
768 3227 993 3297 quadam
1021 3226 1342 3281 carbonibus
1365 3225 1498 3294 ignis
1523 3225 1814 3292 obtectum,
1844 3235 1897 3280 ct

304 3321 676 3376 contumeliam
727 3335 940 3389 passum
984 3334 1078 3387 spe
1108 3317 1351 3392 supplicii
1395 3316 1462 3371 ad
1492 3317 1807 3372 beuelicium
1844 3317 1893 3370 in

305 3429 416 3467 cum
443 3411 832 3482 conferendum
859 3453 874 3476 ,
901 3413 986 3482 qui
1018 3412 1172 3476 luasit,
1206 3412 1394 3469 invitat
1426 3429 1438 3465 :
1472 3428 1592 3465 mox
1627 3421 1805 3472 autem
1841 3424 1897 3468 ut

303 3506 522 3570 venerit,
554 3505 750 3560 deinde
793 3505 1025 3569 retinet,
1059 3518 1229 3573 neque
1269 3504 1478 3558 resilire
1505 3503 1650 3572 sinit,
1677 3522 1796 3560 eum
1823 3507 1890 3561 ab

304 3597 406 3667 ipsa
430 3600 501 3653 rei
529 3609 720 3652 natura
747 3613 867 3664 cum
911 3597 1124 3665 inimico
1163 3596 1436 3666 jungatur,
1464 3611 1624 3667 atque
1658 3599 1739 3653 his
1767 3613 1892 3667 proa-

305 3690 585 3759 jeunzdunt
609 3690 788 3744 verbis
819 3690 963 3743 illum
987 3688 1178 3742 aﬁ‘atur
1203 3706 1216 3740 :
1247 3687 1362 3745 Non
1393 3692 1472 3746 vis
1500 3692 1583 3758 pie
1609 3692 1710 3744 atis
1734 3705 1893 3744 causa

301 3786 471 3840 cibare
501 3785 654 3840 illum
681 3783 769 3856 qui
789 3792 836 3836 te
859 3782 1018 3835 laesit?
1038 3782 1227 3837 saltem
1258 3785 1325 3838 ob
1342 3799 1490 3852 spem
1512 3784 1723 3836 ultionis
1751 3783 1888 3837 ciba.

303 3879 404 3934 Scit
429 3882 576 3935 enim
626 3882 772 3943 fore,
803 3880 930 3934 utsi
986 3877 1305 3932 beneficium
1352 3878 1404 3930 in
1452 3877 1599 3929 illum
1649 3877 1894 3932 conferre

303 3973 639 4041 aggrediatur
660 4011 674 4035 ,
718 3972 826 4042 jam
857 3981 966 4025 tum
1015 3970 1224 4024 initiutn
1253 3970 1379 4033 ﬁat,
1408 3983 1473 4022 ac
1499 3969 1582 4022 via
1625 3977 1896 4023 sternatur

304 4062 764 4118 reconciliationis.
796 4062 963 4117 Nemo
985 4062 1147 4127 enim,
1184 4077 1340 4116 nemo
1371 4076 1620 4130 umquam
1653 4062 1892 4129 poterlta

306 4166 360 4207 se
379 4156 634 4209 nutritum
658 4154 926 4209 hominem
955 4169 1018 4208 ac
1047 4161 1280 4222 p0tatum
1309 4152 1558 4206 infestum
1591 4152 1893 4217 habere,li-

306 4256 386 4302 eet
411 4249 560 4304 initio
586 4264 684 4319 spe
708 4249 921 4302 ultionis
954 4246 1003 4301 id
1049 4246 1251 4300 fecerit.
1281 4245 1562 4315 Temporis
1605 4246 1746 4300 enim
1772 4261 1893 4314 pro-

308 4353 486 4407 gressu
507 4341 601 4395 ira:
631 4340 902 4394 contentio
940 4339 1247 4393 remittitur.
1292 4336 1356 4392 Ut
1387 4338 1546 4407 igitur
1571 4337 1823 4406 piscator,
1846 4337 1891 4390 si

308 4429 496 4484 nudum
519 4432 734 4486 hamum
759 4430 1036 4499 objiceret,
1059 4430 1257 4498 piscem
1282 4444 1612 4497 nequaquam
1632 4427 1891 4492 alliceret;

308 4519 406 4588 jam
433 4539 559 4578 vero
583 4532 860 4594 postquam
891 4522 1037 4575 illum
1065 4522 1287 4586 obtexit,
1320 4521 1454 4574 clam
1489 4521 1539 4574 in
1568 4535 1629 4574 os
1650 4521 1894 4576 animalis

311 4615 606 4670 accedentis
649 4615 865 4669 hamum
915 4613 1150 4667 itnmittit
1186 4613 1299 4667 :sic
1328 4613 1486 4666 etiam
1525 4612 1718 4666 Paulus
1745 4653 1760 4677 ,
1792 4611 1895 4666 nisi

312 4716 474 4769 ptem:
506 4705 960 4775 exSpectationem
988 4704 1272 4773 objeciSset
1295 4745 1308 4768 ,
1339 4702 1543 4756 affectis
1573 4702 1762 4771 injuria
1788 4718 1892 4756 non

310 4799 675 4864 persuasisset,
707 4806 764 4852 ut
803 4797 866 4850 ad
900 4798 1033 4850 bene
1063 4795 1376 4848 merendum
1423 4794 1490 4847 de
1519 4793 1622 4846 illis
1646 4809 1674 4846 a
1702 4793 1894 4862 quibus

313 4883 413 4938 hesi
449 4888 688 4953 fuissent,
717 4889 952 4943 animum
995 4887 1343 4958 appellerent.
1390 4885 1539 4951 Quod
1582 4885 1736 4955 igitur
1774 4884 1894 4939 illos

320 4975 631 5048 refugientes
657 5023 672 5048 ,
707 4996 848 5050 a‘gre
873 4979 1127 5042 ferentes,
1154 4990 1207 5033 et
1236 4980 1315 5032 vel
1343 4979 1502 5032 etiaut
1544 4978 1785 5031 inimicos
1815 4977 1893 5030 itt-

315 5073 440 5122 tueri
465 5072 822 5127 detrectantes
867 5073 1081 5128 ﬂectere
1113 5074 1302 5136 vellet,
1336 5082 1494 5140 atque
1539 5071 1604 5125 ad
1634 5071 1751 5124 illos
1778 5086 1893 5124 ma-

318 5159 464 5213 ximis
491 5161 760 5219 beneliciis
787 5164 1134 5219 cumulandos
1163 5164 1384 5217 incitare
1403 5205 1416 5229 ,
1442 5164 1731 5218 carbonum
1760 5162 1894 5233 ignis

317 5246 434 5303 fecit
477 5257 835 5321 mentionem,
871 5273 974 5310 non
1017 5265 1072 5310 ut
1122 5257 1173 5308 in
1223 5256 1538 5325 supplicium
1591 5255 1894 5311 inevitabile

316 5339 432 5395 illus
453 5345 754 5414 conjiceret,
771 5349 863 5401 sed
884 5357 938 5400 ut
957 5363 1076 5400 cum
1101 5347 1204 5401 illis
1220 5347 1305 5416 qui
1327 5347 1535 5400 fuerant
1553 5346 1740 5415 injuria
1761 5346 1893 5414 laesi,

322 5437 654 5494 persuasisset
696 5439 1055 5508 exspectando
1085 5439 1400 5507 supplicium
1435 5438 1570 5492 bene
1612 5438 1804 5492 mereri
1830 5439 1897 5494 de

322 5519 555 5594 inimicis,
578 5532 787 5586 tandem
819 5548 1096 5602 progressu
1130 5532 1384 5600 temporis
1413 5526 1572 5586 etiam
1604 5530 1894 5601 persuade-

321 5623 394 5666 ret
414 5615 532 5684 illis,
561 5629 616 5675 ut
643 5625 774 5678 iram
801 5638 1013 5678 onmem
1039 5623 1384 5693 deponerent.

387 5711 436 5762 ὃ.
467 5716 634 5783 Atque
663 5719 810 5771 illum
839 5716 1049 5787 quidem
1079 5717 1166 5787 qui
1205 5731 1393 5785 passus
1419 5716 1663 5785 injuriam
1697 5718 1889 5781 fuerat,

325 5799 391 5856 sic
438 5806 732 5886 mitigavit;
767 5811 884 5866 vide
915 5823 1090 5865 autem
1115 5826 1219 5880 quo
1244 5822 1394 5879 paczo
1427 5811 1570 5866 illum
1613 5811 1769 5866 etiam
1800 5813 1888 5880 qui

1275 349 1338 407 ΙΝ
1379 349 1598 413 "LUD,
1643 347 1699 401 SI
1734 347 2093 410 ESL'llli-Ll‘tl'l‘
2137 348 2452 415 lNthllClJS,
2499 351 2646 406 ETC.

3508 368 3611 423 £83

2018 460 2262 526 iujuriam
2314 463 2598 528 intulerat,
2644 483 2762 521 cum
2819 471 2947 526 la:so
2991 479 3314 534 reconciliet.
3371 483 3606 543 l‘rinunn.

2013 552 2225 620 quidem
2256 553 2369 621 ipso
2394 569 2591 623 genere
2621 556 2863 615 beneﬁcii
2891 580 2904 616 :
2939 566 3115 621 nullus
3137 571 3279 624 enim
3306 582 3408 626 tam
3443 577 3607 632 miser

2012 651 2064 694 et
2095 642 2340 711 stupidus
2381 655 2481 707 est,
2513 647 2602 715 qui
2650 657 2859 718 potatus
2899 668 2962 707 ac
3001 655 3122 710 cilio
3174 660 3402 716 refectus
3431 705 3445 729 ,
3478 669 3603 722 nolit

2012 729 2128 800 ejus
2158 731 2270 785 ﬁeri
2299 741 2486 788 servus
2511 747 2564 790 et
2594 739 2817 802 amicus,
2852 756 2880 794 a
2907 758 3010 813 quo
3035 745 3084 798 in
3113 747 3257 802 illtun
3283 751 3380 806 ista
3409 754 3600 814 collata

2011 835 2172 879 sunt:
2205 827 2398 882 deimle
2423 846 2547 884 vero
2585 834 2826 900 Supplieii
2858 847 3019 890 metu.
3070 839 3200 894 Nam
3239 844 3447 898 videtur
3487 849 3596 918 qui-

2009 917 2127 970 dem
2154 919 2401 973 insectari
2434 937 2554 975 eum
2582 924 2672 993 qui
2701 926 2872 994 cibat,
2903 928 3028 983 dum
3078 933 3151 986 ait
3180 951 3193 988 :
3226 934 3336 988 Hoc
3359 917 3607 1010 enim’fa-

2007 1009 2141 1062 ciens
2162 1011 2400 1064 carbones
2422 1013 2554 1084 ignis
2572 1031 2808 1086 congere:
2833 1035 2988 1088 super
3012 1034 3165 1089 caput
3187 1027 3295 1096 ejus
3317 1042 3336 1080 :
3357 1029 3451 1083 sed
3479 1005 3604 1094 enm

2006 1100 2092 1168 qui
2129 1101 2263 1156 Lrsit
2290 1105 2601 1173 perstringit
2631 1107 2896 1174 maxime,
2927 1120 2984 1164 ut
3015 1113 3172 1182 hujus
3206 1132 3376 1184 pinnae
3411 1121 3609 1174 timore

2009 1193 2284 1260 perculsus
2334 1205 2618 1264 perpetuas
2663 1198 2964 1257 inimicitias
3013 1205 3234 1262 minin'te
3265 1208 3473 1278 foveat,
3507 1214 3603 1268 sed

2007 1285 2308 1354 intelligens
2355 1286 2508 1356 fore,
2546 1299 2604 1344 ut
2649 1295 2883 1350 maximo
2924 1297 3189 1353 afﬁciatur
3237 1300 3600 1372 detrimento,

2006 1377 2146 1445 quid
2186 1379 2392 1434 cibatus
2421 1397 2483 1435 ac
2511 1393 2720 1452 potatus
2751 1387 2903 1442 fuerit
2927 1431 2942 1456 ,
2970 1390 3014 1442 si
3053 1406 3267 1464 semper
3296 1395 3602 1460 inimicitias

2005 1481 2271 1536 exerceat,
2302 1472 2432 1560 iram
2461 1473 2710 1544 deponat.
2742 1478 2830 1534 Sic
2851 1495 3078 1551 namque
3103 1485 3292 1553 poterit
3321 1486 3456 1557 ignis
3483 1505 3602 1545 car-

2005 1564 2171 1618 bones
2188 1567 2542 1637 exstinguere.
2575 1570 2750 1639 ltaque
2772 1587 2924 1641 pinna
2952 1585 3001 1629 et
3025 1555 3598 1652 supplicitunvproposi-

2009 1665 2116 1709 tum
2141 1667 2246 1712 tum
2262 1675 2381 1713 eum
2403 1661 2491 1730 qui
2515 1661 2732 1717 affectus
2749 1672 2832 1718 est
2846 1665 3033 1734 injuria
3052 1668 3121 1722 ad
3141 1670 3454 1726 beneficium
3473 1690 3604 1729 con-

2007 1747 2282 1803 ferendum
2315 1751 2504 1806 invitat
2529 1753 2579 1806 in
2609 1770 2729 1808 eum
2753 1757 2842 1825 qui
2863 1758 3033 1822 liCSil,
3064 1769 3173 1814 tum
3206 1777 3334 1830 eum
3354 1767 3441 1834 qui
3474 1767 3593 1830 irri-

2012 1839 2140 1892 tavit
2171 1848 2334 1902 terret
2356 1850 2409 1895 ct
2433 1843 2654 1911 excitat,
2682 1855 2841 1915 atque
2871 1847 2935 1900 ad
2961 1853 3450 1910 reconciliationem
3477 1873 3600 1914 cunt

2007 1946 2072 1985 eo
2113 1933 2201 2001 qui
2252 1933 2371 1986 cibo
2403 1934 2589 1989 refecit
2613 1952 2674 1990 ac
2707 1939 2927 2006 potavit,
2962 1941 3204 2011 impellit.
3243 1945 3445 2016 Duplici
3474 1963 3603 2022 ergo

2008 2024 2216 2078 vinculo
2257 2028 2444 2081 ambos
2489 2029 2626 2082 inter
2655 2045 2713 2084 se
2759 2033 3063 2100 copulavit,
3096 2037 3267 2094 altero
3318 2040 3599 2112 beneﬁcii,

2005 2115 2175 2170 altero
2221 2119 2486 2188 supplicii.
2546 2121 2772 2176 Difﬁcile
2804 2126 3000 2195 quippe
3037 2139 3116 2182 est
3147 2129 3408 2201 incipere,
3443 2113 3606 2206 atque

2008 2207 2207 2262 aditum
2241 2211 2481 2267 invenire
2506 2216 2922 2272 reconciliationi
2955 2237 2968 2269 :
3004 2221 3089 2274 ubi
3113 2238 3241 2277 vero
3271 2237 3454 2293 aperta
3484 2228 3602 2285 lucc

2004 2317 2220 2372 quoquo
2269 2303 2428 2357 modo
2467 2304 2662 2372 fuerit,
2696 2323 2818 2376 qua:
2866 2321 3164 2378 sequuntur
3207 2312 3378 2369 facilia
3409 2327 3600 2374 cuncta

2005 2407 2160 2480 erunt
2188 2407 2244 2451 et
2285 2399 2552 2468 expedita.
2582 2400 2836 2468 Quamvis
2862 2404 3005 2458 enim
3050 2405 3201 2460 initio
3231 2423 3328 2478 spe
3355 2412 3599 2481 Supplicii

2005 2489 2094 2557 qui
2127 2488 2284 2542 hesus
2314 2501 2394 2544 est
2420 2493 2526 2545 alat
2550 2493 2822 2547 inimicmn
2848 2537 2860 2559 ,
2897 2505 3072 2551 tamen
3101 2497 3224 2552 dum
3249 2503 3372 2568 alet,
3397 2504 3600 2560 amicus

2004 2580 2226 2645 evadet,
2258 2591 2310 2636 et
2358 2599 2527 2651 preme
2554 2585 2896 2654 cupiditatem
2933 2591 3127 2656 poterit
3175 2607 3241 2647 ex
3283 2595 3463 2650 animo
3487 2598 3600 2667 pel-

2007 2670 2138 2725 lere.
2170 2672 2303 2726 Cum
2333 2673 2475 2728 enim
2513 2676 2718 2730 amicus
2759 2677 2998 2733 redditus
3029 2679 3209 2748 fuerit,
3237 2699 3341 2737 non
3367 2686 3476 2753 jam
3508 2687 3598 2742 tali

2002 2777 2122 2815 cum
2169 2766 2574 2832 exspectatione
2603 2768 2801 2837 poterit
2843 2783 3023 2824 secum
3064 2775 3464 2829 reconciliatmn
3495 2795 3596 2832 utt-

2005 2856 2151 2910 trire.
2183 2857 2386 2912 ltursus
2414 2859 2457 2910 is
2484 2860 2574 2928 qui
2604 2859 2827 2915 oll'endit
2871 2877 2993 2916 cum
3035 2865 3228 2920 viderit
3252 2883 3370 2921 emu
3405 2871 3492 2935 qui
3520 2873 3599 2925 al-

2003 2946 2172 3002 fectns
2206 2948 2374 3001 fuerat
2403 2950 2591 3019 injuria
2617 2994 2630 3016 ,
2659 2953 2830 3021 ipsum
2867 2953 3012 3010 alere
3049 2971 3110 3010 ac
3142 2967 3322 3026 potare
3353 2960 3557 3028 dignari
3579 3005 3595 3028 ,

2002 3041 2190 3094 saltem
2215 3041 2284 3093 ob
2326 3040 2426 3095 hoc
2468 3042 2640 3110 ipsmn
2668 3084 2682 3110 ,
2715 3053 2762 3098 et
2811 3045 2881 3098 ob
2921 3055 3122 3101 metum
3159 3053 3324 3117 parati
3354 3053 3600 3123 Supplaeii

2001 3130 2181 3184 odium
2222 3148 2381 3187 onine
2421 3133 2655 3201 deponet
2677 3175 2690 3195 ,
2721 3141 3062 3206 quantumvis
3092 3139 3316 3208 ferreus,
3349 3143 3596 3198 inhuma-

2003 3240 2101 3282 nus
2134 3235 2184 3280 et
2208 3224 2423 3282 adamas
2449 3227 2634 3294 ltterit,
2664 3229 2805 3298 quod
2839 3237 2893 3284 et
2922 3229 3310 3288 humanitatem
3351 3250 3598 3291 reverea-

2003 3330 2087 3376 tur
2108 3322 2222 3390 ejus
2249 3339 2280 3376 a
2302 3338 2407 3392 quo
2436 3323 2690 3386 nutritur,
2724 3334 2777 3378 et
2804 3325 2942 3392 quod
2975 3325 3075 3379 sibi
3119 3338 3360 3396 paratum
3388 3331 3595 3398 supplie

2000 3415 2142 3468 cium
2173 3413 2520 3479 reformidet,
2547 3414 2594 3467 si
2627 3423 2745 3482 post
2766 3415 3015 3469 alimenta
3049 3427 3299 3486 percepta
3346 3419 3594 3477 inimicus

2001 3521 2120 3560 esse
2152 3522 2255 3558 non
2284 3506 2515 3560 desinat.

2082 3597 2368 3652 Vincendus
2411 3599 2643 3651 inimicus
2685 3599 2956 3668 quomodo.
3000 3599 3170 3653 David
3206 3600 3259 3654 in
3297 3602 3448 3655 veleri
3488 3603 3597 3675 lege

1999 3693 2201 3745 inimico
2231 3691 2491 3760 benclecit.
2512 3721 2585 3730 —
2614 3691 2814 3746 Idcirco
2853 3708 3025 3762 neque
3054 3692 3155 3747 huc
3195 3709 3362 3763 usque
3392 3703 3594 3749 tantum

1999 3782 2418 3838 cohortationem
2441 3783 2710 3850 provexit,
2735 3782 2828 3836 sed
2859 3791 3135 3851 postquam
3161 3785 3433 3855 utriusque
3460 3787 3594 3841 iram

2000 3873 2293 3942 mitigavit,
2323 3873 2572 3942 deinceps
2595 3873 2756 3927 animi
2779 3874 3098 3927 sententiam
3130 3875 3349 3945 corrigit
3373 3875 3556 3930 dicens
3577 3895 3594 3938 :,

2005 3967 2127 4021 Noli
2143 3967 2271 4020 vinci
2285 3985 2315 4019 a
2332 3965 2466 4019 malo
2485 3962 2658 4037 (Rom.
2677 3965 2760 4020 19..
2774 3965 2836 4020 2|
2853 3968 2889 4032 ).
2906 3967 2960 4022 Si
2975 3966 3116 4021 enim
3135 3978 3364 4037 acceptio
3387 3969 3593 4038 injuria?

2000 4062 2312 4117 memoriam
2343 4061 2747 4115 conservaveris
2764 4103 2777 4124 ,
2803 4068 2856 4114 et
2881 4059 3059 4114 ulcisci
3084 4061 3318 4116 volueris
3340 4104 3354 4128 ,
3378 4062 3594 4118 vincere

1998 4153 2212 4224 quidem
2246 4152 2516 4207 inimicum
2554 4151 2784 4215 videris,
2825 4152 2922 4207 sed
2949 4168 2977 4207 a
3009 4153 3149 4207 malo
3181 4153 3408 4209 vinceris
3429 4195 3444 4220 ,
3492 4155 3594 4210 hoe

1999 4254 2116 4309 est,
2169 4243 2235 4297 ab
2267 4245 2362 4297 ira.
2409 4243 2592 4312 Itaque
2622 4243 2674 4297 si
2718 4244 2930 4298 vincere
2973 4244 3159 4312 cupis,
3207 4245 3590 4312 reconciliare,

2000 4352 2099 4390 nec
2128 4335 2401 4390 ulciscere.
2424 4334 2548 4388 [hcc
2565 4335 2705 4388 enim
2737 4345 2816 4388 est
2835 4334 3086 4403 prmelara
3107 4334 3356 4400 victoria,
3379 4335 3595 4404 quando

2000 4429 2051 4482 in
2092 4429 2263 4491 bono,
2296 4428 2400 4482 hoc
2442 4438 2556 4494 est,
2603 4427 2859 4496 patientia
2903 4427 3100 4481 malum
3140 4426 3339 4493 vincis,
3385 4427 3590 4495 abjecta

2000 4535 2220 4592 prorsus
2247 4521 2516 4575 iracundia
2541 4531 2593 4574 et
2613 4520 2920 4588 injuriarum
2948 4520 3223 4573 memoria.
3250 4519 3444 4573 Verum
3477 4518 3593 4573 lucc

2000 4614 2158 4667 verba
2186 4629 2289 4666 non
2315 4613 2520 4666 tulisset
2556 4627 2586 4665 a
2629 4609 2920 4680 principio,
2962 4611 3051 4679 qui
3092 4611 3252 4665 laesus
3291 4609 3498 4678 fuerat,
3539 4620 3594 4666 et

1999 4704 2076 4758 ira
2122 4703 2375 4756 tumebat.
2415 4701 2709 4769 Propterea
2757 4714 2877 4754 cum
2926 4701 3152 4770 prinmm
3196 4699 3312 4769 ejus
3357 4699 3591 4754 furorem

1999 4795 2359 4857 exsaturavit,
2403 4802 2513 4847 tum
2559 4792 2625 4846 ad
2663 4792 2918 4861 Optimam
2964 4791 3112 4846 illum
3144 4791 3594 4848 recnnciliationis

2000 4902 2212 4942 causam
2251 4885 2512 4950 traduxit,
2548 4899 2719 4953 neque
2763 4899 2920 4953 prava
2951 4883 3195 4955 supplicii
3226 4898 3319 4954 spe
3362 4883 3590 4940 detineri

1998 4979 2262 5049 permisit.
2297 4978 2459 5033 Vides
2515 4978 2828 5046 sapientiam
2894 4977 3249 5047 legislatoris?
3301 4981 3474 5048 Atque
3541 4990 3596 5033 ut

2001 5070 2266 5140 intelligas
2289 5080 2504 5140 prepter
2533 5069 2893 5123 inﬁrmitatem
2916 5085 3134 5136 eorum,
3164 5072 3249 5139 qui
3273 5071 3428 5126 aliter
3461 5072 3598 5124 inter

2001 5176 2059 5216 se
2089 5178 2194 5216 non
2225 5169 2472 5230 poterant
2515 5160 2783 5229 cepulari,
2818 5161 2988 5230 legem
3029 5161 3166 5215 hanc
3199 5162 3266 5215 ab
3298 5162 3386 5214 illo
3434 5161 3596 5214 fuisse

2003 5255 2304 5319 invectam,
2333 5253 2454 5306 audi
2477 5269 2583 5322 quo
2606 5263 2761 5322 pacto
2790 5251 3036 5307 Christus
3066 5253 3167 5306 hoc
3195 5253 3363 5320 ipsum
3397 5251 3594 5320 ρι’ωεί-

2003 5349 2183 5419 piens,
2236 5364 2341 5403 nou
2387 5348 2487 5401 hoc
2539 5348 2710 5416 ipsum
2763 5348 3038 5416 prannium
3086 5344 3458 5413 praposuerit;
3499 5341 3598 5398 sed

2000 5457 2122 5496 eum
2168 5441 2427 5495 dixisset:
2465 5439 2672 5509 Diligile
2711 5439 2940 5491 inimicos
2973 5447 3180 5497 vestros,
3216 5433 3488 5504 bcnefacite
3519 5435 3604 5487 his

2001 5537 2086 5606 qui
2106 5535 2319 5590 oderunt
2346 5552 2430 5588 vos
2456 5534 2473 5605 (
2501 5533 2685 5588 Matth.
2715 5533 2768 5585 5.
2805 5532 2918 5600 Μ),
2955 5530 3055 5582 hoc
3081 5539 3182 5594 est,
3213 5528 3382 5582 eibate
3411 5543 3471 5582 ac
3505 5544 3606 5596 po-

2004 5637 2114 5683 tmn
2141 5627 2285 5693 date,
2311 5643 2415 5680 non
2436 5624 2688 5694 adjeccrit
2715 5641 2725 5675 :
2755 5623 2864 5677 lloc
2892 5620 3033 5675 enim
3060 5620 3313 5675 facientes
3337 5619 3602 5674 carbones

2004 5720 2141 5789 ignis
2169 5717 2469 5788 congeretis
2511 5730 2670 5783 super
2709 5714 2882 5782 capita
2914 5712 3160 5777 illorum;
3201 5711 3294 5767 sed
3336 5710 3496 5781 quid?

2004 5787 2190 5865 similes
2221 5787 2353 5876 ﬁalis
2387 5807 2528 5862 Patri
2559 5817 2739 5872 vestro,
2769 5808 2851 5872 qui
2887 5808 2934 5860 in
2965 5805 3103 5860 uelis
3128 5816 3217 5861 ut.
3270 5804 3478 5859 Merito.
3511 5787 3603 5858 Pc-
