4086 6550
495 406 599 460 183

492 529 633 572 trum
660 519 824 582 enitn,
855 517 1110 574 Jacobum
1133 518 1460 575 etJoannem
1487 537 1551 576 ac
1577 522 1836 592 reliquum
1864 533 2078 590 ap05to~

495 609 668 662 lorum
701 621 896 662 ctetum
918 610 1279 679 alloquebatur
1308 628 1322 664 :
1359 621 1634 680 propterea
1661 613 1934 681 praemium
1959 613 2085 668 illud

497 702 790 768 proposuit.
837 700 988 768 Quod
1033 701 1076 754 si
1107 700 1258 755 dicas
1288 701 1386 757 hac
1417 719 1628 772 quoque
1676 705 1885 758 ratione
1924 719 2088 774 grave

496 807 615 845 esse
641 800 984 860 put-ceptum,
1009 792 1264 862 majorem
1289 803 1342 847 tu
1367 794 1580 864 quidem
1609 796 1760 848 nobis
1781 794 2088 864 suppeditas

494 882 862 937 defensionem
907 898 1002 952 pro
1048 883 1233 947 Paulo,
1262 892 1314 938 te
1348 900 1474 938 vero
1502 900 1718 953 prorsus
1746 886 1889 939 onmi
1935 885 2087 939 venia

497 973 694 1042 privas.
718 973 854 1041 Quid
901 973 1008 1027 ita?
1035 975 1185 1043 Quod
1212 975 1462 1029 nimirum
1485 975 1589 1030 hoc
1616 975 1758 1046 quod
1789 991 1908 1031 esse
1927 991 2088 1046 grave

495 1062 722 1130 videtur,
756 1065 806 1117 in
835 1062 1012 1119 Veteri
1038 1065 1381 1120 Testamento
1405 1066 1496 1121 tibi
1525 1067 1800 1122 ostendam
1827 1082 1948 1122 esse
1968 1082 2090 1137 per-

496 1155 737 1223 fectum,
791 1172 898 1226 quo
954 1165 1195 1227 tempore
1247 1159 1481 1214 nomium
1532 1170 1690 1215 tantze
1742 1160 2090 1230 philosophias

497 1249 772 1318 specimen
817 1249 1016 1305 editum
1063 1251 1252 1305 fuerat.
1295 1253 1577 1322 Propterea
1626 1269 1854 1323 namque
1899 1253 2091 1307 Paulus

498 1341 656 1395 etiam
693 1356 799 1397 non
828 1343 940 1398 suis
979 1344 1154 1398 verbis
1190 1345 1357 1414 legem
1402 1346 1731 1412 introduxit,
1766 1347 1858 1400 sed
1903 1345 2088 1400 iisdem

499 1433 626 1502 ipsis
672 1435 854 1491 verbis
898 1452 1024 1489 usus
1074 1447 1172 1502 est,
1209 1439 1400 1507 quibus
1453 1438 1562 1502 illc,
1613 1440 1700 1509 qui
1751 1455 1781 1493 a
1831 1440 2092 1510 principio

499 1525 666 1590 ipsam
698 1540 728 1580 a
751 1541 809 1580 se
838 1526 999 1581 latam
1033 1527 1250 1595 invexit,
1283 1538 1338 1582 ttt
1365 1530 1542 1583 nullus
1567 1531 1735 1614 vertite
1758 1529 1906 1585 locus
1933 1531 2094 1584 relin-

496 1625 753 1683 queretur
779 1617 862 1680 iis,
897 1619 985 1686 qui
1027 1635 1132 1673 non
1161 1620 1302 1673 illam
1331 1620 1732 1676 observassent.
1762 1621 1891 1676 Illud
1923 1623 2089 1689 enim,

501 1710 561 1760 Si
589 1711 816 1763 esuricrit
845 1712 1077 1768 inimicus
1108 1723 1245 1781 tuus,
1267 1713 1378 1768 ciba
1400 1714 1546 1768 illum
1564 1732 1583 1780 ;
1603 1715 1646 1769 si
1672 1716 1794 1780 sitit,
1826 1724 2000 1784 potum
2027 1716 2095 1768 da

498 1802 611 1866 illi,
644 1817 748 1856 non
799 1803 942 1858 Pauli
989 1807 1219 1875 primum
1260 1816 1344 1862 est
1385 1807 1617 1875 dictum,
1649 1809 1743 1863 sed
1792 1809 2094 1863 Salomonis

505 1892 686 1960 (Prov.
707 1893 796 1950 925.
814 1890 902 1951 21.
923 1897 1330 1968 9.2).Propterca
1356 1900 1515 1953 verba
1548 1901 1738 1969 posuit,
1771 1910 1826 1954 ut
1867 1901 2094 1954 auditori

503 1987 878 2054 persuaderet,
930 1989 1294 2058 turpissimum
1349 2005 1469 2046 esse
1495 2001 1728 2046 veterem
1781 1993 1984 2062 legem,
2042 2000 2097 2045 et

500 2092 660 2146 quam
691 2079 893 2149 antiqui
921 2079 1228 2150 frequenter
1249 2081 1690 2152 adimpleverunt,
1719 2099 1836 2152 qute
1863 2099 2001 2137 nunc
2029 2083 2094 2137 ad

503 2176 702 2222 tantam
731 2179 911 2224 evecta
941 2183 1017 2225 est
1053 2171 1464 2242 philosophiam,
1493 2188 1708 2244 gravem
1737 2185 1792 2229 et
1815 2174 2094 2227 molestam

504 2261 696 2328 putari.
742 2260 806 2315 Et
837 2263 956 2332 quis
1006 2263 1150 2317 illam
1195 2279 1262 2318 ex
1309 2265 1542 2334 antiquis
1583 2265 1912 2335 adimplevit,
1958 2266 2100 2322 dicet

502 2351 732 2424 aliquis?
753 2353 898 2408 Multi
928 2369 1058 2410 sane
1082 2355 1192 2420 alii,
1220 2355 1314 2409 sed
1338 2355 1502 2411 David
1527 2358 1820 2426 praesertim
1841 2357 2096 2426 majorem

505 2445 555 2497 in
590 2444 826 2501 modum.
855 2445 969 2500 Non
995 2447 1136 2501 enim
1166 2447 1362 2502 cibavit
1385 2449 1679 2511 inimicum,
1713 2464 1885 2518 neque
1917 2461 2096 2520 potum

501 2535 651 2591 dedit
679 2538 727 2590 ei
776 2546 1004 2605 tantum,
1046 2538 1140 2594 sed
1186 2538 1348 2593 etiam
1396 2540 1784 2610 periclitantem
1830 2541 2026 2610 szepius
2067 2556 2097 2594 a

507 2639 680 2682 morte
710 2629 972 2696 liberavit,
1001 2639 1198 2686 etcum
1222 2640 1402 2702 posset
1430 2631 1602 2702 ip-um
1634 2632 1901 2699 occidere,
1931 2633 2099 2688 semel

500 2734 549 2776 et
584 2723 661 2777 his
691 2733 743 2778 et
791 2725 985 2794 sapius
1030 2725 1287 2796 pepercit.
1334 2727 1411 2781 Ae
1449 2724 1578 2782 Sat'tl
1603 2726 1817 2797 quidem
1861 2727 1940 2781 sic
1976 2742 2100 2782 cum

500 2813 691 2869 oderat
720 2824 773 2869 et
809 2817 1156 2872 aversabatur
1189 2827 1310 2888 post
1352 2818 1630 2874 innumera
1657 2818 1937 2883 beneficia,
1981 2828 2102 2888 post

505 2915 703 2975 tropaaa
737 2909 1009 2977 prarclara,
1037 2917 1091 2964 et
1134 2919 1336 2979 partam
1364 2909 1622 2965 adversus
1652 2910 1864 2966 Goliath
1905 2913 2101 2982 pepulo

503 2997 753 3063 salutem,
786 3008 843 3052 ut
863 3015 930 3053 nc
950 3000 1180 3054 nominis
1205 3000 1422 3070 quidem
1446 3001 1614 3070 ipsius
1639 3002 1962 3056 mentionem
1988 3001 2100 3056 fieri

504 3090 820 3156 sustineret,
847 3091 940 3146 sed
979 3092 1150 3160 ipsum
1195 3108 1225 3147 a
1256 3103 1406 3163 patre
1433 3092 1759 3163 designaret.
1795 3093 1925 3148 Cum
1958 3094 2100 3148 enim

505 3181 818 3236 Solemnitas
844 3183 1166 3250 advenisset,
1209 3185 1460 3255 quoniam
1484 3199 1606 3240 cum
1647 3183 1800 3241 dolos
1845 3186 2104 3241 texuisset

504 3274 714 3349 aliquos
754 3285 809 3329 et
848 3291 1038 3346 graves
1083 3277 1302 3332 insidias
1352 3277 1406 3332 in
1436 3292 1559 3332 eum
1602 3278 1905 3343 struxisset,
1954 3278 2100 3332 illum

507 3365 718 3420 venisse
739 3380 842 3420 non
871 3367 1102 3432 videbat,
1131 3367 1228 3422 Ubi
1253 3377 1346 3435 est,
1371 3368 1559 3439 inquit,
1584 3370 1720 3438 ﬁlius
1737 3368 1881 3425 Iesse
1899 3371 1946 3440 (ι
1971 3369 2100 3442 Reg.

504 3455 596 3509 ‘20.
636 3455 950 3527 27)?lllum
1002 3457 1216 3529 quidem
1267 3475 1296 3512 a
1359 3469 1506 3530 patre
1553 3459 1884 3531 designabat,
1945 3461 2102 3516 simul

508 3547 724 3616 quidem
768 3564 873 3604 non
916 3550 1190 3604 snstinens
1218 3554 1333 3620 ejus
1368 3551 1598 3606 nominis
1639 3569 1747 3622 pra:
1775 3552 1898 3608 odio
1938 3553 2103 3608 nimio

511 3639 842 3707 meminisse,
874 3641 1030 3694 simul
1063 3657 1190 3696 vero
1222 3642 1536 3698 existimans
1565 3643 1895 3713 ignobilitate
1937 3647 2102 3715 patris

508 3744 666 3798 posse
690 3731 816 3800 justi
867 3733 1158 3788 claritatem
1197 3734 1495 3804 obscurari,
1525 3753 1645 3806 qua:
1683 3737 1866 3807 opinio
1905 3739 2101 3794 misera

508 3821 663 3889 plane
686 3823 778 3876 fuit
802 3832 856 3878 et
886 3823 1096 3891 infelix;
1125 3828 1419 3896 praesertim
1443 3843 1562 3882 cum
1590 3828 1721 3883 nihil
1753 3829 1854 3885 hoc
1879 3829 2104 3886 deberet

507 3930 700 3972 nocere
729 3917 931 3984 Davidi,
958 3919 1200 3988 quamvis
1223 3919 1439 3990 aliquod
1468 3922 1675 3992 parenti
1703 3922 1906 3976 crimen
1939 3923 2099 3991 ohjici

507 4015 703 4074 poeset.
733 4007 930 4062 lterum
961 4009 1104 4063 enim
1131 4025 1160 4062 a
1191 4025 1250 4064 se
1275 4021 1543 4081 gestarum
1574 4012 1839 4067 rationem
1873 4013 2100 4070 reddere

504 4097 665 4152 debet
694 4100 1080 4170 unusquisque,
1099 4111 1258 4171 atque
1281 4118 1345 4157 ex
1374 4103 1481 4158 illis
1510 4104 1591 4158 vel
1623 4104 1831 4160 laudem
1855 4147 1870 4172 ,
1900 4106 1984 4160 vel
2018 4107 2101 4160 vi-

509 4193 771 4260 tuperium
800 4205 1055 4248 meretur.
1087 4194 1205 4249 Jam
1233 4211 1360 4250 vero
1381 4212 1503 4251 cum
1532 4198 1735 4252 nullum
1768 4199 1943 4254 scelus
1972 4215 2100 4270 pos-

505 4290 587 4336 set
616 4282 880 4352 objiccre,
922 4287 1132 4352 generis
1176 4285 1556 4356 ignobilitatem
1599 4287 1650 4340 in
1699 4289 1930 4344 medium
1974 4305 2098 4359 pro-

507 4372 658 4426 tulit:
690 4380 744 4426 et
771 4373 868 4427 hac
897 4374 1104 4429 ratione
1129 4375 1362 4444 speravit
1386 4391 1445 4430 se
1477 4392 1636 4445 posse
1662 4379 1958 4432 claritatem
1981 4380 2101 4449 ejus

504 4461 812 4531 obscurare,
845 4465 988 4535 quod
1016 4473 1275 4520 extremm.
1305 4465 1401 4520 fuit
1428 4467 1732 4522 dementia).
1775 4469 1925 4534 Quod
1956 4471 2098 4525 enim

500 4553 704 4609 crimen
731 4567 813 4610 est
840 4571 903 4612 ex
933 4557 1123 4612 vilibus
1161 4567 1214 4612 et
1246 4557 1532 4613 humilibus
1559 4569 1731 4614 ortum
1762 4576 1881 4616 esse
1909 4577 2102 4630 paren-

503 4644 685 4700 tibus?
739 4647 808 4701 Αι
861 4647 952 4703 ille
1007 4657 1207 4704 tantam
1257 4649 1646 4719 philosophiam
1701 4667 1806 4705 non
1852 4652 2096 4708 callebat.

502 4737 628 4793 Sattl
675 4739 833 4809 igitur
873 4755 996 4796 eum
1042 4741 1196 4797 Jesse
1223 4743 1390 4798 filium
1417 4744 1671 4809 vocabat;
1719 4745 1880 4799 David
1921 4755 2099 4800 autem

501 4845 624 4885 cum
655 4833 799 4887 illum
829 4834 970 4890 intus
1000 4837 1050 4890 in
1083 4838 1332 4907 spelunca
1367 4838 1720 4894 dormientem
1753 4840 2096 4908 oﬂ'endissct,

504 4941 611 4979 non
639 4942 761 4980 eum
794 4927 958 4982 lilium
1003 4929 1112 4993 Cis,
1165 4930 1258 4985 sed
1287 4931 1561 5002 dignitatis
1603 4933 1818 4987 nomine
1858 4935 2092 4990 vocavit:

504 5014 630 5072 Non
661 5020 794 5072 enim
821 5022 1048 5092 injiciam
1089 5040 1296 5076 manum
1336 5041 1518 5092 meam,
1549 5026 1738 5097 inquit,
1771 5028 1822 5081 in
1858 5028 2100 5082 Christum

506 5108 716 5163 Domini
747 5111 822 5181 (l.
848 5113 958 5184 Reg
1000 5114 1089 5168 26.
1119 5115 1225 5184 ll).
1257 5113 1346 5170 Sic
1371 5115 1438 5170 ab
1458 5115 1534 5170 ira
1556 5117 1788 5172 mundus
1810 5127 1929 5174 erat
1953 5126 2006 5173 et
2033 5119 2100 5174 ab

503 5198 821 5269 injuriarum
864 5204 1008 5256 onmi
1051 5205 1345 5259 memoria:
1377 5205 1636 5262 Christum
1685 5208 1893 5263 Domini
1943 5218 2101 5264 vocat

501 5306 647 5358 eum,
679 5308 707 5346 a
738 5310 842 5364 quo
875 5303 954 5349 tot
981 5295 1202 5351 allectus
1247 5307 1362 5353 erat
1393 5299 1624 5369 injuriis,
1666 5302 1754 5371 qui
1786 5305 2097 5374 sanguinem

499 5383 616 5448 ejus
659 5384 894 5454 sitiebat,
939 5395 992 5441 et
1042 5397 1159 5458 post
1206 5388 1480 5445 innumera
1528 5391 1787 5447 beneficia
1828 5395 2100 5450 multoties

500 5476 650 5529 illum
684 5492 966 5548 aggressus
994 5490 1074 5535 est
1115 5480 1444 5538 interimere.
1476 5481 1591 5539 Non
1618 5484 1758 5538 enim
1801 5486 2096 5554 spectabat,

500 5568 629 5636 quid
680 5569 770 5624 ille
817 5572 922 5640 pati
970 5575 1407 5641 commeruisset;
1462 5576 1555 5630 sed
1609 5577 1914 5646 spectabat,
1974 5581 2097 5649 quid

501 5661 676 5725 ipsutn
725 5663 898 5717 facere
931 5667 1012 5720 vel
1062 5666 1242 5722 dicere
1290 5669 1635 5734 conveniret,
1683 5670 1771 5740 qui
1817 5686 2100 5740 supremus

505 5748 660 5805 limes
697 5763 777 5806 est
817 5755 1185 5826 philosophize.
1215 5759 1491 5826 Quodnam
1522 5761 1646 5815 illud
1679 5762 1934 5817 tandem?
1960 5773 2097 5818 tatu-

507 5855 665 5906 quam
711 5844 760 5896 in
806 5859 1021 5900 carcere
1067 5856 1255 5904 tenens
1307 5850 1575 5908 inimicum
1623 5852 1816 5923 duplici
1863 5855 2094 5911 vinctum

1206 405 1262 462 S.
1303 406 1583 464 JOANNIS
1621 405 2100 465 CllltYSOSTOBlI
2133 405 2455 463 ARCHILP.
2484 409 3020 472 CONSTANTINOP.

3711 419 3821 474 ιιει

2197 521 2455 592 compede
2480 524 2563 579 vel
2589 525 2778 596 triplici
2812 529 3007 596 potius,
3039 537 3092 584 et
3121 532 3378 601 angustiis
3407 532 3528 601 loci,
3558 541 3625 588 et
3647 531 3820 585 auxi-

2194 613 2441 669 liatorum
2470 616 2668 686 ittOpia,
2708 628 2762 672 et
2792 622 2966 674 somni
3013 625 3355 692 necessitate,
3383 642 3488 680 non
3523 629 3715 697 exigis
3746 627 3823 682 ab

2196 703 2286 758 illo
2309 719 2495 774 paruas
2535 723 2632 762 nec
2660 711 3018 779 supplicium?
3049 712 3414 784 Nequaquam,
3442 709 3643 788 inquit.
3689 717 3820 773 Non

2193 795 2336 848 enim
2378 797 2506 866 quid
2558 798 2646 854 ille
2700 801 2806 870 pati
2838 813 3107 858 mereatur
3149 822 3290 861 nunc
3335 811 3654 877 considero,
3715 810 3819 865 sed

2193 886 2320 952 quid
2347 887 2535 944 fecisse
2565 905 2650 945 me
2674 889 2946 948 decuerat.
2974 893 3090 950 Non
3119 898 3439 967 respiciebat
3464 902 3636 955 cedis
3670 900 3817 954 faci-

2196 978 2417 1046 litatem,
2447 980 2542 1036 sed
2563 985 2934 1040 convenientis
2951 987 3050 1041 sibi
3073 988 3424 1060 philosophia:
3449 994 3817 1047 sanctitatem

2196 1069 2532 1138 respiciebat.
2564 1071 2799 1129 Tametsi
2851 1077 2978 1145 quid
3027 1094 3210 1133 eorum
3251 1097 3370 1150 quae
3402 1090 3528 1138 tunc
3566 1084 3824 1138 aderant

2197 1176 2302 1215 non
2345 1161 2592 1218 idoneum
2622 1174 2739 1221 erat
2765 1167 2830 1221 ad
2863 1169 3009 1223 illum
3041 1171 3106 1225 ad
3137 1172 3340 1227 cardem
3370 1175 3776 1245 impellendum
3795 1177 3823 1230 ?

2197 1251 2347 1318 Quod
2393 1254 2602 1310 vinctus
2646 1258 2694 1312 ei
2735 1258 2958 1314 traditus
2995 1271 3110 1316 erat
3135 1263 3423 1320 inimicus?
3454 1266 3619 1321 Scitis
3653 1266 3815 1321 enim

2201 1343 2302 1399 hoc
2325 1346 2597 1416 nimirum,
2618 1366 2716 1405 nos
2746 1351 2811 1406 ad
2840 1368 2902 1407 ea
2935 1356 3274 1426 exsequenda
3301 1360 3598 1428 promptius
3631 1359 3821 1414 advo-

2197 1437 2330 1503 lare,
2381 1455 2499 1510 quze
2551 1443 2818 1498 facilitatis
2875 1446 3028 1514 plena
3075 1458 3218 1512 sunt,
3273 1459 3328 1504 et
3379 1452 3624 1521 prosperi
3686 1466 3826 1522 spes

2197 1544 2478 1586 successus
2505 1531 2692 1599 efficit,
2745 1527 2802 1589 ut
2826 1536 2892 1590 ad
2933 1553 3045 1591 rem
3073 1539 3333 1608 agendam
3364 1541 3551 1611 majori
3585 1539 3819 1611 cupidi-

2200 1631 2307 1677 tate
2335 1623 2763 1690 cxardescamus,
2792 1627 2935 1697 quod
2963 1638 3018 1682 et
3047 1628 3099 1682 in
3133 1629 3225 1682 illo
3257 1640 3367 1684 tum
3397 1631 3617 1686 accidit.

2270 1713 2375 1766 Cur
2400 1713 2561 1767 Saalo
2585 1716 2861 1785 pepercerit
2880 1716 3063 1771 David.
3093 1717 3306 1772 Davidis
3331 1731 3519 1788 quanta
3544 1723 3814 1776 virtus.—

2199 1802 2464 1873 Numquid
2494 1815 2602 1859 tum
2629 1808 2896 1862 exercitus
2924 1807 3030 1863 dux
3073 1811 3385 1865 consulebat
3414 1821 3468 1866 et
3497 1812 3820 1868 incitabat?

2201 1895 2455 1965 numquid
2486 1897 2876 1966 prwteritarum
2907 1915 3084 1954 rerum
3114 1901 3410 1954 memoria?
3439 1901 3544 1956 Sed
3577 1903 3722 1958 nihil
3748 1903 3819 1958 ad

2200 1986 2400 2042 caedem
2433 1988 2577 2041 illuni
2606 1989 2844 2058 impulit;
2876 1991 2982 2045 imo
3011 1991 3123 2062 ipsa
3161 1991 3323 2046 emdis
3350 1991 3578 2048 facilitas
3602 2009 3812 2049 avoca-

2203 2077 2320 2131 vit:
2375 2079 2620 2133 veniebat
2665 2081 2808 2135 enim
2867 2081 2941 2136 illi
2999 2083 3052 2136 in
3110 2093 3345 2138 mentem
3400 2083 3601 2139 idcirco
3634 2086 3819 2142 Deum

2205 2169 2350 2223 illum
2383 2169 2662 2225 tradidisse
2685 2213 2700 2235 ,
2746 2180 2803 2226 ut
2847 2172 3106 2241 majorem
3140 2173 3214 2227 illi
3243 2173 3597 2243 phi1050phia:
3628 2187 3817 2231 mate-

2204 2262 2336 2314 riam
2382 2271 2435 2315 et
2478 2262 2816 2318 occasionem
2864 2263 3143 2333 przebcret.
3177 2266 3254 2319 Ac
3283 2281 3377 2319 vos
3403 2266 3616 2336 quidem
3655 2267 3816 2320 illum

2205 2352 2429 2407 fortasse
2474 2355 2762 2419 miramini,
2808 2357 2949 2426 quod
2997 2357 3191 2412 nullius
3222 2374 3284 2412 ex
3317 2359 3606 2426 pneteritis
3651 2360 3819 2412 malis

2204 2444 2514 2499 recordatus
2561 2445 2667 2499 sit:
2699 2461 2798 2516 ego
2841 2463 2966 2502 vero
3013 2459 3229 2518 propter
3257 2449 3398 2503 aliud
3428 2450 3595 2504 tnulto
3630 2450 3816 2521 majus

2207 2535 2378 2604 ipsum
2411 2538 2752 2606 obstupeseo.
2784 2538 2921 2604 Quid
2951 2539 3078 2593 illud
3106 2539 3181 2594 rei
3212 2541 3331 2594 est?
3361 2539 3513 2608 Quod
3539 2558 3640 2595 nec
3668 2542 3816 2595 futu-

2205 2643 2385 2682 rerum
2422 2627 2635 2696 quidem
2683 2638 2856 2684 metus
2901 2645 3021 2683 eum
3064 2629 3132 2685 ad
3182 2629 3454 2684 inimicum
3502 2629 3813 2685 necandum

2206 2718 2494 2788 impulerit.
2543 2719 2750 2790 Quippe
2799 2721 2886 2790 qui
2918 2720 3083 2790 probe
3131 2731 3352 2776 noverat
3378 2738 3500 2776 eum
3541 2721 3714 2776 semel
3745 2738 3814 2776 ex

2207 2811 2373 2881 ipsius
2401 2813 2645 2867 manibus
2684 2812 2948 2882 elapsum,
2991 2829 3174 2868 rursus
3202 2815 3274 2868 illi
3315 2822 3638 2868 structurum
3674 2814 3814 2868 insi-

2204 2903 2368 2959 dias:
2399 2905 2491 2959 sed
2539 2905 2720 2959 maluit
2763 2904 3126 2960 adversarium
3173 2905 3396 2961 liberttnt
3441 2906 3717 2962 dimittere
3749 2922 3812 2962 ac

2208 2997 2501 3065 perieulum
2550 2999 2749 3062 subire,
2795 3013 2975 3068 quam,
3028 3009 3086 3052 ut
3125 2999 3314 3053 salutis
3365 3014 3478 3053 sua:
3530 2999 3810 3054 securitati

2205 3089 2532 3156 consuleret,
2566 3090 2770 3145 hostem
2804 3105 3014 3146 necare.
3057 3091 3195 3160 Quid
3216 3107 3336 3147 cum
3363 3108 3557 3162 magno
3585 3091 3676 3146 illo
3711 3107 3810 3162 ge-

2207 3195 2506 3250 nerosoque
2551 3180 2731 3235 auitno
2772 3180 3002 3237 conferri
3053 3183 3239 3252 possit,
3283 3183 3396 3253 qui,
3442 3199 3561 3238 cum
3589 3182 3809 3237 oculum

2206 3273 2364 3329 elTodi
2411 3274 2494 3330 lex
2528 3290 2623 3346 pro
2666 3275 2822 3330 oculo
2859 3275 3063 3346 jubeat,
3091 3285 3144 3330 et
3172 3276 3385 3331 dentem
3415 3291 3512 3346 pro
3537 3275 3722 3340 dente,
3747 3289 3810 3329 ac

2207 3380 2304 3435 par
2332 3367 2442 3435 pari
2485 3368 2669 3422 referri
2701 3366 2874 3438 (Deut.
2907 3367 2994 3422 l9.
3022 3367 3135 3436 2|),
3169 3384 3274 3422 non
3307 3368 3467 3423 modo
3517 3368 3566 3422 id
3594 3384 3700 3421 non
3731 3367 3809 3422 fe-

2206 3457 2299 3522 cit,
2329 3458 2422 3512 sed
2448 3467 2501 3513 et
2525 3458 2691 3513 multo
2719 3459 2974 3528 majorem
3007 3457 3400 3530 philosophiam
3436 3475 3543 3528 pra:
3570 3475 3626 3514 se
3654 3459 3806 3513 tulit?

2207 3549 2539 3620 Quamquam
2585 3550 2629 3605 si
2662 3560 2770 3604 tum
2814 3549 3030 3605 Saitlem
3079 3559 3346 3615 necasset,
3387 3551 3466 3604 sic
3489 3565 3700 3620 quoque
3732 3549 3806 3604 illi

2208 3640 2559 3711 philosophia:
2603 3641 2715 3696 laus
2762 3642 2923 3696 illaesa
2978 3637 3286 3709 mansisSet,
3337 3656 3443 3696 non
3477 3640 3632 3695 modo
3660 3638 3806 3710 quod

2209 3731 2348 3786 ultus
2375 3741 2537 3799 esset,
2573 3747 2693 3784 eum
2733 3746 2830 3786 nec
2876 3731 2990 3802 ipse
3035 3731 3179 3802 prior
3222 3732 3592 3802 percussisset,
3618 3747 3806 3786 verum

2206 3821 2366 3875 etiam
2421 3821 2560 3891 qttod
2616 3821 2816 3875 dictdm
2869 3821 3016 3888 illud,
3074 3821 3290 3875 Oculum
3319 3839 3411 3892 pro
3449 3821 3612 3885 oculo,
3647 3821 3807 3891 longe

2207 3915 2396 3985 majori
2445 3914 2702 3969 modestia
2753 3915 2989 3970 vicisset.
3033 3915 3148 3970 Non
3207 3916 3349 3970 enim
3383 3930 3479 3985 pro
3525 3930 3624 3968 una
3655 3913 3804 3969 cardo

2209 4021 2366 4060 unam
2398 4006 2749 4076 rependisset,
2781 4005 2873 4061 sed
2902 4022 2995 4075 pro
3023 4005 3205 4060 multis
3233 4005 3512 4069 mortibus,
3544 4020 3674 4074 quas
3715 4004 3806 4058 ille

2209 4097 2480 4162 intulerat,
2532 4098 2654 4151 dum
2701 4114 2805 4152 non
2849 4098 3036 4163 semel,
3089 4114 3192 4151 non
3245 4097 3346 4160 bis,
3395 4096 3488 4150 sed
3536 4096 3805 4149 multoties

2209 4189 2382 4258 ipsum
2411 4190 2660 4244 occidere
2703 4199 2926 4244 conatus
2950 4199 3084 4255 erat,
3119 4202 3221 4242 una
3246 4207 3274 4240 ιι
3309 4188 3548 4241 illaturus
3577 4195 3805 4240 mortem

2207 4280 2393 4334 fuisset
2421 4298 2435 4334 :
2471 4280 2578 4334 itno
2605 4297 2732 4334 vero
2763 4296 2866 4334 non
2896 4280 3091 4334 idcirco
3116 4288 3336 4343 tantum,
3363 4277 3454 4332 sed
3482 4278 3639 4332 etiam
3665 4275 3804 4345 quod

2207 4381 2352 4426 metu
2399 4372 2558 4426 futuri
2588 4373 2811 4428 adactus
2840 4375 2904 4427 ad
2932 4373 3188 4427 ultionem
3237 4366 3669 4442 progrederetur,
3697 4369 3800 4423 hoc

2206 4477 2418 4533 quoque
2466 4475 2663 4533 praeter
2707 4481 2790 4527 ea,
2823 4481 2942 4534 qua)
2968 4465 3106 4519 dicta
3137 4473 3282 4527 sunt,
3314 4463 3573 4534 integram
3615 4461 3684 4516 illi
3717 4470 3800 4514 to-

2206 4555 2445 4610 lerautia:
2474 4571 2729 4611 coronam
2759 4558 3006 4626 acquirit.
3038 4557 3136 4625 Qui
3165 4557 3306 4610 enim
3354 4565 3571 4626 propter
3591 4570 3652 4609 ea
3682 4569 3801 4623 qua:

2205 4646 2533 4716 acciderant,
2581 4650 2631 4702 in
2675 4665 2797 4704 eum
2845 4649 3010 4704 iratus
3038 4658 3181 4703 esset
3205 4664 3267 4703 ac
3307 4661 3492 4718 poenas
3519 4648 3800 4715 exegisset,

2209 4739 2505 4794 tolerantia:
2532 4740 2740 4795 tandem
2769 4741 3024 4812 consequi
3051 4741 3269 4795 minime
3287 4749 3468 4810 posset
3491 4755 3505 4792 :
3529 4754 3650 4794 cum
3678 4754 3804 4792 vero

2206 4834 2296 4903 qui
2331 4834 2594 4902 pra-terita
2621 4833 2784 4888 multa
2811 4849 2980 4904 eaque
3007 4833 3186 4905 gravia
3221 4833 3632 4902 prmtermittens
3662 4841 3802 4886 metu
3832 4877 3840 4909 η

2208 4926 2599 4982 innninentium
2652 4929 3007 4997 periculorum
3066 4927 3223 4982 saluti
3298 4943 3410 4982 sua:
3458 4927 3801 4997 prospicere,

2206 5027 2366 5088 atque
2413 5017 2612 5073 ideirco
2650 5018 2715 5073 ad
2748 5020 3002 5075 ultionem
3032 5018 3278 5090 progredi
3306 5025 3618 5088 cogeretur,
3648 5031 3802 5071 nemo

2207 5118 2391 5179 posset
2421 5109 2692 5165 modestia:
2721 5125 2918 5166 corona
2953 5110 3181 5180 privare.

2279 5203 2332 5256 7.
2370 5200 2753 5257 Verumtamen
2802 5202 2966 5256 David
3013 5217 3083 5256 ne
3131 5201 3233 5256 hoc
3262 5198 3475 5271 quidem
3520 5198 3664 5265 fecit,
3708 5196 3802 5252 sed

2207 5311 2404 5349 novum
2430 5295 2696 5365 quoddam
2744 5304 2795 5349 ct
2843 5294 3112 5350 insolitum
3142 5292 3491 5364 philosolihize
3515 5307 3687 5362 genus
3710 5289 3801 5343 ad-

2207 5386 2428 5449 invenit,
2472 5396 2527 5441 et
2567 5402 2738 5456 neque
2787 5386 3044 5442 memoria
3077 5385 3488 5456 praeteritorum,
3522 5399 3694 5454 neque
3722 5380 3799 5435 fu-

2210 5489 2449 5534 turorum
2479 5489 2670 5543 metus,
2705 5495 2878 5549 neque
2904 5479 3055 5533 ducis
3075 5479 3340 5533 exercitus
3362 5476 3682 5539 cohortatio,
3711 5491 3803 5530 nec

2208 5573 2442 5628 solitudo
2469 5572 2589 5636 loci,
2620 5588 2725 5626 non
2757 5571 2983 5626 facilitas
3003 5569 3188 5637 caedis,
3214 5585 3320 5625 non
3346 5569 3486 5624 aliud
3514 5567 3799 5638 quidquam

2208 5667 2273 5719 ad
2307 5663 2650 5718 homicidium
2683 5663 2829 5718 illiilli
2857 5663 3102 5734 impulit:
3133 5661 3228 5716 sed
3255 5672 3522 5731 tamquam
3553 5660 3710 5716 alicui
3737 5659 3801 5712 de

2208 5773 2266 5812 se
2314 5757 2449 5812 bene
2497 5756 2708 5822 merito,
2751 5756 2944 5825 cuique
2973 5771 3160 5825 magna
3191 5753 3446 5808 beneﬁcia
3473 5751 3684 5806 tulisset
3711 5765 3800 5804 ac-

2211 5860 2386 5922 cepta,
2416 5850 2492 5905 sic
2523 5849 2735 5904 inimico
2765 5847 2984 5912 homini,
3020 5864 3048 5901 a
3077 5862 3180 5916 quo
3207 5846 3378 5901 fuerat
3405 5845 3628 5900 allectus
3669 5843 3800 5913 inju-
