4086 6420
227 363 320 420 185

220 484 284 536 ἐν
310 477 433 542 τοῖς
462 469 763 542 οἰφανοῖς.
817 467 1060 526 Εἰκότως
1086 478 1099 491 ·
1133 463 1326 531 Πέτρῳ
1378 459 1507 528 γάρ,
1549 454 1790 524 Ἰακώϐῳ

218 569 308 623 καὶ
336 563 559 632 Ἰωάννῃ
585 556 880 626 διελέγετο,
917 552 1011 605 καὶ
1034 549 1112 621 τῷ
1139 548 1311 618 λοιπῷ
1339 547 1448 599 τῶν
1476 545 1795 598 ἀποστόλων

220 657 358 732 χορῷ
376 673 387 683 ·
410 654 498 708 διὰ
531 651 691 704 τοῦτο
715 647 848 702 αὐτὸ
869 645 1114 698 τέθεικεν
1147 639 1404 694 ἔπαθλον.
1429 639 1490 691 Εἰ
1518 638 1575 690 δὲ
1595 637 1796 703 λέγεις,

326 726 420 801 καὶ
449 744 596 799 οὕτω
645 737 904 810 φορτικὸν
953 735 1013 788 τὸ
1051 733 1354 801 ἐπίταγμα,
1401 726 1662 800 μειζόνως
1699 727 1796 796 μὲν

221 843 347 912 ὑπὲρ
386 824 598 892 Παύλου
633 833 798 886 πάλιν
826 830 959 900 ἡμῖν
990 825 1256 894 ἀπολογῇ,
1294 821 1487 875 σαυτὸν
1514 819 1570 872 δέ
1597 818 1798 912 πάσης

223 911 540 1002 συγγνώμης
590 927 935 996 ἀποστερεῖς.
975 921 1040 973 Τί
1089 916 1478 989 δήποτε;”οτι
1526 911 1685 966 τοῦτο
1734 911 1798 962 τὸ

217 1023 397 1080 δοκοῦν
431 1017 574 1074 εἶναι
623 1014 904 1087 φορτικὸν,
953 1013 1011 1064 ἐν
1041 1013 1108 1080 τῇ
1160 1008 1370 1078 Παλαιᾷ
1420 1024 1502 1060 σοι
1545 1004 1797 1073 δείκνυμι

223 1113 646 1188 κατορθούμενον
667 1151 682 1175 ,
730 1109 820 1160 ὅτε
848 1103 1002 1158 οὐπω
1023 1101 1293 1170 τοσαύτης
1326 1098 1648 1168 φιλοσοφίας
1679 1094 1799 1148 ἐπί-

222 1208 372 1274 δειξις
396 1203 486 1277 ἦν.
512 1203 613 1257 Διά
647 1202 756 1271 γὰρ
776 1197 936 1252 τοῦτο
971 1195 1067 1248 καὶ
1109 1197 1136 1247 6
1181 1192 1396 1255 Παῦλος
1424 1189 1546 1260 οὐχὶ
1574 1188 1799 1252 οἰκείοις

227 1305 418 1376 ῥήμασι
447 1298 542 1350 16v
562 1295 727 1364 νίμον
757 1290 1073 1360 εἰσήγαγεν,
1102 1285 1214 1338 ἀλλ’
1239 1284 1431 1345 αὐταῖς
1453 1281 1798 1351 χρησάμενος

361 1391 610 1464 ρήσεσιν,
630 1379 719 1448 αἷς
749 1384 778 1435 6
810 1380 960 1452 ποιρά
979 1380 1076 1450 τὴν
1107 1376 1282 1449 ἀρχὴν
1300 1373 1461 1428 αὐτὸν
1487 1371 1798 1439 εἰσαγαγὼν

226 1463 424 1556 έθηκεν,
461 1482 550 1534 ἵνα
583 1475 852 1550 μηδεμίαν
885 1470 1214 1540 συγγνώμην
1239 1467 1546 1537 καταλείπῃ
1577 1466 1688 1527 τοῖς
1725 1463 1798 1535 μὴ

224 1575 466 1648 τηροῦσιν
489 1571 676 1624 αὐτόν.
697 1569 770 1620 T6
797 1565 928 1636 γὰρ,
969 1563 1108 1617 Ἐὰν
1131 1558 1309 1626 πεινᾷ
1346 1561 1379 1612 ὁ
1415 1558 1631 1648 ἐχθρός
1655 1572 1794 1648 σου,

224 1644 427 1740 mare
455 1662 669 1726 αὐτόν,
701 1658 809 1712 ἐὰν
837 1653 1009 1724 διψᾷ,
1050 1650 1245 1711 πότιζε
1270 1647 1624 1740 αὐτὸκούχὶ
1653 1644 1800 1740 Ila-57

225 1735 449 1814 600.661".
497 1755 718 1825 πρῶτον
752 1751 925 1822 ῥῆμα,
976 1744 1112 1798 ἀλλά
1157 1741 1248 1795 τοῦ
1282 1739 1649 1810 Σολομῶντος.
1701 1735 1801 1790 Διά

225 1854 366 1906 τοῦτο
391 1850 459 1902 τά
491 1852 720 1920 ῥήματα
743 1842 1014 1898 τέθεικεν,
1044 1839 1132 1890 ἵνα
1168 1836 1333 1907 πείσῃ
1379 1833 1468 1887 τὸν
1499 1831 1797 1903 ἀκροατήν,

225 1943 418 1999 ὅτιτῶν
445 1939 747 2009 αίσχίστων
778 1932 918 1996 ἐστὶ,
950 1929 1178 1984 παλαιὸν
1217 1928 1403 1997 νόμον,
1438 1925 1534 1978 καὶ
1558 1922 1663 1976 ὑπὸ
1690 1921 1800 1974 τῶν

227 2035 453 2108 ἀρχαίων
484 2027 907 2101 κατορθωθέντα
960 2021 1246 2084 πολλάκις,
1287 2016 1384 2072 νῦν
1409 2018 1494 2108 είς
1531 2013 1801 2108 τοσαύτην

229 2106 524 2180 ἐπιδοθέντα
555 2117 711 2192 [168]
745 2114 1065 2187 φιλοσοφίαν
1094 2110 1352 2185 φορτικὸν
1380 2106 1521 2162 εἶναι
1558 2106 1802 2178 νομίζειν

227 2213 311 2266 καὶ
334 2209 570 2279 ἐπαχθῆ.
603 2207 715 2260 Καὶ
743 2204 826 2268 τίς
855 2204 1018 2256 αὐτὸν
1047 2201 1155 2254 τῶν
1186 2200 1430 2270 ἀρχαίων
1448 2195 1801 2266 κατώρθωσε,

228 2302 379 2372 φησίς
406 2298 607 2354 Πολλοὶ
639 2296 740 2368 μὲν
770 2295 864 2348 καὶ
895 2295 1066 2359 ἄλλοι,
1095 2293 1330 2364 μάλιστα
1350 2292 1405 2344 δέ
1428 2293 1456 2344 6
1478 2289 1640 2343 Δαυῖδ
1665 2288 1804 2360 μετά

229 2394 454 2456 πλείονος
471 2391 577 2461 τῆς
608 2388 948 2460 περιουσίας.
969 2388 1043 2439 Οὐ
1065 2387 1161 2458 μὲν
1188 2383 1439 2454 ἐψώμισε
1467 2383 1559 2436 τὸν
1585 2382 1799 2452 ἐχθρὸν,

229 2488 334 2540 οὐδέ
355 2486 577 2538 ἐπότισε
616 2482 796 2554 μόνον,
823 2479 963 2532 ἀλλά
1001 2481 1093 2531 καὶ
1128 2476 1507 2530 κινδυνεύοντα
1541 2474 1804 2535 πολλάκις

229 2579 492 2649 ἐξήρπασε
517 2575 620 2629 τοῦ
663 2573 920 2638 θανάτου,
957 2572 1050 2624 καὶ
1086 2571 1378 2640 γενόμενος
1410 2567 1601 2640 κύριος
1635 2567 1802 2620 αὐτοῦ

231 2671 316 2741 τῆς
343 2668 584 2738 σφαγῆς,
627 2665 888 2736 ἐφείσατο
929 2662 1025 2716 καὶ
1055 2660 1224 2724 ἆπαξ,
1265 2660 1359 2712 καὶ
1392 2660 1495 2722 δὶς,
1546 2659 1643 2712 καὶ
1671 2658 1803 2711 πολ-

231 2761 390 2824 λάκις.
441 2760 554 2813 Καὶ
600 2759 628 2810 6
665 2757 766 2828 μὲν
811 2753 986 2808 Σαοὺλ
1037 2752 1208 2817 οὕτως
1255 2752 1417 2805 αὐτὸν
1478 2752 1658 2822 ἐμίσει
1710 2750 1806 2803 καὶ

233 2851 594 2924 ἀπεστρέφετο
627 2849 764 2920 μετά
794 2847 892 2910 τὰς
928 2845 1132 2916 μυρίας
1177 2844 1534 2914 εὐεργεσίας,
1571 2841 1712 2914 μετά
1739 2841 1808 2894 τά

233 2943 441 3016 λαμπρὰ
468 2945 737 3016 τρόπαια,
765 2941 860 2996 καὶ
891 2942 989 3011 τὴν
1023 2938 1116 2990 ἐπὶ
1145 2936 1240 2989 τοῦ
1275 2938 1468 2992 ιὀλιάθ
1503 2937 1804 3008 σωτηρίαν,

235 3037 298 3101 ὡς
327 3037 453 3108 μηδὲ
484 3037 594 3108 τῆς
646 3035 1021 3107 προσηγορίας
1075 3033 1408 3105 ἀνασχέσθαι
1443 3032 1543 3100 τῆς
1597 3032 1806 3082 ἐκείνου

237 3131 547 3202 μνησθῆναι,
585 3127 699 3181 ἀλλ’
726 3129 834 3182 ἀπὸ
854 3128 946 3181 τοῦ
988 3128 1195 3199 πατρὸς
1225 3126 1387 3178 αὐτὸν
1416 3126 1623 3177 καλεῖν.
1655 3123 1810 3193 Ἐορ-

234 3222 319 3292 τῆς
345 3223 448 3293 γάρ
476 3237 618 3273 ποτε
646 3218 949 3287 ἐπιστάσης
969 3259 984 3281 ,
1030 3217 1218 3288 ἐπειδὴ
1252 3217 1403 3270 δόλον
1429 3213 1577 3284 αὐτῴ
1609 3212 1810 3276 πλέξας

235 3313 363 3377 τινὰ,
397 3312 490 3366 καὶ
522 3309 774 3383 χαλεπὴν
806 3307 1102 3378 ἐπιϐουλὴν
1132 3306 1332 3376 ῥάψας,
1364 3305 1464 3356 οὐκ
1488 3299 1596 3356 εἶδε
1628 3318 1808 3372 παρα-

235 3403 520 3473 γινόμενον.
541 3400 671 3454 Ποῦ
689 3400 842 3462 ἐστι,
864 3397 1049 3466 φησὶν,
1077 3399 1108 3449 ό
1135 3395 1262 3461 υίὸς
1309 3392 1531 3447 Ἰεσσαί
1549 3408 1566 3454 ;
1594 3390 1810 3443 Ἐκάλει

240 3495 326 3564 μὲν
350 3495 507 3548 αὐτὸν
533 3493 650 3548 ἀπὸ
690 3491 784 3544 τοῦ
814 3489 1040 3561 πατρὸς,
1068 3487 1204 3559 ὁμοῦ
1243 3488 1342 3556 μὲν
1369 3484 1459 3538 διὰ
1485 3484 1584 3555 τὴν
1609 3483 1813 3553 ἔχθραν

236 3587 323 3657 οὐχ
352 3586 644 3656 ὑπομένων
683 3581 1099 3653 ἀναμνησθῆναι
1123 3579 1221 3649 τῆς
1255 3577 1651 3647 προσηγορίας,
1675 3571 1811 3642 ὁμοῦ

235 3679 286 3732 δέ
314 3678 544 3749 νομίζων
580 3677 688 3729 ἀπὸ
712 3675 814 3745 τῆς
861 3672 956 3726 τοῦ
997 3671 1204 3742 πατρὸς
1245 3668 1565 3738 δυσγενείας
1614 3669 1680 3736 τῇ
1717 3663 1812 3717 τοῦ

235 3771 426 3826 δικαίου
453 3768 816 3843 λυμαίνεσθαι
850 3765 1203 3838 περιφανείᾳ,
1239 3763 1444 3824 ἀθλίως
1474 3762 1572 3813 καὶ
1615 3759 1810 3812 ταλαι-

238 3864 421 3936 πώρως
452 3862 692 3935 νομίζων
713 3879 727 3892 ⁸
778 3861 1015 3932 μάλιστα.
1067 3858 1163 3929 μὲν
1196 3857 1326 3928 γὰρ,
1356 3857 1403 3908 εί
1437 3856 1531 3907 καὶ
1567 3869 1811 3921 κατηγο-

242 3958 347 4026 ρεῖν
369 3952 478 4027 εἶχε
503 3954 606 4008 τοῦ
639 3954 843 4025 πατρὸς
871 3993 885 4014 ,
936 3952 1086 4005 οὐδὲν
1119 3949 1278 4004 τοῦτο
1317 3947 1666 4002 κατέϐλαπτε
1723 3946 1816 3998 τὸν

239 4049 406 4104 Δαυῖδ.
432 4049 558 4102 Τῶν
590 4047 698 4117 γὰρ
735 4044 886 4115 αὐτῷ
903 4042 1305 4115 πεπραγμένων
1337 4038 1635 4101 ὑπεύθυνός
1669 4038 1816 4090 ἐστιν

239 4140 475 4208 ἕκαστος,
507 4141 608 4195 καὶ
641 4139 747 4193 ἀπὸ
776 4138 981 4191 τούτων
1007 4134 1350 4188 ἐπαινεῖσθαι
1379 4133 1474 4186 καὶ
1495 4131 1819 4202 κατηγορεῖ-

244 4233 353 4287 σθαι
380 4234 629 4287 δύναται.
663 4231 800 4284 Νυνὶ
819 4229 877 4283 δὲ
901 4229 1166 4300 πονηρίαν
1187 4226 1444 4297 οὐδεμίαν
1465 4223 1604 4294 ἔχων
1620 4225 1814 4287 εἰπεῖν,

241 4327 330 4398 τήν
366 4325 457 4379 τοῦ
490 4326 686 4396 γένους
726 4322 1047 4391 δυσγένειαν
1103 4321 1182 4383 είς
1211 4319 1374 4390 μέσον
1406 4317 1591 4387 ἔφερε,
1645 4314 1817 4385 ταύτῃ

244 4416 552 4489 προσδοκῶν
602 4413 969 4478 ἐπισκοτίζειν
1025 4409 1192 4464 αὐτοῦ
1251 4410 1352 4481 τὴν
1413 4408 1816 4479 λαμπρότητα,

241 4509 369 4579 ὅπερ
391 4510 483 4563 καὶ
515 4509 651 4562 αὐτὸ
681 4505 916 4577 ἐσχάτης
933 4505 1120 4566 ἀνοίας
1136 4500 1222 4574 ἦν.
1248 4505 1409 4558 Ποῖον
1435 4501 1546 4571 γὰρ
1568 4500 1822 4569 ἔγκλημα

245 4599 302 4650 16
341 4599 398 4664 ἐξ
441 4598 679 4653 εὐτελῶν
731 4594 870 4651 εἶναι
903 4597 1000 4651 καὶ
1032 4596 1341 4660 ταπεινῶν;
1387 4593 1526 4645 Ἀλλ’
1553 4592 1653 4645 οὐκ
1702 4591 1822 4662 ᾔδει

247 4691 409 4746 ταῦτα
462 4695 671 4754 ἐκεῖνος
727 4685 1058 4759 φιλοσοφεῖν.
1109 4689 1168 4742 ⁸0
1204 4687 1300 4759 μὲν
1338 4684 1432 4739 οὖν
1485 4684 1660 4737 Σαούλ
1709 4683 1823 4736 υἱὸν

246 4781 436 4837 Ἰεσσαὶ
473 4783 680 4838 ἐκάλειο
715 4785 742 4836 6
769 4783 824 4835 δὲ
856 4782 1017 4835 Δαυῒδ
1053 4779 1229 4852 εὑρὼν
1263 4778 1426 4832 αὐτὸν
1464 4776 1612 4829 ἔνδον
1651 4777 1708 4828 ἐν
1748 4773 1825 4844 τῷ

251 4876 487 4948 σπηλαίῳ
518 4875 870 4940 καθεύδοντα,
896 4874 996 4926 οὐκ
1032 4871 1292 4926 ἐκάλεσεν
1329 4871 1491 4924 αὐτὸν
1519 4869 1636 4922 υἱὸν
1669 4869 1823 4930 Κεῖς,

249 4965 376 5020 ἀλλὰ
403 4967 479 5037 τῷ
501 4967 602 5037 τῆς
628 4966 794 5037 τιμῆς
817 4965 1062 5035 ὀνόματι’
1085 4966 1166 5017 Οὐ
1192 4963 1302 5033 γὰρ
1316 4961 1402 5032 μὴ
1419 4959 1698 5030 ἐπαγάγω
1714 4959 1829 5027 τὴν

252 5057 412 5126 χεᾷλιί
447 5076 588 5128 μου,
637 5059 822 5128 φησὶν,
857 5057 955 5110 ἐπὶ
991 5057 1242 5126 χριστὸν
1272 5056 1516 5122 Κυρίου.
1543 5053 1700 5106 Οὐτω
1730 5069 1830 5107 κα-

254 5147 408 5219 θαρὸς
443 5147 511 5221 ἦν
564 5151 732 5222 ὀργῆς
763 5150 858 5203 καὶ
897 5149 1264 5220 μνησικακίας
1295 5149 1512 5218 ἀπάσης
1535 5164 1549 5176 '
1604 5145 1826 5218 χριστὸν

255 5241 453 5311 κυρίου
479 5241 634 5296 καλεῖ
650 5242 738 5295 τὸν
759 5241 998 5294 τοσαῦτα
1021 5241 1340 5311 ἠδικηκότα,
1373 5241 1462 5294 16v
1484 5239 1579 5294 τοῦ
1600 5241 1832 5310 αἵματος

255 5331 412 5385 αὐτοῦ
445 5332 702 5403 διψῶντα,
721 5333 809 5386 τὸν
836 5335 974 5404 μετά
999 5332 1198 5403 μυρίας
1225 5332 1546 5404 εὐεργεσίας
1571 5332 1832 5394 πολλάκις

257 5425 413 5480 αὐτὸν
451 5428 877 5497 ἐπιχειρήσαντα
926 5427 1158 5481 ἀνελεῖν.
1216 5427 1291 5478 Οὐ
1342 5427 1451 5497 γὰρ
1501 5427 1726 5479 ἐσκόπει
1781 5426 1833 5478 τί

259 5516 444 5570 παθεῖν
481 5521 682 5581 ἐκεῖνος
705 5517 851 5584 ἄξιος
874 5514 962 5588 ἦν,
1000 5517 1114 5570 ἀλλ’
1147 5517 1370 5570 ἐσκόπει
1400 5517 1452 5570 τί
1481 5517 1576 5570 καὶ
1611 5519 1833 5587 ποιῆσαι

258 5609 350 5661 καὶ
383 5611 555 5662 εἰπεῖν
607 5609 754 5681 αὐτῷ
803 5611 1010 5681 πρέπον
1062 5607 1150 5680 ἦν,
1206 5610 1344 5682 ὅπερ
1403 5610 1663 5681 μέγιστος
1707 5611 1834 5681 ὅρος

261 5698 572 5769 φιλοσοφίας
605 5701 738 5756 ἐστί.
770 5702 834 5755 Τί
893 5703 1078 5771 τοῦτο;
1131 5702 1320 5774 ὥσπερ
1370 5705 1428 5755 ἐν
1475 5703 1834 5773 δεσμωτηρίῳ

252 5783 425 5840 λαϐὼν
456 5787 555 5839 τὸν
581 5788 803 5861 ἐχθρὸν,
824 5789 996 5860 διπλῷ
1025 5791 1389 5860 κατεχόμενον
1412 5790 1615 5861 δεσμῷ,
1637 5791 1836 5861 μᾶλλον

247 5873 299 5931 δὲ
319 5877 524 5952 τριπλῷ
549 5921 564 5948 ,
592 5882 687 5936 καὶ
720 5884 786 5957 τῇ
814 5881 906 5938 τοῦ
936 5882 1100 5938 τόπου
1135 5882 1487 5955 στενοχωρία,
1520 5884 1612 5936 καὶ
1642 5885 1707 5956 τῇ
1732 5882 1838 5935 τῶν

1169 360 1234 416 ΙΝ
1276 359 1501 426 ILLUD,
1541 358 1600 414 SI
1647 351 2018 414 ESURIEIKl-T
2059 347 2386 409 INIMICUS.
2431 346 2580 401 ETC.

3387 343 3486 399 134

1902 452 2285 524 βοηθησάντων
2319 453 2543 524 ἐρημίᾳ,
2579 452 2673 505 καὶ
2711 455 2776 523 τῇ
2813 452 2905 505 τοῦ
2933 452 3102 508 ὐπνου
3135 454 3369 530 ἀνάγκῃ,
3389 440 3490 512 οὐκ

1897 547 2151 608 ἀπαιτεῖς
2177 545 2335 613 δίκην
2375 545 2496 598 ούδέ
2536 545 2812 615 τιμωρίαν
2846 546 3048 610 αὐτόν;
3095 547 3253 618 υύχὶ,
3287 552 3491 619 φησίν·

1897 638 1958 689 οὐ
1986 636 2096 708 γὰρ
2127 637 2180 690 τί
2207 638 2403 690 παθεῖν
2437 637 2643 700 δίκαιος
2665 631 2823 701 οὗτός
2853 639 3019 696 ἐστιν.
3061 639 3172 710 όρῶ
3199 639 3317 705 νῦν,
3354 642 3494 696 ἀλλὰ

1897 729 1951 782 τί
1985 730 2209 800 ποιῆσαι
2240 731 2365 800 ἐμοὶ
2397 730 2696 800 προσῆκεν.
2731 731 2843 783 Οὐκ
2889 727 2997 784 εἶδε
3045 731 3184 802 πρὸς
3213 731 3312 803 τὴν
3337 733 3503 786 εὐκο-

1897 823 2020 877 λίαν
2049 823 2148 894 τῆς
2196 823 2434 894 σφαγῆς,
2484 823 2601 876 ἀλλ’
2640 819 2747 876 εἶδε
2779 823 2915 895 πρὸς
2953 823 3053 895 τὴν
3077 822 3367 896 ἀκρίϐειαν
3391 825 3493 894 τῆς

1905 914 2055 985 αὐτῷ
2093 915 2410 986 πρεπούσης
2438 916 2778 985 φιλοσοφίας.
2818 915 3013 968 Καίτοι
3035 915 3087 968 τί
3115 915 3223 968 τῶν
3244 917 3365 969 τότε
3390 917 3494 968 οὐκ.

1897 1002 1965 1078 ῆν
1998 1007 2179 1061 ἱκανὸν
2221 1009 2576 1079 διαναστῆσαι
2606 1009 2766 1062 αὐτὸν
2811 1009 2948 1080 πρὸς
2977 1009 3075 1080 τὴν
3113 1010 3360 1082 σφαγήν;
3418 1009 3494 1063 T6

1898 1100 2178 1170 δεδεμένον
2202 1100 2352 1171 αὐτῷ
2395 1101 2766 1172 παραδοθῆναι
2811 1102 2902 1155 τὸν
2945 1101 3170 1173 ἐχθρόν;
3207 1103 3352 1155 Ἴστε
3383 1104 3492 1173 γὰρ

1898 1193 2068 1263 δήπου
2091 1193 2270 1257 τοῦτο,
2302 1194 2376 1258 ὡς
2411 1193 2674 1264 μειζόνως
2702 1197 3064 1267 ἐπιτρέχομεν
3095 1199 3208 1260 τοῖς
3239 1197 3494 1262 εὐκολίας

1899 1285 2130 1357 γέμουσι
2157 1287 2468 1358 πράγμασι,
2486 1289 2626 1358 καὶή
2655 1287 2746 1341 τοῦ
2773 1289 3118 1360 κατορθῶσαι
3141 1290 3294 1354 ἐλπὶς
3317 1290 3492 1361 μείζο-

1899 1395 1966 1431 να
1992 1379 2091 1447 τῆς
2119 1379 2372 1451 πράξεως
2396 1381 2526 1451 ήμῖν
2551 1379 2847 1451 ἐπιθυμίαν
2877 1381 3169 1452 ἐντίθησιν,
3189 1382 3379 1454 ῶσπερ
3398 1384 3491 1435 καὶ

1901 1472 1988 1525 ἐπ’
2008 1472 2219 1525 ἐκείνου
2248 1473 2372 1526 τότε
2410 1469 2500 1544 ἦν.

1985 1565 2125 1618 Ἀλλ’
2159 1567 2188 1618 ὁ
2231 1567 2537 1638 στρατηγὸς
2575 1569 2697 1621 τότε
2734 1568 3122 1640 συμϐουλεύων
3164 1572 3257 1623 καὶ
3295 1571 3494 1639 διεγεί·

1903 1673 2045 1727 ρωνς
2096 1655 2278 1728 ἀλλ’ή
2317 1658 2506 1729 μνήμη
2559 1658 2669 1712 τῶν
2708 1659 3126 1730 παρελθόντων;
3173 1661 3313 1714 Ἀλλ’
3335 1662 3493 1714 οὐδὲν

1900 1748 2062 1801 αὐτὸν
2092 1749 2311 1819 ἐκίνησε
2348 1751 2483 1821 πρὸς
2525 1751 2617 1804 16v
2648 1752 2809 1820 φόνον
2833 1771 2844 1782 ·
2898 1753 3032 1807 αὐτὸ
3065 1753 3218 1825 [169]
3272 1755 3369 1824 μὲν
3398 1751 3497 1807 οῦν

1901 1841 2063 1894 αὐτὸν
2091 1841 2151 1894 16
2185 1845 2285 1912 τῆς
2312 1846 2527 1914 σφαγῆς
2559 1843 2782 1898 εὐκολον
2827 1845 3204 1916 ἀπέστρεψεν·
3239 1846 3494 1917 ἐνενόησε

1901 1930 2034 2002 γὰρ,
2057 1932 2140 1984 ὅτι
2169 1930 2258 1984 διά
2292 1932 2451 1986 τοῦτο
2481 1933 2799 2003 παρέδωκεν
2821 1935 2986 1987 αὐτὸν
3008 1938 3035 1988 6
3055 1935 3209 1998 Θεὸς,
3234 1936 3320 1988 ἵνα
3344 1935 3496 2006 αὐτῷ

1903 2023 2127 2076 πλείονα
2157 2022 2475 2093 φιλοσοφίας
2504 2025 2764 2079 ὑπόθεσιν
2790 2027 3053 2101 παράσχῃ
3087 2028 3182 2082 καὶ
3212 2029 3492 2100 ἀφορμήν.

1914 2110 2103 2181 Ὑμεῖς
2136 2113 2236 2183 μὲν
2277 2109 2370 2167 οὖν
2408 2114 2569 2167 αὐτὸν
2610 2114 2741 2178 ἴσως
2783 2115 3116 2186 θαυμάζετε,
3167 2119 3249 2170 ὅτι
3277 2119 3496 2181 οὐδενὸς

1903 2201 2152 2273 ἐμνήσθη
2182 2203 2291 2256 τῶν
2323 2204 2704 2276 παρελθόντων
2737 2207 2924 2259 κακῶν
2945 2225 2958 2236 ’
2983 2207 3094 2276 ἐγὼ
3120 2209 3175 2260 δέ
3207 2209 3275 2262 δι’
3305 2211 3497 2280 ἕτερον

1904 2293 2086 2365 πολλῷ
2119 2295 2306 2365 μεῖζον
2334 2297 2497 2352 αὐτὸν
2549 2299 2948 2370 ἐκπλήττομαι.
2985 2301 3145 2354 Ποῖον
3191 2301 3255 2372 δὴ
3302 2302 3492 2366 τοῦτο;

1906 2385 2034 2441 ’Ὀτι
2087 2387 2208 2439 οὐδέ
2259 2390 2288 2441 6
2344 2388 2508 2456 φόϐος
2563 2390 2727 2443 αὐτὸν
2783 2391 2894 2443 τῶν
2952 2391 3256 2462 μελλόντων
3310 2391 3494 2464 ῶθησε

1905 2477 2042 2546 πρὸς
2063 2477 2124 2528 16
2146 2476 2582 2549 διαχειρίσασθαι
2603 2479 2694 2532 τὸν
2721 2478 2938 2551 ἐχθρόν.
2962 2482 3115 2551 ’ᾙδει
3138 2481 3247 2552 γὰρ
3284 2483 3490 2551 σαφῶς,

1905 2569 1986 2622 ὃτι
2017 2569 2297 2638 διαφυγὼν
2331 2570 2495 2624 αὐτοῦ
2534 2571 2635 2635 τὰς
2684 2575 2893 2644 χεῖρας,
2957 2573 3120 2627 πάλιν
3172 2576 3294 2628 κατ’
3327 2575 3495 2628 αὐτοῦ

1907 2662 2194 2731 στήσεται·
2234 2661 2348 2714 ἀλλ’
2380 2663 2555 2715 εἵλετο
2584 2663 2787 2733 μᾶλλον
2819 2664 2983 2728 αὐτὸς
3007 2666 3336 2718 κινδυνεύειν
3361 2668 3497 2720 ἀπο-

1905 2752 2075 2817 λύσας
2103 2753 2195 2806 τὸν
2245 2755 2565 2825 ἠδικηκότα,
2595 2756 2626 2826 ἦ
2666 2756 2767 2826 τῆς
2802 2757 2925 2810 καθ’
2966 2757 3158 2811 ἑαυτὸν
3190 2759 3498 2826 ἀσφαλείας

1908 2845 2152 2916 προνοῶν
2184 2845 2623 2916 διαχειρίσασθαι
2656 2847 2747 2900 τὸν
2772 2847 3050 2919 πολέμιον.
3107 2850 3171 2901 Τί
3207 2850 3404 2918 γένοιτ’
3430 2851 3499 2903 ἂν

1907 2935 2001 2992 οὖν
2030 2941 2143 2993 ἴσον
2160 2940 2259 3010 τῆς
2291 2940 2534 3012 μεγάλης
2569 2940 2664 2993 καὶ
2683 2941 2938 3010 γενναίας
2960 2942 3174 3013 ἐκείνης
3198 2942 3396 3012 ψυχῆς,
3416 2943 3496 3005 ὃς,

1908 3030 2004 3084 τοῦ
2023 3032 2189 3102 νόμου
2208 3031 2520 3095 κελεύοντος
2538 3031 2846 3104 ἐξορύττειν
2871 3033 3150 3104 ὀφθαλμὸν
3166 3034 3286 3086 ἀντὶ
3302 3034 3503 3103 ὀφθαλ-

1915 3123 2038 3194 μοῦ,
2062 3124 2157 3177 καὶ
2179 3124 2367 3177 ὀδόντα
2391 3125 2510 3178 ἀντὶ
2532 3126 2764 3188 ὀδόντος,
2779 3127 3000 3189 καὶτοῖς
3020 3127 3154 3189 ἴσοις
3170 3126 3498 3196 ἀμύνεσθαι,

1910 3215 1972 3268 οὐ
1995 3215 2155 3285 μόνον
2181 3215 2337 3269 τοῦτο
2353 3216 2452 3270 οὐκ
2469 3217 2784 3287 εἰργάσατο,
2799 3217 2935 3270 ἀλλά
2958 3219 3052 3270 καὶ
3075 3217 3254 3287 πολλῷ
3280 3218 3502 3271 πλείονα

1915 3307 2235 3376 φιλοσοφίαν
2262 3309 2613 3374 ἐπεδείξατος
2656 3311 2849 3362 Καίτοι
2884 3327 2945 3378 γε
2977 3313 3024 3362 εί
3078 3312 3345 3381 ἀνῃρήκει
3379 3311 3502 3362 τότε

1911 3401 2003 3454 16v
2024 3401 2215 3464 Σαοὺλ,
2245 3403 2339 3455 καὶ
2359 3402 2532 3466 οὕτως
2554 3402 2702 3471 αὐτῷ
2724 3403 3042 3471 φιλοσοφίας
3066 3401 3342 3472 ἐγκώμιον
3375 3402 3502 3454 ἀκέ-

1919 3511 2068 3564 ραιον
2107 3494 2298 3564 ἔμενεν
2334 3493 2401 3547 άν
2427 3507 2472 3558 ο,
2508 3495 2568 3547 οὐ
2606 3495 2767 3564 μόνον
2796 3497 2876 3547 ὅτι
2908 3496 3174 3566 ήμύνατο,
3211 3497 3310 3548 οὐκ
3339 3495 3504 3560 αὐτὸς

1914 3588 2099 3658 ἄρχων
2152 3587 2352 3658 χειρῶν
2407 3587 2630 3650 ἀδίκων,
2686 3588 2800 3640 ἀλλ’
2838 3589 2919 3640 ὅτι
2977 3589 3106 3648 καὶ.
3156 3589 3506 3659 990011;»;-

1915 3679 2052 3733 ἀντὶ
2083 3681 2421 3749 ὀφθαλμοῦ,
2460 3681 2601 3750 μετά
2627 3681 2829 3752 πολλῆς
2865 3682 3017 3734 ἐνίκα
3044 3685 3145 3752 τῆς
3175 3681 3501 3746 ἐπιεικείας.

1916 3773 1990 3825 Οὐ
2046 3773 2156 3844 γὰρ
2200 3775 2321 3826 ἀντὶ
2354 3775 2483 3844 μιᾶς
2535 3774 2753 3843 σφαγῆς
2805 3774 2932 3843 μίαν
2965 3774 3193 3845 ἐπῆρεν,
3231 3774 3347 3828 ἀλλ’
3382 3777 3506 3829 ἀντὶ

1917 3867 2127 3920 πολλῶν
2161 3867 2429 3929 θανάτων,
2462 3861 2534 3922 ὧν
2565 3871 2773 3931 ἐκεῖνος
2798 3869 3098 3938 ἐπήγαγεν,
3132 3868 3231 3938 οὐχ
3255 3868 3422 3933 ἅπαξ,
3443 3870 3503 3922 οὐ

1916 3963 2018 4026 δὶς,
2052 3960 2189 4015 ἀλλά
2229 3961 2490 4024 πολλάκις
2532 3961 2695 4014 αὐτὸν
2745 3962 3107 4031 ἐπιχειρήσας
3138 3961 3372 4023 ἀνελεῖν,
3408 3962 3506 4014 ἕνα

1919 4053 2142 4124 ἔμελλεν
2197 4055 2497 4122 ἐπαγαγεῖν
2554 4053 2784 4106 θάνατον
2809 4069 2821 4080 ·
2876 4052 3078 4122 μᾶλλον
3117 4053 3174 4106 δέ
3224 4054 3282 4105 οὐ
3331 4053 3506 4105 ταῦτα

1923 4147 2105 4218 μόνον,
2141 4146 2280 4200 ἀλλά
2313 4146 2408 4198 καὶ
2437 4145 2712 4199 δεδοικότα
2742 4146 2802 4197 16
2839 4146 3031 4216 μέλλον
3068 4145 3238 4208 οὕτως
3277 4146 3368 4198 ἐπὶ
3407 4145 3508 4216 τὴν

1919 4241 2132 4310 ἄμυναν
2181 4238 2457 4310 ἔρχεσθαι,
2519 4238 2613 4290 καὶ
2660 4237 2818 4291 τοῦτο
2868 4237 3005 4308 μετά
3046 4236 3155 4289 τῶν
3201 4237 3508 4308 εἰρημένων

1919 4334 2214 4404 ὀλόκληρον
2249 4331 2399 4402 αὐτῷ
2439 4331 2529 4385 τὸν
2563 4332 2664 4402 τῆς
2706 4328 3058 4394 ἀνεξικακίας
3083 4329 3338 4399 διεγείρει
3385 4329 3508 4380 στέ-

1923 4444 2110 4495 φανον.
2153 4426 2213 4479 Ὀ
2245 4425 2343 4496 μὲν
2377 4423 2486 4496 γὰρ
2518 4424 2660 4494 ὑπὲρ
2689 4424 2799 4475 τῶν
2834 4421 3219 4492 γεγενημένων
3243 4422 3322 4483 εἰς
3346 4420 3507 4471 αὐτὸν

1923 4519 2277 4592 ὀργιζόμενος
2304 4517 2398 4572 καὶ
2425 4517 2698 4588 τιμωρίαν
2746 4515 3014 4576 ἀπαιτῶν,
3048 4515 3148 4567 οὐκ
3195 4513 3261 4566 ἂν
3291 4513 3510 4566 δύναιτο

1924 4612 2032 4665 τῶν
2059 4612 2158 4679 τῆς
2183 4608 2533 4674 ἀνεξικακίας
2578 4611 2856 4676 ἐπιτυχεῖν
2887 4605 3178 4677 ἐγκωμίων
3197 4619 3211 4635 ⁸
3241 4605 3332 4659 τὸν
3361 4606 3417 4658 δέ
3441 4605 3512 4658 τά

1931 4698 2027 4766 μέν
2080 4693 2422 4765 παρελθόντα
2478 4692 2656 4744 πάντα
2719 4691 2892 4744 πολλὰ
2950 4691 3080 4743 ὄντα
3140 4691 3234 4743 καὶ⁸
3296 4689 3511 4760 χαλεπὰ

1927 4780 2152 4848 ἀφέντα,
2181 4777 2282 4831 ὐπέ
2293 4794 2321 4848 ρ
2345 4777 2398 4830 δὲ
2427 4775 2520 4829 τοῦ
2553 4775 2835 4844 μέλλοντος
2863 4773 3135 4827 δεδοικότα
3166 4775 3259 4826 καὶ
3301 4789 3511 4845 προκα-

1928 4862 2333 4926 τασκευάζοντα
2359 4859 2659 4928 ἀσφάλειαν
2684 4858 2882 4928 ἐαυτῷ,
2912 4859 3006 4911 καὶ
3034 4858 3122 4912 διὰ
3156 4858 3314 4912 τοῦτο
3347 4861 3514 4925 ἀναγ-

1931 4946 2232 5016 καζομενον
2273 4944 2365 4996 ἐπὶ
2408 4944 2507 5014 τὴν
2555 4943 2769 5012 ἄμυναν
2814 4940 3144 5012 ἀνέρχεσθαι
3170 4981 3185 5006 ,
3227 4942 3403 5005 οὐδεὶς
3447 4942 3514 4995 ἂν

1929 5031 2037 5084 τῶν
2072 5030 2170 5100 τῆς
2196 5027 2494 5090 ἐπιεικείας
2523 5026 2918 5098 ἀποστερήσειε
2949 5025 3252 5095 στεφάνων.

2002 5116 2044 5179 ζ’
2119 5112 2252 5165 Ἀλλ’
2279 5113 2427 5181 ὅμως
2463 5111 2492 5162 6
2521 5108 2682 5162 Δαυῒδ
2720 5109 2842 5163 οὐδέ
2874 5109 3033 5162 τοῦτο
3070 5109 3346 5180 ἐποίησεν,
3375 5109 3514 5162 ἀλλὰ

1931 5198 2114 5252 καινόν
2130 5213 2250 5249 τινα
2267 5196 2360 5249 καὶ
2381 5193 2684 5265 παράδοξον
2701 5189 3162 5271 εὗρεξφιλοσοφίας
3179 5193 3401 5262 τρόπον·
3421 5192 3516 5243 καὶ

1932 5281 2054 5335 οὕτε
2086 5283 2115 5351 ή
2139 5281 2242 5351 μνή
2251 5297 2326 5351 μη
2350 5281 2456 5333 τῶν
2483 5279 2882 5352 παρελθόντων,
2905 5277 3002 5346 οὐχ
3024 5279 3050 5328 6
3077 5276 3239 5345 φόϐος
3262 5275 3367 5326 τῶν
3387 5273 3513 5344 μελ-

1933 5365 2154 5428 λόντων,
2174 5366 2271 5435 οὐχ
2298 5366 2626 5436 ήπροτροπὴ
2650 5363 2746 5416 τοῦ
2773 5360 3103 5432 στρατηγοῦ,
3133 5359 3231 5427 οὐχ
3256 5360 3287 5427 ή
3309 5357 3514 5427 ἐρημία

1934 5448 2029 5503 τοῦ
2056 5449 2243 5512 τόπου,
2268 5449 2328 5501 οὐ
2361 5449 2422 5500 16
2449 5449 2548 5518 τῆς
2574 5446 2790 5515 σφαγῆς
2813 5443 3053 5501 εὔκολον,
3084 5440 3338 5493 οὐκ-ἀλλο
3361 5440 3515 5492 οὐδὲν

1935 5533 2210 5604 διήγειρεν
2250 5533 2412 5586 αὐτὸν
2437 5534 2568 5603 πρὸς
2589 5531 2678 5584 16v
2713 5528 2902 5597 φόνονο
2931 5525 3046 5576 ἀλλ’
3075 5524 3262 5595 ὥσπερ
3290 5523 3516 5594 εὐεργέ-

1936 5641 2027 5677 του
2063 5623 2229 5686 τινὸς,
2288 5621 2382 5674 καὶ
2441 5619 2654 5690 μεγάλα
2707 5615 2870 5669 αὐτὸν
2903 5611 3269 5683 πεποιηκότος
3308 5608 3514 5680 ἀγαθά,

1999 5762 2024 5791 ⁸
2049 5758 2343 5810 Parliculam
2365 5758 2423 5804 ἂν
2465 5768 2492 5802 e
2533 5753 2718 5802 Savilio
2761 5751 3056 5811 recepimus,
3097 5749 3246 5810 paulo
3268 5746 3389 5797 infra
3413 5745 3515 5795 ἀντὶ

1938 5824 2145 5876 πολλῶν,
2171 5834 2256 5882 pro
2285 5833 2344 5882 e_o
2367 5818 2498 5879 quod
2524 5816 2781 5882 [ggebamr
2805 5814 2876 5861 ὃτι
2909 5813 3000 5860 πολ
3026 5848 3040 5875 ,
3067 5825 3126 5861 ex
3153 5811 3376 5873 ejusdem
3400 5822 3514 5859 cou~

1941 5886 2128 5946 jectura
2152 5877 2497 5931 r‘cscribuiles.
2529 5877 2661 5930 Eun.
