4086 6466
238 385 343 442 185

246 499 366 565 riis,
415 497 684 568 pepercit.
731 497 1025 564 Quamnam
1075 496 1233 567 igitur
1274 497 1482 552 veniam
1531 498 1854 554 merebimur

247 603 370 655 nos,
400 589 497 659 qui
527 588 920 658 prmteritorum
950 587 1265 642 delictorum
1296 603 1563 643 memores
1589 603 1774 643 sumus
1800 598 1854 644 et

249 696 343 737 eos
376 681 712 746 ulciscimur,
747 681 836 751 qui
879 695 977 735 nos
1020 680 1275 747 laeserint,
1319 696 1438 735 eum
1469 681 1724 736 innocens
1764 681 1855 737 ille

254 782 330 827 tot
371 771 519 826 mala
548 786 756 842 passus,
786 773 982 842 quique
1006 772 1153 840 plura
1184 782 1237 826 et
1265 774 1510 842 graviora
1537 774 1658 835 sibi,
1684 774 1729 828 si
1759 773 1856 826 ho-

250 873 385 918 stem
418 871 687 930 servaret,
719 863 1060 932 exspectabat
1106 871 1381 928 eventura,
1432 863 1509 918 sic
1554 865 1856 933 pepercisse

251 955 524 1021 videatur,
568 962 629 1008 ut
656 954 948 1024 periculum
976 954 1088 1022 ipse
1117 953 1295 1007 aubire
1320 954 1584 1019 maluerit,
1617 955 1853 1023 atquein

251 1056 395 1101 metu
428 1060 497 1099 ac
532 1055 767 1100 tremere
799 1045 996 1109 vivere,
1039 1058 1194 1112 quam
1227 1059 1347 1098 eum
1375 1059 1531 1113 quem
1566 1044 1663 1099 sibi
1696 1044 1854 1099 innu-

253 1152 429 1192 meras
459 1136 771 1190 moliturum
798 1135 1019 1189 insidias
1045 1135 1265 1200 sciebat,
1289 1134 1412 1204 jure
1440 1135 1725 1190 occidere?

318 1227 545 1282 Davidis
574 1228 870 1298 patientiam
907 1234 1194 1297 exaggerat.
1213 1255 1286 1265 —
1309 1225 1437 1294 Ejus
1475 1225 1651 1295 itaque
1681 1226 1853 1295 philo-

253 1325 499 1397 sophiam
548 1341 616 1380 ex
658 1324 740 1379 bis
769 1339 991 1380 eernere
1016 1325 1157 1390 licet,
1189 1325 1329 1395 quod
1380 1340 1484 1378 non
1516 1323 1676 1379 modo
1713 1332 1854 1378 tanta

253 1420 571 1475 imminente
619 1421 940 1475 necessitate
992 1434 1097 1474 non
1156 1418 1505 1483 interemerit,
1553 1417 1646 1472 sed
1683 1430 1856 1485 neque

255 1512 576 1568 maledicum
617 1512 668 1566 in
708 1528 830 1567 eum
872 1511 1091 1567 verbum
1137 1511 1300 1566 ullum
1328 1510 1625 1583 protulerit,
1663 1509 1786 1564 licet
1812 1509 1856 1564 is

255 1620 411 1673 quem
458 1605 693 1659 lmsurus
744 1604 948 1671 inisset,
1001 1604 1221 1660 minime
1265 1604 1540 1658 audiisset.
1570 1603 1726 1672 Atqui
1760 1616 1856 1656 nos

256 1696 411 1750 etiam
438 1695 652 1750 amicos
677 1709 1046 1765 smpenumero
1075 1695 1326 1751 absentes
1353 1694 1608 1749 conviciis
1630 1692 1858 1749 incessi-

258 1801 408 1853 mus;
438 1796 496 1843 at
546 1787 640 1842 ille
684 1803 750 1842 ne
794 1788 1064 1843 inimicum
1095 1789 1333 1859 quidem,
1378 1804 1409 1843 a
1440 1804 1546 1858 quo
1580 1796 1657 1842 tot
1685 1786 1859 1841 fuerat

259 1878 477 1935 allectus
505 1878 740 1949 injuriis.
772 1881 848 1934 Ac
874 1880 1264 1951 pltilosoplram
1292 1881 1506 1952 quidem
1534 1896 1598 1935 ex
1625 1880 1707 1934 bis
1732 1880 1858 1934 licet

258 1984 585 2040 cognoscere
618 1988 632 2023 :
663 1970 1043 2041 benignitatem
1087 1982 1263 2027 autem
1308 1986 1372 2027 ac
1409 1973 1668 2043 reliquam
1710 1971 1857 2025 solli-

259 2060 549 2115 citudinem
602 2076 669 2116 ex
710 2062 794 2128 iis,
842 2077 961 2131 quae
1006 2070 1191 2133 postea
1238 2063 1500 2133 prmstitit.
1533 2061 1685 2129 Quod
1714 2062 1856 2116 enim

262 2151 520 2206 ﬁmbriam
553 2152 723 2206 vestis
751 2152 1058 2219 absciderit,
1089 2153 1229 2223 quod
1259 2168 1411 2224 aqua:
1445 2153 1704 2224 scyphum
1734 2152 1861 2207 sub-

262 2243 499 2311 traxerit,
533 2243 679 2312 quod
723 2242 877 2314 longe
916 2244 1174 2299 secedens
1210 2254 1262 2298 et
1290 2255 1437 2299 stans
1481 2244 1722 2298 clamavit
1754 2243 1771 2313 (
1805 2244 1855 2297 1.

265 2335 386 2405 Reg,
409 2334 502 2389 24.
533 2336 593 2391 5.
623 2345 670 2389 et
700 2335 790 2390 26.
819 2337 902 2391 15.
936 2337 1094 2407 sqq.),
1123 2348 1282 2408 atque
1324 2353 1353 2391 a
1385 2352 1444 2392 se
1469 2345 1682 2392 servato
1714 2337 1860 2392 inco-

264 2426 383 2481 lumi
413 2430 528 2482 luce
574 2427 906 2498 significat-it,
939 2443 1041 2483 non
1075 2428 1139 2483 ad
1170 2429 1579 2484 ostentationem
1610 2438 1665 2483 et
1685 2428 1859 2482 ambi-

264 2518 454 2573 tionem
505 2519 561 2573 id
607 2518 750 2587 fecit,
797 2536 980 2574 verum
1031 2529 1088 2573 ut
1111 2520 1364 2590 operibus
1395 2520 1525 2590 ipsis
1554 2520 1602 2575 ei
1631 2534 1857 2590 persua-

264 2609 426 2677 deret,
461 2626 521 2667 se
568 2611 842 2666 immerito
891 2627 954 2666 ac
997 2611 1115 2665 sine
1162 2626 1319 2665 causa
1353 2621 1618 2680 tamquam
1650 2610 1856 2664 hostem

269 2699 334 2754 illi
373 2699 538 2757 fuisse
588 2712 915 2772 suspectum,
945 2711 999 2757 et
1028 2702 1126 2757 hac
1156 2702 1362 2756 ratione
1390 2701 1590 2755 studuit
1616 2700 1761 2754 illum
1792 2699 1857 2754 ad

266 2792 543 2847 amicitiam
578 2807 893 2863 provocare.
915 2794 1288 2849 Verumtamen
1307 2809 1426 2849 cum
1445 2810 1512 2848 ne
1542 2795 1619 2849 sic
1644 2792 1858 2864 quidem

272 2884 407 2939 illum
434 2885 658 2941 ﬂectere
686 2886 967 2956 potuisset,
1000 2895 1160 2957 atque
1186 2902 1216 2942 e
1233 2887 1410 2942 medio
1437 2895 1617 2956 posset
1646 2886 1857 2951 tollere,

271 2992 444 3033 rursus
472 2981 648 3050 patria
677 2994 865 3035 carere
891 2979 1098 3045 maluit,
1132 2988 1183 3035 et
1219 2995 1444 3051 peregre
1473 2980 1673 3046 vivere,
1701 2988 1860 3049 atque

271 3071 319 3127 in
348 3073 497 3128 malis
541 3073 786 3143 quotidie
824 3073 1044 3139 versari,
1078 3073 1206 3128 dum
1239 3073 1598 3128 necessarium
1645 3061 1745 3126 sibi
1776 3072 1859 3126 vi-

272 3174 404 3220 ctum
432 3175 798 3236 compararet.
828 3182 986 3238 quam
1017 3165 1160 3221 domi
1194 3164 1459 3220 manendo
1489 3163 1857 3219 insidiatorem

277 3272 420 3313 suum
449 3259 673 3314 imdere.
692 3258 827 3326 Quid
860 3258 1003 3312 illius
1028 3258 1202 3312 anima
1226 3259 1395 3313 lenius
1422 3258 1647 3328 reperiri
1672 3257 1861 3327 possit?

273 3346 446 3404 Merito
473 3364 610 3405 sane
638 3349 870 3415 diccbat,
903 3348 1173 3413 Memento;
1205 3349 1442 3414 Domine,
1470 3348 1658 3416 David,
1683 3357 1729 3402 ct
1755 3366 1862 3402 om-

277 3440 346 3494 nis
368 3441 773 3497 mansuetudinis
803 3443 912 3513 ejus
946 3439 1115 3512 (Psal.
1147 3442 1271 3495 151.
1303 3440 1377 3508 1).
1413 3440 1564 3496 Ι-Ιιιηο
1592 3441 1863 3495 imitemur

276 3544 364 3584 nos
391 3546 627 3602 quoque,
672 3545 735 3584 ac
765 3545 937 3600 neque
967 3530 1227 3594 dicamus,
1272 3545 1446 3600 neque
1472 3529 1727 3585 faciamus
1761 3530 1862 3583 ini-

278 3620 416 3676 micis
439 3622 733 3693 quidquam
762 3622 908 3686 mali,
942 3620 1034 3675 sed
1069 3631 1117 3675 et
1149 3636 1243 3689 pro
1269 3621 1468 3675 viribus
1488 3621 1555 3675 de
1594 3620 1696 3674 illis
1725 3620 1863 3674 bene

278 3725 573 3767 mereamur
603 3730 615 3766 :
647 3711 912 3781 siquidem
941 3711 1006 3764 de
1033 3711 1190 3764 nobis
1222 3711 1348 3780 ipsis
1379 3710 1574 3779 potius,
1602 3726 1761 3780 quam
1793 3710 1861 3764 de

277 3800 372 3854 illis
399 3802 529 3859 Leue
559 3802 906 3857 merebimur.
944 3802 1004 3857 Si
1028 3803 1179 3865 enim,
1211 3802 1401 3872 inquit,
1448 3803 1739 3856 dimiseritis
1764 3803 1848 3855 iui

277 3894 406 3949 micis
431 3897 629 3963 vestris,
678 3896 954 3950 dimittetur
996 3896 1131 3949 vobis
1179 3895 1388 3967 (Matth.
1414 3895 1465 3950 ϐ.
1502 3895 1585 3967 Η)
1613 3914 1625 3948 :
1652 3895 1862 3950 dimitte

276 3985 476 4042 servilia
521 3994 764 4058 peccata,
797 3996 853 4040 ut
883 3987 1093 4041 veniam
1135 3986 1354 4042 herilem
1387 3987 1629 4042 obtinens
1672 4002 1861 4056 pecca-

280 4084 441 4133 torum
467 4098 481 4134 :
509 4080 657 4150 quod
703 4081 746 4134 si
784 4095 1029 4150 magnam
1074 4080 1312 4134 intulerit
1360 4080 1630 4150 iujuriam.
1664 4092 1863 4149 quanm

278 4170 463 4239 majora
505 4173 800 4240 dimiseris,
848 4182 994 4229 tanto
1024 4174 1283 4243 majorem
1334 4174 1542 4228 veniam
1575 4174 1860 4228 obtinebis.

278 4258 555 4332 Propterea
591 4280 821 4335 namque
838 4266 1015 4321 dicere
1036 4266 1210 4319 edocti
1230 4279 1436 4332 sumus,
1462 4263 1673 4318 Dimitte
1699 4265 1860 4329 nobis,

279 4353 394 4408 sicut
423 4373 510 4412 nos
526 4358 830 4412 dimittimus
852 4357 996 4430 (Ibid
1042 4374 1090 4411 υ.
1124 4355 1224 4430 l2)
1246 4398 1260 4421 ,
1294 4366 1352 4411 ut
1380 4357 1647 4412 discamus
1671 4358 1862 4412 remis-

279 4443 432 4502 sionis
458 4450 675 4504 modum
696 4449 903 4503 initium
930 4464 959 4502 a
977 4448 1131 4504 nobis
1150 4448 1412 4519 accipere.
1440 4448 1642 4519 Itaque,
1667 4461 1865 4517 qranto

279 4539 506 4604 graviora
562 4542 697 4595 mala
745 4541 985 4597 intulerit
1034 4542 1315 4604 inimicus,
1372 4550 1521 4596 tanto
1576 4540 1865 4610 majoriva

276 4625 431 4684 afﬁcit
477 4631 774 4687 beneficiis.
825 4632 1182 4702 Properemus
1213 4632 1392 4702 igitur,
1442 4641 1494 4686 et
1533 4647 1653 4686 cum
1684 4632 1747 4685 iis
1774 4632 1861 4701 qui

282 4719 648 4787 uoslmserint,
691 4724 1023 4779 reconciliari
1065 4723 1401 4787 festinemus,
1445 4724 1557 4778 sive
1581 4724 1723 4793 jure,
1752 4723 1865 4779 site

272 4809 459 4877 injuria
502 4816 612 4870 sint
653 4816 792 4871 irati.
834 4816 888 4871 Si
931 4817 1072 4871 enim
1119 4816 1206 4871 hic
1249 4817 1412 4871 fueris
1456 4816 1858 4874 reconciliatus.

281 4894 379 4956 illic
416 4919 446 4957 a
479 4905 684 4976 judicio
727 4906 1079 4962 liberalteris:
1114 4908 1194 4962 sin
1240 4917 1417 4963 autem
1469 4906 1703 4969 interim,
1732 4905 1859 4959 dmn

283 4989 556 5056 inimicitia:
602 5007 967 5070 perseverant,
1016 5014 1160 5055 mors
1211 5000 1574 5056 interveniens
1618 4998 1797 5052 odium
1826 5012 1858 5051 e

1210 384 1275 439 lN
1318 383 1543 452 ILLUD,
1585 383 1647 440 Si
1687 384 2057 441 ESURIERIT
2099 387 2415 459 INIMICUS,
2458 391 2614 451 ETC.

3456 394 3557 449 136

1964 501 2143 557 medio
2194 502 2380 569 tollat,
2435 505 2540 560 illic
2586 505 2840 575 deinceps
2885 505 3142 577 judicium
3206 506 3528 560 constituam

1961 606 2180 647 necesse
2208 602 2309 649 est.
2342 594 2410 650 Ut
2430 596 2590 666 igitur
2622 597 2867 651 homines
2895 598 3045 652 multi
3064 599 3155 669 qui
3183 599 3323 655 inter
3349 616 3407 654 se
3427 615 3527 654 con

1963 692 2351 754 troversantur,
2403 689 2447 742 si
2487 689 2701 758 quidem
2753 701 2902 744 extra
2960 690 3132 745 forum
3186 693 3359 747 amice
3409 694 3552 749 litem

1962 774 2102 829 inter
2152 791 2211 830 se
2263 789 2624 847 componant,
2673 779 2910 847 damno,
2961 791 3144 849 metu,
3201 784 3557 856 periculisque

1961 866 2144 921 multis
2187 882 2247 921 se
2297 869 2543 934 liberant,
2578 870 2703 925 dum
2735 886 2801 926 ex
2845 873 3007 926 animi
3052 875 3314 929 sententia
3348 876 3454 929 litis
3481 877 3559 930 eis

1963 956 2266 1012 terminatio
2313 961 2552 1016 succedit
2583 980 2595 1015 :
2629 962 2772 1032 quod
2819 963 2863 1017 si
2888 964 3055 1033 judiei
3086 966 3354 1034 negotium
3399 982 3558 1023 suum
3599 1009 3606 1016 .

1961 1050 2291 1117 permittant,
2321 1052 2452 1107 nihil
2480 1053 2621 1108 aliud
2647 1054 2770 1109 inde
2800 1065 2995 1126 praeter
3022 1057 3260 1126 pecuniae
3292 1057 3557 1128 jacturam

1916 1170 1921 1177 τ
1961 1151 2016 1199 et
2044 1159 2258 1213 pernam
2301 1161 2562 1216 persaepe,
2609 1155 2769 1218 atque
2818 1138 3199 1203 immortalium
3245 1140 3556 1205 inimicitia-

1960 1250 2078 1290 rum
2104 1236 2554 1292 continuationem
2585 1239 2933 1309 reportabunt
2959 1258 2972 1294 :
3003 1240 3070 1295 ita
3105 1240 3191 1296 hic
3219 1257 3465 1312 quoque,
3510 1243 3556 1296 si

1960 1327 2088 1382 dum
2133 1329 2188 1382 in
2236 1329 2333 1383 hac
2360 1330 2465 1384 vita
2490 1345 2787 1397 versamur,
2833 1332 2954 1386 lites
2981 1347 3383 1401 componamus,
3409 1334 3553 1387 omni

1961 1432 2060 1472 nos
2075 1418 2345 1495 supplicio
2378 1419 2720 1475 liberabimus
2748 1439 2763 1476 :
2795 1422 2876 1477 sin
2907 1432 3084 1478 autem
3128 1424 3178 1478 in
3210 1424 3333 1478 odio
3370 1438 3555 1493 perseo

1962 1520 2227 1576 \‘crantes,
2253 1511 2318 1565 ad
2343 1513 2675 1567 tremendum
2694 1513 3091 1584 illudjudicium
3115 1515 3389 1577 abeamus,
3414 1515 3553 1570 illius

1956 1601 2151 1671 judicis
2171 1603 2377 1657 calculo
2393 1604 2647 1670 damnati,
2666 1616 2909 1661 extremo
2925 1607 3078 1676 plane
3092 1607 3350 1677 supplicio
3368 1607 3558 1676 plecte-

1962 1709 2104 1760 mur,
2123 1704 2177 1750 et
2194 1695 2404 1766 utrique
2420 1711 2605 1766 paruas
2632 1696 2966 1753 inevitabiles
2991 1699 3389 1761 sustinebimus,
3419 1709 3555 1751 umts

1962 1788 2173 1857 quidem
2216 1789 2412 1858 injuste
2449 1790 2636 1858 iratus,
2687 1800 2968 1862 propterea
2999 1791 3141 1862 quod
3170 1790 3384 1860 injuste,
3422 1790 3558 1843 alter

1963 1881 2301 1947 autemjuste
2330 1881 2516 1950 iratus,
2546 1882 2687 1952 quod
2710 1883 2853 1950 juste
2873 1882 3185 1937 memoriam
3203 1882 3410 1952 injuria:
3434 1897 3558 1937 enn-

1963 1972 2209 2027 servarit.
2231 1973 2375 2029 Licet
2393 1976 2535 2029 enim
2563 1974 2759 2044 injuste
2784 1973 3054 2045 quidpiam
3078 1974 3199 2028 mali
3222 1974 3360 2044 passi
3385 1972 3553 2027 fueri-

1963 2079 2104 2132 mus,
2127 2064 2332 2119 veniam
2352 2064 2465 2119 dari
2487 2080 2580 2135 par
2597 2075 2679 2121 est
2696 2064 2780 2132 iis,
2808 2081 2836 2119 a
2856 2066 3046 2136 quibus
3066 2066 3258 2136 injuria
3278 2066 3386 2119 laesi
3403 2065 3558 2119 fueri-

1964 2170 2101 2211 mus.
2153 2157 2231 2209 Ac
2272 2154 2394 2212 vide
2440 2171 2545 2227 quo
2585 2165 2740 2228 pacto
2770 2171 2879 2220 eos,
2916 2157 3003 2227 qui
3045 2169 3238 2227 prmter
3258 2157 3345 2227 jus
3375 2155 3561 2225 fasque
3608 2155 3615 2161 ’

1964 2247 2264 2302 molestiam
2292 2246 2606 2316 intulerunt,
2637 2248 2876 2318 impellat
2906 2257 2961 2302 et
3003 2258 3183 2318 urgeat
3225 2248 3289 2300 ad
3322 2247 3559 2301 reconci-

1965 2339 2235 2395 liationem
2279 2355 2399 2395 eum
2451 2341 2554 2395 illis
2597 2355 2731 2411 quos
2775 2340 3031 2395 laeserint.
3065 2340 3126 2394 Si
3155 2338 3340 2412 o/feras
3374 2354 3557 2390 munus

1965 2441 2105 2485 tuum
2147 2432 2216 2484 ad
2269 2432 2448 2498 altare,
2504 2442 2551 2485 et
2604 2433 2671 2486 ibi
2723 2432 3018 2487 recordatus
3047 2432 3220 2502 fueris,
3252 2432 3369 2501 quia
3399 2434 3558 2502 frater

1964 2533 2078 2579 tuus
2112 2524 2256 2579 habet
2287 2524 2481 2596 aliquid
2498 2526 2764 2579 adversum
2788 2534 2872 2579 te:
2895 2524 3040 2589 vade,
3064 2524 3203 2594 prius
3232 2522 3558 2576 reconciliare

1964 2615 2113 2687 fratri
2136 2624 2223 2667 tuo
2242 2614 2535 2686 (Matth._5.
2563 2613 2656 2669 23.
2680 2614 2792 2684 24).
2811 2613 2926 2668 Non
2955 2613 3110 2681 dixit,
3141 2614 3361 2681 Collige,
3391 2613 3560 2665 sacri-

1964 2704 2143 2759 licium
2171 2703 2321 2771 offer,
2355 2704 2468 2769 sed,
2512 2702 2876 2766 Reconciliare,
2911 2718 2974 2758 ac
3017 2701 3209 2757 deinde
3250 2701 3401 2757 ofl‘er.
3432 2701 3559 2756 Sine

1964 2796 2034 2852 ibi
2053 2796 2248 2866 jaceat,
2281 2796 2472 2864 inquit,
2522 2805 2578 2849 ut
2603 2795 2887 2850 oblationis
2917 2794 3208 2849 necessitas
3233 2793 3391 2847 etiam
3421 2794 3556 2846 invi-

1965 2897 2075 2943 tum
2127 2888 2457 2944 reconciliari
2507 2895 2659 2957 cogat
2701 2902 2855 2952 eum,
2886 2886 2974 2957 qui
3002 2887 3146 2954 juste
3174 2884 3333 2938 fuerit
3372 2885 3555 2937 iratus.

1967 2981 2099 3036 Vide
2146 2996 2252 3051 quo
2295 2988 2451 3051 pacto
2488 2993 2679 3034 rursus
2720 2978 2961 3033 hortetur
3005 2988 3065 3032 ut
3092 2976 3156 3031 ad
3187 2993 3306 3031 eum
3342 2976 3430 3045 qui
3462 2992 3558 3031 nos

1965 3072 2507 3139 oil‘undit,veniamus,
2527 3071 2732 3126 dicens:
2759 3070 3006 3124 Dimittite
3037 3068 3341 3124 debitoribus
3364 3069 3558 3132 vestris,

1964 3174 2098 3219 utet
2151 3163 2305 3218 Pater
2346 3173 2506 3218 vester
2552 3162 2773 3215 dimittat
2829 3161 3010 3214 delicta
3060 3168 3221 3213 vestra
3248 3158 3436 3231 (Marc.
3474 3159 3558 3212 ll.

1964 3256 2077 3329 25').
2099 3257 2213 3312 Non
2241 3255 2382 3312 enim
2414 3255 2654 3325 exiguam
2684 3251 2984 3308 mercedem
3009 3251 3299 3320 proposuit,
3330 3249 3421 3304 sed
3444 3264 3561 3303 eam

1964 3351 2124 3402 etiam
2172 3363 2290 3417 quae
2337 3346 2462 3401 boni
2494 3344 2671 3414 operis
2698 3342 3113 3413 magnitudinem
3147 3341 3298 3410 longe
3333 3340 3563 3394 oscedo-

1966 3450 2068 3495 ret.
2114 3440 2239 3494 Haec
2282 3439 2439 3509 igitur
2481 3437 2656 3492 omnia
2702 3435 2855 3489 nobis
2886 3434 2954 3488 ob
2983 3434 3166 3487 oculos
3191 3441 3472 3502 ponentes,
3500 3446 3563 3484 ac

1966 3530 2451 3586 remunerationem
2472 3527 2572 3582 hac
2589 3526 2656 3582 dc
2680 3539 2840 3581 causa
2868 3524 3020 3577 nobis
3040 3523 3361 3594 propositam
3386 3532 3563 3575 mente

1966 3630 2261 3687 versantes,
2308 3634 2575 3692 quamque
2620 3634 2722 3672 non
2752 3617 2925 3686 magni
2954 3617 3024 3670 sit
3053 3615 3247 3669 laboris
3282 3623 3374 3668 aut
3402 3614 3562 3670 studii

1969 3724 2184 3784 peccata
2212 3714 2413 3778 delere,
2445 3711 2529 3766 his
2558 3727 2587 3765 a
2617 3711 2808 3780 quibus
2838 3708 2947 3762 laesi
2977 3707 3192 3771 fuitnus,
3226 3709 3435 3762 veniam
3463 3706 3558 3761 dc-

1969 3826 2108 3863 tnus.
2141 3806 2292 3874 Quod
2325 3806 2465 3859 enim
2519 3805 2606 3857 alii
2655 3802 2875 3873 jejunio,
2928 3801 3245 3873 planctibus,
3294 3800 3559 3870 precibus,

1967 3915 2143 3965 sacco,
2176 3899 2374 3963 cinere,
2408 3911 2471 3951 ac
2499 3894 2691 3950 millies
2723 3894 2943 3962 repetita
2966 3890 3300 3945 confessione
3330 3891 3412 3942 vix
3444 3905 3563 3959 per-

1968 3990 2171 4056 ﬁcium,
2216 3999 2273 4043 ut
2319 3987 2568 4041 nimirum
2618 3999 2711 4038 sua
2761 3992 2972 4053 peccata
3014 3981 3246 4044 deleant,
3281 3981 3379 4033 hoc
3410 3980 3564 4032 nobis

1968 4085 2083 4136 sine
2119 4095 2276 4135 sacco
2323 4086 2379 4134 et
2421 4077 2602 4133 cinere
2632 4092 2694 4129 ac
2730 4074 2932 4145 jejunio
2958 4072 3110 4126 facile
3138 4071 3262 4125 licet
3289 4082 3564 4141 νημαι-ρ,

1970 4176 2013 4229 si
2047 4175 2204 4228 modo
2234 4189 2297 4229 ex
2329 4174 2508 4226 animo
2539 4171 2670 4224 iram
2700 4169 2994 4232 deleamus,
3023 4164 3205 4234 eisque
3235 4164 3320 4235 qui
3353 4176 3450 4217 nos
3478 4164 3562 4215 in-

1965 4267 2103 4338 juria
2135 4265 2389 4330 Ireserint,
2422 4264 2631 4317 sincere
2658 4261 3005 4316 dimittamus.
3040 4259 3178 4312 heus
3205 4266 3381 4312 autem
3424 4257 3566 4325 pacis

1970 4368 2024 4415 et
2053 4358 2289 4414 caritatis
2315 4371 2531 4411 onmem
2577 4353 2834 4416 furorem,
2868 4361 2917 4405 et
2946 4350 3310 4409 acerbitatem,
3344 4357 3395 4402 et
3432 4346 3564 4401 iram

1970 4469 2032 4506 ex
2065 4454 2237 4505 anima
2266 4463 2447 4505 nostra
2474 4447 2834 4503 exterminans
2861 4444 3013 4498 nobis
3032 4441 3304 4511 largiatur,
3338 4447 3393 4492 ut
3412 4439 3563 4508 juxta

1973 4543 2336 4598 membrorum
2365 4540 2608 4595 ordinem
2640 4539 2776 4591 inter
2818 4550 2914 4589 nos
2946 4547 3190 4601 nexuque
3224 4530 3444 4584 firmiter
3465 4544 3560 4583 co-

1973 4633 2155 4702 pulati,
2191 4630 2528 4693 unanimiter,
2576 4643 2685 4681 uno
2724 4641 2819 4680 ore
2847 4638 3056 4692 unaque
3080 4622 3280 4686 anima,
3310 4627 3568 4690 perpetuo

1969 4725 2255 4795 gratiarum
2306 4721 2528 4776 actionis
2573 4718 2801 4790 hymnos
2844 4714 2942 4785 ipsi
2997 4712 3205 4768 debitos
3255 4711 3564 4773 otTeramus,

1969 4818 2217 4888 quoniam
2265 4815 2362 4885 ipsi
2405 4813 2571 4885 gloria
2618 4819 2670 4865 et
2701 4808 3003 4880 imperium,
3040 4805 3092 4860 in
3120 4803 3314 4861 smcula
3343 4802 3571 4857 sternte-

1972 4925 2109 4962 rutu.
2142 4908 2329 4961 Amen.
