4006 6480
357 742 379 884 l

427 376 529 433 187

1114 373 1170 426 8.
1212 371 1498 427 .IOANNIS
1537 369 2030 427 CHRYSOSTOMI
2071 367 2392 426 ARClllEP.
2431 368 2978 426 CONSTANTINOP.
3577 374 3685 429 188

1306 499 3349 514 ________,___________________________._..
3363 500 3584 528 ...ἐπ-ππ
3605 503 3657 530 ,ε

1295 695 1644 757 MONITUM
1677 694 1776 754 AD
1804 694 1997 754 DUAS
2027 693 2392 755 HOMILIAS
2424 693 2502 754 IN
2541 694 2764 754 ILLUD
2789 742 2804 769 ,

497 862 574 921 Ex
609 863 755 922 hisce
786 864 1001 921 duabus
1032 862 1271 918 liomiliis
1297 862 1385 917 vix
1423 863 1722 934 quidquam
1758 877 1952 919 eruere
1990 878 2304 933 possumus,
2346 863 2490 918 unde
2526 877 2637 932 quo
2684 862 2881 917 habitae
2918 870 3164 933 tempore
3198 863 3400 922 l‘uerint
3439 871 3692 939 espisce-

426 996 550 1036 mur
572 1023 590 1049 ,
627 982 729 1036 hoc
759 994 928 1036 unum
976 987 1060 1034 sat
1089 976 1357 1048 probabili
1389 976 1701 1047 conjectura
1746 976 1867 1031 l'ulti
1911 977 2167 1044 dicimus,
2201 978 2460 1033 nimirum
2512 977 2809 1034 verisimile
2838 993 2959 1034 esse
2987 981 3108 1037 illas
3133 983 3433 1042 Antiochia:
3467 988 3689 1045 habitas

425 1102 614 1156 fuisse.
645 1097 858 1152 Etenim
893 1095 1043 1152 illum
1074 1097 1127 1152 in
1161 1095 1488 1153 sacerdotali
1520 1093 1701 1149 adhuc
1735 1094 1926 1151 ordine
1966 1093 2137 1150 luisse
2171 1095 2328 1165 argui
2367 1095 2582 1152 videtur
2617 1109 2685 1150 ex
2729 1095 2794 1150 iis
2829 1111 2951 1166 quae
2979 1096 3047 1152 de
3086 1099 3466 1158 sacerdotibus
3500 1103 3685 1168 istius.

425 1212 478 1264 in
513 1227 620 1282 qua
653 1211 902 1282 degebat,
927 1211 1078 1268 urbis
1107 1212 1316 1283 aliquot
1344 1211 1396 1266 in
1433 1210 1569 1267 locis
1598 1211 1712 1278 ait;
1749 1210 1987 1266 maxime
2014 1226 2144 1266 vero
2171 1211 2226 1266 in
2259 1212 2497 1268 secunda
2537 1213 2784 1278 homilia,
2819 1229 2972 1270 num.
3000 1215 3053 1279 5,
3095 1214 3188 1270 ubi
3233 1218 3514 1274 auditores
3559 1233 3684 1274 car-

424 1341 581 1396 pens,
612 1325 756 1397 quod
795 1325 1012 1397 quidam
1041 1340 1231 1381 eorum
1268 1325 1323 1380 in
1352 1324 1664 1381 sacerdotes
1694 1324 1890 1394 probra
1922 1333 1977 1379 et
2010 1325 2260 1380 convicia
2295 1325 2539 1396 iacerent
2564 1366 2579 1391 ,
2622 1326 2714 1382 alii
2758 1341 2890 1382 vero
2929 1330 3042 1382 haec
3066 1327 3348 1384 audientes
3380 1329 3681 1384 maledicos

426 1441 554 1497 illos
586 1455 696 1496 non
723 1449 1156 1512 compescerent,
1190 1439 1319 1496 talia
1347 1439 1529 1495 fatur:
1565 1436 1705 1504 Quid
1740 1440 1852 1494 illis
1888 1440 2050 1508 fuerit
2091 1440 2319 1504 beatius,
2360 1441 2488 1510 quid
2521 1452 2694 1496 autem
2721 1441 2870 1496 nobis
2916 1444 3157 1498 miserius
3179 1445 3205 1499 .’
3247 1443 3686 1516 Quandoquidem

422 1554 507 1608 illi
532 1555 842 1624 sanguinem
870 1562 919 1608 et
949 1555 1184 1607 animam
1211 1569 1306 1622 pro
1337 1554 1745 1623 prwceptoribus
1781 1553 2194 1625 profundebant,
2223 1570 2318 1609 nos
2353 1565 2529 1608 autent
2563 1571 2726 1626 neque
2753 1555 2962 1610 verbum
2989 1572 3084 1625 pro
3115 1557 3477 1612 communibus
3504 1560 3684 1627 patri-

425 1686 544 1732 ous,
576 1669 715 1739 ὑπὲρ
753 1667 863 1720 τῶν
895 1665 1088 1721 κοινῶν
1121 1666 1390 1738 πατέρων,
1417 1669 1654 1722 emittere
1679 1669 1957 1736 audemus,
1995 1686 2020 1724 s

2123 1685 2243 1724 cum
2284 1669 2568 1722 audiamus
2607 1668 2682 1722 eis
2727 1667 2973 1722 maledici
3013 1679 3059 1723 et
3097 1669 3342 1723 conuiciis
3381 1685 3468 1724 eos
3517 1670 3686 1724 delto-

424 1782 622 1835 nestari
652 1792 701 1835 et
728 1798 760 1835 a
791 1783 902 1836 suis
931 1789 982 1836 et
1014 1783 1078 1836 ab
1108 1783 1318 1849 alienis,
1352 1783 1637 1838 maledicos
1662 1799 1825 1854 neque
1849 1782 2247 1853 compescimus,
2282 1797 2443 1852 neque
2478 1781 2925 1852 reprehendimus,
2968 1799 3128 1852 neque
3167 1783 3526 1852 prohibemus.
3554 1782 3685 1838 limo

429 1905 577 1952 certe
607 1913 715 1953 non
743 1899 999 1953 videntur
1027 1915 1151 1954 esse
1179 1900 1322 1955 dicta
1355 1901 1736 1973 Clirysostomi
1757 1901 1870 1971 jam
1903 1901 2140 1972 episcopi
2170 1899 2758 1970 ConstantinOpolitani
2793 1916 2806 1952 :
2837 1915 3011 1970 neque
3040 1901 3184 1955 enim
3216 1901 3303 1956 ille
3332 1900 3442 1971 jam
3466 1899 3687 1969 episco-

427 2029 531 2084 pus
560 2017 870 2074 sacerdotes
894 2016 1037 2080 illus,
1075 2017 1166 2087 qui
1204 2016 1464 2072 conviciis
1499 2016 1917 2086 impetebunlur,
1961 2031 2278 2071 communes
2321 2023 2502 2084 patres
2544 2016 2905 2085 appellasset;
2959 2013 3068 2068 veri
3118 2023 3296 2068 autem
3330 2014 3567 2070 similius
3601 2025 3688 2070 est

373 2113 376 2118 ’
425 2140 576 2194 eum,
605 2145 730 2186 cum
763 2131 1007 2188 seniores
1043 2129 1298 2186 Ecclesia:
1333 2129 1688 2185 Antiochcnm
1717 2127 2027 2185 sacerdotes
2062 2130 2279 2200 probris
2310 2137 2565 2185 oneratos
2609 2137 2890 2193 cerneret,
2915 2127 3134 2182 eosdem
3176 2135 3390 2197 patrum
3436 2128 3557 2183 loco
3586 2122 3688 2182 lia-

429 2345 3151 2373 μψα-ῤ-ώ-ψ--ῌἭ-ᾠ,

1812 2445 1920 2516 ΙΝ
1967 2445 2311 2532 ILLUD,

638 2615 962 2662 SALUTATE
1006 2613 1377 2661 PRISCILLAM
1421 2615 1503 2659 nr
1547 2591 1826 2668 Aonium
1876 2596 2103 2678 (Rom.
2154 2595 2250 2657 16.
2297 2594 2412 2676 3),
2450 2615 2530 2656 ετ
2573 2615 2714 2667 ρυλε
2759 2614 3172 2671 seouumun,
3218 2617 3425 2662 διεπιΜο
3462 2619 3506 2662 ι.

1706 2756 2000 2773 *ἀρ-

485 2861 536 2915 1.
568 2859 633 2914 In
656 2860 923 2930 Scriptura
950 2859 1425 2931 nillilsuperﬂuum.
1455 2857 1600 2913 Unde
1636 2859 1847 2912 liwreses
1868 2867 2003 2912 nata:

413 2963 553 3008 sunt.
581 2983 652 2993 —
682 2953 871 3008 Multos
919 2952 1152 3007 arbitror
1205 2966 1269 3006 ex
1318 2951 1476 3006 vobis
1526 2952 1707 3005 mirari
1762 2952 2007 3006 lectionis

417 3046 730 3116 apostolica:
759 3045 931 3100 locum
958 3045 1137 3107 istum,
1179 3043 1263 3098 vel
1309 3043 1487 3114 potius
1533 3045 1708 3097 minus
1754 3059 2006 3099 necessa-

413 3137 548 3189 riam
570 3151 633 3189 ac
653 3149 1103 3202 supervacaneam
1122 3133 1318 3188 ducere
1339 3143 1542 3203 partem
1569 3133 1721 3187 istam
1745 3135 2005 3203 cpistolm,

417 3227 560 3295 quod
607 3226 953 3280 salutationes
1009 3235 1210 3280 tantum
1265 3225 1572 3294 frequentes
1608 3226 1880 3280 Labeatae
1906 3226 2007 3279 sibi

419 3318 647 3373 invicem
699 3317 1069 3372 succedentes.
1103 3320 1272 3383 Quam
1303 3317 1373 3372 ob
1417 3332 1632 3372 causam
1663 3327 1717 3372 ct
1756 3318 1869 3388 ipse
1909 3317 2007 3372 lio-

413 3410 602 3464 dierno
651 3409 739 3464 die
788 3425 1004 3465 cursum
1047 3409 1303 3464 orationis
1351 3408 1458 3463 alio
1513 3408 1755 3475 ﬂectens,
1809 3410 1877 3464 ab
1918 3411 2008 3464 illo

412 3497 685 3568 digressus
710 3509 1027 3569 argumento
1054 3500 1120 3554 ad
1171 3500 1270 3554 hoc
1299 3501 1565 3554 divertere
1593 3515 1710 3554 sum
1765 3511 2004 3571 paratus,

415 3599 472 3642 ut
503 3590 553 3643 in
586 3590 753 3644 sacris
782 3590 1066 3658 Scripturis
1094 3591 1222 3644 nihil
1273 3606 1726 3660 supervacaneum
1754 3607 1874 3647 esse
1919 3593 2002 3646 iii-

415 3679 663 3749 tclligatis
710 3689 766 3735 et
819 3697 924 3735 non
979 3681 1359 3746 necessarium,
1421 3683 1532 3738 sive
1583 3701 1742 3737 unum
1789 3684 1890 3737 iota
1915 3685 2002 3750 sit,

419 3771 533 3826 sive
559 3787 690 3840 apex
721 3788 873 3838 unus,
904 3772 1012 3827 imo
1041 3776 1199 3828 etiam
1227 3775 1454 3844 simplex
1481 3776 1731 3829 salutatio
1753 3791 2002 3846 magnum

415 3863 570 3917 nobis
621 3865 838 3933 pelagus
891 3866 1066 3935 aperit
1097 3869 1502 3921 sententiarum.
1529 3866 1665 3934 Quid
1695 3867 1837 3932 dico,
1871 3867 1970 3920 sim
1990 3895 2004 3905 -

414 3954 534 4022 plex
562 3955 850 4010 salutatio?
874 3955 1029 4026 Saepe
1063 3957 1146 4011 vel
1199 3957 1367 4012 litera:
1398 3957 1553 4011 unius
1597 3959 1834 4012 accessio
1866 3958 2004 4011 inte-

413 4060 566 4114 grtnn
613 4061 802 4116 agmen
850 4048 1236 4103 sententiarum
1285 4050 1510 4103 invexit.
1568 4049 1743 4119 Atque
1786 4049 1889 4104 hoc
1948 4049 2000 4103 in

416 4137 633 4190 nomine
661 4136 889 4190 ΑιιιιιιΙιίι⁵
922 4137 1104 4191 videre
1126 4137 1268 4192 licet.
1299 4141 1377 4191 An
1409 4154 1514 4192 non
1541 4140 1682 4193 enim
1713 4140 2001 4194 absurdum

413 4236 494 4280 est
517 4242 638 4279 eum
671 4227 908 4295 quidem,
939 4228 1027 4296 qui
1055 4228 1332 4296 epistolam
1379 4228 1648 4299 acceperit
1688 4231 1755 4283 ab
1803 4233 1997 4297 amico,

417 4332 522 4370 non
544 4331 737 4386 corpus
769 4325 970 4372 tantum
998 4318 1238 4385 cpistola:
1268 4319 1466 4389 legere,
1497 4321 1589 4376 sed
1616 4321 1776 4376 etiam
1805 4322 1855 4375 in
1899 4325 2002 4377 line

415 4408 638 4478 positam
669 4409 1064 4473 salutationem,
1096 4420 1253 4480 atque
1287 4411 1408 4466 inde
1454 4413 1685 4467 maxime
1724 4415 2000 4484 scriptoris

410 4498 654 4553 all‘ectum
683 4500 948 4568 eonjiccre
968 4541 983 4565 ,
1015 4517 1136 4556 cum
1168 4518 1296 4556 vero
1323 4504 1520 4558 scribat
1552 4504 1766 4572 Paulus,
1792 4508 1872 4561 vel
1901 4523 1998 4577 po-

409 4593 514 4646 tius
537 4609 640 4646 non
671 4593 884 4658 Paulus,
915 4593 1009 4649 sed
1055 4595 1282 4664 Spiritus
1326 4597 1496 4667 gratia
1524 4597 1689 4652 dictet
1715 4600 1996 4668 epistolam

406 4684 473 4736 ad
517 4684 772 4754 integram
801 4685 1069 4741 civitatem
1124 4703 1186 4741 ac
1213 4698 1413 4743 tantum
1471 4691 1743 4759 populum,
1800 4703 1853 4746 et
1901 4708 1997 4761 per

410 4776 531 4830 illos
553 4776 670 4829 orbi
695 4786 952 4830 terrarum
1004 4778 1274 4844 universo,
1307 4764 1764 4850 supervacaneum
1795 4783 1994 4852 aliquid

407 4883 618 4932 eorum,
641 4884 761 4938 qua:
785 4869 835 4922 in
867 4884 930 4924 ea
961 4879 1106 4934 sunt,
1137 4872 1386 4928 arbitrari
1433 4890 1604 4944 eaque
1635 4875 1997 4945 perfunctorie

406 4973 742 5028 percurrere,
772 4976 942 5031 neque
968 4963 1204 5032 cogitare
1259 4963 1396 5019 hanc
1447 4965 1516 5020 ob
1561 4981 1774 5022 causam
1816 4970 1992 5023 omnia

402 5064 602 5121 susque
633 5050 807 5121 deque
853 5053 1028 5107 verti?
1060 5055 1168 5108 Hoc
1213 5058 1355 5110 enim
1384 5065 1483 5120 est,
1515 5057 1616 5112 hoc
1641 5059 1820 5128 plane,
1851 5061 1992 5130 quod

403 5156 652 5214 magnam
683 5143 1057 5214 negligentiam
1086 5145 1240 5200 nobis
1285 5162 1348 5201 ac
1395 5159 1663 5218 torporem
1696 5151 1989 5220 ingenerat,

400 5237 541 5305 quod
574 5251 679 5290 non
729 5251 916 5291 omnes
960 5236 1263 5306 Szriptnras
1306 5240 1564 5310 legamus,
1613 5242 1707 5296 sed
1762 5259 1823 5297 ea
1873 5261 1992 5313 qme

401 5343 688 5383 censemus
731 5328 1043 5383 dilucidiora
1093 5330 1402 5400 seligamns,
1434 5343 1750 5387 cauerorum
1793 5335 1990 5390 nullam

399 5421 660 5473 rationem
714 5419 1024 5475 habt-amns.
1061 5422 1171 5476 lloc
1199 5423 1356 5477 etiam
1414 5423 1648 5480 barreses
1676 5427 1984 5487 introduxit.

397 5513 538 5582 quod
571 5523 738 5566 totum
766 5530 959 5585 corpus
1002 5517 1232 5570 nolimus
1278 5517 1569 5587 perlegere,
1623 5519 1868 5590 quodque
1896 5536 1987 5574 su-

397 5603 657 5672 perﬂuum
715 5607 910 5674 aliquid
963 5623 1022 5660 cs
1051 5623 1083 5662 e
1125 5610 1404 5678 minusque.
1457 5611 1813 5664 necessarium
1845 5613 1987 5667 arbi-

400 5702 622 5747 tremur.
655 5694 939 5765 Propterea
973 5714 1067 5751 nos
1092 5700 1142 5752 in
1174 5701 1272 5753 alia
1299 5700 1513 5769 quidem
1545 5703 1720 5754 omnia
1753 5702 1986 5758 studium

402 5799 556 5839 omne
583 5784 943 5854 conferimus,
987 5805 1092 5842 non
1123 5789 1172 5842 in
1221 5791 1488 5860 superﬂua
1520 5803 1743 5860 tantum,
1789 5795 1882 5851 scd
1930 5806 1983 5852 et

2005 2736 2422 2788 m—

2120 2855 2172 2909 in
2201 2869 2264 2909 ea
2285 2869 2404 2924 qua:
2431 2852 2636 2907 inutilia
2663 2859 2786 2905 sunt
2807 2860 2862 2905 et
2883 2852 3039 2905 noxia
3065 2868 3077 2905 :
3107 2851 3501 2922 Scripturarum
3526 2863 3706 2908 autem

2119 2947 2306 3016 peritia
2337 2945 2622 3016 negligitur
2639 2959 2701 2998 ac
2726 2943 3039 3012 despicitur.
3073 2945 3246 3014 Atque
3277 2945 3350 2998 illi
3375 2945 3704 3015 quidemqui

2115 3040 2427 3095 certaminis
2484 3053 2742 3108 equorum
2795 3036 3097 3107 spectacula
3131 3037 3194 3090 ad
3241 3046 3514 3106 stuporem
3542 3053 3708 3108 usque

2115 3133 2392 3196 mirantur,
2417 3140 2472 3186 et
2487 3145 2700 3195 nomen,
2719 3138 2772 3184 et
2785 3145 3022 3199 gregem,
3043 3138 3098 3184 et
3113 3143 3298 3198 genus,
3313 3138 3367 3183 ct
3391 3130 3635 3198 [Lati-iam,
3655 3139 3708 3185 et

2113 3222 2482 3277 educationem
2504 3236 2762 3291 equorum
2790 3220 3198 3290 diligentissime
3227 3229 3451 3290 possunt
3479 3220 3703 3284 referre,

2112 3323 2272 3385 atque
2311 3329 2482 3369 annos
2521 3316 2662 3380 vitm,
2693 3303 2986 3383 cursusque
3017 3313 3430 3379 vehementiam,
3483 3323 3538 3369 et
3589 3315 3708 3385 quis

2112 3423 2233 3464 cum
2265 3424 2372 3479 quo
2396 3409 2440 3464 si
2486 3407 2647 3462 fuerit
2668 3407 2966 3477 c0pulatus,
2993 3407 3270 3462 victoriam
3310 3407 3624 3478 reportabit,
3654 3415 3706 3462 et

2111 3501 2230 3572 quis
2261 3515 2430 3570 equus
2469 3517 2534 3555 ex
2566 3499 2649 3554 liis
2674 3499 2758 3554 vel
2808 3499 2910 3553 illis
2939 3499 3168 3553 emissus
3197 3500 3523 3564 carceribus,
3569 3509 3626 3554 et
3675 3514 3704 3552 a

2110 3607 2217 3661 quo
2242 3593 2286 3648 si
2313 3592 2575 3661 agitatore
2602 3599 2836 3660 regatur,
2868 3591 3046 3644 vincet
3077 3592 3128 3644 in
3149 3605 3328 3656 cursu,
3361 3598 3415 3645 et
3450 3591 3702 3645 adversa-

2109 3684 2246 3736 rium
2297 3683 2595 3737 antecedet.
2637 3681 2715 3736 llli
2749 3683 2908 3736 etiam
2957 3679 3049 3750 qui
3081 3680 3449 3736 Saltationibus
3492 3690 3700 3748 vacant,

2110 3775 2279 3828 nihilo
2306 3775 2568 3829 minorem
2599 3788 2755 3843 quam
2802 3773 2918 3838 isti,
2947 3771 3041 3826 sed
3073 3779 3128 3827 et
3155 3771 3412 3840 majorem
3433 3787 3557 3842 erga
3585 3771 3702 3825 illos

2110 3866 2199 3934 qui
2228 3865 2280 3919 in
2314 3864 2536 3918 theatris
2589 3863 2841 3918 indecore
2871 3877 2930 3917 se
2959 3871 3169 3931 gerunt,
3211 3862 3467 3916 insaniam
3498 3876 3608 3931 pra:
3644 3876 3703 3914 se

2108 3956 2304 4020 lerunt,
2357 3956 2548 4010 mimos
2597 3955 2718 4010 dico
2769 3964 2822 4009 et
2871 3953 3248 4019 saltatriculas,
3283 3953 3411 4008 dum
3447 3963 3501 4008 ct
3533 3969 3702 4024 genus

2109 4051 2340 4120 ipsarum
2371 4058 2424 4104 ct
2461 4049 2686 4118 patriam
2732 4057 2787 4102 et
2828 4046 3199 4103 educationem
3249 4058 3303 4102 et
3357 4047 3459 4103 alia
3511 4057 3699 4103 cuncta

2105 4149 2534 4199 commemorant
2563 4159 2575 4196 ε
2605 4157 2706 4196 nos
2731 4149 2907 4195 autem
2956 4141 3000 4195 si
3032 4141 3440 4210 interrogemur,
3478 4150 3603 4211 quot
3647 4149 3699 4195 et

2105 4253 2226 4306 quae
2252 4236 2398 4290 Pauli
2424 4235 2531 4288 sint
2551 4233 2815 4302 epistolae,
2847 4247 2914 4287 ne
2939 4248 3219 4287 numerum
3250 4231 3464 4301 quidem
3499 4233 3698 4288 scimus

2105 4327 2427 4398 exprimere.
2461 4325 2613 4392 Quod
2638 4324 2682 4379 si
2712 4323 2820 4379 sint
2850 4322 3088 4378 nonnulli
3109 4324 3195 4394 qui
3221 4339 3501 4379 numerum
3532 4339 3696 4379 nove—

2103 4425 2228 4482 rint,
2256 4434 2500 4490 quietiam
2535 4426 2714 4472 tamen
2762 4417 2924 4472 urbes
2952 4417 3206 4485 epistolas
3259 4419 3585 4485 acceperint,
3649 4419 3700 4473 si

2103 4511 2517 4580 interrogentur,
2551 4507 2676 4580 quid
2704 4509 2774 4564 sit
2821 4507 3252 4578 respondendum
3301 4509 3564 4579 ignorant.
3602 4510 3694 4565 At-

2102 4619 2206 4673 que
2238 4603 2398 4656 liomo
2445 4600 2660 4670 quidem
2689 4599 2965 4655 eunuchus
3011 4609 3067 4654 et
3103 4600 3362 4654 barbarus
3404 4600 3692 4656 innumeris

2100 4696 2244 4750 curis
2305 4695 2640 4764 negetiisque
2691 4692 2978 4747 distractus
3033 4692 3364 4758 innumeris,
3422 4693 3491 4745 ita
3546 4692 3692 4747 libris

2099 4788 2288 4841 al'lixus
2327 4796 2464 4852 erat,
2519 4795 2576 4839 ut
2622 4801 2689 4839 ne
2737 4783 2944 4838 itincr's
2980 4783 3194 4853 quidem
3245 4794 3484 4853 tempore
3527 4785 3689 4838 inter-

2098 4882 2418 4950 quiesceret,
2449 4879 2540 4934 sed
2570 4879 2623 4933 in
2665 4895 2830 4933 curru
2887 4877 3079 4934 sedens
3127 4877 3436 4948 diligentem
3476 4876 3687 4932 lectioni

2099 4973 2390 5042 Scriptura:
2447 4986 2666 5042 operam
2718 4971 2873 5025 daret
2921 4969 3070 5041 (Act.
3111 4968 3165 5023 8.
3210 4967 3300 5022 27.
3343 4968 3518 5039 seqq.)
3553 4984 3689 5024 τινες

2097 5076 2276 5124 autem
2315 5065 2405 5134 qui
2437 5080 2504 5119 ne
2529 5064 2746 5117 minima
2773 5063 2987 5133 quidem
3020 5069 3168 5130 parte
3212 5060 3351 5114 illius
3389 5061 3687 5130 occupatio.

2097 5172 2223 5210 num
2257 5169 2526 5224 urgemur,
2551 5153 2633 5208 vel
2664 5153 2791 5222 ipsis
2819 5150 3122 5205 nominibus
3147 5149 3492 5218 epistularum
3521 5159 3684 5203 terre-

2094 5263 2234 5309 mur,
2264 5244 2423 5315 idqnc
2455 5259 2575 5298 cum
2618 5242 2838 5312 singulis
2867 5241 3056 5295 diebus
3085 5239 3366 5294 dominicis
3407 5239 3509 5292 huc
3563 5254 3684 5293 cou-

2095 5337 2398 5400 veniamus,
2445 5343 2498 5388 et
2541 5333 2707 5388 sacris
2743 5330 3058 5386 lectionibus
3086 5327 3365 5383 audiendis
3412 5342 3681 5382 vacemus.

2097 5426 2289 5483 Verum
2331 5427 2474 5479 enim
2525 5439 2653 5479 vero
2682 5439 2750 5477 ne
2782 5423 2832 5476 in
2869 5422 3036 5477 solam
3069 5419 3539 5490 reprehens'oncm
3570 5434 3707 5474 scr»

2093 5535 2306 5574 monent
2355 5517 2746 5587 impendamus,
2799 5530 2896 5586 age
2949 5515 3322 5569 salutationem
3354 5515 3541 5581 ipsam,
3571 5527 3683 5584 qnze

2091 5623 2485 5680 supervacanea
2517 5608 2726 5662 videtur
2754 5621 2873 5661 esse
2915 5616 3076 5675 atque
3115 5605 3436 5673 importuna,
3489 5605 3539 5658 in
3571 5619 3680 5657 me-

2090 5702 2237 5758 dium
2281 5700 2628 5755 adducamus.
2682 5699 2736 5753 Si
2793 5699 2935 5753 enim
2988 5696 3304 5767 explicetur,
3368 5707 3423 5750 et
3489 5698 3680 5750 IlllllL‘lS

2090 5794 2425 5862 ostendatur,
2456 5807 2614 5865 quam
2641 5792 2778 5864 parit
2811 5791 2877 5848 iis
2918 5793 3006 5864 qui
3034 5791 3316 5864 diligenter
3337 5790 3676 5852 attenderint,
