4006 6410
244 311 338 367 187
967 309 1033 366 IN
1076 311 1304 380 lLLUD,
1351 313 1720 370 SALUTATE
1760 316 2173 378 PlilSClLLAM
2214 322 2302 378 ET
2339 324 2675 392 AQUILAM.
2715 331 2757 385 l.

3385 343 3488 401 l8?

1159 615 1548 678 SALUTATE
1582 620 2031 682 PRISCILLAM
2070 624 2165 684 ET
2197 626 2555 698 AQUILAM.

240 778 440 842 buisse,
466 778 656 848 sicque
690 780 1012 850 appellasse.
1037 782 1092 838 In
1124 783 1275 840 hisce
1309 798 1474 854 porro
1504 783 1717 840 duabus
1749 785 1988 841 homiliis
2019 788 2068 842 id
2112 790 2486 852 demonstrare
2533 799 2726 854 nititur
2767 802 3212 877 Chrysostomus,
3247 813 3394 880 quod
3424 823 3480 868 et

237 889 361 945 alibi
404 890 738 961 frequenter,
771 893 1030 948 nimirum
1085 896 1490 965 inscriptiones,
1542 899 1767 954 nomina
1811 901 2065 971 propria,
2115 905 2490 976 salutationes,
2534 911 2782 985 aliasque
2829 923 3181 988 quantumvis
3228 925 3486 981 minimas

236 1012 526 1082 Scriptura:
554 1026 722 1067 sacra:
746 1013 1063 1082 particulas,
1102 1030 1208 1070 non
1240 1032 1694 1087 supervacaneas,
1725 1019 1818 1074 sed
1844 1020 2129 1091 diligenter
2168 1026 2523 1082 excutiendas
2571 1044 2730 1085 esse:
2768 1047 2893 1088 cum
2942 1050 3074 1090 vero
3104 1036 3486 1107 inscriptiones

232 1137 281 1184 et
311 1129 538 1184 nomina
553 1141 947 1187 commemorat
966 1133 1124 1188 initio
1151 1136 1405 1190 secundae
1421 1136 1630 1202 dicens,
1649 1133 1795 1207 Ἀρα

1898 1139 2052 1194 ίιθετε
2084 1144 2180 1196 καὶ
2211 1145 2550 1216 ἐπιγραφὰς,
2579 1148 2672 1201 καὶ
2698 1151 2962 1222 ὀνόματα,
2995 1155 3089 1206 καὶ
3122 1155 3284 1226 ψιλὰς
3322 1176 3480 1232 περι-

232 1244 559 1318 εργάζεσθαι
592 1249 946 1320 προσρήσεις,
989 1249 1133 1304 Num
1178 1251 1441 1306 didicistis
1493 1262 1545 1306 et
1592 1255 1791 1324 inscrip

1898 1272 1983 1323 res,
2016 1267 2066 1312 et
2095 1261 2331 1328 nomina,
2363 1273 2412 1316 et
2436 1265 2701 1336 simplices
2733 1268 3082 1326 salutationes
3121 1271 3400 1344 diligenter
3425 1276 3479 1328 in

228 1359 522 1431 Scripturis
561 1364 908 1429 excutienda;
953 1381 1102 1432 cum,
1145 1367 1394 1440 inquam,
1440 1370 1846 1440 inscriptiones,
1893 1384 1949 1428 et
1993 1375 2240 1442 nomina,
2288 1377 2342 1434 id
2391 1389 2508 1447 est,
2547 1383 2767 1438 nomina
2812 1386 3028 1455 propria
3068 1402 3480 1458 commemorat,

229 1481 574 1538 subindicare
603 1497 828 1553 prorsus
859 1483 1072 1540 videtur
1106 1493 1340 1556 quatuor
1371 1485 1659 1556 Homilias,
1696 1506 1835 1560 quas
1867 1490 1936 1548 de
1968 1492 2324 1566 inscriptione
2356 1497 2588 1554 Aetuum
2622 1501 2798 1572 deque
2826 1504 2947 1558 aliis
2977 1502 3276 1576 Scriptura:
3313 1522 3475 1566 sacra:

230 1603 700 1673 inscriptionibus,
734 1620 946 1661 necnon
981 1616 1215 1678 quatuor
1236 1609 1373 1665 alias
1397 1625 1536 1682 quas
1555 1612 1624 1668 de
1655 1613 1994 1684 nominibus,
2024 1630 2088 1672 ac
2115 1617 2183 1674 de
2209 1621 2489 1676 nominum
2529 1624 2827 1680 mutatione
2865 1627 3166 1684 Antiochiae
3199 1628 3458 1684 habuerat

233 1714 384 1773 Unde
406 1717 571 1772 etiam
595 1719 807 1776 eruitur
829 1721 996 1778 hasce
1022 1723 1162 1780 duas
1187 1725 1444 1784 homilias
1472 1729 1779 1785 Antiochiae
1805 1731 2020 1794 habitas
2051 1733 2221 1792 fuisse
2251 1756 2265 1791 :
2301 1752 2450 1804 nam,
2489 1749 2549 1794 ut
2580 1740 2768 1811 liquet,
2801 1743 3050 1798 eumdem
3082 1745 3169 1800 ille
3197 1745 3478 1815 populum,

229 1832 313 1901 qui
339 1844 670 1891 memoratas
697 1837 944 1892 audierat
972 1839 1252 1910 homilias,
1290 1845 1612 1917 alloquitur.

292 1946 502 2006 Prioris
542 1951 780 2009 humilia;
817 1954 1191 2026 interpretatio
1233 1957 1425 2016 Latina
1457 1973 1538 2019 est
1569 1961 1862 2021 Frontonis
1894 1966 2090 2032 Ducaei,
2127 1970 2444 2039 posterioris
2495 1989 2625 2030 vero
2668 1975 2999 2045 Sigismundi
3039 1975 3265 2046 Geleuii,
3316 1995 3477 2048 quam

232 2063 412 2120 multis
454 2064 509 2119 in
543 2065 681 2122 locis
711 2067 1120 2140 castigavimus.

243 2284 3454 2322 Mm

1517 2421 1668 2496 “7’1
1714 2433 1887 2518 ΕΙΣ
1941 2437 2090 2519 ΤΟ

778 2719 798 2755 ι
818 2703 1205 2762 Ἀσπάσασθε
1246 2705 1628 2775 Πρίσκιλλαν
1675 2704 1772 2758 καί
1821 2706 2126 2772 Ἂκύλαν,›
2153 2705 2251 2761 καὶ
2303 2707 2375 2763 τὰ
2401 2707 2566 2778 ἑξῆς,
2592 2712 2774 2782 λόγος
2793 2719 2864 2768 ον.

271 3065 339 3116 α’.
363 3057 608 3122 Πολλοὺς
633 3058 788 3131 ὑμῶν
816 3057 967 3129 οἶμαι
996 3059 1298 3132 θαυμάζειν
1326 3061 1418 3114 ἐπὶ
1445 3061 1542 3134 τὴν
1576 3078 1796 3132 περικο-

211 3144 312 3213 πὴν
341 3145 448 3216 τῆς
471 3145 840 3215 ἀποπολικῆς
865 3145 1227 3214 ἀναγνώσεως
1253 3146 1479 3218 ταύτης,
1517 3147 1717 3217 μᾶλλον
1737 3146 1795 3199 δὲ

215 3227 485 3298 πάρεργον
510 3228 874 3296 ἡγεῖσθαικαὶ
901 3229 1154 3300 περιττὸν
1182 3231 1340 3284 τοῦτο
1371 3231 1474 3301 τῆς
1505 3231 1795 3300 ἐπιπολῆς

204 3310 260 3362 τὸ
284 3311 477 3382 μέρος,
504 3311 593 3365 διὰ
618 3311 681 3365 τὸ
711 3313 1044 3385 προσρήσεις
1079 3313 1222 3383 ἔχειν
1256 3314 1415 3384 μόνον
1437 3316 1680 3386 συνεχεῖς
1702 3314 1796 3366 καὶ

205 3395 568 3466 ἐπαλλήλους.
600 3397 692 3450 Διὸ
727 3396 791 3469 δὴ
823 3398 918 3450 καὶ
958 3397 1120 3460 αὐτὸς
1145 3397 1380 3469 ἑτέρωσε
1417 3401 1656 3470 τήμερον
1685 3398 1796 3468 ὼρο

205 3479 472 3550 μημένος,
519 3480 762 3544 ἀποστὰς
792 3479 1010 3551 ἐκείνης
1048 3481 1148 3551 τῆς
1191 3480 1525 3544 ὑποθέσεως,
1555 3483 1634 3544 εἰς
1665 3480 1796 3535 ταύ-

200 3577 294 3632 την
325 3562 585 3617 καθεῖναι
629 3563 1147 3633 παρασκευάζομαι,
1178 3563 1264 3614 ἵνα
1306 3562 1538 3633 μάθητε,
1575 3564 1657 3616 ὅτι
1686 3562 1794 3616 τῶν

199 3642 354 3699 θείων
394 3644 636 3717 Γραφῶν
665 3646 816 3699 οὐδὲν
851 3644 1127 3716 περιττὸν,
1151 3644 1302 3697 οὐδὲν
1343 3645 1621 3715 πάρεργόν
1655 3647 1792 3709 ἐστι,

197 3731 298 3784 κᾶν
333 3732 476 3785 ίῶτα
496 3731 574 3797 ἒν,
607 3731 709 3786 κᾶν
744 3732 843 3802 μία
875 3731 1074 3802 κεραία
1105 3729 1160 3805 ᾖ,
1185 3730 1320 3784 ἀλλά
1348 3731 1443 3785 καὶ
1468 3731 1597 3802 ψιλὴ
1626 3731 1795 3802 πρόσ-

197 3831 354 3882 ρησις
381 3813 528 3867 πολὺ
561 3814 796 3882 πέλαγος
838 3816 972 3886 ἡμῖν
1005 3814 1213 3882 ἀνοίγει
1245 3814 1553 3883 νοημάτων.
1590 3814 1700 3867 Καὶ
1741 3813 1794 3866 τί

195 3895 352 3966 λέγω,
389 3896 532 3968 ψιλὴ
561 3897 904 3970 πρόσρησις;
935 3896 1202 3961 Πολλάκις
1228 3896 1319 3950 καὶ
1361 3896 1479 3961 ἐνὸς
1529 3899 1792 3967 στοιχείου

195 3979 491 4051 προσθήκη
527 3979 822 4050 ὀλόκληρον
878 3980 1166 4050 νοημάτων
1221 3981 1486 4049 εἰσήγαγε
1543 3978 1792 4050 δύναμιν.

198 4059 298 4114 Καὶ
343 4062 518 4115 τοῦτο
554 4062 648 4114 ἐπὶ
673 4063 772 4132 τῆς
806 4061 898 4115 τοῦ
943 4062 1193 4134 ’Δϐραὰμ
1241 4061 1614 4132 προσηγορίας
1647 4061 1795 4115 ἔστιν

201 4145 346 4200 ἰδεῖν.
377 4148 513 4210 Πῶς
547 4146 657 4217 γὰρ
693 4147 794 4200 οῦκ
822 4145 1021 4200 ἄτοπον
1073 4146 1226 4218 παρά
1260 4146 1416 4215 φίλου
1449 4146 1547 4216 μὲν
1575 4149 1795 4199 ἐπιστο-

195 4228 289 4300 λὴν
323 4230 640 4300 δεχόμενον,
681 4229 756 4302 μὴ
783 4229 843 4283 τὸ
884 4230 1043 4301 σῶμα
1077 4229 1178 4300 τῆς
1209 4228 1502 4300 ἐπιστολῆς
1528 4228 1796 4298 ἀναγινώο

196 4327 346 4365 σχειν
378 4313 566 4383 μόνον,
598 4313 734 4366 ἀλλὰ
757 4314 851 4366 καὶ
872 4314 973 4383 τὴν
999 4313 1150 4366 κάτω
1173 4312 1433 4383 κειμένην
1466 4313 1790 4384 πρόσρησιν,

194 4398 458 4452 κάκεῖθεν
500 4397 737 4468 μάλιστα
767 4396 1126 4468 στοχάζεσθαι
1176 4397 1278 4467 τὴν
1320 4397 1416 4450 τοῦ
1454 4397 1796 4468 γεγραφότος

193 4480 460 4543 διάθεσιν,
517 4481 729 4536 Παύλου
781 4482 838 4535 δὲ
879 4482 1201 4552 γράφοντος,
1256 4479 1456 4551 μᾶλλον
1493 4479 1550 4533 δέ
1589 4479 1650 4532 ού
1699 4477 1794 4532 τοῦ

197 4564 439 4629 Παύλου,
477 4564 616 4618 ἀλλά
651 4565 754 4636 τῆς
781 4566 874 4619 τοῦ
909 4565 1228 4636 Πνεύματος
1281 4563 1504 4634 χάριτος
1539 4563 1640 4634 τὴν
1675 4563 1796 4615 ἐπι-

196 4647 396 4719 στολὴν
456 4647 908 4720 ὑπαγορευούσης
966 4648 1245 4720 ὁλοκλήρῳ
1287 4648 1440 4700 πόλει
1503 4646 1597 4699 καὶ
1639 4645 1796 4717 δήμῳ

192 4732 463 4801 τοσούτῳ.
500 4733 594 4786 καὶ
626 4731 694 4785 δι’
724 4732 948 4787 ἐκείνων
993 4735 1060 4804 τῇ
1103 4732 1398 4803 οἰκουμένῃ
1428 4729 1602 4802 πάσῃ,
1637 4728 1796 4800 νομί-

193 4815 310 4879 ζειν
337 4815 604 4886 περιττόν
630 4833 683 4867 τι
715 4812 854 4870 εἷναι
909 4815 1018 4869 τῶν
1066 4814 1422 4885 ἐγκειμένων,
1450 4812 1573 4869 ,καὶ¹
1621 4828 1798 4882 παρα-

195 4897 417 4968 τρέχειν
455 4897 665 4961 ἀπλῶς,
707 4899 802 4951 καὶ
835 4901 910 4968 μὴ
949 4900 1170 4962 ἐννοεῖν,
1205 4899 1288 4950 ὅτι
1317 4895 1488 4954 ταῦτα
1521 4895 1700 4949 πάντα
1728 4893 1800 4947 τά

194 4981 308 5034 ἂνω
341 4982 500 5036 κάτω
537 4981 804 5053 πεποίηκε
829 4998 844 5046 ;
874 4981 1046 5034 Τοῦτο
1074 4983 1183 5051 γάρ
1216 4983 1354 5045 ἐστι,
1395 4981 1576 5045 τοῦτο,
1606 4978 1636 5031 δ
1667 4978 1796 5033 πολ-

194 5063 296 5132 λῆς
334 5063 618 5134 ῥᾳθυμίας
663 5066 811 5134 ἡμᾶς
853 5064 1140 5135 ἐνέπλησε,
1172 5065 1232 5118 τὺ
1273 5063 1348 5135 μὴ
1373 5062 1554 5125 πάσας
1585 5061 1798 5114 ἐπιέναι

194 5149 293 5214 τὰς
319 5150 573 5222 Γραφάς,
607 5150 720 5204 ἀλλ’
753 5151 789 5204 ἃ.
821 5149 1113 5221 νομίζομεν
1141 5147 1280 5201 εἶναι
1307 5147 1637 5216 σαφέστερα,
1665 5145 1798 5199 ταῦ-

194 5251 263 5286 τα
297 5234 723 5304 ἐκλεγομένους,
750 5235 858 5288 τῶν
885 5235 1062 5288 ἄλλων
1093 5233 1295 5304 μηδένα
1322 5229 1592 5285 ποιεῖσθαι
1614 5227 1792 5295 λόγον.

194 5316 372 5372 Τοῦτο
405 5321 504 5371 καὶ
546 5319 648 5383 τὰς
693 5320 934 5390 αἱρέσεις
982 5319 1265 5389 εἰσήγαγε,
1295 5314 1356 5368 τὸ
1395 5315 1469 5384 μὴ
1512 5309 1798 5382 βούλεσθαι

197 5403 348 5454 ἅπαν
375 5401 596 5455 ἐπιέναι
622 5401 684 5456 τὸ
711 5402 891 5474 σῶμα,
924 5403 986 5456 τὸ
1013 5400 1255 5472 νομίζειν
1293 5393 1433 5452 εἶναί
1461 5415 1512 5449 τι
1545 5395 1798 5466 περιττὸν

199 5485 296 5538 καὶ
342 5485 647 5556 πάρεργον.
680 5487 780 5540 Διὰ
807 5487 966 5540 τοῦτο
1011 5487 1081 5539 τά
1115 5486 1213 5558 μὲν
1246 5482 1379 5539 ἄλλα
1411 5481 1626 5536 ἅπαντα
1665 5480 1799 5549 ἡμῖν

197 5567 652 5636 διεσπούδασται,
679 5570 800 5641 οὐχὶ
831 5570 901 5624 τὰ
945 5568 1176 5641 περιττά
1221 5567 1402 5638 μόνον,
1431 5563 1568 5617 ἀλλὰ
1606 5562 1700 5615 καὶ
1725 5560 1794 5614 τὰ

193 5651 442 5724 ἀνόνητα
473 5652 566 5706 καὶ
616 5653 884 5723 βλαϐερά·
916 5653 1025 5706 τῶν
1073 5650 1306 5724 Γραιρῶν
1337 5649 1394 5703 δὲ
1447 5649 1480 5720 ἡ
1531 5647 1795 5719 ἐμπειρία

198 5734 482 5807 ἠμέληται
514 5737 606 5788 καὶ
641 5737 962 5807 παρῶπται·
999 5736 1094 5789 καὶ
1120 5737 1170 5790 οἱ
1205 5736 1302 5808 μὲν
1348 5733 1484 5806 πρὸς
1523 5731 1621 5803 τὴν
1663 5731 1795 5784 θεω-

523 5832 798 5898 Ριτιιοι..
829 5833 950 5897 Gn.
991 5833 1092 5896 ιι.

1901 3062 2023 3133 ρίαν
2050 3062 2152 3133 τῆς
2189 3061 2299 3116 τῶν
2333 3062 2514 3119 ἵππων
2561 3067 2793 3140 ἁμίλλης
2847 3067 3192 3140 ἐπτοημένοι,
3238 3070 3333 3121 καὶ
3369 3069 3490 3124 δνό-

1902 3162 2067 3215 ματα,
2092 3145 2185 3198 καὶ
2215 3146 2440 3219 ἀγέλην,
2489 3151 2584 3204 καὶ
2607 3151 2784 3220 γένος,
2809 3153 2903 3206 καὶ
2932 3150 3187 3221 πατρίδα,
3223 3153 3318 3204 καὶ
3352 3154 3488 3208 ἀνα-

1896 3227 2102 3299 τροφὴν
2141 3228 2251 3280 τῶν
2285 3229 2466 3284 ἵππων
2512 3232 2729 3304 ἔχουσιν
2785 3236 2961 3288 εἰπεῖν
3015 3237 3157 3304 μετά
3198 3235 3489 3306 ἀκριϐείας

1899 3311 2137 3382 ἀπάσης,
2163 3311 2257 3364 καὶ
2287 3313 2380 3383 ἔτη
2412 3313 2577 3386 ζωῆς,
2627 3318 2724 3369 καὶ
2767 3317 3050 3384 ἐνεργείας
3103 3317 3340 3388 δρόμων,
3392 3319 3488 3375 καὶ

1896 3396 1982 3458 τίς
2030 3394 2136 3448 τίνι
2189 3397 2615 3468 συνταττόμενος
2655 3400 2755 3469 τὴν
2789 3399 2946 3470 νίκην
3003 3401 3333 3471 ἀρπάσεται,
3390 3403 3486 3455 καὶ

1897 3482 2052 3543 ποῖος
2099 3480 2265 3544 ἵππος
2306 3481 2371 3534 ἐκ
2416 3482 2577 3546 ποίας
2628 3483 2853 3553 ἀφεθεὶς
2898 3483 3168 3554 βαλϐῖδος,
3223 3484 3319 3536 καὶ
3363 3483 3486 3537 τίνα

1897 3562 2035 3634 ἔχων
2067 3563 2301 3634 ἡνίοχον,
2334 3565 2620 3636 περιέσται
2645 3566 2739 3620 106
2755 3567 2978 3638 δρόμου,
3000 3568 3096 3621 καὶ
3117 3567 3208 3620 τὸν
3237 3566 3486 3638 ἀντίτεχ-

1896 3667 1986 3704 νον
2019 3649 2483 3721 παραδραμεῖται.
2533 3652 2645 3704 Καὶ
2681 3653 2731 3704 οί
2779 3652 2908 3721 περὶ
2939 3650 3039 3721 τὴν
3071 3651 3384 3722 ὀρχήστραν
3428 3653 3486 3706 δέ

1895 3730 2274 3803 ἐσχολακότες,
2306 3731 2407 3784 οὐκ
2454 3732 2661 3786 ἐλάττω
2706 3732 2930 3797 τούτων,
2973 3732 3110 3787 ἀλλά
3165 3735 3260 3786 καὶ
3315 3733 3485 3788 πλείω

1899 3815 2093 3886 μανίαν
2116 3813 2266 3886 [175]
2290 3815 2418 3886 περὶ
2444 3814 2570 3877 τοὺς
2596 3817 2655 3868 ἐν
2680 3817 2794 3880 τοῖς
2826 3815 3076 3886 θεάτροις
3110 3815 3486 3886 ἀσχημονοῦν-

1895 3917 1993 3963 τας
2016 3899 2434 3961 ἐπιδείκνυνται,
2475 3899 2675 3969 μίμους
2702 3899 2847 3968 λέγω
2872 3899 2968 3954 καὶ
2997 3897 3353 3970 ὀρχηστρίας,
3391 3899 3486 3951 καὶ

1896 3983 2050 4050 γένος
2080 3981 2282 4044 αὐτῶν,
2321 3981 2416 4036 καὶ
2451 3982 2708 4053 πατρίδα,
2758 3984 2854 4036 κα)⁴
2897 3981 3231 4054 ἀνατροφὴν,
3267 3979 3362 4034 καὶ
3416 3981 3486 4034 τὰ

1895 4065 2032 4119 ἄλλα
2075 4066 2253 4119 πάντα
2307 4064 2734 4132 καταλέγοντες
2792 4065 2954 4136 ἡμεῖς
3007 4065 3066 4117 δέ
3116 4061 3483 4134 ἐρωτώμενοι,

1895 4148 2110 4210 ὁπόσαι,
2134 4149 2226 4202 καὶ
2251 4148 2396 4211 τίνες
2431 4149 2567 4201 εἰσὶν
2588 4151 2644 4202 αἱ
2674 4149 2890 4203 Παύλου
2920 4148 3222 4213 ἐπιστολαὶ,
3250 4147 3370 4200 οὐδὲ
3395 4146 3485 4200 τὸν

1896 4230 2128 4303 ἀριθμὸν
2163 4231 2320 4301 ίσμεν
2358 4231 2551 4284 εἰπεῖν.
2589 4232 2652 4284 Ei
2697 4231 2755 4285 δέ
2792 4249 2937 4296 τινες
2967 4232 3062 4284 καὶ
3096 4227 3206 4284 εἷεν
3246 4230 3338 4284 τὸν
3367 4231 3484 4300 ἀρι-

1899 4312 2036 4383 θμὸν
2070 4313 2444 4382 ἐπιστάμενοι,
2475 4313 2611 4368 ἀλλά
2641 4314 2740 4378 τάς
2768 4315 2967 4377 πόλεις,
3002 4314 3060 4367 αἳ
3077 4313 3175 4376 τὰς
3197 4311 3488 4374 ἐπιστολὰς

1897 4397 2164 4464 ἐδέξαντο,
2215 4397 2420 4461 ταύτας
2475 4396 2820 4468 ἐρωτώμενοι
2853 4397 3173 4468 διαποροῦσι
3219 4396 3356 4467 πρὸς
3385 4394 3484 4466 τὴν

1897 4480 2186 4552 ἐρώτησιν.
2214 4481 2324 4533 Καὶ
2345 4479 2630 4550 ἄνθρωπος
2654 4480 2754 4550 μὲν
2785 4478 3039 4549 εὐνοῦχος
3065 4478 3158 4532 καὶ
3187 4477 3482 4551 βάρϐαρος,

1900 4565 2127 4636 μυρίαις
2161 4562 2439 4636 φροντίσιν
2471 4563 2577 4616 ὑπὸ
2623 4563 2834 4634 μυρίων
2886 4561 3176 4633 ἑλκόμενος
3221 4561 3487 4632 πραγμά·

1896 4663 2026 4712 των,
2064 4647 2207 4700 οὕτω
2239 4645 2562 4717 προσέκειτο
2615 4645 2857 4716 βιϐλίοις,
2895 4645 2970 4708 ὡς
3016 4645 3149 4715 μηδέ
3197 4645 3338 4700 κατά
3391 4645 3486 4699 τὴν

1898 4728 2091 4799 καιρὸν
2123 4730 2220 4799 τῆς
2254 4728 2564 4797 ὁδοιπορίας
2596 4725 2910 4798 ἡσυχάζειν,
2950 4727 3064 4781 ἀλλ’
3097 4730 3185 4781 ἐπ’
3207 4730 3486 4800 ὀχήματος

1899 4811 2231 4882 καθήμενος,
2267 4810 2550 4880 ἐγκεῖσθαι
2581 4809 2720 4881 μετὰ
2746 4810 2950 4880 πολλῆς
2975 4811 3074 4882 τῆς
3099 4812 3390 4882 ἀκριϐείας
3414 4815 3486 4886 τῇ

1898 4893 2010 4947 τῶν
2032 4894 2192 4946 Θείων
2222 4893 2454 4967 Γραφῶν
2481 4892 2787 4960 ἀναγνώσει
2810 4910 2823 4924 ⁸
2857 4895 3019 4965 ἡμεῖς
3043 4893 3102 4948 δὲ
3123 4894 3246 4948 ούδέ
3267 4895 3329 4948 τὸ
3357 4895 3489 4947 πολ-

1899 4976 2088 5030 λοστὸν
2127 4976 2293 5048 μέρος
2337 4977 2436 5043 τῆς
2465 4977 2723 5046 ἀσχολίας
2747 4976 2960 5047 ἔχοντες
2978 4977 3077 5048 τῆς
3115 4978 3350 5045 ἐκείνου,
3391 4979 3489 5031 καὶ

1901 5062 2038 5132 πρὸς
2087 5060 2157 5114 τὰ
2199 5061 2440 5131 ὀνόματα
2475 5061 2585 5115 τῶν
2638 5060 2943 5116 ἐπιστολῶν
2994 5059 3336 5132 ξενιζόμεθα,
3391 5063 3488 5116 καὶ

1899 5144 2071 5198 ταῦτα
2101 5143 2220 5196 καθ’
2241 5143 2479 5214 ἑκάστην
2507 5144 2777 5214 κυριακὴν
2804 5143 3040 5197 ἐνταῦθα
3078 5145 3485 5214 συλλεγόμενοι.

1901 5227 1994 5280 καὶ
2023 5226 2172 5290 θείας
2200 5225 2566 5290 ἀπολαύοντες
2593 5229 2932 5299 ἀκροάσεως.
2982 5227 3143 5283 Ἀλλὰ
3160 5229 3267 5298 γὰρ
3293 5228 3380 5280 ἵνα
3409 5227 3486 5296 μὴ

1903 5309 2064 5379 μόνον
2104 5311 2184 5372 είς
2211 5309 2533 5381 ἐπιτίμησιν
2565 5310 2657 5363 τὸν
2705 5310 2862 5380 λόγον
2910 5309 3300 5380 ἀναλώσωμεν,
3325 5307 3486 5376 φέρε,

1899 5393 1998 5464 τὴν
2030 5392 2335 5464 πρόσρησιν
2364 5393 2534 5466 αὐτὴν
2577 5394 2676 5467 τὴν
2723 5394 2984 5448 δοκοῦσαν
3037 5391 3176 5448 εἶναι
3221 5389 3488 5462 περιττὴν

1902 5479 1996 5531 καὶ
2028 5477 2400 5548 παρενοχλεῖν,
2435 5481 2516 5542 είς
2541 5479 2705 5549 μέσον
2747 5478 3062 5547 ἀγάγωμεν.
3110 5476 3483 5529 Ἀναπτυσσο-

1905 5561 2076 5632 μένης
2111 5559 2222 5631 γὰρ
2253 5561 2423 5630 αὐτῆς
2462 5561 2557 5614 καὶ
2589 5559 2938 5630 δεικνυμένου
2963 5557 3059 5610 τοῦ
3103 5557 3332 5628 κέρδους
3359 5559 3486 5613 ὅσον

1898 5645 2128 5714 παρέχει
2157 5647 2270 5706 τοῖς
2299 5644 2658 5716 προσέχουσιν
2687 5642 2824 5713 αὐτῇ
2855 5639 2991 5712 μετά
3022 5639 3328 5713 ἀκριϐείας,
3362 5643 3486 5698 τότε

1901 5726 2104 5799 μείζων
2135 5725 2285 5779 ἔσται
2315 5723 2617 5797 κατηγορία
2641 5727 2755 5787 τοῖς
2782 5722 3044 5789 ἀμελοῦσι
3070 5723 3341 5779 τοσούτων
3388 5719 3487 5789 θη-

3070 5825 3146 5886 12
