4006 6418
287 378 386 436 189

284 503 392 548 tum
442 489 612 561 majus
651 503 836 545 eorum
893 489 1095 542 crimen
1140 487 1418 557 apparebit
1462 496 1514 540 et
1557 485 1748 554 culpa,
1790 486 1878 551 qui

284 594 462 640 mutos
483 593 832 639 contemnunt
863 582 1163 646 thesauros,
1187 593 1239 637 et
1262 582 1565 652 spirituales
1590 597 1618 631 e
1639 577 1882 631 manibus

283 693 417 748 opes
436 677 714 745 abjiciunt.
742 676 997 744 Quasnam
1024 675 1180 743 igitur
1209 683 1290 726 est
1319 671 1596 726 salutatio?
1627 669 1881 733 Salutate,

285 770 478 840 inquit,
514 768 803 822 Priscillam
829 778 873 821 et
896 767 1126 833 Aquilam
1148 766 1404 835 adjutores
1432 781 1565 818 meos
1591 764 1642 816 in
1670 762 1886 816 Domino

286 861 479 932 (Rom.
508 861 594 915 l6.
643 858 739 930 5).
783 858 970 913 Nonne
1024 858 1234 912 videtur
1282 855 1419 911 nuda
1467 855 1708 925 quaedam
1766 868 1887 908 esse

285 951 573 1012 salutatio.
627 966 802 1020 neque
849 950 1135 1020 quidquam
1181 963 1430 1019 magnum
1490 957 1583 1000 aut
1629 945 1884 1000 eximium

283 1041 441 1097 nobis
467 1041 742 1096 indicare?
767 1042 878 1111 Age
922 1041 1079 1110 igitur
1125 1041 1176 1093 in
1201 1054 1318 1094 eam
1347 1039 1514 1092 solam
1550 1046 1712 1092 totam
1750 1035 1887 1090 hanc

285 1132 792 1202 sermocinationem
825 1131 1236 1201 impendamus:
1268 1131 1376 1183 imo
1432 1144 1562 1183 vero
1617 1145 1682 1182 ne
1729 1127 1888 1182 hodie

284 1222 506 1292 quidem
548 1223 845 1292 poterimus
874 1221 1024 1276 vobis
1054 1221 1319 1274 involutas
1348 1220 1553 1289 exiguis
1592 1219 1709 1273 istis
1738 1218 1886 1273 voci-

285 1316 389 1369 bus
417 1315 686 1384 explicare
709 1315 1024 1378 sententias,
1049 1315 1142 1369 sed
1175 1314 1228 1368 in
1258 1314 1490 1368 alterum
1531 1312 1671 1368 diem
1705 1329 1887 1368 reser-

282 1423 417 1462 vare
445 1407 597 1462 vobis
623 1423 846 1463 necesse
873 1417 953 1461 est
974 1405 1482 1478 contemplationum
1509 1406 1746 1474 copiam,
1772 1420 1890 1474 qua:

285 1519 352 1560 ex
384 1504 544 1573 hujus
581 1505 785 1574 exigua:
815 1504 1150 1558 salutationis
1197 1501 1627 1555 consideratione
1669 1515 1892 1554 nascen-

288 1607 397 1651 tur.
423 1597 607 1667 Neque
625 1597 768 1650 eni-n
793 1606 953 1649 totam
980 1596 1121 1648 illam
1165 1607 1418 1649 enarrare
1439 1591 1618 1656 statui,
1649 1590 1742 1645 sed
1774 1606 1887 1658 par-

291 1699 402 1745 tem
425 1690 542 1760 ejus
573 1701 628 1744 et
659 1689 865 1742 initium
897 1697 1056 1757 atque
1085 1686 1363 1742 exordium
1389 1693 1594 1740 tantum
1622 1700 1635 1737 :
1662 1681 1895 1738 Salutate

297 1781 593 1838 Priscillam
621 1791 669 1835 et
704 1780 962 1850 Aquilam.

363 1873 419 1927 9..
441 1875 570 1941 Qua:
586 1873 636 1926 in
655 1873 748 1926 hac
761 1873 1063 1927 salutatione
1074 1881 1191 1925 sunt
1206 1869 1593 1925 consideranda.
1616 1868 1714 1940 Opi
1718 1869 1836 1938 ﬁces
1849 1879 1894 1922 ct

293 1983 546 2036 pauperes
557 1965 744 2019 salutat
767 1963 1236 2017 Paulus.—Primo
1249 1962 1462 2032 quidem
1482 1961 1629 2016 Pauli
1648 1961 1893 2014 virtutem

291 2059 863 2126 admiremuroportet,
885 2057 1024 2127 quod
1048 2072 1169 2112 cum
1189 2056 1258 2110 illi
1281 2056 1442 2111 totius
1459 2055 1603 2110 orbis
1634 2063 1894 2110 terrarum

292 2161 440 2206 esset
454 2164 579 2204 cura
593 2147 876 2202 commissa
887 2189 899 2211 ,
921 2155 976 2200 et
990 2153 1709 2214 terram,mare,eunctasqne
1723 2145 1898 2198 civita-

291 2255 380 2299 tes
392 2259 511 2313 qua:
531 2243 629 2298 sub
647 2242 780 2296 ctelo
798 2250 939 2304 sunt,
955 2249 1007 2295 et
1025 2239 1280 2295 barbaros
1294 2249 1348 2294 et
1375 2238 1612 2300 Grreeos,
1631 2246 1683 2293 et
1710 2246 1785 2292 tot
1808 2253 1900 2308 po-

295 2336 454 2406 pulos
476 2350 656 2390 secum
682 2333 1072 2398 clrcumferret,
1096 2331 1231 2387 adeo
1255 2331 1322 2387 de
1339 2332 1453 2386 viro
1478 2349 1581 2386 uno
1603 2331 1776 2401 deque
1794 2347 1897 2385 una

297 2426 528 2480 muliere
554 2425 816 2481 sollicitus
841 2432 1024 2490 esset;
1082 2423 1319 2479 secundo
1364 2423 1466 2478 hoc
1515 2425 1641 2478 item
1695 2424 1896 2478 miran-

292 2518 451 2582 dum,
475 2533 632 2588 quam
656 2517 889 2586 vigilanti
914 2531 977 2571 ac
996 2515 1229 2571 sollicito
1256 2525 1398 2571 esset
1420 2516 1598 2570 animo
1619 2516 1894 2586 prmdilus,

293 2609 390 2678 qui
421 2624 526 2662 non
548 2609 786 2664 omnium
829 2609 984 2664 simul
1011 2617 1234 2674 tantum,
1268 2607 1362 2664 sed
1413 2617 1469 2664 et
1516 2608 1758 2678 privatim
1785 2609 1899 2662 sin-

293 2701 547 2772 gulorum
578 2715 642 2755 ex
663 2699 846 2770 probis
872 2708 927 2754 et
952 2700 1162 2754 eximiis
1192 2699 1584 2754 recordaretur.
1610 2698 1726 2753 Jam
1757 2698 1896 2750 enim

298 2793 564 2863 przrsules
592 2793 954 2848 Ecclesiarum
1006 2793 1056 2847 id
1109 2807 1268 2862 agere
1321 2791 1449 2846 nihil
1505 2806 1635 2846 sane
1683 2791 1898 2855 mirum,

293 2903 429 2942 cum
483 2896 538 2942 et
567 2887 826 2941 tumultus
867 2887 939 2940 illi
986 2885 1153 2940 sedati
1203 2885 1330 2952 sint,
1381 2893 1434 2940 et
1481 2885 1637 2940 unius
1675 2885 1903 2938 civitatis

297 2988 511 3034 tantum
539 2994 722 3034 curam
749 2979 1084 3048 susceperint
1117 2997 1128 3032 :
1162 2988 1270 3032 tum
1317 2994 1444 3032 vero
1484 2994 1588 3032 non
1639 2977 1906 3050 periculo-

296 3090 426 3128 rum
455 3082 656 3126 tantum
680 3071 1009 3140 magnitudo,
1056 3071 1151 3126 sed
1197 3082 1250 3126 ct
1303 3071 1510 3125 itineris
1541 3069 1902 3140 intercapedo,

297 3176 364 3222 et
407 3166 692 3222 multitudo
733 3182 1004 3232 ent-arum,
1051 3165 1363 3220 etcontiuui
1397 3164 1608 3228 fluctus,
1656 3163 1906 3234 quodque

296 3276 412 3313 non
445 3274 656 3328 semper
698 3258 836 3327 apud
869 3273 1059 3312 omnes
1107 3258 1319 3313 assidue
1370 3267 1689 3322 moraretur,
1746 3267 1906 3326 atque

294 3351 408 3405 alia
458 3354 602 3419 plura
650 3359 897 3420 poterant
941 3349 1101 3404 etiam
1156 3349 1310 3405 valde
1365 3364 1517 3405 caros
1571 3365 1602 3404 e
1648 3349 1904 3403 memoria

296 3452 578 3498 excutere.
642 3441 1019 3497 Verumtamen
1060 3441 1160 3497 hos
1223 3457 1326 3496 non
1369 3449 1737 3496 excusserunt.
1789 3441 1907 3506 Quo

301 3533 525 3588 tandem
561 3543 712 3601 pacto
753 3550 858 3588 non
886 3533 1094 3588 excussi
1135 3534 1296 3588 sunt?
1335 3531 1416 3588 Ob
1449 3533 1594 3587 Pauli
1629 3532 1904 3600 tnagnauio

302 3625 553 3680 mitatem
584 3641 648 3679 ac
692 3626 951 3680 fervidam
996 3627 1368 3697 sinceramque
1396 3627 1560 3696 ipsius
1608 3626 1904 3680 caritatem.

299 3717 403 3774 Sic
428 3718 570 3773 enim
593 3719 755 3773 menti
785 3719 901 3788 ejus
948 3719 1300 3785 inhterebant,
1329 3730 1386 3774 ut
1409 3730 1462 3775 et
1509 3720 1562 3774 in
1591 3719 1757 3774 literis
1784 3733 1905 3772 cre—

303 3812 463 3865 bram
491 3825 676 3864 eorum
705 3809 888 3865 fecerit
933 3811 1280 3865 mentionem.
1313 3811 1418 3867 Sed
1462 3811 1736 3866 videamus
1787 3810 1905 3880 qui-

304 3917 437 3956 nam
461 3901 533 3955 illi
562 3902 852 3972 qualesque
881 3901 1093 3957 tandem
1135 3911 1336 3967 essent,
1391 3903 1477 3974 qui
1511 3903 1732 3957 Paulum
1775 3901 1908 3955 adeo

303 3994 414 4049 sibi
438 3995 822 4064 manciparant,
875 4005 928 4050 et
965 3996 1028 4050 ad
1061 4012 1297 4051 amorem
1356 4013 1510 4051 suum
1557 3997 1904 4067 pellexerant.

304 4083 450 4152 Num
484 4083 709 4140 fortasse
753 4087 999 4142 consules
1045 4088 1203 4158 aliqui
1255 4087 1337 4143 vel
1395 4089 1632 4156 magistri
1680 4089 1906 4143 militum

303 4185 468 4232 erant
493 4185 545 4229 et
573 4176 831 4245 prwfecti,
861 4178 946 4232 vel
976 4179 1027 4232 in
1050 4179 1224 4248 aliqua
1253 4179 1446 4233 illustri
1478 4179 1734 4249 dignitate
1774 4195 1907 4234 eon-

305 4265 506 4330 stituti,
552 4266 634 4320 vel
673 4267 862 4336 opibus
911 4268 1359 4334 circumfluentes,
1417 4270 1612 4338 quique
1641 4270 1908 4326 civitatem

304 4359 598 4428 regerent?
625 4359 765 4414 Nihil
799 4359 902 4415 tale
943 4370 1117 4430 potest
1147 4361 1347 4426 afferri,
1385 4361 1478 4415 sed
1523 4363 1677 4432 plane
1700 4373 1908 4418 eontra-

307 4451 489 4516 rium,
543 4465 803 4520 pauperes
854 4460 905 4506 et
959 4452 1134 4520 egeni,
1190 4453 1388 4522 quique
1443 4470 1606 4522 opere
1658 4473 1907 4510 manuum

308 4541 511 4595 victum
539 4551 861 4612 qnmrerent.
895 4543 1056 4596 Erant
1080 4544 1247 4608 enim,
1273 4543 1462 4613 inquit,
1511 4549 1911 4603 scenofaetoiie

305 4635 447 4692 artis
473 4634 622 4705 (Act.
680 4637 764 4692 18.
797 4635 904 4705 3):
937 4651 1111 4705 neque
1159 4637 1376 4690 Paulum
1429 4637 1676 4705 pudebat,
1739 4656 1911 4707 neque

305 4728 706 4797 augustissima:
732 4730 933 4784 civitati
961 4730 1263 4799 populoque
1293 4731 1571 4792 magnifice
1596 4731 1662 4785 de
1691 4748 1748 4786 se
1789 4748 1912 4786 sen-

307 4818 468 4872 tienti
500 4819 694 4887 probro
719 4835 841 4874 esse
863 4819 1112 4885 ducebat,
1162 4820 1205 4873 si
1257 4820 1478 4889 opiﬁces
1524 4821 1644 4876 illos
1692 4824 1910 4877 salutari

299 4908 542 4978 juberct,
590 4925 764 4979 neque
802 4909 1147 4980 ignominiam
1204 4912 1309 4965 illis
1355 4911 1574 4966 conflari
1631 4929 1692 4966 cx
1727 4930 1821 4968 sua
1859 4915 1909 4968 in

306 5001 439 5056 illos
463 5003 693 5057 amicitia
719 5004 936 5073 putabat
966 5023 978 5058 :
1011 5005 1087 5058 sic
1112 5019 1302 5059 onmes
1330 5016 1438 5059 tum
1483 5009 1738 5077 temporis
1783 5024 1910 5062 eru-

301 5093 525 5161 dierat,
576 5103 635 5148 ut
685 5095 752 5150 de
796 5111 854 5150 se
896 5096 1139 5152 modeste
1195 5097 1576 5169 moderateque
1629 5103 1909 5156 sentirent.

301 5186 471 5256 Atqui
504 5201 603 5241 nos
627 5201 770 5258 saepe
792 5189 833 5242 si
865 5190 1190 5258 propinquos
1219 5192 1375 5259 paulo
1397 5191 1654 5246 tenuioris
1686 5191 1912 5247 fortuna:

303 5277 644 5340 habeamus.
694 5279 762 5332 ab
818 5280 1030 5333 illorum
1103 5281 1461 5336 familiaritate
1517 5283 1910 5348 abhorremus,

301 5368 572 5440 nobisque
604 5371 798 5440 probro
829 5371 1102 5435 ducimus,
1163 5373 1206 5426 si
1261 5372 1474 5442 quando
1528 5374 1738 5428 illorum
1788 5391 1911 5444 pro-

305 5459 496 5529 pinqui
527 5461 1026 5530 deprehendamur;
1057 5463 1250 5517 Paulus
1277 5479 1405 5518 vero
1450 5480 1554 5518 non
1586 5465 1677 5530 ita,
1707 5466 1799 5519 sed
1849 5481 1908 5520 ea

305 5564 373 5605 re
415 5565 628 5622 quoque
669 5555 959 5623 gloriatur,
1019 5571 1119 5610 nec
1167 5555 1473 5612 hominibus
1513 5567 1716 5612 tantum
1773 5561 1913 5616 illius

305 5645 506 5709 atatis,
536 5645 629 5700 sed
662 5645 823 5700 etiam
866 5647 1114 5701 omnibus
1143 5648 1368 5716 posteris
1394 5649 1600 5703 curavit
1650 5659 1708 5704 ut
1753 5650 1906 5705 inuo-

306 5743 563 5802 lcaccret,
621 5737 762 5798 inter
808 5738 974 5807 ipsius
1015 5739 1218 5793 amicos
1270 5739 1389 5792 illos
1444 5739 1909 5796 tabernaculorum

302 5826 532 5894 opifices
566 5828 769 5898 primos
798 5827 978 5886 fuisse.
1022 5829 1206 5901 Neque
1249 5831 1376 5884 mihi
1417 5833 1692 5903 quisquam
1741 5832 1906 5900 dicat,

1099 371 1163 428 lN
1199 371 1420 436 lLl.UD,
1463 365 1827 426 SALUTATE
1871 357 2276 422 PRISCILLAM
2322 369 2406 424 ET
2447 368 2776 438 AQUILAM.
2825 370 2862 424 l.

3476 380 3494 432 Ι
3511 375 3575 434 illi

1991 479 2126 546 Quid
2159 497 2284 534 vero
2317 497 2566 549 magnum
2606 485 2887 552 mirnmve,
2921 485 2966 540 si
2994 488 3190 560 ipsum,
3225 487 3314 559 qui
3343 491 3585 547 eatndem

1993 584 2159 627 artem
2191 573 2474 640 factitaret,
2503 577 2741 646 ejusdem
2769 579 2966 648 opificii
2990 582 3318 636 consortium
3351 598 3456 637 non
3489 601 3586 654 pn-

1992 664 2180 719 deret?
2200 665 2335 734 Quid
2368 668 2490 722 ais?
2523 669 2633 724 lloe
2661 669 2802 724 cnim
2841 671 3014 740 ipsum
3043 671 3256 741 plurimi
3287 673 3586 730 faciendum

1993 766 2068 810 est
2100 764 2154 810 et
2189 757 2543 814 admiratione
2572 759 2811 830 dignum.
2844 761 2960 816 Non
2988 763 3126 816 enim
3158 778 3253 818 eos
3300 766 3388 834 qui
3435 766 3592 820 clari-

1996 857 2156 901 tatem
2203 862 2424 917 possunt
2466 865 2886 907 commemorare
2915 844 3176 922 majorum
3228 871 3380 924 aeque
3430 856 3593 924 pudet

1996 939 2326 1008 inferiorum,
2360 951 2518 1012 atque
2551 943 2668 996 illos
2701 943 2788 1013 qui
2821 945 2871 997 in
2902 945 3090 999 eadem
3117 946 3244 1000 olim
3267 947 3408 1017 Volgi
3461 948 3592 1002 faeie

1989 1031 2277 1100 jacuerint,
2308 1043 2362 1089 et
2400 1035 2467 1089 ad
2499 1036 2758 1091 illustrem
2790 1052 2852 1091 ac
2895 1038 3128 1094 nobilem
3174 1041 3349 1095 subito
3398 1041 3592 1097 fuerint

1995 1125 2303 1196 dignitatem
2332 1129 2522 1182 evecti.
2557 1129 2722 1184 Porro
2753 1130 2883 1185 nihil
2914 1130 3078 1186 fuisse
3118 1133 3377 1189 illustrius
3431 1135 3594 1189 Paulo

1996 1219 2078 1273 vel
2111 1219 2361 1285 nobilius,
2393 1221 2485 1275 sed
2515 1223 2643 1292 ipsis
2681 1239 2803 1278 eum
2847 1226 3060 1294 regibus
3086 1225 3249 1282 fuisse
3285 1229 3590 1294 clariorem,

1995 1311 2189 1378 cuivis,
2219 1320 2302 1366 sat
2331 1314 2465 1379 scio,
2516 1314 2855 1369 manifestum
2906 1328 3010 1372 est.
3060 1318 3190 1373 Nam
3220 1321 3307 1390 qui
3337 1321 3593 1375 ila-moui-

1997 1399 2099 1456 bus
2125 1401 2442 1472 imperabat,
2465 1406 2554 1474 qui
2587 1415 2829 1462 mortuos
2849 1409 3160 1474 suscitabat,
3187 1412 3276 1482 qui
3305 1413 3419 1464 solo
3440 1413 3593 1483 jussu

1997 1508 2269 1550 CXCIBCM‘C
2294 1505 2504 1566 poterat
2533 1506 2587 1550 ει
2615 1512 2789 1552 οωεοε
2829 1513 3040 1565 sanare,
3070 1501 3220 1571 (‘UjllS
3247 1513 3422 1558 \‘PSlCS
3448 1520 3595 1559 Illor-

1998 1587 2188 1644 borum
2230 1603 2400 1659 genus
2443 1605 2603 1645 omne
2642 1590 3002 1662 depellebant,
3031 1593 3169 1648 haud
3197 1595 3436 1660 dubium,
3467 1599 3594 1668 quin

2000 1701 2105 1740 non
2135 1685 2245 1756 jam
2271 1685 2453 1752 homo,
2481 1686 2574 1742 sed
2601 1689 2821 1759 angelus
2853 1688 2918 1744 de
2972 1690 3104 1744 caelo
3133 1690 3380 1761 delapsus
3407 1708 3596 1749 cense-

2000 1787 2167 1833 retur.

2075 1869 2333 1926 Nobilitas
2364 1871 2499 1928 unde
2525 1882 2782 1927 nascatur.
2811 1872 2929 1928 Non
2956 1884 3026 1928 est
3057 1875 3442 1945 vituperandum
3489 1894 3592 1929 ma-

2003 1964 2315 2018 trimonium.
2356 1993 2429 2004 —-
2472 1965 2854 2022 Verumtamen
2901 1966 3023 2022 licet
3086 1968 3138 2022 in
3209 1969 3600 2024 existimatione

2004 2062 2150 2109 tanta
2174 2064 2337 2120 esset,
2373 2063 2431 2110 et
2457 2055 2654 2126 ubique
2679 2056 3040 2125 admirationi,
3071 2067 3128 2112 et
3157 2059 3207 2112 in
3238 2075 3602 2131 quascumque

2003 2161 2061 2199 se
2091 2161 2214 2201 oras
2240 2147 2534 2215 conferret,
2569 2164 2758 2206 omnes
2779 2152 2843 2203 ad
2879 2164 2937 2204 se
2964 2161 3320 2218 converteret,
3354 2156 3601 2209 taberna.

2004 2239 2248 2294 culorum
2302 2240 2548 2310 opificem
2610 2257 2715 2296 non
2760 2242 3150 2307 erubescebat;
3197 2259 3295 2299 nec
3344 2245 3599 2301 honorem

2005 2345 2189 2383 eorum
2223 2329 2463 2384 imminui
2505 2331 2784 2398 censebat,
2831 2333 3006 2402 quiin
3049 2333 3399 2400 dignitatibus
3443 2339 3602 2392 tantis

2005 2429 2156 2475 erant
2198 2436 2262 2476 ac
2316 2423 2716 2492 magistratibus
2764 2425 3061 2479 constituti.
3097 2426 3404 2482 Verisimile
3447 2446 3599 2484 nam-

2005 2527 2110 2580 que
2129 2520 2212 2566 cst
2229 2512 2422 2566 multos
2439 2511 2491 2566 in
2517 2513 2750 2568 Ecclesia
2775 2513 2938 2569 fuisse
2961 2515 3321 2571 Romanorum
3347 2519 3601 2584 illustres,

2005 2617 2140 2672 quos
2168 2603 2393 2674 cogebat
2419 2620 2678 2675 pauperes
2705 2605 2821 2660 illos
2851 2607 3106 2661 salutare.
3135 2608 3362 2664 Noverat
3385 2611 3601 2680 quippe,

2008 2705 2228 2751 noverat
2255 2696 2421 2766 probe
2449 2713 2553 2752 non
2598 2713 2757 2769 opum
2799 2700 3165 2768 splendorem,
3220 2719 3393 2773 neque
3445 2720 3603 2772 pecu-

2010 2789 2214 2842 niarnm
2245 2789 2595 2854 affluentiam,
2640 2791 2737 2847 sed
2794 2808 3002 2848 morum
3049 2795 3364 2850 modestiam
3420 2813 3604 2866 parere

2011 2881 2340 2936 nobilitatem
2394 2883 2570 2937 solere
2601 2883 2814 2954 :itaque
2875 2885 2948 2938 illi
2980 2887 3068 2955 qui
3100 2887 3198 2941 hac
3235 2889 3420 2957 privati
3449 2902 3567 2945 sunt
3589 2934 3604 2955 ,

2009 2972 2103 3027 sed
2147 2972 2408 3043 majorum
2462 2975 2705 3030 claritate
2762 2975 3111 3045 superbiant,
3163 2982 3380 3035 nomine
3432 2983 3606 3050 potius

2012 3063 2304 3120 nobilitatis
2334 3064 2496 3127 nudo,
2542 3080 2647 3120 non
2679 3081 2737 3120 re
2768 3066 2879 3135 ipsa
2925 3068 3218 3137 gloriantur
3247 3088 3258 3123 :
3301 3071 3408 3127 imo
3435 3075 3605 3142 ipsum

2013 3168 2206 3209 nomen
2240 3154 2552 3226 plerumque
2574 3156 2924 3217 subtrahitur.
2949 3159 2992 3212 si
3030 3161 3150 3230 quis
3179 3162 3243 3215 ad
3283 3165 3609 3233 antiquiores

2012 3245 2270 3300 nobilium
2306 3245 2526 3301 istorum
2568 3247 2799 3318 majores
2828 3251 3153 3306 ascenderit.
3191 3252 3323 3309 Nam
3370 3271 3492 3310 cum
3521 3261 3608 3326 qui

2011 3338 2192 3392 clarus
2217 3347 2269 3391 et
2318 3336 2538 3391 illustris
2567 3346 2670 3405 est,
2699 3354 2760 3392 ac
2792 3340 3024 3394 nobilem
3065 3357 3490 3402 commemorare
3514 3365 3609 3416 pa-

2014 3439 2149 3484 trem
2178 3439 2232 3483 ct
2263 3445 2418 3483 avum
2467 3438 2678 3498 potest,
2717 3433 2760 3484 si
2793 3434 3092 3487 accuratius
3119 3438 3414 3502 examines,
3448 3441 3608 3494 vilem

2014 3519 2318 3589 quempiam
2361 3530 2414 3574 et
2461 3520 2748 3575 obscurum
2802 3538 3056 3592 proavum
3090 3525 3340 3582 habuisse
3375 3546 3610 3602 persa‘pe

2013 3612 2312 3680 comperies
2341 3628 2354 3666 :
2382 3613 2826 3681 quemadmodum
2858 3623 2912 3670 et
2938 3632 3121 3670 eorum
3158 3623 3246 3688 qui
3279 3630 3463 3676 tenues
3489 3639 3610 3680 esse

2015 3701 2284 3766 videntur,
2333 3703 2376 3756 si
2428 3713 2596 3756 lomm
2647 3720 2816 3772 genus
2863 3708 3120 3778 paulatim
3166 3726 3378 3766 sursum
3428 3730 3612 3772 versus

2014 3794 2353 3849 ascendendo
2385 3797 2838 3866 pervcstigenms,
2894 3800 3176 3869 praefectos
3231 3815 3284 3857 et
3331 3809 3610 3877 magistros

2017 3887 2242 3940 militum
2267 3902 2409 3955 srepe
2440 3886 2694 3944 habuisse
2737 3890 2967 3959 majores
2995 3893 3344 3960 inveniemus,
3378 3901 3466 3968 qui
3497 3913 3610 3956 tau-

2017 3979 2137 4033 dem
2170 3981 2220 4034 in
2251 3981 2538 4050 equisones
2557 3989 2612 4038 et
2655 3982 2904 4038 subulcos
2932 3987 3176 4040 comcrsi
3230 3987 3443 4044 fuerint.
3483 3993 3613 4058 Qua:

2015 4088 2136 4127 cum
2164 4073 2438 4142 explorata
2465 4074 2632 4128 Paulo
2662 4084 2842 4130 essunt
2876 4078 3074 4141 omnia,
3104 4095 3207 4132 non
3243 4097 3485 4152 magnam
3520 4086 3614 4139 ho-

2019 4181 2134 4220 rum
2175 4167 2436 4220 rationem
2468 4166 2722 4234 habebat,
2768 4167 2861 4222 sed
2894 4170 3087 4224 animm
3119 4173 3443 4228 nobilitatem
3466 4193 3614 4246 qua:-

2017 4261 2186 4322 rcbat,
2213 4275 2276 4314 ac
2307 4269 2551 4324 ca‘teros,
2578 4268 2634 4314 ut
2656 4259 2792 4314 hanc
2818 4261 3028 4330 plurimi
3071 4263 3336 4330 facerent,
3383 4267 3615 4324 inStrue-

2019 4355 2128 4408 bat.
2186 4353 2318 4407 llinc
2374 4353 2532 4422 igitur
2575 4369 2681 4407 non
2746 4355 3068 4408 mediocrem
3117 4356 3328 4410 interim
3382 4357 3612 4414 fructum

2019 4446 2377 4515 percipimus,
2434 4457 2490 4498 ut
2535 4446 2735 4500 vilioris
2781 4447 3004 4500 fortuna:
3045 4446 3318 4501 hominum
3375 4465 3474 4506 nos
3516 4453 3616 4506 mi-

2021 4541 2161 4593 nime
2190 4538 2404 4608 pudeat,
2459 4548 2516 4592 ut
2567 4539 2758 4592 anima:
2817 4539 3066 4592 virtutem
3117 4540 3508 4611 disquiranms,
3560 4555 3618 4600 ut

2019 4641 2238 4686 externa
2271 4631 2446 4684 omnia
2476 4630 2666 4698 quibus
2710 4629 2944 4682 ditamur
2986 4633 3252 4700 superflua
3307 4643 3361 4688 et
3409 4635 3616 4692 intttilia

2019 4737 2352 4778 censeamus.

2092 4817 2144 4870 3.
2178 4814 2332 4868 Aliud
2364 4830 2574 4884 quoque
2617 4815 2818 4868 lucrum
2870 4831 3150 4883 possumus
3205 4818 3304 4874 hoc
3345 4819 3612 4875 nihilomi-

2021 4925 2120 4962 nus
2182 4910 2306 4962 hinc
2347 4909 2659 4978 decerpere,
2711 4908 2852 4978 quod
2901 4909 2942 4962 si
2975 4911 3077 4963 rite
3109 4920 3378 4979 peractum
3405 4929 3431 4965 a
3466 4914 3618 4968 nobis

2022 5003 2198 5064 fuerit,
2223 5003 2386 5055 vitam
2419 5001 2656 5056 maxime
2685 5010 2919 5055 nostram
2953 5012 3150 5056 tuetur.
3184 5005 3460 5070 Quodnam
3493 5007 3614 5060 illud

2023 5095 2236 5149 tandem
2277 5095 2394 5148 est?
2443 5093 2508 5149 Ut
2557 5109 2625 5148 ne
2678 5094 2982 5163 conjugium
3019 5095 3403 5166 vituperemns,
3446 5114 3616 5168 neque

2023 5186 2175 5241 nobis
2200 5184 2531 5240 obstacnlum
2560 5195 2612 5240 et
2659 5185 3100 5255 impedimentum
3145 5203 3262 5243 esse
3301 5190 3616 5244 arbitremur

2023 5278 2073 5331 in
2127 5279 2231 5341 via,
2285 5293 2402 5347 qua:
2458 5278 2522 5331 ad
2568 5279 2818 5332 virtutem
2859 5278 3094 5342 deducit,
3126 5295 3343 5334 uxorem
3375 5280 3573 5335 habere
3604 5324 3616 5342 ,

2024 5370 2160 5425 filios
2190 5370 2442 5434 educare,
2489 5371 2668 5425 domui
2701 5385 2952 5440 prmesse,
2993 5380 3159 5422 artem
3189 5368 3448 5425 factitare.
3479 5372 3614 5427 ΕΜ·ιέ

2023 5463 2109 5518 hic
2138 5481 2350 5534 quoque
2388 5465 2470 5518 vir
2499 5476 2614 5520 erat
2643 5473 2698 5519 et
2748 5464 2960 5526 mulier,
2993 5472 3045 5515 et
3071 5461 3301 5515 officinis
3331 5478 3616 5533 prmeraut,

2022 5568 2076 5613 et
2103 5570 2270 5613 artem
2311 5557 2640 5624 factitabant,
2673 5565 2727 5611 ct
2776 5555 3150 5626 perfectiorem
3183 5555 3349 5610 multo
3381 5558 3616 5625 probita-

2025 5659 2130 5705 tem
2185 5664 2394 5704 morum
2443 5649 2786 5713 exhibebant,
2829 5660 2986 5717 quam
3044 5645 3131 5716 qui
3186 5647 3236 5700 in
3285 5651 3621 5703 monasteriis

2021 5739 2240 5809 degunt.
2293 5739 2446 5795 Unde
2493 5739 2543 5793 id
2591 5737 2834 5793 constat?
2881 5737 2960 5792 Ex
3007 5738 3071 5792 iis
3096 5738 3273 5794 verbis
3308 5739 3501 5809 quibus
3525 5756 3621 5796 eos

2025 5831 2219 5890 Paulus
2245 5831 2550 5902 alloquitur,
2589 5831 2674 5888 vel
2702 5829 2878 5902 potius
2919 5845 3025 5887 non
3057 5844 3120 5886 ex
3177 5829 3240 5884 iis
3287 5831 3479 5902 quibus
3529 5845 3624 5885 eos
