4006 6438
423 324 511 377 191

423 446 504 491 est
555 434 878 506 alloquutus,
934 432 1027 490 sed
1075 432 1233 488 etiam
1260 445 1324 486 ex
1357 431 1440 497 iis,
1489 429 1678 499 quibus
1706 444 1799 483 eos
1825 436 2004 498 postea

424 527 744 581 testimoniis
771 523 1178 580 commendavit.
1218 523 1349 578 Cum
1377 522 1517 576 enim
1542 521 1769 575 dixisset
1798 539 1810 574 :
1848 521 2007 575 Salu-

427 626 526 670 tate
567 614 856 670 Priscillam
886 623 932 669 et
961 613 1216 683 Aquilam,
1249 612 1459 665 illorum
1489 611 1651 665 etiam
1695 609 2006 680 dignitatem

427 707 636 776 adjecit.
663 706 830 772 Quam
859 718 985 758 vero
1008 701 1218 756 tandem
1237 702 1260 755 ?
1281 701 1395 755 Non
1427 700 1560 754 dixit
1588 700 1779 754 divites
1808 709 1860 752 et
1889 698 2009 753 illu-

428 810 564 852 μινυς
587 808 636 850 et
659 796 894 859 nobiles;
919 793 1012 848 sed
1045 793 1203 862 quid?
1244 791 1512 863 Adjutores
1538 808 1669 845 meos
1689 792 1739 843 in
1771 789 2004 844 Domino.

425 889 565 941 Nihil
591 895 766 940 autem
797 901 917 940 cum
947 884 1046 938 hoc
1089 881 1320 937 conferri
1360 889 1553 951 potest,
1587 880 1724 950 quod
1751 880 1815 934 ad
1843 881 2011 934 virtu-

329 963 332 966 .
419 983 493 1033 tis
520 976 1032 1032 commendationem
1057 977 1248 1028 attinet
1277 991 1290 1027 :
1315 988 1412 1027 nec
1439 984 1642 1027 tantum
1671 987 1737 1026 ex
1765 971 1886 1036 hoc,
1916 971 2008 1026 sed

423 1081 478 1125 et
523 1086 586 1125 ex
617 1085 682 1125 eo
711 1068 852 1139 quod
907 1068 1046 1136 apud
1098 1070 1241 1135 ipsos
1297 1065 1551 1120 manserit
1597 1078 1702 1118 non
1751 1077 1912 1118 unum
1961 1070 2016 1116 et

425 1163 560 1214 duos
580 1168 636 1214 et
665 1171 772 1214 tres
797 1160 934 1223 dies,
967 1157 1060 1213 sed
1092 1157 1225 1211 duos
1262 1171 1428 1211 annos
1456 1156 1710 1225 integros,
1766 1156 2012 1209 virtutem

418 1253 640 1306 illorum
698 1260 942 1321 spectare
1013 1262 1314 1320 possumus.
1375 1247 1504 1300 Nam
1567 1245 2012 1317 quemadmodum

425 1344 709 1398 stecularcs
730 1343 1065 1412 magistratus
1099 1340 1239 1411 apud
1265 1340 1396 1395 viles
1429 1346 1485 1393 et
1513 1338 1745 1408 abjectos
1773 1337 2015 1392 homines

417 1452 534 1490 :non
563 1436 850 1506 dignantur
891 1435 1177 1499 divertere,
1226 1433 1318 1488 sed
1377 1432 1686 1502 magniﬁcas
1732 1431 2014 1512 illustrium

421 1527 779 1598 quommdam
815 1529 1048 1580 virorum
1099 1526 1289 1580 domos
1317 1535 1582 1593 quaerunt,
1625 1537 1692 1578 ne
1745 1522 2018 1592 dignitatis

431 1635 544 1674 sua:
573 1619 878 1688 magnitudo
923 1633 1107 1674 eorum
1149 1632 1179 1671 a
1220 1616 1412 1686 quibus
1454 1615 1788 1686 excipiuntur
1815 1613 2018 1666 vilitate

421 1711 657 1765 laedatur
687 1729 702 1764 :
733 1711 801 1763 ita
837 1725 1048 1780 quoque
1100 1709 1362 1764 faciebant
1406 1707 1666 1778 apostoli;
1722 1721 1826 1760 non
1879 1705 2016 1774 apud

393 1818 396 1820 ν
431 1799 621 1853 obvios
659 1799 872 1867 quosvis
903 1799 1322 1868 bospitabantur,
1356 1799 1448 1853 sed
1485 1806 1543 1852 ut
1567 1797 1642 1852 illi
1674 1795 2020 1865 magniﬁcen-

423 1889 563 1944 tiam
592 1889 804 1952 mdium,
835 1889 912 1943 sic
953 1889 1144 1944 animae
1173 1889 1419 1943 virtutem
1448 1889 1532 1942 isti
1557 1887 1918 1957 requirebant,
1969 1894 2021 1938 et

429 1981 715 2049 diligenter
754 1979 990 2048 qumsilis
1018 1979 1116 2032 sibi
1149 1978 1511 2045 familiaribus,
1540 1977 1677 2048 apud
1706 1991 1798 2031 eos
1835 1974 2018 2029 diver-

425 2071 639 2124 tebaut.
674 2069 802 2124 Nam
831 2077 887 2124 et
913 2084 941 2122 a
975 2068 1189 2124 Christo
1215 2069 1316 2122 lata
1347 2069 1430 2123 lex
1458 2079 1571 2123 erat
1595 2083 1712 2137 qua:
1738 2067 1839 2121 hoc
1862 2065 2020 2136 jube-

433 2161 548 2213 bat.
568 2158 631 2214 Ia
647 2175 1009 2229 quamcumque
1023 2160 1187 2226 enim,
1217 2159 1404 2229 inquit,
1428 2158 1674 2212 civitatem
1701 2167 1789 2210 aut
1818 2155 2020 2209 domum

429 2254 772 2320 intraveritis,
804 2253 1126 2323 interrogate,
1162 2252 1274 2323 quis
1309 2253 1363 2304 in
1416 2267 1476 2304 ea
1524 2251 1707 2322 dignus
1749 2250 1834 2314 sit,
1875 2257 1920 2301 et
1954 2246 2024 2299 ibi

433 2354 632 2400 manete
663 2343 823 2416 (Luc.
852 2343 908 2399 9.
941 2344 1032 2415 4).
1066 2343 1230 2414 Igitur
1272 2343 1437 2398 Paulo
1481 2343 1622 2412 digni
1676 2350 1831 2398 erant
1875 2340 1962 2395 isti
2004 2355 2020 2392 :

435 2437 578 2507 quod
609 2439 652 2492 si
679 2437 864 2503 Paulo,
893 2437 1095 2507 angelis
1121 2445 1276 2492 erant
1299 2435 1464 2506 digni.
1498 2435 1610 2507 Ego
1641 2450 1768 2491 vero
1793 2435 2026 2491 domun-

430 2528 610 2583 culam
639 2528 778 2582 illam
805 2536 860 2582 et
886 2528 1074 2582 caelum
1099 2536 1154 2583 et
1179 2527 1472 2582 Ecclesiam
1495 2525 1752 2581 audacter
1779 2528 2022 2598 appella-

435 2619 560 2674 rim.
585 2619 686 2675 Ubi
732 2620 875 2674 enim
907 2619 1100 2674 Paulus
1124 2627 1261 2684 erat,
1291 2619 1361 2673 ibi
1397 2618 1557 2672 etiam
1587 2616 1834 2673 Christus
1861 2627 1981 2674 erat
2007 2636 2022 2674 :

430 2713 516 2763 .An
558 2710 970 2780 experimentum,
1024 2709 1213 2779 inquit,
1264 2708 1492 2780 quaeritis
1541 2709 1668 2778 ejus,
1720 2709 1806 2777 qui
1853 2710 2022 2764 inme

435 2805 681 2873 loquitur,
703 2802 891 2858 Christi
918 2801 1006 2874 (2.
1046 2801 1164 2856 Cor.
1195 2801 1284 2857 15.
1306 2802 1340 2856 5
1363 2799 1420 2870 )‘l
1449 2799 1548 2856 Ubi
1575 2809 1754 2856 autem
1785 2798 2025 2856 Christus

433 2905 575 2959 erat,
603 2895 728 2948 illuc
753 2898 914 2950 etiam
938 2895 1240 2963 frequenter
1261 2891 1434 2960 angeli
1463 2891 1808 2946 ventilabam.

510 2984 817 3040 Sanctorum
841 2999 942 3036 non
965 2983 1130 3036 oratio
1157 2991 1384 3047 tantum,
1416 2981 1505 3036 sed
1538 2991 1583 3035 et
1623 2982 1726 3035 vita
1763 2981 1926 3036 docet.
1956 3013 2027 3023 —

424 3076 609 3129 Porro
634 3073 723 3142 qui
751 3073 958 3142 seipsos
982 3081 1142 3128 antea
1171 3073 1318 3128 Pauli
1360 3072 1505 3126 cultu
1532 3087 1596 3128 ac
1625 3073 1925 3130 ministerio
1944 3074 2028 3129 di-

437 3181 572 3236 gnos
600 3165 957 3236 praebuerant,
985 3167 1158 3235 cogita
1178 3165 1363 3236 quales
1389 3174 1688 3234 evaserant,
1716 3165 1842 3221 dum
1873 3167 2025 3223 annis

434 3258 643 3312 duobus
667 3272 788 3311 cum
820 3256 911 3310 illo
940 3255 1218 3324 degerent,
1245 3265 1298 3309 et
1330 3253 1566 3309 habitum
1587 3255 1703 3326 ejus
1722 3297 1735 3318 ,
1769 3266 1823 3311 et
1861 3256 2031 3312 inces-

436 3366 554 3403 sum
585 3357 639 3403 et
666 3356 936 3418 aspectum
959 3387 975 3413 ,
1000 3356 1054 3402 et
1081 3347 1306 3400 vestium
1339 3345 1554 3400 modum
1574 3388 1588 3410 ,
1619 3355 1673 3401 et
1719 3348 2023 3416 ingressus,

435 3451 491 3495 et
517 3454 763 3510 egressus
783 3478 798 3504 ,
839 3447 893 3493 et
924 3438 1025 3492 alia
1052 3446 1240 3492 cuncta
1268 3437 1634 3491 observarent.
1667 3436 1938 3506 Siquidem
1971 3438 2022 3492 in

435 3533 636 3587 sanctis
661 3547 764 3586 non
793 3531 951 3588 verba
977 3539 1203 3597 tantum,
1235 3545 1407 3598 neque
1434 3529 1675 3585 doctrina
1700 3540 1754 3585 et
1780 3529 2026 3585 cohorta-

431 3625 613 3679 tiones
631 3663 646 3688 ,
677 3622 771 3678 sed
797 3630 856 3678 et
897 3622 1096 3691 reliqua
1125 3624 1300 3677 omnis
1327 3623 1449 3675 vitze
1474 3623 1810 3676 conversatio
1840 3623 1905 3677 ad
1931 3639 2025 3676 eos

431 3714 492 3768 in
519 3713 849 3784 philoSOphia
884 3712 1077 3768 sufﬁcit
1114 3711 1438 3768 erudiendos
1461 3753 1477 3777 ,
1501 3713 1589 3783 qui
1616 3712 1814 3768 fuerint
1847 3721 2023 3767 atten-

436 3805 620 3860 tiores.
646 3803 836 3859 Veniat
863 3804 952 3858 tibi
985 3804 1037 3858 in
1065 3812 1300 3860 mentem
1327 3803 1482 3875 quale
1505 3812 1651 3860 esset
1673 3803 1893 3860 Paulum
1915 3820 2024 3859 cer-

437 3911 566 3950 nere
586 3938 602 3962 ,
629 3905 682 3951 et
704 3895 983 3966 prandium
1014 3904 1312 3952 sumentem
1331 3937 1348 3962 ,
1375 3905 1431 3950 et
1459 3894 1938 3981 reprehendentem
1969 3907 2022 3949 et

433 3987 804 4041 cohortantem
859 3995 913 4040 et
955 3996 1235 4052 orantem,
1266 3994 1320 4039 et
1366 3986 1632 4056 laerymas
1679 3985 2021 4051 fundentem,

438 4089 721 4130 exeuntem
752 4085 807 4130 et
835 4075 1211 4131 introeuntem.
1257 4076 1310 4130 Si
1341 4076 1516 4141 enim,
1546 4090 1670 4130 cum
1700 4076 2024 4144 quatuor-de-

434 4167 543 4220 cim
589 4175 794 4220 tantum
843 4165 998 4219 nobis
1045 4173 1246 4220 restent
1275 4165 1514 4232 epistola:
1542 4206 1556 4231 ,
1593 4180 2020 4235 quoquoversum

439 4270 534 4324 per
560 4254 742 4308 orbem
771 4261 1033 4308 terrarum
1065 4253 1181 4309 illas
1211 4253 1634 4309 circumferimus
1661 4273 1671 4308 :
1704 4255 1793 4324 qui
1821 4254 2019 4310 fontem

437 4344 706 4400 habebant
745 4342 1091 4414 epistolarum
1116 4383 1130 4410 ,
1159 4342 1249 4414 qui
1277 4342 1510 4413 linguam
1550 4342 1696 4397 orbis
1723 4351 1982 4398 terrarum
2005 4385 2019 4409 ,

434 4435 528 4506 qui
567 4437 744 4491 lumen
779 4433 1169 4502 Ecelcsiarum,
1197 4433 1286 4504 qui
1331 4433 1453 4488 fidei
1475 4431 1906 4501 fundamentum,
1933 4436 2022 4504 qui

437 4527 738 4584 columnam
765 4535 821 4584 et
844 4527 1238 4584 ﬁrmamentum
1269 4527 1527 4592 veritatis,
1552 4527 1740 4598 quales
1769 4543 1874 4582 non
1901 4542 2028 4582 eva-

437 4618 567 4672 dere
597 4627 850 4687 possent,
889 4617 1014 4673 dum
1044 4633 1166 4674 cum
1213 4617 1316 4673 hoc
1361 4619 1554 4689 angelo
1583 4619 1858 4675 viverent?
1891 4619 2022 4674 Nam

438 4707 485 4762 si
515 4718 686 4763 veSIes
712 4708 828 4776 ejus
856 4707 1187 4764 dremonibus
1211 4718 1365 4763 erant
1394 4708 1776 4775 formidabiles,
1807 4718 2028 4764 tantam.

438 4814 541 4868 que
575 4799 681 4852 vim
708 4797 1023 4853 obtinebant
1048 4838 1064 4865 ,
1093 4798 1471 4856 habitationem
1501 4815 1622 4855 cum
1653 4801 1746 4856 illo
1772 4812 2022 4872 quantam

440 4905 545 4942 non
575 4888 802 4957 Spiritus
829 4890 1052 4958 gratiam
1077 4889 1368 4945 conciliare
1417 4892 1654 4960 potuisse
1698 4891 2022 4946 credendum

437 4991 516 5034 est
549 4981 698 5049 (Act.
730 4979 810 5034 l9.
838 4979 971 5052 19)?
1001 4976 1132 5035 Cum
1157 4981 1301 5035 enim
1328 4981 1478 5036 Pauli
1502 4983 1674 5038 cubile
1701 4996 1980 5039 cernerent
2006 5025 2020 5049 ,

437 5088 556 5125 rum
601 5071 927 5140 stragulum,
959 5087 1078 5126 cum
1123 5073 1518 5141 calceamenta,
1555 5092 1734 5131 nonne
1777 5077 1876 5130 hoc
1921 5078 2024 5132 illis

434 5165 706 5219 sufﬁciens
733 5163 832 5218 fuit
862 5179 922 5216 ac
945 5174 1258 5233 perpetuum
1290 5166 1355 5220 ad
1395 5169 1858 5238 compunctionem
1890 5169 2022 5222 inci-

436 5257 767 5311 tamentum?
797 5257 851 5313 Si
883 5257 1025 5311 enim
1053 5257 1322 5314 daemones
1360 5260 1526 5330 ipsius
1557 5261 1866 5315 vestimenta
1900 5276 2023 5329 prr-

435 5350 811 5406 horrescebant
832 5391 849 5418 ,
881 5349 1048 5405 multo
1080 5351 1246 5421 magis
1278 5349 1461 5407 ﬁdeles
1482 5393 1496 5418 ,
1523 5363 1577 5408 et
1605 5354 1692 5422 qui
1737 5367 1858 5407 cum
1908 5352 2023 5422 ipso

433 5441 734 5510 degebant,
765 5457 886 5496 cum
931 5457 992 5497 ea
1038 5452 1360 5508 cernerent,
1389 5445 1900 5514 compungebantnr.
1933 5446 2024 5499 Est

433 5532 592 5585 etiam
637 5531 767 5584 illud
813 5547 993 5601 operae
1039 5533 1268 5602 pretium
1313 5535 1559 5597 scrutari,
1584 5550 1741 5600 quam
1789 5534 1858 5589 ob
1898 5549 2026 5588 eau—

435 5636 587 5688 sam,
619 5637 740 5676 cum
769 5637 863 5676 eos
910 5624 1200 5688 Salutaret,
1235 5624 1525 5680 Priscillam
1571 5627 1763 5681 marito
1800 5635 2024 5694 antepo—

437 5713 617 5765 suerit.
640 5713 754 5767 Non
777 5713 920 5767 enim
945 5715 1093 5779 dixit,
1110 5716 1343 5772 Salutate
1362 5717 1604 5788 Aquilam
1627 5727 1679 5773 et
1706 5717 2018 5784 Priscillam,

1131 315 1192 372 ε.
1233 312 1511 370 10thle
1549 310 2020 369 CHRYSOSTOMI
2060 313 2373 371 ARClllEP.
2417 315 2948 377 CONSTANTINOP.
3394 311 3418 344 ‘

3578 329 3680 387 192

2112 429 2204 482 sed
2234 429 2524 485 Priscillam
2565 441 2618 487 et
2659 433 2922 504 Aquilam.
2957 435 3063 491 Nec
3105 437 3220 492 sine
3263 452 3420 494 causa
3455 442 3506 496 id
3534 443 3690 513 ficit,

2114 519 2204 573 sed
2233 521 2372 590 quod
2404 521 2590 591 majori
2620 538 2737 578 eam
2768 525 2964 593 sciret,
2995 541 3154 597 quam
3185 530 3354 584 virum
3374 571 3390 596 ,
3420 535 3692 601 praeditam

2116 607 2278 664 fuisse
2307 611 2518 678 pietate.
2543 614 2713 684 Atque
2737 614 2839 670 boc
2865 631 2970 670 non
2994 631 3115 673 esse
3133 618 3491 688 conjecturam
3517 665 3531 687 ,
3553 625 3695 693 quod

2115 714 2142 752 a
2169 715 2253 755 me
2282 701 2480 756 dictum
2510 711 2614 770 est,
2644 719 2708 759 ex
2740 706 2885 761 Actis
2912 707 3035 762 licet
3059 723 3400 778 cognoscere.
3425 711 3697 782 Siquidem

2119 789 2328 873 Apollo,
2347 791 2526 873 virum
2557 792 2894 863 eloquentem
2925 805 2980 852 et
3005 797 3055 852 in
3084 798 3374 868 Scripturis
3404 811 3697 873 potentem,

2117 872 2308 942 quique
2335 872 2553 929 Joannis
2579 884 2780 931 tantum
2809 878 3068 948 baptisma
3094 882 3315 948 sciebat,
3342 882 3456 940 haec
3481 900 3600 940 cum
3623 903 3704 942 as.

2118 963 2451 1034 sumpsisset,
2473 967 2716 1034 eXposuit
2742 967 2816 1021 illi
2838 968 2976 1023 viam
2997 969 3111 1036 Dei,
3132 978 3186 1026 et
3214 971 3506 1040 perfectum
3531 976 3702 1045 magi-

2119 1061 2284 1107 strum
2317 1054 2547 1110 reddidit
2572 1055 2706 1129 (Act.
2729 1059 2812 1113 18.
2841 1057 2932 1114 24.
2965 1059 3078 1131 25).
3110 1061 3223 1116 Non
3253 1062 3396 1118 enim
3422 1064 3555 1130 illis,
3583 1080 3703 1136 qua:

2118 1145 2478 1214 apostolorum
2519 1157 2674 1203 aetate
2713 1150 2997 1217 vivebant,
3030 1153 3342 1209 mulieribus
3369 1165 3521 1210 erant
3561 1172 3704 1214 cura:

2119 1250 2237 1302 quae
2268 1252 2408 1290 nunc
2433 1249 2554 1292 sunt
2583 1239 2719 1305 istis,
2753 1249 2809 1294 ut
2838 1241 3132 1310 splendidis
3169 1245 3407 1300 vestibus
3449 1247 3705 1304 amician-

2121 1335 2206 1380 tur
2225 1368 2239 1392 ,
2264 1337 2318 1381 et
2343 1328 2625 1398 pigmentis
2664 1346 2726 1385 ac
2764 1331 2897 1388 fucis
2928 1333 3114 1389 faciem
3143 1350 3291 1390 suatn
3318 1336 3701 1406 condecorent,

2120 1433 2238 1486 qua:
2267 1419 2408 1474 viros
2427 1434 2551 1475 suos
2581 1431 2773 1476 vexant
2801 1437 2863 1477 ac
2891 1433 3153 1495 premunt,
3177 1437 3478 1498 coguntque
3500 1439 3705 1486 vestem

2123 1509 2488 1576 pretiosiorem
2521 1512 2707 1567 vicina:
2731 1524 2880 1569 veste
2907 1515 3006 1570 sibi
3028 1530 3294 1582 coemere,
3326 1519 3504 1577 mulos
3529 1521 3704 1589 albos,

2122 1606 2177 1652 et
2203 1598 2364 1653 frame
2391 1601 2663 1670 deaurata,
2691 1603 3003 1673 obsequium
3032 1608 3421 1675 cunuchorum,
3453 1627 3706 1683 magnum

2121 1690 2430 1745 ancillarum
2459 1706 2676 1764 gregem
2717 1703 2772 1750 et
2813 1696 3070 1766 reliquam
3101 1712 3313 1754 omnem
3356 1715 3606 1772 pompam
3639 1704 3713 1760 ri-

2122 1779 2350 1834 diculam
2398 1798 2410 1833 :
2457 1781 2550 1837 sed
2595 1782 2680 1838 his
2723 1785 2971 1840 omnibus
3016 1789 3351 1856 amandatis,
3384 1801 3439 1846 et
3480 1808 3712 1849 excusso

2124 1871 2392 1926 mundano
2413 1871 2550 1928 fastu
2580 1891 2740 1929 unum
2764 1876 2892 1932 illud
2923 1877 3095 1933 solum
3125 1881 3464 1950 quaerebant,
3497 1895 3552 1940 ut
3578 1901 3711 1942 con-

2124 1972 2296 2018 sortes
2315 1963 2502 2020 ﬁerent
2520 1967 2904 2035 apostolorum,
2923 1978 2979 2024 et
2997 1971 3232 2040 ejusdem
3249 1989 3369 2028 cum
3394 1975 3497 2030 illis
3519 1975 3713 2045 praeda;

2128 2055 2429 2125 participes.
2463 2055 2579 2125 Quo
2602 2057 2660 2112 lit
2690 2069 2747 2114 ut
2776 2075 2880 2116 non
2920 2061 3036 2119 haec
3064 2065 3234 2120 solum
3265 2065 3385 2121 talis
3423 2077 3587 2135 esset,
3618 2084 3713 2125 ve-

2127 2160 2243 2198 rum
2285 2146 2444 2200 etiam
2482 2163 2671 2204 omnes
2701 2151 2938 2222 reliquae.
2968 2152 3097 2208 Nam
3140 2163 3195 2210 et
3222 2155 3290 2211 de
3333 2156 3551 2214 Perside
3581 2175 3713 2230 qua-

2127 2238 2248 2293 dam
2275 2239 2424 2308 dicit,
2459 2241 2586 2308 Quae
2613 2243 2824 2297 multum
2856 2245 3099 2300 laborauit
3130 2263 3251 2318 erga
3276 2265 3368 2304 nos
3394 2249 3582 2319 (Rom.
3619 2253 3709 2310 16.

2132 2332 2254 2402 12),
2283 2343 2338 2388 et
2361 2333 2579 2390 Mariam
2615 2350 2678 2390 ac
2716 2336 3066 2407 Tryphaenam
3094 2340 3164 2394 ob
3195 2340 3455 2411 ejusmodi
3503 2341 3715 2398 labores

2132 2425 2338 2489 laudat,
2371 2425 2511 2496 quod
2536 2442 2656 2482 cum
2692 2429 2946 2499 apostolis
2981 2430 3318 2498 laborarent,
3349 2442 3404 2488 et
3429 2433 3494 2488 ad
3525 2434 3713 2491 eadem

2129 2517 2401 2572 subeunda
2427 2521 2718 2575 certamina
2746 2536 2806 2576 se
2825 2523 3179 2593 accingerent.
3210 2525 3314 2582 Sed
3343 2529 3433 2597 qui
3463 2527 3540 2592 ﬁt,
3571 2539 3631 2584 ut
3649 2529 3714 2584 ad

2132 2609 2464 2666 Timotheum
2495 2612 2736 2670 scribens
2761 2614 2936 2682 dicat,
2967 2614 3177 2671 Mulieri
3214 2627 3381 2673 autem
3410 2621 3591 2676 docere
3614 2639 3714 2677 non

2143 2700 2373 2767 permitto
2397 2741 2410 2765 ,
2441 2718 2600 2773 neque
2633 2702 2884 2757 dominari
2921 2705 2972 2758 in
3010 2705 3169 2760 virum
3200 2707 3217 2775 (
3243 2709 3293 2762 1.
3328 2707 3459 2762 Tim.
3481 2709 3716 2782 2.12)?

2135 2789 2358 2856 Quando
2381 2791 2501 2859 pius
2526 2800 2606 2846 est
2632 2792 2730 2859 vir,
2746 2801 2798 2847 et
2817 2795 3055 2850 eamdem
3079 2796 3387 2868 religionem
3415 2799 3713 2869 proﬁtetur,

2133 2890 2185 2934 et
2215 2881 2456 2946 ejusdem
2487 2883 2752 2955 particeps
2798 2893 2880 2940 est
2929 2887 3241 2956 sapientia}:
3284 2889 3498 2959 quando
3534 2901 3714 2949 autem

2130 2973 2368 3029 inﬁdelis
2397 2985 2477 3030 est
2503 2983 2557 3030 et
2595 2985 2777 3041 errat,
2807 2977 2973 3046 ipsam
3000 2978 3223 3033 docendi
3253 2982 3568 3037 auctoritate
3609 2999 3714 3038 non

2133 3066 2321 3134 privat.
2350 3065 2512 3120 Certe
2536 3081 2654 3120 cum
2686 3066 2752 3120 ad
2779 3066 3085 3123 Corinthios
3114 3069 3393 3135 scriberet,
3425 3072 3499 3125 ait
3527 3089 3542 3128 :
3575 3073 3646 3126 Et
3673 3073 3716 3128 si

2131 3171 2229 3223 qua
2255 3155 2435 3209 mulier
2463 3156 2610 3210 habet
2645 3157 2803 3210 virum
2829 3158 3113 3225 inﬁdelem,
3146 3177 3248 3213 non
3284 3162 3502 3215 dimittat
3544 3165 3712 3218 illum

2136 3245 2282 3300 Unde
2314 3248 2446 3302 enim
2469 3247 2568 3300 scis
2585 3287 2601 3314 ,
2626 3248 2824 3316 mulier,
2851 3248 2894 3302 si
2918 3249 3080 3304 virum
3106 3251 3297 3305 salvum
3318 3254 3474 3323 facies
3498 3254 3573 3324 (1.
3592 3254 3711 3312 Cor.

2132 3339 2182 3392 7.
2212 3340 2296 3395 15.
2335 3338 2463 3409 16)?
2491 3339 2608 3404 Quo
2635 3354 2765 3395 vero
2791 3348 2943 3410 pacto
2967 3340 3082 3396 ﬁeri
3115 3350 3325 3412 potest,
3353 3354 3410 3398 ut
3434 3346 3626 3401 mulier
3647 3347 3714 3403 ﬁ-

2131 3427 2262 3485 deiis
2293 3430 2461 3484 virum
2495 3428 2758 3484 inﬁdelem
2781 3430 2984 3484 salvum
3021 3431 3216 3487 faciat?
3244 3434 3518 3491 lustruens
3551 3438 3712 3492 nimi-

2133 3535 2246 3573 rum
2286 3519 2432 3574 illum
2457 3529 2511 3574 et
2534 3520 2731 3575 docens
2761 3532 2919 3591 atque
2959 3521 3026 3576 ad
3066 3521 3222 3578 ﬁdem
3248 3523 3547 3592 adducens,
3576 3529 3715 3584 sicut

2131 3620 2183 3664 et
2215 3611 2313 3666 ista
2346 3610 2582 3666 Priscilla
2615 3611 2824 3681 Apollo.
2856 3611 3126 3682 Alioquin,
3154 3629 3274 3668 cum
3311 3615 3472 3683 dicit,
3505 3616 3712 3673 Mulieri

2130 3702 2308 3756 docere
2333 3719 2434 3756 non
2463 3702 2713 3772 permitto,
2736 3701 2803 3756 de
2826 3703 3157 3759 institutione
3184 3720 3303 3776 qua:
3331 3705 3388 3759 ﬁt
3413 3722 3445 3762 e
3464 3719 3712 3778 suggestu

2132 3791 2396 3861 loquitur,
2423 3792 2490 3847 de
2515 3794 2884 3864 sermone,qui
2916 3792 3141 3848 habetur
3164 3795 3231 3850 ad
3263 3799 3512 3865 populum
3535 3841 3548 3860 ,
3578 3809 3713 3854 etut

2130 3883 2494 3938 sacerdotibus
2541 3898 2606 3938 ex
2659 3883 2837 3939 ofﬁcio
2883 3884 3142 3940 incumbit
3181 3903 3194 3939 :
3242 3889 3483 3956 privatim
3533 3901 3710 3945 autem

2135 3971 2400 4027 cohortari
2445 3981 2499 4028 et
2542 3974 2822 4030 consilium
2865 3975 2994 4030 dare
3045 3989 3152 4030 non
3198 3976 3488 4046 prohibuit.
3531 3980 3712 4050 Neque

2130 4062 2294 4130 enim,
2319 4063 2362 4116 si
2387 4061 2489 4140 hoc
2517 4063 2837 4132 prohibitum
2865 4064 3068 4132 fuisset,
3099 4065 3236 4122 hanc
3271 4083 3390 4138 qua:
3431 4069 3480 4124 id
3508 4073 3712 4140 praesti-

2132 4163 2269 4208 terat
2295 4139 2670 4211 collaudasset.

2199 4245 2254 4298 4.
2288 4245 2520 4299 Audiant
2547 4246 2664 4312 viri,
2694 4246 2909 4302 audiant
2934 4258 2987 4304 et
3017 4248 3114 4304 ista
3137 4250 3387 4306 mulieres
3418 4269 3432 4305 :
3467 4253 3570 4307 illa:
3595 4255 3709 4324 qui-

2130 4334 2251 4390 dem
2277 4377 2294 4403 ,
2322 4346 2380 4390 ut
2407 4352 2524 4391 eam
2565 4337 2837 4393 imitentur
2855 4381 2869 4406 ,
2895 4357 3014 4410 quas
3051 4356 3209 4398 sexus
3247 4345 3485 4413 ejusdem
3510 4357 3628 4412 est,
3655 4358 3712 4404 et

2132 4434 2336 4480 natura:
2373 4427 2689 4490 cognatione
2725 4429 3006 4500 conjuncta
3035 4448 3049 4485 :
3083 4430 3136 4486 hi
3166 4449 3326 4498 vero,
3375 4450 3443 4490 ne
3490 4439 3710 4493 muliere

2133 4519 2508 4574 imbecilliores
2538 4531 2846 4590 appareant.
2902 4522 3070 4588 Quam
3120 4525 3262 4578 enim
3307 4529 3707 4583 excusationem

2132 4610 2470 4677 habebimus,
2499 4628 2655 4683 quam
2685 4615 2891 4669 veniam
2924 4616 3345 4686 impetrabimus,
3377 4621 3420 4674 si
3446 4637 3566 4676 cum
3591 4632 3708 4677 tan-

2131 4712 2240 4758 tum
2263 4705 2423 4759 animi
2446 4706 2696 4771 studium,
2723 4715 3026 4778 tantamque
3049 4709 3433 4780 philosophiam
3463 4715 3708 4769 mulieres

2127 4799 2493 4866 exhibueriut,
2525 4814 2623 4853 nos
2651 4815 2863 4870 semper
2889 4801 3070 4855 mundi
3093 4802 3234 4856 afﬁxi
3257 4805 3481 4873 negotiis
3510 4805 3711 4860 lia-rea-

2133 4891 2276 4944 mus?
2295 4891 2418 4944 llzec
2438 4891 2645 4945 discant
2661 4899 2715 4946 et
2736 4893 3072 4961 magistratus
3093 4901 3145 4947 et
3167 4893 3374 4961 privati,
3393 4903 3446 4949 et
3465 4896 3710 4951 sacerdo-

2133 4993 2232 5050 tes,
2255 4994 2309 5038 et
2333 4983 2421 5053 qui
2441 4984 2490 5038 in
2517 4984 2706 5038 ordine
2731 4984 2984 5038 laicorum
3007 4993 3304 5051 versantur,
3327 4996 3380 5039 ut
3401 4987 3471 5040 illi
3497 4989 3708 5058 quidem

2130 5073 2322 5127 divites
2354 5074 2481 5127 tanti
2524 5089 2628 5127 non
2662 5073 2850 5126 faciunt
2871 5116 2885 5138 ,
2912 5089 3082 5143 neque
3114 5074 3345 5129 illustres
3373 5075 3561 5132 domos
3585 5094 3703 5147 per-

2130 5175 2418 5234 sequantur
2437 5207 2450 5227 ,
2479 5165 2570 5219 sed
2602 5167 2846 5219 virtutem
2888 5180 3008 5218 cum
3049 5175 3359 5236 paupertate
3385 5168 3673 5239 disquiraut
3697 5214 3714 5238 ,

2131 5272 2304 5326 neque
2344 5258 2718 5327 pauperiorum
2753 5256 2972 5310 fratrum
3000 5257 3119 5311 illos
3156 5257 3381 5325 pudeat,
3415 5275 3591 5330 neque
3631 5272 3707 5313 ta-

2130 5351 2536 5406 bernaculorum
2568 5354 2832 5422 opiﬁcem,
2863 5360 2919 5406 et
2942 5352 3246 5414 curiarium.
3269 5363 3324 5410 et
3354 5367 3606 5424 purpura:
3634 5353 3709 5404 in-

2129 5442 2400 5505 stiturem,
2433 5450 2488 5494 et
2506 5443 2752 5495 aerarium
2781 5443 3117 5507 amittentes,
3141 5455 3234 5496 eos
3263 5442 3350 5511 qui
3377 5443 3707 5512 magistratus

2130 5543 2321 5598 gerunt
2362 5534 2538 5588 colant
2567 5552 2579 5586 :
2611 5535 2696 5604 qui
2730 5551 2854 5588 vero
2888 5535 3074 5603 privati
3102 5541 3227 5588 sunt
3247 5575 3262 5598 ,
3286 5548 3356 5588 ne
3377 5549 3437 5588 se
3466 5530 3704 5604 impediri

2131 5634 2350 5696 putent,
2383 5642 2489 5695 quo
2531 5628 2702 5680 minus
2743 5635 2956 5681 sanctos
2989 5625 3286 5694 excipiant,
3313 5624 3406 5679 sed
3449 5638 3704 5678 memores

2130 5718 2323 5786 vidua),
2355 5734 2470 5788 qua:
2505 5718 2706 5773 lleliam
2734 5718 2990 5788 suscepit,
3023 5733 3142 5772 cum
3171 5717 3244 5772 illi
3275 5716 3459 5772 farina:
3489 5717 3704 5789 pugillus
