4006 6434
509 389 612 448 195

487 510 588 583 τὴν
621 510 819 584 χήραν,
850 510 883 583 ἡ
918 511 1010 565 τὸν
1045 511 1228 565 Ἠλίαν
1260 512 1574 578 ὑπεδέξατο,
1618 512 1796 583 δράκα
1836 510 2069 582 ἀλεύρου

491 604 653 674 μόνον
687 603 907 674 ἔχουσα,
948 604 1043 658 καὶ
1077 602 1336 667 τούτους,
1384 602 1434 655 οἳ
1469 603 1560 657 τὸν
1611 602 1823 657 Παῦλον
1868 602 2072 656 διετίαν

490 694 755 759 ἐξένισαν,
797 693 895 756 τάς
925 693 1101 755 οἰκίας
1136 692 1448 762 διανοίγωσι
1488 695 1603 757 τοῖς
1633 693 1910 764 δεομένοις
1930 733 1945 760 ,
1975 691 2071 746 καὶ

490 785 669 840 πάντα
699 786 812 848 τοῖς
864 784 1036 850 ξένοις
1080 778 1183 838 ὦσι
1228 786 1385 839 κοινὰ
1418 785 1766 855 κεκτημένοι.
1814 785 1905 855 Μὴ
1929 856 1936 862 ,
1962 784 2071 856 γάρ

489 865 581 945 μοι
616 874 774 929 τοῦτο
804 875 985 947 εῖπῃς,
1023 877 1105 929 ὅτι
1150 877 1369 941 οἰκέτας
1410 878 1510 930 οὐκ
1547 876 1692 946 ἔχεις
1720 873 2070 945 διακονουμέ-

489 984 629 1031 νους.
660 966 779 1021 Κᾶν
824 967 934 1042 γὰρ
979 968 1206 1039 μυρίους
1244 968 1392 1042 ἔχῃς,
1421 970 1450 1021 ὁ
1478 967 1609 1031 Θεός
1653 984 1711 1020 σε
1742 965 1953 1020 κελεύει
1981 964 2070 1019 διὰ

491 1058 687 1112 σαυτοῦ
717 1059 818 1129 τῆς
843 1058 1146 1128 φιλοξενίας
1170 1060 1260 1113 τὸν
1291 1060 1501 1130 καρπὸν
1526 1059 1753 1131 τρυγᾷν.
1781 1056 1882 1111 Διά
1910 1056 2070 1110 τοῦτο

489 1152 700 1215 Παῦλος
750 1153 898 1223 χήρα
947 1153 1169 1220 γυναικὶ
1219 1152 1631 1223 διαλεγόμενος,
1684 1151 1777 1204 καὶ
1829 1149 2068 1203 κελεύων

484 1244 653 1316 αὐτὴν
710 1244 1029 1315 ξενοδοχεῖν,
1086 1245 1147 1298 οὐ
1198 1245 1264 1298 δι’
1297 1246 1520 1316 ἐτέρων,
1579 1243 1717 1296 άλλά
1764 1243 1831 1296 δι’
1866 1240 2067 1310 ἑαυτῆς

484 1337 642 1389 τοῦτο
690 1336 999 1389 ἐπέταττεν.
1051 1335 1233 1390 Εἰπὼν
1288 1334 1419 1405 γάρ,
1473 1333 1541 1388 El
1601 1332 2063 1400 ἐξενοδόχησεν,

424 1490 439 1501 1
483 1427 782 1498 ἐπήγαγεν,
815 1429 885 1481 Εἰ
930 1427 1115 1497 ἁγίων
1143 1426 1336 1492 πόδας
1377 1427 1611 1493 ἔνιψεν.
1642 1426 1759 1478 Οὐκ
1807 1419 1982 1487 εἶπεν,
2014 1423 2065 1475 εἰ

481 1521 739 1591 χρήματα
762 1518 1122 1589 ἐδαπάνησεν,
1148 1518 1289 1577 οὐδὲ,
1318 1519 1366 1571 εἰ
1396 1519 1512 1581 τοῖς
1537 1517 1779 1579 οἰκέταις
1809 1516 2063 1569 ἐκέλευσε

480 1611 641 1665 τοῦτο
672 1613 918 1681 ποιῆσαι.
949 1612 1086 1675 ἀλλ’,
1123 1614 1171 1664 εἰ
1204 1611 1269 1664 δι’
1303 1610 1507 1679 ἑαυτῆς
1541 1609 1700 1663 τοῦτο
1745 1608 2060 1680 εἰργάσατο.

482 1702 580 1755 Διὰ
608 1701 767 1755 τοῦτο
804 1703 895 1755 καὶ
920 1703 949 1755 ὁ
987 1700 1239 1774 Ἀϐραάμ
1266 1701 1609 1776 τριακοσίους
1632 1698 1777 1753 ὀκτὼ
1808 1701 1902 1753 καὶ
1929 1699 2066 1752 δέκα

482 1796 771 1861 οἰκογενεῖς
820 1793 978 1864 ἔχων,
1019 1792 1181 1857 αὐτὸς
1215 1794 1308 1846 ἐπὶ
1354 1793 1456 1862 τὴν
1494 1791 1696 1863 ἀγέλην
1729 1791 1940 1860 ἔτρεχε,
1974 1789 2067 1842 καί¹

481 1884 574 1939 τὸν
604 1886 802 1956 μόσχον
838 1883 1129 1949 ἐϐάσταζε,
1166 1885 1260 1938 καὶ
1291 1884 1358 1937 τὰ
1397 1883 1534 1936 ἀλλα
1563 1884 1778 1937 ἅπαντα
1804 1881 2061 1953 διηκόνει,

484 1975 580 2030 καὶ
610 1975 710 2045 τὴν
741 1978 973 2043 γυναῖκκ
1007 1975 1260 2029 κοινωνὸν
1288 1974 1462 2027 ἐποίει
1493 1974 1602 2027 τῶν
1629 1975 1729 2045 τῆς
1761 1974 2065 2043 φιλοξενίας

483 2063 727 2136 καρπῶν.
756 2065 855 2118 Διά
879 2064 1038 2118 τοῦτο
1068 2064 1162 2118 καὶ
1196 2064 1225 2117 δ
1264 2062 1468 2133 Κύριος
1506 2064 1664 2135 ἡμῶν
1698 2063 1903 2135 Ἰησοῦς
1933 2065 2064 2134 Χρι-

482 2155 607 2219 στὸς
638 2156 730 2208 καὶ
764 2157 822 2209 ἐν
850 2156 1022 2228 φάτνῃ
1055 2156 1321 2219 τίκτεται,
1353 2156 1449 2209 καὶ
1488 2158 1546 2208 ἐν
1571 2155 1718 2226 οἰκίᾳ
1750 2155 2064 2225 τικτόμενος

478 2245 764 2315 τρέφεται,
810 2245 905 2297 καὶ
948 2244 1203 2315 αὐξηθεὶς
1242 2243 1342 2296 οὐκ
1371 2238 1485 2312 εἶχε
1528 2241 1631 2296 ποῦ
1677 2242 1776 2313 τὴν
1823 2241 2064 2311 κεφαλὴν

480 2331 656 2403 κλίνῃ,
687 2331 774 2385 ἵνα
814 2347 874 2383 σε
904 2330 1169 2403 παιδεύσῃ
1196 2330 1283 2384 διὰ
1314 2328 1531 2384 πάντων
1562 2330 1638 2403 μὴ
1675 2330 1810 2401 πρὸς
1836 2330 1903 2382 τὰ
1928 2329 2065 2401 λαμ-

478 2423 595 2494 πρά
621 2422 713 2476 τοῦ
760 2422 879 2492 βίου
911 2421 1103 2476 τούτου
1143 2422 1427 2493 κεχηνέναι
1477 2422 1798 2493 πράγματα,
1828 2420 1943 2474 ἀλλ’
1972 2422 2063 2474 εύ-

477 2515 688 2578 τελείας
715 2511 854 2569 εἶναι
891 2514 1125 2587 ἐραστὴν
1172 2515 1472 2585 πανταχοῦ,
1503 2514 1597 2568 καὶ
1629 2514 1904 2585 πτωχείαν
1940 2512 2065 2567 διώ-

478 2622 612 2663 κειν.
657 2606 749 2658 καὶ
787 2605 1104 2676 περιουσίαν
1151 2603 1395 2673 φεύγειν,
1428 2606 1522 2657 καὶ
1560 2603 1759 2657 ἔσωθεν
1792 2603 2064 2657 καλλωπί-

477 2697 689 2762 ζεσθαι.
721 2696 895 2752 Πᾶσα
932 2696 1043 2769 γάρ
1080 2696 1116 2763 ή
1148 2695 1299 2761 δόξα
1336 2695 1448 2765 τῆς
1487 2695 1780 2765 θυγατρὸς
1814 2694 1919 2749 τοῦ
1954 2695 2063 2759 ,βας

477 2787 718 2853 σιλέως,
766 2787 950 2858 φησὶν,
987 2787 1235 2842 ἔσωθεν.
1278 2784 1405 2839 Ἐὰν
1446 2785 1577 2857 ἔχῃς
1617 2786 1936 2856 προαίρεσιν
1976 2803 2063 2854 φι-

478 2880 712 2947 λόξενον,
739 2880 959 2934 ἃπασαν
981 2880 1079 2950 τῆς
1110 2878 1414 2948 φιλοξενίας
1440 2878 1582 2949 ἔχεις
1611 2877 1709 2947 τὴν
1737 2877 1931 2949 θήκην,
1960 2876 2063 2930 κᾶν

478 2973 666 3027 ὀϐολὸν
694 2968 764 3045 ᾗς
792 2972 1129 3043 κεκτημένος
1166 2973 1356 3042 μόνον·
1389 2970 1454 3025 ἂν
1486 2970 1545 3024 δέ
1587 2969 1971 3041 μισάνθρωπος
1997 2964 2063 3043 ᾗς

480 3063 577 3118 καὶ
619 3062 931 3134 μισόξενος,
984 3061 1089 3115 κᾶν
1141 3061 1212 3115 τά
1250 3061 1432 3115 πάντα
1480 3057 1547 3135 ᾗς
1599 3059 2064 3133 περιϐεϐλημένος

479 3156 804 3226 πράγματα,
850 3151 1286 3226 ἐστενοχώρηταί
1332 3168 1415 3206 σοι
1447 3155 1560 3217 τοῖς
1601 3151 1772 3219 ξένοις
1810 3153 1845 3223 ή
1891 3151 2059 3206 οἰκία.

485 3247 602 3303 Οὐκ
628 3242 772 3318 εἶχεν
794 3245 932 3317 αῦτη
971 3245 1157 3310 κλίνας
1189 3243 1636 3317 ἀτγυρενδέτους,
1666 3244 1782 3298 ἀλλ’
1809 3239 1925 3315 εἶχε
1959 3261 2064 3298 σω·

480 3340 760 3412 φροσύνην
786 3339 1016 3410 πολλήν·
1048 3339 1149 3393 οὐκ
1178 3336 1291 3409 εἶχε
1330 3338 1644 3409 στρωμνὴν,
1680 3337 1819 3393 ἀλλά
1865 3337 2062 3408 προαί-

482 3448 629 3503 ρεσιν
658 3431 924 3503 ἐκέκτητο
953 3430 1199 3503 προσηνῆ
1228 3429 1322 3483 καί
1349 3428 1622 3499 φιλόξενον
1640 3446 1653 3459 ·
1677 3430 1777 3483 οὐκ
1808 3426 1921 3499 εἶχε
1946 3429 2061 3483 κίο-

479 3541 574 3588 νας
606 3523 1121 3601 ἀπαστράπτοντας,
1170 3521 1289 3575 ἀλλ’
1328 3518 1441 3593 εἶχε
1474 3521 1652 3593 ψυχῆς
1681 3521 1833 3595 [178]
1868 3522 2062 3586 κάλλος

476 3616 829 3687 ᾁπολάμπον’
859 3614 959 3668 οὐκ
990 3609 1102 3685 εἶχε
1132 3612 1340 3684 τοίχους
1376 3613 1688 3685 μαρμάροις
1729 3613 2061 3685 περιϐεϐλη-

482 3709 709 3775 μένους,
753 3707 873 3762 οὐδὲ
912 3706 1107 3776 ἔδαφος
1143 3705 1346 3777 ψηφῖσι
1394 3704 1790 3777 διηνθισμένον,
1848 3705 1961 3759 ἀλλ’
1994 3701 2063 3777 ἦν

478 3801 618 3871 αὐτὴ
653 3800 781 3864 ναὸς
819 3799 913 3859 τοῦ
947 3799 1282 3870 Πνεύματος.
1330 3796 1517 3852 Ταῦτα
1549 3797 1812 3869 ἐπῄνεσεν
1837 3799 1865 3851 ὁ
1910 3797 2061 3851 Παῦ-

477 3890 590 3955 λος,
630 3890 834 3945 τούτων
870 3890 1121 3963 ἡράσθηο
1157 3890 1246 3945 διὰ
1288 3887 1463 3943 ταῦτα
1493 3889 1589 3960 ἔτη
1621 3889 1714 3943 δύο
1751 3891 1939 3961 μείνας
1970 3888 2062 3942 ἐπὶ⁵

476 3983 577 4054 τῆς
609 3984 787 4047 οἰκίας
824 3984 927 4037 οὐκ
972 3983 1341 4041 ἀπανίστατο·
1384 3982 1474 4037 διὰ
1518 3982 1689 4036 ταῦτα
1733 3982 1913 4035 αὐτῶν
1962 3981 2060 4051 μέ-

483 4087 683 4141 μνηται
729 4069 1032 4141 διηνεκῶς,
1079 4071 1175 4124 καὶ
1230 4071 1505 4144 ἐγκώμιον
1554 4072 1738 4135 αὐτοῖς
1780 4070 2061 4140 συντίθησι

482 4163 626 4234 μέγα
664 4163 759 4217 καὶ
792 4161 1124 4243 θαυμαστὸν,
1157 4165 1259 4241 οὐχ
1300 4165 1385 4218 Eva
1417 4164 1614 4229 αὐτοὺς
1648 4163 2062 4235 λαμπροτέρους

479 4256 799 4328 ἐργάσηται,
822 4254 935 4309 ἀλλ’
960 4255 1046 4309 ἵνα
1069 4257 1193 4320 τοὺς
1220 4257 1439 4321 λοιποὺς
1464 4259 1543 4320 εἰς
1566 4255 1659 4309 τὸν
1683 4256 1843 4309 αὐτὸν
1877 4257 2062 4329 ἀγάγῃ

479 4348 662 4420 ζῆλον,
686 4348 781 4402 καὶ
807 4348 968 4420 πείσῃ
999 4347 1345 4420 μακαρίζειν,
1370 4348 1490 4419 οὐχὶ
1517 4348 1645 4412 τοὺς
1671 4347 2058 4413 πλουτοῦντας,

477 4440 598 4494 οὐδὲ
627 4440 751 4502 τοὺς
786 4441 843 4493 ἐν
875 4439 1071 4511 ἀρχαῖς
1118 4438 1276 4503 ὄντας
1298 4479 1313 4504 ,
1355 4436 1493 4492 ἀλλά
1536 4438 1664 4503 τοὺς
1706 4437 2021 4507 φιλοξένους
2043 4476 2058 4502 ,

478 4531 604 4596 τοὺς
650 4529 976 4602 ἐλεήμονας,
1029 4530 1155 4593 τοὺς
1186 4526 1633 4599 φιλανθρώπους,
1673 4528 1802 4592 τοὺς
1855 4526 2058 4598 πολλὴν

481 4623 611 4693 περί
641 4623 768 4686 τοὺς
798 4624 985 4691 ἁγίους
1011 4622 1411 4694 φιλοφροσύνην
1438 4621 1936 4693 ἐπιδεικνυμένους.

552 4723 612 4768 ε’.
628 4716 814 4769 Ταῦτα
836 4716 902 4788 δὴ
927 4715 1020 4770 καὶ
1051 4718 1212 4787 ἡμεῖς
1228 4716 1337 4772 ἀπὸ
1353 4716 1455 4787 τῆς
1476 4717 1835 4788 προσρήσεως
1857 4715 2060 4787 ταύτης

484 4805 768 4878 μαθόντες,
795 4806 880 4862 διὰ
909 4806 1017 4861 τῶν
1062 4807 1240 4878 ἔργων
1272 4808 1452 4862 αὐτῶν
1500 4807 1924 4879 ἐπιδειξιέῳεθα·
1964 4807 2060 4862 καί

484 4901 620 4970 μήτε
649 4898 772 4962 τοὺς
811 4897 1172 4962 πλουτοῦντας
1215 4898 1397 4963 ἁπλῶς
1443 4898 1863 4971 μακαρίζωμεν,
1915 4901 2058 4971 μήτε

477 4996 605 5057 τοὺς
642 4994 888 5063 πτωχοὺς
929 4991 1372 5062 ἐξευτελίζωμεν,
1412 4993 1548 5064 μηδέ
1592 4992 2059 5066 ἐπαισχυνώμεθα

477 5084 727 5157 τέχναις,
778 5082 914 5155 μηδέ
958 5082 1159 5148 δνειδος
1210 5079 1350 5137 εἶναι
1412 5084 1725 5157 νομίζωμεν
1776 5085 2058 5157 ἐργασίαν,

477 5175 614 5234 ἀλλά
639 5174 860 5246 ἀργίαν,
884 5173 985 5231 καὶ¹
1005 5173 1065 5226 τὸ
1096 5173 1170 5247 μὴ
1198 5173 1342 5244 ἔχειν
1368 5191 1421 5228 τι
1455 5178 1647 5229 ποιεῖν.
1680 5176 1742 5230 Εἰ
1785 5176 1894 5250 γάρ
1923 5176 2060 5229 ὄνει-

474 5270 565 5336 δος
585 5264 654 5342 ἦν
679 5268 740 5323 τὸ
766 5266 1120 5341 ἐργάζεσθαι,
1158 5268 1258 5323 οὐκ
1296 5267 1362 5323 ἂν
1399 5268 1532 5323 αὐτὸ
1562 5268 1828 5340 μετῆλθεν
1857 5272 1884 5323 ὁ
1914 5268 2059 5322 Παῦ-

475 5364 588 5427 λος.
614 5362 715 5416 οὐκ
737 5360 805 5416 ἂν
841 5363 931 5414 ἐπ’
953 5358 1104 5432 αὐτῷ
1133 5358 1317 5431 μεῖζον
1342 5361 1663 5433 ἐφρόνησεν,
1687 5361 1827 5414 οὓτω
1856 5362 2055 5431 λέγων·

489 5456 632 5510 Ἐὰν
662 5456 772 5525 γὰρ
799 5452 1279 5525 εὐαγγελίζωμαι,
1308 5456 1420 5509 οὐκ
1451 5453 1585 5508 ἔστι
1622 5470 1725 5521 μοι
1758 5454 2057 5524 καύχημα.

481 5547 577 5614 Τίς
598 5546 712 5600 οὖν
740 5546 839 5615 μοί
861 5547 1033 5601 ἐστιν
1054 5548 1087 5600 ὀ
1108 5546 1331 5616 μισθός
1349 5563 1366 5611 ;
1386 5547 1512 5599 Ἵνα
1538 5545 2062 5616 εὐαγγελιζόμενος

475 5637 792 5692 ἀδάπανον
828 5636 996 5703 θήσω
1040 5638 1105 5691 τὸ
1129 5636 1498 5709 Εὐαγγέλιον
1529 5636 1635 5691 τοῦ
1682 5637 1961 5705 Χριστοῦ.
1997 5638 2061 5691 Εἰ

477 5727 728 5798 δέητέχνη
761 5727 964 5792 ὄνειδος
998 5724 1088 5798 ἦν,
1135 5730 1239 5783 οὐκ
1275 5728 1341 5783 ἂν
1380 5729 1507 5792 τοὺς
1553 5728 1629 5800 μὴ
1658 5727 2060 5801 ἐργαζομένους

484 5816 740 5867 ἐκέλευσε
794 5818 926 5887 μηδὲ
980 5818 1202 5873 ἐσθίειν.
1255 5820 1526 5891 Ἀμαρτία
1563 5821 1673 5892 γὰρ
1718 5821 1878 5892 μόνον
1912 5822 2060 5880 ἐστὶν

491 5902 716 5969 ἧνειδοςσ
744 5906 948 5980 ταύτην
970 5908 1027 5960 δέ
1057 5909 1219 5977 ἀργία
1247 5910 1450 5965 τίκτειν
1500 5912 1677 5979 εἴωθε,
1706 5912 1799 5967 καί⁵
1831 5914 1889 5967 οὐ
1933 5915 2061 5986 μίαν

1169 411 1226 469 ε.
1269 408 1557 470 JOANNIS
1595 409 2099 469 CHRYSOSTOMI
2140 409 2458 469 ARCHIEP.
2497 409 3050 472 CONSTANTINOP.
3608 404 3696 463 I95

2181 514 2275 568 καὶ
2304 512 2399 569 δύο
2430 516 2522 568 καὶ
2549 517 2698 586 τρεῖς
2732 516 2913 587 μόνον,
2951 515 3088 570 ἀλλά
3135 516 3312 569 πᾶσαν
3354 512 3480 586 ὁμοῦ
3508 514 3593 588 τὴν
3630 536 3713 574 πο-

2177 606 2391 677 νηρίαν.
2417 606 2515 661 Διά
2543 605 2702 661 τοῦτο
2747 607 2843 661 καί
2875 625 2962 671 τις
2994 606 3158 676 σοφὸς
3183 605 3412 670 δεικνὺς,
3452 607 3529 660 ὅτι
3560 610 3714 664 πᾶσαν

2176 696 2276 768 τὴν
2309 697 2504 751 κακίαν
2546 695 2783 760 ἐδίδαξεν
2811 699 2845 768 ἡ
2874 695 3065 767 ἀργία,
3108 695 3203 749 καὶ
3233 695 3358 766 περί
3385 696 3592 750 οἰκετῶν
3617 698 3713 751 δια-

2176 787 2464 857 λεγόμενός
2507 805 2671 856 φησιν
2692 805 2705 820 ·
2754 789 3014 857 Ἔμσαλε
3054 786 3244 841 αὑτὸν
3293 788 3378 852 εἰς
3412 785 3591 857 ἔργον,
3630 788 3714 842 ινα

2171 876 2256 946 μὴ
2282 877 2455 948 ἀργῇ.
2485 879 2662 949 Ὅπερ
2695 878 2801 950 γάρ
2832 880 2981 931 ἐστιν
3003 877 3033 929 ὁ
3058 877 3273 947 χαλινὸς
3299 874 3375 946 τῷ
3398 877 3557 948 ῖππῳ,
3581 878 3715 931 τοῦτο

2174 968 2237 1021 τὸ
2261 968 2422 1039 ἔργον
2448 971 2511 1040 τῇ
2543 969 2704 1038 φύσει
2729 972 2793 1040 τῇ
2823 969 3089 1041 ἡμετέρᾳ.
3114 969 3181 1023 Εἰ
3212 967 3372 1021 καλὸν
3396 963 3459 1039 ἡν
3494 969 3525 1039 ἡ
3552 968 3713 1039 ἀργία,

2175 1058 2354 1112 πάντα
2382 1060 2449 1113 ἂν
2476 1060 2736 1130 ἀσπαρτα
2768 1059 2864 1111 καὶ
2891 1059 3133 1129 ἀνήροτα
3159 1059 3193 1128 ἡ
3226 1058 3296 1128 γῆ
3329 1056 3710 1111 ἀνεϐλάστανενν

2175 1150 2291 1203 ἀλλ’
2325 1150 2477 1205 οὐδὲν
2519 1149 2759 1203 τοιοῦτον
2798 1150 3111 1221 ἐργάζεται.
3154 1147 3352 1220 Πρώην
3387 1148 3481 1218 μὲν
3510 1143 3593 1202 οῦν
3614 1149 3713 1202 ἐκέ-

2173 1243 2364 1297 λευσεν
2396 1244 2635 1313 ἀνήροτα
2668 1242 2847 1296 πάντα
2875 1241 3129 1295 ἐκϐαλεῖν
3157 1242 3185 1294 ό
3214 1240 3345 1304 Θεός
3364 1256 3377 1269 ⁸
3419 1241 3528 1296 vvvl
3553 1241 3603 1294 δέ
3630 1241 3715 1295 οὐκ

2172 1334 2428 1407 ἐποίησεν
2452 1332 2644 1396 οὕτως,
2676 1333 2815 1387 ἀλλά
2846 1334 2943 1387 καὶ
2989 1332 3176 1397 ζεῦξαι
3213 1331 3359 1402 βόας,
3396 1333 3485 1385 καί
3517 1332 3714 1404 ἄροτρον

2173 1426 2418 1492 ἑλκύσαι,
2441 1426 2537 1480 καὶ
2568 1424 2781 1480 αὔλακα
2809 1427 3123 1496 ἀνατεμεῖν,
3149 1425 3242 1479 καὶ
3270 1424 3547 1497 σπέρματα
3573 1441 3715 1478 κατα·

2172 1518 2408 1584 ϐάλλειν,
2456 1519 2550 1572 καὶ
2610 1519 2818 1589 ἑτέροις
2865 1517 3077 1581 πολλοῖς
3135 1517 3354 1588 τρόποις
3415 1516 3715 1588 θεραπεῦσαι

2173 1610 2267 1663 καὶ
2307 1610 2551 1680 ἄμπελον
2585 1612 2681 1664 καὶ
2711 1610 2902 1681 δένδρα
2942 1610 3037 1664 καὶ
3070 1609 3362 1681 σπέρματα
3390 1612 3496 1675 τοῖς
3532 1608 3713 1680 ἀνθρώ·

2173 1717 2295 1763 ποις
2325 1701 2736 1772 ἐνομοθέτησεν,
2767 1700 2836 1754 ἶν’
2876 1703 2909 1772 ἡ
2952 1701 3051 1771 τῆς
3085 1701 3350 1771 ἐργασίας
3377 1700 3589 1771 ἀσχολία
3624 1700 3715 1755 πά-

2173 1809 2273 1861 σης
2294 1792 2484 1865 ἀπάγῃ
2507 1792 2773 1863 πονηρίας
2809 1792 2911 1863 τὴν
2942 1792 3053 1845 τῶν
3079 1793 3462 1863 ἐργαζόμενων
3489 1792 3713 1846 διάνοιαν.

2185 1883 2275 1949 Ἐξ
2311 1885 2486 1956 ἀρχῆς
2519 1884 2618 1955 μὲν
2643 1879 2757 1950 οῦν,
2786 1884 2874 1936 ῖνα
2902 1884 3003 1955 τὴν
3030 1882 3260 1955 δύναμιν
3298 1882 3612 1953 ἐπιδείξηται
3632 1880 3716 1950 τὴν

2171 1976 2389 2040 ἐαυτοῦ,
2434 1978 2605 2049 χωρὶς
2650 1976 2759 2030 τῶν
2798 1976 2978 2029 πόνων
3040 1975 3150 2029 τῶν
3200 1975 3483 2047 ἡμετέρων
3530 1974 3717 2029 ἅπαντα

2170 2067 2491 2140 ἀναδοθῆναι
2537 2066 2919 2140 παρεσκεύασε
2940 2084 2953 2097 ·
2988 2066 3403 2135 Βλαστησάτω
3441 2065 3543 2135 τὰρ
3577 2065 3612 2133 ἡ
3651 2062 3716 2134 γῆ

2165 2159 2439 2228 βοτάνην
2478 2162 2721 2230 χόρτου,
2757 2160 2920 2230 φησί·
2957 2160 3052 2213 καὶ
3084 2159 3260 2213 πάντα
3300 2158 3473 2228 ἐκόμα
3501 2154 3713 2217 εὐθέωςο

2173 2251 2313 2319 μετά
2341 2251 2397 2304 δέ
2427 2251 2599 2305 ταῦτα
2634 2252 2732 2322 οὐχ
2761 2252 2932 2315 οὕτως
2951 2267 2963 2279 ⁸
2994 2251 3130 2305 ἀλλά
3164 2251 3258 2304 καὶ
3295 2250 3384 2303 διὰ
3421 2249 3524 2303 τῶν
3556 2247 3719 2319 ἡμετὲ-

2172 2341 2461 2414 ρωνάὒτά
2499 2344 2677 2398 πόνων
2704 2344 3034 2414 ἐκφέρεσθαι
3065 2342 3356 2395 ἐκέλευσεν
3383 2342 3446 2394 ἐκ
3485 2341 3575 2410 τῆς
3609 2337 3715 2407 γῆς.

2172 2435 2258 2489 ἵνα
2280 2433 2456 2506 μάθῃς
2478 2435 2561 2489 ὅτι
2594 2434 2683 2489 διὰ
2706 2434 2768 2488 τὸ
2791 2436 3061 2506 χρήσιμον
3091 2435 3224 2504 ἡμῖν
3250 2433 3350 2488 καὶ
3370 2430 3623 2492 λυσιτελὲς
3640 2428 3716 2480 τὸν

2172 2526 2332 2579 πόνον
2373 2528 2657 2596 εἰσήγαγε.
2705 2526 2818 2579 Kal
2861 2527 3009 2579 δοκεῖ
3060 2525 3161 2597 μὲν
3211 2520 3353 2578 εἶναι
3393 2522 3598 2585 κόλασις
3640 2519 3717 2573 καὶ

2170 2616 2410 2687 τιμωρία
2448 2617 2511 2671 τὸ
2557 2615 2821 2683 ἀκοῦσαι,
2860 2618 2956 2669 Ἐν
3009 2614 3205 2684 ἱδρῶτι
3260 2615 3372 2669 τοῦ
3433 2610 3716 2682 προσώπου

2170 2726 2287 2764 σου
2319 2709 2478 2782 φάγῃ
2507 2710 2616 2765 τὸν
2657 2710 2841 2781 ἄρτον
2877 2726 3022 2765 σου·
3058 2709 3118 2763 τὸ
3147 2708 3204 2762 δέ
3244 2707 3473 2779 ἀληθὲς,
3501 2702 3718 2760 νουθεσία

2169 2803 2253 2867 τίς
2285 2805 2401 2857 ἐστι
2432 2803 2528 2857 καὶ
2560 2796 2966 2872 σωφρονισμδς,
3002 2798 3095 2853 καὶ
3132 2800 3241 2854 τῶν
3269 2799 3589 2873 τραυμάτων
3624 2793 3716 2846 τῶν

2170 2897 2278 2950 ἀπὸ
2317 2896 2418 2966 τῆς
2455 2895 2735 2966 ἁμαρτίας
2772 2892 3078 2964 γενομένων
3110 2892 3423 2963 φάρμακον.
3452 2885 3545 2940 Διά
3570 2881 3717 2937 ταῦτα

2170 2990 2263 3044 καὶ
2297 2988 2509 3051 Παῦλος
2535 2985 2818 3057 εἰργάζετο
2851 2984 3133 3055 διηνεκῶς,
3156 2982 3257 3035 οὐκ
3291 2984 3351 3035 ἐν
3381 2979 3555 3051 ἡμέρᾳ
3583 2974 3714 3046 μόνῃ,

2168 3081 2307 3135 ἀλλὰ
2336 3081 2431 3135 καὶ
2470 3081 2527 3133 ἐν
2569 3080 2706 3150 αὐτῇ
2747 3080 2813 3150 τῇ
2854 3076 3041 3130 νυκτίο
3076 3077 3170 3130 καὶ
3213 3074 3376 3128 τοῦτο
3421 3072 3516 3143 βοᾷ
3540 3068 3713 3135 λέγων·

2168 3170 2402 3235 Νυκτὸς
2426 3169 2535 3240 γὰρ
2570 3168 2667 3220 καὶ
2700 3166 2925 3237 ἡμέρας
2961 3163 3365 3235 ἐργαζόμενοι,
3393 3159 3537 3229 πρὸς
3564 3159 3619 3209 τὲ
3642 3153 3718 3223 μὴ

2167 3261 2531 3329 ἐπιϐαρῆσαί
2566 3277 2698 3313 τινα
2732 3256 2917 3328 ὑμῶν.
2960 3256 3072 3311 Kal
3121 3256 3223 3326 οὐχ
3272 3253 3458 3316 ἁπλῶς
3506 3248 3718 3320 τέρψεως

2167 3353 2355 3406 ἕνεκεν
2386 3352 2480 3406 καὶ
2525 3350 2887 3421 ψυχαγωγίας
2925 3348 2989 3402 τὸ
3031 3347 3191 3420 ἔργον
3241 3346 3465 3417 μετῄει,
3499 3339 3718 3406 καθάπερ

2169 3442 2354 3496 πολλοί
2374 3442 2481 3495 τῶν
2504 3440 2770 3509 ἀδελφῶν,
2796 3438 2931 3492 ἀλλὰ
2953 3424 3205 3492 τοσοῦτον
3227 3434 3567 3488 ἐπεδείκνυτο
3589 3422 3716 3500 [179]

2170 3535 2298 3606 περὶ
2328 3532 2463 3587 αὐτὸ
2500 3532 2682 3597 πόνον,
2722 3530 2797 3592 ὡς
2830 3529 2923 3583 καὶ
2963 3526 3169 3598 ἐτέροις
3200 3523 3497 3596 δυνηθῆναι
3527 3522 3720 3606 ἐπικου-

2173 3602 2351 3697 Ρῆίται·
2390 3622 2523 3688 Ταῖς
2566 3621 2677 3691 γὰρ
2708 3620 2936 3689 χρείαις
2967 3635 3108 3689 μου,
3144 3614 3300 3687 φησὶ,
3328 3613 3427 3668 καί
3455 3611 3571 3677 τοῖς
3599 3602 3719 3663 οὖσι

2163 3718 2291 3787 μετ’
2313 3716 2458 3786 ἐμοῦ
2486 3713 2875 3782 ὑπηρέτησαν
2901 3713 2961 3764 αἱ
2988 3708 3183 3779 χεῖρες
3206 3703 3407 3764 αὗται.
3433 3703 3721 3773 Ἀνθρωπος

2167 3810 2417 3879 δαίμοσιν
2453 3807 2775 3868 ἐπιτάττων,
2803 3803 2900 3874 τῆς
2934 3799 3259 3872 οἰκουμένης
3296 3794 3604 3853 διδάσκαλος
3634 3790 3717 3853 ὢν,

2166 3902 2292 3965 τοὺς
2324 3900 2422 3973 τὴν
2451 3899 2553 3967 γῆν
2577 3894 2857 3959 οἰκοῦντας
2884 3892 3129 3956 ἅπαντας
3157 3890 3504 3962 ἐπιτραπεὶς,
3528 3886 3610 3938 καὶ
3637 3881 3720 3941 τὰς

2170 3990 2258 4058 ὑφ’
2296 3987 2433 4058 ἡλίῳ
2465 3985 2723 4055 κειμένας
2766 3980 3090 4052 Ἑκκλησίας
3136 3978 3376 4043 ἁπάσας,
3417 3976 3508 4030 καὶ
3543 3973 3720 4043 δήμους

2169 4084 2260 4134 καὶ
2290 4080 2416 4151 ἕθνη
2450 4078 2546 4132 καὶ
2581 4076 2766 4140 πόλεις
2803 4073 2941 4146 μετά
2975 4072 3176 4143 πολλῆς
3210 4068 3527 4143 θεραπεύων
3555 4066 3721 4132 ἐπιμε-

2166 4174 2336 4238 λείας,
2365 4171 2537 4227 νύκτα
2568 4171 2662 4224 καὶ
2689 4168 2903 4242 ἡμέραν
2931 4165 3238 4239 εἰργάζετο,
3283 4165 3380 4220 καὶ
3408 4162 3525 4217 οὐδὲ
3554 4155 3721 4230 μικρὸν

2167 4266 2389 4321 ἀνέπνει
2432 4263 2540 4317 τῶν
2572 4262 2750 4315 πόνων
2777 4259 3020 4314 ἐκείνων.
3059 4260 3249 4330 Ἡμεῖς
3285 4257 3364 4322 δὲ,
3402 4252 3520 4307 οὐδὲ
3554 4250 3610 4303 τὸ
3635 4263 3722 4318 μυο

2171 4356 2382 4429 ριοστὸν
2408 4356 2508 4426 τῆς
2543 4353 2749 4407 ἐκείνου
2789 4350 3068 4423 φροντίδος
3116 4349 3423 4419 μετιόντες,
3465 4342 3649 4415 μᾶλλον

2166 4427 2287 4503 οὐδὲ
2308 4449 2387 4512 εἰς
2414 4446 2538 4501 νοῦν
2567 4445 2752 4500 λαϐεῖν
2779 4442 3085 4514 δυνάμενοι,
3109 4439 3465 4510 διατελοῦμεν
3492 4438 3548 4490 ἐν
3573 4427 3721 4500 ἀργίᾳ

2169 4540 2369 4607 ζῶντες
2400 4537 2685 4610 διηνεκῶς.
2737 4536 2848 4590 Kal
2888 4534 3050 4588 ποίαν
3104 4531 3299 4604 ἕξομεν
3353 4525 3654 4595 ἀπολογίαν,
3691 4516 3722 4587 ἦ

2166 4636 2290 4690 τίνα
2314 4630 2663 4703 συγγνώμην,
2681 4628 2803 4683 εἰπέ
2834 4645 2956 4699 μοι;
2997 4625 3280 4681 Ἐντεῦθεν
3306 4624 3521 4678 ἅπαντα
3546 4618 3619 4679 εἰς
3644 4610 3723 4666 τὸν

2170 4728 2283 4799 βίον
2308 4725 2679 4796 εἰσενήνεκται
2699 4721 2769 4775 τά
2793 4722 2959 4786 κακά,
2981 4720 3066 4774 ὅτι
3096 4717 3281 4773 πολλοί
3312 4715 3569 4788 μεγίστην
3590 4704 3725 4799 ἀξίαν

2168 4795 2304 4873 εἶναι
2352 4795 2663 4888 νομίζουσι,
2712 4813 2775 4867 τὺ
2816 4813 2891 4884 μὴ
2945 4811 3042 4875 τὰς
3088 4809 3295 4864 ἑαυτῶν
3351 4795 3727 4878 μεταχειρίξειν

2167 4912 2360 4982 τέχνας
2381 4949 2396 4975 ,
2444 4910 2537 4963 καὶ
2599 4907 2838 4978 ἐσχάτην
2896 4902 3268 4976 κατηγορίανν
3318 4901 3381 4953 τὸ
3417 4889 3641 4986 φανῆναί
3682 4900 3726 4986 τέ

2166 5002 2405 5056 τοιοῦτον
2432 5000 2661 5064 εἰδότας.
2693 4999 2803 5054 Kal
2836 4995 3047 5060 Παῦλος
3081 4995 3178 5067 μὲν
3206 4995 3307 5047 οὐκ
3329 4987 3588 5063 ᾐσχύνετο
3608 4984 3725 5050 ὁμοῦ

2168 5095 2263 5147 καὶ
2286 5094 2486 5165 σμίλην
2517 5089 2934 5163 μεταχειρίζων,
2960 5089 3056 5142 καὶ
3088 5087 3337 5158 δέρματα
3379 5083 3618 5156 ράπτων,
3645 5068 3726 5126 καὶ

2166 5189 2279 5250 τοῖς
2312 5187 2369 5238 ἐν
2400 5184 2673 5255 ἀξιώμασι
2701 5181 3103 5252 διαλεγόμενος,
3133 5178 3270 5234 ἀλλά
3315 5178 3410 5232 καὶ
3454 5166 3729 5228 ἐνεκαλλω-

2168 5279 2358 5343 πίζετο
2393 5277 2472 5347 τῷ
2515 5275 2824 5346 πράγματι,
2857 5273 3068 5346 μυρίων
3109 5272 3246 5343 πρὸς
3284 5269 3448 5324 αὑτὸν
3483 5256 3730 5335 λαμπρῶν

2168 5371 2265 5424 καὶ
2296 5371 2588 5441 ἐπισήμων
2616 5366 3033 5439 ἀφικνουμένων
3063 5363 3388 5437 ἀνθρώπων.
3425 5359 3537 5414 Kal
3560 5356 3617 5410 οῦ
3647 5350 3732 5423 μό·

2168 5477 2256 5514 νον
2280 5461 2381 5512 οὐκ
2415 5457 2755 5528 ἐπῃσχύνετο
2780 5456 2959 5510 ταῦτα
2992 5454 3183 5518 ποιῶν,
3210 5451 3346 5508 ἀλλὰ
3375 5450 3473 5504 καὶ
3497 5444 3729 5508 καθάπερ

2169 5553 2227 5604 ἐν
2265 5551 2435 5622 στήλῃ
2473 5547 2649 5621 χαλκῇ
2679 5550 2798 5610 ταῖς
2843 5544 3155 5608 ἐπιστολαῖς
3184 5541 3591 5611 ἐξεπόμπευσεν
3619 5534 3729 5587 ἐαυ-

2167 5643 2261 5696 τοῦ
2295 5642 2356 5697 τὺ
2394 5642 2755 5713 ἐπιτήδευμα.
2787 5642 2965 5711 Ὅπερ
2989 5633 3086 5692 οῦν
3116 5637 3178 5703 ἐξ
3223 5636 3393 5708 ἀρχῆς
3432 5630 3621 5702 ἔμαθε,
3649 5622 3730 5679 καὶ

2172 5735 2312 5807 μετά
2350 5734 2524 5789 ταῦτα
2560 5733 2694 5788 αὐτὸ
2729 5731 3085 5804 μετεχείριζε,
3126 5729 3221 5782 καὶ
3253 5726 3369 5780 τότε
3407 5723 3548 5795 μετά
3577 5717 3635 5773 τὸ
3659 5717 3728 5777 εἰς

2169 5828 2396 5900 οὐρανὸν
2427 5827 2606 5898 τρίτον
2642 5826 2984 5898 άρπαγῆναι,
3015 5821 3157 5892 μετά
3193 5820 3254 5874 τὸ
3296 5819 3375 5881 εἰς
3421 5812 3727 5887 παράδεισον

2152 5918 2554 5990 ⁸ἀπενεχθῆναι,
2595 5918 2732 5988 μετά
2778 5918 2837 5972 τὸ
2891 5917 3219 5988 κοινωνῆσαι
3272 5911 3531 6002 ῥημάτων
3568 5902 3729 5975 ἀπυρο
