4006 6410
251 381 342 437 195

244 500 409 554 solum
449 497 753 562 suppeteret
788 487 806 560 (
837 489 890 545 ὅ.
920 487 1048 559 Reg.
1087 488 1171 544 l7.
1193 488 1278 543 10.
1308 488 1442 559 sqq.)
1463 531 1478 554 ,
1506 498 1555 543 et
1600 488 1821 542 istorum

246 589 328 659 qui
350 586 562 645 Paulum
584 582 650 638 ad
675 581 814 639 duos
843 595 1013 636 annos
1044 580 1307 650 hospitem
1336 580 1605 646 aluerunt,
1634 579 1826 635 domos

247 678 413 749 egenis
437 676 713 747 aperiant,
742 685 797 729 et
819 672 999 729 omnia
1030 672 1329 742 liOSpitibus
1357 673 1663 728 communia
1700 686 1823 727 esse

245 772 416 837 velint,
439 784 558 840 quae
583 767 874 838 possident.
901 764 1019 821 Noli
1045 765 1188 820 enim
1216 764 1318 821 hoc
1347 763 1476 818 mihi
1504 762 1682 818 dicere
1700 803 1717 829 ,
1747 762 1826 817 la-

250 862 412 917 mulos
467 860 560 914 tibi
604 859 780 914 nullos
826 872 985 923 esse,
1019 856 1109 926 qui
1156 856 1469 911 inserviant.
1502 854 1653 909 Licet
1679 854 1822 909 enim

249 953 460 1008 haberes
480 951 811 1015 innumeros,
843 947 1087 1019 praecipit
1117 948 1275 1014 Deus,
1304 955 1363 1002 ut
1391 961 1485 1017 per
1509 955 1560 1002 te
1584 947 1699 1017 ipse
1723 948 1823 1000 lto-

245 1041 533 1112 spitalitatis
572 1039 803 1096 fructum
828 1038 1107 1108 decerpas.
1142 1038 1426 1107 Propterea
1470 1037 1664 1093 Paulus
1701 1053 1822 1092 cum

247 1136 506 1190 mulierem
551 1133 764 1190 viduam
803 1133 1203 1202 alloqueretur,
1232 1146 1460 1202 eamque
1505 1133 1821 1202 hospitalem

245 1242 354 1282 esse
393 1226 605 1296 juberet
627 1267 643 1291 ,
676 1240 783 1280 non
812 1238 910 1295 per
938 1224 1107 1290 alias,
1148 1223 1244 1279 sed
1286 1238 1383 1293 per
1427 1224 1656 1294 scipsam
1690 1232 1745 1279 ut
1771 1223 1823 1279 id

243 1328 412 1389 ageret
438 1319 736 1390 imperavit.
768 1317 903 1375 Cum
932 1317 1074 1373 enim
1104 1316 1365 1385 dixisset,
1405 1317 1467 1373 Si
1496 1317 1716 1387 hospitio
1745 1334 1821 1373 re-

243 1414 381 1484 cepit,
402 1411 615 1482 adjecit,
648 1411 710 1467 Si
733 1420 1024 1475 sanctorum
1050 1410 1201 1482 pedes
1226 1410 1347 1465 lavit
1377 1410 1455 1481 (l.
1484 1409 1615 1464 Tim.
1634 1411 1687 1466 5.
1708 1408 1820 1482 l0).

244 1505 348 1561 Non
373 1504 534 1571 dixit,
560 1503 617 1560 Si
658 1503 913 1576 pecunias
938 1503 1224 1574 expendit,
1260 1516 1463 1573 neque,
1492 1503 1547 1559 Si
1574 1503 1785 1558 famulis
1803 1545 1820 1572 ,

248 1606 300 1652 ut
326 1596 373 1651 id
412 1604 661 1667 agerent,
693 1595 1015 1666 imperavit,
1047 1593 1143 1650 sed
1164 1636 1178 1661 ,
1209 1593 1268 1651 Si
1299 1610 1394 1665 per
1422 1608 1483 1650 se
1509 1594 1678 1665 ipsam
1721 1594 1825 1649 hoc

246 1689 490 1760 perstitit.
518 1689 809 1759 Propterea
830 1696 884 1744 et
913 1687 1206 1754 Abraham,
1235 1687 1320 1742 cui
1349 1687 1572 1743 trecenti
1597 1695 1651 1740 et
1675 1694 1825 1742 octo-

246 1780 403 1836 decim
428 1788 581 1835 erant
613 1779 885 1835 vernaculi
908 1820 924 1847 ,
953 1778 1020 1834 ad
1059 1793 1275 1849 gregem
1320 1779 1434 1848 ipse
1472 1779 1739 1848 perrexit,
1768 1786 1823 1833 et

245 1873 450 1929 vitulum
474 1874 738 1944 gestavit,
777 1881 830 1929 el
861 1872 964 1945 alia
994 1880 1184 1928 cuncta
1224 1871 1519 1927 ministeria
1544 1871 1708 1936 obiit,
1741 1882 1822 1926 at-

244 1981 336 2035 que
360 1976 575 2021 uxorem
599 1965 651 2020 in
680 1965 1012 2021 consortium
1037 1964 1309 2021 fructuum
1338 1964 1716 2036 hospitalitatis
1734 1963 1823 2021 ad-

245 2057 401 2112 scivit.
429 2057 720 2128 Propterea
748 2071 964 2129 quoquc
988 2057 1248 2114 Dominus
1274 2065 1461 2113 noster
1482 2056 1639 2113 Jesus
1668 2055 1822 2112 Chri—

243 2157 344 2204 stus
389 2158 441 2205 et
486 2150 537 2204 in
593 2149 858 2219 praesepio
910 2149 1186 2215 nascitur,
1237 2156 1295 2205 et
1338 2148 1390 2203 iu
1446 2148 1610 2205 domo
1661 2158 1815 2205 natus

243 2241 513 2308 educatur,
544 2256 725 2313 neque
762 2241 975 2297 adultus
1019 2240 1206 2298 habuit
1235 2240 1325 2297 ubi
1361 2250 1520 2310 caput
1552 2256 1708 2297 suum
1735 2257 1821 2297 re-

242 2336 465 2402 clinaret,
498 2343 557 2391 ut
585 2335 672 2391 his
697 2334 946 2390 omnibus
975 2342 1027 2390 te
1053 2334 1291 2402 doceret,
1320 2342 1378 2390 ut
1403 2348 1490 2390 res
1523 2333 1676 2390 istius
1696 2332 1819 2389 vita:

241 2427 521 2497 splendidas
547 2427 620 2483 ad
657 2437 932 2498 stuporem
959 2442 1028 2483 ne
1054 2426 1266 2482 mireris
1287 2467 1303 2494 ,
1335 2425 1431 2482 sed
1464 2425 1664 2482 vilioris
1690 2441 1819 2482 con—

240 2519 680 2575 ditionisamator
707 2518 904 2590 ubique
933 2518 1029 2583 sis,
1061 2532 1125 2574 ac
1152 2517 1480 2588 paupertatis
1507 2516 1779 2573 studiosus
1798 2557 1813 2582 ,

239 2625 383 2681 opum
427 2609 810 2666 abundantiam
858 2610 1060 2677 evites,
1104 2618 1159 2665 et
1207 2608 1348 2666 intus
1396 2609 1580 2664 ornari
1635 2623 1812 2666 cures.

229 2701 404 2762 ,Onmis
426 2704 628 2775 quippe
653 2701 820 2775 gloria
839 2703 963 2773 lilia:
990 2702 1122 2774 regis
1147 2701 1209 2755 ab
1229 2703 1365 2757 intus
1388 2699 1560 2772 (Psal.
1584 2702 1674 2758 44.
1699 2702 1814 2773 14),

239 2795 391 2867 inquit
418 2795 719 2867 Scriptura.
752 2794 808 2851 Si
842 2793 1119 2866 proposito
1145 2793 1310 2848 animi
1342 2795 1414 2848 tui
1442 2792 1817 2864 hospitalitatis

238 2899 406 2941 amans
429 2886 501 2942 sis
525 2928 540 2954 ,
569 2900 788 2942 omnem
823 2884 1205 2956 hospitalitatis
1233 2883 1442 2940 thecam
1476 2885 1662 2951 babes,
1693 2884 1818 2941 licet

238 2977 433 3034 obolum
459 2988 669 3034 tantum
702 2977 977 3049 possideas
1002 2998 1015 3033 :
1045 2977 1126 3032 sin
1156 2986 1334 3032 autem
1367 2976 1688 3032 inhumanus
1717 2977 1812 3045 sis,

237 3078 285 3123 et
311 3071 535 3141 hospites
565 3068 768 3137 oderis,
794 3070 918 3125 licet
942 3067 1238 3133 innumeris
1264 3067 1426 3122 rebus
1450 3066 1812 3137 circumﬂuas,

238 3161 382 3215 nimis
412 3169 639 3232 angusta
666 3168 749 3216 est
781 3176 878 3231 pro
906 3159 1202 3231 peregrinis
1225 3158 1417 3215 domus
1442 3168 1548 3214 tua.
1573 3159 1689 3215 Non
1722 3160 1820 3214 ba-

237 3252 380 3309 bcbat
407 3255 505 3311 ista
534 3254 711 3311 lectos
746 3264 968 3326 argento
997 3263 1250 3320 ornatos,
1300 3253 1395 3309 sed
1422 3268 1685 3310 summam
1718 3254 1816 3309 ba-

238 3342 381 3400 bcbat
402 3347 703 3402 castitatem
734 3366 749 3404 :
776 3360 880 3402 non
909 3344 1141 3401 habebat
1180 3346 1495 3416 stragulum,
1520 3346 1617 3402 sed
1652 3348 1817 3402 animi

238 3437 489 3505 proposito
536 3445 660 3492 erat
694 3445 973 3493 mansueto
999 3444 1055 3491 et
1084 3435 1332 3509 bOSpitali
1364 3458 1378 3495 :
1407 3453 1513 3493 non
1542 3438 1819 3496 columnas

237 3522 451 3583 babebat
479 3527 748 3599 fulgentes
774 3569 790 3596 ,
817 3529 912 3584 sed
950 3528 1142 3583 animm
1167 3527 1622 3600 pulchritudinem
1648 3527 1818 3586 habe-

236 3617 316 3674 bat
349 3621 666 3678 emicantem
700 3641 714 3678 :
747 3637 854 3677 non
901 3637 1172 3678 marmore
1214 3624 1545 3680 conveslitos
1588 3623 1819 3680 habebat

238 3712 473 3780 parietes,
508 3729 619 3769 non
658 3715 885 3784 gemmis
913 3712 1224 3771 distinctum
1275 3716 1634 3786 pavimentum
1660 3757 1676 3784 ,
1722 3718 1817 3773 sed

236 3802 338 3872 ipsa
367 3805 600 3876 Spiritus
651 3815 769 3864 erat
813 3807 1090 3879 templum.
1140 3808 1265 3865 llaec
1312 3808 1546 3866 laudavit
1586 3811 1814 3877 Paulus,

237 3893 341 3951 hzec
368 3897 670 3964 adamavit;
702 3908 920 3970 prOpler
956 3899 1070 3955 haec
1093 3915 1216 3957 cum
1247 3901 1299 3956 in
1336 3901 1541 3958 aedibus
1577 3903 1643 3960 ad
1683 3903 1819 3959 duos

234 4000 392 4054 annos
413 3998 780 4045 commoratus
798 4000 972 4054 esset,
998 3989 1122 4046 inde
1147 4006 1255 4047 non
1282 3995 1544 4048 recessit:
1573 4003 1817 4065 propter-

230 4093 293 4143 ea
320 4082 554 4137 meminit
589 4096 804 4154 semper
831 4083 1067 4153 ipsorum
1089 4127 1104 4151 ,
1124 4099 1419 4156 eorumque
1460 4087 1817 4144 laudationem

237 4171 472 4227 eximiam
504 4174 613 4230 illis
639 4175 876 4230 contexit
901 4182 956 4230 et
997 4174 1312 4245 mirificam,
1344 4192 1450 4232 non
1483 4188 1541 4232 ut
1564 4178 1819 4236 clariores

235 4260 344 4319 illos
369 4265 577 4333 reddat,
611 4266 704 4321 sed
730 4274 790 4322 ut
810 4273 1035 4322 caeteros
1064 4267 1131 4322 ad
1160 4268 1407 4325 eumdem
1436 4271 1608 4325 zelum
1635 4287 1820 4327 accen-

234 4352 337 4421 dat,
367 4356 548 4428 eisque
574 4358 928 4428 persuadeat,
956 4366 1015 4414 ut
1035 4359 1221 4415 beatos
1246 4361 1557 4430 praedicent,
1589 4378 1696 4419 non
1724 4379 1818 4420 eos

235 4446 315 4514 qui
348 4446 538 4506 divites
578 4459 730 4519 sunt,
760 4465 934 4521 neque
964 4451 1052 4522 qui
1085 4460 1283 4523 gerunt
1316 4453 1657 4523 magistratus
1681 4496 1696 4524 ,
1724 4455 1819 4512 sed

233 4541 315 4606 qui
338 4522 632 4612 hospitales
661 4551 716 4597 et
744 4522 1119 4600 misericordes
1161 4553 1288 4626 sunt
1308 4586 1323 4611 ,
1356 4522 1818 4620 etbenigni,vqui-

234 4642 330 4698 que
352 4633 567 4689 multam
597 4649 725 4704 erga
755 4644 971 4691 sanctos
990 4635 1249 4695 exhibent
1273 4639 1603 4695 comitatem.

299 4723 351 4779 5.
380 4722 632 4799 Epilogus
661 4729 907 4784 sermonis
941 4739 988 4784 et
1031 4730 1309 4785 cohortatio
1337 4732 1547 4786 moralis
1586 4732 1655 4786 ad
1692 4749 1820 4804 opus

232 4829 484 4872 manuum.
534 4817 656 4874 Non
696 4820 839 4875 debet
871 4836 966 4875 nos
1002 4820 1192 4892 pudere
1216 4820 1407 4877 laboris
1436 4830 1482 4877 et
1516 4823 1726 4894 opiﬁcii.
1750 4855 1821 4865 —

232 4904 350 4965 llaec
388 4909 548 4981 igitur
587 4927 708 4968 cum
739 4926 838 4967 nos
864 4928 1078 4985 quoque
1115 4928 1182 4970 ex
1206 4913 1309 4971 hac
1327 4915 1651 4972 salutatione
1678 4917 1819 4973 didi-

230 5001 493 5068 cerimus,
525 5003 779 5072 operibus
834 5005 962 5074 ipsis
1010 5005 1284 5075 specimen
1327 5020 1514 5063 eorum
1560 5007 1817 5075 edamus,

234 5104 396 5159 neque
430 5092 622 5149 divites
654 5102 856 5150 temere
881 5095 1068 5152 beatos
1089 5095 1462 5167 prtedicemus,
1491 5114 1664 5170 neque
1688 5116 1820 5170 pau-

232 5194 379 5247 peres
418 5183 805 5253 vilipendamns
828 5226 847 5253 ,
878 5200 1051 5257 neque
1094 5200 1196 5243 nos
1222 5187 1419 5258 pudeat
1457 5190 1650 5244 artium
1676 5231 1690 5255 ,
1722 5206 1823 5246 nec

231 5271 490 5340 opiﬁcium
521 5277 772 5343 probrum
801 5291 923 5333 esse
951 5276 1231 5346 ducamus,
1258 5277 1351 5334 sed
1377 5278 1542 5335 otium
1562 5323 1577 5348 ,
1608 5290 1662 5336 et
1689 5283 1821 5337 nulli

231 5350 793 5433 nccupationiltacare.
823 5368 879 5424 Si
925 5369 1068 5425 enim
1108 5370 1363 5441 probrum
1391 5382 1537 5428 esset
1574 5376 1819 5444 operari,

232 5467 332 5508 non
359 5461 688 5515 exercuisset
711 5472 881 5516 artem
908 5461 1171 5528 ejusmodi
1200 5463 1396 5521 Paulus
1421 5508 1436 5531 ,
1469 5483 1642 5535 neque
1666 5484 1729 5525 ea
1756 5472 1822 5526 c’e

232 5557 383 5601 causa
416 5549 584 5620 magis
611 5551 870 5622 gloriatus
895 5562 1059 5619 esset,
1086 5553 1157 5613 ita
1186 5554 1370 5610 dicens
1394 5575 1407 5610 :
1434 5558 1497 5612 Si
1515 5559 1648 5612 enim
1672 5575 1823 5615 evan-

231 5639 503 5709 gelisurcro
522 5685 537 5706 ,
569 5663 670 5700 non
716 5656 789 5700 est
831 5646 954 5700 mihi
992 5646 1177 5718 gloria.
1215 5649 1341 5715 Quae
1365 5658 1437 5703 est
1477 5666 1596 5721 ergo
1635 5668 1821 5706 merces

232 5730 375 5783 mea?
392 5729 462 5787 Ut
482 5736 793 5808 evangelium
816 5737 1098 5807 praedicans
1116 5738 1223 5792 sine
1242 5749 1448 5809 sumptu
1474 5758 1659 5809 ponam
1679 5758 1821 5798 coan-

236 5813 413 5885 gelt'ttm
448 5817 634 5903 C/trt'stt
672 5826 762 5898 (Ι.
796 5826 913 5882 (ἔον.
942 5828 993 5885 9.
1028 5828 1113 5885 l6.
1141 5827 1263 5901 18).
1308 5828 1462 5899 Quod
1492 5829 1535 5887 si
1563 5833 1815 5903 probrum

964 374 1042 429 ΙΝ
1082 373 1305 441 lLLUD,
1346 371 1706 430 SALUTATE
1746 338 2155 428 PRISCILLAM
2198 372 2285 428 ET
2326 373 2654 443 AQUILA‘dl.
2696 374 2734 430 l.

3425 381 3520 439 Ml

1932 493 2075 539 esset
2101 500 2208 553 ars,
2229 501 2560 557 nequaquam
2591 503 2685 543 eos
2709 489 2797 559 qui
2826 502 3337 562 nouopct‘arentur,
3365 497 3524 552 etiam

1933 575 2257 632 manducare
2302 581 2559 634 vetuisset
2602 579 2696 651 (2.
2730 579 2903 636 Tltcss.
2924 584 2977 637 ὃ.
3006 584 3073 640 l0
3105 586 3142 652 ).
3176 585 3358 640 Solum
3384 598 3526 643 enim

1932 676 2209 736 peccatum
2242 677 2323 723 est
2350 671 2604 740 probrum
2644 690 2655 724 :
2690 684 2744 727 at
2773 674 2905 728 illud
2933 689 2997 729 ex
3025 676 3135 730 otio
3169 677 3318 733 nasci
3345 682 3486 736 solet
3512 726 3525 747 ,

1930 774 2030 813 nec
2056 774 2217 814 unum
2248 771 2339 816 aut
2376 762 2483 817 duo
2521 766 2604 819 vel
2635 766 2731 819 tria
2760 775 2987 833 tantum,
3021 768 3115 823 sed
3160 771 3337 825 omnis
3366 772 3527 828 simul

1931 851 2263 920 improbitas.
2294 855 2582 925 Propterea
2627 860 2841 928 sapiens
2883 862 3045 916 etiam
3085 862 3303 933 quidam
3342 876 3528 921 osten-

1928 939 2063 997 dens
2091 957 2303 1000 omnem
2336 946 2591 1001 malitiam
2621 949 2868 1005 docuisse
2907 952 3074 1006 otium
3100 994 3116 1020 ,
3160 963 3216 1009 et
3246 955 3406 1011 verba
3450 958 3524 1010 la-

1927 1032 2075 1087 ciens
2100 1033 2166 1088 de
2196 1037 2367 1091 servis
2390 1039 2463 1092 ait
2494 1056 2506 1092 :
2538 1039 2685 1093 Mitte
2709 1042 2854 1096 illum
2876 1043 2929 1097 in
2955 1046 3318 1116 operationem,
3347 1066 3411 1104 ne
3432 1065 3524 1104 oa-

1927 1134 2003 1177 cet
2029 1124 2047 1195 (
2075 1123 2237 1179 Eccli.
2265 1129 2350 1183 5‘5.
2381 1128 2498 1199 28).
2527 1132 2679 1197 Quod
2714 1134 2858 1188 enim
2889 1143 2972 1189 est
2997 1136 3221 1193 {menum
3256 1155 3425 1211 equo,
3473 1143 3522 1197 id

1928 1224 2010 1270 est
2035 1231 2170 1286 opus
2209 1230 2415 1277 natura:
2443 1235 2658 1278 nosme.
2683 1224 2738 1280 Si
2767 1225 2966 1282 bonum
2995 1230 3121 1300 quid
3145 1236 3291 1288 esset
3316 1236 3521 1299 otium,

1926 1308 2106 1365 omnia
2136 1310 2253 1366 sine
2276 1324 2517 1369 semente
2543 1325 2600 1371 et
2623 1318 2943 1387 agricultura
2972 1331 3111 1377 terra
3156 1325 3475 1394 produceret
3503 1345 3518 1383 :

1927 1400 2071 1471 atqui
2100 1402 2231 1458 nihil
2256 1405 2361 1462 tale
2398 1417 2633 1477 prestat.
2657 1410 2797 1466 Olim
2836 1412 2996 1485 igitur
3030 1424 3243 1473 terram
3263 1420 3529 1476 inarataut

1925 1488 2067 1546 ferre
2091 1502 2282 1549 cuncta
2309 1499 2566 1569 praecepit
2592 1502 2729 1558 Dens
2764 1520 2776 1555 :
2804 1503 2914 1575 jatn
2937 1521 3066 1562 vero
3093 1525 3197 1564 non
3239 1515 3309 1566 ita
3348 1512 3525 1580 fecit,

1927 1581 2024 1638 sed
2050 1592 2103 1639 et
2127 1584 2292 1641 boves
2310 1589 2535 1660 jungcre
2552 1633 2567 1657 ,
2596 1602 2649 1647 ct
2676 1609 2947 1651 vomerem
2978 1598 3210 1667 trahere,
3233 1610 3289 1657 ct
3312 1604 3519 1660 sulcum

1926 1673 2144 1743 ducere,
2174 1687 2228 1733 et
2255 1693 2438 1737 semen
2464 1682 2665 1753 jacere,
2693 1695 2852 1758 atque
2875 1689 2996 1744 aliis
3028 1693 3208 1747 multis
3233 1697 3407 1752 modis
3428 1712 3522 1752 eo.

1926 1765 2039 1824 lere
2077 1778 2131 1825 et
2173 1770 2334 1827 vitem
2365 1781 2420 1828 ct
2442 1774 2665 1832 arbores
2691 1787 2745 1833 et
2787 1782 2994 1837 semina
3022 1782 3328 1841 hominibus
3354 1789 3522 1859 impe-

1927 1860 2086 1926 ravit,
2117 1869 2175 1915 ut
2203 1865 2531 1933 operationis
2555 1870 2836 1940 occupatio
2855 1882 3090 1929 mentem
3117 1890 3323 1943 eorum,
3350 1879 3451 1950 qui.
3463 1895 3523 1936 se

1925 1952 2179 2023 operibus
2202 1967 2540 2026 exercerent,
2577 1960 2644 2017 ab
2671 1964 2815 2019 omni
2846 1964 3186 2036 improbitate
3218 1983 3516 2027 revocaret.

1929 2042 2195 2114 Principio
2215 2046 2453 2116 quidem,
2477 2059 2533 2106 ut
2558 2055 2849 2123 potentiam
2877 2072 3027 2113 suam
3046 2062 3375 2132 ostenderet,
3393 2065 3523 2121 elle—

1923 2133 1995 2187 cit
2020 2142 2076 2189 ut
2091 2136 2269 2192 omnia
2285 2138 2401 2195 sine
2421 2143 2617 2198 nostris
2636 2143 2906 2203 laboribus
2927 2153 3296 2219 provenirent:
3320 2154 3521 2211 Genui-

1923 2235 2005 2279 net
2019 2228 2153 2281 enim
2172 2235 2304 2283 terra
2320 2230 2527 2286 herbam
2548 2235 2670 2304 [teni
2689 2233 2841 2307 (Gen.
2864 2238 2914 2293 1.
2938 2240 3050 2311 ll),
3068 2241 3254 2313 inquit,
3270 2253 3324 2299 et
3338 2248 3518 2303 statim

1921 2328 2112 2375 cuncta
2141 2323 2472 2391 vernabant;
2497 2335 2680 2395 postea
2706 2343 2836 2383 vero
2861 2345 2966 2386 non
2994 2332 3102 2399 ita;
3126 2335 3219 2390 sed
3240 2344 3293 2391 ct
3312 2349 3521 2393 nostro-

1921 2424 2040 2465 rum
2067 2411 2308 2468 laborum
2335 2429 2497 2485 opera
2529 2417 2689 2487 jussit
2720 2420 2805 2475 illa
2835 2436 2866 2476 e
2902 2431 3040 2478 terra
3065 2425 3313 2494 produci,
3339 2437 3397 2482 ut
3433 2430 3518 2484 dt-

1848 2522 1856 2531 ο
1919 2515 2040 2556 scas
2060 2502 2129 2558 ob
2149 2504 2427 2561 utilitatem
2443 2516 2497 2561 et
2511 2511 2851 2567 commodum
2878 2524 3118 2571 nostrum
3142 2518 3375 2574 laborem
3398 2537 3520 2578 esse

1923 2593 2209 2651 invectum.
2229 2597 2306 2653 Ac
2330 2598 2542 2654 videtur
2556 2601 2768 2672 quidem
2797 2618 2954 2673 ptena
2970 2615 3026 2662 et
3053 2609 3368 2679 supplicium
3399 2627 3519 2670 esse

1919 2702 2039 2742 cum
2061 2689 2213 2744 audis
2242 2708 2257 2746 :
2284 2688 2349 2745 In
2375 2692 2560 2750 sudore
2585 2696 2749 2752 vultus
2776 2700 2852 2753 tui
2871 2702 3080 2758 vesceris
3100 2720 3232 2774 pane
3251 2714 3337 2761 tuo
3358 2706 3515 2778 (Gen.

1919 2778 1974 2835 5.
2010 2779 2097 2853 19)
2136 2800 2150 2837 :
2187 2797 2248 2838 re
2281 2793 2458 2841 autem
2488 2802 2613 2843 vera
2640 2790 2886 2861 qutedam
2915 2804 2998 2849 est
3024 2795 3315 2853 admonitio
3343 2810 3397 2855 et
3425 2817 3517 2855 ca-

1918 2873 2166 2945 stigatio,
2213 2886 2268 2932 et
2309 2879 2622 2957 vulnerum,
2665 2898 2783 2954 qua:
2829 2897 3102 2956 peccatum
3137 2890 3363 2959 inﬂixit,
3395 2910 3512 2950 me-

1920 2965 2059 3020 dela.
2087 2967 2257 3036 Quam
2280 2972 2350 3026 ob
2370 2986 2584 3029 causam
2606 2984 2661 3031 et
2677 2975 2872 3033 Paulus
2892 2980 3215 3049 operabatur
3237 2996 3515 3056 perpetuo,

1922 3073 2028 3112 non
2070 3059 2300 3117 interdiu
2342 3071 2545 3120 tantum
2569 3107 2582 3131 ,
2614 3066 2708 3122 sed
2739 3068 2899 3124 etiam
2927 3070 3040 3141 ipsa
3064 3083 3223 3128 nocte
3252 3093 3265 3128 :
3298 3078 3441 3147 quod
3466 3090 3519 3135 et

1925 3148 2038 3219 ipse
2061 3149 2298 3207 clamans
2324 3161 2550 3210 testatur
2575 3174 2588 3206 :
2623 3155 2786 3212 Nocte
2805 3160 2937 3214 enim
2960 3172 3005 3215 et
3032 3162 3115 3217 die
3134 3178 3399 3235 operatttcs
3420 3213 3432 3234 ,
3459 3188 3522 3226 ne

1921 3258 2065 3313 quem
2085 3252 2300 3299 vestrum
2318 3262 2640 3317 gravaremus
2658 3248 2705 3312 (Ι
2719 3249 2916 3308 .Tltess.
2935 3253 2987 3307 2.
3009 3253 3090 3324 9).
3103 3255 3285 3329 Neque
3303 3276 3428 3314 vero
3450 3273 3520 3317 te-

1923 3350 2072 3391 mere
2113 3336 2511 3407 delectationis,
2556 3351 2649 3397 aut
2680 3346 2957 3401 recreandi
2998 3349 3163 3404 animi
3196 3366 3356 3406 causa
3384 3370 3543 3422 opus.

1924 3428 2214 3497 tractabat,
2257 3429 2318 3484 si:
2338 3438 2396 3486 ut
2439 3431 2589 3486 multi
2634 3432 2860 3503 fratres,
2904 3438 2996 3493 sed
3051 3448 3197 3495 tanto
3238 3455 3297 3497 se
3337 3445 3518 3500 labore

1922 3521 2239 3590 exercebat,
2274 3531 2332 3578 ut
2365 3534 2419 3580 et
2447 3526 2657 3582 caeteris
2686 3528 2925 3585 subsidio
2963 3546 3085 3590 esse
3122 3545 3324 3604 posset.
3350 3538 3433 3592 Ad
3458 3556 3521 3596 ea

1922 3612 2056 3666 enim
2092 3629 2207 3683 qua:
2242 3615 2367 3669 mihi
2390 3633 2520 3687 opus
2544 3628 2720 3686 erant,
2750 3629 2798 3676 et
2824 3622 2887 3676 iis
2909 3624 2999 3694 qui
3024 3641 3217 3681 mecum
3243 3639 3392 3696 sunt,
3422 3631 3517 3684 mi-

1924 3702 2260 3759 nistrarerunt
2281 3721 2462 3761 manus
2486 3707 2594 3763 istte
2614 3708 2748 3781 (Act.
2764 3711 2853 3766 20.
2871 3712 2986 3783 54).
3015 3714 3186 3770 Homo
3206 3719 3294 3788 qui
3317 3718 3518 3775 daemo-

1924 3792 2079 3848 nibus
2126 3795 2449 3865 imperabat,
2496 3800 2583 3868 qui
2611 3799 2800 3856 doctor
2819 3812 2933 3857 erat
2959 3805 3105 3862 orbis
3126 3804 3408 3878 terrarum,
3431 3816 3519 3868 cui

1923 3887 2161 3940 omnium
2182 3928 2195 3949 ,
2224 3887 2312 3958 qui
2346 3896 2543 3945 terram
2572 3892 2844 3961 incolunt,
2868 3893 3040 3952 fuerat
3059 3913 3185 3954 cura
3207 3905 3514 3973 commisso,

1923 3976 2013 4046 qui
2052 3987 2272 4034 cunctas
2306 3980 2407 4035 sub
2436 3981 2551 4038 sole
2580 3986 2779 4053 positas
2806 3986 3074 4045 Ecclesias
3094 4032 3109 4057 ,
3134 3999 3188 4047 et
3216 3996 3438 4064 pupulos
3464 4008 3527 4053 et

1924 4068 2169 4124 nationes
2187 4111 2201 4135 ,
2233 4079 2288 4126 et
2329 4072 2492 4129 urbes
2519 4089 2727 4132 summa
2755 4080 3116 4139 sollicitudine
3141 4087 3392 4153 curabat,
3419 4105 3517 4143 uo.

1923 4170 2010 4215 ete
2029 4170 2085 4215 et
2110 4161 2195 4217 die
2222 4163 2544 4233 operabatur
2563 4207 2576 4232 ,
2604 4181 2668 4223 ac
2694 4183 2763 4225 ne
2793 4172 3056 4228 tantillum
3084 4176 3297 4246 quidem
3325 4177 3393 4232 ab
3415 4179 3521 4235 illis

1926 4251 2200 4309 laboribus
2233 4256 2553 4326 rcSpirabat.
2590 4259 2701 4316 Nos
2735 4275 2898 4331 vero,
2924 4266 3119 4334 quibus
3142 4282 3210 4325 ue
3241 4270 3517 4326 millesima

1925 4345 2138 4415 quidem
2177 4345 2319 4404 illius
2357 4365 2606 4407 curarum
2642 4368 2766 4423 pars
2795 4355 3087 4425 incumbit,
3120 4359 3203 4414 vel
3229 4361 3406 4430 potius
3430 4364 3516 4433 qui

1926 4452 1995 4494 ne
2032 4448 2211 4495 mente
2237 4440 2449 4512 quidem
2477 4458 2567 4499 eas
2593 4459 2784 4514 capere
2814 4461 3097 4516 possumus
3118 4490 3133 4515 ,
3172 4450 3225 4505 in
3254 4453 3364 4506 alio
3392 4467 3515 4525 per-

1927 4541 2090 4600 petuo
2130 4534 2292 4587 vitam
2332 4534 2595 4591 ducimus.
2639 4538 2755 4606 Qua
2788 4554 2919 4595 vero
2957 4540 3101 4612 digni
3139 4547 3517 4613 excuSatione.

1924 4623 2014 4680 vel
2040 4640 2141 4695 qua
2173 4625 2384 4682 tandem
2413 4628 2565 4683 venia
2587 4630 2963 4688 censebimur?
2984 4633 3112 4691 lude
3131 4650 3319 4694 cuncta
3351 4638 3403 4694 in
3424 4657 3519 4713 ge-

1927 4734 2027 4774 nus
2066 4718 2355 4777 humanum
2395 4724 2532 4778 mala
2567 4724 2940 4795 dimanarunt,
2983 4730 3125 4800 quod
3171 4732 3319 4788 multi
3365 4734 3419 4788 in
3456 4750 3525 4792 eo

1926 4814 2218 4869 maximum
2243 4813 2410 4871 decus
2432 4832 2552 4873 esse
2582 4819 2811 4888 positum
2832 4821 3158 4879 arbitrentur
3175 4866 3192 4894 ,
3216 4837 3275 4881 ut
3293 4841 3417 4883 suas
3440 4846 3526 4883 ar-

1929 4914 2008 4961 tes
2048 4906 2267 4963 minime
2306 4917 2568 4979 tractent,
2610 4921 2664 4967 et
2691 4927 2902 4969 summo
2930 4915 3030 4971 sibi
3055 4916 3265 4974 crimini
3290 4920 3522 4981 ducant.

1927 4996 1974 5051 si
2009 5011 2192 5053 earum
2234 5001 2476 5070 peritiam
2507 5018 2616 5073 prae
2646 5019 2707 5060 se
2736 5003 2929 5061 lerant.
2959 5007 3038 5062 Ac
3067 5008 3290 5066 Paulum
3309 5012 3527 5081 quidem

1928 5105 2036 5145 non
2077 5093 2238 5163 pudet
2280 5094 2439 5151 simul
2477 5105 2532 5152 et
2565 5099 2834 5169 scalprum
2882 5117 3044 5157 manu
3073 5111 3332 5171 tractare,
3364 5107 3528 5175 pelles

1928 5204 2191 5245 censuere
2214 5232 2230 5257 ,
2276 5199 2330 5245 et
2371 5190 2514 5245 viros
2552 5191 2748 5263 alloqui
2795 5193 2847 5248 in
2882 5194 3138 5266 dignitate
3165 5198 3485 5253 constitutos
3512 5241 3525 5256 .

1929 5280 2023 5335 scd
2073 5290 2128 5334 et
2168 5296 2225 5335 re
2265 5282 2353 5336 illa
2398 5281 2761 5355 gloriabatur,
2802 5300 2923 5340 cum
2953 5285 3019 5341 ad
3047 5301 3170 5341 eum
3198 5287 3295 5341 viri
3323 5287 3448 5341 elati
3475 5300 3529 5343 et

1930 5373 2164 5429 illustres
2199 5374 2542 5430 ventitarent.
2586 5374 2769 5446 Neque
2812 5386 3014 5430 tantum
3052 5376 3167 5432 haec
3192 5377 3341 5431 illum
3369 5392 3529 5448 agere

1930 5479 2036 5519 non
2079 5464 2329 5534 pudebat,
2367 5465 2460 5521 sed
2501 5466 2661 5521 etiaut
2693 5466 2746 5521 in
2776 5466 3017 5536 epistolis
3042 5466 3155 5521 suis
3177 5475 3445 5539 tamquam
3474 5470 3527 5525 iu

1922 5570 2073 5623 aereo
2120 5557 2307 5627 cippo,
2358 5571 2517 5627 quam
2567 5556 2906 5627 profiteretur
2945 5566 3155 5622 artem,
3202 5557 3525 5629 divulgahat.

1930 5645 2084 5715 Quod
2115 5647 2273 5718 igitur
2298 5647 2364 5702 ab
2390 5647 2540 5731 initio
2568 5648 2860 5716 didicerat,
2890 5647 3021 5704 illud
3046 5658 3099 5706 et
3119 5658 3306 5722 postea
3332 5662 3529 5708 tracta-

1930 5737 2052 5806 bat,
2082 5737 2241 5809 idque
2266 5746 2543 5809 postquam
2578 5736 2745 5793 fuerat
2776 5740 2987 5795 tertium
3016 5750 3199 5811 raptus
3220 5742 3272 5797 in
3302 5744 3489 5799 castum
3514 5786 3527 5807 ,

1932 5840 2210 5902 postquam
2255 5828 2542 5889 translatus
2577 5828 2752 5889 fuerat
2788 5831 2840 5889 in
2870 5830 3214 5906 paradisum,
3245 5846 3542 5910 postquam.
