4006 6418
545 373 648 432 I95

543 491 619 546 illi
655 489 799 546 Deus
837 502 1029 544 arcana
1069 485 1230 541 verba
1267 483 1749 538 communicaverat
1792 501 1804 534 :
1844 497 1944 536 nos
1973 497 2138 548 vero,

546 599 637 652 qut
677 598 745 638 ne
764 582 1245 638 calceamentorum
1268 576 1480 646 quidem
1502 576 1619 645 ejus
1639 589 1812 646 pretio
1838 573 2136 630 aestimandi

552 691 734 730 sumus
755 715 770 737 ,
809 672 966 728 nobis
997 685 1060 725 ea
1098 669 1292 739 probro
1325 667 1571 723 ducimus
1590 709 1604 733 ,
1635 667 1826 738 quibus
1855 683 1913 722 se
1944 668 2036 722 ille
2052 665 2133 736 ja-

545 768 756 831 ctabat,
791 773 846 820 ct
875 761 1096 832 singulis
1125 760 1340 831 quidem
1369 759 1560 817 diebus
1587 759 1712 813 dum
1741 758 2136 827 delinquimus,

547 874 652 912 non
690 855 1085 919 convertimur,
1138 869 1309 924 neque
1355 853 1608 923 probrum
1655 866 1774 906 esse
1815 866 2136 916 censemus;

543 968 606 1005 ex
673 950 832 1020 justis
885 957 1060 1004 autem
1113 947 1384 1002 laboribus
1433 946 1612 1002 vivere
1665 956 1931 1016 tamquam
1986 957 2139 1014 turpe

541 1058 604 1099 ac
655 1042 938 1098 ridiculum
977 1042 1260 1096 evitamus.
1308 1040 1438 1107 Qua:
1493 1039 1709 1094 tandem
1762 1041 1948 1110 igitur,
1985 1055 2136 1108 quze-

541 1148 638 1201 so,
693 1133 848 1189 nobis
898 1132 1084 1187 salutis
1139 1145 1264 1201 spes
1319 1130 1519 1200 reliqua
1567 1131 1706 1186 erit?
1754 1130 1921 1198 Quem
1991 1130 2136 1186 enim

543 1225 737 1296 pudet,
773 1234 986 1295 Oportet
1018 1224 1218 1294 peccati
1263 1222 1481 1293 pudere.
1520 1237 1583 1276 ac
1629 1223 1794 1277 Deum
1832 1221 2134 1289 offendisse,

539 1328 702 1388 atque
743 1315 939 1387 aliquid
978 1330 1163 1371 eorum
1205 1330 1325 1385 qua:
1368 1314 1572 1385 agenda
1619 1329 1724 1369 non
1774 1325 1895 1368 sunt
1945 1329 2131 1384 agere,

538 1411 632 1466 sed
650 1411 852 1467 artibus
867 1419 922 1466 et
942 1408 1168 1479 opificiis
1194 1408 1430 1479 gloriari.
1461 1407 1550 1464 Sic
1564 1408 1705 1462 enim
1727 1407 1834 1474 fiet,
1860 1419 1914 1462 ut
1936 1417 1990 1462 et
2011 1423 2102 1478 pra

539 1518 636 1559 vas
655 1503 1010 1574 cogitationes
1035 1517 1259 1573 operum
1290 1501 1728 1571 occupationibus
1750 1515 1813 1555 ex
1843 1509 2023 1556 mente
2051 1499 2136 1556 fa-

537 1596 642 1651 cile
663 1595 1020 1666 depellamus,
1047 1605 1103 1650 et
1121 1594 1306 1665 egenis
1331 1593 1571 1650 subsidio
1599 1594 1799 1660 simus,
1825 1600 1881 1648 et
1908 1592 2135 1647 aliorum

533 1685 716 1756 januis
752 1687 961 1741 molesti
997 1701 1103 1740 non
1143 1687 1346 1749 simus,
1373 1693 1428 1738 et
1450 1684 1650 1738 Christi
1677 1685 1846 1755 legem
1871 1682 2133 1753 adimple-

539 1791 727 1844 amus,
775 1778 865 1848 qui
907 1777 1048 1831 dixit
1095 1796 1108 1832 :
1152 1775 1362 1830 Bantius
1404 1785 1479 1830 est
1511 1777 1674 1842 dare,
1719 1792 1870 1844 quam
1910 1776 2138 1844 accipere

540 1866 678 1939 (Act.
721 1868 813 1924 20.
863 1869 993 1938 55).
1039 1868 1325 1938 Propterea
1372 1883 1600 1938 namque
1641 1868 1796 1924 nobis
1837 1868 1974 1922 datae
2012 1876 2137 1922 sunt

541 1975 732 2014 manus
756 2001 772 2025 ,
796 1969 853 2015 ut
883 1973 981 2014 nos
1009 1959 1152 2029 ipsos
1173 1959 1423 2029 juventus
1441 2001 1455 2026 ,
1486 1968 1540 2014 et
1565 1960 1629 2014 iis
1657 1959 1746 2030 qui
1773 1973 1998 2029 corpore
2019 1975 2138 2014 mu-

541 2053 671 2108 tilati
698 2061 854 2118 sunt,
900 2069 966 2109 ex
1001 2053 1157 2108 rebus
1192 2053 1424 2118 nostris,
1465 2067 1586 2123 quae
1629 2052 1930 2108 necessaria
1971 2061 2132 2117 sunt,

539 2144 720 2198 omnia
773 2159 871 2213 pro
909 2153 1092 2198 n03tra
1137 2143 1386 2198 facultate
1423 2143 1822 2214 suppeditemus
1857 2161 1871 2196 :
1913 2145 2055 2214 quod
2089 2145 2135 2200 si

539 2237 660 2306 quis
697 2236 750 2290 in
793 2236 904 2290 otio
939 2247 1280 2306 perseveret,
1319 2236 1390 2291 sit
1417 2236 1542 2292 licet
1565 2250 1757 2301 sanus,
1786 2236 1852 2291 iis
1879 2237 1967 2308 qui
2000 2237 2134 2292 febri

539 2328 786 2384 laborant
805 2369 821 2395 ,
851 2338 937 2384 est
967 2329 1215 2384 miserior
1241 2347 1255 2383 :
1284 2329 1546 2399 siquidem
1579 2329 1657 2384 illi
1677 2340 1893 2400 propter
1919 2331 2137 2400 aegritu-

538 2419 718 2474 dinem
757 2418 997 2488 corporis
1017 2420 1225 2474 veniam
1264 2431 1568 2485 merentur,
1609 2431 1662 2476 et
1691 2420 1844 2476 facile
1864 2421 1951 2490 qui
1976 2422 2136 2476 mise-

538 2520 718 2568 reatur
744 2513 981 2582 ipsorum
1009 2512 1314 2567 invenient:
1343 2513 1394 2566 hi
1418 2528 1544 2568 vero
1564 2515 1652 2582 qui
1678 2513 1870 2568 bonam
1893 2515 2135 2582 corporis

538 2605 902 2662 habitudinem
930 2605 1128 2675 probro
1152 2604 1389 2660 afficiunt
1403 2648 1417 2671 ,
1443 2606 1637 2660 merito
1657 2605 1724 2661 ab
1744 2605 1990 2661 omnibus
2011 2604 2136 2661 odio

538 2696 830 2762 habentur,
865 2709 920 2752 ut
949 2697 1038 2768 qui
1071 2705 1127 2752 et
1157 2696 1249 2751 Dei
1275 2696 1419 2767 leges
1446 2696 1677 2760 violent,
1705 2707 1761 2752 et
1783 2711 2025 2752 mensam
2054 2695 2133 2750 in—

536 2791 814 2844 tirmorum
861 2787 1088 2854 lmdant,
1128 2795 1184 2842 et
1218 2801 1369 2842 suam
1413 2788 1644 2842 animam
1671 2787 1992 2843 deteriorem
2019 2786 2132 2840 elli-

542 2882 707 2934 ciant.
756 2879 941 2950 Neque
981 2881 1123 2936 enim
1165 2881 1266 2936 hoc
1303 2881 1476 2935 solum
1512 2889 1594 2935 est
1633 2881 1792 2948 mali,
1833 2880 1974 2949 quod
2014 2893 2136 2933 cum

2029 3013 2244 3023 ...ιο-

1323 369 1380 425 S.
1419 367 1695 425 JOANNIS
1733 367 2134 425 CHRYSOSTU

2250 368 2570 427 ARCHIEP.
2609 374 3148 434 ιιυιιδΙΛΝΤΙΝΟΡ.
3713 391 3792 448 ltiti

2245 496 2346 537 suo
2389 483 2489 538 sibi
2542 484 2724 540 labore
2763 487 2960 542 victum
2998 504 3240 558 quaerere
3279 491 3559 563 deberent,
3603 497 3794 552 aliorum

2245 573 2450 628 aedibus
2490 574 2598 629 sint
2639 576 2959 646 importuni,
2997 581 3090 635 sed
3116 581 3256 651 quod
3283 583 3384 652 ipsi
3409 586 3644 642 omnibus
3687 605 3797 656 νεμν

2246 681 2336 722 res
2364 676 2610 722 evadant.
2644 669 2782 723 Nihil
2811 671 2953 725 enim
2984 683 3062 728 est
3081 713 3096 739 ,
3133 674 3258 730 nihil
3283 675 3438 745 plane
3466 680 3515 732 in
3545 681 3688 738 rebus
3721 684 3778 735 hu

2246 758 2415 811 manis
2437 797 2454 824 ,
2479 759 2620 828 quod
2649 774 2752 814 nou
2782 762 2894 815 otio
2925 764 3198 830 perdatur.
3227 765 3357 821 Nam
3387 777 3442 822 et
3464 785 3592 840 aqua
3615 774 3656 827 si
3679 783 3767 830 stet

2243 850 2640 918 corruinpitus;
2681 851 2726 904 si
2763 867 2892 907 vero
2925 866 3138 922 currat,
3174 871 3295 910 cum
3357 859 3546 930 ubique
3571 877 3790 933 vagetur.

2244 957 2396 996 suam
2419 944 2668 998 virtutem
2693 955 2977 1002 conservat
3006 966 3016 998 :
3042 958 3096 1002 et
3126 948 3324 1005 ferrum
3350 953 3558 1022 quidem
3579 955 3620 1011 si
3643 957 3688 1010 in
3707 961 3792 1013 otio

2245 1045 2490 1105 maneat,
2517 1037 2731 1093 mollius
2754 1053 2818 1093 ac
2843 1039 3078 1095 deterius
3109 1041 3194 1106 fit,
3226 1051 3280 1097 et
3305 1045 3540 1115 rubigine
3555 1051 3792 1104 consumi-

2246 1137 2367 1193 tur;
2408 1127 2550 1198 quod
2595 1137 2774 1184 autem
2816 1129 2884 1184 ad
2923 1131 3132 1200 opifieia
3165 1134 3512 1204 transfertur,
3545 1139 3695 1196 multo
3715 1144 3796 1194 uti-

2245 1219 2348 1274 lius
2391 1219 2484 1287 fit,
2514 1229 2568 1276 et
2597 1221 2890 1290 elegantius
2911 1263 2927 1289 ,
2959 1223 3230 1294 nihiloque
3258 1228 3436 1282 minus
3459 1243 3608 1298 quam
3635 1246 3796 1301 argen-

2245 1319 2356 1366 tum
2381 1312 2606 1382 quodvis
2631 1311 2865 1384 effulget.
2898 1317 2977 1370 Ac
3004 1324 3201 1372 terram
3229 1320 3443 1388 quidem
3472 1323 3680 1378 otiosam
3701 1341 3794 1380 cer-

2243 1403 2419 1457 nimus
2449 1403 2579 1458 nihil
2603 1403 2932 1461 fructuosum
2962 1408 3256 1477 producere
3279 1449 3296 1477 ,
3323 1412 3416 1466 sed
3443 1414 3572 1467 mala
3591 1417 3792 1484 gramina

2243 1505 2298 1550 et
2335 1497 2551 1566 spinas,
2595 1505 2653 1553 et
2692 1497 2914 1555 tribulos
2937 1539 2953 1566 ,
2985 1511 3040 1556 et
3065 1501 3404 1573 infrugiferas
3428 1507 3670 1562 arbores:
3698 1523 3792 1563 eam

2243 1605 2372 1645 vero
2397 1607 2516 1662 qua:
2555 1591 2724 1648 multo
2753 1591 2935 1649 labore
2959 1595 3153 1651 colitur
3173 1639 3188 1660 ,
3213 1599 3399 1654 sativis
3417 1599 3642 1670 frugibus
3659 1601 3796 1656 abun-

2241 1685 2391 1740 dare.
2433 1685 2665 1756 Singula:
2704 1685 2936 1758 denique
2968 1703 3085 1755 res,
3123 1699 3182 1744 ut
3210 1707 3320 1745 uno
3349 1691 3511 1747 verbo
3529 1692 3684 1748 dicam
3705 1736 3718 1757 ,
3740 1694 3794 1748 ab

2241 1779 2352 1833 ctiu
2387 1786 2834 1848 corrumpuntur,
2863 1794 2893 1834 a
2923 1781 3136 1850 propria
3166 1797 3294 1837 vero
3318 1785 3618 1852 operatione
3641 1785 3788 1840 utilio-

2243 1886 2329 1926 res
2371 1871 2688 1926 redduntur.
2741 1871 2865 1927 Hmc
2903 1873 3062 1942 igitur
3103 1875 3286 1930 omnia
3332 1891 3456 1930 cum
3491 1878 3793 1944 sciamus,et

2240 1973 2497 2034 quantum
2521 1962 2590 2016 ab
2617 1965 2728 2019 otio
2753 1964 3149 2019 incommodum
3175 1965 3456 2035 afferetur,
3483 1979 3712 2038 quantum
3737 1970 3790 2024 ab

2241 2071 2406 2125 opere
2447 2057 2652 2112 lucrum
2697 2057 3007 2127 invehatur,
3046 2058 3173 2112 illud
3209 2059 3506 2130 fugiamus,
3538 2063 3629 2116 hoc
3653 2071 3794 2118 secte-

2243 2165 2364 2203 mur
2383 2192 2397 2214 ,
2430 2158 2487 2202 ut
2514 2159 2566 2203 et
2595 2149 2756 2202 vitam
2789 2159 3106 2218 pmsentem
3134 2149 3363 2207 honeste
3389 2153 3733 2220 traducamus,
3751 2163 3794 2210 et

2240 2241 2424 2311 egenis
2451 2239 2520 2294 de
2545 2241 2744 2294 nostris
2776 2240 3115 2295 facultatibus
3141 2241 3386 2298 subsidio
3413 2244 3573 2299 simus
3590 2287 3604 2311 ,
3631 2255 3678 2300 et
3696 2247 3791 2299 aui-

2241 2348 2384 2388 mam
2423 2341 2661 2387 nostram
2704 2332 2981 2387 meliorem
3011 2332 3302 2390 reddentes
3320 2344 3516 2391 aeterna
3543 2337 3666 2391 bona
3686 2353 3792 2392 con-

2240 2439 2563 2495 sequamur:
2591 2439 2712 2494 qu:e
2741 2437 2839 2479 nos
2863 2438 3054 2480 omnes
3085 2425 3290 2481 utinam
3311 2428 3520 2498 assequi
3543 2429 3792 2499 contingat,

2239 2520 2406 2590 gratia
2434 2527 2489 2573 et
2517 2517 2845 2588 benignitate
2877 2518 3083 2574 Domini
3117 2520 3287 2574 nostri
3313 2520 3440 2576 Jesu
3459 2520 3672 2589 Christi,
3695 2537 3791 2575 cum

2239 2625 2346 2680 quo
2379 2609 2557 2677 Patri,
2592 2609 2855 2680 simulque
2898 2609 3115 2680 Spiritui
3161 2620 3354 2666 sancto
3393 2611 3590 2682 gloria,
3627 2620 3675 2667 et
3713 2611 3792 2665 im-

2242 2703 2447 2771 perium
2474 2743 2490 2770 ,
2532 2717 2674 2757 nunc
2711 2712 2767 2757 et
2812 2716 3028 2772 semper
3064 2710 3120 2758 et
3163 2701 3218 2757 in
3265 2703 3468 2760 saecula
3505 2703 3792 2758 saeculorum.

2240 2796 2435 2849 Amen.

1712 3104 1816 3178 IN
1867 3105 2237 3178 LOCUM
2297 3102 2646 3190 PAULI,

537 3279 861 3324 suarm:
937 3277 1308 3322 PRISCILLAM
1354 3277 1433 3320 ετ
1476 3277 1757 3331 aqua.“
1805 3259 1830 3341 ι
1855 3259 2032 3321 Rom.
2081 3258 2180 3320 16.
2225 3258 2338 3338 3),
2385 3276 2465 3318 ET
2507 3277 2590 3318 ne
2655 3275 2959 3321 COLBNDIS
3004 3277 3112 3320 DEI
3155 3275 3633 3338 SACERDOTIBUS,
3670 3277 3791 3323 ssn-

2022 3378 2115 3424 uo
2154 3361 2195 3420 2
2226 3359 2338 3441 (a).

1942 3517 2350 3558 στπτι-στππυ

612 3651 662 3703 1.
688 3647 992 3704 Sollicitudo
1028 3645 1176 3698 Pauli
1205 3655 1416 3716 quanta.
1458 3641 1702 3697 Priscilla
1730 3650 1778 3696 et
1810 3639 1992 3711 Aquila
2020 3653 2132 3707 pra:

537 3739 947 3807 omnibusbeutt'.
978 3765 1050 3778 ——
1070 3735 1256 3791 Nonne
1282 3735 1422 3790 docti
1451 3735 1601 3798 estis,
1631 3731 1766 3787 nilnl
1796 3732 1849 3786 in
1875 3731 2044 3786 sacris
2066 3729 2134 3784 li-

537 3832 665 3888 teris
693 3831 832 3888 inter
851 3842 1247 3901 supervacanea
1273 3825 1577 3881 habendum
1607 3823 1631 3876 ?
1659 3822 1846 3878 Nonne
1869 3819 2132 3877 didicistis

533 3933 592 3981 et
619 3924 1013 3993 inscriptiones,
1040 3931 1096 3978 et
1115 3919 1353 3985 numina,
1377 3931 1656 3986 merasque
1682 3914 2031 3973 salutationes
2049 3913 2132 3969 di-

535 4016 763 4084 ligenter
789 4015 842 4067 in
873 4013 1162 4082 Scripturis
1187 4006 1544 4067 excutienda?
1570 4007 1682 4078 Ego
1705 4020 1836 4065 sane
1865 4003 2132 4059 studiosos

538 4106 771 4159 arbitror
801 4119 868 4157 ne
896 4104 1096 4157 laturos
1119 4103 1364 4171 quidem;
1398 4111 1456 4156 ut
1481 4099 1762 4155 verbulum
1815 4095 2028 4168 aliquod
2077 4094 2130 4151 in

539 4195 709 4251 sacris
731 4195 907 4250 Libris
929 4203 1290 4262 contemptum
1320 4201 1688 4262 praetereatur,
1703 4191 1912 4246 etiamsi
1929 4199 2132 4244 tantum

542 4287 757 4341 nomina
785 4293 1189 4348 recenseautur,
1215 4283 1295 4336 vel
1325 4293 1532 4351 tempus
1562 4289 1891 4344 numeretur,
1921 4279 2004 4334 vel
2037 4295 2136 4333 nu-

541 4380 607 4435 da
633 4380 701 4433 sit
729 4376 1082 4450 quorumdam
1111 4374 1379 4428 salutatio.
1429 4375 1675 4427 Attamen
1723 4381 1780 4425 ut
1819 4370 1989 4425 adhuc
2019 4385 2139 4425 cer-

539 4473 647 4526 tior
675 4472 788 4526 haec
818 4468 1044 4524 monitio
1070 4468 1160 4522 fiat
1191 4486 1204 4520 :
1229 4481 1327 4537 age
1345 4509 1361 4533 ,
1389 4464 1547 4521 hodie
1575 4463 1640 4518 ad
1662 4479 1723 4518 ea
1749 4479 1867 4534 qua:
1895 4477 2064 4532 nuper
2085 4462 2134 4516 in

539 4563 860 4618 salutatione
906 4559 1161 4615 Priscilla:
1190 4569 1245 4614 et
1269 4557 1477 4628 Aquila:
1507 4555 1688 4610 relicta
1719 4563 1878 4618 sunt,
1915 4553 2138 4608 acceda-

545 4668 665 4709 mus
694 4654 941 4709 :tametsi
969 4667 1077 4707 non
1107 4667 1295 4721 parum
1324 4651 1478 4706 nobis
1514 4650 1772 4720 profuerit
1801 4648 1928 4704 illud
1961 4663 2139 4718 prom-

543 4747 734 4802 mium.
781 4745 968 4800 Docuit
1003 4745 1145 4799 enim
1191 4759 1324 4808 nos,
1354 4752 1610 4813 quantum
1642 4742 1841 4796 bonum
1873 4742 1942 4795 sit
1967 4755 2102 4810 opus
2122 4779 2136 4803 ,

542 4847 602 4894 et
624 4845 880 4908 quantum
917 4837 1116 4890 malum
1139 4877 1154 4900 ,
1193 4835 1394 4899 otium,
1438 4843 1494 4889 et
1533 4834 1707 4903 qualis
1749 4832 1926 4887 anima
1955 4831 2138 4898 Pauli,

541 4944 702 4999 quam
731 4928 875 4997 vigil.
900 4943 1060 4997 quam
1091 4927 1338 4991 sollicita,
1361 4941 1481 4996 qua:
1507 4941 1611 4980 non
1635 4933 1839 4979 tantum
1866 4925 2138 4979 civitatum

541 5031 599 5077 et
646 5021 961 5090 potiulorum
983 5059 998 5085 ,
1045 5025 1100 5072 et
1143 5017 1380 5087 gentium
1401 5060 1416 5085 ,
1447 5018 1540 5073 sed
1572 5026 1627 5072 et
1653 5017 1979 5087 singulorum
2009 5016 2141 5071 fide-

544 5113 675 5166 lium
707 5125 954 5180 magnam
984 5125 1166 5164 curam
1214 5119 1426 5180 gereret
1459 5128 1470 5163 :
1501 5109 1840 5180 ostenditque
1869 5108 2139 5180 quomodo

543 5201 880 5272 hospitalitas
924 5216 1025 5256 nec
1070 5201 1244 5269 inopia
1275 5200 1653 5270 praepediaIur,
1680 5211 1734 5255 et
1773 5200 1917 5270 quod
1938 5202 2136 5256 virtute

541 5310 605 5350 ac
623 5295 721 5365 pia
751 5294 1026 5348 voluntate
1053 5291 1248 5364 ubique
1276 5305 1412 5362 opus
1459 5291 1562 5358 sit,
1612 5307 1720 5346 non
1751 5291 1948 5347 divitiis
1973 5301 2029 5347 et
2055 5291 2135 5345 fa-

541 5385 830 5442 cultatibus
847 5427 862 5452 ,
883 5396 937 5440 et
965 5385 1106 5456 quod
1128 5385 1410 5440 clarissimi
1427 5384 1665 5438 omnium
1696 5391 1820 5438 sunt
1838 5385 1925 5455 qui
1952 5384 2043 5439 Dei
2072 5383 2138 5438 ti-

542 5495 746 5535 morem
777 5481 994 5544 habent,
1012 5477 1218 5533 etiamsi
1250 5481 1301 5533 in
1323 5486 1617 5533 extremam
1637 5477 1746 5532 sint
1775 5486 2137 5548 paupertatem

542 5571 766 5642 delapsi.
799 5569 953 5626 Unde
979 5571 1219 5626 Priscilla
1240 5578 1297 5624 et
1321 5569 1508 5640 Aquila
1529 5563 1877 5624 tentoriorum
1894 5569 2136 5638 opifices,

547 5675 834 5730 pauperem
866 5670 1085 5730 agentes
1105 5662 1305 5724 vitam,
1338 5674 1446 5729 prte
1473 5653 1688 5730 regibus
1717 5659 1968 5714 omnibus
1998 5659 2140 5715 beati

611 5849 685 5911 (tu
708 5850 916 5902 Collatus
933 5864 1042 5901 cum
1067 5853 1289 5904 Vaticano
1312 5868 1407 5904 uno
1430 5862 1481 5904 et
1504 5867 1614 5905 cum
1635 5854 1921 5909 Coisltttiatto
1941 5858 2053 5908 245.

2239 3636 2596 3705 prmdicantur
2622 3655 2636 3691 :
2665 3646 2721 3693 et
2748 3653 2870 3693 cum
2915 3639 3004 3694 alii
3031 3640 3380 3711 dignitatibus
3407 3653 3460 3699 ct
3486 3641 3698 3714 potentia
3720 3639 3788 3694 in-

2242 3726 2388 3793 ﬂati,
2413 3727 2629 3785 silentio
2657 3738 3075 3798 prmtcreantur,
3123 3735 3475 3789 tentoriorum
3521 3733 3606 3788 ille
3646 3730 3790 3801 opifex

2260 3844 2368 3884 una
2393 3844 2518 3884 cum
2543 3843 2714 3884 uxore
2734 3837 2852 3884 toto
2868 3828 3003 3884 orbe
3018 3828 3388 3884 decantantur
3409 3829 3545 3899 (Act.
3565 3820 3790 3896 l8).Quod

2259 3917 2309 3973 si
2351 3927 2504 3972 tanta
2542 3932 2734 3973 eorum
2779 3917 2833 3972 in
2883 3918 3134 3987 praesenti
3166 3918 3274 3971 vita
3319 3926 3405 3974 est
3433 3917 3616 3988 gloria,
3643 3911 3789 3983 cogita

2257 4009 2481 4078 quantis
2502 4009 2597 4063 illo
2611 4008 2698 4064 die
2719 4008 3094 4078 dignabuntur
3117 4009 3567 4065 retributionibus
3587 4014 3635 4061 et
3657 4017 3784 4059 coro-

2253 4103 2360 4167 nis,
2385 4102 2478 4172 qui
2505 4111 2632 4155 ante
2656 4102 2808 4156 illum
2829 4100 2974 4155 diem
2994 4115 3102 4155 non
3123 4115 3348 4171 parvam
3369 4102 3694 4171 voluptatem,
3709 4092 3789 4148 uti-

2252 4193 2485 4259 litatem,
2502 4200 2558 4248 et
2572 4192 2802 4264 gloriam
2819 4201 3177 4263 acceperunt,
3191 4194 3396 4262 quibus
3416 4193 3547 4247 tanti
3567 4185 3788 4258 temporis

2252 4284 2597 4340 consuetudo
2611 4298 2735 4338 cum
2752 4283 2925 4338 Paulo
2943 4283 3047 4339 fuit
3094 4285 3141 4355 (l
3157 4282 3306 4340 .Cor.
3323 4284 3522 4356 l6.l9).
3541 4281 3787 4336 Enimvero

2252 4376 2396 4446 quod
2417 4375 2571 4446 prius
2583 4375 2831 4431 dicebam
2852 4385 2909 4432 et
2931 4393 3076 4431 nunc
3089 4377 3235 4442 dico,
3250 4393 3356 4432 nec
3369 4372 3785 4432 diceredesinam,

2250 4484 2364 4524 non
2387 4469 2563 4524 solum
2589 4467 2861 4535 doctrina,
2883 4478 2937 4524 et
2962 4469 3296 4530 admonitio.
3321 4478 3374 4525 et
3397 4466 3690 4525 consilium,
3708 4455 3785 4514 sed

2248 4569 2305 4614 et
2323 4559 2442 4630 ipse
2467 4566 2786 4615 sanctorum
2815 4566 3091 4630 aspectus,
3115 4569 3279 4630 atque
3313 4559 3540 4615 vestium
3567 4552 3783 4612 amictus,

2245 4657 2306 4708 et
2341 4649 2654 4705 calceorum
2703 4650 2935 4716 modus,
2979 4650 3210 4704 multum
3266 4651 3434 4706 habet
3471 4643 3695 4702 utilitatis
3732 4650 3784 4692 ac

2247 4739 2572 4811 voluptatis.
2616 4739 2826 4796 Etenim
2873 4741 3004 4796 inde
3053 4755 3162 4796 non
3212 4741 3411 4812 exigua
3460 4739 3578 4795 vita:
3615 4740 3783 4789 nostra:

2241 4835 2598 4890 commoditas
2625 4834 2868 4894 accedit.
2899 4850 3021 4889 cum
3051 4834 3329 4902 discimus,
3365 4845 3618 4906 quatenus
3643 4831 3688 4886 lii
3713 4843 3790 4883 ne-

2243 4926 2491 4982 cessariis
2514 4927 2592 4980 usi
2624 4925 2836 4980 fuerint.
2871 4925 2986 4980 Non
3013 4927 3152 4980 enim
3191 4927 3362 4981 solum
3392 4924 3568 4981 utendi
3608 4919 3790 4977 modum

2246 5036 2352 5075 non
2378 5029 2504 5074 sunt
2534 5019 2876 5089 transgressi,
2905 5019 2999 5074 sed
3021 5019 3304 5091 aliquando
3328 5033 3394 5074 ne
3411 5017 3614 5087 quidem
3639 5025 3784 5068 neces-

2243 5112 2398 5167 sariis
2423 5111 2735 5166 fruebantur
2764 5129 2776 5165 :
2801 5111 2927 5181 quin
2953 5121 3009 5166 et
3035 5111 3084 5164 in
3118 5109 3258 5166 fame
3280 5153 3293 5176 ,
3333 5118 3388 5164 et
3415 5111 3467 5164 in
3495 5108 3577 5163 siti
3597 5116 3644 5161 et
3667 5094 3797 5158 ntidi-

2245 5214 2353 5259 tate
2379 5203 2577 5258 versati
2606 5213 2749 5258 sunt.
2784 5204 2851 5258 Et
2879 5203 3075 5257 Paulus
3101 5203 3314 5272 quidem
3346 5200 3629 5268 imperabat
3668 5189 3796 5248 disci-

2243 5297 2406 5366 pulis,
2437 5295 2621 5350 dicens
2651 5313 2667 5349 :
2699 5294 2954 5348 Habentes
2985 5305 3153 5348 autent
3182 5295 3421 5347 alimenta
3440 5301 3485 5348 et
3509 5293 3786 5360 tegumenta.

2242 5389 2320 5442 his
2345 5387 2564 5441 contenti
2585 5388 2772 5441 erimus
2801 5386 2877 5458 (t.
2901 5385 3034 5439 Tim.
3059 5386 3111 5440 6.
3140 5386 3217 5453 8);
3267 5395 3320 5440 et
3346 5383 3414 5438 de
3457 5383 3623 5452 seipso
3649 5376 3787 5431 dicit:

2247 5480 2416 5552 Usque
2435 5483 2488 5535 in
2520 5481 2650 5535 hanc
2693 5483 2873 5535 harant
2920 5492 2968 5534 et
2999 5481 3248 5535 esurimus
3268 5523 3280 5544 ,
3313 5492 3356 5534 et
3383 5479 3598 5535 sitimus,
3625 5480 3669 5526 et
3691 5464 3778 5521 ηυά

2243 5589 2438 5638 sumus,
2470 5581 2516 5625 et
2555 5572 2784 5642 colaphis
2820 5572 3065 5626 caedimur
3104 5571 3184 5642 (l.
3231 5571 3348 5626 Cor.
3400 5570 3454 5624 4.
3485 5568 3587 5635 Η).
3634 5561 3790 5630 Operce

2245 5663 2474 5733 pretium
2521 5664 2609 5719 hic
2654 5663 2814 5718 fuerit
2859 5663 2912 5718 in
2956 5663 3190 5719 medium
3217 5661 3414 5733 aliquid
3441 5645 3790 5722 aﬂ‘erre,quod

2245 5763 2370 5810 ante
2394 5755 2666 5817 dicebam,
2701 5763 2756 5809 et
2806 5755 2858 5808 in
2903 5770 3206 5810 sermonem
3252 5753 3469 5818 incidit,
3496 5752 3559 5808 de
3585 5763 3679 5820 quo
3714 5744 3792 5799 fre-

2247 5866 2418 5922 quens
2446 5861 2529 5906 est
2557 5849 2802 5920 quaestio.
2851 5849 2914 5904 Et
2953 5847 3208 5918 quidnam
3255 5847 3406 5904 hoc?
3446 5844 3672 5900 Dicebam
3700 5843 3787 5886 ωυ·
