4006 6410
181 374 275 432 193

180 498 350 570 ῥήτων
367 494 444 565 τῷ
466 494 584 566 Θεῷ
602 511 617 526 ο
645 495 807 564 ἡμεῖς
828 494 907 558 δέ,
929 493 1049 547 οὐδὲ
1075 495 1182 547 τῶν
1212 493 1573 564 ὑποδημάτων
1595 491 1748 555 δντες

178 591 309 654 ἀξιοι
357 587 468 640 τῶν
525 587 766 649 ἐκείνου,
816 585 1184 656 αἰσχυνόμεθα
1235 585 1480 650 τούτοις,
1533 584 1620 653 ἐφ’
1668 577 1749 646 οἷς

181 683 373 742 ἐκεῖνος
410 676 766 750 ἐνηϐρύνετο·
815 677 910 730 καὶ
955 676 1077 730 καθ’
1119 675 1358 746 ἑκάστην
1394 677 1492 747 μὲν
1533 675 1749 746 ἡμέραν

183 770 648 842 πλημμελοῦντες,
695 769 814 822 οὐδέ
859 767 1335 840 ἐπιστρεφόμεθα,
1382 768 1503 835 οὐδὲ
1550 767 1749 831 ὄνειδος

183 859 310 916 εἶναι
357 861 686 932 νομίζομεν
717 859 778 914 10
821 859 877 912 δὲ
913 861 979 914 ἐκ
1016 859 1242 914 δικαίων
1293 860 1471 913 πόνων
1517 857 1638 929 ζῇν,
1673 857 1751 921 ώς

185 955 392 1026 αἰσχρὸν
433 954 529 1008 καὶ
571 953 973 1021 καταγέλαστον
1019 952 1313 1024 φεύγομεν.
1344 951 1480 1006 Τίνα
1507 947 1599 1006 οὖν
1631 950 1749 1017 ἐξο-

188 1063 276 1117 μεν
301 1045 490 1100 ἐλπίδα
517 1045 812 1115 σωτηρίας,
841 1045 963 1100 εἰπέ
997 1061 1116 1115 μοι;
1149 1044 1254 1097 Τὸν
1282 1045 1390 1115 γὰρ
1423 1043 1752 1113 αἰσχυνόμε-

185 1153 281 1202 νον,
306 1136 579 1209 ἁμαρτίαν
613 1136 962 1207 αἰσχύνεσθαι
989 1135 1086 1198 δεῖ,
1116 1135 1208 1188 καὶ
1235 1134 1296 1188 τὺ
1324 1134 1402 1204 τῷ
1435 1134 1555 1205 Θεῷ
1583 1151 1752 1206 προσ⁴

187 1229 420 1302 κροῦσαι,
450 1229 548 1281 καὶ
596 1228 658 1282 τὸ
699 1229 924 1300 ποιῆσαί
965 1246 1018 1282 τι
1044 1227 1153 1281 τῶν
1179 1227 1240 1280 οὐ
1278 1225 1526 1292 δεόντων,
1567 1228 1658 1280 ἐπὶ
1693 1227 1751 1280 δέ

188 1322 387 1391 τέχναις
419 1320 514 1374 καὶ
556 1320 843 1392 ἐργασίαις
871 1320 968 1374 καὶ
1007 1317 1417 1390 ἐναϐρύνεσθαι.
1449 1317 1607 1372 Οὕτω
1645 1319 1752 1390 γὰρ

189 1414 271 1466 καὶ
301 1412 541 1484 πονηρὰν
582 1413 792 1466 ἐννοιαν
821 1413 886 1482 τῇ
929 1411 1028 1480 τῆς
1073 1409 1335 1481 ἐργασίας
1378 1409 1608 1479 ἀσχολία
1651 1412 1753 1480 τῆς

189 1502 405 1566 διανοίας
438 1501 780 1572 ἐκϐαλοῦμεν
815 1501 1034 1572 ῥᾳδίως,
1071 1501 1302 1563 καὶτοῖς
1330 1501 1605 1570 δεομένοις
1633 1501 1752 1553 ἐπι-

191 1594 536 1664 κουρήσομεν,
561 1594 657 1647 καὶ
686 1592 787 1656 τὰς
813 1593 1014 1664 ἐτέρων
1038 1592 1139 1645 οὐκ
1169 1591 1531 1663 ἐνοχλήσομεν
1560 1591 1750 1665 θύρας,

193 1685 276 1738 καὶ
304 1685 391 1738 τὸν
417 1685 582 1756 νόμον
602 1683 698 1737 τοῦ
724 1682 959 1755 Χριστοῦ
992 1683 1354 1753 πληρώσομεν
1385 1680 1475 1734 τὸν
1499 1679 1747 1734 εἰπόντα·

195 1773 480 1844 Μακάριόν
511 1775 648 1828 ἐστι
679 1772 907 1828 διδόναι
933 1771 1178 1843 μᾶλλον
1213 1772 1252 1842 ἢ
1284 1771 1630 1841 λαμϐάνειν.
1655 1771 1755 1826 Διά

193 1865 288 1937 γὰρ
318 1867 471 1920 τοῦτο
502 1868 692 1938 χεῖρας
718 1865 932 1937 ἔχομεν,
960 1864 1047 1920 ἵνα
1079 1865 1291 1928 ἑαυτοῖς
1329 1862 1632 1937 βοηθῶμεν,
1659 1864 1756 1918 καὶ

194 1960 290 2020 τοῖς
330 1957 396 2011 τὰ
451 1955 683 2028 σώματα
729 1955 1152 2027 πεπηρωμένοις
1198 1957 1264 2009 ἐκ
1318 1955 1427 2010 τῶν
1471 1955 1756 2027 ἡμετέρων

195 2048 512 2119 εἰσφέρωμεν
556 2047 629 2101 τά
661 2047 803 2102 κατά
848 2046 1076 2117 δύναμιν
1103 2046 1350 2101 ἅπανταο
1406 2047 1482 2111 ὡς
1533 2047 1628 2100 ἐάν
1672 2063 1760 2110 τις

194 2135 357 2204 ἀργῶν
383 2134 624 2206 διατελῇ,
653 2135 1028 2208 κᾶνςύγιαίνῃ,
1056 2136 1166 2189 τῶν
1203 2136 1580 2206 πυρεττόντων
1609 2138 1757 2190 ἐστὶν

195 2222 532 2293 ἀθλιώτεροςο
570 2226 622 2278 οἰ
663 2225 762 2296 μέν
795 2227 906 2298 γὰρ
939 2225 1092 2297 παρὰ
1120 2226 1220 2298 τῆς
1260 2226 1547 2290 ἀσθενείας
1574 2226 1758 2297 ἐχουσι

197 2312 522 2384 συγγνώμην,
569 2317 665 2369 καὶ
695 2314 910 2386 τύχοιεν
942 2317 1008 2370 ἂν
1047 2315 1232 2368 ἐλέουο
1275 2308 1421 2370 οὗτοι
1461 2315 1521 2368 δέ
1564 2333 1757 2370 καται-

199 2404 458 2474 σχύνοντες
481 2407 583 2478 τὴν
608 2407 702 2461 τοῦ
733 2407 984 2479 σώματος
1005 2409 1242 2475 εὐεξίαν,
1267 2409 1493 2472 εἰκότως
1515 2407 1582 2463 ἂν
1609 2407 1762 2480 παρά

200 2494 393 2548 πάντων
440 2496 750 2568 μισοῦνται,
795 2498 872 2562 ὡς
903 2487 998 2553 καῖ
1039 2501 1166 2573 τούς
1196 2498 1291 2552 τοῦ
1319 2499 1455 2552 Θεοῦ
1487 2500 1760 2570 παραϐαί-

198 2601 360 2650 νοντες
408 2588 630 2659 νόμους,
680 2591 777 2644 καὶ
815 2590 890 2662 ’τῇ
947 2591 1196 2662 τραπέζῃ
1230 2590 1339 2645 τῶν
1392 2589 1761 2646 ἀσθενούντων

200 2675 598 2749 λυμαινόμενοι,
641 2682 734 2736 καὶ
766 2681 864 2753 τὴν
899 2682 1078 2752 ψυχὴν
1119 2682 1217 2755 τὴν
1258 2681 1467 2735 ἑαυτῶν
1507 2682 1762 2752 φαυλοτέ-

202 2782 289 2835 ραν
315 2768 616 2834 ποιοῦντες.
645 2771 779 2825 Οὐδὲ
811 2771 920 2844 γὰρ
951 2771 1110 2825 τοῦτο
1145 2773 1305 2844 μόνον
1333 2772 1451 2826 ἐστὶ
1480 2773 1540 2826 τὸ
1569 2774 1760 2838 δεινὸν,

203 2856 270 2912 ὖτι
299 2859 409 2914 δέον
453 2861 671 2915 οἴκοθεν
725 2862 819 2916 καὶ
857 2863 986 2934 παρ’
1031 2863 1238 2917 ἑαυτῶν
1283 2864 1612 2936 τρέφεσθαι,
1664 2863 1762 2930 τὰς

948 394 1012 448 ΙΝ
1050 389 1278 452 ILLUD,
1319 378 1686 440 SALUTA'I’E
1726 373 2140 430 PRISCILLAM
2182 372 2270 428 ET
2310 373 2643 442 AQUILAM.
2681 373 2750 430 ll.

3326 374 3429 429 196

1851 490 2050 562 ἐτέρων
2079 490 2389 561 ἐνοχλοῦσιν
2424 491 2622 556 οἰκίας,
2651 492 2765 546 ἀλλ’
2797 491 2879 545 ὅτι
2910 493 3004 546 καὶ
3035 493 3254 548 πάντων
3281 491 3436 546 αὐτοὶ

1848 583 2087 650 γίνονται
2122 583 2358 654 χείρους.
2385 585 2459 636 Οὐ
2490 584 2598 655 γάρ
2636 585 2804 648 ἐστιν,
2851 584 2953 637 οὐκ
2994 583 3109 637 ἔστι
3144 583 3254 636 τῶν
3299 584 3436 636 πάν-

1847 691 1956 726 των
1981 673 2155 739 οὐδὲν,
2181 674 2209 726 ὃ
2241 673 2316 745 μὴ
2341 674 2428 726 διὰ
2454 675 2552 744 τῆς
2576 675 2775 746 ἀργίας
2799 674 3119 728 ἀπόλλυται.
3146 676 3252 728 Καὶ
3283 673 3436 746 [180]

1849 765 1957 836 γὰρ
2001 764 2166 836 ὕδωρ,
2197 765 2258 817 10
2297 764 2397 834 μὲν
2455 765 2685 835 ἑστηκὸς
2740 767 3004 836 σήπεται,
3053 765 3113 818 10
3147 766 3202 819 δὲ
3245 766 3439 836 τρέχον

1851 855 1945 908 καὶ
1979 855 2256 925 πανταχοῦ
2296 854 2648 926 πλανώμενον
2675 856 2775 927 τὴν
2807 857 3009 928 ἀρετὴν
3043 857 3299 921 διασώζει
3335 857 3435 929 τὴν

1851 945 2045 998 ἑαυτοῦ
2067 960 2081 974 ·
2114 946 2208 998 καὶ
2237 945 2476 1018 σίδηρος,
2503 949 2532 1000 0
2564 947 2661 1017 μὲν
2691 949 2748 1000 ἐν
2777 947 2948 1019 ἀργίᾳ
2992 949 3264 1018 κείμενος,
3293 949 3435 1000 ἀπα-

1850 1035 2085 1107 λώτερός
2113 1055 2171 1089 τε
2204 1037 2297 1090 καὶ
2335 1037 2685 1109 φαυλότερος,
2720 1037 2783 1108 ἰῷ
2817 1038 2998 1110 πολλῷ
3026 1038 3436 1109 δαπανώμενος,

1850 1127 2090 1196 γίνεται·
2123 1129 2152 1180 0
2196 1127 2253 1180 δέ
2283 1128 2342 1180 ἐν
2379 1129 2665 1199 ἐργασίαις
2705 1127 2799 1191 ὢν,
2853 1129 2987 1183 πολὺ
3027 1128 3441 1202 χρησιμώτερος

1853 1218 1946 1272 καὶ
1980 1218 2440 1289 εὐπρεπέστερος,
2492 1219 2738 1290 ἀργύρου
2791 1218 2988 1282 παντὸς
3021 1219 3173 1272 οὐδὲν
3223 1219 3442 1274 ἔλαττον

1852 1308 2213 1362 ἀποστίλϐων.
2248 1310 2359 1362 Καὶ
2387 1309 2490 1379 γῆν
2532 1309 2629 1379 μὲν
2657 1309 2757 1380 τὴν
2790 1308 3070 1380 ἀργοῦσαν
3105 1309 3206 1362 ίδοι
3250 1327 3335 1372 τις
3373 1309 3443 1364 ἂν

1851 1401 2004 1454 οὐδὲν
2039 1401 2190 1469 ὐγιές
2222 1399 2580 1470 ἐκφέρουσαν,
2612 1401 2746 1454 ἀλλά
2794 1400 3038 1472 πονηρὰς
3086 1401 3316 1471 βοτάνας
3348 1402 3444 1455 καὶ

1853 1492 2094 1556 ἀκάνθας
2132 1493 2227 1546 καὶ
2272 1493 2552 1564 τριϐόλους
2586 1494 2681 1548 καὶ
2727 1493 2955 1566 ἄκαρπα
3000 1493 3212 1565 δένδρα,
3244 1493 3343 1565 τὴν
3383 1494 3443 1547 δέ

1853 1583 2114 1654 ἐργασίας
2147 1584 2544 1650 ἀπολαύουσαν,
2596 1589 2828 1658 καρποῖς
2875 1587 3102 1658 ἡμέροις
3157 1586 3438 1656 κομῶσαν.

1855 1678 1966 1730 Καὶ
2000 1677 2230 1732 ἕκαστον
2262 1677 2320 1732 δὲ
2354 1679 2463 1733 τῶν
2511 1679 2702 1746 ὄντων,
2733 1681 2808 1744 ὡς
2843 1683 3019 1733 εἰπεῖν
3069 1679 3255 1744 ἁπλῶς
3275 1719 3291 1744 ,
3339 1681 3447 1734 01:0

1860 1769 1961 1840 μὲν
1989 1771 2088 1840 τῆς
2120 1770 2322 1844 ἀργίας
2366 1770 2649 1842 φθείρεται
2671 1810 2685 1835 ,
2730 1773 2837 1825 ὐπὸ
2868 1773 2926 1826 δέ
2971 1773 3069 1842 τῆς
3105 1773 3313 1836 οἰκείας
3359 1774 3450 1844 ἐρ-

1854 1863 2054 1931 γασίας
2110 1861 2528 1934 χρησιμώτερον
2577 1862 2806 1932 γίνεται.
2856 1862 3043 1919 Ταῦτα
3095 1859 3191 1917 οῦν
3251 1864 3449 1928 εἰδότες

1856 1955 2092 2018 ἅπαντα,
2139 1955 2234 2008 καὶ
2267 1953 2434 2008 πόσον
2482 1954 2580 2025 μὲν
2612 1954 2720 2008 ἀπὸ
2753 1955 2854 2025 τῆς
2898 1955 3098 2029 ἀργίας
3129 1956 3191 2008 τὸ
3221 1954 3452 2025 βλάϐος,

1857 2045 2023 2098 πόσον
2050 2045 2107 2098 δέ
2139 2046 2249 2099 ἀπὸ
2277 2046 2382 2115 τῆς
2411 2047 2680 2118 ἐργασίας
2721 2045 2782 2099 τὸ
2810 2046 3024 2118 κέρδος,
3057 2047 3158 2118 τὴν
3193 2047 3292 2118 μέν
3323 2046 3454 2116 φεύο

1862 2151 2070 2206 γωμεν,
2098 2135 2197 2206 τὴν
2223 2135 2282 2188 δὲ
2310 2134 2617 2208 διώκωμεν,
2661 2136 2747 2188 ἵνα
2794 2137 2886 2189 καὶ
2916 2137 3008 2190 τὸν
3051 2137 3292 2208 παρόντα
3340 2136 3457 2207 βίον

1862 2204 2216 2298 εὐσχημόνως
2247 2204 2524 2299 ζήσωμεν,
2545 2204 2648 2280 ’καὶ
2680 2228 2958 2298 δεομένοις
2985 2229 3050 2282 ἐκ
3082 2204 3190 2282 τῶν
3225 2204 3457 2286 ἐνόντων

1863 2319 2338 2390 ἐπικουρήσωμεν,
2370 2320 2466 2372 καὶ
2502 2319 2603 2390 τὴν
2630 2318 2808 2390 ψυχὴν
2846 2318 2946 2389 τὴν
2993 2319 3201 2373 ἐαυτῶν
3246 2319 3456 2390 ἀμείνω

1864 2409 2374 2472 κατασκευάσαντες
2401 2408 2656 2480 τύχωμεν
2688 2411 2796 2462 τῶν
2831 2411 3065 2464 αἰωνίων
3090 2408 3345 2479 ἀγαθῶν·
3379 2403 3456 2464 ὧν

1860 2501 2073 2570 γένοιτο
2107 2501 2315 2564 πάντας
2369 2502 2518 2572 ἡμᾶς
2565 2503 2864 2572 ἐπιτυχεῖν,
2898 2503 3082 2573 χάριτι
3129 2502 3224 2557 καὶ
3263 2503 3454 2572 φιλαν-

1863 2593 2084 2664 θρωπίᾳ
2118 2591 2213 2647 τοῦ
2246 2593 2454 2664 Κυρίου
2501 2593 2658 2664 ἡμῶν
2694 2594 2870 2666 Ἰησοῦ
2901 2594 3161 2668 Χριστοῦ,
3189 2588 3234 2664 ᾧ
3261 2598 3293 2666 ἡ
3328 2595 3454 2660 δόξα

1865 2686 1962 2740 καὶ
1999 2685 2060 2739 10
2099 2687 2319 2760 κράτος,
2353 2686 2470 2757 ἅμα
2501 2685 2579 2757 τῷ
2622 2687 2798 2758 Πατρί
2845 2688 2938 2741 καὶ
2970 2686 3049 2758 τῷ
3097 2688 3236 2758 ἁγίῳ
3284 2687 3446 2740 Πνεύ·

1872 2795 2023 2849 ματι.
2051 2776 2146 2831 νῦν
2185 2777 2281 2831 καὶ
2318 2778 2426 2842 ἀεὶ,
2457 2779 2552 2833 καὶ
2579 2779 2658 2843 είς
2683 2779 2808 2843 τούς
2837 2778 3041 2841 αἰῶνας
3068 2777 3178 2831 τῶν
3219 2777 3451 2833 αἰώνων.

1881 2867 2078 2936 Ἀμήν.

1088 3178 1260 3264 ΕΙΣ
1295 3179 1750 3267 ΑΚΥΛΑΝ
1803 3179 2000 3266 ΚΑΙ
2047 3179 2737 3268 ΠΡΙΣΚΙΛΛΑΝ

885 3337 995 3392 Καὶ
1020 3340 1106 3406 εἰς
1137 3340 1199 3394 τὸ
1232 3339 1319 3410 μὴ
1360 3341 1556 3406 κακῶς
1601 3341 1805 3414 λέγειν
1844 3343 1988 3409 τοὺς
2023 3343 2200 3412 ἱερεῖς
2242 3341 2350 3398 τοῦ
2393 3341 2563 3397 Θεοῦ.
2594 3342 2786 3412 Λόγος
2810 3341 2895 3406 β’.

265 3602 328 3651 α’.
353 3590 496 3667 *Δρα
523 3592 886 3665 ἐπαιδεύθητε
924 3594 1091 3664 μηδὲν
1125 3593 1265 3651 εἶναι
1307 3598 1552 3669 νομίζειν
1586 3601 1865 3672 πάρεργον

205 3677 301 3733 τῶν
343 3682 398 3734 ἐν
443 3682 508 3751 τῇ
566 3677 690 3749 θείᾳ
740 3677 932 3748 Γραφῇ
974 3679 1278 3748 κειμένων;
1310 3676 1423 3752 ἆρα
1479 3682 1714 3752 ἐμάθετε
1771 3682 1867 3734 καὶ

205 3762 490 3835 ἐπιγραφὰς
518 3759 618 3815 καὶ
635 3760 874 3829 ὀνόματα
901 3760 995 3812 καὶ
1020 3759 1181 3829 ψιλὰς
1210 3762 1674 3834 περιεργάζεσθαι
1701 3781 1869 3835 προσ-

209 3846 377 3914 ρήσεις
394 3884 408 3908 ,
434 3848 532 3908 τὰς
554 3844 615 3898 ἐν
643 3844 760 3906 τοῖς
787 3841 950 3904 θείοις
972 3842 1189 3910 Λογίοις
1209 3847 1606 3917 γεγραμμένας
1636 3859 1694 3913 ι;
1721 3845 1867 3915 Ἐγὼ

209 3926 297 3994 μὲν
327 3928 430 3998 γάρ
462 3926 657 3980 οὐδένα
680 3921 836 3996 οἶμαι
858 3923 1048 3978 λοιπὸν
1070 3924 1180 3979 τῶν
1211 3927 1518 3996 φιλοπόνων
1557 3930 1650 3984 τὸν
1681 3929 1870 3997 ἀνεξόι

211 4022 354 4075 μενον
380 4007 759 4080 παραδραμεῖν
809 4023 860 4058 τι
891 4006 1000 4060 τῶν
1043 4008 1103 4060 ἐν
1151 4011 1274 4073 ταῖς
1307 4010 1554 4081 Γραφαῖς
1599 4013 1868 4083 κειμένων

210 4089 448 4159 ῥημάτων
475 4130 490 4154 ,
544 4089 652 4142 κᾶν
697 4088 978 4158 ὀνομάτων
1111 4091 1446 4158 κατάλογος,
1501 4093 1606 4146 κᾶν
1662 4094 1870 4165 χρόνων

209 4171 457 4242 ἀριθμὸς,
501 4170 608 4225 κᾶν
652 4169 784 4241 ψιλὴ
837 4171 973 4241 πρός
1021 4188 1176 4234 τινας
1211 4173 1534 4244 πρόσρησις.
1587 4175 1732 4246 Πλὴν
1783 4176 1870 4230 ἵνα

209 4252 575 4327 ἀσφαλεστέρα
603 4252 743 4323 αὐτη
795 4254 828 4323 ἡ
858 4252 1141 4324 διόρθωσις
1172 4255 1422 4326 γένηται,
1475 4257 1608 4327 φέρε
1652 4260 1747 4312 καὶ
1775 4261 1872 4331 τή-

213 4349 361 4405 μερον
380 4335 448 4390 τά
470 4335 770 4406 λειπόμενα
797 4335 897 4405 τῆς
925 4337 1296 4409 προσηγορίας
1325 4342 1426 4410 τῆς
1452 4341 1589 4411 πρὸς
1614 4342 1872 4412 Πρίσκιλο

211 4414 299 4471 λαν
352 4422 445 4475 καὶ
491 4419 724 4474 Ἀκύλαν
759 4419 1109 4488 ἐπέλθωμενο
1167 4420 1343 4474 καίτοι
1377 4438 1441 4490 γε
1489 4424 1549 4475 οὐ
1596 4424 1768 4496 μικρὰ
1813 4426 1873 4479 τὸ

211 4501 476 4572 προοίμιον
501 4503 674 4573 αὐτῆς
695 4502 842 4572 ἡμᾶς
862 4499 1134 4570 ὠφέλησε.
1165 4502 1276 4555 Καὶ
1301 4502 1409 4574 γὰρ
1436 4502 1669 4571 ἐδίδαξεν
1703 4507 1869 4576 ἡμᾶς,

210 4582 362 4636 πόσον
388 4586 414 4625 b
450 4586 549 4655 μὲν
578 4585 812 4654 ἀγαθὸν,
843 4583 1023 4654 ἔργον,
1049 4584 1214 4637 πόσον
1243 4584 1302 4636 δὲ
1331 4585 1523 4652 κακὸν,
1553 4586 1743 4658 ἀργία,
1781 4589 1875 4641 καὶ

211 4666 286 4730 τίς
309 4669 341 4738 ἡ
371 4669 584 4724 Παύλου
607 4668 754 4738 ψυχὴ
775 4709 789 4733 ,
823 4668 938 4731 πῶς
962 4668 1238 4738 ἄγρυπνος
1273 4670 1367 4723 καὶ
1395 4686 1704 4742 μεμεριμνη
1715 4672 1872 4743 μένη,

211 4748 265 4800 οὐ
300 4751 434 4804 κατά
461 4752 646 4816 πόλεις
667 4751 763 4805 καὶ
799 4751 1005 4821 δήμους
1029 4751 1124 4804 καὶ
1151 4749 1280 4821 ἔθνη
1303 4789 1318 4815 ,
1347 4750 1484 4804 ἀλλά
1507 4753 1601 4805 καὶ
1635 4752 1755 4806 καθ’
1780 4753 1877 4808 ἕνα

211 4829 424 4888 ἕκαστον
459 4835 571 4889 τῶν
603 4833 814 4888 πιστῶν
862 4833 1066 4904 πολλὴν
1099 4835 1398 4904 ποιουμένη
1452 4835 1552 4904 τὴν
1595 4835 1870 4906 πρόνοιαν.

217 4910 408 4980 Ἐδειξε
450 4915 567 4980 πῶς
599 4915 753 4969 οὐδὲν
795 4916 877 4977 εἰς
910 4915 1216 4984 φιλοξενίαν
1244 4916 1276 4985 ἡ
1329 4917 1490 4968 πενία
1519 4916 1726 4984 γίνεται
1765 4917 1874 4972 κώ-

213 4988 342 5062 λυμα
364 5035 380 5060 ,
409 4998 503 5051 καὶ
540 4998 624 5051 ὅτι
654 4997 712 5049 οὐ
742 4995 973 5049 πλούτου
1003 4998 1099 5050 καὶ
1126 4997 1426 5068 χρημάτων
1454 5037 1468 5061 ,
1498 4998 1635 5052 ἀλλά
1672 5001 1874 5071 ἀρετῆς

215 5079 473 5148 πανταχοῦ
527 5080 682 5152 χρεία
715 5080 807 5134 καὶ
870 5081 1242 5151 προαιρέσεως
1297 5081 1583 5136 εὐλάϐειαν
1620 5083 1873 5156 ἐχούσης,

216 5159 301 5210 καὶ
339 5161 416 5215 ὅτι
452 5164 670 5218 πάντων
709 5165 817 5218 εἰσὶ
871 5163 1244 5234 λαμπρότεροι
1276 5165 1326 5217 οἰ
1363 5166 1454 5218 τὸν
1489 5165 1584 5218 τοῦ
1624 5167 1760 5221 Θεοῦ
1791 5172 1888 5238 φό-

217 5239 304 5327 ϐον
331 5242 568 5314 ἔχοντες,
595 5247 697 5300 κᾶν
728 5249 808 5310 είς
856 5246 1046 5300 πενίαν
1080 5247 1314 5320 ἐσχάτην
1345 5248 1731 5317 κατενεχθῶσι.
1771 5254 1884 5327 Τὴν

217 5321 337 5386 γοῦν
366 5327 688 5398 Πρίσκιλλαν
727 5329 822 5382 καὶ
863 5328 1130 5399 Ἀκύλαν,
1174 5332 1531 5400 σκηνοποιοὺς
1588 5330 1746 5397 ὄντας
1791 5321 1886 5392 καὶ

221 5413 544 5485 χειροτέχνας
568 5457 583 5480 ,
616 5418 711 5470 καὶ
761 5417 819 5468 ἐν
859 5417 1102 5488 πτωχείᾳ
1156 5416 1365 5483 ζῶντας
1402 5429 1449 5481 ο,
1479 5418 1587 5472 τῶν
1615 5419 1882 5490 βασιλέων

223 5493 423 5548 πάντων
461 5499 658 5566 μᾶλλον
686 5498 1094 5569 ἐμακαρίζομεν
1123 5499 1219 5554 νῦν
1238 5518 1252 5531 ·
1278 5501 1373 5554 καὶ
1395 5502 1444 5553 οἱ
1480 5499 1579 5571 μὲν
1613 5503 1670 5554 ἐν
1712 5503 1878 5569 ἀξιώ-

224 5587 350 5641 μασι
375 5580 465 5630 καὶ
488 5581 826 5642 δυναστείαις
853 5579 1170 5652 σεσίγηνται
1191 5622 1206 5646 ,
1238 5584 1266 5635 0
1291 5582 1348 5636 δέ
1381 5585 1704 5653 σκηνοποιδς
1739 5587 1880 5658 μετά

281 5676 307 5749 ξ
333 5676 481 5749 γριὶσ.
500 5686 552 5730 et
567 5682 770 5749 C0i_s|in1
791 5684 1179 5749 ἐγγεγραμμένας.
1204 5683 1336 5735 Edili
1359 5686 1694 5749 γεγραμμένας.

281 5735 309 5802 13
332 5737 553 5802 glerque
576 5745 728 5794 codex
752 5735 1047 5794 ὁπόσοίίδίέ.

283 5798 304 5830 ⁸
332 5798 486 5852 νειιὶοξ
503 5805 550 5854 ἐν
566 5807 701 5869 πενίᾳ
725 5808 917 5863 ζῶντας.

1965 3596 2068 3666 τῆς
2095 3593 2356 3663 γυναικὸς
2393 3592 2610 3664 ᾅδονται
2653 3590 2928 3662 πανταχοῦ
2976 3590 3077 3661 τῆς
3104 3590 3452 3662 οἰκουμένης.
3513 3591 3574 3644 Εἰ
3601 3591 3657 3645 δέ

1969 3676 2203 3731 ἐνταῦθα
2233 3674 2500 3745 τοσαύτης
2523 3673 2854 3727 ἀπολαύουσι
2882 3671 3062 3743 δόξης,
3091 3671 3344 3742 ἐννόησον
3364 3673 3488 3725 ὅσον
3514 3675 3656 3728 κατά

1967 3761 2066 3832 τὴν
2104 3760 2320 3832 ἡμέραν
2355 3758 2572 3828 ἐκείνην
2625 3756 3017 3826 ἀξιωθήσονται
3053 3754 3163 3807 τῶν
3200 3754 3522 3808 ἀντιδόσεων
3558 3757 3655 3810 καὶ

1966 3844 2075 3896 τῶν
2109 3842 2262 3914 [181]
2293 3841 2572 3911 στεφάνων
2595 3857 2609 3870 ·
2645 3841 2739 3894 καὶ
2769 3839 2874 3912 πρὸ
2924 3839 3026 3909 τῆς
3072 3838 3284 3909 ἡμέρας
3315 3838 3371 3890 δέ
3416 3839 3652 3911 ἐκείνης,

1967 3928 2029 3980 οὐ
2061 3926 2262 3997 μικρὰν
2295 3925 2391 3978 καὶ
2433 3922 2625 3994 ἡδονὴν
2665 3922 2760 3976 καὶ
2781 3920 3052 3990 ὠφέλειαν
3092 3920 3187 3973 καὶ
3216 3917 3374 3984 δόξαν
3401 3921 3656 3989 ἐκαρπιὶι-

1971 4025 2134 4062 σαντο
2160 4007 2187 4046 ἀ
2239 4007 2371 4071 νῦν,
2408 4004 2606 4076 Παύλῳ
2648 4004 2900 4058 τοσοῦτον
2944 4003 3279 4074 συζήσαντες
3314 4002 3523 4073 χρόνον.
3547 4005 3658 4057 Kal

1969 4091 2078 4162 γὰρ
2105 4131 2120 4156 ,
2151 4092 2289 4160 ὅπερ
2316 4089 2628 4160 ἔμπροσθεν
2663 4087 2870 4156 ἔλεγον,
2906 4085 3067 4139 τοῦτο
3094 4085 3191 4139 καὶ
3235 4086 3330 4140 νῦν
3359 4087 3534 4155 λέγω,
3561 4089 3659 4142 καὶ

1969 4175 2142 4243 λέγων
2173 4176 2232 4227 οὐ
2268 4172 2572 4244 παύσομαι,
2601 4173 2683 4226 ότι
2704 4171 2804 4242 οὐχ
2846 4173 2879 4242 ἡ
2908 4169 3226 4224 διδασκαλία
3256 4170 3436 4240 μόνον,
3469 4172 3590 4225 οὐδὲ
3620 4175 3655 4243 ἡ

1973 4257 2296 4329 παραίνεσις
2329 4257 2425 4311 καὶ
2471 4254 2786 4326 συμϐουλὴ,
2816 4253 2955 4307 ἀλλά
3000 4256 3094 4308 καὶ
3143 4254 3281 4326 αὐτη
3332 4257 3366 4325 ἡ
3395 4255 3518 4325 ὄψις
3547 4255 3661 4309 τῶν

1971 4345 2144 4413 ἁγίων
2199 4345 2401 4416 πολλὴν
2439 4339 2585 4413 εἶχεν
2617 4343 2810 4413 ἡδονὴν
2839 4342 2933 4394 καὶ
2960 4340 3250 4409 ὠφέλειαν,
3279 4341 3373 4393 καὶ
3412 4341 3574 4403 αὐτὸς
3601 4340 3660 4394 δὲ

1971 4428 2081 4481 τῶν
2118 4428 2352 4498 ἰματίων
2376 4429 2404 4481 ὁ
2434 4425 2720 4495 στολισμὸς
2745 4465 2760 4489 ,
2793 4426 2888 4477 καὶ
2917 4425 3080 4486 αὐτὸς
3107 4423 3216 4476 τῶν
3245 4422 3608 4492 ὑποδημάτων
3631 4425 3662 4477 0

1973 4511 2194 4581 τρόπος.
2230 4511 2341 4563 Καὶ
2365 4510 2474 4581 γὰρ
2501 4507 2753 4561 ἐντεῦθεν
2795 4506 2964 4577 πολλὴ
2999 4505 3088 4569 δτις
3139 4507 3220 4568 εἰς
3271 4504 3362 4558 τὸν
3390 4506 3662 4576 ἡμέτερον

1975 4593 2342 4663 εἰσενήνεκται
2374 4591 2488 4659 βίον
2515 4591 2781 4659 ὠφέλεια,
2827 4590 2888 4642 τὸ
2937 4589 3130 4659 μαθεῖν
3182 4588 3345 4659 μέχρι
3396 4587 3498 4641 ποῦ
3545 4591 3661 4652 τοῖς

1975 4674 2292 4743 ἀναγκαίοις
2347 4673 2606 4744 ἐχρῶντο.
2641 4672 2776 4724 Οὐδὲ
2832 4671 2940 4745 γὰρ
2992 4671 3151 4742 μόνον
3204 4671 3265 4725 10
3317 4671 3514 4743 μέτρον
3562 4671 3662 4742 οὐχ

1977 4757 2333 4829 ὑπερέϐαινον
2383 4757 2482 4828 τῆς
2540 4755 2765 4826 χρείας,
2827 4755 2942 4808 ἀλλ’
2996 4754 3144 4807 ἐστιν
3191 4755 3327 4808 ὅπου
3388 4752 3511 4807 οὐτε
3563 4753 3662 4824 τῆς

1978 4841 2166 4913 χρείας
2195 4840 2366 4910 αὐτῆς
2393 4840 2666 4893 ἀπέλαυον
2698 4839 2913 4908 ἀπάσης
2937 4855 2952 4869 ·
2993 4837 3128 4891 ἀλ·λὰ
3179 4838 3272 4891 καὶ
3305 4838 3363 4890 ἐν
3401 4836 3545 4907 λιμῷ
3572 4837 3664 4891 καὶ

1979 4921 2120 4992 δίψει
2151 4923 2244 4975 καὶ
2270 4915 2569 4994 γυμνότητι
2595 4921 2920 4975 διετέλεσαν.
2959 4922 3069 4973 Καὶ
3106 4923 3217 4983 τοῖς
3259 4921 3356 4992 μέν
3395 4919 3664 4991 μαθηταῖς

1982 5006 2284 5061 ἐπιτάττων
2317 5008 2346 5058 0
2398 5006 2611 5070 Παῦλος
2663 5004 2849 5075 ἔλεγεν
2871 5021 2884 5034 ⁸
2945 5007 3230 5074 Ἔχοντες
3284 5005 3506 5073 τροφὰς
3562 5005 3662 5058 καί

1981 5089 2414 5158 σκεπάσματα,
2442 5091 2677 5154 τούτοις
2718 5090 3243 5160 ἀρκεσθησόμεθα·
3278 5089 3408 5158 περὶ
3453 5087 3510 5140 δὲ
3539 5088 3665 5139 ἐαυ-

1982 5172 2075 5226 106
2104 5172 2353 5240 φαίνεται
2383 5171 2556 5240 λέγων
2577 5210 2590 5232 ,
2615 5172 2698 5224 ὅτι
2735 5173 2898 5240 Ἄχρι
2931 5169 3040 5240 τῆς
3070 5171 3200 5240 ἄρτι
3231 5169 3388 5238 ὥρας
3412 5165 3514 5220 καί
3539 5181 3665 5219 πει-

1981 5253 2200 5323 νῶμεν,
2238 5254 2339 5308 καί
2372 5253 2642 5322 διψῶμεν
2663 5292 2677 5316 ,
2707 5253 2807 5307 καί
2834 5255 3288 5324 γυμνητεύομεν
3308 5290 3322 5314 ,
3349 5249 3446 5301 καὶ
3480 5249 3663 5301 κολα-

1980 5335 2280 5405 φιζόμεθα.
2330 5335 2489 5390 Ἀλλά
2517 5335 2626 5406 γὰρ
2654 5334 2690 5388 ὃ.
2723 5335 2925 5406 μεταξύ
2958 5331 3164 5400 ἔλεγον,
3190 5332 3285 5384 καὶ
3321 5327 3459 5399 μετὰ
3488 5325 3667 5381 ταῦτα

1980 5418 2229 5488 εἰσῆλθεν
2253 5460 2268 5484 ,
2311 5420 2608 5488 ἀναγκαῖον
2662 5419 2740 5480 εἰς
2797 5417 2958 5486 μέσον
3013 5413 3340 5484 παραθεῖναι
3379 5421 3404 5450 ο
3459 5407 3664 5478 πολλὴν

1981 5497 2174 5566 ἔχοντα
2201 5500 2301 5572 τὴν
2325 5500 2572 5571 ζήτησιν.
2606 5497 2670 5550 Τί
2695 5498 2752 5550 δὲ
2776 5497 2932 5550 τοῦτό
2959 5497 3107 5548 ἐστιν
3132 5513 3147 5564 ;
3181 5494 3427 5562 Ἔλεγον,
3456 5492 3538 5545 ὅτι
3570 5490 3666 5545 καὶ

2051 5617 2078 5657 d
2103 5617 2213 5679 Duo
2238 5630 2355 5666 mss.
2381 5617 2713 5679 καρπώσονται

2056 5681 2079 5707 θ
2383 5648 2648 5740 ῖόιοθεῖναι.
2699 5675 2995 5740 Ραιιῐογροδῐ
3031 5674 3181 5740 iidem
3226 5671 3306 5740 καί
3330 5671 3369 5740 _0
3405 5667 3502 5740 τῶξ
3552 5671 3670 5740 ὑπο-

1991 5739 2216 5802 δημάτων
2247 5739 2417 5802 τρόπος
2437 5732 2550 5784 ’τῶν
2591 5732 2924 5786 ἀποστολικῶν
2962 5737 3158 5802 παρέχει
3199 5734 3377 5791 πολλὴν
3417 5732 3530 5794 ἡμῖν
3586 5733 3671 5788 τήν

1991 5801 2235 5864 ὠφέλειαν.
