4006 6476
345 373 443 433 197

336 488 495 545 ὁτῶν
523 485 898 544 ἀποστολικῶν
931 486 1161 558 ίματίων
1192 484 1482 555 στολισμὺς
1531 482 1763 553 παρέχει
1817 478 2016 549 πολλὴν

337 572 470 643 ἡμῖν
495 572 595 643 τὴν
620 572 884 641 ὠφέλειαν
902 588 913 600 ·
954 569 1156 641 μεταξὺ
1188 567 1245 620 δέ
1281 585 1347 639 με
1382 566 1555 621 ταῦτα
1582 565 1810 634 λέγοντα
1838 563 2018 633 εἰσῆλ-

338 652 432 707 θεν
458 656 488 707 6
515 655 680 724 νόμος
700 652 791 707 τοῦ
815 652 1074 725 Χριστοῦ,
1105 652 1164 705 ὃν
1193 650 1387 721 έθηκεν
1414 652 1627 712 αὐτοῖς,
1652 646 1794 700 οὔτω
1821 645 2014 714 λέγων’

338 737 437 806 Μὴ
471 737 780 805 κτήσησθε
805 736 1057 806 χρυσὸν,
1080 734 1237 805 μηδὲ
1275 733 1559 803 ἄργυρον,
1601 728 1760 801 μηδὲ
1785 729 2019 798 χαλκόν

336 822 428 887 είς
458 821 564 888 τὰς
584 820 768 887 ζώνας
806 821 993 889 ὑμῶν.
1027 818 1185 890 μηδὲ
1210 817 1586 887 ὑποδήματα,
1607 814 1762 885 μηδὲ
1787 811 2018 883 ῥάϐδον

337 906 425 972 εις
449 904 568 973 τὴν
598 904 743 959 ὁδόν
770 915 831 945 ι·
884 903 1136 974 φαίνεται
1187 902 1246 956 δέ
1284 901 1490 973 Πέτρος
1541 898 1797 953 σανδάλια
1852 894 2011 965 έχων.

340 990 470 1043 Ὅτε
498 986 630 1058 γοῦν
668 991 697 1042 6
737 987 968 1058 ἄγγελος
1011 985 1342 1041 καθεύδοντα
1399 983 1564 1037 αὐτὸν
1596 981 1852 1046 ἐξύπνισε
1873 1017 1888 1043 ,
1920 977 2016 1031 καὶ

336 1071 576 1142 ἐξήγαγε
604 1071 700 1125 τοῦ
731 1069 1142 1142 δεσμωτηρίου,
1175 1068 1341 1140 φησίν
1361 1080 1376 1096 ⁸
1415 1064 1735 1133 Ὺπόδησιιι
1759 1061 1832 1116 τὰ
1865 1074 2017 1115 σαν-

335 1152 517 1209 δάλιά
537 1169 676 1218 σου,
702 1154 803 1208 καὶ
830 1152 1157 1222 περιϐαλοῦ
1182 1152 1252 1206 τό
1279 1149 1516 1221 ἱμάτιόν
1546 1164 1665 1204 σου
1685 1187 1701 1213 ,
1731 1144 1832 1201 καὶ
1864 1144 2013 1201 dua-

332 1243 539 1298 ,ιούθει
581 1260 702 1312 μοι.
738 1242 849 1296 Καὶ
894 1240 1105 1305 Παῦλος
1153 1239 1210 1292 δὲ
1252 1236 1505 1309 Τιμοθέῳ
1555 1234 1785 1308 γράφων
1818 1231 1969 1301 λέγει
1995 1246 2011 1262 ·

339 1324 455 1379 Τὸν
487 1328 789 1395 φελόνην,
820 1324 893 1378 ὃν
916 1322 1219 1379 ἀπέλιπον
1241 1322 1312 1376 ἐν
1342 1318 1559 1390 Τρωάδι
1586 1317 1745 1386 παρὰ
1773 1312 2010 1383 Κάρπῳ,

336 1408 479 1478 φέρε
507 1409 830 1477 ἐρχόμενος
850 1448 865 1473 ,
896 1408 995 1463 καὶ
1033 1406 1107 1461 τὰ
1144 1405 1358 1471 ,βιϐλία
1383 1443 1398 1468 ,
1426 1401 1699 1472 μάλιστα
1733 1398 1839 1463 τὰς
1866 1413 2013 1467 μεμ-

336 1492 579 1560 ϐράνας.
617 1494 681 1547 Τί
711 1492 918 1563 λέγεις;
960 1494 988 1545 6
1022 1489 1256 1563 Χριστὸς
1285 1487 1408 1542 οὐδέ
1438 1485 1763 1556 ὑποδήματα
1791 1479 2012 1563 ἐκέλευ-

338 1594 431 1632 σεν
475 1574 648 1648 ἔχειν,
676 1561 793 1630 καὶ.
821 1577 885 1629 σὺ
919 1561 1148 1645 φελόνην
1189 1572 1333 1643 ἔχεις
1355 1611 1371 1637 ,
1401 1570 1499 1648 κα).
1528 1568 1717 1639 ἐτερος
1757 1561 2014 1648 σανδάλια

337 1644 538 1725 πάλινξ
562 1662 675 1714 Καὶ
715 1661 762 1713 εί
792 1660 891 1730 μὲν
920 1644 1029 1712 τῶν
1056 1644 1291 1710 εύτελῶν
1317 1670 1463 1717 τινες
1485 1647 1646 1730 ἦσαν,
1677 1647 1773 1702 καὶ
1812 1644 1920 1699 τῶν
1948 1645 2010 1730 ού

336 1742 570 1797 πάντοτε
622 1740 698 1811 τῷ
717 1727 1031 1812 Διδασκάλῳ
1058 1737 1427 1809 πειθομένων,
1478 1735 1581 1788 οὐκ
1608 1728 1676 1803 ἦν
1706 1727 2012 1812 ζήτημα-τὸ

337 1823 629 1896 λεγόμενον
648 1809 681 1855 ’ν
701 1823 889 1894 ἐπειδὴ
918 1822 974 1876 δέ
1005 1809 1087 1875 *οἱ
1115 1822 1210 1874 καὶ
1238 1820 1339 1883 τὰς
1363 1816 1542 1889 ψυχὰς
1575 1814 1801 1896 ἑαυτῶν
1833 1809 2010 1896 ἐπιδι-

333 1895 547 1973 δόντες,
593 1907 687 1961 καὶ
737 1907 1024 1977 κορυφαῖοι
1057 1903 1153 1958 καὶ
1200 1902 1407 1974 πρῶτοι
1433 1899 1543 1954 τῶν
1587 1895 1845 1970 μαθητῶν
1873 1895 2012 1948 εἰσιν

333 1985 503 2057 οὗτοι,
536 2009 632 2045 και
668 1990 847 2046 πάντα
876 1989 1156 2043 ἐπείθοντο
1186 1986 1265 2058 τῷ
1291 1982 1513 2058 Χριστῷ
1532 2022 1549 2047 ,
1578 1985 1607 2037 6
1625 1982 1684 2036 δὲ
1713 1979 1924 2043 Παῦλος
1947 1978 2009 2032 ού

340 2076 501 2149 μόνον
519 2075 590 2129 τά
616 2074 1014 2145 ἐπιταττόμενα
1035 2072 1227 2139 ἐποίει,
1260 2069 1394 2125 ἀλλά
1425 2069 1518 2123 καὶ
1555 2064 1799 2149 ύπέρῗτά
1814 2147 1822 2149 Α
1840 2063 2013 2134 σκάμ-

339 2147 486 2231 ματα
527 2158 775 2229 ἐπεπήδα
802 2159 852 2223 ι’,
888 2156 1140 2211 κάκείνου
1183 2153 1493 2217 κελεύοντος
1530 2151 1595 2205 ἐκ
1640 2148 1731 2231 τοῦ
1760 2147 2011 2231 Εὐαγγέ-

335 2227 452 2296 λίου
483 2240 603 2313 ζῇν,
627 2227 779 2304 οὗτος
800 2241 866 2293 ἐκ
894 2238 1001 2292 τῶν
1028 2237 1226 2310 χειρῶν
1254 2234 1421 2293 αὐτοῦ
1462 2234 1560 2304 ἐζη
1581 2274 1596 2301 ,
1629 2230 1791 2285 πλέον
1816 2247 1869 2283 τι
1900 2227 2010 2283 τῶν

335 2311 778 2397 ἐπιτεταγμένων
812 2324 1077 2395 ποιήσας,
1122 2320 1272 2389 ἀξιον
1314 2318 1485 2383 ὅντως
1541 2314 1816 2387 ζητῆσαι,
1866 2311 2011 2377 τίνος

333 2412 546 2476 ἕνεκεν,
576 2410 752 2465 πάντα
781 2408 930 2480 αὐτῷ
961 2405 1293 2478 πειθόμενοι,
1324 2401 1560 2458 ἐνταῦθα
1590 2398 1806 2454 δοκοῦσι
1832 2414 2010 2469 παρα-

334 2492 542 2547 ϐαίνειν
593 2489 759 2546 αὐτοῦ
814 2491 907 2544 τδν
959 2489 1143 2560 νόμον.
1197 2486 1338 2540 Ἀλλ’
1378 2486 1441 2539 ού
1500 2481 1929 2556 παραϐαίνουσιν
1957 2489 2005 2535 ο.

334 2576 469 2630 Οὐδὲ
490 2574 600 2647 γὰρ
630 2576 710 2639 είς
742 2571 899 2627 τοῦτο
928 2573 1200 2645 χρήσιμος
1233 2571 1366 2643 ἡμῖν
1407 2561 1560 2632 οὗτος
1588 2566 1740 2620 ἐσται
1782 2564 1943 2636 μόνον
1979 2564 2009 2617 6

332 2657 519 2727 λόγος,
552 2659 632 2722 είς
659 2659 758 2729 τὴν
801 2657 943 2729 ὑπὲρ
971 2654 1081 2708 τῶν
1110 2653 1282 2723 ἁγίων
1320 2653 1543 2707 ἐκείνων
1572 2650 1798 2722 ζήτησιν
1820 2688 1837 2713 ,
1870 2647 2009 2702 ἀλλά

332 2742 430 2796 καὶ
482 2744 561 2805 είς
594 2740 657 2795 τὸ
702 2741 771 2794 τά
812 2741 921 2794 τῶν
957 2740 1225 2810 Ἐλλήνων
1258 2736 1535 2809 ἐμφράξαι
1586 2734 1851 2806 στόματα.
1897 2731 2009 2786 Καὶ

331 2826 444 2899 γὰρ
509 2825 697 2880 πολλοὶ
752 2824 939 2897 χηρῶν
1007 2824 1182 2887 οἰκίας
1243 2821 1642 2893 ἀνατρέποντες
1667 2858 1682 2884 ,
1738 2816 2011 2889 ὀρφανοὺς

331 2910 669 2982 γυμνοῦντες
688 2950 703 2974 ,
741 2909 813 2962 τὰ
861 2908 1078 2962 πάντων
1110 2904 1560 2977 περιϐαλλόμενοι
1580 2944 1595 2969 ,
1627 2900 1810 2955 λύκων
1855 2899 2009 2982 οὐδὲν

331 2981 554 3066 ἄμεινον
587 2992 920 3062 διακείμενοι
948 3030 964 3056 ,
997 2992 1060 3043 ἐκ
1094 2989 1202 3042 τῶν
1243 2987 1539 3058 ἀλλοτρίων
1565 2984 1765 3050 ζῶντες
1809 2981 2006 3066 πόνων,

331 3064 569 3148 ὁρῶντες
598 3076 858 3138 πολλάκις
897 3073 1048 3136 τινάς
1074 3071 1182 3125 τῶν
1216 3069 1424 3125 πιστῶν
1459 3068 1525 3123 δι’
1561 3066 1874 3140 ἀρρωστίαν
1905 3064 2010 3118 σώ-

338 3178 507 3232 ματος
540 3158 758 3213 πλείονα
812 3155 1308 3227 περιϐεϐλημένους
1344 3154 1534 3224 ίμάτια
1561 3192 1574 3217 ,
1612 3148 1765 3223 [182]
1794 3149 1885 3202 τὸν
1924 3148 2009 3202 νό-

335 3263 438 3317 μον
462 3243 666 3307 εύθέως
695 3244 827 3314 ἡμῖν
852 3242 941 3294 τοῦ
970 3237 1205 3312 Χριστοῦ
1250 3237 1675 3307 προϐάλλονται,
1714 3236 1808 3289 καὶ
1834 3233 2008 3288 ταῦτα

328 3333 547 3403 λέγουσι
589 3333 657 3386 τά
683 3332 904 3403 ῥήματα
923 3345 936 3358 ’
970 3330 1085 3384 υύκ
1134 3327 1418 3380 ἐκέλευσεν
1456 3325 1584 3396 ὑμῖν
1611 3325 1639 3376 6
1670 3321 1901 3395 Χριστὸς
1930 3322 2006 3394 μὴ

326 3422 477 3493 ἔχειν
523 3420 618 3475 δύο
649 3419 921 3491 χιτῶνας,
965 3417 1100 3490 μηδέ
1135 3417 1497 3485 ὑποδήματα;
1546 3413 1665 3477 πῶς
1709 3408 1802 3466 οὖν
1848 3412 2007 3481 ὑμεῖς

329 3508 699 3581 παραϐαίνετε
725 3507 817 3560 τὸν
853 3506 1016 3576 νόμον
1040 3507 1131 3559 τὸν
1161 3504 1289 3575 περὶ
1312 3503 1517 3556 τούτων
1544 3501 1794 3571 κείμενον
1824 3514 1837 3562 ;
1871 3491 2006 3551 Εἶτα

325 3596 549 3667 δαψιλὲς
580 3596 909 3664 γελάσαντες
931 3595 1023 3647 καὶ
1043 3591 1527 3661 ἀνακαγχάσαντες
1545 3630 1561 3654 ,
1590 3589 1681 3642 καὶ
1714 3583 2005 3656 καταισχύ·

327 3702 522 3749 ναντες
569 3684 659 3737 τὸν
697 3682 957 3753 ἀδελφὸν,
997 3681 1373 3753 ἀποπηδῶσιν.
1417 3679 1512 3733 Ἵν’
1563 3673 1658 3730 οῦν
1713 3676 1788 3747 μὴ
1831 3674 2005 3727 ταῦτα

325 3773 583 3845 γένηται,
618 3772 749 3843 φέρε
788 3772 880 3825 καὶ
911 3772 1011 3842 τὴν
1053 3770 1275 3823 ἐκείνων
1307 3765 1689 3838 ἀναισχυντίαν
1719 3764 2003 3834 ἐπιστομί-

328 3880 532 3935 σωμεν.
573 3862 729 3933 Ἐξῆν
761 3861 859 3932 μὲν
883 3857 977 3914 οὖν
1014 3860 1172 3913 τοῦτο
1206 3858 1341 3929 πρὸς
1375 3857 1574 3920 αὐτοὺς
1611 3857 1770 3927 μόνον
1820 3855 2002 3908 εἰπόνο

325 3969 424 4017 τας
464 3951 866 4021 ἀπαλλαγῆναι.
897 3951 1051 4003 Ποῖον
1093 3949 1151 4001 δέ
1179 3947 1370 4012 τοῦτο;
1403 3946 1527 3999 Ὅτι
1566 3947 1616 3999 εί
1648 3944 1747 4015 μέν
1783 3944 1999 4010 ἀξιόπι·

327 4041 453 4094 στόν
490 4056 611 4092 τινα
661 4039 903 4108 νομίζεις
953 4032 1089 4090 εἶναι
1116 4037 1206 4089 τὸν
1245 4033 1505 4105 Χριστὸν,
1555 4032 1781 4096 εἰκότως
1828 4030 2002 4085 ταῦτα

325 4126 606 4197 προϐάλλῃ
627 4166 639 4187 ,
673 4125 769 4178 καὶ
800 4123 979 4193 ζητεῖς
1014 4122 1148 4191 πρὸς
1188 4123 1364 4192 ἡμᾶς’
1398 4122 1448 4174 εί
1468 4121 1526 4174 δὲ
1553 4121 1804 4184 ἀπιστεῖς
1828 4120 1998 4191 αὐτῷ,

323 4216 470 4278 τίνος
491 4213 678 4266 ἕνεκεν
713 4211 994 4283 προϐάλλῃ
1021 4210 1120 4274 τάς
1159 4209 1521 4280 νομοθεσίας;
1575 4208 1715 4262 Ἀλλ’
1737 4210 1868 4264 ὅταν
1899 4209 2001 4278 μὲν

323 4302 484 4373 ἡμῶν
523 4301 847 4372 κατηγορεῖν
891 4298 1081 4371 ἐθέλῃς
1104 4340 1118 4364 ,
1147 4298 1461 4363 ἀξιόπιστος
1486 4296 1787 4368 νομοθέτης
1816 4300 1846 4350 6
1867 4297 2001 4367 Χρι-

324 4391 448 4455 στὸς
482 4385 619 4444 εἷναί
647 4406 730 4442 σοι
760 4388 935 4442 δοκεῖ·
972 4388 1101 4441 ὅταν
1138 4388 1193 4441 δὲ
1229 4386 1389 4440 αὐτὸν
1418 4388 1742 4457 προσκυνεῖν
1780 4387 1875 4457 δέῃ
1906 4387 2001 4440 καὶ

320 4478 643 4551 θαυμάζειν,
665 4477 839 4542 οὐδεὶς
861 4476 1044 4531 οὐκέτι
1076 4493 1157 4530 σοι
1182 4475 1341 4545 λόγος
1369 4475 1460 4529 τοῦ
1489 4474 1671 4530 κοινοῦ
1696 4476 1794 4549 τῆς
1820 4478 2000 4530 οἰκου-

326 4564 496 4636 μένης
522 4565 816 4618 Δεσπότου.

391 4653 456 4722 β’.
473 4652 620 4724 Πλὴν
636 4652 750 4706 ἀλλ’
773 4653 860 4707 ἵνα
881 4652 956 4725 μὴ
975 4653 1042 4706 δι’
1062 4653 1297 4724 ἀπορίαν
1322 4651 1618 4722 ἀπολογίας
1638 4653 1796 4707 τοῦτο
1816 4653 1997 4723 λέγειν

320 4741 470 4809 ἡμᾶς
493 4739 804 4811 νομίζωσιν,
845 4742 932 4792 ἐπ’
962 4741 1134 4814 αὐτὴν
1167 4743 1336 4814 ῐωμεν
1369 4741 1556 4796 λοιπὸν
1584 4741 1693 4795 τῶν
1724 4742 1993 4814 ζητουμέ-

319 4843 427 4880 νων
468 4826 570 4896 τὴν
617 4826 789 4882 λύσιν.
819 4828 915 4893 Τίς
952 4824 1045 4882 οὖν
1096 4830 1130 4901 ἠ
1175 4829 1329 4893 λύσις
1371 4829 1555 4898 ﬁatut;
1600 4828 1727 4885 Ἐἀν
1774 4830 1993 4901 ἴδωμεν,

317 4913 450 4979 τίσι,
477 4914 573 4967 καὶ
602 4915 732 4970 πότε
751 4956 767 4983 ,
804 4916 897 4970 καὶ
929 4916 1018 4973 διὰ
1047 4917 1100 4970 τί
1128 4916 1301 4973 ταῦτα
1332 4918 1639 4974 ἐπέταττεν
1678 4923 1707 4975 6
1736 4920 1991 4993 Χριστός.

317 5001 397 5060 Οὐ
425 5001 535 5075 γάρ
560 5000 747 5067 ἀπλῶς
786 5003 926 5058 αὐτά
966 5004 1087 5060 καθ’
1121 5006 1290 5060 ἑαυτά
1329 5006 1398 5060 τὰ
1425 5007 1695 5080 λεγόμενα
1721 5009 1996 5077 ἐξετάζειν

316 5089 427 5164 χρὴ
452 5131 467 5153 ,
497 5089 635 5145 ἀλλά
669 5090 763 5145 καὶ
793 5091 1104 5163 πρόσωπον,
1136 5096 1232 5149 καὶ
1255 5096 1445 5168 καιρὸν
1463 5140 1479 5168 ,
1509 5099 1605 5153 καὶ
1640 5098 1819 5154 αἰτίαν
1846 5142 1861 5163 ,
1901 5101 1996 5154 καὶ

317 5179 499 5236 πάντα
521 5179 695 5235 ταῦτα
726 5182 864 5253 μετὰ
893 5182 1179 5254 ἀκριϐείας
1203 5184 1282 5238 δεῖ
1308 5187 1650 5258 ἐρευνᾶσθαι.
1672 5191 1995 5262 Εύρήσομεν

317 5267 429 5340 γὰρ
479 5269 725 5343 ἀκριϐῶς
780 5270 1140 5336 σκοποῦντες,
1188 5274 1270 5328 δτι
1316 5276 1377 5329 οὐ
1425 5280 1559 5331 πᾶσι
1602 5278 1774 5334 ταῦτα
1804 5280 1995 5333 ἐπετέ-

317 5369 487 5409 τακτο
503 5397 522 5423 ,
547 5356 686 5411 ἀλλά
711 5360 824 5423 τοῖς
846 5359 1166 5424 ἀποστόλοις
1203 5362 1386 5433 μόνοις
1413 5405 1429 5428 ,
1463 5366 1557 5418 καὶ
1587 5366 1817 5430 ἐκείνοις
1842 5368 1899 5421 δὲ
1929 5368 1990 5421 οὐ

228 5522 232 5526 _
319 5442 481 5514 μέχρι
511 5444 750 5511 παντὸς,
793 5446 931 5502 ἀλλά
986 5449 1149 5522 μέχρι
1180 5451 1325 5516 τινὸς
1370 5452 1730 5525 διωρισμένου
1769 5457 1986 5527 καιροῦ.

312 5586 410 5696 ὡκ
433 5586 552 5659 lfost
599 5589 708 5637 ὁδόν
742 5589 915 5641 Morel.
963 5594 1139 5658 αῖρετε,
1176 5609 1289 5659 quae
1325 5612 1418 5649 vox
1459 5601 1606 5652 deest
1651 5603 1701 5653 in
1737 5604 1893 5656 Vatic.
1938 5613 1992 5658 et

377 5647 540 5710 ᾔειιρη
562 5654 614 5710 ει
634 5652 881 5710 superﬂua
905 5662 1029 5703 eral.

377 5705 407 5769 ‘P
433 5705 548 5769 M38?
575 5705 861 5769 ἐπεπῆδησε.

380 5767 404 5796 η
430 5763 546 5816 I33.
565 5763 727 5829 νόμονλ
751 5763 806 5821 ού
826 5775 914 5838 γὰρ
939 5777 994 5832 δὴ
1012 5780 1396 5841 παραϐαίνουσιν.

1150 379 1209 437 S.
1246 378 1531 437 JOANNIS
1566 375 2053 435 CHRYSOSTOMI
2096 378 2417 436 ARCHIEP.
2461 380 3011 441 CONSTANTINOP.

3707 388 3813 444 198

2123 482 2292 567 Πόθεν
2316 486 2474 541 τοῦτο
2497 490 2653 561 δῆλον
2679 508 2694 556 ;
2731 492 2821 557 Ἐξ
2846 492 3024 547 αὐτῶν
3047 503 3155 547 τῶν
3197 496 3503 567 εἰρημένων
3528 514 3543 529 ·
3572 495 3816 565 καλέσας

2119 562 2397 656 ῖξιρητοὺς.
2433 567 2640 656 διῦδεκα
2697 571 2985 656 μαθητάς,
3039 569 3192 627 εἶπεν
3237 562 3421 639 αὐτοῖς
3448 593 3459 603 ·
3495 580 3605 643 El;
3662 562 3814 632 ὁδὸῦ

2116 645 2309 700 ἐθνῶν
2327 648 2413 717 μὴ
2443 651 2741 721 ἀπέλθητε
2762 696 2774 716 ,
2808 655 2905 709 καὶ
2941 658 3030 723 είς
3067 657 3253 712 πόλιν
3292 658 3697 727 Σαμαρειτῶν·
3722 660 3810 728 μὴ

2116 731 2428 813 εἰσέλθητε
2447 753 2460 767 ο
2492 742 2820 807 πορεύεσθε
2864 741 2934 795 δὲ
2964 743 3207 813 μᾶλλον
3235 746 3384 813 πρὸς
3432 745 3505 799 τὰ
3540 748 3813 813 πρόϐατα

2116 812 2189 866 τὰ
2216 813 2574 872 ἀπολωλότα
2629 821 2799 876 οἴκου
2863 812 3131 892 Ἰσραήλ·
3181 812 3603 890 ἀσθενοῦντας
3640 829 3814 893 θερα-

2116 900 2363 963 πεύετε.
2402 905 2667 973 λεπροὺς
2709 907 3022 975 καθαίρετε
3047 948 3062 971 ,
3108 906 3386 977 δαιμόνια
3436 908 3808 962 ἐκϐάλλετε·

2114 980 2346 1050 δωρεὰν
2375 984 2620 1041 ἐλάϐετε
2640 1002 2652 1016 ⁶
2679 987 2908 1058 δωρεὰν
2949 988 3087 1044 δότε
3108 1007 3121 1020 ·
3166 989 3254 1060 μὴ
3303 990 3622 1059 κτήσησθε
3670 1010 3813 1061 γρυ-

2115 1064 2265 1158 ιζὸζ,
2303 1067 2459 1158 ιίνιδὲ
2497 1069 2795 1158 ἄρτιιοφγ,
2830 1072 2992 1158 μηδὲ
3028 1072 3265 1158 καλζιὸν
3323 1077 3413 1158 εις
3462 1074 3575 1139 τὰς
3600 1072 3814 1158 ζώνας

2112 1149 2301 1217 ὑμῶν.
2334 1151 2473 1223 Ὅρα
2491 1153 2822 1208 Διδασκάλου
2850 1154 3067 1226 σοφίαν,
3102 1155 3219 1220 πῶς
3250 1156 3454 1226 κοῦφον
3484 1156 3720 1227 ἐποίησε
3752 1156 3814 1208 τὸ

2112 1230 2414 1304 ἐπίταγμα.
2449 1236 2723 1310 Πρότερον
2765 1238 2876 1310 γὰρ
2911 1237 3115 1304 εἰπὼν,
3160 1239 3594 1305 Ἀσθενοῦντας
3641 1242 3813 1307 65.no-

2112 1318 2343 1384 πεύετε.
2375 1323 2642 1391 λεπροὺς
2661 1326 2996 1395 καθαίρετε.
3025 1325 3308 1396 δαιμόνια
3329 1326 3687 1382 ἐκϐάλλετε.
3718 1326 3814 1378 καὶ

2111 1403 2213 1473 τὴν
2237 1402 2367 1475 παρ’
2398 1404 2565 1458 αὑτοῦ
2599 1406 2760 1478 χάριν
2805 1409 3004 1481 δαψιλῆ
3041 1409 3168 1474 δοὺς
3210 1409 3395 1472 αὐτοῖς
3423 1449 3438 1471 ,
3474 1409 3598 1462 τότε
3629 1407 3811 1460 ταῦτα

2113 1485 2343 1552 ἐπέταξε
2362 1528 2378 1552 ,
2408 1490 2473 1559 τῇ
2508 1489 2616 1544 τῶν
2648 1491 2892 1562 σημείων
2926 1492 3217 1564 περιουσίᾳ
3243 1493 3432 1563 ῥᾳδίαν
3468 1493 3564 1544 καὶ
3591 1491 3811 1560 κούφην

2112 1570 2283 1623 ποιῶν
2307 1569 2404 1640 τὴν
2432 1572 2623 1626 πενίαν
2644 1573 2877 1645 ἐκείνην.
2911 1575 3025 1629 Οὐκ
3051 1574 3299 1629 ἐντεῦθεν
3331 1573 3388 1627 δέ
3424 1576 3588 1643 μόνον
3618 1572 3808 1643 δῆλον,

2111 1651 2192 1704 ὃτι
2221 1651 2403 1717 αὐτοῖς
2449 1655 2634 1723 μόνοις
2666 1656 2841 1710 ταῦτα
2875 1656 3209 1711 ἐπετέτακτο
3231 1698 3244 1723 ,
3286 1656 3422 1709 ἀλλὰ
3449 1656 3546 1709 καὶ
3578 1654 3639 1721 ἐξ
3689 1656 3810 1708 ἐτέ-

2115 1750 2224 1805 ρων
2255 1736 2485 1792 πολλῶν.
2518 1739 2629 1793 Kal
2657 1740 2768 1811 γὰρ
2801 1739 2902 1804 τάς
2930 1741 3234 1813 παρθένους
3268 1740 3482 1804 ἐκείνας
3511 1740 3605 1793 διὰ
3641 1740 3807 1794 τοῦτο

2110 1818 2392 1887 ἐκόλασεν,
2417 1821 2607 1894 ἐπειδὴ
2634 1821 2814 1877 ἔλαιον
2844 1825 2947 1878 ούκ
2975 1821 3121 1895 εἶχον
3145 1825 3204 1877 ἐν
3232 1826 3352 1887 ταῖς
3384 1823 3673 1893 λαμπάσιν
3703 1824 3803 1877 αὐ-

2110 1902 2220 1956 τῶν
2243 1918 2258 1933 ·
2292 1906 2387 1958 καὶ
2412 1904 2621 1976 ἐτέροις
2644 1906 2888 1975 ἐγκαλεῖ,
2911 1908 2994 1962 ὅτι
3021 1907 3293 1962 πεινῶντα
3318 1907 3482 1960 αὐτὸν
3515 1902 3682 1969 εἶδον,
3712 1908 3804 1959 καὶ

2109 1987 2211 2041 οὐκ
2239 1986 2475 2059 ἔθρεψαν
2497 2027 2514 2054 ,
2560 1989 2799 2059 διψῶντα
2823 2032 2839 2056 ,
2875 1993 2972 2046 καὶ
3021 1994 3125 2047 ούκ
3156 1993 3439 2047 ἐπότισαν.
3481 1991 3588 2044 Τὸν
3617 1991 3802 2043 τοίνυν

2109 2071 2213 2125 οὐκ
2260 2071 2456 2143 ἔχοντα
2489 2072 2690 2143 χαλκὸν
2711 2114 2726 2139 ,
2771 2075 2895 2129 οὐδὲ
2924 2076 3251 2148 ὑποδήματα
3273 2117 3287 2139 ,
3322 2075 3439 2129 ἀλλ’
3471 2075 3529 2128 ἐν
3582 2076 3801 2145 ἱμάτιον

2113 2157 2275 2228 μόνον
2299 2198 2315 2221 ,
2344 2157 2464 2223 πῶς
2498 2157 2724 2214 δυνατὸν
2750 2156 2820 2233 ἦν
2862 2160 3049 2233 ἕτερον
3091 2159 3402 2231 διαθρέψαι,
3433 2158 3552 2222 πῶς
3587 2158 3801 2229 γυμνὸν

2110 2240 2460 2313 περιϐαλεῖν,
2502 2241 2617 2305 πῶς
2666 2242 2897 2313 ἄστεγον
2953 2245 3034 2309 είς
3073 2244 3173 2315 τὴν
3205 2245 3383 2297 οἰκίαν
3433 2244 3798 2310 είσαγαγεῖνς

2109 2324 2293 2396 Χωρὶς
2318 2324 2376 2379 δὲ
2407 2324 2633 2387 τούτων.
2665 2327 2761 2380 καῖ⁵
2792 2326 3060 2400 ἐτέρωθεν
3091 2326 3225 2381 αὐτὸ
3260 2324 3420 2379 τοῦτο
3451 2324 3616 2400 δῆλον
3644 2325 3799 2377 ἐσται

2111 2407 2206 2460 καὶ
2235 2407 2566 2478 καταφανές.
2594 2409 2995 2481 Προσελθόντος
3042 2410 3152 2481 γάρ
3177 2426 3320 2473 τινος
3375 2410 3474 2462 καὶ
3524 2408 3797 2471 εἰπόντος,

2110 2488 2464 2558 Διδάσκαλε,
2487 2493 2547 2546 τί
2570 2492 2836 2559 ποιήσας
2863 2491 3019 2562 ζωὴν
3041 2492 3287 2548 αἰώνιον
3314 2489 3796 2560 ximat-optimo;

2108 2573 2294 2645 ἐπειδὴ
2326 2574 2393 2628 τά
2419 2575 2515 2629 τοῦ
2549 2576 2715 2646 νόμου
2752 2572 3039 2643 κατέλεξεν
3071 2575 3311 2639 ἅπαντα,
3355 2576 3384 2629 ὁ
3412 2574 3469 2627 δὲ
3500 2590 3799 2644 περιεργα-

2111 2657 2335 2727 ζόμενος
2358 2699 2373 2721 ,
2404 2658 2555 2728 ἔλεγε
2581 2676 2595 2690 ·
2633 2658 2823 2714 Ταῦτα
2869 2658 3069 2713 πάντα
3111 2656 3513 2728 ἐφυλαξάμην
3548 2657 3622 2710 ἐκ
3666 2655 3798 2708 νεό-

2108 2742 2287 2808 τητός
2313 2758 2433 2811 μου
2458 2759 2473 2773 ·
2519 2742 2575 2795 τί
2627 2742 2715 2797 ἔτι
2738 2760 2843 2811 μοι
2892 2742 3171 2811 ὑστερεῒ;
3203 2741 3353 2811 λέγει
3399 2740 3538 2813 πρὸς
3586 2738 3755 2794 αὐτόν
3779 2754 3794 2768 ·

2109 2825 2178 2878 El
2220 2823 2417 2893 θέλεις
2453 2825 2685 2893 τέλειος
2731 2822 2886 2881 εἶναι
2910 2869 2925 2894 ,
2956 2826 3151 2896 ὕπατε
3172 2865 3186 2891 ,
3219 2823 3516 2894 πώλησόν
3563 2840 3686 2877 σου
3727 2822 3797 2876 τὰ

2107 2906 2459 2977 ὑπάρχοντα
2486 2910 2584 2964 καὶ
2612 2909 2720 2977 δὸς
2761 2910 3022 2978 πτωχοῖς
3043 2949 3058 2973 ,
3094 2908 3195 2963 καὶ
3223 2907 3401 2977 δεῦρο
3425 2949 3440 2973 ,
3470 2907 3794 2962 ἀκολούθει

2102 3008 2225 3061 μοι.
2265 2992 2459 3046 Καίτοι
2509 2995 2557 3047 εί
2606 2994 2770 3065 νόμος
2808 2994 2903 3048 καὶ
2941 2992 3094 3067 [185]
3127 2993 3463 3065 πρόσταγμα
3498 2987 3566 3062 ἦν
3592 3031 3606 3053 ,
3636 2990 3821 3044 τοῦτον

2107 3071 2323 3143 πρῶτον
2355 3074 2590 3148 ἐξαρχῆς
2632 3078 2807 3130 εἰπεῖν
2835 3076 2941 3130 ἐδει
2967 3116 2981 3141 ,
3022 3077 3119 3131 καὶ
3167 3075 3551 3147 νομοθετῆσαι,
3584 3074 3681 3128 καὶ
3735 3075 3793 3126 ἐν

2109 3155 2532 3229 προστάγματος
2562 3158 2715 3225 τάξει
2746 3159 2956 3223 θεῖναι,
2989 3159 3126 3214 ἀλλά
3164 3159 3239 3230 μὴ
3281 3160 3341 3213 ἐν
3382 3156 3663 3228 συμϐουλῇ
3698 3156 3793 3209 καὶ

2105 3239 2429 3308 παραινέσει
2487 3240 2620 3294 αὐτὸ
2666 3242 3085 3314 εἰσηγήσασθαι.
3121 3242 3290 3296 Ὅταν
3327 3240 3428 3312 μὲν
3460 3239 3571 3310 γὰρ
3614 3239 3787 3311 λέγῃ.

2107 3320 2206 3390 Μὴ
2253 3321 2567 3391 κτήσησθε
2610 3326 2887 3394 χρυσὸν,
2932 3324 3088 3396 μηδὲ
3137 3323 3435 3394 ἄργυρον,
3477 3322 3790 3376 ἐπιτάττων

2105 3403 2253 3473 λέγει
2275 3421 2289 3435 '
2321 3407 2449 3461 ὅταν
2474 3407 2530 3460 δέ
2549 3407 2681 3480 λέγῃ
2703 3449 2717 3472 ,
2749 3412 2816 3463 El
2847 3409 3077 3475 ἐθέλεις
3100 3408 3330 3474 τέλειος
3349 3403 3523 3470 εἶναι,
3552 3404 3791 3474 συμϐου-

2104 3488 2274 3544 λεύων
2303 3493 2397 3544 καὶ
2427 3493 2703 3564 παραινῶν
2733 3493 2899 3562 λέγει.
2931 3493 3044 3547 Οὐκ
3070 3492 3187 3545 ἐστι
3222 3491 3279 3545 δὲ
3309 3490 3509 3543 ταύτὸν
3543 3488 3789 3557 συμϐου-

2104 3573 2280 3627 λεύειν
2314 3578 2409 3629 καὶ
2435 3577 2765 3647 νομοθετεῖν.
2804 3578 2863 3632 '0
2897 3577 2997 3647 μὲν
3029 3576 3137 3648 γὰρ
3175 3572 3484 3646 νομοθετῶν
3507 3612 3523 3637 ,
3555 3574 3621 3625 ἐκ
3655 3589 3790 3624 παν-

2102 3654 2193 3719 τὸς
2216 3657 2419 3727 τρόπου
2457 3657 2707 3727 βούλεται
2734 3658 2796 3713 τὸ
2835 3660 3258 3729 ἐπιταττόμενον
3290 3656 3537 3726 γίνεσθαι
3568 3654 3599 3694 τι
3619 3672 3635 3685 ·
3662 3655 3692 3706 6
3736 3654 3791 3708 δὲ

2105 3740 2488 3810 συμϐουλεύων
2515 3743 2609 3796 καὶ
2643 3742 2925 3814 παραινῶν
2955 3743 3050 3796 καὶ
3081 3744 3149 3813 τῇ
3181 3740 3375 3812 γνώμῃ
3414 3735 3511 3793 τοῦ
3557 3736 3791 3791 ἀκούονο

2100 3839 2193 3887 τος
2220 3824 2531 3895 ἐπιτρέπων
2553 3827 2652 3897 τὴν
2682 3828 2896 3899 αἰρεσιν
2926 3826 3035 3880 τῶν
3065 3823 3398 3896 λεγομένων,
3422 3821 3614 3893 κύριον
3645 3822 3792 3873 ποιεῖ

2099 3906 2198 3959 τοῦ
2235 3904 2492 3974 δέξασθαι
2522 3911 2615 3963 καὶ
2654 3910 2729 3982 μὴ
2768 3910 2859 3964 τὸν
2897 3909 3196 3981 ἀκροατήν.
3240 3907 3340 3961 Διά
3385 3904 3450 3975 δὴ
3497 3902 3660 3956 τοῦτο
3690 3904 3788 3972 οὐχ

2099 3988 2289 4054 ἁπλῶς
2319 3986 2473 4045 εἶπεν
2495 4032 2511 4056 ,
2547 3992 2797 4062 Ὕπαγε,
2828 3990 3122 4059 πώλησόν
3146 4004 3264 4044 σου
3295 3987 3368 4042 τὰ
3411 3983 3787 4055 ὑπάρχοντα,

2101 4072 2189 4126 ἵνα
2227 4074 2301 4145 μὴ
2332 4075 2493 4145 νόμον
2530 4070 2668 4130 εῖναι
2714 4076 2943 4147 νομίσῃς
2981 4075 3045 4127 τὸ
3084 4073 3412 4143 λεγόμενον,
3444 4067 3581 4123 ἀλλά
3626 4067 3784 4133 πῶςς

2105 4155 2172 4210 ΕΖ
2198 4157 2428 4225 ἐθέλεις
2464 4157 2694 4225 τέλειος
2722 4154 2874 4213 εἶναι
2893 4196 2908 4223 ,
2950 4157 3144 4226 ὕπαγε
3167 4197 3183 4222 ,
3239 4153 3534 4222 πώλησόν
3566 4164 3691 4203 σου
3716 4149 3786 4201 τὰ

2100 4243 2451 4314 ὑπάρχοντα
2469 4263 2481 4276 ·
2508 4246 2595 4300 ἵνα
2623 4245 2803 4319 μάθῃς
2833 4246 2914 4300 ὅτι
2941 4245 2998 4298 ἐν
3026 4246 3094 4316 τῇ
3115 4240 3312 4316 γνώμῃ
3336 4240 3442 4294 τῶν
3472 4237 3785 4293 ἀκουόντων

2098 4330 2160 4383 τὸ
2190 4334 2421 4403 πρᾶγμα
2451 4334 2649 4387 κεῖται.

2174 4420 2296 4473 Ὀτι
2338 4419 2436 4491 μὲν
2463 4416 2556 4476 οὖν
2602 4421 2716 4485 τοῖς
2767 4418 3089 4483 ἀποστόλοις
3117 4416 3290 4472 ταῦτα
3323 4415 3657 4469 ἐπετέτακτο
3687 4411 3777 4482 μό-

2098 4523 2244 4571 νοις,
2274 4507 2433 4578 δῆλον
2481 4509 2732 4565 ἐντεῦθεν
2758 4525 2772 4540 ⁸
2812 4509 2928 4564 ἀλλ’
2955 4507 3168 4562 οὐδέπω
3214 4506 3312 4576 τὴν
3359 4504 3514 4558 λύσιν
3542 4502 3781 4573 εὑρήκα-

2102 4612 2219 4667 μεν.
2261 4596 2324 4651 Εί
2374 4597 2483 4669 γὰρ
2536 4599 2631 4651 καὶ
2683 4598 2867 4663 αὐτοῖς
2910 4596 3067 4651 τοῦτο
3114 4593 3534 4664 νενομοθέτηται
3568 4592 3778 4662 μόνοις.

2097 4683 2241 4748 τίνος
2272 4684 2457 4739 ἕνεκεν
2490 4685 2843 4754 ἐπιταγέντες
2893 4685 3028 4757 μηδὲ
3074 4684 3401 4755 ὑποδήματα
3434 4681 3611 4752 ἐχειν,
3646 4678 3780 4749 μηδὲ

2097 4771 2318 4826 διπλοῦν
2347 4775 2578 4844 ἱμάτιον,
2611 4774 2979 4846 εὑρίσκονται,
3015 4777 3044 4828 6
3073 4773 3174 4843 μὲν
3205 4770 3462 4827 σανδάλια
3500 4766 3778 4838 κεκτημέο

2097 4876 2219 4924 νος,
2243 4863 2273 4914 6
2310 4860 2367 4914 δὲ
2411 4861 2503 4916 καὶ
2548 4862 2775 4934 φελόνην
2807 4862 2947 4934 ἔχων
2970 4879 2986 4927 ;
3013 4862 3079 4915 Τί
3110 4856 3205 4914 οῦν
3254 4859 3321 4913 ἂν
3348 4858 3599 4929 εἴποιμεν
3643 4855 3778 4925 πρὸς

2096 4947 2304 5016 ταῦτα;
2334 4949 2455 5002 Ὅτι
2477 4948 2602 5003 οὔτε
2631 4951 2828 5015 αὐτοὺς
2856 4951 3018 5022 μέχρι
3047 4949 3249 5012 παντὸς
3276 4948 3487 5019 ἀφῆκεν
3514 4944 3621 4999 ὑπὸ
3650 4942 3776 4997 ταύ-

2094 5054 2196 5107 την
2227 5032 2366 5091 εἶναι
2392 5038 2500 5092 τῶν
2534 5039 2715 5109 νόμων
2740 5039 2839 5109 τὴν
2871 5038 3119 5106 ἀνάγκην
3142 5079 3157 5103 ,
3193 5035 3308 5091 ἀλλ’
3340 5033 3436 5087 ἐπὶ
3473 5031 3566 5087 τὸν
3599 5032 3774 5103 σωτή-

2097 5142 2214 5197 ριον
2246 5126 2381 5181 ίέναι
2410 5127 2618 5198 μέλλων
2665 5127 2931 5192 θάνατον,
2968 5126 3240 5180 ἀπέλυσεν
3268 5125 3468 5187 αὐτοὺς
3493 5122 3595 5192 τῆς
3618 5138 3773 5193 νομο-

2095 5213 2280 5279 θεσίας
2312 5216 2533 5287 ταύτης.
2567 5215 2738 5270 Πόθεν
2761 5215 2915 5269 τοῦτο
2940 5214 3133 5283 δῆλον;
3172 5214 3290 5267 Ἀπ’
3322 5211 3504 5266 αὐτῶν
3532 5210 3643 5263 τῶν
3681 5207 3774 5262 τοῦ

2096 5305 2347 5375 Σωτῆρος
2380 5304 2659 5376 ῥημάτων.
2704 5303 2923 5375 Ἐπειδὴ
2955 5302 3065 5374 γὰρ
3106 5300 3331 5372 ἔμελλεν
3369 5300 3463 5353 ἐπὶ
3503 5299 3565 5352 τὸ
3607 5294 3772 5356 πάθος

2093 5394 2319 5453 ὁδεύειν,
2347 5393 2584 5455 καλέσας
2613 5392 2809 5456 αὐτούς
2855 5409 3020 5463 φησιν
3045 5408 3059 5421 ο
3105 5392 3236 5445 Ὅτε
3262 5388 3593 5444 ἀπέστειλα
3619 5384 3771 5456 ὑμᾶς

2093 5480 2229 5549 ἄτερ
2252 5481 2590 5545 ,βαλαντίου
2628 5480 2728 5536 καὶ
2760 5480 2958 5549 πήρας
2991 5521 3004 5544 ,
3038 5481 3126 5551 μή
3158 5496 3321 5545 τινος
3362 5476 3761 5545 ὑστερήσατε;

2096 5573 2159 5623 Ol
2182 5568 2250 5622 δὲ
2272 5569 2697 5637 ἀποκριθέντες
2727 5565 2901 5623 εἷπον
2925 5586 2939 5600 ·
2976 5559 3257 5635 Οὐδένός.
3299 5567 3361 5620 '0
3385 5564 3454 5620 δὲ
3478 5561 3648 5620 εἶπεν
3666 5565 3770 5621 αὐ·

2091 5657 2210 5724 τοῖς
2230 5673 2243 5687 ·
2286 5660 2462 5712 Ἀλλὰ
2481 5657 2598 5713 νῦν
2635 5662 2668 5711 ό
2707 5658 2865 5728 ἔχων
2889 5655 3244 5722 βαλάντιον,
3285 5652 3480 5722 ἀράτω
3499 5694 3513 5720 ,
3540 5655 3636 5710 καὶ
3663 5650 3768 5720 ποῖ·

2159 5796 2183 5839 δ
2208 5798 2288 5847 Sic
2311 5812 2424 5848 mss.
2457 5800 2628 5851 Morel.
2657 5813 2771 5849 Vero
2797 5799 2876 5847 καὶ
2902 5797 3261 5860 ἐπιταττόμενον
3286 5796 3521 5860 δέχεσθαι.
