4006 6412
272 391 377 448 197

262 505 392 560 dum
419 501 828 572 apostolicarum
877 499 1100 554 chIium
1150 497 1372 552 multum
1417 497 1572 552 nobis
1611 495 1856 552 conferre

263 593 506 649 utilitatis
544 610 557 646 :
590 592 684 647 sed
711 605 833 645 cum
866 590 966 644 hoc
993 589 1144 656 dico,
1188 589 1372 644 incidit
1402 590 1530 642 mihi
1581 589 1662 644 lux
1703 604 1862 658 quam

266 684 508 740 Christus
540 685 746 753 posuit,
775 681 960 736 dicens
990 700 1002 736 :
1048 681 1166 735 Non
1195 681 1446 750 possidete
1471 697 1650 734 aurum
1671 721 1684 743 ,
1710 695 1867 751 neque

264 785 553 846 argentum,
575 790 732 845 neque
757 789 828 828 res
854 774 904 827 in
936 773 1075 827 zonis
1112 776 1304 838 vestris,
1338 789 1496 842 neque
1515 773 1710 826 calceos
1734 813 1747 834 ,
1779 789 1866 826 ne-

264 884 361 933 que
386 866 577 936 virgam
596 866 650 918 in
673 866 751 919 via
779 864 989 934 (Matth.
1027 865 1112 918 10.
1153 863 1208 919 9.
1238 864 1341 934 10)
1366 882 1378 916 :
1404 863 1740 917 manifestum
1771 879 1867 917 au-

263 969 371 1014 tem
405 969 488 1015 est
518 958 733 1012 Petrum
761 956 1010 1010 habuisse
1035 955 1292 1010 snndalia.
1319 955 1471 1011 Unde
1496 971 1616 1010 cum
1643 955 1862 1025 angelus

261 1066 386 1105 eum
436 1049 794 1104 dormientem
845 1048 1143 1112 excitaret,
1175 1058 1228 1100 et
1255 1063 1286 1102 e
1329 1062 1544 1101 carcere
1573 1046 1861 1110 educeret,

261 1144 339 1197 ait
366 1160 381 1196 :
411 1143 593 1197 Calcea
614 1151 660 1196 te
688 1141 937 1195 sandaliis
965 1142 1062 1194 tuis
1087 1183 1100 1205 ,
1125 1152 1172 1195 et
1197 1141 1460 1194 circumda
1487 1141 1574 1193 tibi
1594 1143 1862 1195 vestimen-

263 1244 371 1286 tum
402 1243 564 1298 tuum,
593 1239 637 1286 et
657 1248 860 1301 sequere
887 1248 964 1286 me
993 1229 1128 1302 (Act.
1154 1231 1238 1286 l2.
1276 1229 1352 1304 8).
1379 1231 1444 1285 Et
1467 1231 1663 1285 Paulus
1677 1230 1862 1286 Timo-

264 1325 392 1380 theo
414 1323 599 1378 scribit
626 1340 640 1376 :
665 1320 916 1376 Penulam
938 1338 1089 1394 quant
1117 1322 1298 1391 reliqui
1334 1321 1536 1375 Troade
1563 1322 1702 1392 apud
1731 1320 1861 1375 Car-

262 1434 385 1489 pum
411 1458 426 1481 ,
456 1433 568 1469 cuni
595 1416 757 1469 venies
785 1414 932 1481 affer,
958 1425 1004 1468 et
1031 1416 1205 1481 libros,
1237 1416 1518 1484 prtesertim
1545 1416 1863 1469 membranas

263 1509 341 1582 (2.
370 1507 502 1562 Tim.
526 1509 578 1563 4.
609 1509 717 1578 l3).
735 1508 872 1575 Quid
892 1508 1067 1561 dicis?
1089 1507 1334 1562 Christus
1355 1508 1505 1577 jubet
1531 1523 1634 1562 non
1664 1507 1862 1562 habere

261 1601 510 1665 calceos,
547 1609 598 1652 tu
626 1608 802 1652 autem
832 1597 1078 1667 penulam
1116 1598 1301 1664 habes,
1331 1607 1384 1653 et
1412 1599 1548 1652 alius
1572 1598 1807 1652 sandalio
1838 1597 1862 1652 ?

261 1691 418 1759 Quod
465 1691 509 1744 si
557 1690 608 1743 hi
637 1700 824 1744 tenues
871 1688 1080 1759 quidam
1109 1701 1320 1754 essent,
1351 1690 1606 1759 tltagistro
1631 1705 1736 1744 non
1769 1703 1862 1758 per

261 1784 444 1837 omnia
467 1783 920 1851 obtemperantes,
943 1781 1086 1836 nulla
1102 1792 1216 1836 erat
1239 1782 1325 1835 hic
1341 1781 1583 1836 facienda
1604 1781 1858 1852 quaestio:

261 1873 358 1928 sed
389 1888 510 1927 cum
540 1873 637 1942 ipsi
669 1873 921 1943 ιιι-ιηὸὶρυί
954 1873 1078 1938 sint,
1101 1888 1164 1928 ac
1194 1873 1447 1942 primates
1467 1875 1858 1944 apostolorum,

260 1977 315 2018 et
343 1966 554 2018 animas
592 1979 717 2019 suas
757 1965 1162 2034 impenderent,
1191 1965 1513 2036 Christoque
1539 1983 1637 2038 per
1679 1969 1860 2023 omnia

259 2056 575 2122 obedircnt,
607 2064 663 2110 et
713 2055 908 2112 Paulus
949 2072 1060 2110 non
1107 2058 1279 2110 solum
1334 2058 1591 2126 imperata
1640 2058 1857 2126 fecerit,

261 2149 363 2201 sed
389 2158 443 2203 et
467 2163 628 2217 supra
659 2156 950 2203 scammata
973 2149 1268 2215 saltaverit;
1290 2165 1517 2220 cumque
1548 2153 1862 2222 praeciperet

259 2255 326 2294 ex
372 2241 661 2312 Evangelia
690 2241 1009 2307 vivendum,
1054 2241 1251 2296 victum
1297 2243 1411 2312 ipse
1462 2243 1709 2298 manibus
1749 2243 1860 2300 suis

257 2331 611 2400 quaesiverit,
670 2332 818 2402 plus,
868 2347 1026 2403 quam
1077 2335 1400 2404 imperatum
1457 2345 1607 2403 erat,
1657 2335 1860 2394 faciens

257 2423 338 2491 (1.
371 2421 489 2476 Cor.
523 2423 575 2478 4.
623 2423 708 2478 12.
737 2423 853 2477 Act.
883 2424 973 2480 20.
1007 2426 1076 2481 51
1104 2425 1149 2498 ),
1188 2427 1386 2482 idcirco
1409 2427 1625 2498 dignum
1653 2438 1772 2497 est,
1801 2438 1861 2491 ut

256 2531 598 2582 quaeramus,
634 2531 800 2586 quare
826 2518 915 2586 qui
945 2517 997 2571 in
1029 2519 1280 2574 omnibus
1327 2519 1539 2574 Christo
1570 2521 1858 2591 parebant.

259 2606 350 2659 hic
383 2605 554 2676 legem
581 2605 696 2674 ejus
727 2607 1008 2661 videantur
1036 2608 1333 2678 transgredi
1365 2609 1389 2662 ?
1417 2611 1484 2663 At
1510 2624 1616 2664 non
1655 2625 1714 2665 re
1745 2610 1859 2681 ipsa

256 2695 747 2766 transgrediuntur.
781 2697 878 2752 llic
903 2713 1085 2753 sermo
1113 2715 1218 2754 non
1266 2700 1317 2754 in
1370 2700 1474 2757 hoc
1513 2703 1686 2758 solum
1714 2703 1859 2758 utilis

255 2787 399 2851 erit,
445 2797 501 2841 ut
543 2797 866 2842 exeusentur
904 2790 1071 2844 sancti
1104 2791 1211 2855 illi,
1243 2790 1340 2846 sed
1384 2800 1439 2846 ut
1480 2802 1535 2848 et
1578 2793 1858 2864 gentilium

255 2883 616 2937 obstruantur
641 2897 756 2937 ora.
790 2882 1230 2954 Quandoquidem
1273 2886 1424 2940 multi
1453 2885 1732 2943 viduarum
1763 2887 1860 2944 do-

252 2988 382 3028 mos
405 2973 780 3029 subvertentes
797 3016 812 3040 ,
844 2975 1116 3045 orphanos
1133 2975 1397 3032 nudantes
1417 3018 1433 3044 ,
1457 2979 1666 3049 ipsique
1683 2979 1858 3034 omni-

251 3065 360 3120 bus
399 3065 587 3120 alienis
610 3065 946 3121 abundantes
966 3108 982 3134 ,
1014 3075 1069 3121 et
1099 3067 1239 3138 lupis
1275 3068 1442 3123 nihilo
1474 3071 1762 3141 meliores,
1785 3087 1854 3129 ex

250 3159 553 3228 alienisque
579 3158 856 3214 laboribus
882 3161 1121 3216 viventes
1141 3203 1156 3228 ,
1199 3177 1320 3216 cum
1352 3161 1533 3218 vident
1581 3163 1853 3228 interdum

249 3251 494 3304 ﬁdelium
524 3250 731 3321 aliquos
754 3252 996 3322 pluribus
1018 3253 1088 3307 ob
1117 3253 1500 3323 aegritudinem
1518 3257 1699 3311 vestiri
1721 3258 1856 3314 ami-

248 3343 395 3396 culis
413 3383 428 3408 ,
452 3343 705 3396 continuo
744 3342 900 3396 nobis
929 3345 1102 3413 legem
1131 3343 1329 3398 Christi
1357 3345 1651 3415 objiciunt,
1695 3358 1750 3402 et
1773 3347 1855 3404 di-

247 3443 390 3488 cunt
423 3452 436 3487 :
467 3431 656 3488 Nonne
686 3434 940 3504 przccepit
983 3434 1135 3489 vobis
1175 3433 1454 3501 Christus,
1506 3453 1574 3492 ne
1614 3435 1854 3493 habeatis

246 3528 392 3582 duas
424 3527 664 3591 tunicas,
696 3527 781 3582 vel
808 3526 1171 3582 calceamenta
1205 3527 1352 3593 (Luc.
1396 3528 1446 3584 9.
1483 3529 1583 3600 3)?
1621 3530 1854 3598 Quomor

245 3620 324 3675 do
358 3635 486 3690 ergo
513 3635 604 3673 vos
632 3619 802 3689 legem
835 3619 978 3672 illam
1009 3619 1426 3688 prmvaricamini
1447 3621 1471 3673 ?
1493 3621 1558 3674 Et
1582 3620 1849 3692 posthaec,

243 3727 378 3768 cum
428 3710 638 3766 abunde
688 3709 903 3767 fratrem
955 3712 1206 3778 riserint,
1257 3720 1311 3767 et
1355 3713 1765 3779 subsannarint,
1799 3722 1854 3774 et

247 3805 468 3877 probris
515 3804 826 3869 affecerint,
884 3803 1185 3859 discedunt.
1237 3803 1400 3874 Igitur
1427 3820 1494 3860 ne
1523 3805 1648 3858 talia
1690 3806 1849 3870 liam,

242 3916 356 3972 age
383 3910 437 3955 et
463 3901 675 3954 illorum
704 3901 1017 3956 obturemus
1043 3900 1452 3969 impudentiam.
1482 3901 1547 3954 Et
1573 3915 1853 3970 possemus

242 3991 468 4062 quidem
493 3992 560 4046 ab
586 3991 665 4046 eis
691 3992 844 4046 facile
864 3991 1111 4057 liberari,
1139 3991 1184 4045 si
1214 3991 1316 4046 hoc
1345 4007 1506 4045 unmn
1533 3992 1613 4046 cis
1641 3991 1851 4047 dicere-

244 4099 394 4136 mus.
428 4083 596 4151 Quale
625 4083 770 4138 hoc?
801 4082 858 4138 Si
883 4083 1156 4138 Chrismm
1186 4092 1244 4137 ut
1270 4082 1374 4138 ﬁde
1393 4083 1611 4154 dignum
1633 4085 1851 4154 probas,

245 4175 448 4229 merito
493 4174 611 4230 haec
661 4175 850 4244 objicis
871 4217 886 4242 ,
920 4183 972 4230 et
1004 4190 1033 4228 a
1081 4174 1238 4229 nobis
1264 4175 1460 4244 quwris
1488 4193 1500 4229 :
1531 4177 1614 4230 sin
1666 4177 1714 4230 ei
1745 4191 1853 4232 non

243 4265 431 4321 credis
451 4308 466 4328 ,
497 4282 663 4336 quare
699 4267 868 4337 legem
895 4267 1012 4336 ejus
1041 4267 1268 4336 opponis
1293 4266 1316 4319 ?
1343 4267 1412 4321 At
1435 4268 1648 4338 quando
1691 4283 1850 4323 accu-

243 4373 378 4412 sare
403 4373 499 4411 nos
525 4358 606 4412 vis
630 4398 643 4422 ,
685 4357 877 4428 dignus
909 4357 1001 4411 tibi
1028 4357 1238 4412 videtur
1265 4356 1369 4412 lide
1399 4357 1668 4428 legislator
1691 4357 1850 4413 Chri-

242 4460 419 4503 stus:
462 4448 674 4518 quando
718 4461 894 4502 autem
926 4463 1048 4502 eum
1093 4447 1346 4503 admirari
1393 4456 1607 4517 oportet
1653 4458 1707 4503 et
1753 4449 1850 4504 ad-

243 4554 431 4605 orare,
459 4539 652 4594 nullius
677 4548 758 4594 est
784 4538 923 4608 apud
953 4548 1003 4594 te
1033 4538 1287 4594 momenti
1304 4538 1464 4593 totius
1488 4539 1636 4594 orbis
1665 4539 1848 4594 Domi-

244 4631 404 4686 nus?

323 4723 380 4776 2.
423 4723 647 4778 Solvitur
673 4725 902 4795 quiestio,
933 4740 1025 4778 cur
1053 4723 1281 4779 Christus
1300 4723 1513 4794 jusserit
1542 4738 1642 4776 non
1669 4722 1853 4778 habere

245 4818 383 4871 duas
431 4817 644 4870 tunicas.
684 4845 748 4856 —
779 4815 972 4870 Verum
1020 4831 1088 4871 ne
1141 4817 1257 4871 haec
1301 4815 1476 4884 inopia
1523 4813 1851 4870 delensionis

241 4908 435 4963 dicere
464 4923 562 4961 nos
593 4916 797 4978 putent,
826 4908 892 4962 ad
939 4907 1259 4962 solutionem
1288 4908 1426 4977 ejus,
1455 4906 1596 4977 quod
1639 4921 1850 4976 quazre-

245 5001 433 5066 batur,
463 5002 760 5056 veniamus.
807 5001 1062 5068 Quaenam
1094 5016 1222 5071 ergo
1244 5003 1348 5056 erit
1375 4999 1618 5055 solutio?
1651 4999 1850 5055 Viden-

245 5095 383 5149 dnm
408 5101 492 5148 est
517 5094 568 5147 in
600 5093 925 5163 hujusmodi,
957 5094 1172 5164 quibus,
1195 5101 1249 5148 et
1274 5092 1510 5163 quando,
1529 5099 1762 5161 etquare
1787 5108 1850 5148 ea

243 5185 498 5239 Christus
523 5185 822 5254 imperavit.
853 5184 971 5239 Non
996 5185 1141 5239 enim
1176 5183 1367 5248 obiter,
1393 5195 1448 5238 et
1493 5183 1632 5239 nude
1673 5183 1852 5252 inqui-

246 5275 418 5332 renda
445 5285 571 5330 sunt
611 5275 723 5330 haec
751 5294 765 5330 :
795 5276 889 5330 sed
929 5291 1107 5346 opera:
1141 5277 1370 5344 pretium
1415 5275 1574 5330 fuerit
1609 5275 1768 5330 simul
1798 5286 1854 5330 ct

248 5383 562 5438 personam,
591 5377 645 5422 et
673 5379 900 5437 tempus,
929 5376 983 5422 et
1007 5382 1224 5423 causam
1276 5377 1332 5421 et
1358 5367 1535 5422 omnia
1583 5366 1700 5421 haec
1739 5367 1854 5421 dili-

247 5471 444 5530 genter
465 5461 807 5530 perscrutari.
831 5460 926 5515 llis
974 5461 1118 5516 enim
1148 5459 1434 5531 diligenter
1475 5459 1849 5524 consideratis,

253 5553 614 5616 inveniemus,
645 5552 788 5623 quod
817 5554 930 5622 ipsa
970 5567 1080 5608 non
1131 5553 1236 5607 sint
1277 5552 1524 5607 omnibus
1569 5553 1851 5621 imperata,

251 5646 350 5700 sed
393 5645 524 5700 solis
572 5646 948 5715 apostoliszet
987 5659 1160 5715 neque
1201 5645 1302 5698 illis
1348 5645 1399 5697 in
1448 5659 1626 5710 onme,
1652 5643 1747 5700 sed
1784 5644 1851 5699 ad

255 5736 628 5806 praescriptum
671 5746 725 5792 et
749 5739 1162 5792 determinatum
1194 5746 1424 5805 tempus.
1463 5736 1524 5790 Et
1574 5736 1716 5790 unde
1747 5736 1850 5791 hoc

258 5828 599 5885 manifestqu
629 5829 650 5881 ?
697 5829 772 5884 Ex
826 5829 980 5884 dictis
1029 5830 1155 5901 ipsis
1193 5848 1203 5883 :
1238 5829 1460 5895 ctenim,
1490 5829 1689 5884 vocatis
1716 5828 1851 5885 duo-

1055 383 1119 438 IN
1159 380 1385 450 ILLUD,
1427 380 1790 439 SALUTATE
1832 381 2236 438 PRlSCll.l.A.\l
2279 384 2365 438 ET
2407 385 2736 453 AQUILAM.
2779 387 2841 442 ll.

3479 391 3579 450 193

1973 497 2148 553 decim
2179 498 2472 568 discipulis,
2501 499 2636 554 dixit
2665 501 2744 554 eis
2770 518 2783 555 :
2819 499 2883 555 In
2913 502 3046 556 viam
3065 501 3302 559 Gentium
3329 520 3393 560 ne
3443 504 3581 557 abie-

1968 593 2108 656 ritis,
2143 599 2189 644 et
2218 591 2269 644 in
2298 592 2547 645 civitatem
2571 593 3018 648 Samaritanorum
3050 611 3113 650 ne
3141 593 3464 650 t'ntrartn'itis.
3499 593 3579 648 Ite

1971 682 2137 752 potius
2181 682 2250 734 ad
2293 700 2405 736 oves
2445 683 2626 737 domus
2655 683 2823 738 Israel
2867 700 2980 754 qua:
3017 686 3270 756 perierunt
3300 702 3320 740 :
3343 686 3582 755 inﬁrmos

1968 782 2172 837 curate,
2205 771 2427 842 leprosos
2449 773 2707 836 mandate,
2738 774 2989 827 dwmonia
3018 775 3182 842 ejicite
3203 791 3221 830 :
3241 777 3400 844 gratis
3427 791 3572 828 acce-

1970 864 2133 933 pistis,
2163 865 2318 934 gratis
2346 863 2463 917 date
2491 881 2510 917 :
2539 881 2602 919 ne
2625 865 2922 934 possidentis
2957 882 3135 919 aurum
3175 866 3250 918 vel
3279 876 3568 938 argentum,

1969 959 2046 1010 vel
2068 973 2137 1011 tes
2162 958 2213 1010 in
2243 958 2384 1011 zonis
2413 958 2586 1012 vestris
2627 956 3082 1028 (Matth.l0.6-9).
3109 957 3337 1013 Attende
3365 972 3562 1028 quamn

1969 1047 2205 1116 magis2ri
2235 1049 2516 1117 sapientia,
2551 1049 2822 1118 quomodo
2850 1049 2967 1103 leve
3003 1049 3104 1103 hoc
3128 1057 3447 1118 prmreptmn
3487 1051 3558 1102 l'e-

1968 1139 2123 1192 cerit.
2176 1137 2308 1192 Nam
2350 1155 2470 1192 cmn
2501 1140 2648 1209 prius
2681 1139 2904 1193 dixisset
2932 1157 2945 1194 :
2977 1138 3222 1209 Inﬁrmos
3267 1151 3460 1207 curate,
3490 1141 3555 1194 le.

1969 1247 2145 1301 prosos
2194 1232 2430 1285 inundate
2454 1272 2468 1295 ,
2502 1232 2756 1285 dremones
2784 1232 2945 1302 ejicite
2967 1230 3073 1302 (Ib.
3101 1249 3148 1286 v.
3173 1232 3249 1300 8),
3285 1248 3556 1302 magnam~

1970 1336 2074 1390 que
2099 1321 2176 1374 eis
2206 1321 2429 1390 gratiam
2452 1322 2745 1376 liberaliter
2771 1321 3027 1387 dedisset,
3062 1331 3186 1377 ltlllc
3213 1323 3424 1378 tandem
3448 1323 3567 1377 h;ec

1969 1411 2268 1481 imperavit,
2299 1413 2548 1466 nimirum
2581 1423 2948 1482 paupertatem
2977 1414 3249 1483 signormu
3301 1423 3564 1484 potestate

1970 1503 2140 1558 levem
2171 1514 2226 1558 et
2268 1504 2475 1559 facilem
2506 1506 2752 1561 reddens.
2785 1505 2969 1576 Neque
3000 1521 3062 1560 ex
3098 1506 3183 1561 his
3210 1507 3418 1572 solum,
3467 1507 3564 1561 sed

1968 1610 2031 1650 ex
2063 1595 2243 1650 multis
2289 1595 2409 1651 aliis
2460 1597 2797 1651 manifestum
2843 1605 2946 1662 est,
2974 1597 3100 1652 solis
3126 1596 3404 1666 discipulis
3444 1613 3566 1652 esse

1967 1685 2468 1754 itttpet‘ntttm..Nztm
2501 1697 2555 1740 et
2597 1687 2851 1758 virgines,
2879 1689 3002 1757 quia
3055 1688 3234 1742 oleum
3279 1689 3329 1740 in
3366 1688 3566 1756 lampa-

1967 1777 2127 1831 dibus
2153 1778 2266 1831 suis
2292 1793 2399 1831 non
2433 1778 2720 1846 habebant,
2752 1779 2957 1847 punivit
3008 1778 3223 1850 (Matth.
3251 1778 3342 1835 25.
3374 1780 3562 1849 1-12)ε

1969 1878 2025 1923 et
2054 1870 2190 1925 alios
2213 1886 2426 1941 quoque
2467 1871 2644 1942 arguit
2683 1881 2736 1925 et
2779 1872 3040 1942 increpat,
3073 1873 3193 1942 quia
3235 1873 3563 1928 esurientem

1970 1959 2142 2030 ipsum
2186 1961 2457 2027 viderunt,
2489 1972 2679 2018 etnon
2728 1973 3009 2034 paverunt,
3039 1971 3096 2019 et
3128 1963 3400 2019 sitientem
3454 1979 3564 2019 non

1966 2061 2220 2122 putarunt
2248 2051 2356 2123 (Ib.
2407 2070 2453 2108 υ.
2483 2055 2572 2109 tt.
2601 2053 2759 2124 sqq.).
2792 2055 2960 2109 Porro
2997 2055 3044 2109 is
3071 2055 3156 2109 cui
3206 2069 3313 2109 non
3364 2062 3448 2110 est
3489 2071 3566 2111 ωε

1967 2161 2140 2216 neque
2185 2147 2609 2204 calceamentum
2635 2189 2650 2214 ,
2681 2154 2777 2204 sed
2831 2164 2936 2204 una
2989 2159 3193 2203 tantum
3223 2150 3409 2217 vestis,
3431 2165 3566 2219 quo-

1966 2237 2126 2291 modo
2153 2238 2314 2293 alium
2364 2255 2605 2310 pascere,
2635 2240 2905 2311 quomodo
2932 2241 3130 2296 nudum
3159 2245 3357 2298 vestire
3376 2284 3391 2308 ,
3428 2260 3564 2313 quo-

1965 2327 2128 2382 modo
2158 2328 2424 2399 hospitem
2455 2331 2504 2384 in
2531 2330 2748 2386 domum
2796 2332 3048 2387 inducere
3091 2333 3329 2402 poterit?
3355 2333 3460 2388 Sed
3491 2335 3561 2389 ad

1965 2417 2082 2474 haec
2106 2429 2162 2473 et
2186 2419 2402 2475 aliunde
2428 2422 2630 2476 clarum
2659 2437 2779 2477 esse
2821 2431 3050 2493 poterat.
3088 2423 3220 2480 Nam
3268 2425 3559 2483 accedente

1963 2521 2020 2568 et
2072 2513 2286 2569 dicente
2334 2514 2562 2584 qundam
2594 2533 2608 2570 :
2643 2514 2914 2588 Magister,
2961 2517 3084 2587 quid
3131 2516 3365 2586 faciendo
3405 2518 3560 2572 vitam

1963 2615 2205 2660 azternam
2249 2607 2513 2676 possidebo
2564 2607 2778 2680 (Matth.
2826 2608 2910 2664 19.
2958 2608 3086 2680 l6)?
3125 2624 3246 2664 cum
3295 2610 3557 2666 recensita

1963 2706 2148 2754 essent
2176 2703 2376 2764 omnia,
2409 2715 2528 2771 quae
2559 2701 2610 2754 in
2636 2701 2753 2771 lege
2783 2709 3072 2770 praecepta,
3096 2710 3150 2756 et
3180 2701 3269 2756 ille
3293 2701 3559 2757 curiosius

1964 2801 2407 2863 percontaretur,
2453 2803 2510 2850 et
2561 2794 2764 2850 diceret
2810 2813 2823 2847 :
2878 2793 3004 2850 Haec
3032 2796 3204 2850 omnia
3250 2798 3442 2850 servavi
3494 2797 3558 2850 ab

1963 2882 2306 2939 adolescentia
2357 2902 2504 2951 mea,
2537 2885 2661 2957 quid
2709 2886 2880 2940 adhuc
2929 2887 3054 2941 mihi
3107 2887 3286 2942 deest?
3311 2888 3442 2942 dicit
3487 2888 3556 2943 ad

1962 2975 2162 3046 ipsum,
2192 2974 2253 3032 Si
2279 2976 2352 3031 vis
2375 2976 2624 3047 perfectus
2643 2994 2772 3042 esse,
2796 2977 2941 3044 vade,
2972 2977 3130 3032 vende
3156 2994 3273 3049 qua:
3303 2979 3476 3043 habes,
3507 2989 3557 3032 et

1960 3067 2032 3122 da
2081 3068 2422 3140 pauperibus,
2463 3077 2510 3124 et
2562 3069 2715 3136 veni,
2748 3086 2954 3143 sequere
2991 3087 3070 3125 me
3093 3069 3199 3144 (Ib.
3248 3087 3296 3126 v.
3322 3070 3412 3128 20.
3439 3071 3556 3143 ει).

1962 3160 2061 3218 llic
2107 3161 2153 3217 si
2198 3162 2490 3233 prmcipcre
2525 3163 2801 3231 voluisset,
2829 3163 3115 3233 Oportebat
3143 3164 3243 3220 hoc
3294 3165 3557 3235 principio

1958 3253 2162 3320 dicere,
2191 3262 2246 3309 et
2269 3252 2442 3325 legem
2482 3253 2534 3309 in
2574 3255 2764 3310 ordine
2805 3264 3191 3325 praeceptorum
3239 3271 3471 3325 ponere,
3504 3266 3559 3312 et

1961 3361 2069 3400 non
2107 3353 2378 3416 tamquam
2417 3346 2701 3401 consilium
2747 3354 2801 3400 et
2851 3347 3279 3402 exhortationem
3311 3363 3554 3404 narrare.

1961 3439 2251 3494 Enimvero
2294 3454 2416 3493 cum
2462 3438 2612 3504 dicit,
2651 3437 2824 3492 Nolite
2850 3439 3105 3509 possidere
3132 3456 3337 3506 aurum,
3364 3441 3441 3495 vel
3469 3457 3556 3494 ar-

1959 3538 2162 3600 gentum
2207 3528 2424 3597 (Matth.
2468 3529 2554 3584 10.
2583 3529 2662 3598 9),
2697 3529 3008 3597 imperando
3057 3530 3216 3596 dicit;
3245 3545 3365 3586 cum
3423 3548 3552 3588 vero

1959 3622 2108 3688 dicit,
2145 3620 2206 3676 Si
2233 3622 2306 3674 vis
2329 3625 2582 3692 perfectus
2611 3621 2941 3691 esse(Mattlt.
2970 3623 3057 3678 10.
3080 3623 3199 3694 21),
3227 3625 3556 3680 consulendo

1958 3722 2013 3768 et
2042 3712 2379 3766 admonendo
2409 3713 2558 3767 dicit.
2590 3713 2703 3766 Non
2737 3723 2816 3767 est
2854 3726 3033 3768 autem
3063 3715 3226 3782 idem,
3249 3717 3551 3783 consulere,

1957 3813 2013 3858 et
2041 3803 2211 3872 legem
2239 3818 2457 3872 ponere.
2483 3803 2611 3856 Nam
2637 3803 2724 3871 qui
2755 3803 2924 3873 legem
2951 3804 3156 3872 statuit,
3183 3805 3353 3861 modis
3379 3809 3554 3863 enmi-

1957 3895 2060 3950 bns
2098 3895 2212 3948 lieri
2250 3895 2362 3948 vult
2409 3894 2550 3963 quod
2597 3895 2830 3965 prmcipit
2864 3895 2996 3965 :qui
3048 3911 3176 3950 vero
3218 3901 3450 3954 consulit
3498 3910 3555 3958 et

1957 3986 2294 4051 adhortatur,
2323 3990 2601 4040 sementim
2631 3997 2686 4040 et
2714 3987 2936 4041 arbitrio
2961 3987 3220 4043 auditoris
3253 3990 3550 4060 permittit,

1959 4087 2017 4132 ut
2043 4094 2106 4134 ex
2133 4077 2290 4132 dictis
2321 4077 2459 4146 quod
2488 4078 2715 4132 voluerit
2739 4079 2936 4149 eligat,
2969 4079 3150 4150 sicque
3181 4081 3548 4138 faciendorum

1958 4170 2234 4225 dominum
2259 4169 2556 4240 auditorem
2585 4170 2855 4240 relinquit.
2883 4170 3168 4241 Propterea
3206 4189 3310 4227 non
3342 4175 3551 4244 simpli-

1956 4263 2092 4318 citer
2116 4263 2267 4327 dixit,
2314 4261 2484 4327 Vade,
2504 4263 2660 4316 vende
2685 4279 2798 4329 qua:
2826 4263 2998 4331 habes,
3028 4279 3095 4320 ne
3138 4266 3188 4320 id
3235 4267 3401 4338 legem
3433 4282 3553 4324 esse

1961 4365 2175 4426 putares
2206 4373 2218 4408 :
2253 4355 2345 4410 sed
2377 4355 2684 4426 quomodo?
2715 4355 2775 4410 Si
2829 4357 2901 4408 vis
2949 4361 3200 4426 perfectus
3226 4373 3361 4422 esse,
3391 4359 3549 4426 vade,

1956 4451 2242 4522 nendequa:
2271 4450 2422 4503 habes
2445 4448 2656 4522 (Matth.
2689 4449 2775 4503 19.
2807 4449 2938 4519 ﬁt):
2970 4458 3029 4504 ut
3049 4450 3224 4504 discas
3249 4453 3301 4504 in
3329 4451 3552 4507 arbitrio

1956 4541 2285 4598 audientium
2317 4556 2404 4595 res
2431 4555 2573 4595 esse.

2032 4630 2152 4687 Non
2181 4647 2377 4700 semper
2405 4631 2512 4701 lege
2541 4629 2783 4700 obstringi
2809 4631 2960 4684 voluit
2989 4629 3220 4687 Christus
3244 4634 3544 4704 discipulos.

1980 4721 2321 4792 —Apostolis
2357 4722 2486 4776 solis
2533 4736 2660 4791 ergo
2705 4720 2822 4776 lucc
2874 4720 3039 4777 fuisse
3069 4733 3330 4794 pra-cepta
3379 4727 3552 4795 palam

1955 4825 2039 4872 est
2059 4829 2075 4880 ;
2097 4827 2281 4870 verum
2310 4813 2534 4884 quaestio
2565 4812 2800 4868 nondum
2825 4814 2996 4868 soluta
3029 4825 3132 4869 est.
3175 4816 3309 4870 Nam
3338 4818 3381 4871 si
3412 4834 3550 4888 prie-

1955 4916 2110 4976 cepta
2133 4914 2257 4961 sunt
2285 4905 2399 4959 haec
2426 4905 2555 4960 solis
2593 4905 2879 4975 apostolis,
2911 4920 3008 4960 cur
3027 4905 3162 4976 jussi
3199 4925 3303 4962 non
3351 4909 3552 4967 habere

1956 5001 2188 5062 Calceus,
2206 4997 2294 5055 vel
2310 4997 2552 5067 geminas
2579 5007 2776 5062 vestes,
2805 4998 3008 5051 inventi
3035 5009 3163 5053 sunt
3187 4999 3323 5054 alius
3349 5000 3548 5060 habere

1957 5091 2218 5157 eandalia,
2246 5090 2382 5144 alius
2421 5104 2552 5144 vero
2599 5089 2886 5158 penulam?
2917 5089 3055 5158 Quid
3105 5090 3266 5160 igitur
3313 5092 3379 5146 ad
3433 5091 3550 5148 lucc

1962 5183 2234 5240 dicemus?
2286 5181 2535 5237 Christus
2583 5197 2758 5253 neque
2811 5184 3085 5254 apostolos
3129 5201 3341 5256 semper
3393 5185 3550 5256 hujus

1959 5279 2093 5348 legis
2120 5277 2438 5332 necessitate
2461 5275 2719 5345 obstringi
2751 5276 2943 5341 voluit,
2977 5276 3070 5330 sed
3102 5292 3197 5333 eos
3221 5278 3454 5332 absolvit
3483 5278 3550 5330 ab

1960 5367 2061 5427 hac
2093 5369 2230 5438 lege,
2258 5383 2378 5423 cum
2401 5369 2507 5437 jam
2538 5367 2605 5422 ad
2626 5368 2913 5422 salutarem
2945 5380 3157 5421 crucem
3192 5367 3362 5420 iturus
3382 5378 3532 5422 esset

1960 5464 2026 5522 Et
2054 5462 2194 5518 unde
2218 5461 2322 5516 hoc
2350 5461 2552 5532 liquet?
2586 5461 2662 5514 Ex
2697 5459 2984 5514 Salvatoris
3017 5459 3374 5514 sermonibus.
3412 5459 3546 5517 Nam

1961 5557 2262 5627 passionem
2291 5567 2636 5624 aggressurus
2661 5591 2676 5615 ,
2709 5551 2910 5604 vocatis
2955 5548 3060 5602 illis
3105 5549 3272 5614 dixit,
3302 5548 3429 5606 Cum
3455 5569 3542 5608 vos

1959 5648 2204 5706 mitterem
2224 5645 2332 5697 sine
2359 5641 2617 5709 marsupio
2641 5648 2686 5694 et
2707 5655 2852 5710 pera,
2877 5639 3137 5708 aliquidue
3157 5641 3326 5695 deerat
3347 5643 3372 5698 2
3405 5643 3468 5696 At
3493 5643 3549 5698 hi

1961 5742 2317 5810 respondentes
2357 5734 2590 5785 dixerunt
2621 5746 2641 5783 :
2684 5729 2852 5784 Nihil.
2878 5727 2999 5800 Ipse
3029 5741 3194 5784 autem
3217 5729 3410 5785 dicebat
3433 5733 3545 5792 eis;

1966 5831 2066 5886 Sed
2088 5849 2219 5884 lttttt."
2251 5827 2333 5894 qui
2361 5825 2502 5878 habet
2525 5821 2862 5893 marsupium,
2893 5822 3058 5890 tollat,
3083 5831 3129 5876 et
3153 5839 3322 5894 perant
3353 5834 3438 5880 :e.‘
3459 5822 3548 5894 qui
