4006 6458
452 388 560 448 199

452 529 552 571 non
580 513 748 581 habet,
779 511 963 568 vendat
1008 519 1191 565 vestem
1235 523 1402 572 suam,
1432 516 1480 560 et
1526 513 1774 559 mercetur
1819 501 2048 574 gladium

449 603 609 678 (Luc.
634 602 727 658 εξ.
750 603 840 659 35.
863 601 976 666 56).
1001 599 1118 655 Jam
1160 596 1298 652 forte
1343 596 1491 650 dicet
1533 593 1747 664 aliquis,
1773 591 2050 662 apostolos

450 694 668 765 quidem
715 693 799 748 his
837 691 996 747 dictis
1043 706 1074 744 a
1124 687 1353 745 crimine
1403 685 1680 742 absolutos
1713 701 1728 738 :
1757 683 1854 739 sed
1911 682 2048 737 ultra

452 787 729 857 quaeritur,
757 796 926 853 quare
953 779 1199 837 Christus
1232 777 1498 834 contraria
1542 774 1892 846 praeceperit:
1923 787 2047 827 nam

453 875 720 930 interdum
753 874 904 940 dicit,
933 869 1019 927 Ne
1045 869 1342 942 possidentis
1365 884 1539 939 peram
1565 866 1778 940 (Matth.
1800 864 1886 922 l0.
1917 863 2044 936 10):

452 967 719 1021 interdum
749 974 953 1031 autem,
985 963 1085 1033 Qui
1119 964 1265 1017 habet
1305 961 1651 1032 marsupium,
1679 959 1852 1022 tollat,
1881 966 1929 1012 et
1955 973 2048 1028 pe-

451 1075 560 1112 ram
592 1057 745 1132 (Luc.
776 1056 868 1111 ‘22.
900 1055 1015 1129 36).
1034 1056 1211 1124 Quare
1233 1053 1334 1107 hoc
1365 1052 1528 1108 fecit?
1554 1051 1696 1107 Sane
1721 1051 1837 1106 hanc
1861 1049 2048 1104 adnuo.

447 1151 577 1204 dum
627 1148 786 1218 digne
836 1147 961 1204 fecit
1005 1162 1102 1202 sua
1146 1145 1430 1215 sapientia,
1462 1157 1732 1213 curaque,
1757 1155 1916 1212 quam
1950 1153 2049 1210 pro

451 1241 728 1312 discipulis
755 1239 997 1312 gerebat.
1028 1239 1112 1294 Ab
1139 1237 1293 1292 initio
1321 1237 1465 1292 enim
1498 1235 1601 1291 hoc
1630 1233 1946 1306 imperavit,
1993 1241 2051 1288 ut

449 1350 616 1404 opere
667 1344 723 1390 et
767 1331 1140 1402 experimento
1197 1328 1454 1400 potentiae
1503 1342 1616 1383 suae
1665 1325 2046 1380 documentum

447 1427 798 1497 acciperent,
841 1439 906 1478 ac
929 1421 1125 1478 deinde
1149 1437 1271 1476 cum
1302 1419 1493 1474 llducia
1523 1433 1620 1488 per
1647 1426 1818 1472 totum
1862 1414 2047 1470 orbem

449 1530 716 1575 terrarum
782 1523 1150 1588 peragrarcnt.
1209 1513 1406 1570 Verum
1457 1511 1548 1566 ubi
1591 1510 1705 1582 jam
1753 1509 2047 1579 potentiam

449 1613 618 1682 ipsius
668 1616 1038 1683 agnoverunt,
1066 1607 1271 1678 optavit
1310 1617 1368 1660 ut
1394 1612 1451 1660 et
1491 1603 1593 1674 ipsi
1615 1618 1682 1658 ex
1734 1615 1796 1656 se
1837 1599 2050 1655 virtutis

448 1705 724 1776 Specirncn
755 1703 1075 1774 pra-herent,
1106 1715 1282 1771 neque
1306 1699 1452 1769 ipsos
1477 1697 1545 1753 ad
1573 1697 1730 1752 linem
1761 1709 1930 1765 usque
1955 1710 2050 1764 ge.

449 1807 596 1850 stare
648 1794 856 1858 voluit;
884 1793 980 1848 sed
1027 1792 1171 1862 ipsos
1209 1804 1355 1860 saepe
1403 1789 1658 1858 exposuit
1701 1784 2050 1856 permisitque

449 1902 578 1942 suas
631 1885 775 1940 ferre
822 1885 1182 1949 tentationes,
1227 1898 1296 1937 ne
1337 1881 1542 1937 scilicet
1592 1887 1850 1950 perpetuo
1891 1876 2048 1932 otiosi

451 1978 752 2033 residerent
783 1994 796 2030 :
825 1988 879 2032 et
900 1974 1353 2047 quemadmodum
1389 1973 1478 2043 qui
1509 1980 1678 2027 artem
1706 1969 1924 2025 natandi
1951 1969 2050 2024 do-

448 2078 596 2135 cent,
628 2069 892 2140 prineipio
937 2068 1230 2138 suppositis
1269 2067 1514 2121 manibus
1561 2063 1729 2119 multa
1775 2062 2048 2133 diligentia

450 2159 756 2230 discipulos
775 2167 1026 2230 gestant;
1060 2168 1182 2229 post
1230 2173 1392 2212 unum
1426 2166 1603 2212 autem
1637 2165 1691 2211 et
1718 2155 1946 2210 alterum
1991 2159 2050 2209 et

453 2252 670 2306 tertium
696 2249 841 2306 diem
887 2250 1161 2305 subtracta
1209 2249 1433 2304 dextera
1477 2242 1584 2303 illis
1614 2247 1962 2318 praecipiunt,
1991 2254 2050 2300 ut

449 2345 659 2416 seipsos
679 2344 892 2415 juvent.
923 2353 978 2399 et
1009 2358 1393 2412 nonnunquam
1421 2341 1542 2396 illos
1569 2355 1855 2411 parumper
1880 2337 2050 2409 mergi

449 2438 668 2506 sinunt,
714 2437 785 2491 ita
835 2446 894 2492 ut
931 2445 989 2492 et
1046 2437 1272 2490 multum
1314 2433 1600 2504 salsuginis
1653 2433 1906 2487 sorbeant
1939 2432 2048 2485 :ita

449 2543 583 2586 sane
609 2537 666 2585 et
691 2545 812 2586 cum
854 2529 1134 2602 discipulis
1184 2529 1298 2584 suis
1339 2527 1585 2582 Christus
1635 2526 1880 2581 faciebat.
1915 2523 2048 2578 Nam

451 2623 607 2679 initio
655 2623 787 2678 nihil
823 2638 920 2678 eos
979 2622 1087 2692 pati
1133 2621 1366 2687 sinebat,
1399 2620 1483 2676 vel
1538 2635 1758 2690 parvum
1795 2618 1879 2673 vel
1931 2633 2047 2671 ma-

449 2731 637 2790 gnum,
668 2715 762 2772 sed
797 2717 992 2786 ubique
1018 2715 1208 2770 aderat
1235 2713 1506 2778 muniens,
1535 2723 1593 2768 et
1633 2711 2050 2768 circnmvallans

449 2823 568 2876 eos,
601 2807 906 2879 faciensqne
935 2815 993 2862 ut
1010 2806 1188 2862 omnia
1213 2806 1444 2861 ubertim
1469 2805 1548 2860 eis
1568 2804 1850 2860 afllnerent
1881 2821 1892 2855 :
1923 2818 2049 2858 cum

451 2917 584 2958 vero
611 2909 822 2972 tempus
851 2909 1032 2967 esset,
1055 2911 1114 2955 ut
1137 2899 1444 2954 virilitatem
1491 2911 1645 2952 suam
1676 2895 1777 2965 ipsi
1805 2895 2048 2950 declara-

452 3002 596 3062 rent,
639 2992 904 3048 subtraxit
943 2989 1213 3046 modicum
1243 2988 1451 3060 gratiae,
1484 2987 1807 3058 praecipiens
1842 2987 1958 3050 eis,
1993 2993 2052 3040 ut

451 3085 614 3139 etiam
645 3098 742 3154 per
784 3082 995 3153 seipsos
1032 3081 1199 3136 multa
1234 3079 1576 3150 perlicerent.
1607 3079 1781 3148 Atque
1811 3077 1949 3132 hanc
1979 3075 2051 3131 ob

451 3189 699 3240 causam,
728 3189 850 3229 cum
891 3188 997 3227 non
1027 3171 1297 3226 habebant
1323 3169 1536 3226 calceos
1558 3211 1574 3237 ,
1609 3170 1692 3224 vel
1713 3183 1902 3224 zonam
1922 3209 1936 3233 ,
1967 3167 2050 3223 vel

454 3269 726 3333 baculum,
753 3267 836 3322 vel
862 3281 968 3330 aes,
991 3264 1124 3320 nihil
1150 3264 1228 3319 eis
1253 3263 1439 3318 deerat
1471 3279 1487 3316 :
1518 3261 1648 3317 dicit
1691 3262 1833 3315 enim
1853 3301 1869 3328 ,
1909 3257 2051 3314 Nam

450 3361 646 3432 aliquid
677 3359 816 3414 vobis
847 3357 1010 3430 defuit
1029 3356 1057 3412 2
1085 3353 1155 3410 Et
1183 3355 1542 3428 respondentes
1586 3353 1823 3408 dixerunt
1852 3367 1871 3406 :
1899 3349 2051 3404 Nihil

453 3453 617 3525 (Ibid.
660 3469 706 3507 υ.
743 3451 860 3522 35).
888 3451 1006 3520 Quo
1055 3457 1299 3518 tempore
1349 3454 1528 3501 autem
1581 3445 1825 3517 permisit
1856 3444 1970 3508 eis,
1994 3450 2052 3496 ut

453 3546 783 3616 marsupium
816 3544 1076 3598 haberent
1103 3551 1158 3597 et
1203 3555 1387 3611 peram
1432 3548 1487 3594 et
1527 3538 1772 3603 calceos,
1807 3534 2048 3613 anenie-

452 3640 649 3695 bantur
681 3647 737 3692 et
763 3637 1087 3699 esurientes,
1119 3641 1174 3688 et
1197 3632 1465 3698 sitientes,
1487 3639 1544 3686 et
1565 3628 1691 3683 nudi
1713 3628 2048 3683 incedentes.

454 3729 609 3786 Unde
641 3726 925 3798 liquidum,
956 3722 1100 3795 quod
1124 3724 1322 3793 passim
1353 3735 1450 3777 eos
1475 3719 1766 3790 periclitari
1793 3727 1849 3775 et
1885 3717 2049 3788 al‘lligi

449 3825 648 3880 sineret
675 3839 691 3878 :
722 3835 936 3890 nempe,
969 3825 1028 3874 ut
1052 3815 1355 3872 mercedem
1381 3813 1615 3885 aliquam
1651 3811 1932 3868 haberent.
1959 3811 2050 3866 Sic

450 3915 701 3971 videlicet
728 3927 859 3969 aves
883 3911 1060 3983 pullos
1098 3923 1226 3964 suos
1280 3905 1524 3961 foventes
1570 3904 1776 3960 tamdiu
1821 3905 1874 3959 in
1921 3903 2049 3959 nido

449 4007 665 4074 sedent,
693 4005 867 4060 donec
897 4003 1110 4056 illorum
1152 3999 1349 4070 plumae
1387 3997 1728 4062 increscant;
1759 4010 1894 4067 quas
1919 3995 2048 4049 dum

451 4099 746 4157 increvisse
766 4095 1018 4160 viderint,
1052 4094 1277 4162 illosque
1301 4105 1486 4147 aerem
1525 4103 1712 4145 secare
1739 4103 1928 4160 posse,
1956 4103 2052 4143 eos

453 4192 684 4262 primum
733 4189 878 4242 circa
926 4185 1109 4240 nidum
1160 4183 1386 4237 volitare
1412 4181 1632 4248 docent,
1667 4193 1850 4250 pOStea
1893 4180 2052 4250 paulo

453 4281 665 4353 longius
689 4297 705 4334 ε
733 4277 886 4334 initio
911 4290 1006 4333 eos
1030 4284 1323 4342 sequuntur
1349 4282 1400 4329 et
1431 4280 1764 4342 supportant,
1787 4271 1914 4328 dein
1951 4273 2050 4328 ad-

453 4373 834 4430 miniculovsuo
863 4378 1001 4424 totos
1026 4367 1337 4422 destituunt.
1364 4365 1437 4418 Ita
1459 4363 1692 4418 faciebat
1715 4374 1768 4419 et
1782 4364 2049 4420 Christus.

458 4464 510 4523 In
543 4464 826 4520 Palaestina
853 4460 1018 4528 enim,
1047 4458 1197 4529 quasi
1235 4458 1287 4511 in
1321 4455 1447 4511 nido
1475 4455 1778 4510 nutricabat
1814 4455 2052 4526 discipu-

457 4561 578 4624 los;
609 4568 662 4614 et
691 4566 972 4628 postquam
1009 4569 1106 4610 eos
1135 4551 1316 4607 volare
1346 4550 1530 4605 docuit
1567 4563 1837 4620 praesens,
1864 4559 1918 4604 et
1960 4564 2054 4620 ge-

457 4661 644 4716 stans,
711 4649 924 4704 tandem
968 4645 1171 4701 dimisit
1211 4658 1344 4709 eos,
1375 4653 1433 4698 ut
1484 4641 1726 4697 volarent
1776 4642 1830 4697 in
1885 4650 2052 4696 totum

457 4743 666 4806 orbem,
691 4739 818 4794 dato
843 4739 922 4794 eis
943 4737 1216 4800 mandato,
1241 4745 1298 4789 ut
1316 4749 1438 4790 sese
1463 4732 1754 4789 identidem
1781 4733 2049 4804 iuvarent.

460 4832 526 4887 3t
551 4829 695 4903 quod
727 4831 830 4884 hoc
852 4841 1038 4884 verum
1065 4827 1168 4892 sit,
1193 4825 1443 4896 quodque
1490 4824 1613 4881 ideo
1660 4839 1758 4880 eos
1798 4824 2051 4880 omnibus

458 4923 729 4989 nudatos,
767 4929 822 4976 et
859 4934 965 4975 una
1021 4926 1228 4973 tantum
1279 4925 1430 4972 veste
1470 4916 1694 4971 amictos
1746 4916 1970 4982 miserit,
1998 4923 2056 4971 et

456 5017 663 5087 absque
687 5011 883 5070 calceis
919 5009 1198 5065 ambulare
1224 5009 1466 5079 jusserit,
1497 5015 1557 5061 ut
1602 5023 1754 5064 suam
1795 5008 2049 5063 virtutem

458 5119 515 5166 et
541 5106 835 5180 potentiam
885 5111 1296 5173 cognoscerent,
1329 5101 1477 5156 clare
1521 5099 1790 5166 sciemus,
1835 5103 1878 5155 si
1921 5101 2054 5156 illud

457 5202 662 5257 dictum
711 5195 1012 5251 audiamus.
1059 5191 1176 5248 Non
1223 5191 1366 5246 enim
1418 5190 1734 5262 simpliciter
1775 5191 2046 5256 dixiteis,

459 5293 658 5351 Tollite
685 5286 1017 5361 marsupium
1038 5294 1092 5340 et
1115 5298 1299 5355 peram
1321 5299 1337 5350 ;
1359 5282 1454 5339 sed
1479 5283 1715 5352 priorum
1738 5285 2052 5339 memoriam

458 5381 759 5441 relricando
779 5380 857 5436 sic
879 5378 1095 5435 dicebat
1114 5417 1128 5440 ,
1158 5373 1286 5431 Cum
1316 5376 1564 5430 mitterem
1591 5391 1678 5430 vos
1703 5375 1814 5430 sine
1850 5393 2052 5431 marsu-

458 5479 545 5550 pio
576 5487 624 5532 et
655 5491 798 5547 pera,
826 5470 1087 5544 aliquidue
1120 5469 1338 5524 deerat?
1363 5469 1465 5522 hoc
1513 5475 1616 5535 est,
1652 5481 1833 5524 nonne
1873 5470 2052 5524 omnia

463 5567 693 5623 ubertim
724 5563 880 5619 vobis
900 5561 1192 5617 affluebant
1213 5600 1229 5624 ,
1261 5559 1536 5629 multaque
1571 5557 1818 5629 largitate
1843 5559 2054 5616 frueba-

459 5657 632 5716 Inini?
655 5655 762 5716 Sed
785 5670 928 5711 nunc
950 5654 1074 5709 volo
1089 5667 1188 5708 vos
1204 5668 1300 5723 per
1325 5667 1420 5706 vos
1436 5651 1582 5721 ipsos
1605 5660 1834 5720 certare,
1847 5661 1902 5708 et
1921 5668 2052 5724 pau-

464 5751 730 5814 pertatem
768 5746 1046 5816 experiri;
1078 5754 1132 5801 ct
1173 5754 1460 5815 eapropter
1503 5744 1620 5815 lege
1651 5743 1815 5815 priori
1853 5746 2053 5800 obstri-

469 5825 586 5892 stos
621 5838 766 5907 nolo,
793 5839 886 5895 scd
915 5836 1164 5909 permitto
1187 5875 1200 5902 ,
1227 5847 1284 5890 ut
1311 5845 1365 5890 et
1395 5837 1720 5907 marsnpium
1765 5848 1818 5894 ct
1866 5853 2051 5902 peram

1203 392 1260 450 S.
1298 389 1579 448 JOANNIS
1614 383 2093 445 CllRYSOSTOMl
2133 385 2451 444 ARCHIEP.
2493 387 3035 448 CONSTANTINOP.

3653 394 3759 450 Ξοο

2157 499 2418 568 habeatis,
2450 510 2605 559 utne
2650 503 2801 572 quasi
2849 518 2945 573 per
2989 504 3221 560 inanima
3255 506 3612 562 instrumenta
3666 525 3763 578 per

2155 611 2253 651 vos
2281 598 2491 667 operari
2521 598 2836 664 existimer;
2866 598 2960 654 sed
3004 608 3061 654 et
3109 614 3204 655 vos
3237 609 3469 656 vestram
3515 601 3750 671 philoso-

2155 686 2334 758 phiam
2359 688 2614 744 exhibere
2639 699 2874 760 oportet.

2227 780 2279 836 ὃ.
2319 778 2470 848 Quod
2495 782 2540 835 si
2561 780 2737 837 adhuc
2760 781 2897 837 dicis
2928 799 2943 838 :
2971 784 3050 838 An
3081 799 3188 838 non
3221 785 3394 852 major
3421 784 3534 839 visa
3571 785 3763 840 fuisset

2153 870 2324 940 gratia
2344 909 2361 936 ,
2393 870 2439 924 si
2467 886 2682 942 semper
2710 871 2784 926 ita
2818 873 3020 926 versati
3049 875 3274 928 essent?
3306 872 3504 929 Verum
3549 890 3659 929 non
3692 878 3758 930 ita

2154 961 2362 1030 probati
2407 960 2673 1016 fuissent:
2705 961 2753 1017 si
2803 963 2947 1018 enim
2993 964 3194 1019 nullam
3239 965 3326 1020 vel
3366 964 3758 1031 afflictionem,

2155 1052 2238 1107 vel
2267 1052 2498 1122 inopiam
2518 1095 2534 1119 ,
2558 1053 2644 1110 vel
2685 1056 3155 1125 persequutionem
3177 1097 3192 1122 ,
3216 1056 3302 1112 vel
3328 1058 3631 1128 angustiam
3664 1074 3754 1113 ex-

2157 1145 2292 1214 perti
2321 1154 2540 1212 essent,
2587 1147 2914 1204 mansissent
2957 1148 3132 1218 ignavi
3172 1160 3229 1206 et
3269 1150 3407 1221 pigri
3437 1167 3452 1204 :
3485 1166 3632 1206 nunc
3665 1167 3758 1206 au-

2159 1247 2289 1304 tem,
2337 1252 2446 1292 non
2497 1237 2672 1293 solum
2723 1239 2952 1310 gratiam
3005 1240 3207 1296 Christi
3259 1241 3522 1309 relucere,
3555 1241 3653 1297 sed
3707 1255 3764 1299 et

2153 1329 2490 1384 subditorum
2521 1329 2893 1400 probationem
2931 1331 3175 1388 exhiberi
3209 1333 3440 1400 volebat,
3474 1348 3542 1388 ne
3571 1341 3759 1403 postea

2154 1422 2370 1493 quidam
2401 1422 2582 1479 dicere
2627 1433 2887 1494 possent,
2915 1439 3010 1482 eos
3035 1425 3168 1480 nihil
3193 1443 3224 1481 a
3253 1427 3447 1498 seipsis
3476 1428 3759 1494 attulisse,

2151 1514 2247 1569 sed
2277 1514 2413 1570 facta
2442 1530 2565 1571 esse
2588 1517 2766 1570 omnia
2791 1516 2992 1572 auxilio
3018 1517 3135 1572 Dei.
3169 1517 3384 1573 Poterat
3427 1519 3574 1573 enim
3616 1519 3761 1574 Deus

2153 1621 2250 1662 eos
2274 1621 2442 1678 usque
2491 1605 2558 1662 ad
2607 1606 2767 1662 finem
2793 1608 2847 1662 in
2871 1623 2936 1664 ea
2959 1609 3286 1664 abundantia
3315 1610 3588 1665 custodire
3619 1627 3631 1663 :
3663 1610 3760 1665 sed

2152 1697 2325 1754 noluit
2366 1698 2437 1753 ob
2480 1699 2688 1764 varias,
2721 1701 3162 1769 necessariasqne
3189 1714 3411 1766 eaiusas,
3436 1716 3570 1771 quas
3613 1717 3762 1770 saepe

2152 1792 2360 1847 caritati
2391 1801 2586 1848 vestrae
2630 1791 2884 1848 diximus.
2921 1792 3034 1848 Una
3063 1794 3279 1862 quidem
3309 1793 3425 1848 haec
3469 1803 3555 1848 est
3597 1809 3760 1864 quam

2153 1885 2389 1941 diximus
2423 1886 2566 1941 :alia
2619 1896 2800 1943 autem
2853 1887 2954 1943 hac
2997 1903 3106 1943 non
3141 1889 3337 1953 minor,
3368 1899 3427 1942 ut
3478 1889 3761 1943 modestiae

2154 1977 2551 2034 assuelierent:
2605 1981 2760 2034 tertia
2800 1994 2931 2034 vero
2951 2019 2968 2045 ,
3013 1988 3074 2034 ut
3110 1995 3177 2035 ne
3222 1979 3396 2049 major
3443 1980 3550 2034 illis
3596 1995 3760 2050 quam

2156 2070 2462 2126 hominibus
2502 2071 2751 2139 debetur,
2783 2071 2955 2128 honor
2997 2071 3364 2128 exhiberetur.
3409 2072 3597 2144 Itaque
3633 2090 3761 2144 pro-

2155 2169 2272 2231 pter
2300 2161 2435 2225 haec,
2468 2171 2523 2216 et
2548 2162 2630 2216 his
2653 2164 2819 2218 multo
2848 2163 3000 2233 plura
3023 2205 3036 2228 ,
3061 2177 3180 2219 cnm
3209 2163 3572 2233 permissurus
3607 2174 3760 2219 esset

2154 2252 2232 2308 eis
2267 2251 2432 2306 multa
2465 2253 2830 2323 inexspectata
2874 2253 3125 2309 accidere
3147 2295 3163 2321 ,
3192 2254 3362 2309 noluit
3403 2255 3638 2323 priorem
3683 2256 3760 2311 le-

2151 2357 2272 2410 gem
2305 2353 2413 2400 tam
2443 2353 2646 2398 arctam
2669 2360 2909 2411 manere,
2943 2345 3039 2400 sed
3065 2345 3182 2415 ejus
3211 2345 3570 2416 philosophiae
3599 2361 3761 2403 seve-

2155 2438 2366 2492 ritatem
2411 2437 2652 2493 nonnihil
2703 2437 2981 2504 relaxavit,
3015 2447 3071 2492 ut
3115 2447 3169 2494 et
3212 2440 3283 2492 ita
3337 2453 3442 2492 non
3485 2447 3635 2493 esset
3678 2439 3760 2494 eis

2152 2529 2332 2599 gravis
2379 2537 2435 2586 et
2486 2529 2842 2586 intolerabilis
2888 2530 3027 2596 vita,
3083 2529 3128 2584 si
3192 2544 3341 2600 saepe
3391 2529 3745 2600 derelinque-

2155 2631 2366 2690 rentur,
2392 2621 2632 2679 etsimul
2660 2621 2849 2676 duram
2902 2622 3047 2677 illam
3103 2622 3276 2692 legem
3327 2637 3545 2678 servare
3591 2638 3760 2694 coge-

2156 2724 2362 2770 rentur.
2395 2714 2659 2782 Quoniam
2702 2721 2884 2770 autem
2927 2715 3211 2785 Oportebat
3249 2713 3481 2770 obscure
3512 2716 3762 2785 pr0posi-

2159 2819 2268 2864 tum
2292 2809 2490 2865 clarius
2517 2807 2736 2876 docere,
2770 2807 2972 2863 idcirco
3001 2815 3284 2878 postquam
3331 2807 3504 2874 dixit,
3537 2807 3642 2872 Qui
3665 2809 3762 2860 lia-

2155 2900 2235 2954 bet
2261 2900 2596 2970 marsupium,
2627 2897 2796 2967 tollat,
2827 2909 2874 2954 et
2918 2916 3094 2970 peram
3120 2914 3141 2952 :
3171 2899 3386 2967 subjicit
3404 2940 3420 2966 ,
3449 2898 3517 2952 Et
3539 2901 3628 2969 qui
3655 2916 3760 2953 non

2157 2990 2303 3045 habet
2321 3031 2338 3056 ,
2362 2992 2544 3045 vendat
2571 2999 2757 3044 uestem
2784 3006 2953 3056 suam,
2985 3000 3032 3044 et
3066 2999 3198 3044 emat
3238 2990 3468 3060 gladium
3489 2989 3640 3062 (Lac.
3662 2989 3758 3045 22.

2158 3082 2276 3156 36).
2304 3082 2570 3152 Quidnam
2600 3081 2740 3138 hoc?
2769 3084 3030 3138 Armatae
3059 3082 3354 3152 discipulos
3382 3083 3472 3152 qui
3493 3082 3628 3137 dicit
3654 3101 3669 3136 :
3698 3083 3761 3138 Si

2158 3173 2272 3244 quis
2309 3183 2358 3228 te
2399 3173 2698 3243 percusserit
2743 3173 2796 3226 in
2851 3174 3108 3227 dexteram
3135 3173 3418 3239 maxillam,
3450 3183 3582 3228 certe
3625 3175 3672 3227 ei
3716 3184 3761 3229 et

2155 3269 2368 3322 alteram
2391 3265 2604 3339 (Matth.
2621 3267 2681 3322 5.
2709 3265 2802 3333 39,
2821 3275 2867 3319 et
2894 3264 3022 3320 Luc.
3045 3266 3099 3322 6.
3121 3265 3241 3336 29).
3272 3265 3373 3334 Qui
3403 3267 3681 3336 praecepit,
3704 3275 3761 3320 nt

2159 3358 2540 3415 benedicamus
2566 3358 2651 3423 iis,
2674 3357 2766 3427 qui
2792 3372 2894 3413 nos
2917 3357 3176 3413 conviciis
3207 3357 3502 3423 lacessunt,
3522 3355 3760 3411 feramus

2159 3452 2451 3517 laedentes,
2480 3465 2699 3506 oremus
2737 3464 2834 3519 pro
2882 3447 3349 3520 persequentibus,
3377 3463 3525 3504 nunc
3547 3446 3760 3502 armat?

2155 3551 2437 3612 armetque
2488 3555 2597 3596 uno
2671 3549 2878 3595 tantum
2927 3540 3152 3610 gladio?
3206 3541 3273 3596 Et
3319 3541 3593 3610 quomodo
3647 3539 3762 3594 haec

2157 3632 2352 3688 rationi
2383 3647 2623 3688 consona
2669 3633 2839 3687 sunt?
2865 3630 3001 3688 Nam
3053 3632 3101 3686 si
3149 3631 3372 3687 omnino
3414 3631 3582 3686 armis
3620 3646 3759 3701 opus

2154 3733 2292 3794 erat,
2316 3741 2422 3781 non
2449 3725 2568 3780 solo
2589 3725 2788 3798 gladio,
2812 3725 2909 3781 sed
2935 3733 2990 3780 et
3017 3735 3194 3790 scuto,
3223 3733 3278 3782 et
3295 3725 3469 3796 galea,
3490 3733 3548 3780 et
3570 3740 3761 3781 crura-

2156 3818 2294 3873 libus
2309 3833 2522 3874 armare
2545 3818 2850 3888 oportebat.
2871 3818 2938 3873 Et
2963 3817 3228 3888 profecto,
3255 3819 3300 3873 si
3324 3820 3561 3874 humano
3588 3835 3741 3875 more

2157 3909 2276 3964 haec
2297 3908 2611 3980 dispensare
2627 3916 2683 3964 et
2705 3922 2866 3980 agere
2899 3908 3177 3975 voluisset,
3192 3908 3332 3980 apud
3353 3924 3448 3966 vos
3476 3909 3760 3966 ridiculum

2157 4017 2264 4057 non
2281 4009 2398 4058 erat
2413 4001 2516 4058 hoc
2537 4000 2891 4072 praeceptum?
2901 3999 3342 4072 Quandoquidem
3365 4001 3489 4057 licet
3506 4012 3760 4057 sexcenta

2158 4094 2209 4150 id
2229 4109 2397 4166 genus
2421 4109 2571 4149 arma
2589 4094 3224 4165 possedissentadversus
3245 4103 3323 4149 tot
3341 4095 3563 4150 insidias
3582 4105 3638 4150 et
3661 4096 3760 4150 im-

2160 4193 2317 4256 petus
2345 4184 2663 4256 populorum
2685 4225 2701 4252 ,
2748 4193 3094 4257 tyrannorum
3111 4226 3128 4253 ,
3163 4185 3456 4252 civitatum,
3481 4186 3720 4256 gentium
3739 4224 3760 4254 ,

2156 4276 2426 4347 quomodo
2444 4277 2512 4333 iis
2524 4278 2852 4348 potentiores
2865 4275 3093 4332 fuissent
3107 4276 3353 4333 undecim
3364 4275 3389 4330 i
3401 4275 3538 4331 Num
3558 4278 3760 4347 potuis-

2158 4377 2277 4424 sent
2295 4368 2483 4424 audire
2497 4383 2685 4424 vocem
2704 4368 3058 4424 hinnientium
3080 4367 3367 4439 equorum?
3389 4383 3568 4423 annon
3583 4370 3671 4424 vel
3690 4370 3757 4424 ad

2158 4461 2333 4514 solum
2363 4459 2634 4516 exercitus
2666 4468 2942 4530 aspectum
2981 4458 3263 4516 conterriti
3289 4468 3475 4516 essent
3511 4461 3612 4514 viri
3651 4476 3757 4516 non

2159 4552 2263 4606 nisi
2283 4552 2340 4606 in
2361 4551 2566 4623 stagnis
2586 4560 2640 4606 et
2668 4549 2979 4606 ﬂuminibus
3011 4559 3068 4607 et
3096 4551 3288 4607 lembis
3313 4552 3552 4606 versati?
3573 4551 3750 4619 Quare

2160 4658 2289 4714 ergo
2318 4643 2422 4699 hoc
2446 4643 2618 4698 dicit?
2642 4642 2951 4699 Judaeorum
2995 4643 3216 4699 insidias
3243 4643 3480 4700 indicare
3500 4644 3755 4713 volebat,

2162 4733 2388 4805 illosque
2428 4734 2602 4806 ipsum
2652 4733 3141 4804 comprehensurus
3181 4748 3304 4790 esse
3333 4752 3348 4789 :
3381 4733 3541 4806 idque
3587 4735 3757 4790 maui-

2157 4825 2296 4882 feste
2345 4825 2524 4881 dicere
2562 4825 2810 4892 nolebat,
2841 4824 2938 4882 sed
2977 4840 3074 4896 per
3101 4825 3422 4897 aenigmata,
3461 4842 3531 4882 ne
3563 4828 3754 4884 iterum

2159 4918 2630 4973 conturbarentnr.
2661 4916 2846 4988 itaque
2875 4917 3015 4972 sicut
3041 4932 3165 4972 cum
3194 4917 3349 4973 audis
3374 4916 3648 4973 Christum
3679 4919 3755 4974 di-

2159 5020 2371 5067 centem
2411 5028 2426 5064 :
2481 5009 2630 5078 Quod
2679 5009 2894 5063 audistis
2939 5008 2993 5062 in
3035 5024 3230 5074 aurem,
3287 5008 3562 5079 praedicam
3609 5027 3756 5080 super

2160 5113 2290 5158 tecta
2309 5117 2330 5157 :
2353 5112 2401 5158 et
2422 5101 2559 5172 quod
2576 5100 2790 5155 audistis
2819 5100 2870 5154 in
2900 5099 3135 5167 tenebris,
3159 5099 3311 5154 dicite
3329 5100 3381 5153 in
3405 5098 3516 5154 luce
3540 5101 3751 5170 (Matth.

2163 5195 2248 5250 10.
2284 5193 2376 5260 27,
2401 5203 2446 5248 et
2473 5191 2601 5246 Luc.
2623 5192 2710 5247 12.
2736 5191 2793 5262 '5)
2819 5207 2834 5258 ;
2863 5205 2974 5246 non
3001 5190 3273 5260 intelligis,
3303 5192 3453 5261 quasi
3482 5192 3754 5262 praecipiat

2159 5287 2366 5343 relictis
2395 5285 2526 5340 foris
2546 5293 2601 5340 et
2629 5284 2801 5339 triviis
2827 5298 2923 5340 eos
2949 5297 3116 5354 super
3154 5291 3292 5338 tecta
3319 5282 3518 5338 debere
3563 5283 3753 5355 praedi-

2160 5396 2322 5448 care;
2355 5393 2529 5450 neque
2583 5379 2725 5434 enim
2774 5378 2826 5434 id
2868 5378 3110 5434 fecerunt
3168 5377 3411 5447 discipuli
3443 5395 3456 5431 :
3489 5379 3586 5434 sed
3633 5395 3750 5434 cum

2160 5473 2329 5541 dicit,
2357 5472 2530 5544 Super
2553 5481 2704 5536 tecta,
2737 5479 2790 5527 et
2828 5469 2895 5524 In
2924 5471 3057 5534 luce,
3093 5469 3342 5525 ﬁduciam
3370 5478 3426 5524 et
3453 5470 3751 5526 libertatein

2164 5564 2374 5635 publice
2400 5562 2724 5634 praedicandi
2757 5561 3031 5628 insinuat;
3063 5575 3186 5616 cum
3214 5575 3344 5616 vero
3373 5560 3542 5625 dicit,
3564 5560 3633 5616 In
3656 5577 3747 5616 an»

2162 5672 2268 5712 rem
2321 5664 2378 5711 et
2412 5654 2480 5709 In
2524 5654 2776 5721 tenebris,
2809 5652 3110 5723 signiﬁcat,
3142 5660 3199 5707 ut
3245 5651 3441 5720 ubique
3492 5661 3750 5707 terrarum

2163 5755 2403 5814 narrent,
2429 5745 2644 5817 quodin
2672 5761 2828 5815 parva
2859 5745 3040 5799 mundi
3073 5753 3240 5813 parte,
3271 5753 3326 5798 et
3361 5742 3415 5797 in
3444 5757 3552 5798 uno
3580 5743 3744 5797 Palat-

2165 5839 2321 5896 stitia:
2346 5839 2466 5896 loco
2490 5837 2786 5894 audierant.
2836 5835 3019 5908 Neque
3046 5835 3189 5892 enim
3239 5835 3292 5890 in
3339 5835 3578 5894 tenebris
3604 5846 3660 5892 ct
3693 5834 3747 5890 in
