4006 6414
132 298 219 356 199

121 429 256 484 ρανο
279 411 373 466 καί
418 414 453 466 ὀ
480 411 566 481 μὴ
595 410 785 480 ἔχων,
828 412 1167 479 πωλησάτω
1194 413 1262 468 τὸ
1293 414 1527 483 ἱμάτιον
1565 411 1773 478 αὐτοῦ,

125 497 213 551 ml
246 493 525 565 ἀγοράσει
564 493 888 563 μάχαιραν.
930 495 1068 548 Ἀλλ’
1117 497 1247 560 ἰσως
1279 498 1422 551 εἴποι
1452 514 1533 560 τις
1557 495 1624 549 ἂν
1650 535 1665 559 ,
1697 497 1778 549 ὅτι

121 583 241 649 Τοὺς
271 577 366 650 μὲν
390 577 717 641 ἀποστόλους
746 577 835 631 διά
861 576 970 631 τῶν
993 578 1303 650 εἰρημένων
1330 578 1646 651 ἀπήλλαξας
1670 578 1779 630 τῶν

125 670 463 742 ἐγκλημάτων
482 688 493 701 ·
522 669 581 723 τὸ
615 669 671 722 δὲ
703 670 1034 741 ζητούμενόν
1072 672 1220 724 ἐστιν
1252 673 1426 724 εἰπεῖν
1447 711 1462 734 ,
1489 670 1633 734 τίνος
1665 670 1779 723 ’ἐνε-

126 771 209 808 κεν
249 753 464 806 ἐναντία
507 753 535 804 6
578 752 812 824 Χριστὸς
843 753 1200 823 ἐνομοθέτησε
1221 793 1236 817 ,
1269 754 1398 808 ποτὲ
1438 754 1538 825 μὲν
1580 753 1775 821 λέγων,

127 846 210 914 Μὴ
233 845 535 916 κτήσησθε
571 845 806 914 πήραν,
840 844 972 898 ποτέ
1009 845 1065 898 δὲ
1112 845 1287 915 λέγων
1314 885 1328 910 ,
1374 847 1428 899 '0
1464 845 1622 916 ἔχων
1665 845 1780 909 ,ϐα-

126 928 382 993 λάντιον,
420 927 618 996 ἀράτω
642 967 656 991 ,
682 927 779 982 καὶ
813 927 1032 996 πήραν.
1066 928 1224 990 Τίνος
1260 926 1353 984 οὖν
1387 930 1574 983 ἐνεκεν
1621 927 1778 981 τοῦτο

128 1012 402 1085 πεποίηκεν
427 1028 442 1075 ς
484 1011 676 1078 Ἀξίως
706 1011 807 1082 τῆς
837 1010 1004 1065 αὑτοῦ
1034 1012 1225 1083 σοφίας
1266 1014 1360 1067 καὶ
1393 1011 1650 1084 προνοίας
1681 1011 1780 1082 τῆς

127 1111 248 1182 ὑπὲρ
290 1110 394 1162 τῶν
439 1107 715 1179 μαθητῶν.
752 1108 909 1179 Παρά
960 1106 1059 1179 μὲν
1110 1108 1220 1180 γὰρ
1248 1109 1346 1180 τὴν
1383 1106 1557 1180 ἀρχὴν
1606 1106 1779 1160 ταῦτα

127 1192 363 1256 ἐπέταξεν
388 1231 402 1255 ,
435 1191 524 1245 ἴνα
570 1191 718 1263 ἔργῳ
748 1193 844 1245 καὶ
872 1191 1040 1263 πείρᾳ
1061 1191 1161 1263 τὴν
1188 1193 1460 1259 ἀπόδειξιν
1485 1192 1586 1262 τῆς
1611 1191 1777 1246 αὑτοῦ

129 1275 382 1345 δυνάμεως
415 1274 658 1337 λάϐωσι,
689 1275 784 1327 καὶ
814 1273 1075 1338 λαϐόντες
1126 1274 1444 1346 θαρρήσωσι
1474 1275 1661 1328 λοιπὸν
1700 1275 1781 1336 εἰς

132 1356 211 1426 τήν
254 1355 576 1427 οἰκουμένην
614 1355 852 1419 ἐξελθεῖν
904 1356 1143 1411 ἃπασαν.
1207 1354 1424 1425 Ἐπειδὴ
1485 1355 1543 1409 δὲ
1595 1355 1780 1409 λοιπον

131 1435 306 1499 ἰκανῶς
332 1434 578 1505 ἔγνωσαν
602 1436 766 1490 αὑτοῦ
782 1437 881 1506 τὴν
910 1435 1163 1508 δύναμιν,
1189 1435 1441 1490 ἐϐούλετο
1462 1437 1556 1491 καὶ
1584 1437 1778 1499 αὐτοὺς

128 1518 312 1572 οἴκοθεν
338 1520 435 1588 τὴν
478 1518 661 1572 αὐτῶν
689 1520 895 1591 ἀρετὴν
930 1519 1304 1585 ἐπιδείξασθαι
1328 1560 1343 1581 .
1369 1521 1466 1574 καὶ
1495 1520 1570 1591 μὴ
1615 1519 1780 1591 μέχρι

128 1601 292 1664 τέλους
322 1601 519 1664 αὐτοὺς
545 1600 1031 1668 διαϐαστάζεσθαι,
1070 1601 1187 1655 ἀλλ’
1217 1601 1474 1655 ἐνδιδόναι
1510 1600 1780 1671 πολλαχοῦ

131 1683 210 1738 καὶ
233 1685 527 1754 συγχωρεῖν
557 1722 573 1747 ,
603 1683 696 1737 καὶ
727 1685 1070 1758 πειρασμοὺς
1096 1685 1293 1750 αὑτοὺς
1333 1686 1627 1758 ὑπομένειν
1647 1724 1662 1749 ,
1694 1685 1781 1740 ἵνα

133 1767 196 1837 μή
221 1765 300 1820 διὰ
341 1766 527 1830 τέλους
557 1766 719 1838 ἀργοὶ
751 1767 976 1838 μένωσι.
1009 1769 1119 1823 Καὶ
1147 1768 1399 1841 καθάπερ
1445 1771 1494 1824 οἰ
1521 1768 1780 1840 νήχεσθαι

131 1849 440 1912 διδάσκοντες
465 1889 481 1913 ,
536 1850 690 1921 παρὰ
740 1851 838 1921 μὲν
890 1850 989 1914 τὰς
1032 1850 1209 1923 ἀρχάς
1245 1853 1345 1916 τὰς
1376 1852 1555 1905 αὑτῶν
1593 1853 1783 1905 ὑποτι-

132 1930 291 1994 θέντες
323 1933 509 2002 χεῖρας
554 1932 697 2001 μετά
742 1932 943 2003 πολλῆς
988 1932 1090 2002 τῆς
1121 1933 1405 2004 ἀκριϐείας
1448 1934 1574 1998 τοὺς
1609 1932 1782 2004 μαθη-

131 2009 215 2073 τάς
258 2012 375 2074 τοὺς
414 2011 629 2065 ἑαυτῶν
669 2012 1089 2075 διαϐαστάζουσι
1113 2054 1128 2079 ,
1160 2015 1298 2084 μετά
1344 2014 1400 2067 δέ
1431 2013 1654 2085 πρώτην
1687 2013 1782 2073 καὶ

131 2093 359 2164 δευτέραν
391 2095 486 2149 καὶ
518 2095 714 2168 τρίτην
748 2097 962 2168 ἡμέραν
985 2096 1252 2168 πολλαχοῦ
1276 2097 1377 2169 τὴν
1401 2096 1582 2163 δεξιάν
1602 2096 1782 2151 αὑτῶν

134 2176 472 2247 ὑποσύραντες
499 2178 764 2242 ἐκείνοις,
801 2178 1117 2233 κελεύουσιν
1160 2180 1371 2243 ἑαυτοῖς
1406 2178 1652 2250 βοηθεῖν,
1689 2178 1782 2232 καί

136 2276 221 2312 που
253 2260 341 2313 καὶ
376 2261 573 2332 μικρὸν
621 2260 978 2330 βαπτίζεσθαι
1022 2262 1417 2334 ἐπιτρέπουσι,
1463 2262 1556 2315 καὶ
1584 2261 1783 2333 πολλὴν

137 2342 201 2412 τῷ
222 2343 432 2414 στόματι
452 2344 709 2415 δέχεσθαι
739 2344 838 2416 τὴν
865 2344 1045 2417 ἅλμην
1069 2363 1082 2374 ·
1115 2343 1257 2399 οὕτω
1283 2345 1347 2414 δὴ
1379 2345 1471 2398 καὶ
1492 2346 1521 2399 6
1548 2344 1784 2416 Χριστὸς

138 2425 359 2497 ἐποίησεν
386 2427 478 2481 ἐπὶ
502 2426 616 2480 τῶν
648 2428 928 2499 μαθητῶν.
966 2430 1053 2482 Ἐν
1085 2430 1227 2499 ἀρχῇ
1263 2429 1356 2481 καὶ
1393 2429 1451 2483 ἐν
1479 2426 1784 2500 προοιμίοις

141 2507 190 2559 οὐ
216 2509 392 2580 μικρὸν
410 2551 424 2575 ,
458 2511 520 2564 οὑ
559 2510 705 2580 μέγα
730 2512 928 2575 αὑτοὺς
948 2512 1129 2582 ἀφῆκε
1162 2511 1351 2565 παθεῖν
1370 2551 1384 2575 ,
1412 2510 1548 2564 ἀλλά
1579 2527 1784 2563 παντα-

141 2595 219 2665 χοῦ
242 2597 409 2667 παρῆν
438 2596 696 2668 τειχίζων
720 2598 946 2663 αὑτοὺς,
982 2597 1390 2669 περιφράττων,
1426 2597 1601 2651 πάντα
1629 2595 1782 2669 [184]

140 2678 258 2746 μετά
282 2679 531 2748 ἀφθονίας
577 2681 763 2744 αὐτοῖς
797 2682 1044 2753 ἐπιρρεῖν
1090 2680 1529 2751 παρασκευάζων
1554 2697 1567 2710 ⁸
1596 2680 1784 2752 ἐπειδὴ

140 2758 185 2812 δὲ
207 2760 300 2814 ἔδει
319 2763 408 2817 καὶ
439 2763 538 2835 τὴν
566 2763 821 2835 ἀνδρείαν
847 2765 1043 2829 αὐτοὺς
1069 2765 1436 2832 ἐπιδείξασθαι
1465 2764 1563 2836 τὴν
1584 2763 1782 2828 αὐτῶν,

145 2842 442 2899 συνέστειλεν
488 2845 662 2916 ὀλίγῳ
698 2847 796 2918 τὴν
845 2848 1038 2918 χάριν,
1087 2849 1550 2919 ἐγκελευσάμενος
1599 2849 1785 2911 αὑτοῖς

147 2924 286 2979 πολλὰ
311 2928 399 2980 καὶ
421 2928 486 2982 δι’
525 2928 743 2983 έαυτῶν
764 2930 969 2986 ἀνύειν.
1004 2931 1104 2984 Διά
1128 2949 1209 2985 τοι
1235 2931 1415 2995 τοῦτο,
1448 2932 1536 2986 ὅτε
1566 2932 1664 3003 μὲν
1687 2932 1787 2984 οὐκ

146 3003 264 3078 εἰχον
293 3010 614 3084 ὑποδήματα
637 3054 651 3075 .
680 3014 801 3067 οὑδέ
829 3013 1005 3085 ζώνην
1033 3056 1047 3078 ,
1081 3015 1201 3069 οὑδέ
1235 3015 1428 3088 ῥάϐδον
1448 3056 1462 3080 ,
1503 3015 1625 3069 οὐδὲ
1654 3015 1787 3086 χαλ-

145 3092 251 3159 κὸν,
292 3096 533 3161 ούδενδς”
559 3097 942 3169 ὑστερήθησαν
965 3115 977 3128 ·
1029 3097 1126 3165 Μή
1182 3115 1346 3165 τινος
1396 3098 1509 3168 γὰρ
1531 3141 1545 3162 ,
1600 3098 1785 3168 φησὶν,

146 3185 514 3257 ὺστερήσατες
565 3193 635 3244 Οἱ
687 3188 756 3243 δὲ
788 3190 1214 3258 ἀποκριθέντες
1260 3186 1434 3245 εἶπον
1452 3208 1466 3221 ·
1505 3190 1784 3257 Οὐδενός.

157 3266 343 3342 Ἐπειδὴ
391 3272 445 3325 δὲ
479 3274 684 3337 αὑτοὺς
726 3273 980 3327 ἐκέλευσε
1014 3275 1111 3327 καὶ
1158 3273 1442 3343 βαλάντιον
1473 3274 1645 3345 ἔχειν,
1694 3274 1790 3328 καὶ

147 3351 322 3421 πήραν,
348 3356 438 3409 καὶ
464 3355 816 3426 ὑποδήματα.
852 3357 1195 3427 εὑρίσκονται
1235 3357 1330 3411 καὶ
1367 3358 1659 3421 πεινῶντες
1695 3356 1791 3412 καὶ

147 3431 375 3502 διψῶντες
393 3439 486 3493 καὶ
513 3457 588 3509 γυ
597 3439 974 3510 μνητεύοντες.
1005 3438 1166 3494 Ὅθεν
1204 3438 1384 3510 δῆλον,
1412 3441 1493 3493 ὃτι
1519 3439 1790 3511 πολλαχοῦ

150 3517 409 3589 συνεχώρει
436 3523 529 3575 καὶ
565 3520 1053 3591 παρακινδυνεύειν
1087 3521 1282 3586 αὑτοὺς
1313 3525 1409 3576 καὶ
1440 3526 1791 3594 στενοχωρεῖο

150 3595 273 3664 σθαι,
302 3600 385 3656 ἶνα
415 3604 532 3657 τινὰ
565 3602 758 3672 μισθὸν
792 3602 988 3673 ἔχωσιν
1042 3604 1197 3657 Οὕτω
1235 3622 1337 3658 που
1376 3605 1470 3659 καὶ
1500 3606 1549 3657 οἰ
1581 3605 1793 3675 ὄρνιθες

149 3682 240 3744 ταῖς
258 3687 480 3750 νεοττοῖς
507 3684 723 3739 ποιοῦσι
758 3689 872 3750 τοῖς
897 3686 1103 3741 ἐαυτῶν
1125 3703 1140 3717 ·
1173 3688 1270 3741 καὶ
1300 3688 1409 3758 γὰρ
1439 3691 1658 3751 ἐκεῖνοι,
1688 3687 1794 3750 ἕως

152 3770 236 3841 μὲν
256 3775 320 3829 τά
352 3779 521 3850 πτερά
547 3778 737 3832 άπαλά
769 3778 981 3850 ἔχουσιν
1004 3821 1020 3845 ,
1061 3780 1153 3833 ἐπὶ
1199 3783 1299 3851 τῆς
1320 3780 1515 3843 καλιᾶς
1545 3779 1792 3851 καθήμε-

151 3871 217 3908 νοι
241 3856 518 3913 θάλπουσιν
543 3878 558 3892 ·
602 3862 821 3915 ἐπειδάν
861 3862 917 3915 δὲ
959 3861 1108 3916 ἴδωσι
1141 3863 1633 3933 πτεροφυήσαντας
1655 3903 1667 3917 .
1702 3862 1795 3915 καί

148 3936 447 4011 δυναμένους
478 3945 572 3999 τὸν
616 3946 755 4016 ἀέρα
780 3945 1029 4016 τέμνειν,
1085 3947 1301 4017 πρῶτον
1337 3946 1434 4017 μὲν
1464 3946 1591 4018 περί
1626 3945 1794 4017 αὐτὴν

149 4022 232 4095 τὴν
261 4026 445 4082 καλιὰν
479 4029 741 4084 ἵπτασθαι
790 4031 1337 4102 παρασκευάζουσιν,
1371 4029 1564 4085 ἔπειτα
1594 4031 1654 4085 δὲ
1700 4033 1797 4084 καὶ

152 4110 451 4181 πορῤωτέρω
482 4113 843 4185 περιάγουσι,
880 4114 1032 4184 παρά
1076 4115 1173 4185 μὲν
1201 4115 1302 4184 τὴν
1330 4116 1505 4186 ἀρχὴν
1532 4114 1796 4186 ἑπόμεναι

152 4191 232 4242 καὶ
276 4190 757 4264 διαϐαστάζουσαι,
812 4197 948 4268 μετά
999 4197 1057 4251 δὲ
1112 4197 1286 4252 ταῦτα
1339 4199 1534 4262 αὐτοὺς
1585 4199 1797 4261 ἑαυτοῖς

152 4268 367 4339 ἀφιεῖσαι
395 4277 629 4349 βοηθεῖν.
653 4278 812 4333 Οὕτω
841 4278 936 4332 καὶ
956 4280 984 4331 6
1010 4280 1244 4350 Χριστὸς
1268 4280 1513 4351 ἐποίησε,
1546 4280 1798 4350 καθάπερ

152 4353 200 4436 ἐν
221 4357 401 4431 καλιᾷ,
433 4364 497 4433 τῇ
530 4361 864 4434 Παλαιστίνῃ
886 4362 1102 4432 τρέφων
1129 4363 1257 4426 τοὺς
1293 4363 1544 4433 μαθητάς
1569 4380 1581 4392 ’
1610 4363 1798 4436 ἐπειδὴ

150 4434 198 4489 δὲ
225 4440 467 4496 πέτεσθαι
520 4444 727 4509 ἐδίδαξε
768 4443 960 4516 παρὼν
1015 4442 1108 4498 καὶ
1158 4444 1534 4510 διαϐαστάζων
1578 4434 1795 4508 αὐτοὺς,

150 4527 282 4594 τέλος
311 4533 516 4603 ἀφῆκεν
541 4538 623 4600 εἰς
666 4538 767 4608 τὴν
803 4537 1130 4607 οἰκουμένην
1178 4537 1396 4608 πτῆναι,
1421 4537 1682 4602 κελεύσας
1706 4538 1801 4591 καὶ

152 4612 339 4680 ἑαυτοῖς
370 4619 638 4691 πολλαχοῦ
671 4620 906 4691 βοηθεῖν.
937 4619 1045 4673 Καὶ
1070 4622 1151 4673 ὅτι
1185 4620 1342 4673 τοῦτό
1395 4623 1541 4673 ἐστιν
1577 4620 1797 4690 ἀληθὲς,

152 4694 232 4745 καί
272 4697 355 4753 ἴνα
394 4700 492 4774 τὴν
553 4703 784 4774 δύναμιν
838 4702 1002 4757 αὑτοῦ
1043 4703 1295 4773 μάθωσι,
1349 4703 1566 4756 πάντων
1604 4703 1802 4768 αὐτοὺς

151 4775 409 4858 ἐγύμνωσε
429 4824 444 4849 ,
476 4787 572 4839 καί⁵
601 4785 964 4857 μονοχίτωνας
992 4786 1310 4849 ἀπέστειλε,
1341 4787 1435 4841 καὶ
1465 4786 1633 4858 χωρὶς
1671 4786 1804 4839 ὑπο-

152 4857 383 4942 maer
430 4868 683 4922 ἐκέλευσε
737 4869 1008 4939 βαδίζειν,
1063 4870 1233 4941 αὐτῆς
1290 4866 1385 4924 οὖν
1441 4857 1560 4942 τῆς
1592 4872 1803 4942 ρήσεως

153 4938 460 5012 ἀκούσαντες
510 4951 695 5019 σαφῶς
733 4938 1013 5021 εἰσόμεθα.
1045 4953 1121 5006 Οὑ
1154 4938 1261 5025 γάρ
1294 4938 1679 5017 άπλῶςέῒπεν
1709 4954 1806 5007 αὑ-

152 5025 251 5086 τοῖς
272 5043 286 5058 ⁸
316 5028 514 5101 Ἀρατε
545 5032 827 5103 βαλάντιον
856 5033 953 5087 καὶ
986 5036 1188 5105 πήραν,
1224 5034 1339 5088 ἀλλ’
1371 5035 1676 5096 ἀνέμνησεν
1707 5036 1805 5088 αὐ-

153 5115 265 5181 τοὺς
314 5121 420 5175 τῶν
465 5126 744 5197 προτέρων
768 5164 783 5189 ,
817 5124 992 5189 οὑτως
1045 5124 1217 5181 εἰπών
1240 5143 1255 5159 '
1293 5127 1425 5181 Ὅτε·
1473 5131 1806 5181 ἀπεστειλα

156 5198 295 5267 ὑμᾶς
316 5203 451 5275 ἄτερ
479 5209 817 5272 βαλαντίου
855 5209 954 5263 καί
984 5210 1181 5278 πήρας
1201 5250 1215 5273 ,
1241 5209 1326 5280 μή
1356 5228 1521 5278 τινος
1548 5210 1804 5279 ὑστερή-

156 5294 320 5351 σατε;
349 5290 621 5347 τουτέστιν
640 5335 656 5361 ,
691 5296 765 5350 Ou
797 5292 974 5347 πάντα
1014 5293 1153 5363 μετὰ
1184 5293 1445 5361 ἀφθονίας
1477 5295 1607 5365 ὑμῖν
1649 5294 1807 5366 ἐπέρ-

159 5367 263 5448 ρει,
288 5371 378 5424 καὶ
408 5374 610 5446 πολλῆς
641 5376 985 5430 άπελαύσατε
1012 5375 1328 5446 δαψιλείας;
1364 5376 1501 5432 ἀλλά
1552 5377 1648 5433 νῦν
1678 5376 1804 5448 βού-

158 5445 309 5519 λομαι
340 5454 479 5525 ὑμᾶς
500 5445 602 5513 ’καὶ
628 5461 695 5514 δι’
720 5460 929 5514 ἐαυτῶν
962 5445 1345 5529 ἀγωνίζεσθαι*
1372 5459 1632 5532 βούλομαι
1662 5445 1808 5531 ὑμᾶς

160 5534 246 5585 καὶ
292 5539 474 5605 πενίας
503 5545 695 5614 πεῖραν
736 5543 953 5597 λαϐεῖν’
1007 5543 1095 5597 διὰ
1140 5542 1300 5597 τοῦτο
1347 5542 1531 5599 λοιπὸν
1572 5545 1666 5598 ἐπὶ
1707 5544 1809 5614 τὴν

162 5613 389 5701 ἀνάγκην
412 5627 510 5680 οὑκ
551 5613 667 5697 ἄγω
698 5628 791 5684 τοῦ
822 5629 1086 5699 προτέρου
1139 5629 1305 5701 νόμου
1324 5671 1340 5697 ,
1364 5629 1480 5684 ἀλλ’
1526 5613 1809 5701 ἐπιτρέπω

168 5699 250 5753 καὶ
284 5700 556 5772 βαλάντιον
591 5710 733 5780 ἔχειν
771 5713 864 5766 καὶ
918 5712 1099 5779 πήραν
1125 5751 1141 5778 ,
1184 5699 1271 5765 ἵνα
1308 5713 1408 5777 μὴ,
1456 5699 1708 5775 καθάπερ
1737 5712 1806 5766 δι’

923 305 993 363 IN
1031 304 1259 371 ILLUD,
1301 302 1677 362 SALUTATE
1717 301 2132 360 PRISCIHAM
2174 306 2260 362 ET
2302 302 2636 375 AQUILAM.
2673 301 2740 356 11.

3445 297 3551 355 200

1879 413 2102 484 ἀψύχων
2137 415 2419 486 ὀργάνων.
2474 416 2718 485 ἐνεργεῖν
2761 412 2829 465 τὰ
2871 410 2991 465 καθ’
3034 413 3175 484 ὑμᾶς
3221 414 3549 485 νομίζωμαι.

1878 497 2014 550 ἀλλά
2043 499 2138 551 καὶ
2166 499 2323 568 ὑμεῖς
2362 500 2461 568 τὴν
2489 498 2697 550 οἰκείαν
2723 496 2883 568 ἔχητε
2912 495 3317 550 ἐπιδείκνυσθαι
3348 508 3373 537 ι
3404 498 3553 566 φιλο·

1881 580 2096 648 σοφίαν.

1951 697 2019 758 γ’.
2037 691 2146 745 Καὶ
2166 691 2237 755 τί,
2263 691 2445 761 φησὶν,
2469 691 2570 744 οὑκ
2588 689 2656 743 ἂν
2685 688 2887 760 μείζων
2910 689 3083 759 ἐφάνη
3108 691 3141 760 ἠ
3168 689 3349 760 χάρις,
3370 689 3419 739 εἰ
3438 685 3555 741 δια-

1880 776 2078 838 παντὸς
2117 775 2288 841 οὑτως
2320 776 2572 830 ἐτέλεσαν
2601 775 2788 840 δντεςς
2833 774 3155 828 ’Λλλἠαὑτοὶ
3180 775 3279 827 οὑκ
3307 773 3556 842 ἐγένοντο

1879 857 2020 911 οὑτω
2044 858 2255 929 δόκιμοι
2274 875 2287 889 ο
2330 862 2377 912 εἰ
2406 860 2512 929 γὰρ
2551 859 2821 931 μηδεμιᾶς
2843 858 3035 911 ἔλαϐον
3063 856 3297 927 θλίψεως
3334 858 3553 924 πεῖραν,

1883 939 1956 1011 μὴ
1988 940 2174 1004 πενίας
2194 982 2207 1001 ,
2239 940 2315 1013 μὴ
2339 941 2579 1011 διωγμοῦ
2604 982 2618 1005 ,
2672 940 2746 1012 μὴ
2786 940 3146 1012 στενοχωρίας
3172 982 3185 1001 ,
3234 939 3455 1009 ἔμειναν
3487 937 3554 992 ἂν

1878 1022 2037 1088 ἀργοὶ
2062 1023 2158 1076 καὶ
2186 1024 2377 1086 νωθεῖς
2398 1041 2410 1055 ·
2437 1025 2532 1077 νῦν
2558 1023 2615 1076 δέ
2646 1024 2767 1093 οὐχὶ
2803 1024 2902 1094 τὴν
2927 1023 3085 1095 χάριν
3129 1021 3430 1091 διαλάμψαι
3460 1019 3553 1090 μό-

1878 1120 1988 1166 νον,
2024 1104 2162 1159 ἀλλά
2200 1106 2294 1158 καί
2322 1105 2419 1176 τήν
2453 1105 2560 1159 τῶν
2609 1103 2992 1159 ὑπακουόντων
3033 1104 3263 1174 δοκιμὴν
3291 1103 3556 1174 ἠθέλησεν

1879 1186 2317 1259 ἐπιδειχθῆναιὶ),
2357 1189 2442 1242 ἵνα
2490 1188 2564 1260 μὴ
2598 1187 2737 1259 μετὰ
2776 1186 2951 1240 ταῦτά
2980 1203 3123 1250 τινες
3155 1186 3320 1256 ἔχωσι
3348 1185 3553 1254 λέγειν,

1878 1269 1959 1321 ὅτι
1990 1268 2152 1323 Οὐδὲν
2182 1273 2312 1342 παρ’
2340 1270 2547 1325 ἐαυτῶν
2577 1273 2903 1340 εἰσήνεγκαν
2932 1272 3152 1336 ἐκεῖνοι,
3185 1268 3323 1323 ἀλλά
3354 1268 3414 1322 τὸ
3445 1268 3556 1322 πᾶν

1876 1352 1976 1422 τῆς
2003 1350 2098 1405 τοῦ
2128 1352 2262 1408 Θεοῦ
2293 1354 2467 1427 ῥοπῆς
2501 1354 2737 1423 ἐγένετο.
2780 1352 3042 1407 Ἦδὺνατο
3091 1353 3189 1423 μὲν
3215 1352 3326 1423 γὰρ
3356 1351 3557 1415 αὑτοὺς

1877 1435 1906 1487 6
1953 1434 2085 1499 Θεὸς
2133 1436 2294 1509 μέχρι
2324 1435 2512 1500 τέλους
2551 1438 2609 1489 ἐν
2642 1435 2872 1509 ἀφθονίᾳ
2920 1435 3260 1506 καταστῆσαι
3294 1433 3554 1505 τοσαύτῃ,

1878 1517 1994 1570 ἀλλ’
2017 1518 2119 1572 οὑκ
2155 1520 2387 1590 ἠθέλησε
2419 1520 2506 1573 διὰ
2535 1520 2737 1584 πολλάς
2766 1521 2861 1573 καὶ
2886 1519 3193 1589 ἀναγκαίας
3229 1517 3556 1589 προφάσεις,

1879 1599 1945 1665 ἃς
1979 1602 2237 1666 πολλάκις
2269 1604 2404 1676 πρὸς
2451 1604 2549 1675 τὴν
2600 1603 2872 1675 ὑμετέραν
2905 1604 3124 1673 ἀγάπην
3161 1602 3465 1673 είρήκαμεν
3488 1611 3512 1640 ε
3536 1615 3553 1631 ⁸

1883 1684 2012 1754 μίαν
2056 1686 2153 1755 μὲν
2178 1686 2242 1759 δὴ
2279 1686 2485 1756 ταύτην
2507 1727 2521 1748 ,
2549 1687 2744 1758 ἑτέραν
2790 1685 2848 1739 δὲ
2895 1686 2996 1739 οὑκ
3042 1684 3303 1738 ἐλάττονα
3330 1681 3554 1752 ταύτης,

1882 1767 1968 1822 ἵνα
1991 1768 2087 1823 καὶ
2115 1768 2430 1841 μετριάζειν
2464 1768 2648 1822 εἰδῶσι
2693 1784 2710 1801 ο
2743 1768 2935 1840 τρίτην
2967 1768 3058 1831 δὲ,
3085 1767 3176 1821 ἵνα
3213 1764 3289 1837 μὴ
3336 1764 3560 1832 μείζονα

1880 1848 1914 1919 ἢ
1944 1850 2089 1903 κατά
2128 1850 2416 1923 ἄνθρωπον
2476 1850 2630 1924 [185]
2669 1850 2878 1906 λάϐωσι
2905 1849 3082 1915 δόξαν.
3119 1849 3219 1903 Διά
3261 1848 3327 1919 δὴ
3364 1846 3561 1914 ταῦτα,

1880 1933 1976 1985 καὶ
2004 1932 2187 2004 πολλῷ
2210 1933 2435 1988 πλείονα
2474 1933 2681 1989 τούτων
2701 1975 2714 1997 ,
2745 1935 2907 2005 ἀφεὶς
2944 1933 3142 1997 αὑτοὺς
3186 1931 3402 1996 πολλοῖς
3447 1930 3564 1984 τῶν

1880 2014 2161 2086 ἀδοκήτων
2186 2016 2539 2088 περιπίπτειν
2554 2057 2569 2082 ,
2591 2016 2693 2070 οὐκ
2716 2014 2993 2088 ἠϐουλήθη
3015 2014 3121 2068 ὑπὸ
3144 2014 3245 2084 τὴν
3274 2010 3564 2085 ἀκρίϐειαν

1881 2096 1982 2166 τῆς
2010 2097 2330 2167 νομοθεσίας
2357 2098 2460 2168 τῆς
2484 2098 2759 2169 προτέρας
2787 2098 3026 2166 ἀφεῖναι,
3058 2095 3172 2150 ἀλλ’
3202 2094 3438 2167 ἐχάλασε
3466 2094 3564 2147 καὶ

1882 2179 2052 2250 ἀνῆκε
2074 2180 2171 2250 τῆς
2204 2179 2523 2249 φιλοσοφίας
2562 2179 2653 2235 τὸν
2676 2179 2828 2233 τόνον
2862 2179 3078 2249 ἐκείνης
3102 2220 3117 2244 ,
3159 2177 3301 2231 ὥστε
3354 2176 3430 2248 μὴ
3466 2175 3564 2247 βα-

1885 2260 1983 2332 ρύν
2006 2278 2129 2315 τινα
2173 2263 2265 2316 καὶ
2290 2262 2564 2334 ἀφόρητον
2610 2264 2796 2326 αὑτοῖς
2824 2261 3078 2331 γενέσθαι
3110 2261 3204 2314 τὸν
3235 2259 3348 2330 βίον
3371 2299 3388 2325 ,
3433 2259 3564 2312 πολ-

1880 2343 2047 2415 λαχοῦ
2073 2345 2707 2416 ἐγκαταλιμπανομένοις
2727 2386 2741 2410 ,
2766 2346 2861 2400 καὶ
2889 2345 2982 2400 τὸν
3008 2344 3210 2416 ἀκριϐῆ
3238 2342 3405 2414 νόμον
3423 2342 3562 2395 ἐκεῖ·

1882 2443 1972 2479 νον
2000 2428 2463 2498 ἀναγκαζομένοις
2489 2430 2698 2499 τηρεῖν.
2742 2427 2965 2500 Ἐπειδὴ
2992 2427 3047 2480 δέ
3074 2426 3181 2498 χρὴ
3209 2425 3305 2479 καὶ
3343 2424 3406 2478 τὸ
3427 2442 3562 2496 προ-

1883 2508 2133 2579 κείμενον
2163 2510 2372 2579 ἀσαφὲς
2396 2508 2457 2563 δν
2490 2510 2714 2581 ποιῆσαι
2746 2510 3056 2581 καταφανὲς
3076 2549 3091 2573 ,
3123 2510 3420 2577 ἀναγκαῖον
3466 2508 3563 2561 καὶ

1882 2590 2039 2643 τοῦτο
2066 2592 2257 2645 εἰπεῖν.
2286 2590 2470 2645 Εἰπὼν
2498 2592 2608 2665 γάρ
2625 2635 2640 2660 ,
2680 2593 2733 2646 Ὀ
2758 2594 2916 2664 ἔχων
2941 2591 3281 2657 ,βαλάντιον
3303 2631 3317 2655 ,
3342 2589 3560 2660 ἀράτω,

1883 2673 1981 2726 καί
2012 2672 2231 2743 πήραν,
2275 2677 2524 2747 ἐπήγαγε
2552 2694 2568 2708 ν
2600 2677 2712 2730 Kal
2756 2680 2789 2731 ό
2835 2676 2923 2747 μὴ
2958 2677 3115 2744 ἔχων
3141 2714 3158 2740 ,
3192 2673 3463 2741 πωλήσει
3492 2674 3564 2727 τὸ

1884 2753 2117 2822 ἱμάτιον
2142 2757 2350 2821 αὐτοῦ,
2377 2758 2475 2812 καί
2505 2758 2789 2829 ἀγοράσει
2809 2757 3131 2828 μάχαιραν.
3153 2757 3220 2811 Τί
3245 2773 3376 2810 ποτε
3403 2755 3564 2809 τοῦτό

1885 2838 2030 2906 ἐστι;
2062 2839 2381 2906 καθοπλίζει
2426 2841 2553 2905 τοὺς
2605 2841 2852 2913 μαθητάς
2884 2843 2913 2895 6
2949 2841 3157 2911 λέγων,
3193 2840 3331 2894 Ἐάν
3367 2839 3459 2906 τίς
3486 2854 3577 2892 σε.

1877 2921 2116 2990 ραπίσῃ
2155 2924 2243 2989 είς
2272 2922 2388 2990 τὴν
2413 2922 2623 2988 δεξιὰν
2649 2925 2927 2994 σιαγόνα,
2962 2923 3234 2992 στρέψον
3263 2921 3426 2988 αὑτῷ
3463 2920 3565 2975 καί

1885 3002 2001 3070 τὴν
2032 3004 2268 3073 mur;
2295 3005 2325 3057 6
2369 3004 2609 3060 κελεύων
2662 3006 2904 3075 εὐλογεῖν
2935 3006 3059 3069 τοὺς
3093 3002 3563 3076 λοιδορουμένους,

1886 3085 2175 3158 ἀνέχεσθαι
2214 3087 2317 3141 τῶν
2346 3089 2764 3162 ἐπηρεαζόντων
2791 3131 2806 3154 ,
2838 3088 3096 3160 εὑχεσθαι
3127 3088 3267 3163 ὑπὲρ
3305 3088 3412 3141 τῶν
3439 3085 3565 3139 διω-

1887 3170 2113 3235 κόντων,
2148 3166 2268 3225 εἶτα
2292 3172 2630 3239 καθοπλίζει,
2662 3173 2758 3227 καί¹
2787 3173 2876 3227 διὰ
2908 3172 3185 3245 μαχαίρας
3216 3170 3418 3242 μόνης;
3454 3168 3568 3223 Καὶ

1888 3255 2037 3307 ποῖον
2063 3252 2129 3307 ἂν
2158 3254 2269 3325 ἔχοι
2296 3254 2453 3309 τοῦτο
2485 3254 2642 3325 λόγον
2668 3271 2682 3322 ;
2713 3256 2777 3309 El
2819 3255 2926 3327 γὰρ
2969 3254 3106 3317 ὅλως
3154 3253 3263 3307 ἔδει
3306 3248 3567 3307 καθοπλί-

1890 3350 2000 3399 σαι,
2029 3336 2090 3388 οὑ
2126 3336 2399 3409 μαχαίρας
2423 3337 2528 3390 ἔδει
2550 3336 2851 3408 κτήσασθαι
2875 3336 3058 3407 μόνον.
3084 3334 3221 3389 ἀλλά
3242 3334 3336 3388 καὶ
3360 3337 3566 3392 ἀσπίδα

1888 3417 1985 3470 καὶ
2015 3418 2211 3490 κράνος
2238 3419 2336 3472 καὶ
2371 3418 2659 3489 κνημῖδας.
2692 3418 2870 3481 Ὅλως
2894 3418 2981 3482 δὲ,
3016 3418 3070 3471 εἰ
3110 3433 3175 3485 γε
3206 3415 3567 3486 ἀνθρωπίνως

1888 3499 1957 3553 τά
1984 3498 2209 3555 τοιαῦτα
2251 3500 2475 3571 ἔμελλεν
2511 3503 2813 3566 οἰκονομεῖν
2838 3540 2854 3564 ,
2885 3500 3072 3564 πόσοις
3109 3500 3209 3552 οὑκ
3240 3495 3309 3570 ἧν
3346 3500 3407 3552 τὸ
3446 3501 3565 3553 ἐπί-

1889 3600 2077 3655 ταγμα
2098 3585 2314 3654 γέλωςς
2357 3588 2422 3640 El
2453 3585 2563 3657 γὰρ
2617 3586 2787 3656 μυρία
2822 3584 3047 3638 τοιαῦτα
3081 3584 3221 3637 ὅπλα
3266 3585 3569 3654 ἐκτήσαντο

1891 3668 2029 3738 πρὸς
2058 3669 2328 3739 τοσαύτην
2357 3670 2545 3740 ἐφοδον
2574 3672 2668 3724 καὶ
2689 3669 2981 3740 ἐπιϐουλὴν
3015 3670 3204 3739 δήμων
3225 3709 3239 3730 ,
3266 3670 3566 3738 τυράννων,

1894 3751 2123 3816 πόλεων,
2157 3751 2347 3816 ἐθνῶν,
2374 3753 2516 3815 τίνες
2540 3752 2765 3823 ἔμελλον
2790 3753 2839 3805 οἰ
2867 3752 3059 3804 ἐνδεκα
3092 3752 3376 3819 φανεῖσθαι
3403 3768 3418 3815 ;
3450 3752 3568 3805 Φω-

1893 3835 1989 3904 νῆς
2014 3834 2124 3906 γὰρ
2146 3834 2372 3887 ἀκοῦσαι
2395 3834 2808 3905 χρεμετίζοντος
2837 3835 3004 3887 ἵππου
3024 3833 3249 3886 δυνατὸν
3269 3831 3335 3904 ἦν
3358 3833 3565 3899 αὑτοί;;

1896 3923 2031 3994 πρὸς
2059 3923 2118 3976 δὲ
2138 3923 2237 3993 τὴν
2252 3921 2374 3992 ὄψιν
2406 3924 2574 3993 μόνην
2597 3922 2697 3975 οὐκ
2722 3922 2789 3975 ἂν
2813 3921 3240 3990 κατεπλάγησαν
3270 3920 3380 3972 τῶν
3411 3936 3570 3992 στρα-

1896 4011 2154 4078 τοπέδων,
2182 4013 2239 4065 ἐν
2273 4011 2490 4100 λίμναις
2522 4010 2615 4063 καὶ
2645 4011 2909 4080 ποταμοῖς
2938 4009 3032 4062 καὶ
3059 4009 3302 4070 ἀκατίοις
3336 4005 3571 4078 τραφένο

1895 4116 1987 4161 τες
2023 4101 2266 4170 μικροίς;
2291 4094 2447 4163 Τίνος
2486 4096 2578 4152 οὖν
2606 4099 2794 4151 ἐνεκεν
2834 4100 2991 4150 τοῦτο
3018 4096 3195 4165 λέγει;
3229 4096 3340 4166 Τὴν
3384 4094 3569 4163 ἔφοδον

1896 4186 2003 4240 τῶν
2056 4186 2323 4241 Ἰουδαίων
2370 4186 2708 4251 ἐνδείξασθαι
2763 4184 3117 4256 βουλόμενος,
3170 4184 3263 4237 καί⁸
3315 4184 3398 4237 ὅτι
3443 4182 3573 4254 μέλι

1895 4273 2078 4326 λουσιν
2107 4273 2268 4327 αὑτὸν
2292 4273 2710 4345 συλλαμϐάνειν.
2740 4273 2849 4327 Καὶ
2877 4270 3035 4325 τοῦτο
3065 4268 3316 4342 φανερῶς
3342 4271 3440 4340 μὲν
3468 4271 3572 4323 οὑκ

1895 4361 2160 4432 ⁴ήθέλησεν
2189 4362 2381 4427 εἰπεῖν,
2412 4359 2480 4413 δι’
2505 4359 2845 4431 αἰνιγμάτων
2864 4358 2921 4412 δὲ
2939 4400 2955 4424 ,
2988 4358 3128 4411 ὥστε
3165 4357 3238 4427 μή
3267 4356 3572 4429 θορυϐῆσαι

1900 4448 2059 4502 πάλιν
2099 4447 2314 4512 αὐτούς.
2358 4449 2570 4519 Ὥσπερ
2615 4443 2706 4501 οὖν
2748 4447 2875 4499 ὅταν
2903 4443 3143 4516 ἀκούσῃς
3186 4442 3351 4495 αὑτοῦ
3383 4442 3572 4511 λέγον-

1900 4553 2018 4601 τος,
2056 4536 2141 4590 ὅτι
2188 4537 2258 4589 '0
2288 4535 2591 4603 ἠκούσατε
2617 4535 2706 4600 είς
2733 4533 2802 4586 τὸ
2840 4527 2971 4598 οὖς,
3002 4531 3301 4598 κηρύξατε
3325 4531 3426 4583 ἐπὶ
3453 4530 3574 4585 τῶν

1898 4621 2204 4693 δωμάτων,
2239 4621 2341 4675 καὶ
2378 4620 2411 4675 ὃ
2442 4621 2747 4688 ἠκούσατε
2775 4619 2844 4672 ἐν
2879 4617 2955 4687 τῇ
2991 4617 3226 4685 σκοτίᾳ,
3265 4617 3473 4671 simus
3503 4617 3575 4671 ἐν

1900 4707 1981 4773 τῷ
2024 4707 2200 4776 φωτὶ,
2249 4708 2312 4761 οὑ
2356 4708 2515 4760 τοῦτο
2548 4704 2897 4771 ὑποπτεύεις,
2944 4705 3025 4758 ὅτι
3060 4704 3271 4758 κελεύει
3299 4707 3426 4768 τοὺς
3453 4722 3575 4758 στε-

1901 4797 2116 4858 νωποὺς
2135 4794 2229 4847 καὶ
2254 4795 2354 4864 τὴν
2386 4792 2592 4865 ἀγορὰν
2638 4792 2876 4861 ἀφέντας
2911 4791 3003 4844 ἐπὶ
3028 4791 3137 4845 τῶν
3176 4790 3442 4862 δωμάτων
3470 4808 3574 4863 κη-

1904 4881 2152 4952 ρύττειν·
2202 4879 2322 4934 οὑδὲ
2352 4879 2463 4950 γάρ
2510 4879 2791 4949 φαίνονται
2832 4876 2993 4932 τοῦτο
3025 4881 3348 4948 ποιήσαντες
3384 4879 3435 4930 οἱ
3469 4895 3578 4949 μα-

1903 4968 2092 5039 θηταί’
2136 4969 2270 5022 ἀλλά
2316 4968 2396 5030 τὸ,
2420 4968 2545 5053 Ἱρή
2592 4966 2713 5020 τῶν
2755 4965 3068 5036 δωμάτων,
3108 4967 3202 5019 καὶ
3229 4965 3320 5029 τὸ,
3366 4967 3468 5021 Ἐν
3494 4964 3577 5033 τῷ

1902 5059 2046 5126 φωτί
2070 5097 2083 5120 ,
2123 5057 2184 5109 τὸ
2231 5057 2369 5127 μετά
2417 5055 2725 5127 παρρησίας
2771 5054 3101 5108 αἰνίττεται⁶
3138 5053 3196 5107 τὸ
3238 5055 3325 5119 δὲ,
3357 5056 3464 5118 Είς
3505 5053 3575 5108 τὸ

1903 5138 2046 5210 οὖς,
2079 5143 2175 5198 καὶ
2207 5145 2296 5209 τὸ,
2343 5145 2446 5196 Ἐν
2488 5141 2563 5212 τῇ
2595 5141 2845 5209 σκοτίᾳ,
2881 5140 3039 5195 τοῦτο
3085 5141 3266 5213 δηλοῖ,
3301 5141 3578 5212 ὅτιὋπερ

1904 5234 1963 5287 ἐν
1992 5231 2171 5304 μικρῷ
2220 5232 2375 5303 μέρει
2408 5232 2508 5302 τῆς
2540 5229 2894 5302 οἰκουμένης,
2935 5230 3029 5284 καὶ
3061 5231 3119 5283 ἐν
3156 5230 3238 5282 ἐνὶ
3266 5226 3451 5299 χωρίῳ
3473 5226 3578 5294 τῆς

1906 5319 2270 5389 Παλαιστίνης
2311 5316 2581 5388 ἠκούσατε
2601 5358 2618 5382 ,
2681 5316 2842 5370 τοῦτο
2886 5314 3157 5384 πανταχοῦ
3215 5313 3316 5385 τῆς
3355 5312 3459 5385 γῆς
3482 5311 3575 5383 ἐξ-

1971 5463 1998 5492 ⁸
2023 5462 2132 5512 Duo
2150 5459 2262 5510 Mss.
2288 5460 2359 5523 φι)
2368 5458 2583 5523 οσοφίανᾉ.
2606 5455 2913 5523 Εζτα-οὑκ-ἀν
2936 5451 3122 5516 μείζων.

1966 5523 1997 5565 1³
2033 5516 2379 5585 Ἐπιδειχθῇναι
2396 5516 2611 5585 deéSljn
2632 5516 2981 5585 ᾳμοὺυεΜερκ
3253 5573 3269 5585 ,
3331 5568 3358 5581 ..

1970 5591 1994 5618 ο
2018 5570 2419 5636 ΗῖἐίέιἿιὶπθι.
2448 5587 2502 5629 ει
2542 5579 2692 5629 Savil.
2734 5582 2845 5636 post
2886 5575 3155 5640 ειρήκαμεν,
3190 5573 3286 5640 καὶ.
3306 5570 3389 5640 νῦν
3411 5571 3466 5623 δι
3509 5570 3581 5640 ει.

1875 5633 2094 5710 σοφεν,
2116 5657 2228 5710 quae
2250 5645 2432 5710 ᾀοειηιι
2452 5639 2501 5690 in
2522 5633 2866 5710 uquque:_ms.
2889 5633 2943 5684 οἱ
2957 5633 3222 5710 ἐυρετηυε
3243 5633 3493 5690 videnlur.
3531 5633 3587 5682 In

1909 5698 2234 5773 seq'uetiubug
2254 5702 2500 5755 levissima
2517 5707 2632 5751 sunt
2655 5698 2919 5749 lectionum
2941 5698 3235 5748 discrimina.
