4006 6414
431 310 528 369 σοι

417 427 680 499 ηχησατε.
711 429 787 483 οὑ
811 430 917 501 γάρ
945 428 1009 499 δὴ
1038 431 1095 482 ἐν
1126 429 1334 501 σκοτία,
1366 430 1484 483 οὑδὲ
1518 432 1598 494 εἰς
1625 430 1684 484 τδ
1709 427 1801 495 οῦς
1832 431 2100 500 διελέγετο

421 506 633 571 αὐτοῖς,
675 508 789 562 ἀλλ’
822 509 906 576 ἐφ’
936 507 1155 577 ὑψηλῶν
1179 507 1287 561 τῶν
1332 508 1536 578 ὀρέων,
1592 511 1685 562 καὶ
1728 511 1784 583 ἐν
1814 514 1933 572 ταῖς
1971 527 2099 564 συν-

423 590 673 654 αγωγαῖς
735 588 1013 649 πολλάκις.
1097 587 1252 641 Οὕτω
1302 588 1395 642 καὶ
1447 588 1682 641 ἐνταῦθα
1738 590 2094 658 ὑποληπτέον.

421 665 634 735 Ὠσπερ
665 662 757 720 οὖν
779 669 895 719 ἐκεῖ
924 665 1152 736 δώματα
1186 667 1480 730 ἀκούοντες
1501 708 1512 727 ,
1540 669 1742 739 ἑτέρως
1771 669 2094 738 ἐνοήσαμεν,

421 743 563 797 οὕτω
600 745 693 797 καὶ
741 744 972 797 ἐνταῦθα
1021 745 1298 815 μαχαίρας
1339 745 1663 809 ἀκούοντες,
1717 746 1792 817 μή
1825 746 1980 799 τοῦτο
2010 765 2094 800 νο-

420 821 695 889 μίσωμεν,
736 824 817 875 ὅτι
869 821 1100 888 ἐπέταξε
1163 824 1435 896 μαχαίρας
1488 824 1820 893 κεκτῆσθαι,
1874 824 2095 879 ἀλλ’ὅτι

417 897 503 949 διά
539 899 646 950 τῶν
673 901 957 970 μαχαιρῶν
988 900 1085 972 τὴν
1111 900 1418 954 ἐνεστῶσαν
1451 903 1745 954 αἰνίττεται
1770 902 2091 971 ἐπιϐουλὴν,

417 978 508 1028 καὶ
554 978 634 1031 ὅτι
694 980 879 1048 μέλλει
938 980 1170 1049 πάσχειν
1229 978 1380 1049 παρά
1426 980 1535 1033 τῶν
1595 981 1896 1044 Ἰουδαίων,
1948 983 2094 1053 ἀπερ

414 1055 603 1112 ἔπαθε.
669 1058 774 1111 Kal
819 1059 975 1112 τοῦτο
1030 1061 1095 1112 ἐκ
1134 1059 1243 1112 τῶν
1301 1059 1427 1129 ἑξῆς
1479 1060 1655 1127 δῆλον.
1718 1060 1901 1113 Εἰπὼν
1959 1060 2087 1129 γάρ,

426 1134 717 1204 Ἀγοράσει
758 1137 1065 1207 μάχαιραν.
1103 1138 1347 1207 ἐπήγαγε
1373 1156 1384 1166 ν
1442 1139 1542 1190 Δεῖ
1566 1139 1673 1207 γὰρ
1721 1138 1793 1191 τὰ
1842 1156 2090 1208 τετραμ-

405 1214 561 1283 μένα
584 1216 716 1282 περὶ
749 1217 895 1284 ἐμοῦ
919 1218 1297 1284 τελεσθῆναι,
1328 1218 1415 1270 ὅτι
1443 1220 1512 1271 ἐν
1543 1218 1667 1283 τοῖς
1691 1218 1936 1286 ἀνόμοις
1957 1221 2092 1272 ἐλο-

406 1294 645 1361 τίσθην.
684 1296 961 1348 Εἰπόντων
1005 1296 1061 1348 δὲ
1102 1296 1346 1361 ἐκείνων,
1379 1298 1461 1349 ὅτι
1502 1296 1675 1350 Εἰσὶν
1704 1289 1819 1350 ὦδε
1844 1295 1954 1349 δύο
1976 1296 2089 1366 μά-

407 1387 608 1439 χαιραι
631 1412 646 1435 ,
682 1374 778 1427 καὶ
819 1374 879 1427 τὸ
910 1373 1099 1444 λεχθὲν
1144 1374 1219 1444 μὴ
1264 1374 1583 1438 συνιέντων,
1620 1375 1805 1445 φησὶν,
1854 1375 2090 1428 Ἱκανόν

403 1450 535 1504 ἐστι
600 1454 790 1507 Καίτοι
835 1470 897 1520 γε
930 1455 1030 1506 οὐκ
1073 1448 1141 1523 ἧν
1171 1454 1354 1507 ἰκανόν
1382 1472 1392 1483 ·
1427 1456 1475 1506 εἰ
1507 1454 1604 1524 μὲν
1634 1455 1743 1524 γάρ
1770 1452 2087 1524 ἀνθρωπίνῃ

406 1528 631 1601 βοηθείᾳ
674 1531 976 1601 κεχρῆσθαι
1015 1532 1211 1593 αὐτοὺς
1261 1530 1535 1593 ἐϐούλετο,
1570 1532 1630 1584 ού
1681 1532 1839 1601 μόνον
1868 1530 1961 1583 δύο
1994 1534 2086 1584 καὶ

402 1610 589 1676 τρεῖς,
625 1608 739 1661 ἀλλ’
783 1610 904 1662 οὐδὲ
958 1610 1152 1663 ἐκατὸν
1196 1606 1337 1681 ἦσαν
1385 1609 1565 1663 ἱκαναὶ
1613 1611 1909 1681 μάχαιραι·
1943 1612 1991 1662 εἰ
2029 1610 2085 1663 δὲ

402 1686 507 1739 οὐκ
534 1685 784 1740 ἐϐούλετο
815 1687 1131 1760 ἀνθρωπίνῃ
1164 1687 1385 1759 βοηθείᾳ
1414 1688 1612 1751 αὐτοὺς
1637 1688 1970 1758 κεχρῆσθαι,
1991 1688 2084 1740 καί

402 1767 458 1818 αἱ
486 1763 579 1818 δύο
623 1766 892 1837 περιτταί.
955 1766 1093 1819 Ἀλλ’
1144 1767 1291 1836 ὅμως
1325 1766 1477 1839 {I86}
1521 1768 1622 1820 οὑκ
1680 1767 1978 1835 ἐξεκάλυψε
2023 1767 2084 1820 τὸ

404 1843 673 1913 αἴνιγμα·
727 1845 821 1897 καὶ
850 1843 959 1915 γάρ
1022 1843 1289 1914 πολλαχοῦ
1356 1845 1604 1913 φαίνεται
1675 1844 1834 1897 τοῦτο
1891 1844 2079 1897 ποιῶν·

405 1920 625 1973 ἐπειδάν
652 1922 728 1993 μὴ
765 1923 999 1992 νοήσωσι
1034 1921 1095 1974 τὸ
1126 1922 1331 1991 λεχθὲν,
1362 1921 1696 1993 παρατρέχει
1728 1924 1824 1975 καὶ
1852 1923 2078 1992 ἀφίησι,

404 2004 473 2071 τῇ
504 2001 613 2054 τῶν
651 2002 994 2072 πραγμάτων
1022 2002 1245 2055 ἐκϐάσει
1280 2001 1388 2055 τῶν
1420 2003 1556 2072 μετά
1579 2001 1748 2053 ταῦτα
1778 2002 1876 2071 τήν
1909 2018 2079 2054 κατα-

406 2081 594 2150 νόησιν
619 2080 729 2133 τῶν
759 2081 1064 2152 εἰρημένων
1104 2080 1414 2149 ἐπιτρέπων
1457 2079 1643 2132 λοιπόν
1662 2098 1675 2111 ·
1702 2080 1838 2149 ὅπερ
1867 2076 1960 2133 οὖν
1986 2082 2080 2135 καὶ

403 2158 635 2228 ἀλλαχοῦ
682 2158 927 2229 ἐποίησε.
965 2158 1072 2212 Kal
1099 2158 1204 2229 γάρ
1236 2159 1365 2228 περί
1396 2158 1495 2227 τῆς
1528 2159 1879 2223 ἀναστάσεως
1912 2158 2078 2212 αὑτοῦ

403 2236 817 2307 διαλεγόμενος.
872 2237 1014 2291 οὕτω
1064 2254 1181 2300 πως
1226 2236 1378 2303 ἔλεγε
1402 2251 1413 2264 ·
1474 2238 1714 2290 Λύσατε
1764 2238 1870 2289 τὸν
1928 2239 2080 2291 ναὸν

403 2314 647 2379 τοῦτον,
707 2314 804 2367 καὶ
846 2315 917 2368 ἐν
964 2313 1163 2382 τρισὶν
1210 2314 1458 2383 ἡμέραις
1504 2314 1688 2384 ἐγερῶ
1723 2316 1931 2368 αὐτὸν.
1970 2318 2078 2369 Kal

399 2393 549 2462 ὅμως
574 2393 675 2445 οὐκ
697 2392 917 2463 ᾔδεισαν
949 2394 997 2445 οἰ
1031 2392 1269 2463 μαθηταί
1305 2393 1365 2444 τὸ
1392 2393 1682 2463 λεγόμενον
1707 2409 1719 2423 ·
1752 2396 1847 2447 καὶ
1873 2397 1953 2449 ὅτι
1977 2396 2078 2448 οὐκ

398 2472 638 2541 ᾔδεισαν,
672 2474 699 2524 6
726 2472 1117 2540 εὐαγγελιστὴς
1153 2473 1573 2542 ἐπεσημήνατο,
1605 2472 1777 2540 λέγων
1798 2489 1811 2502 ·
1845 2473 1981 2527 Ὅτε
2008 2473 2077 2526 δὲ

399 2548 626 2617 ἀνέστη
663 2553 694 2602 ὀ
732 2550 991 2616 Ἰησοῦς,
1022 2552 1154 2603 τότε
1181 2551 1555 2603 ἐπίστευσαν
1574 2549 1653 2615 τῷ
1680 2553 1839 2620 λόγῳ
1863 2552 2071 2616 αὑτοῦ,

400 2626 501 2680 καὶ
534 2625 608 2695 τῇ
639 2626 868 2696 Γραφῆ.
923 2628 1033 2681 Kal
1072 2627 1231 2681 πάλιν
1280 2628 1544 2698 ἀλλαχοῦ·
1586 2627 1740 2682 Οὐδὲ
1776 2631 1886 2698 γὰρ
1918 2629 2076 2700 ᾔδει-

399 2723 523 2759 σαν
541 2747 555 2771 ,
588 2706 676 2759 ὅτι
707 2706 804 2759 δεῖ
826 2706 1013 2760 αὑτὸν
1039 2706 1107 2760 ἐκ
1136 2706 1367 2774 νεκρῶν
1392 2707 1752 2774 ἀναστῆναι.

465 2793 528 2848 δ’.
560 2793 720 2847 Ἀλλά
752 2793 811 2847 τὸ
843 2794 940 2864 μὲν
967 2794 1188 2865 ζήτημα
1225 2792 1413 2864 ἱκανὴν
1439 2793 1552 2864 ἔχει
1575 2794 1675 2864 τὴν
1702 2793 1877 2846 λύσιν·
1911 2795 2073 2865 ἡμεῖς

396 2871 454 2925 δὲ
482 2871 575 2924 ἐπὶ
596 2871 656 2924 τὸ
687 2871 1007 2941 λειπόμενον
1036 2870 1137 2941 τῆς
1175 2873 1528 2942 προσρήσεως
1548 2883 1574 2911 ι
1612 2871 1773 2942 μέρος
1802 2872 1892 2924 τὸν
1918 2873 2073 2941 λόγον

397 2949 713 3019 ἀγάγωμεν.
757 2949 823 3002 Τί
864 2949 982 3002 ποτ’
1015 2946 1107 3003 οὖν
1157 2953 1272 3003 ἐστι
1310 2950 1371 3004 τὸ
1418 2950 1741 3020 λεγόμενον,
1783 2952 1877 3003 καὶ
1909 2952 2071 3007 πόθεν

395 3030 478 3090 εἰς
528 3027 701 3081 ταῦτα
754 3026 1055 3097 ἐξέϐημεν;
1113 3025 1550 3099 Ἐμακαρίζομεν
1591 3029 1689 3099 τὴν
1742 3030 2071 3099 Πρίσκιλλαν

397 3106 495 3159 καὶ
522 3106 615 3160 τὸν
666 3105 897 3160 Ἀκύλαν
920 3144 934 3169 ,
962 3106 1043 3157 ὅτι
1078 3106 1353 3177 συνῴκουν
1377 3107 1455 3177 τῷ
1488 3108 1682 3178 Παύλῳ
1702 3149 1715 3168 ,
1749 3109 1828 3161 ὅτι
1862 3112 1953 3163 καὶ
1980 3112 2071 3165 τὸν

397 3184 600 3254 τρόπον
638 3187 737 3255 τῆς
774 3183 963 3254 στολῆς
986 3224 1000 3248 ,
1053 3185 1148 3238 καί
1179 3185 1269 3236 τὸν
1309 3186 1508 3256 τρόπον
1537 3187 1646 3241 τῶν
1675 3187 2067 3258 ὑποδημάτων,

397 3262 493 3316 καὶ
540 3262 607 3315 τά
646 3263 777 3319 ἀλλα
816 3262 1031 3317 ἅπαντα
1078 3264 1216 3333 μετά
1268 3265 1553 3335 ἀκριϐείας
1599 3266 1764 3319 αὐτοῦ
1797 3270 2069 3339 κατεμάν-

395 3339 578 3419 θανον.
640 3339 920 3394 Ἐντεῦθεν
951 3341 1010 3393 τὸ
1037 3338 1256 3413 ζήτημα
1296 3345 1429 3413 ήμϊν
1458 3344 1649 3414 ἐτέχθη
1692 3344 1871 3399 τοῦτο.
1912 3338 2071 3419 Ἐξη-

394 3418 596 3490 τοῦμεν
630 3420 768 3491 γάρ,
803 3419 948 3483 τίνος
984 3420 1191 3484 ἕνεκεν,
1221 3420 1315 3475 τοῦ
1355 3422 1591 3493 Χριστοῦ
1634 3418 2069 3497 ἀπαγορεύοντος

401 3498 568 3569 μηδὲν
591 3498 728 3561 ὅλως
772 3498 948 3568 ἔχειν,
994 3500 1043 3551 εἰ
1086 3499 1161 3571 μὴ
1196 3499 1355 3570 μόνον
1387 3502 1627 3572 ἰμάτιον,
1660 3504 1943 3570 ἐφαίνοντο
1973 3508 2068 3561 καὶ

396 3575 722 3644 ὑποδήματα
770 3578 864 3629 καὶ
919 3575 1147 3647 φελόνην
1200 3577 1434 3648 ἔχοντες.
1491 3575 1626 3632 Εἶτα
1675 3581 1705 3632 6
1756 3580 1914 3651 λόγος
1960 3585 2067 3638 ἀπ-

394 3651 630 3720 έδειξεν,
663 3654 743 3706 ὅτι
767 3654 830 3707 οὐ
853 3654 1281 3725 παραϐαίνοντες
1308 3657 1400 3711 τὸν
1424 3657 1608 3727 νόμον,
1644 3657 1780 3711 ἀλλά
1808 3660 1903 3713 καὶ
1941 3663 2068 3730 σφό-

393 3730 495 3801 δρα
543 3730 837 3803 τηροῦντες
887 3731 1098 3796 τούτοις
1144 3733 1403 3805 ἐχρῶντο.
1453 3734 1639 3789 Ταῦτα
1684 3736 1742 3789 δὲ
1776 3738 2062 3808 ἐλέγομεν,

391 3808 493 3861 οὐκ
525 3811 606 3874 εἰς
653 3809 970 3882 περιουσίαν
1017 3812 1316 3883 χρημάτων
1363 3814 1508 3884 ὑμᾶς
1560 3814 1904 3884 ἀλείφοντες,
1943 3820 2066 3872 οὐδὲ

393 3889 836 3959 παρακαλοῦντες
881 3889 1052 3943 πλείω
1097 3891 1197 3961 τῆς
1229 3891 1417 3962 χρείας
1454 3893 1788 3963 κεκτῆσθαι,
1823 3896 1938 3949 ἀλλ’
1977 3899 2064 3952 ἵνα

391 3965 551 4037 ἔχητε
579 3968 717 4039 πρὸς
767 3969 896 4032 τοὺς
925 3969 1192 4032 ἀπίστους
1216 3969 1515 4038 ἀντιλέγειν
1543 3973 1667 4031 τοὺς
1688 3972 2065 4044 διαχλευάζον·

390 4061 488 4125 τας
510 4044 580 4098 τά
599 4046 860 4125 ἡμέτερα.
892 4046 999 4099 Kal
1027 4045 1135 4117 γάρ
1168 4048 1197 4099 6
1225 4047 1459 4125 Χριστὸς
1486 4048 1655 4112 λύσας
1680 4051 1770 4104 τὸν
1800 4054 2062 4125 πρότερον

389 4124 589 4193 νόμον,
614 4124 734 4195 οὐχὶ
770 4126 946 4187 οἰκίας
965 4163 980 4185 ,
1008 4125 1129 4178 οὐδὲ
1160 4124 1466 4196 ἀνδράποδα
1486 4166 1499 4190 ,
1542 4128 1666 4181 οὐδὲ
1701 4130 1907 4195 κλίνας,
1941 4124 2061 4187 οῦδὲ

391 4204 801 4278 ἀργυρώματα,
847 4205 967 4258 οὑδὲ
1015 4205 1142 4261 ἀλλο
1187 4223 1239 4258 τι
1286 4206 1521 4261 τοιοῦτον
1577 4210 1726 4263 οὐδὲν
1778 4213 2061 4268 ἐκέλευσεν

391 4283 554 4364 ἐχειν,
584 4285 720 4364 ἀλλά
739 4284 1109 4364 τῆςᾉὼιάγκης
1126 4284 1593 4364 ἀπηλλάχθαιτῶν
1626 4288 1886 4362 πρότερον
1912 4294 2062 4364 εἰρη-

394 4363 589 4432 μένων.
622 4362 732 4415 Kal
768 4364 796 4415 6
830 4361 1037 4425 Παῦλος
1068 4361 1124 4414 δὲ
1161 4361 1306 4415 οὕτω
1337 4363 1568 4434 παρῄνει
1605 4364 1810 4434 λέγων·
1848 4361 2060 4439 Ἔχρμ.

390 4458 488 4509 τες
533 4444 753 4511 τροφὰς
801 4443 896 4496 καί
940 4441 1368 4512 σκεπάσματα.
1411 4445 1645 4511 τούτοις
1689 4446 2059 4518 ἀρκεσθησό.

384 4525 557 4589 μεθα.
604 4521 678 4574 Τὸ
717 4521 827 4593 γὰρ
859 4521 1110 4599 περιττὸν
1138 4522 1234 4592 τῆς
1259 4522 1455 4599 χρείας
1501 4524 1583 4599 εἰς
1614 4525 1739 4589 τοὺς
1769 4526 2058 4599 δεομένους

392 4599 774 4654 ἀναλίσκεσθαι
801 4600 910 4653 δεῖ·
944 4598 1193 4669 καθάπερ
1225 4596 1316 4653 οὖν
1347 4600 1439 4654 καὶ
1470 4595 1614 4655 οὗτοι
1647 4595 1883 4671 ἐποίουν,
1918 4608 2054 4679 Πρί-

392 4676 581 4732 σκιλλα
629 4678 722 4730 καὶ
782 4677 1027 4740 Ἀκύλας.
1064 4676 1262 4749 Διόπερ
1309 4678 1508 4742 αὐτοὺς
1534 4682 1748 4734 ἐπαινεῖ
1790 4685 1883 4738 καὶ
1923 4676 2047 4740 θαυ-

392 4756 583 4826 μάζει,
625 4755 719 4809 καὶ
762 4756 1014 4825 μέγιστον
1057 4755 1235 4808 αὐτῶν
1287 4755 1600 4828 συντίθησιν
1633 4760 1928 4831 ἐγκώμιον.
1966 4765 2057 4817 Εἰ-

390 4844 507 4899 πὼν
527 4844 657 4913 γὰρ,
704 4841 1087 4897 Ἀσπάσασθε
1118 4838 1495 4904 Πρίσκιλλαν
1519 4839 1618 4892 καὶ
1655 4840 1907 4898 Ἀκύλαν
1927 4847 2066 4915 τοὺς

391 4924 730 4993 συνεργούς
770 4939 889 4989 μου
927 4921 996 4971 ἐν
1034 4918 1248 4985 Κυρίῳ,
1280 4918 1372 4969 καὶ
1404 4919 1503 4987 τὴν
1538 4918 1717 4972 αἰτίαν
1756 4921 1937 4994 τίθησι
1968 4926 2071 4995 τῆς

395 5001 644 5070 τοιαύτης
684 5000 922 5069 ἀγάπης.
961 4997 1127 5050 Ποίαν
1154 4996 1228 5074 δὴ
1254 4996 1481 5074 ταύτην;
1515 4998 1745 5065 οἵτινες
1778 5002 1930 5071 ὑπὲρ
1958 4998 2070 5074 τῆς

394 5078 603 5151 ψυχῆς
629 5094 771 5147 μου,
813 5075 967 5145 φησὶ,
1001 5074 1108 5127 τὸν
1139 5073 1369 5128 ἑαυτῶν
1401 5074 1709 5143 τράχηλον
1734 5079 2064 5148 ὑπέθηκαν.

393 5158 605 5215 Οὐκοῦν
628 5157 716 5210 διὰ
745 5154 906 5209 τοῦτο
936 5153 1133 5215 αὐτοὺς
1161 5153 1380 5225 ἀγαπᾷς
1409 5154 1505 5207 καὶ
1535 5155 1730 5226 φιλεῖς,
1765 5157 1896 5223 ἴσως
1921 5159 2065 5218 εἴποι

382 5242 545 5307 τιςδς
580 5240 830 5296 Μάλιστα
863 5238 962 5310 μὲν
986 5233 1079 5291 οὖν
1101 5254 1115 5268 ·
1147 5239 1195 5291 εἰ
1222 5239 1316 5291 καί
1343 5238 1502 5293 τοῦτο
1530 5242 1691 5311 μόνον
1712 5239 1780 5314 ἦν
1800 5286 1815 5308 ,
1846 5246 2052 5316 ἀρκοῦν

384 5322 656 5395 ἐγκώμιον
678 5318 766 5395 ἦν.
818 5322 877 5375 'O
904 5321 1011 5391 γὰρ
1038 5320 1128 5373 τὸν
1153 5322 1455 5392 στρατηγὸν
1489 5322 1698 5388 σώσας,
1729 5327 1855 5391 τοὺς
1884 5346 2050 5400 στρα-

387 5406 586 5469 τιώτας
627 5406 883 5459 διέσωσεν
922 5405 986 5459 ἄν
1006 5421 1019 5435 ·
1063 5406 1093 5457 6
1119 5404 1207 5457 τὸν
1251 5404 1434 5477 ἰατρὸν
1464 5406 1780 5474 ἀπαλλάξας
1802 5411 1910 5465 τῶν
1942 5430 2053 5468 κιν-

382 5489 581 5553 δύνων,
630 5490 755 5553 τοὺς
804 5488 1112 5559 κάμνοντας
1159 5488 1240 5551 είς
1263 5488 1451 5556 ὑγείαν
1496 5491 1872 5562 ἐπανήγαγεν·
1902 5497 1931 5548 6
1959 5497 2051 5552 τὸν

382 5572 721 5644 κυϐερνήτην
763 5570 1074 5642 ἐξαρπάσας
1104 5571 1199 5624 τοῦ
1247 5570 1544 5661 κλύδωνος,
1595 5574 1657 5627 τὸ
1701 5576 1881 5631 πλοῖον
1927 5578 2049 5635 ὅλον

444 5693 474 5724 ⁸
497 5693 579 5740 εκ
599 5691 797 5741 Coislin.
818 5695 969 5740 recte.
997 5691 1048 5740 In
1070 5690 1241 5741 [ore].
1266 5692 1429 5803 «ﬁmo
1448 5694 1650 5761 ῥήσεως,
1672 5710 1951 5763 perperam.

444 5748 473 5793 δ
496 5752 641 5802 Forte
664 5753 926 5803 legendum
944 5750 1063 5803 ῐσως
1088 5751 1210 5800 duo:
1229 5771 1297 5803 τις
1385 5789 1400 5803 .

441 5748 473 5793 δ
496 5752 641 5802 Forte
664 5753 926 5815 legendum
944 5750 1063 5808 ῐσως
1088 5751 1210 5800 duo:
1229 5748 1400 5811 τιςῖνξ

1223 323 1277 380 S.
1322 325 1606 385 JOANNIS
1640 331 2131 389 CHRYSOSTOMI
2168 334 2488 397 ARCIIIEP.
2526 338 3076 398 CONSTANTINOP.

3741 343 3888 405 ,τος

2212 439 2322 495 τῶν
2365 443 2623 513 κυμάτων
2674 443 3005 515 ἀπήλλαξεν·
3032 444 3176 500 οὕτω
3226 448 3319 502 καὶ
3354 451 3403 504 οἰ
3445 451 3539 505 τὸν
3572 451 3891 511 διδάσκαλον

2211 526 2309 596 τῆς
2361 525 2683 598 οἰκουμένης
2736 528 3131 594 διασώσαντες,
3164 532 3261 583 καὶ
3306 532 3367 586 τὸ
3406 528 3552 604 αἷμα
3587 535 3652 590 τδ
3689 537 3887 595 ἑαυτῶν

2210 608 2499 688 ἐκχέαντες
2525 610 2669 681 ὑπὲρ
2699 610 2798 681 τῆς
2829 612 3039 665 ἐκείνου
3070 614 3363 685 σωτηρίας,
3392 616 3564 670 κοινοὶ
3587 617 3696 688 τῆς
3716 622 3882 674 οἰκου-

2211 691 2377 759 μένης
2413 686 2553 762 ῆσαν
2591 693 2876 763 εὐεργέται
2897 734 2913 759 ,
2944 696 3002 748 ἐν
3025 698 3091 766 τῇ
3128 697 3255 765 περί
3292 696 3384 751 τὸν
3404 686 3734 754 διδάσκαλον
3762 721 3879 774 προ-

2207 774 2326 844 νοίᾳ.
2376 776 2504 838 τοὺς
2569 775 2817 848 μαθητάς
2887 778 3135 843 ἅπαντας
3189 779 3578 845 διασώσαντες.
3632 784 3757 838 Ἵνα
3835 787 3882 840 δέ

2209 859 2386 931 μάθῃς
2406 898 2421 923 ,
2454 861 2535 914 ὅτι
2564 862 2623 914 οὐ
2658 862 2787 931 περί
2818 860 2911 914 τδν
2938 862 3256 916 διδάσκαλον
3283 859 3421 934 ἦσαν
3444 864 3683 919 τοιοῦτοι
3711 868 3880 937 μόνον,

2203 941 2339 995 ἀλλά
2376 942 2469 995 καὶ
2520 943 2649 1013 περὶ
2688 943 2798 996 τῶν
2849 943 3093 1013 ἀδελφῶν
3142 946 3241 1015 τὴν
3288 946 3458 1018 αὐτὴν
3503 948 3883 1007 ἐπεδείκνυντο

2202 1024 2460 1092 πρόνοιαν
2479 1065 2494 1088 ,
2524 1026 2755 1079 ἄκουσον
2785 1025 2895 1079 τῶν
2921 1026 3069 1097 ἑξῆς.
3098 1026 3281 1080 Εἰπὼν
3306 1029 3436 1097 γὰρ,
3471 1032 3712 1098 οἵτινες
3740 1034 3880 1103 ὑπὲρ

2200 1106 2312 1173 τῆς
2355 1107 2567 1178 ψυχῆς
2602 1126 2721 1178 μου
2773 1109 2881 1162 τὸν
2908 1108 3138 1163 ἑαυτῶν
3183 1110 3493 1179 τράχηλον
3541 1115 3871 1183 ὑπέθηκαν,

2200 1191 2444 1260 ἐπήγαγε
2478 1191 2651 1259 λέγων
2674 1207 2685 1220 ·
2714 1186 2815 1258 Οἷς
2842 1194 2955 1246 οὐκ
2974 1191 3090 1262 ἐγὼ
3115 1194 3304 1262 μόνος
3330 1196 3700 1264 εὐχαριστῶ.
3725 1199 3871 1255 ἀλλὰ

2199 1275 2295 1326 καί
2330 1272 2519 1328 πᾶσαι
2538 1276 2597 1328 αι
2641 1275 2984 1340 Ἐκκλησίαι
3011 1274 3130 1329 τῶν
3159 1276 3371 1332 ἐθνῶν.
3392 1277 3543 1350 [187]
3577 1280 3645 1331 Τί
3668 1280 3876 1349 λέγεις;

2200 1361 2562 1427 σκηνοποιοῖς,
2581 1362 2817 1429 πτωχοῖς
2831 1360 3215 1430 χειροτέχναις,
3239 1361 3390 1414 οὐδὲν
3410 1361 3575 1415 πλέον
3589 1364 3694 1433 τῆς
3717 1367 3878 1435 ἀναγ-

2196 1441 2357 1503 καίας
2389 1438 2570 1510 ἔχουσι
2610 1443 2845 1512 τροφῆς,
2891 1443 3061 1495 πᾶσαι
3109 1444 3167 1495 αἰ
3214 1444 3532 1514 Ἐκκλησίαι
3567 1447 3679 1498 τῶν
3713 1448 3878 1503 ἐθνῶν

2196 1523 2609 1593 εὑχαριστοῦσις
2649 1525 2746 1577 καὶ
2775 1525 2828 1578 τί
2872 1524 3125 1579 τοσοῦτον
3153 1527 3202 1580 οἰ
3229 1527 3322 1580 δύο
3357 1519 3507 1581 οὗτοι
3545 1530 3876 1602 Ἐκκλησίας

2193 1607 2460 1669 τοσαύτας
2486 1607 2758 1678 ὠφελῆσαι
2792 1610 3051 1677 ἴσχυσαν;
3086 1609 3245 1663 ποίαν
3267 1611 3570 1682 χρημάτων
3604 1609 3757 1683 εἶχον
3780 1629 3873 1665 πε-

2195 1690 2475 1759 ριουσίαν;
2501 1692 2651 1743 ποῖον
2676 1689 2995 1754 δυναστείας
3029 1692 3289 1761 μέγεθος;
3316 1694 3440 1748 τίνα
3472 1695 3625 1764 παρά
3647 1695 3873 1766 ἄρχουσι

2194 1773 2542 1844 παρῤησίαν;
2587 1774 2901 1843 Χρημάτων
2935 1774 3035 1844 μὲν
3077 1776 3395 1846 περιουσίαν
3425 1778 3520 1831 καὶ
3552 1778 3872 1832 δυναστείαν

2192 1859 2343 1929 παρά
2378 1860 2491 1920 τοῖς
2525 1857 2817 1927 κρατοῦσιν
2840 1858 2941 1912 οὐκ
2974 1859 3286 1929 ἐκέκτηντο·
3321 1860 3350 1913 6
3381 1861 3438 1914 δέ
3460 1861 3670 1914 τούτων
3706 1863 3869 1916 ἀπάν-

2190 1957 2297 1994 των
2347 1941 2530 2011 μείζον
2571 1937 2660 2012 ἦν,
2706 1942 3015 2011 προθυμίαν
3057 1943 3312 2009 γενναίαν
3366 1944 3461 1996 καὶ
3511 1944 3698 2014 ψυχὴν
3742 1945 3869 2015 πρὸς

2190 2024 2466 2089 κινδύνους
2491 2024 2980 2095 παρατεταγμένην
3010 2025 3150 2096 μετά
3178 2026 3377 2097 πολλῆς
3415 2027 3514 2096 τῆς
3543 2027 3865 2096 περιουσίας

2188 2103 2352 2177 εἶχον.
2378 2109 2475 2160 Διά
2487 2106 2646 2161 τοῦτο
2672 2106 2880 2160 πολλῶν
2902 2108 3188 2178 εὐεργέται
3211 2108 3458 2176 ἐγένοντο
3481 2109 3578 2161 καὶ
3602 2111 3864 2181 σωτῆρες.

2187 2196 2263 2247 Οὑ
2285 2194 2393 2265 γὰρ
2427 2194 2597 2257 οὕτως
2626 2195 2675 2248 οἰ
2704 2194 3059 2266 πλουίτοῦντες
3092 2196 3186 2248 καὶ
3206 2193 3489 2264 ψοφοδεεῖς
3520 2195 3598 2258 ὡς
3624 2196 3675 2247 οἱ
3709 2196 3866 2265 πενία

2187 2282 2457 2345 συζῶντες
2480 2282 2574 2335 καὶ
2608 2281 2976 2353 μεγαλόψυχοι
3014 2281 3112 2345 τὰς
3155 2282 3487 2351 Ἐκκλησίας
3513 2281 3749 2351 ὠφελεῖν
3776 2282 3862 2335 δύ-

2186 2370 2353 2421 ναιντ’
2397 2369 2480 2424 ἀν.
2514 2368 2624 2422 Kal
2656 2368 2843 2440 μηδεὶς
2875 2367 3172 2440 παράδοξον
3204 2364 3346 2423 εἶναι
3390 2368 3662 2440 νομιζέτω
3690 2368 3755 2423 τὸ
3779 2369 3861 2422 λε-

2184 2458 2453 2527 γόμενον·
2501 2456 2699 2527 ἀληθὲς
2750 2455 2859 2527 γάρ
2910 2457 3058 2522 ἐστι,
3110 2457 3207 2510 καί
3254 2457 3350 2510 ἀπ’
3378 2455 3559 2510 αὑτῶν
3594 2457 3861 2512 δείκνυται

2183 2545 2293 2598 τῶν
2324 2544 2685 2615 πραγμάτων.
2731 2545 2791 2596 Ὀ
2828 2544 2925 2611 μὲν
2952 2543 3062 2614 γάρ
3100 2541 3355 2607 πλούσιος
3386 2543 3590 2609 πολλὰς
3622 2544 3741 2615 ἔχει
3770 2544 3859 2598 τοῦ

2185 2630 2671 2701 παραϐλάπτεσθαι
2696 2631 2796 2696 τάς
2819 2630 3012 2695 λαϐάς.
3045 2631 3293 2686 Δέδοικεν
3317 2631 3458 2702 ὑπὲρ
3480 2631 3689 2696 οἰκίας,
3726 2633 3862 2702 ὑπὲρ

2182 2720 2430 2783 οἰκετῶν,
2464 2720 2603 2791 ὑπὲρ
2634 2718 2841 2791 ἀγρῶν,
2868 2718 3010 2790 ὑπὲρ
3041 2720 3375 2789 χρημάτων,
3410 2718 3485 2791 μή
3511 2735 3596 2783 τις
3620 2720 3787 2772 αὑτόν
3813 2737 3860 2772 τι

2179 2807 2387 2861 τούτων
2416 2807 2709 2878 ἀφέληται.
2749 2805 2858 2861 Καὶ
2882 2806 2944 2859 τὸ
2969 2805 3184 2860 πολλῶν
3227 2800 3369 2860 εἶναι
3393 2805 3615 2877 κύριον,
3652 2806 3861 2859 πολλῶν

2182 2889 2321 2947 εἶναι
2369 2892 2552 2946 δοῦλον
2594 2894 2758 2946 ποιεῖ.
2823 2893 2884 2945 '0
2935 2891 3120 2961 μέντοι
3160 2891 3365 2962 πένης,
3395 2890 3633 2956 εὖζωνός
3662 2908 3752 2956 τις
3787 2892 3860 2944 ὣν

2181 2982 2277 3035 καὶ
2319 2982 2500 3044 πάσας
2545 2979 2750 3045 ταύτας
2796 2979 3131 3050 ἀποθέμενος
3173 2978 3275 3043 τάς
3320 2977 3527 3045 λαϐάς,
3568 2979 3711 3032 λέων
3745 2980 3859 3033 ἐστὶ

2181 3068 2293 3140 πῦρ
2320 3069 2519 3133 πνέων,
2559 3067 2657 3121 καὶ
2686 3067 2867 3138 ψυχὴν
2894 3066 3007 3137 ἔχει
3042 3066 3330 3135 γενναίαν,
3376 3066 3473 3121 καὶ
3521 3067 3746 3120 πάντων
3780 3066 3856 3132 ἐξ·

2179 3154 2537 3224 ἀνιστάμενος
2566 3153 2764 3225 ῥᾳδίως
2806 3152 3023 3208 ἅπαντα
3067 3152 3299 3221 πράττει
3343 3152 3413 3208 τά
3449 3152 3730 3221 δυνάμενα
3764 3152 3858 3215 τὰς

2192 3242 2517 3314 Ἐκκλησίας
2545 3240 2804 3310 ὠφελεῖν,
2835 3239 2937 3295 κᾶν
2966 3238 3182 3310 ἐλέγξαι
3204 3240 3299 3311 δέῃ
3321 3279 3337 3303 ,
3363 3239 3466 3294 κάν
3500 3240 3853 3310 ἐπιτιμῆσαι,

2178 3328 2283 3382 κάν
2329 3327 2530 3400 μυρίας
2570 3326 2659 3382 διά
2693 3328 2786 3381 τὸν
2832 3326 3068 3399 Χριστὸν
3112 3326 3474 3393 ἀναδέξασθαι
3519 3326 3856 3397 ἐπαχθεωςο

2177 3416 2271 3470 καὶ
2322 3416 2511 3487 ἐπειδὴ
2555 3415 2707 3482 ἅπαξ
2757 3417 2857 3487 τῆς
2910 3415 3059 3486 ζωῆς
3097 3415 3346 3487 ὑπερεῖδε
3388 3416 3490 3487 τῆς
3538 3415 3853 3487 παρούσης.

2176 3504 2357 3558 πάντα
2396 3502 2595 3576 ῥᾳδίως
2628 3503 2721 3557 καὶ
2758 3501 2898 3573 μετά
2942 3502 3145 3573 πολλῆς
3173 3504 3321 3556 ποιεῖ
3342 3503 3441 3574 τῆς
3474 3502 3753 3565 εὐκολίας.
3792 3502 3856 3555 Τί

2175 3591 2285 3661 γὰρ
2320 3594 2414 3646 καὶ
2440 3591 2676 3646 δέδοικεν
2695 3635 2709 3657 ,
2752 3592 2873 3645 εἰπέ
2904 3608 3024 3661 μοι;
3060 3589 3153 3661 Μή
3195 3608 3279 3655 τις
3306 3590 3469 3645 αὐτοῦ
3495 3590 3565 3643 τά
3594 3591 3856 3660 χρήματα

2174 3679 2478 3749 ἀφέληται;
2535 3677 2674 3731 Ἀλλ’
2720 3678 2821 3732 οὑκ
2852 3677 2968 3731 ἔστι
3016 3676 3175 3730 τοῦτο
3204 3679 3400 3732 εἰπεῖν.
3448 3676 3609 3729 Ἀλλά
3647 3676 3725 3747 μὴ
3756 3676 3852 3745 τῆς

2175 3768 2431 3838 πατρίδος
2471 3765 2710 3836 ἐκπέση;
2778 3765 2939 3818 Ἀλλά
2993 3766 3144 3818 πᾶσα
3190 3766 3224 3836 ή
3279 3767 3370 3818 ὑπ’
3404 3764 3637 3836 οὐρανὸν
3699 3765 3853 3827 πόλις

2172 3855 2322 3924 αὑτῷ
2358 3857 2504 3908 ἐστιν
2524 3864 2571 3909 ⁸.
2614 3853 2774 3907 Ἀλλά
2805 3854 2880 3924 μή
2905 3853 3000 3921 τῆς
3028 3854 3242 3925 τρυφῆς
3270 3853 3431 3906 αὐτόν
3460 3870 3547 3916 τις
3574 3852 3850 3924 nep;an

2172 3944 2266 3998 καὶ
2309 3944 2407 4015 τῆς
2447 3942 2810 4014 δορυφορίας;
2861 3941 3023 3995 Ἀλλά
3059 3942 3154 3995 καὶ
3184 3941 3400 4005 τούτοις
3430 3941 3603 3995 ἅπασι
3635 3942 3851 4012 χαίρειν

2172 4031 2377 4099 εἰπὼν,
2404 4032 2462 4083 ἐν
2492 4030 2706 4102 οὐρανῷ
2734 4029 3095 4092 πολιτεύεται,
3126 4030 3221 4082 καὶ
3252 4029 3389 4101 πρὸς
3417 4028 3514 4100 τὴν
3546 4029 3850 4096 μέλλουσαν

2170 4120 2453 4187 ἐπείγεται
2497 4117 2664 4187 ζωήν.
2692 4116 2811 4170 Κάν
2849 4117 3020 4187 αὐτὴν
3053 4116 3330 4170 ἐπιδοῦναι
3356 4115 3451 4187 δέῃ
3487 4116 3589 4185 τήν
3630 4115 3846 4187 ψυχὴν,

2169 4206 2264 4260 καὶ
2299 4205 2359 4259 τδ
2387 4200 2527 4274 αἷμα
2561 4205 2914 4271 εἰσενεγκεῖν,
2945 4204 3005 4257 οὐ
3046 4204 3463 4275 παραιτήσεται.
3507 4202 3793 4256 Ἐντεῦθεν
3818 4204 3847 4255 6

2167 4293 2408 4355 τοιοῦτος
2450 4291 2545 4344 καὶ
2585 4292 2862 4362 τυράννων
2883 4332 2895 4356 ,
2931 4291 3027 4346 καὶ
3053 4290 3349 4359 βασιλέων,
3375 4290 3468 4345 καὶ
3514 4291 3728 4361 δήμων,
3753 4290 3845 4343 καὶ

2168 4380 2384 4434 πάντων
2430 4380 2547 4434 ἐστί
2577 4376 2947 4449 δυνατώτερος
2974 4396 3033 4431 τε
3066 4380 3161 4432 xal
3193 4377 3588 4450 εὐπορώτερος.
3616 4380 3727 4431 Kal
3763 4378 3841 4431 ἵνα

2169 4465 2347 4538 μάθῃς
2378 4467 2458 4520 ὅτι
2498 4467 2558 4519 οὐ
2603 4465 2859 4519 κολακεία
2891 4466 2952 4520 τὸ
2995 4465 3310 4537 λεγόμενον,
3352 4466 3469 4519 ἀλλ’
3508 4464 3763 4531 ἀληθῶς,
3794 4467 3839 4517 οί

2169 4554 2334 4624 μηδὲν
2368 4554 2726 4625 κεκτημένοι,
2764 4548 2908 4608 οῦτοι
2941 4553 3177 4623 μάλιστα
3210 4554 3429 4607 πάντων
3465 4553 3838 4627 ἐλευθεροστο-

2168 4646 2288 4711 μεῖν
2315 4642 2548 4696 δύναιντ’
2575 4642 2668 4703 ἂν,
2704 4641 2863 4694 πόσοι
2898 4640 3143 4694 πλούσιοι
3173 4642 3312 4695 κατὰ
3344 4642 3436 4694 τὸν
3476 4643 3668 4713 καιρὸν
3697 4637 3838 4712 ἦσαν

2176 4729 2447 4801 Ἡρώδους
2494 4726 2648 4781 πόσοι
2696 4728 2989 4794 δυνάσταις
3031 4727 3116 4792 τίς
3179 4728 3458 4799 παρῆλθεν
3505 4730 3587 4791 εἰς
3636 4730 3834 4798 μέσους

2162 4818 2243 4880 τίς
2290 4816 2588 4886 ἐπετίμησε
2632 4814 2711 4886 τῷ
2754 4817 3036 4887 τυράννῳ;
3095 4815 3174 4880 τίς
3213 4818 3419 4887 ήμυνεν
3467 4816 3834 4886 ἀδικουμένοις

2160 4908 2270 4966 τοῖς
2322 4903 2413 4957 τοῦ
2472 4901 2607 4956 Θεοῦ
2660 4902 2882 4973 νόμοις;
2929 4903 3051 4956 Τῶν
3095 4903 3194 4973 μὲν
3254 4903 3501 4975 εὐπόρων
3550 4904 3754 4966 οὐδείς·
3808 4905 3833 4955 6

2160 4991 2215 5043 δέ
2266 4990 2433 5060 πένης
2481 4989 2573 5043 καὶ
2609 4989 2842 5060 πτωχὸς,
2880 4991 2911 5042 6
2947 4990 3023 5061 μὴ
3068 4990 3292 5062 κλίνην,
3349 4994 3486 5062 μήτε
3533 4992 3831 5061 τράπεζαν,

2163 5079 2297 5149 μήτε
2365 5078 2562 5149 στέγην
2614 5077 2773 5149 έχων,
2824 5080 2854 5131 6
2887 5077 2987 5149 τῆς
3040 5078 3249 5151 ἐρήμου
3284 5080 3508 5149 πολίτης
3547 5081 3830 5148 Ἰωάννης,

2158 5160 2313 5229 οὗτος
2387 5165 2547 5235 μόνος
2608 5165 2702 5218 καὶ
2757 5165 2970 5237 πρῶτος
3033 5165 3173 5235 μετὰ
3237 5168 3551 5239 παρρησίας
3618 5169 3829 5235 ἀπάσης

2157 5252 2249 5306 τὸν
2305 5251 2566 5322 τύραννον
2621 5252 2850 5322 ἤλεγχε,
2922 5254 3015 5306 καὶ
3074 5254 3200 5319 τοὺς
3254 5255 3571 5325 μοιχαλίους
3639 5254 3826 5317 ἐξεκά-

2158 5340 2325 5393 λυπτε
2366 5338 2576 5410 γάμους
2594 5379 2611 5403 ,
2651 5341 2737 5394 καί
2790 5342 3076 5413 παρόντων
3141 5342 3395 5396 ἁπάντων
3442 5342 3538 5396 καί
3606 5342 3820 5395 ἀκουόν-

2157 5446 2294 5493 των,
2324 5427 2423 5499 τὴν
2459 5426 2930 5492 καταδικάζουσαν
2977 5428 3141 5484 αὐτὸν
3186 5429 3411 5501 ἐξέφερε
3463 5429 3664 5498 ψῆφον.
3718 5425 3827 5480 Καὶ

2158 5526 2266 5599 πρὸ
2316 5522 2505 5580 τούτου
2561 5523 2620 5577 δὲ
2674 5525 2834 5580 πάλιν
2870 5528 2899 5580 6
2954 5526 3128 5597 μέγας
3171 5526 3393 5592 Ἠλίας,
3440 5528 3538 5598 τῆς
3571 5525 3821 5597 μηλωτῆς

2159 5632 2329 5706 μηδὲν
2371 5629 2709 5704 κεκτημένος
2764 5630 2928 5686 πλέον
2948 5673 2963 5699 ,
3014 5632 3105 5686 τὸν
3149 5632 3322 5704 ἀσεϐῆ
3374 5635 3470 5687 καὶ
3512 5635 3820 5707 παράνομον

2222 5762 2247 5793 ε
2268 5761 2416 5813 8ιν11.
2438 5761 2491 5812 ἰιι
2512 5773 2664 5826 marg.
2689 5760 2810 5811 ἀλλὰ
2834 5759 2943 5824 μίαν
2967 5761 3083 5813 εἶναι
3108 5762 3283 5828 νομίζει
3308 5761 3395 5823 τήν
3411 5762 3526 5814 ἄνω.
