4006 6416
241 341 348 422 eat

241 468 435 508 aurem
483 450 560 506 eis
584 448 921 520 loquebatur,
955 449 1050 503 scd
1089 463 1233 518 sn-pe
1277 451 1330 502 in
1379 447 1503 502 altis
1551 447 1841 512 montibus,

242 555 298 598 et
332 544 386 596 iu
419 540 722 613 synagogis.
769 539 844 594 Ita
871 547 928 594 et
971 537 1059 592 hic
1103 538 1360 608 intellige.
1405 537 1535 593 Nam
1592 538 1731 592 sicut
1777 537 1845 592 ibi

240 635 524 689 audientes
563 639 722 692 tecta,
755 630 862 685 alio
905 629 1066 683 modo
1122 629 1506 692 intelleximus,
1538 630 1608 682 ita
1658 638 1711 682 et
1757 628 1844 684 hic

241 743 364 782 cum
391 725 601 796 gladios
630 723 878 778 audimus
899 763 912 787 ,
944 736 1012 777 ne
1043 731 1287 792 putemus
1315 737 1438 776 eum
1479 721 1704 791 jussisse
1745 720 1843 774 ha-

241 818 353 872 beri
381 815 622 887 gladios,
656 814 750 868 sed
805 828 900 883 per
943 812 1150 884 gladios
1203 813 1503 866 insinuasse
1562 813 1844 867 imminere

241 909 488 973 insidias,
513 917 567 962 et
593 921 873 977 passurum
901 919 960 961 se
990 920 1019 958 a
1046 903 1245 960 Judaais
1274 920 1390 973 qua:
1421 915 1476 957 et
1525 919 1711 973 passus
1736 912 1838 960 est.

240 1004 418 1072 Atque
468 1000 571 1055 huc
607 1015 672 1054 ex
723 998 1070 1067 sequentibus
1115 995 1453 1050 manifestum
1501 1005 1599 1050 est.
1625 995 1754 1048 Nam
1788 1005 1845 1050 ut

239 1093 369 1147 dixit
417 1091 704 1146 emendum
743 1089 1002 1160 gladium,
1035 1103 1158 1142 mox
1211 1087 1446 1156 adjecit:
1477 1087 1607 1151 Quia
1649 1097 1842 1159 oportet

240 1184 514 1254 aditnpleri
561 1199 620 1236 ea
654 1197 769 1254 qua:
807 1181 870 1235 de
917 1196 996 1233 me
1042 1189 1160 1233 sunt
1199 1181 1389 1249 scripta
1413 1179 1563 1247 (Luc.
1588 1179 1678 1232 2‘2.
1704 1181 1797 1249 57)
1821 1222 1836 1246 ,

241 1275 392 1344 Quod
411 1291 528 1329 cum
558 1273 741 1344 iniquis
767 1280 1031 1343 reputatus
1065 1286 1178 1324 sum
1219 1268 1370 1339 (lsai.
1401 1269 1576 1324 5512
1603 1271 1642 1339 ).
1673 1269 1839 1324 Disci-

239 1370 374 1439 pulis
401 1376 581 1423 autem
611 1364 932 1430 dicentibus,
961 1362 1062 1416 Hic
1079 1371 1194 1417 sunt
1211 1361 1312 1416 duo
1336 1361 1516 1432 gladii,
1547 1371 1600 1417 et
1622 1377 1726 1416 non
1755 1362 1838 1415 in-

237 1459 600 1530 telligentibus
627 1456 677 1512 id
705 1454 846 1526 quod
867 1454 1066 1510 dictum
1098 1452 1292 1520 fuerat,
1314 1452 1409 1519 ait,
1434 1451 1572 1507 Satis
1592 1462 1662 1505 est
1681 1450 1832 1522 (Luc.

237 1550 324 1607 2'2.
359 1550 471 1620 58).
506 1547 742 1604 Tametsi
787 1562 892 1600 non
940 1544 1070 1600 satis
1094 1551 1212 1599 erat
1239 1561 1253 1597 :
1282 1557 1456 1613 neque
1497 1542 1641 1597 enim
1671 1541 1835 1596 suli‘e-

236 1647 435 1702 cissent
453 1643 539 1698 vel
561 1641 690 1705 duo,
706 1639 789 1694 vel
814 1647 942 1703 tres,
965 1637 1049 1692 vel
1073 1647 1308 1701 centum,
1323 1635 1368 1689 si
1392 1633 1624 1688 humano
1638 1633 1836 1688 auxilio

238 1752 329 1791 eos
357 1736 434 1790 uti
466 1733 766 1797 voluisset;
798 1729 942 1801 quod
971 1729 1014 1782 si
1045 1727 1216 1782 noluit
1241 1741 1337 1782 eos
1378 1725 1612 1782 humano
1644 1726 1834 1795 praesi-

237 1826 324 1882 dio
351 1826 425 1880 uti
455 1866 469 1890 ,
501 1834 625 1878 sunt
653 1821 835 1893 utique
859 1829 916 1877 et
944 1820 998 1875 hi
1029 1819 1137 1875 duo
1164 1817 1443 1889 superflui.
1476 1816 1706 1872 Proinde
1749 1817 1836 1872 hic

238 1919 462 1989 :enigma
510 1930 616 1970 non
643 1913 924 1984 exposuit;
957 1911 1006 1967 id
1036 1910 1179 1982 quod
1222 1925 1366 1981 saepe
1415 1910 1592 1966 facere
1639 1910 1834 1980 depre-

238 2009 529 2073 henditur,
566 2015 623 2059 ut
653 2005 863 2076 quoties
915 2003 1056 2058 dicta
1105 2003 1284 2056 minus
1329 2001 1632 2070 intelligunt
1676 2000 1836 2056 disci-

239 2101 364 2172 puli,
396 2098 613 2154 eventui
667 2110 844 2152 rerum
883 2094 1147 2165 dictorum
1188 2092 1598 2162 intelligentiam
1647 2092 1832 2161 expla-

238 2191 463 2247 nandam
513 2189 820 2258 relinquens
845 2228 859 2254 ,
889 2193 1190 2256 praetereat.
1221 2184 1296 2238 lta
1327 2192 1381 2239 et
1416 2182 1543 2238 alibi
1571 2181 1716 2238 facit.
1757 2183 1834 2238 De

239 2282 632 2339 resurrectione
679 2279 820 2334 enim
877 2278 1180 2344 disserens,
1225 2277 1304 2331 sic
1353 2274 1608 2332 dicebat:
1643 2275 1835 2330 Solvite

237 2376 476 2448 templum
507 2375 637 2438 hoc,
664 2381 709 2426 et
738 2372 791 2425 in
837 2369 997 2424 tribus
1039 2369 1215 2424 diebus
1241 2370 1468 2423 excitabo
1494 2368 1624 2423 illud
1648 2366 1827 2442 (Joan.

237 2469 286 2523 2.
318 2469 407 2536 19)
439 2485 451 2520 :
488 2477 545 2522 et
595 2479 702 2518 non
732 2462 1102 2533 intelligebant
1129 2460 1376 2530 discipuli
1421 2459 1546 2531 quid
1593 2459 1829 2528 diceret,

236 2566 368 2619 sicut
406 2572 460 2618 et
513 2557 838 2631 evangelista
882 2564 1129 2622 testatur,
1159 2553 1342 2609 dicens
1373 2571 1385 2607 :
1419 2552 1638 2618 Quando
1667 2562 1833 2607 autem

237 2657 504 2713 resurrexit
537 2653 713 2719 Iesus,
739 2650 1058 2706 crediderunt
1111 2647 1256 2704 verba
1294 2648 1422 2718 ejus,
1468 2654 1514 2701 et
1545 2644 1833 2713 Scriptum

238 2747 336 2816 (ib.
364 2763 410 2800 υ.
441 2745 565 2816 22).
599 2744 667 2798 Et
693 2744 884 2797 iterum
926 2740 1053 2794 alibi
1084 2755 1097 2792 :
1137 2738 1383 2792 Nondum
1423 2739 1557 2792 enim
1584 2737 1826 2804 sciebant,

236 2841 362 2913 quod
385 2838 648 2911 Oportebat
675 2838 842 2906 ipsum
864 2833 1120 2888 emortuis
1147 2848 1404 2903 resurgere
1427 2829 1605 2904 (Joan.
1629 2831 1718 2886 20.
1750 2830 1828 2902 9).

301 2934 349 2988 «i.
381 2931 488 2987 Sed
514 2929 738 2999 quaestio
754 2927 883 2982 satis
899 2926 1073 2982 soluta
1091 2934 1190 2980 est.
1210 2925 1318 2980 Nos
1332 2939 1473 2980 nunc
1488 2924 1553 2980 ad
1571 2925 1830 2995 reliquam

236 3023 568 3080 salutationis
617 3030 820 3093 partem
867 3033 1175 3074 sermonem
1219 3016 1520 3072 ﬂectamus.
1564 3015 1829 3084 Quidnam

236 3134 356 3189 ergo
398 3125 482 3173 est
522 3157 537 3182 ,
568 3113 710 3186 quod
758 3113 959 3169 dictum
985 3119 1068 3166 est
1092 3152 1108 3179 ,
1156 3119 1209 3166 et
1259 3109 1400 3166 unde
1430 3109 1568 3165 istuc
1606 3109 1832 3181 digressi

236 3211 452 3267 sumus?
481 3207 782 3265 Priscillam
826 3214 878 3261 et
907 3204 1150 3275 Aquilam
1182 3204 1369 3259 beatos
1393 3203 1625 3258 diximus
1644 3246 1658 3269 ,
1689 3203 1832 3274 quod

236 3321 352 3360 cum
378 3302 551 3360 Paulo
577 3301 918 3363 habitarent,
950 3297 1235 3367 diligenter
1261 3296 1600 3350 addiscentes
1627 3310 1830 3350 morem

237 3399 437 3455 habitus
460 3405 522 3454 et
547 3396 1051 3455 calceamentorum,
1086 3400 1243 3460 atque
1266 3389 1445 3445 omnia
1473 3405 1595 3458 qua:
1617 3389 1828 3458 agebat.

238 3490 362 3545 lliuc
403 3488 564 3545 nobis
609 3495 763 3541 enata
812 3493 897 3539 est
926 3483 1150 3552 quaistio
1185 3501 1198 3536 :
1231 3482 1381 3549 cujus
1425 3483 1592 3550 gratia
1621 3479 1834 3534 Christo

237 3582 549 3650 prohibente
577 3575 780 3647 aliquid
816 3583 1010 3644 prmter
1041 3588 1198 3626 unam
1245 3579 1442 3625 vestem
1471 3571 1656 3625 haberi
1684 3612 1700 3636 ,
1732 3571 1832 3624 visi

235 3683 352 3728 sunt
401 3672 454 3727 hi
521 3669 718 3724 habere
764 3665 999 3721 sandalia
1048 3673 1102 3720 et
1142 3663 1440 3734 penulam?
1473 3662 1540 3716 Et
1585 3676 1834 3717 sermone

234 3765 654 3820 demonstratum
683 3768 765 3814 est
792 3800 807 3824 ,
836 3756 1112 3826 apostolos
1157 3756 1240 3809 his
1272 3754 1470 3808 utendo
1511 3754 1681 3824 legem
1725 3759 1830 3808 non

236 3866 596 3928 transgressos
641 3868 801 3919 esse,
847 3851 944 3906 sed
975 3850 1259 3918 diligenter
1320 3848 1656 3901 observasse.
1711 3847 1834 3901 llaac

235 3957 403 4002 autem
424 3945 758 4006 dicebamus,
791 3958 896 3996 non
924 3951 980 3994 ut
1003 3955 1098 3994 vos
1123 3938 1187 3991 ad
1210 3937 1599 3992 euacervandas
1623 3936 1834 3991 divitias

237 4038 640 4093 exhortarcmur
661 4077 675 4098 ,
709 4043 757 4087 et
792 4045 1209 4103 provocarcmus
1238 4039 1297 4082 ut
1319 4030 1434 4098 plus
1461 4045 1618 4098 quam
1649 4044 1838 4083 ncces-

236 4131 360 4185 sitas
383 4129 634 4200 postulat,
659 4125 994 4197 possideatis,
1019 4124 1111 4179 sed
1133 4126 1182 4178 in
1211 4135 1458 4194 promptu
1491 4125 1597 4178 sint
1616 4140 1734 4192 qua:
1752 4126 1828 4178 in-

241 4224 483 4279 ﬁdelibus
571 4233 747 4275 nostra
806 4219 1102 4274 ridentibus
1168 4217 1560 4289 respondeatis.
1619 4215 1834 4272 Etenim

237 4318 471 4373 Christus
519 4317 848 4386 superiorem
881 4314 1047 4382 legem
1096 4311 1347 4374 solvens,
1401 4325 1505 4364 non
1532 4308 1692 4379 jussit
1738 4324 1835 4364 nos

241 4409 430 4465 habere
455 4409 670 4473 domos,
696 4419 901 4468 servos,
925 4404 1111 4466 lectos,
1137 4417 1258 4456 vasa
1283 4410 1554 4472 argentea,
1583 4400 1662 4455 vel
1683 4399 1837 4470 quid-

241 4501 372 4570 piam
422 4502 615 4556 horum
646 4517 659 4552 :
688 4497 781 4553 sed
829 4511 926 4550 nos
951 4512 980 4550 a
1011 4498 1155 4564 prius
1201 4493 1466 4548 dictorum
1517 4493 1835 4548 necessitate

241 4592 430 4648 liberos
458 4608 583 4649 esse
612 4590 796 4645 voluit.
828 4587 980 4646 Unde
1025 4597 1078 4642 et
1123 4586 1316 4642 Paulus
1359 4587 1435 4640 sic
1471 4585 1793 4640 admonebat
1816 4627 1830 4650 ,

239 4683 458 4740 dicens:
496 4681 752 4736 Habentes
796 4682 981 4734 uictum
1027 4689 1072 4732 et
1119 4688 1425 4750 tegumenta,
1482 4676 1560 4729 his
1616 4677 1836 4730 contenti

241 4791 407 4830 sumus
428 4774 446 4841 (
471 4777 526 4832 1.
550 4773 682 4828 Tim.
700 4773 750 4828 6.
773 4775 805 4827 8
830 4771 873 4842 ).
893 4771 1258 4827 Tribuendum
1278 4770 1417 4823 enim
1449 4769 1726 4838 egentibus
1745 4809 1762 4835 ,
1790 4769 1833 4821 si

242 4866 358 4935 quid
385 4867 507 4922 usui
533 4877 718 4921 nostro
745 4871 1020 4933 superest:
1045 4863 1097 4918 id
1123 4861 1262 4930 quod
1294 4861 1530 4915 Priscilla
1562 4869 1615 4913 et
1645 4860 1835 4928 Aquila

245 4975 493 5029 perquam
521 4957 763 5015 studiose
808 4956 1090 5012 faciebant.
1122 4954 1188 5009 Et
1214 4953 1413 5008 idcirco
1442 4968 1534 5006 eos
1579 4951 1755 5005 laudat
1783 4960 1837 5005 et

243 5051 531 5106 admiratur
559 5050 854 5122 apostolus,
887 5049 1095 5117 insigne
1127 5048 1342 5101 illorum
1376 5045 1704 5116 pra‘conium
1735 5060 1832 5114 ap-

245 5156 462 5207 ponens.
491 5141 624 5197 Nam
653 5149 712 5195 ut
738 5139 905 5202 dixit,
941 5138 1176 5194 Salutate
1200 5136 1495 5192 Priscillam
1522 5147 1568 5190 et
1597 5136 1836 5208 Aquilam

244 5237 557 5304 cooperarios
601 5251 737 5289 meos
780 5234 832 5288 in
876 5233 1097 5287 Domino
1140 5231 1335 5301 (Rom.
1386 5230 1472 5284 16.
1522 5229 1631 5300 5),
1673 5231 1834 5284 etiam

244 5341 451 5382 causam
490 5327 640 5399 ponit
677 5334 836 5382 tantae
863 5325 1124 5381 caritatis.
1155 5322 1417 5389 Qualem?
1447 5321 1546 5386 Qui
1582 5338 1672 5392 pro
1700 5315 1848 5387 mea,”

248 5421 317 5472 ait
339 5463 353 5484 ,
385 5422 556 5476 animo
611 5421 852 5475 ceruicem
900 5435 1044 5473 suum
1085 5434 1394 5488 supposuere
1441 5415 1625 5488 (Ibid.
1657 5431 1705 5470 tt.
1734 5415 1768 5470 4
1790 5414 1832 5484 ).

253 5509 426 5579 igitur,
458 5513 598 5567 dicet
629 5512 856 5566 fortasse
879 5511 1070 5580 aliquis
1091 5551 1105 5574 ,
1136 5509 1235 5563 hac
1261 5508 1328 5563 de
1353 5523 1513 5561 causa
1543 5521 1637 5561 eos
1663 5506 1837 5576 diligis

248 5612 297 5652 et
325 5616 471 5656 amas
499 5601 522 5654 ‘l
549 5601 779 5657 Maxime
807 5619 818 5655 :
862 5601 983 5670 quia
1019 5610 1070 5655 ct
1094 5600 1135 5652 si
1171 5600 1218 5651 id
1263 5616 1423 5653 unum
1457 5599 1721 5668 egissent,
1753 5596 1835 5650 vel

251 5690 368 5743 hinc
395 5692 546 5746 laude
575 5692 718 5762 digni
751 5703 920 5745 crant.
946 5689 1044 5758 Qui
1068 5690 1207 5744 enim
1231 5689 1419 5742 ducem
1448 5688 1714 5742 exercitus
1733 5687 1839 5740 sal-

250 5791 367 5835 ttum
397 5782 515 5838 fecit
536 5827 549 5852 ,
578 5795 632 5841 et
661 5784 857 5838 milites
885 5782 1007 5838 fecit
1040 5780 1218 5836 salvos
1248 5797 1262 5833 :
1287 5781 1373 5851 qui
1407 5779 1672 5834 medicum
1701 5778 1832 5834 libe-

1615 5944 1640 5960 ο

1001 337 1065 393 lN
1109 336 1332 406 li.LUD,
1373 335 1740 394 SALUTATE
1783 331 2184 402 PRISCILLAM
2229 344 2316 400 ET
2358 347 2690 415 AQUILAM.
2735 350 2797 406 ll.

3438 361 3546 416 202

1967 452 2104 506 ravit
2129 455 2403 523 periculis,
2436 467 2492 514 et
2519 460 2808 517 liberantes
2835 465 3036 520 morbis
3065 466 3130 522 ad
3157 469 3435 528 sanitatem
3466 491 3550 531 re-

1952 539 2134 597 duxit:
2153 545 2240 614 qui
2261 549 2670 616 gubernatorem
2687 551 2935 610 ﬂuctibus
2951 557 3166 626 eripuit,
3183 576 3368 617 navem
3389 574 3550 621 totam

1951 646 2015 684 ex
2044 636 2200 690 undis
2225 637 2468 695 liberavit
2487 659 2502 695 :
2521 643 2598 697 sic
2623 645 2805 716 utique
2826 648 2914 717 qui
2945 651 3255 720 magistrum
3285 656 3428 710 orbis
3452 659 3551 715 sal.

1951 733 2160 816 varum,
2183 736 2232 781 et
2264 744 2358 797 pro
2375 729 2516 785 illius
2533 733 2702 788 salute
2719 738 3031 807 sanguinem
3058 743 3545 816 suumefl'ndcrunt,

1949 813 2095 868 orbis
2121 831 2332 889 quoque
2364 821 2528 877 totius
2553 822 2769 880 fuerunt
2817 827 3216 898 benefactures,
3249 845 3432 905 utpote
3458 813 3548 909 qui

1952 917 2048 959 sua
2091 922 2216 976 erga
2267 922 2650 982 prarceptorem
2683 919 3014 986 providentia
3042 922 3332 993 discipulos
3360 945 3546 987 oumes

1948 999 2294 1086 servaverint.
2326 1000 2392 1056 Ut
2411 1012 2590 1059 autem
2616 1006 2812 1075 discas,
2844 1024 2940 1066 eos
2963 1025 3066 1066 non
3088 1013 3258 1068 solum
3283 1032 3405 1086 erga
3431 1036 3544 1072 tua-

1945 1085 2168 1153 gistrum
2209 1090 2338 1144 tales
2369 1091 2532 1148 fuisse
2554 1137 2570 1161 ,
2599 1096 2692 1150 sed
2724 1106 2778 1152 et
2806 1097 3059 1157 fratribus
3087 1105 3328 1160 eamdem
3351 1085 3543 1165 coram

1951 1175 2280 1246 impendisse
2306 1225 2320 1249 ,
2351 1185 2470 1240 audi
2495 1190 2794 1258 sequentia.
2819 1191 2949 1247 Nam
2981 1210 3101 1250 cum
3133 1196 3354 1254 dixisset
3380 1241 3394 1263 ,
3433 1202 3538 1255 Pro

1943 1272 2114 1324 anima
2148 1291 2257 1327 mea
2309 1279 2552 1334 cervicem
2606 1296 3018 1354 supposuerunt,
3065 1288 3304 1358 adjecit:
3351 1293 3544 1360 Quibus

1945 1377 2043 1414 non
2070 1380 2161 1433 ego
2189 1366 2327 1422 solus
2352 1371 2541 1439 gratias
2566 1389 2666 1444 ago
2689 1415 2704 1439 ,
2735 1375 2826 1429 sed
2853 1386 2900 1430 et
2942 1394 3115 1434 omnes
3141 1379 3384 1438 Ecclest
3421 1403 3542 1456 gen-

1943 1455 2086 1548 tium.
2133 1459 2267 1527 Quid
2315 1464 2432 1518 ais?
2475 1465 2849 1523 Tentoriorum
2895 1472 3176 1540 Opilicibus
3210 1515 3226 1540 ,
3290 1455 3540 1548 pauperi-

1944 1547 2042 1603 bus
2065 1590 2080 1617 ,
2112 1553 2437 1622 artiﬁcibus,
2470 1560 2659 1628 quibus
2690 1561 2819 1615 nihil
2853 1574 3044 1632 prmter
3072 1567 3267 1622 victum
3297 1547 3543 1627 necessa-

1943 1639 2082 1696 rium
2135 1647 2476 1716 suppetebat,
2523 1665 2714 1706 omnes
2760 1653 3015 1710 Ecclesia:
3061 1658 3297 1726 gentium
3345 1663 3543 1727 gratias

1941 1734 2148 1802 agunt?
2199 1735 2266 1789 Et
2295 1737 2420 1806 quid
2467 1748 2667 1794 tantum
2708 1740 2816 1796 duo
2846 1743 2920 1797 illi
2965 1744 3221 1812 prodesse
3260 1759 3544 1819 potuerunt

1944 1835 2020 1880 tot
2050 1827 2344 1882 Ecclesiis?
2374 1846 2478 1899 qua
2527 1846 2690 1901 Opum
2733 1833 3096 1904 abundantia,
3144 1854 3245 1908 qua
3296 1844 3544 1910 potentiae

1942 1917 2328 1986 magnitudine,
2363 1936 2470 1990 quo
2501 1922 2643 1992 apud
2678 1923 2952 1995 principes
2979 1924 3168 1982 favore
3193 1929 3546 1986 claruerunt?

1940 2009 2111 2074 Opum
2139 2009 2352 2078 quidem
2381 2012 2729 2078 abundantia,
2762 2023 2816 2069 et
2841 2017 3099 2086 potentia,
3129 2028 3183 2073 et
3206 2020 3374 2089 gratia
3403 2022 3544 2091 apud

1942 2100 2265 2168 imperantes
2289 2103 2418 2156 nihil
2444 2104 2742 2172 valuerunt,
2779 2107 2871 2160 sed
2903 2118 3015 2163 erat
3062 2109 3160 2174 eis,
3189 2110 3276 2179 qui
3298 2113 3546 2168 omnibus

1941 2194 2112 2262 major
2159 2202 2242 2247 est
2271 2236 2284 2261 ,
2317 2195 2529 2250 animus
2555 2198 2618 2251 ad
2649 2199 2880 2266 pericula
2922 2200 3210 2257 admodum
3245 2217 3540 2274 promptus.

1942 2285 2075 2340 llinc
2113 2293 2193 2341 est
2225 2288 2365 2356 quod
2397 2287 2464 2342 de
2493 2289 2675 2344 multis
2701 2291 2837 2345 bene
2864 2304 3211 2358 meruerunt,
3244 2295 3544 2366 multosque

1939 2385 2244 2432 servarunt.
2276 2377 2462 2449 Neque
2487 2381 2630 2434 enim
2665 2380 2916 2436 Ecclesiis
2943 2391 3048 2438 tam
3081 2384 3335 2452 prodesse
3367 2387 3544 2442 valent

1938 2468 2130 2522 divites
2157 2468 2230 2523 illi
2264 2467 2445 2523 fastosi
2467 2509 2483 2533 ,
2517 2479 2574 2524 ut
2601 2486 2861 2539 pauperes
2889 2475 3233 2544 magnanimi.
3263 2475 3430 2531 Nemo
3456 2478 3540 2532 di-

1939 2569 2080 2612 ctum
2111 2559 2210 2614 hoc
2242 2562 2463 2616 miretur
2491 2579 2505 2615 ;
2535 2577 2719 2616 verum
2751 2563 2893 2618 enim
2934 2574 3018 2618 est
3043 2605 3058 2629 ,
3089 2566 3233 2636 quod
3265 2567 3490 2624 dicimus
3515 2611 3531 2635 ,

1938 2652 2097 2736 idque
2127 2653 2288 2711 rebus
2319 2652 2448 2725 ipsis
2477 2655 2856 2727 comprobatur
2885 2678 2898 2713 :
2931 2673 3052 2714 nam
3080 2665 3260 2718 multte
3287 2671 3412 2719 sunt
3456 2639 3538 2716 iii-

1939 2748 2060 2802 vitis
2097 2749 2356 2804 molestiae
2386 2758 2439 2804 et
2468 2750 2726 2819 pericula.
2766 2751 2941 2807 Timet
2974 2769 3070 2824 pro
3099 2755 3292 2824 domo,
3331 2775 3424 2826 pro
3457 2762 3536 2814 l'a-

1939 2842 2097 2896 mulis
2122 2883 2135 2906 ,
2166 2857 2262 2912 pro
2291 2836 2431 2912 agris
2457 2883 2470 2907 ,
2519 2859 2613 2912 pro
2644 2845 2836 2914 Opibus
2859 2887 2874 2911 ,
2904 2862 2971 2901 ne
3013 2849 3131 2918 quis
3159 2850 3355 2921 aliquid
3385 2869 3447 2908 ex
3477 2855 3541 2910 iis

1939 2933 2166 2990 auferat.
2197 2934 2263 2988 Et
2289 2935 2378 3003 qui
2419 2935 2709 2989 multorum
2742 2948 2824 2990 est
2852 2936 3132 3004 dominus,
3164 2941 3302 2996 idem
3349 2945 3544 2999 multo-

1939 3039 2055 3078 rum
2083 3038 2270 3080 scrvus
2299 3039 2420 3081 esse
2441 3026 2667 3098 ergitur.
2697 3026 2906 3098 Pauper
2935 3039 3113 3084 autem
3138 3031 3220 3086 bis
3241 3035 3540 3102 expeditus,

1939 3123 1993 3168 et
2021 3116 2162 3170 curis
2193 3116 2443 3172 omnibus
2471 3132 2683 3182 carens,
2716 3117 2800 3174 leo
2826 3127 2930 3186 est,
2955 3121 3130 3191 ignem
3165 3124 3350 3192 Spirat,
3380 3141 3546 3196 gene-

1940 3223 2064 3262 I'Oso
2085 3217 2140 3264 et
2162 3207 2282 3264 forti
2308 3219 2390 3266 cst
2413 3210 2615 3277 animo,
2638 3211 2706 3268 de
2725 3213 2975 3269 oumibus
2995 3230 3113 3271 sese
3133 3218 3365 3286 expedit,
3391 3221 3544 3277 facile

1940 3300 2119 3354 omnia
2143 3301 2275 3371 agit,
2307 3318 2425 3372 qua:
2448 3303 2702 3372 prodesse
2725 3313 2948 3374 possunt
2976 3306 3246 3374 Ecclesiis,
3278 3309 3388 3364 sive
3409 3327 3542 3380 apus

1939 3394 2008 3448 sit
2029 3403 2084 3447 ut
2109 3402 2397 3464 arguantur
2425 3395 2608 3464 aliqui,
2641 3396 2755 3450 sive
2787 3403 2843 3449 ut
2871 3397 3215 3467 iucrepentur
3235 3439 3252 3465 ,
3283 3400 3396 3456 sive
3422 3417 3544 3457 sex-

1939 3497 2093 3543 centa
2125 3499 2340 3559 propter
2360 3489 2628 3544 Cltris'aum
2652 3504 2812 3557 Opera
2841 3490 3113 3545 subeunda
3142 3493 3247 3546 sint
3280 3511 3294 3547 :
3321 3509 3384 3548 ac
3410 3511 3544 3564 quo-

1941 3579 2082 3633 niam
2110 3581 2275 3634 scmel
2304 3581 2464 3634 vitam
2495 3580 2734 3649 deSpexit
2765 3590 3122 3650 praesentem,
3153 3599 3343 3654 magna
3365 3583 3541 3640 facili—

1943 3679 2051 3725 tate
2076 3670 2290 3725 coniicit
2315 3672 2512 3726 omnia.
2547 3669 2684 3736 Quid
2710 3672 2853 3725 enim
2888 3673 3120 3737 timeret,
3145 3673 3250 3739 dic,
3284 3676 3543 3732 obsecro?

1939 3761 2073 3815 Num
2104 3777 2170 3815 ne
2196 3777 2326 3832 Opes
2352 3762 2468 3832 ejus
2507 3763 2862 3817 auferantur?
2903 3762 3012 3816 iloc
3044 3779 3202 3818 nemo
3231 3764 3412 3821 dicere
3451 3783 3546 3837 po-

1941 3856 2084 3910 terit.
2116 3855 2251 3909 Num
2289 3870 2356 3909 ne
2389 3855 2618 3924 pellatur
2644 3870 2674 3909 e
2708 3855 2915 3923 patria?
2945 3855 3051 3911 Sed
3079 3859 3354 3912 universus
3398 3861 3544 3915 orbis

1942 3955 2202 4000 terrarum
2228 3946 2275 4000 ei
2321 3946 2509 4000 civitas
2538 3955 2622 4000 est
2651 3946 2710 3998 1?
2734 3942 2864 4000 Num
2913 3962 2980 4002 ne
3021 3949 3142 4017 quis
3183 3947 3462 4004 imminuat
3490 3951 3541 4006 ei

1943 4037 2164 4092 delicias
2199 4047 2252 4091 et
2282 4038 2629 4091 satellitium?
2657 4037 2762 4091 Sed
2791 4038 2873 4092 his
2909 4039 3158 4094 omnibus
3182 4040 3359 4096 valere
3379 4041 3544 4111 jussis

1943 4128 1992 4182 in
2031 4127 2164 4180 cailo
2215 4127 2455 4194 habitat,
2502 4137 2554 4182 et
2583 4127 2648 4181 ad
2693 4129 2920 4182 futuram
2957 4127 3171 4185 festinat
3218 4131 3401 4184 vitam.
3429 4133 3544 4188 Non

1942 4220 2317 4288 deprecahitur
2346 4219 2497 4284 item,
2530 4220 2574 4273 si
2606 4221 2782 4273 anima
2825 4220 2937 4289 ipsa
2971 4221 3226 4276 tradenda
3256 4225 3344 4288 sit,
3379 4233 3431 4276 et
3460 4223 3542 4278 ei-

1944 4311 2240 4366 fundendus
2259 4326 2331 4364 sa.
2356 4311 2494 4382 guis.
2522 4311 2654 4365 llinc
2674 4319 2776 4378 est,
2804 4311 2945 4381 quod
2969 4313 3086 4367 talis
3113 4313 3271 4368 etiam
3297 4323 3543 4385 ettyran-

1942 4405 2026 4458 nis
2049 4445 2064 4468 ,
2091 4410 2145 4456 ct
2169 4401 2414 4471 regibus,
2444 4411 2496 4455 et
2529 4401 2734 4470 pupulis
2759 4441 2774 4467 ,
2807 4411 2861 4454 et
2888 4402 3138 4456 omnibus
3165 4411 3436 4471 potentior
3463 4416 3544 4459 est

1941 4512 2004 4550 ac
2033 4494 2212 4549 ditior.
2245 4492 2310 4546 Et
2337 4501 2390 4545 ut
2417 4491 2614 4554 discas,
2637 4489 2776 4560 quod
2808 4506 2930 4544 vere
2953 4489 3088 4556 hzec,
3111 4501 3165 4545 et
3193 4507 3298 4547 non
3320 4493 3546 4547 adulan-

1943 4596 2025 4642 ter
2053 4585 2159 4639 sint
2181 4583 2343 4646 dicta,
2375 4591 2430 4636 et
2457 4581 2598 4650 quod
2623 4581 2710 4664 qui
2738 4581 2868 4634 nihil
2901 4582 3193 4649 possident,
3220 4581 3271 4638 bi
3304 4585 3544 4641 omnium

1941 4677 2200 4732 libct'rimi
2221 4675 2327 4728 sint
2353 4675 2418 4727 ad
2449 4671 2770 4742 loquendum
2805 4691 2818 4726 :
2851 4684 2980 4742 quot
3006 4673 3198 4730 divites
3226 4686 3378 4730 erant
3408 4687 3544 4731 tem-

1944 4786 2071 4842 pore
2101 4767 2346 4832 llerodis,
2370 4776 2499 4836 quot
2529 4765 2820 4835 potentes?
2847 4774 2902 4820 et
2929 4764 3047 4834 quis
3075 4765 3127 4820 in
3158 4767 3391 4822 medimn
3421 4783 3546 4838 pro-

1944 4858 2129 4930 rupit?
2177 4857 2296 4928 quis
2356 4867 2637 4926 tyrannum
2691 4853 3179 4926 increpat-inquis
3206 4868 3543 4930 contemptus

1943 4955 2088 5024 leges
2120 4953 2207 5006 Dei
2239 4949 2379 5004 ultus
2407 4957 2487 5003 est
2513 4947 2534 5000 ?
2559 4947 2790 5002 Divitum
2819 4948 3034 5018 quidem
3064 4949 3263 5016 nullus,
3296 4951 3389 5007 sed
3421 4967 3548 5021 pau-

1943 5061 2039 5116 per
2066 5045 2155 5098 ille
2186 5053 2240 5097 cl.
2266 5056 2441 5110 maps,
2472 5043 2561 5109 qui
2593 5055 2762 5109 neque
2792 5041 2986 5094 lectum
3011 5083 3028 5108 ,
3058 5055 3231 5111 neque
3268 5059 3509 5098 mensam
3529 5086 3544 5104 .

1945 5152 2117 5206 neque
2148 5142 2347 5189 tectum
2379 5132 2611 5186 habebat
2641 5148 2655 5184 :
2686 5131 2812 5195 ille,
2846 5133 3098 5202 inquam,
3131 5133 3434 5189 solitudinis
3463 5136 3544 5187 in-

1944 5227 2182 5298 quilinus
2212 5223 2448 5279 Joannes
2471 5264 2485 5288 ,
2519 5223 2608 5278 ille
2647 5223 2795 5277 solus
2822 5231 2876 5277 et
2903 5222 3103 5293 primus
3130 5224 3275 5278 omni
3307 5223 3548 5281 libertate

1946 5329 2229 5390 tyrannum
2267 5315 2471 5386 arguit,
2520 5322 2574 5370 et
2617 5313 2949 5368 adulterinas
2986 5313 3197 5382 nuptias
3221 5311 3462 5379 detexit,
3496 5325 3546 5368 et

1945 5411 2298 5484 prtesentibus
2326 5407 2577 5464 omnibus
2603 5421 2667 5461 ac
2694 5404 3037 5461 audientibus
3058 5404 3398 5472 pronuntiata
3427 5420 3549 5458 sen-

1946 5504 2109 5560 tentia
2125 5517 2248 5558 cum
2266 5498 2659 5556 condemnavit.
2687 5497 2752 5551 Et
2771 5503 2893 5550 ante
2918 5494 3059 5549 hunc
3083 5508 3310 5565 magnus
3333 5509 3546 5566 quoque

2006 5723 2024 5754 ι
2058 5717 2198 5770 εωνίι,
2224 5718 2273 5766 ιη
2295 5715 2516 5778 margine
2539 5713 2609 5762 sic
2632 5710 2802 5772 habet,
2826 5708 2911 5762 sed
2938 5721 3080 5761 unam
3105 5705 3313 5772 patriam
3341 5722 3527 5777 reputat

1943 5796 2052 5839 aut:
2075 5791 2262 5833 sursum
2286 5785 2374 5828 est.
