4006 6424
437 315 543 371 205

442 428 642 492 llelias,
660 427 750 499 qui
777 423 904 482 nihil
924 432 1118 496 praeter
1139 423 1368 478 meloten
1389 419 1716 491 possidebat,
1747 417 1966 486 impium
1992 425 2046 468 et

449 519 914 592 praevaricatorem
946 517 1095 570 illum
1125 513 1310 569 Achab
1339 512 1486 567 solus
1512 510 1735 564 viriliter
1765 509 2041 578 corripuit.

439 611 584 668 Nihil
615 611 756 666 enim
787 605 1038 676 loquendi
1077 604 1378 660 libertatem
1406 643 1423 670 ,
1469 613 1524 657 et
1551 602 1602 656 in
1631 615 1810 656 rerum
1853 598 2044 654 discri~

443 702 590 758 mine
613 701 857 757 liduciam
883 699 954 751 ita
978 696 1199 767 praebet,
1228 695 1356 749 nihil
1382 693 1628 748 homines
1658 691 1792 746 adeo
1814 690 2047 744 munitos

435 802 492 846 et
523 791 687 846 fortes
712 787 896 854 efficit,
944 796 1001 841 ttt
1032 785 1164 840 nihil
1202 800 1327 855 poss
1353 785 1481 838 dere
1505 825 1521 848 ,
1551 794 1607 838 et
1633 781 1793 836 nullis
1819 779 2046 834 sarcula-

439 885 586 940 ribus
629 880 980 938 circumvolvi
1013 879 1264 950 negotiis.
1299 880 1474 947 Atque
1498 876 1636 930 adeo
1657 917 1672 940 ,
1707 876 1750 928 si
1779 873 1898 943 quis
1941 873 2047 926 vir-

437 983 600 1029 tutem
615 974 834 1028 multam
851 971 1123 1040 l‘OSaithl‘C
1139 969 1674 1038 cupit,paupertatem
1687 963 2044 1032 amplexetur,

438 1074 762 1137 praesentem
794 1065 960 1117 vitam
991 1061 1273 1131 despiciat,
1306 1058 1437 1112 nihil
1469 1071 1592 1112 esse
1623 1064 1768 1126 putet
1794 1065 2042 1108 mortem.

438 1157 534 1210 llic
561 1170 666 1210 non
697 1154 870 1209 solum
902 1154 1021 1223 plus
1043 1166 1201 1222 quam
1237 1150 1428 1204 divites
1459 1157 1513 1202 «ιι
1540 1146 1837 1216 principes,
1867 1144 1960 1198 sed
1991 1153 2046 1198 et

437 1247 556 1317 plus
577 1263 735 1318 quam
768 1261 922 1317 reges
950 1245 1049 1315 ipsi
1083 1243 1340 1298 Ecclesiis
1381 1242 1636 1313 prodesse
1664 1238 1880 1311 poterit.
1913 1237 2045 1292 Nam

447 1351 736 1412 regnantes
767 1341 840 1395 illi
866 1349 920 1394 et
947 1337 1283 1393 abundantes
1312 1349 1663 1406 qumeutnque
1706 1331 1943 1394 faciunt,
1994 1329 2044 1384 id

439 1433 632 1502 opibus
651 1432 851 1490 faciunt
880 1449 893 1485 :
922 1429 1010 1484 ltic
1034 1436 1214 1483 autem
1240 1441 1427 1497 magna
1453 1426 1762 1494 plerumque
1792 1431 2046 1493 nperatur

437 1540 530 1595 per
564 1524 800 1594 pericula
831 1533 887 1577 et
930 1530 1159 1576 mortem
1207 1519 1398 1590 ipsam.
1442 1518 1654 1586 Quanto
1699 1523 1879 1568 autem
1911 1526 2044 1566 auro

431 1618 582 1674 eunti
625 1617 911 1687 pretiosior
938 1625 1022 1670 est
1066 1611 1325 1684 sanguis,
1377 1619 1526 1666 tanto
1568 1616 1853 1679 paupertas
1881 1621 2043 1676 quam

436 1711 768 1768 abundantia
800 1710 1012 1766 melior.

509 1847 561 1902 5.
605 1845 762 1899 Tales
790 1842 1006 1914 quidam
1034 1848 1188 1896 erant
1215 1838 1290 1893 illi
1339 1837 1486 1893 Pauli
1531 1835 1772 1905 hospites
1802 1831 2041 1887 Priscilla

439 1951 500 1998 et
524 1941 738 2011 Aquila,
762 1940 849 2009 qtti
872 1954 1034 2010 opum
1061 1937 1317 1992 carebant
1345 1933 1690 1998 abundantia,
1720 1941 1774 1988 et
1795 1929 2044 1987 omnibus

435 2032 640 2087 divitiis
683 2030 1086 2100 locupletiorem
1113 2028 1350 2082 animum
1380 2026 1764 2098 possidebant,
1813 2036 2040 2082 mortem

435 2131 814 2193 exSpectantes
841 2119 1100 2192 quotidie,
1133 2119 1186 2174 in
1212 2117 1362 2174 czede
1390 2126 1448 2172 et
1473 2118 1731 2188 sanguine
1759 2117 2001 2172 viventes
2026 2158 2040 2182 ,

439 2225 602 2286 atque
628 2223 890 2285 perpetuo
911 2211 1226 2284 martyrium
1258 2211 1544 2281 patientes.
1577 2209 1700 2264 Ideo
1726 2224 1815 2265 res
1845 2218 2042 2266 nostra:

385 2363 394 2372 ,
435 2308 543 2364 illis
570 2307 900 2377 temporibus
922 2305 1204 2370 florebant,
1233 2305 1354 2374 quia
1378 2306 1456 2358 sic
1480 2303 1726 2375 discipuli
1751 2303 2039 2373 magistris,

434 2408 490 2456 et
519 2399 755 2470 magistri
787 2397 1064 2468 discipulis
1089 2396 1323 2467 colligati
1348 2405 1524 2452 erant.
1554 2394 1685 2450 Nam
1715 2395 1909 2450 Paulus
1940 2395 2042 2450 hoc

434 2505 544 2546 non
569 2492 740 2546 solum
763 2490 831 2545 de
859 2491 962 2555 his,
991 2488 1086 2543 sed
1109 2497 1162 2543 et
1183 2489 1249 2544 de
1275 2488 1458 2542 multis
1487 2487 1606 2542 aliis
1632 2496 1876 2542 testatur.
1909 2486 2039 2541 Nam

439 2582 700 2647 llebrrcis,
733 2591 789 2637 et
809 2580 1384 2636 Tltessaloniccnsibus
1413 2621 1430 2645 ,
1464 2588 1516 2635 et
1549 2578 1753 2634 Calatis
1774 2578 2038 2643 scribens,

433 2677 627 2730 asserit
651 2688 840 2730 omnes
864 2675 1045 2729 multis
1075 2673 1462 2728 tcntationibus
1490 2671 1739 2742 afflictos,
1771 2681 1825 2726 et
1847 2673 2044 2727 indicat

436 2767 490 2820 in
519 2766 759 2836 epistolis
787 2766 898 2820 suis
929 2766 1077 2835 ipsos
1102 2765 1250 2836 pelli,
1283 2763 1452 2834 patria
1483 2763 1756 2852 excidere,
1785 2765 2036 2818 substan-

435 2859 538 2912 tias
564 2857 794 2929 perdere
820 2899 835 2923 ,
860 2867 914 2910 et
935 2857 1001 2910 ad
1032 2857 1344 2926 sanguinem
1373 2869 1540 2925 usque
1567 2855 1856 2924 periclitari
1890 2874 1902 2910 :
1933 2865 2038 2910 tota

437 2965 625 3004 eorum
670 2950 776 3002 vita
825 2949 876 3001 in
919 2948 1176 3018 gravibus
1220 2946 1606 3001 certaminibus
1635 2955 1752 3000 erat
1778 2989 1792 3011 ,
1821 2956 1876 3001 et
1914 2947 2044 3017 ipsis

439 3040 671 3094 mutilari
693 3040 949 3093 membris
973 3055 1068 3105 pro
1085 3039 1503 3108 praeceptoribus
1524 3053 1628 3093 non
1651 3039 2040 3096 detrectabant.

440 3130 594 3186 Unde
622 3131 825 3186 Galatis
855 3130 1096 3184 scribens
1120 3171 1135 3194 ,
1183 3130 1314 3184 dicit
1345 3147 1361 3184 :
1387 3129 1568 3184 Testor
1592 3132 1723 3184 enim
1748 3175 1762 3198 ,
1810 3134 1966 3202 quod,
2000 3135 2042 3188 si

438 3221 677 3294 possibile
705 3221 883 3291 [uisset
909 3264 922 3284 ,
947 3222 1120 3275 oculos
1147 3235 1334 3275 vestros
1378 3221 1587 3288 e/I'ossos
1618 3225 1739 3278 mihi
1780 3225 2044 3281 dedissetis

440 3313 654 3381 (Galat.
686 3315 739 3368 4.
762 3313 882 3384 l5).
908 3314 966 3368 Et
1000 3313 1299 3384 Epapltram
1327 3314 1415 3384 qui
1437 3312 1675 3370 Colossis
1695 3325 1828 3379 erat,
1855 3318 2043 3374 eadem

440 3407 510 3462 de
535 3423 594 3462 re
623 3407 800 3462 laudat
835 3407 918 3460 his
955 3407 1133 3460 verbis
1165 3423 1178 3460 :
1213 3405 1506 3478 zEgt-otavit
1535 3423 1692 3476 usque
1713 3409 1782 3461 ad
1812 3420 2040 3475 mortem,

439 3511 488 3556 et
523 3500 658 3554 Deus
684 3502 792 3568 eius
823 3500 1057 3554 misertus
1085 3509 1156 3552 est
1187 3515 1205 3554 :
1233 3516 1332 3552 non
1363 3499 1526 3554 solum
1557 3511 1726 3554 autem
1772 3501 1882 3570 eius
1907 3543 1922 3567 ,
1955 3503 2045 3555 sed

437 3605 485 3648 et
507 3595 622 3655 mei,
642 3609 704 3646 ne
725 3594 978 3647 tristitiam
1001 3609 1150 3662 super
1170 3593 1424 3646 tristitimtt
1453 3592 1683 3646 haberem
1706 3593 1965 3664 (Philipp.
1985 3594 2040 3648 2.

439 3686 508 3740 27
533 3684 570 3757 ).
622 3684 722 3741 Ubi
763 3685 905 3738 clare
936 3683 1270 3738 demonstrat
1299 3700 1358 3737 se
1382 3683 1501 3752 jure
1541 3683 1846 3738 habiturum
1882 3686 2044 3738 fuissce

439 3778 676 3832 dolorem
707 3777 774 3832 de
819 3786 990 3831 morte
1035 3775 1298 3846 discipuli.
1347 3774 1510 3844 Cujus
1553 3777 1806 3832 virtutem
1852 3777 2044 3831 alicubi

439 3869 687 3923 omnibus
714 3869 902 3922 iterum
935 3865 1135 3936 detegit
1160 3868 1365 3932 dicens,
1396 3867 1614 3922 Accessit
1639 3867 1882 3937 usquead
1911 3886 2039 3921 mor-

441 3968 560 4024 tem,
592 3958 818 4026 neglectu
843 3960 1012 4011 anima
1038 3975 1150 4021 sua,
1175 3968 1230 4010 ut
1257 3958 1507 4026 impleret,
1535 3959 1671 4024 quod
1692 3960 1742 4011 in
1773 3960 1911 4012 robis
1929 3977 2047 4030 erga

444 4065 522 4101 me
537 4049 706 4101 deerat
729 4048 1061 4101 tttinisterium
1095 4046 1352 4117 (Philipp.
1378 4047 1432 4100 2.
1456 4048 1571 4116 50).
1601 4047 1738 4113 Quid
1764 4049 1869 4104 tllis
1892 4050 2049 4106 fuerit

446 4140 654 4194 beatius
678 4181 694 4203 ,
726 4139 852 4207 quid
897 4148 1075 4192 autem
1112 4138 1264 4192 nobis
1294 4138 1539 4192 tttiserius
1566 4139 1588 4192 ?
1616 4140 2046 4211 quandoquidem

448 4232 519 4286 illi
547 4231 859 4300 sanguinem
907 4239 961 4285 et
988 4230 1217 4284 animam
1253 4245 1350 4298 pro
1382 4231 1801 4300 praeceptoribus
1831 4233 2050 4302 profun—

445 4322 645 4376 debant
667 4363 683 4386 ,
714 4336 814 4375 nos
855 4331 1032 4374 autem
1065 4334 1240 4388 neque
1285 4320 1507 4374 verbum
1548 4337 1644 4390 pro
1677 4323 2050 4378 communibus

446 4414 686 4484 patribus
701 4413 948 4468 emittere
969 4411 1250 4477 audemus,
1273 4411 1366 4466 sed
1391 4427 1514 4466 cum
1533 4412 1809 4468 audiamus
1829 4415 1907 4469 eis
1935 4429 2049 4470 ma-

445 4505 601 4560 ledici
625 4543 643 4571 ,
687 4513 743 4560 et
783 4503 1036 4558 conviciis
1063 4518 1154 4557 eos
1186 4502 1526 4558 dehonestari
1551 4543 1567 4570 ,
1599 4513 1652 4558 et
1681 4518 1710 4558 a
1741 4503 1872 4571 suis,
1901 4514 1956 4560 et
1982 4507 2050 4562 ab

447 4596 639 4652 alienis
655 4637 671 4660 ,
703 4595 1084 4651 maledicentes
1111 4609 1287 4665 neque
1315 4594 1740 4664 compescimus,
1766 4610 1940 4668 neque
1967 4613 2050 4652 re-

445 4685 846 4758 prehendimus,
881 4701 1054 4757 neque
1081 4685 1447 4756 prohibemus.

528 4820 786 4888 Quantum
810 4819 873 4873 sit
898 4827 1156 4890 peccatum
1171 4818 1414 4874 Ecclesia:
1434 4820 1706 4876 rectoribus
1731 4823 2048 4878 maledicere.

448 4942 522 4955 --
540 4912 752 4970 Utinam
776 4927 844 4966 ne
864 4911 962 4982 ipsi
986 4911 1141 4982 primi
1166 4913 1546 4968 maledicorum
1569 4914 1754 4970 simus.
1782 4915 1922 4973 Sane
1944 4932 2048 4972 non

451 5016 599 5062 tanta
627 5007 696 5061 ab
719 5004 1023 5061 infidelibus
1043 5005 1278 5060 convicia
1301 5014 1354 5060 et
1377 5006 1590 5075 probra,
1612 5017 1807 5078 quanta
1829 5009 1881 5063 in
1909 5011 2054 5080 prin~

451 5099 606 5168 cipes
631 5096 700 5151 ab
727 5096 825 5159 iis,
867 5095 957 5166 qui
1005 5095 1156 5149 nobis
1177 5095 1346 5163 juncti
1386 5097 1644 5166 religione
1667 5106 1726 5154 et
1753 5099 1936 5156 fideles
1969 5101 2050 5154 vi-

445 5187 670 5253 dentur,
704 5186 930 5258 proferri
959 5185 1222 5242 videmus.
1254 5186 1402 5242 Ultra
1432 5189 1517 5244 hic
1543 5205 1846 5260 quaeremus
1864 5234 1879 5258 ,
1911 5193 2052 5248 unde

449 5289 603 5336 tanta
635 5279 864 5350 ignavia,
893 5287 950 5335 et
972 5276 1111 5333 unde
1139 5278 1224 5333 hic
1248 5278 1458 5349 pietatis
1481 5291 1826 5352 contemptus
1850 5285 2048 5348 evenit,

447 5372 594 5443 quod
623 5373 702 5428 sic
727 5371 997 5428 hostiliter
1019 5386 1141 5441 erga
1172 5381 1350 5442 patres
1375 5381 1587 5427 nostros
1613 5375 1779 5430 simus
1804 5375 2018 5432 affecti?

453 5463 591 5520 Nihil
621 5464 859 5536 profecto
893 5473 977 5521 est
1003 5464 1144 5534 quod
1192 5464 1486 5520 Ecelesiam
1529 5465 1627 5520 Dei
1677 5467 1747 5521 ita
1791 5467 2052 5525 destitue-

453 5569 516 5608 re
567 5565 625 5609 et
669 5553 994 5620 dissolvere,
1045 5555 1175 5610 nihil
1212 5553 1356 5625 quod
1390 5555 1460 5608 ita
1510 5553 1666 5610 facile
1706 5559 2054 5626 pessumdare

459 5644 648 5712 possit,
677 5653 735 5698 ut
760 5643 976 5715 quando
1001 5643 1247 5715 discipuli
1275 5646 1566 5717 magistris,
1598 5657 1652 5702 et
1675 5647 1918 5717 patribus
1936 5650 2050 5716 filii,

462 5744 519 5788 (ι
555 5735 876 5803 principibus
897 5733 1131 5802 subditi,
1164 5751 1270 5792 non
1306 5753 1500 5808 magno
1548 5738 1726 5796 studio
1756 5739 2048 5799 cohaerent.

1225 310 1282 367 S.
1324 307 1600 367 JOANNIS
1635 303 2108 362 CllliYSOSTOlll
2152 303 2468 360 ARCIIIEI’.
2510 304 3042 363 CONSTANTINOP.

3643 310 3742 370 ξω

2153 413 2211 471 Si
2239 417 2357 483 quis
2380 417 2600 472 fratrum
2631 419 2861 489 cuipiam
2901 419 3204 486 maledicit,
3231 434 3261 473 a
3290 435 3564 476 sacrarum
3610 422 3754 478 Scri-

2154 521 2430 574 pturarum
2461 507 2692 564 lectione
2733 510 3051 564 excluditur.
3086 509 3154 565 Ut
3182 513 3304 582 quid
3328 514 3472 567 enim
3503 518 3750 578 assumis,

2150 600 2225 654 ait
2252 600 2410 666 Deus,
2431 610 2782 656 testamentum
2811 619 2976 656 meum
2991 620 3080 671 per
3096 619 3153 657 os
3170 616 3310 659 tuum
3330 604 3501 676 (Psal.
3529 607 3618 662 49.
3642 607 3758 661 lfi)’

2150 701 2206 746 et
2228 707 2388 747 causa
2427 693 2596 762 posita
2633 694 2762 748 dicit
2793 694 3028 750 :Sedetts
3051 707 3230 750 contra
3260 697 3470 766 fratrem
3499 708 3646 752 tuum
3675 697 3786 752 lo-'

2149 783 2384 850 qnebaris
2409 782 2572 853 (Ibid.
2603 800 2650 836 υ.
2679 783 2794 854 ΞΟ).
2830 785 3047 840 Patrem
3083 800 3214 840 vero
3235 787 3572 857 spiritualem
3595 803 3758 842 accn-

2151 887 2277 927 sans
2305 914 2320 939 ,
2367 882 2421 927 te
2462 874 2679 944 digmtm
2730 884 2986 944 reputas,
3019 877 3110 947 qui
3151 877 3218 930 ad
3266 879 3446 932 divina
3493 882 3755 935 vestibula

2149 963 2413 1019 accedas?
2440 965 2722 1032 Quomodo
2744 965 2848 1021 hoc
2871 968 3167 1036 congruet?
3191 967 3324 1022 Nam
3353 970 3397 1024 si
3428 971 3753 1026 maledicen-

2152 1066 2232 1110 tes
2262 1057 2398 1126 patri
2425 1059 2507 1113 vel
2529 1057 2683 1112 matri
2712 1067 2886 1113 morte
2907 1060 3209 1114 moriuntur
3227 1061 3524 1116 secundum
3555 1063 3740 1132 legem,

2152 1145 2361 1214 (Exod.
2392 1146 2484 1202 2|.
2519 1150 2584 1203 l7
2609 1148 2649 1216 ),
2682 1149 2824 1218 quali
2849 1149 3055 1218 judicio
3079 1150 3270 1222 dignus
3297 1152 3402 1207 erit
3423 1195 3442 1219 ,
3469 1154 3562 1223 qui
3590 1155 3751 1210 male-

2149 1239 2329 1296 dicere
2363 1240 2526 1296 audet
2561 1241 2644 1307 ei,
2674 1242 2762 1312 qui
2793 1244 3105 1313 parentibus
3151 1244 3256 1298 illis
3297 1249 3465 1316 magis
3493 1263 3742 1303 necessa-

2153 1332 2263 1386 rius
2291 1341 2393 1398 est,
2421 1343 2476 1388 et
2503 1333 2739 1389 melior?
2759 1337 2953 1392 Annon
2986 1336 3154 1402 timet,
3176 1352 3243 1392 ne
3264 1339 3469 1407 aperiat
3497 1354 3560 1395 se
3587 1349 3751 1407 terra,

2149 1434 2205 1480 et
2235 1427 2406 1495 ipsum
2433 1427 2738 1494 absorbeat,
2767 1427 2852 1482 v‘el
2875 1427 3074 1483 fulmen
3102 1445 3337 1500 superne
3357 1431 3618 1488 decidens
3636 1447 3755 1488 nta-

2151 1517 2375 1573 ledicam
2417 1518 2558 1573 illam
2606 1519 2841 1591 linguam
2866 1522 3186 1578 comburat?
3213 1523 3331 1578 Non
3360 1524 3593 1591 audisti,
3626 1527 3754 1597 quid

2147 1626 2305 1680 passa
2325 1611 2390 1665 sit
2420 1611 2583 1668 Musis
2604 1627 2760 1669 soror
2782 1655 2798 1679 ,
2831 1615 3054 1686 principi
3081 1615 3452 1673 maledicens?
3477 1619 3755 1689 quomodo

2149 1701 2283 1755 facta
2305 1703 2374 1756 sit
2401 1703 2693 1769 immunda,
2717 1703 2965 1760 inciderit
2992 1705 3045 1760 in
3073 1706 3303 1777 Iepram,
3328 1721 3597 1763 summam
3625 1723 3749 1764 sus.

2151 1796 2368 1851 tinuerit
2391 1798 2758 1869 ignominiam,
2787 1798 2954 1854 fratre
2985 1798 3152 1854 Deum
3173 1807 3377 1866 orante,
3398 1801 3611 1856 veniam
3638 1817 3750 1858 non

2147 1888 2472 1954 obtinuerit;
2497 1891 2706 1945 tametsi
2736 1889 2821 1944 illa
2851 1891 2963 1960 ipsa
2991 1901 3154 1956 esset,
3179 1907 3302 1962 quas
3329 1901 3578 1948 sanctum
3605 1893 3753 1949 illum

2146 1993 2506 2052 exposuerat,
2537 1993 2592 2039 et
2629 1997 2726 2053 pro
2759 1984 2878 2052 ejus
2913 1984 3233 2040 educatione
3260 1985 3313 2040 id
3350 1985 3606 2042 eﬂ‘eeerat
3635 2027 3653 2053 ,
3692 1997 3751 2042 ut

2148 2076 2264 2144 ejus
2295 2085 2466 2129 mater
2497 2075 2548 2129 in
2593 2074 2854 2130 nutricem
2888 2085 3254 2130 assumeretur
3281 2116 3297 2141 ,
3328 2089 3386 2131 et.
3426 2092 3496 2132 ne
3538 2077 3753 2146 puellus

2148 2167 2200 2220 in
2227 2164 2507 2220 barbarico
2523 2165 2642 2218 sinu
2668 2165 2998 2220 enutriretur
3020 2182 3035 2230 ;
3063 2165 3257 2220 deinde
3278 2181 3408 2221 vero
3432 2167 3754 2224 feminarum

2145 2258 2416 2312 exercitus
2459 2256 2567 2312 dux
2609 2255 2706 2311 fuit
2747 2257 2889 2312 sicut
2935 2256 3110 2312 Moses
3150 2258 3422 2322 virorum;
3451 2273 3753 2329 omnesque

2146 2365 2266 2405 cum
2308 2351 2401 2405 illo
2438 2350 2557 2405 tulit
2595 2363 2866 2407 aerumnas
2892 2389 2908 2416 ,
2939 2365 3066 2406 vere
3093 2363 3248 2404 soror
3278 2350 3444 2406 Hosis
3477 2351 3749 2406 existens:

2147 2452 2514 2497 verumtamen
2548 2455 2670 2497 cum
2697 2441 3016 2505 maledixit,
3049 2440 3182 2495 nihil
3213 2442 3263 2495 ei
3291 2441 3611 2510 profuerunt
3636 2441 3754 2496 ltzec

2146 2533 2325 2586 omnia
2347 2532 2412 2587 ad
2435 2531 2791 2602 effugiendam
2822 2532 2954 2586 iram
2989 2532 3117 2587 Dei:
3145 2533 3242 2587 sed
3285 2547 3384 2588 nec
3412 2531 3590 2588 Moses
3617 2576 3632 2594 ,
3653 2533 3746 2601 qui

2147 2631 2352 2676 tantum
2381 2622 2635 2693 populum
2663 2663 2680 2689 ,
2727 2630 2850 2693 post
2881 2622 3149 2694 ingentem
3182 2623 3326 2678 illam
3364 2623 3696 2692 impietatem
3729 2664 3748 2690 ,

2147 2714 2397 2784 precibus
2417 2715 2751 2784 expiaverat,
2786 2728 2886 2785 pro
2911 2729 3099 2770 sorore
3124 2716 3431 2786 supplicans
3456 2723 3514 2771 et
3533 2716 3749 2772 veniam

2152 2815 2361 2876 petens,
2393 2806 2605 2876 placare
2634 2806 2801 2861 Deum
2825 2806 3016 2876 potuit,
3046 2805 3142 2862 sed
3173 2805 3242 2860 ab
3267 2820 3335 2860 eo
3359 2804 3518 2862 valde
3543 2805 3633 2860 illa
3663 2807 3751 2860 in-

2145 2907 2396 2967 erepatur
2421 2915 2434 2951 :
2463 2912 2572 2967 quo
2608 2897 2878 2953 discamus
2901 2906 2958 2952 et
2991 2912 3090 2953 nos
3120 2938 3135 2962 ,
3157 2907 3418 2967 quantum
3447 2898 3650 2952 malum
3677 2898 3750 2952 sit

2149 2989 2477 3059 principibus
2503 2988 2823 3046 maledicere
2850 3031 2869 3058 ,
2898 3000 2953 3046 et
2982 2989 3052 3046 de
3077 2991 3302 3045 aliorum
3329 2989 3573 3060 judicare
3619 2993 3748 3046 vita.

2148 3080 2360 3136 Etenim
2382 3081 2434 3136 in
2461 3081 2548 3136 die
2570 3081 2661 3137 illo
2685 3096 2791 3137 non
2815 3081 2990 3137 solum
3015 3081 3084 3137 de
3111 3081 3176 3136 iis
3203 3097 3323 3152 qua:
3365 3097 3464 3138 nos
3491 3083 3743 3153 peccavi-

2151 3189 2289 3238 mus,
2317 3171 2411 3228 sed
2437 3173 2580 3229 etde
2602 3173 2685 3238 iis,
2702 3172 2772 3228 ob
2796 3187 2916 3243 quae
2941 3173 2992 3227 in
3011 3172 3146 3229 alios
3165 3173 3487 3228 sententiam
3508 3173 3750 3238 tulimus,

2147 3265 2368 3319 omnino
2389 3265 2651 3335 judicabit
2677 3278 2777 3320 nos
2805 3265 2965 3320 Deus.
2985 3265 3052 3320 Et
3080 3264 3222 3334 quod
3249 3280 3392 3336 satpe
3418 3275 3607 3320 natura
3631 3266 3753 3322 levo

2149 3365 2429 3426 peccatum
2460 3365 2565 3422 est,
2599 3355 2702 3410 hoc
2726 3371 2888 3426 grave
2915 3363 2971 3411 et
3009 3372 3117 3411 non
3158 3357 3470 3426 ignoscibile
3501 3357 3598 3423 fit,
3622 3356 3748 3412 dum

2149 3460 2378 3515 peccans
2421 3446 2489 3501 de
2529 3447 2636 3502 alio
2659 3447 2884 3517 judicat.
2927 3446 3089 3502 Forte
3113 3463 3218 3502 non
3245 3448 3376 3502 satis
3415 3449 3585 3504 claret
3609 3449 3751 3519 quod

2148 3538 2402 3604 diximus,
2435 3537 2595 3609 igitur
2615 3538 2812 3594 clarius
2839 3537 3101 3594 dicemus.
3136 3538 3383 3594 Peccavit
3409 3540 3604 3610 aliquis
3635 3581 3651 3606 ,
3698 3551 3755 3596 et

2150 3631 2312 3684 alium
2337 3630 2480 3686 idem
2508 3631 2936 3685 committentem
2961 3639 3236 3700 peccatum
3253 3630 3673 3686 condemnavit:
3704 3631 3752 3687 is

2151 3719 2204 3774 itt
2231 3719 2321 3774 die
2363 3720 2458 3774 illo
2497 3719 2653 3776 valde
2678 3736 2864 3776 amaro
2890 3735 2994 3776 non
3023 3735 3140 3776 eam
3167 3735 3382 3791 pinnam
3410 3721 3520 3777 luet
3543 3761 3560 3782 .
3588 3738 3750 3794 quam

2151 3811 2355 3880 peccati
2388 3821 2572 3865 natura
2591 3812 2853 3883 exposcit,
2873 3812 2966 3868 sed
2993 3812 3250 3882 majorem
3276 3829 3436 3884 quatn
3457 3814 3750 3884 duplicem,

2149 3916 2204 3959 et
2222 3904 2481 3973 triplicem
2508 3921 2521 3958 :
2542 3921 2648 3958 non
2667 3904 2809 3959 enim
2828 3904 2971 3975 quod
2995 3905 3108 3975 ipse
3131 3907 3452 3976 peccaverit,
3480 3905 3574 3961 sed
3606 3907 3752 3978 quod

2153 3997 2206 4050 in
2233 3997 2396 4050 alium
2425 3995 2676 4050 similiter
2716 3995 2923 4066 lapsum
2957 4005 3063 4050 tam
3101 4011 3320 4067 gravem
3365 3997 3632 4052 calculum
3663 4006 3751 4052 tu-

2157 4088 2279 4144 lerit
2303 4128 2319 4155 ,
2363 4087 2684 4158 supplicium
2718 4087 2796 4142 illi
2822 4087 3114 4144 destinabit
3158 4089 3316 4144 Deus.
3345 4090 3414 4145 Et
3435 4089 3538 4145 hoc
3562 4106 3747 4146 verum

2151 4194 2291 4244 esse,
2321 4195 2387 4234 ex
2417 4179 2480 4234 iis
2509 4194 2631 4250 quce
2673 4179 2786 4248 jam
2819 4179 2956 4234 facta
2985 4189 3114 4235 sunt
3139 4190 3193 4235 et
3221 4182 3562 4251 contigerunt
3588 4222 3604 4245 ,
3635 4183 3753 4237 cla-

2151 4274 2300 4335 rius,
2341 4280 2402 4326 ut
2451 4272 2672 4342 promisi
2707 4313 2722 4338 ,
2761 4273 3170 4329 demonstrabo.
3217 4272 3350 4328 Nam
3408 4273 3751 4342 Pbarisaeus,

2152 4363 2399 4435 quamvis
2428 4363 2542 4434 ipse
2565 4363 2698 4419 nihil
2726 4373 3081 4435 peccaverat,
3113 4363 3208 4421 sed
3237 4373 3290 4421 et
3309 4364 3457 4436 juste
3493 4366 3701 4421 vixerat
3729 4404 3748 4432 ,

2153 4467 2208 4512 et
2237 4457 2401 4511 multa
2437 4459 2506 4512 dc
2539 4472 2599 4512 se
2623 4456 2762 4512 bona
2804 4457 3098 4528 praedicare
3153 4466 3397 4528 poterat:
3422 4458 3544 4529 quia
3573 4467 3750 4514 tamen

2156 4548 2497 4620 publicanum
2518 4557 2813 4618 raptorem,
2841 4565 3089 4616 avarum,
3122 4561 3175 4606 et
3201 4550 3594 4621 iniquissimum
3619 4563 3750 4607 του-

2153 4638 2448 4705 demnavit,
2477 4648 2653 4695 tantas
2680 4639 2828 4695 dedit
2850 4654 3068 4710 pennas,
3099 4649 3156 4695 ut
3183 4641 3247 4694 ad
3279 4639 3600 4711 supplicium
3637 4654 3749 4694 ma~

2152 4731 2261 4801 jus,
2289 4747 2448 4802 quam
2473 4731 2759 4802 publicano
2779 4731 3077 4787 debebatur
3095 4773 3110 4796 ,
3145 4741 3452 4786 reservatus
3481 4731 3553 4787 sit
3576 4730 3596 4801 (
3619 4730 3750 4784 Luc.

2157 4823 2247 4880 l8.
2291 4823 2362 4878 lO
2384 4853 2412 4864 -
2442 4824 2550 4891 l4).
2579 4823 2731 4890 Quod
2759 4823 2804 4877 si
2836 4823 2904 4890 is,
2932 4824 3023 4894 qui
3053 4824 3184 4878 nihil
3210 4824 3446 4893 peccavit
3477 4864 3492 4890 ,
3533 4831 3588 4878 et
3628 4837 3751 4892 pec-

2154 4921 2366 4969 cantem
2417 4913 2616 4978 alium,
2671 4914 2762 4983 qui
2804 4913 3123 4969 manifestus
3165 4923 3282 4968 erat
3323 4913 3574 4968 onmibus
3599 4953 3618 4979 ,
3650 4913 3752 4968 levi

2155 5005 2321 5061 verbo
2348 5003 2760 5071 condemnavit,
2791 5012 2996 5058 tantum
3014 5005 3114 5060 sibi
3139 5005 3358 5059 attraxit
3384 5004 3706 5074 supplicium
3733 5021 3746 5057 :

2156 5097 2250 5168 qui
2281 5097 2502 5151 multum
2543 5096 2784 5167 quotidie
2832 5111 3150 5167 peccamus,
3199 5098 3533 5166 aliorumque
3585 5099 3745 5150 vitam

2157 5190 2584 5246 condemnamus
2603 5231 2618 5254 ,
2651 5191 2812 5244 etiam
2841 5191 2959 5245 aliis
2997 5191 3299 5260 ignotorum
3323 5231 3336 5254 ,
3365 5189 3541 5260 cogita
3582 5204 3750 5259 quan-

2160 5291 2267 5336 tam
2297 5281 2681 5336 sustinebimus
2704 5295 2940 5350 poenam,
2970 5281 3240 5352 quomodo
3261 5282 3406 5336 omni
3431 5282 3585 5336 venia
3613 5280 3752 5335 exei-

2158 5373 2370 5431 demus.
2401 5373 2469 5428 In
2494 5389 2592 5444 quo
2618 5375 2753 5429 enim
2788 5374 2987 5445 judicio
3012 5375 3262 5444 judicatis
3291 5414 3308 5442 ,
3344 5373 3516 5445 inquit
3545 5415 3560 5438 ,
3595 5384 3641 5427 et
3668 5387 3751 5427 eos

2151 5467 2515 5539 judicabimini
2544 5466 2757 5537 (Matth.
2788 5467 2840 5519 7.
2858 5465 2942 5538 2).

2231 5558 2284 5612 ϐ.
2315 5557 2542 5627 Propter
2569 5555 2684 5611 haec
2726 5555 2909 5626 utique
2937 5563 2991 5610 et
3016 5555 3259 5625 supplico
3288 5596 3302 5621 ,
3333 5569 3562 5626 precor,
3593 5563 3648 5611 et
3666 5569 3752 5608 ex-

2163 5651 2371 5716 hortor,
2403 5657 2463 5705 ut
2493 5649 2562 5704 ab
2587 5649 2688 5705 hac
2724 5649 2862 5704 mala
2886 5647 3274 5704 consuetudine
3300 5647 3590 5703 desistatis.
3614 5645 3751 5704 Nihil

2163 5743 2307 5799 enim
2334 5741 2648 5801 nocebimus
2676 5739 3050 5799 sacerdotibus
3067 5781 3086 5812 ,
3111 5740 3306 5812 quibus
3332 5739 3700 5800 maledicimus
3726 5775 3747 5808 ,
