4006 6410
168 355 290 414 9ῢό

179 470 395 541 ’Λχαάδ
434 471 641 523 ἐκεῖνον
694 470 853 542 μόνος
907 460 1102 540 ἡλεγξε
1141 469 1278 541 μετά
1328 469 1529 540 πολλῆς
1584 467 1858 540 ἀνδρείας.

164 548 344 604 οὐδὲν
387 548 496 619 γάρ
544 546 717 609 οὕτως
765 547 1244 618 ἐλευθεροστομεῖν
1285 546 1728 617 παρασκευάζει,
1768 547 1862 600 καὶ

163 628 398 702 θαρρεῖν
442 630 501 680 ἐν
550 627 722 679 άπασι
766 625 941 678 πείθει
995 628 1114 698 τοῖς
1139 619 1360 688 δεινοῖς,
1410 619 1505 678 καλ.
1554 620 1863 686 ἁναλώτους

1036 361 1104 416 IN
1138 362 1362 427 ILLUD,
1403 359 1776 418 SALUTATE
1813 356 2224 412 PRISCILLAM
2268 360 2354 415 ET
2392 361 2728 428 AQUILAM.
2765 361 2827 417 11.

3551 353 3658 410 201

1976 465 2108 539 εἴπῃ
2141 466 2348 530 κακῶς,
2368 467 2462 519 καὶ
2491 467 2592 536 τῆς
2621 443 2986 534 ἀναγνώσεως
3016 466 3124 518 τῶν
3149 465 3308 519 θείων
3337 467 3658 540 ἀπείργεται

1976 553 2228 623 Γραφῶν.
2255 553 2382 610 Ἵνα
2400 554 2456 607 τί
2483 554 2590 625 γὰρ
2617 551 3064 621 ἀναλαμϐάνεις
3090 552 3206 621 τὴν
3227 551 3526 623 διαθήκην
3540 572 3662 624 μου

1973 640 2070 694 διὰ
2105 637 2408 712 στόματός
2439 657 2592 706 σου;
2626 643 2796 712 φησὶν
2825 642 2854 693 6
2882 640 3016 703 Θεός
3035 657 3050 672 ο
3090 636 3214 694 εἶτα
3237 641 3336 712 τὴν
3366 641 3548 696 αἰτίαν
3575 659 3662 696 τι-

164 707 471 804 ἀρτάέεξειι
501 705 619 804 ’ξᾳῖ
640 705 933 804 ίῗξῗφῖδξί
956 703 1865 804 ‘3".‘9.9“§£i_’f‘i‘fi‘f‘?i‘:ﬂ§
1887 782 1907 804 .
1972 725 2116 792 θεὶς»
2150 703 2418 800 ἐπιγαγέ
2476 703 2829 796 Καθήὶιῖενος
2869 726 3020 780 κατὰ
3067 727 3177 782 τοῦ
3224 703 3492 798 ἀδελφοῦ
3541 743 3660 782 σου

166 805 236 838 πε
249 785 473 857 ριόολὴν
502 801 624 838 τινα
653 783 996 855 πραγμάτων
1039 782 1204 853 ἔχειν.
1235 783 1399 835 Ὥστε
1431 782 1484 836 εἴ
1514 800 1597 846 τις
1621 781 1862 853 βούλοιτο

164 863 374 935 πολλὴν
417 863 720 933 κεκτῆσθαι
752 860 1010 931 δύναμιν,
1056 861 1398 915 άσπασάσθω
1438 862 1658 924 πενίαν,
1691 876 1862 914 κατα-

165 943 442 1015 φρονείτω
478 943 578 1011 τῆς
629 939 912 1010 παρούσης
977 941 1152 1011 ζωῆς,
1213 941 1378 1012 μηδὲν
1421 937 1560 994 εἶναι
1593 940 1860 1011 νομιζέτω

165 1022 424 1075 θάνατον.
468 1018 638 1082 Οὗτος
683 1017 805 1087 οὐχὶ
849 1017 958 1070 τῶν
1008 1018 1257 1088 εὐπόρων
1321 1018 1481 1088 μόνον
1503 1061 1518 1085 ,
1575 1019 1696 1072 οὐδέ
1751 1019 1859 1072 τῶν

160 1101 480 1170 ἀρχόντων,
522 1096 658 1152 ἀλλὰ
689 1098 786 1150 καὶ
831 1096 1012 1150 αὐτῶν
1057 1098 1166 1152 τῶν
1204 1097 1598 1168 βασιλευόντων
1639 1099 1858 1152 πλείονα

160 1181 264 1243 τὰς
311 1178 640 1248 Ἑκκλησίας
669 1176 949 1247 ὠφελῆσαι
985 1175 1137 1248 [188]
1175 1177 1482 1249 δυνήσεται.
1522 1180 1583 1232 υί
1619 1179 1718 1248 μὲν
1749 1179 1858 1250 γὰρ

164 1261 549 1332 βασιλεύοντες
592 1259 689 1312 καὶ
737 1259 786 1311 οἱ
815 1257 1074 1330 εὔποροι,
1106 1260 1207 1311 ὅσα
1257 1259 1324 1313 ἂν
1359 1262 1656 1330 ποιήσωσιν
1679 1302 1693 1325 ,
1749 1262 1858 1314 ἀπὸ

162 1344 470 1414 χρημάτων
527 1339 804 1395 ποιοῦσιν·
851 1343 880 1394 6
931 1341 988 1393 δὲ
1022 1340 1265 1404 τοιοῦτος
1317 1343 1581 1404 πολλάκις
1625 1345 1718 1397 καὶ
1751 1344 1858 1397 ἀπὸ

161 1423 430 1474 κινδύνων
479 1420 572 1473 καὶ
617 1419 726 1471 ἀπὸ
775 1418 1021 1472 θανάτων
1065 1418 1234 1472 πολλὰ
1264 1421 1358 1472 καὶ
1388 1421 1598 1490 μεγάλα
1639 1423 1856 1475 συνετέ-

161 1499 340 1552 λεσεν.
387 1499 538 1568 Ὂσῳ
567 1497 624 1548 δὲ
673 1497 898 1566 χρυσίου
944 1496 1147 1559 παντὸς
1190 1496 1519 1568 τιμιώτερον
1568 1494 1737 1564 αἷμα,
1769 1517 1856 1553 το-

163 1578 342 1648 σούτῳ
377 1577 600 1647 βελτίων
623 1578 840 1647 ἐκείνης
876 1575 1015 1647 αῦτη
1044 1580 1077 1647 ἡ
1111 1579 1363 1648 εἰσφορά.

232 1663 296 1711 ε’.
315 1655 565 1709 Τοιοῦτοί
593 1673 739 1719 τινες
765 1653 904 1727 ἦσαν
930 1656 1026 1708 καὶ
1054 1651 1202 1710 οὗτοι
1235 1657 1286 1709 οί
1313 1657 1532 1710 Παύλου
1569 1656 1851 1728 ξενοδόχοι,

159 1738 192 1804 ἡ
240 1735 550 1808 Πρίσκιλλα
583 1734 676 1788 καὶ
703 1737 731 1787 6
784 1734 1048 1798 Ἀκύλας,
1084 1736 1132 1787 οἳ
1165 1737 1468 1806 χρημάτων
1506 1737 1605 1808 μὲν
1631 1755 1854 1810 περιου-

160 1817 286 1868 σίαν
313 1816 417 1867 οὐκ
446 1811 623 1884 εἶχον,
657 1812 890 1866 πλούτου
943 1813 1000 1865 δέ
1049 1815 1252 1877 παντὸς
1298 1815 1682 1887 εὐπορωτέραν
1728 1816 1852 1870 ἐκέ-

160 1911 366 1964 κτηντο
410 1893 672 1962 γνώμην,
712 1892 834 1945 καθ’
885 1891 1125 1962 ἐκάστην
1183 1892 1574 1948 ἀποθανεῖσθαι
1628 1895 1853 1967 προσδοο

159 1976 372 2039 κῶντες
393 1976 630 2046 ἡμέραν,
656 1974 751 2028 καὶ
781 1976 839 2027 ἐν
865 1976 1105 2042 σφαγαῖς
1133 1975 1230 2028 καὶ
1263 1975 1460 2046 αἵμασι
1496 1974 1727 2041 ζῶντες,
1760 1979 1854 2032 καὶ

157 2056 244 2110 διὰ
279 2055 485 2116 παντὸς
527 2052 932 2125 μαρτυροῦντες
982 2052 1077 2106 τοῦ
1124 2055 1340 2124 χρόνου.
1374 2055 1475 2108 Διά
1516 2055 1676 2108 τοῦτο
1700 2056 1851 2126 ἡνθει

155 2137 225 2189 τά
258 2135 506 2207 ἡμέτερα
546 2134 686 2186 κατὰ
728 2134 854 2195 τοὺς
894 2133 1122 2202 καιροὺς
1160 2134 1404 2198 ἐκείνους
1426 2173 1440 2195 ,
1465 2135 1549 2187 δτι
1577 2134 1720 2188 οὕτω
1753 2137 1852 2205 μὲν

155 2217 207 2268 οἱ
240 2214 490 2286 μαθηταὶ
506 2214 618 2275 τοῖς
647 2210 1012 2276 διδασκάλοις,
1041 2210 1186 2264 οὕτω
1213 2211 1270 2264 δέ
1304 2215 1351 2265 οἱ
1372 2213 1686 2266 διδάσκαλοι
1723 2231 1850 2268 συν-

157 2293 402 2347 εδέδεντο
431 2293 542 2350 τοῖς
588 2289 880 2361 μαθηταῖς.
920 2291 996 2342 Οὐ
1043 2291 1152 2360 γὰρ
1191 2291 1253 2361 δὴ
1296 2292 1656 2362 περὶτούτων
1691 2293 1850 2363 μόνον

159 2373 324 2442 φησὶν
372 2372 400 2422 6
449 2368 688 2433 Παῦλος,
720 2369 858 2422 ἀλλὰ
902 2369 997 2422 καὶ
1039 2369 1169 2438 περὶ
1221 2369 1424 2440 ἐτέρων
1477 2370 1708 2424 πολλῶν.
1742 2373 1851 2426 Καὶ

158 2453 265 2522 γὰρ
298 2449 578 2521 Ἑϐραίοις
611 2448 704 2502 καὶ
727 2447 1181 2502 Θεσσαλονικεῦσι
1203 2449 1430 2519 γράφων
1452 2450 1546 2502 καὶ
1559 2449 1849 2515 Γαλάταις,

160 2534 366 2602 πολλὴν
407 2533 582 2586 ἅπασι
611 2530 879 2600 μαρτυρεῖ
909 2528 1232 2601 πειρασμῶν
1261 2530 1558 2601 ἐπαγωγὴν
1578 2572 1592 2595 ,
1623 2532 1718 2584 καὶ
1744 2531 1852 2584 δεί-

158 2631 317 2668 κνυσι
348 2614 416 2666 δι’
447 2607 522 2666 ὧν
570 2609 891 2664 ἐπέστελλεν
909 2649 922 2672 ,
950 2610 1031 2663 δτι
1061 2611 1155 2663 καὶ
1178 2610 1472 2678 ἠλαύνοντο
1503 2612 1598 2664 καὶ
1626 2612 1727 2681 τῆς
1747 2630 1852 2665 πα-

156 2694 337 2764 τρίδος
376 2691 667 2758 ἐξέπιπτον
686 2731 700 2756 ,
737 2689 833 2742 καὶ
855 2688 954 2753 τὰς
982 2689 1169 2752 οὐσίας
1189 2689 1472 2742 ἀπώλλυον
1495 2730 1508 2754 ,
1527 2693 1622 2744 καὶ
1657 2691 1852 2764 μέχρις

157 2772 322 2826 αὐτοῦ
352 2770 440 2823 τοῦ
459 2769 692 2839 αἵματος
709 2767 1050 2821 ἐκινδύνευον
1063 2784 1076 2796 ·
1097 2768 1191 2820 καὶ
1203 2767 1347 2831 ἄπας
1364 2770 1657 2837 ἐναγώνιος
1669 2772 1852 2833 αὐτοῖς

157 2853 184 2902 6
213 2852 331 2922 βίος
367 2847 456 2921 ἦν,
479 2848 574 2903 καὶ
609 2847 748 2901 αὐτὰ
769 2847 825 2899 δέ
855 2847 1375 2918 ἁκρωτηριασθῆναι
1404 2848 1472 2901 τὰ
1500 2849 1636 2920 μέλη
1661 2850 1762 2902 οὐκ
1785 2850 1852 2902 ἂν

157 2931 300 3000 ὐπέρ
329 2929 440 2980 τῶν
469 2926 807 2980 διδασκάλων
837 2927 1243 2996 παρῃτήσαντο.
1277 2925 1400 2989 Τοῖς
1423 2927 1552 2994 γοῦν
1582 2927 1853 2991 Γαλάταις

159 3009 495 3064 ἐπιστέλλων
546 3007 698 3075 έλεγε
721 3023 735 3037 ο
773 3004 1067 3074 Μαρτυρῶ
1102 3005 1211 3074 γὰρ
1247 3005 1412 3074 ὑμῖν.
1447 3006 1558 3066 ὅτι,
1587 3010 1640 3060 εὶ
1671 3006 1853 3061 (Sura-

155 3091 282 3154 τὸν,
308 3091 459 3156 τοὺς
484 3089 829 3160 ὀφθαλμοὺς
861 3088 1030 3158 ὑμῶν
1062 3089 1460 3156 ἐξορύξαντες
1497 3088 1574 3143 ἂν
1596 3090 1853 3144 ἐδώκατέ

154 3188 271 3240 μοι.
309 3171 422 3224 Καὶ
441 3171 533 3223 τὸν
575 3170 859 3239 Ἐπαφρᾶν
892 3169 948 3222 δὲ
972 3169 1064 3222 τὸν
1090 3171 1147 3221 ἐν
1178 3168 1480 3232 Κολοσσαῖς
1507 3170 1600 3222 ἐπὶ
1621 3174 1731 3234 τοῖς
1757 3172 1852 3224 αὐ-

155 3258 265 3318 τοῖς
283 3254 616 3324 ἀποδέχεται
639 3253 823 3318 πάλιν,
847 3251 1038 3318 εἰπὼν,
1062 3253 1144 3305 ὅτι
1184 3251 1517 3319 Ἠσθένησε
1545 3255 1853 3322 παραπλήο

157 3348 296 3386 σιον
322 3331 588 3386 θανάτου
612 3376 624 3398 ,
643 3333 740 3386 καὶ
765 3331 1035 3400 ἠλέησεν
1061 3331 1249 3385 αὐτὸν
1275 3334 1307 3384 o'
1335 3331 1500 3395 Θεὸς,
1532 3335 1642 3386 οὐκ
1664 3334 1852 3386 αὑτὸν

157 3414 458 3484 δὲμόνον,
486 3416 646 3469 ἀλλὰ
672 3415 771 3468 καί
800 3412 924 3484 ἐμὲ,
943 3414 1044 3468 ἵνα
1069 3414 1155 3484 μὴ
1169 3416 1378 3481 λύπην
1391 3415 1487 3468 ἐπὶ
1510 3415 1676 3483 λύπῃ
1694 3414 1846 3485 σχῶ.

158 3492 317 3547 Οὕτω
363 3493 420 3546 δέ
462 3488 586 3546 εἷπε
628 3493 842 3556 δεικνὺς
864 3531 878 3554 ,
924 3493 1006 3545 δτι
1033 3491 1259 3556 δικαίως
1288 3491 1512 3562 ἔμελλεν
1547 3491 1732 3561 ἀλγεῖν
1759 3493 1851 3548 ἐπὶ

157 3575 220 3644 τῇ
245 3571 483 3643 τελευτῇ
507 3569 602 3623 τοῦ
631 3569 894 3641 μαθητοῦ.
932 3571 1039 3623 Καὶ
1065 3569 1166 3640 τὴν
1193 3570 1396 3641 ἀρετὴν
1421 3570 1476 3624 δέ
1501 3571 1663 3624 αὐτοῦ
1689 3571 1850 3626 πάλιν

157 3651 503 3706 ἐκκαλύπτει
560 3652 757 3714 πᾶσιν,
787 3649 987 3703 οὐτωσι
1021 3648 1226 3718 λέγων,
1266 3650 1346 3702 ὅτι
1400 3650 1641 3720 Ἦγγισε
1673 3650 1850 3721 μέχρι

158 3735 430 3790 θανάτου
453 3731 1104 3803 παραϐουλευσάμενος
1125 3731 1200 3801 τῇ
1224 3731 1399 3801 ψυχῇ
1413 3773 1426 3796 ,
1451 3733 1552 3786 ἵνα
1580 3734 1851 3801 ἀναπλη-

153 3817 328 3885 ρώσῃ
373 3812 440 3867 τὸ
477 3811 645 3882 ὑμῶν·
683 3811 993 3880 ὑστέρημα
1035 3809 1146 3877 τῆς
1176 3812 1327 3878 πρός
1355 3813 1846 3881 μελειτουργίας.

158 3895 222 3948 Τί
247 3891 458 3964 γένοιτ’
491 3893 556 3946 ἂν
586 3889 810 3945 ἐκείνων
842 3888 1277 3961 μακαριώτερον,
1299 3890 1354 3942 τί
1382 3891 1439 3944 δὲ
1462 3890 1620 3960 ἡμῶν
1659 3891 1851 3945 ἀθλιώ-

157 3997 320 4050 τερον
340 3991 403 4044 ις
438 3977 492 4030 εί
513 3993 577 4045 γε
609 3977 807 4029 ἐκεῖνοι
856 3975 955 4045 μὲν
993 3975 1090 4028 καὶ
1126 3974 1188 4026 τὸ
1216 3968 1390 4044 αἷμα,
1424 3975 1519 4028 καὶ
1545 3974 1645 4045 τὴν
1669 3976 1848 4047 ψυχὴν

158 4059 297 4130 ὺπέρ
350 4055 459 4109 τῶν
497 4054 833 4109 διδασκάλων
873 4054 1158 4126 προΐεντο,
1215 4055 1378 4124 ἡμεῖς
1421 4053 1479 4106 δέ
1517 4053 1639 4106 οὐδὲ
1697 4057 1848 4126 ῥῆμα

156 4137 313 4207 ψιλὸν
359 4135 621 4197 πολλάκις
659 4132 927 4206 προέσθαι
965 4132 1254 4203 τολμῶμεν
1303 4132 1442 4202 ὑπὲρ
1489 4131 1599 4184 τῶν
1655 4135 1849 4188 κοινῶν

159 4215 454 4285 πατέρων,
503 4212 641 4266 ἀλλὰ
695 4211 985 4274 ἀκούοντες
1032 4211 1229 4274 αὐτοὺς
1282 4208 1846 4281 βλασφημουμένους,

158 4297 608 4369 λοιδορουμένους
639 4295 827 4358 κακῶς
857 4295 950 4348 καὶ
986 4293 1136 4365 παρὰ
1165 4292 1274 4346 τῶν
1314 4292 1534 4346 οἰκείων
1567 4295 1662 4346 καὶ
1697 4295 1851 4366 παρά

155 4376 266 4429 τῶν
307 4375 642 4446 ἀλλοτρίων,
670 4374 771 4428 οὐκ
812 4373 1242 4444 ἐπιστομίζομεν
1282 4372 1410 4435 τοὺς
1449 4370 1738 4440 λέγοντας,
1787 4375 1846 4428 οὐ

159 4459 472 4529 κωλύομεν,
502 4460 604 4510 οὐκ
633 4457 950 4527 ἐλέγχομεν.

228 4553 366 4608 Εἴθε
405 4551 505 4622 μέν
543 4547 636 4606 οὖν
667 4553 742 4624 μὴ
770 4552 926 4605 αὐτοὶ
950 4552 1048 4623 τῆς
1079 4551 1420 4621 κακηγορίας
1445 4552 1692 4624 ἡρχομεν
1714 4551 1848 4605 ταύ-

155 4651 276 4705 της.
324 4633 464 4685 Νυνὶ
517 4633 574 4685 δέ
619 4632 682 4684 οὐ
717 4631 961 4685 τοσαῦτα
1002 4632 1156 4702 παρὰ
1209 4632 1318 4684 τῶν
1359 4631 1606 4685 ἀπίστων
1659 4631 1847 4703 σκώμ-

163 4735 313 4789 ματα
350 4717 446 4769 καὶ
492 4715 690 4784 ὀνείδη,
743 4716 844 4769 ὅσα
886 4714 1040 4785 παρά
1086 4715 1194 4767 τῶν
1246 4713 1546 4766 δοκούντων
1583 4710 1721 4768 εἶναι
1757 4731 1850 4768 πι-

161 4798 308 4852 στῶν
345 4797 442 4850 καὶ
473 4794 593 4866 μεθ’
618 4794 774 4867 ἡμῶν
797 4794 1060 4866 τετάχθαι
1088 4794 1354 4865 γινόμενα
1379 4795 1461 4857 είς
1494 4795 1620 4857 τοὺς
1652 4796 1849 4866 ἄρχονο

158 4902 256 4949 τας
296 4884 404 4939 ῐδοι
438 4901 522 4946 τις
549 4883 633 4937 ἄν.
670 4883 793 4937 Ἔτι
822 4878 915 4937 οῦν
939 4883 1244 4956 ζητήσομεν
1272 4882 1435 4936 πόθεν
1479 4881 1724 4954 ῥᾳθυμία
1761 4900 1850 4936 10-

163 4974 345 5043 σαύτη
365 4973 461 5026 καί
488 4970 776 5036 εὐλαϐείας
797 4971 1071 5043 ὑπεροψία
1089 4972 1335 5040 γέγονεν,
1355 4971 1484 5024 ὅταν
1504 4969 1678 5035 οὕτως
1698 4964 1848 5043 ὦμεν

159 5059 426 5132 ἀπεχθῶς
463 5060 602 5130 πρὸς
640 5060 766 5124 τοὺς
813 5059 1059 5130 πατέρας
1105 5059 1441 5130 διακείμενοι
1489 5059 1616 5121 τούς
1650 5060 1848 5130 ἡμετέο

165 5165 293 5220 ρους
318 5166 332 5212 ;
371 5148 446 5201 Οὐ
476 5147 586 5218 γάρ
611 5147 782 5212 ἐστιν,
813 5146 915 5200 οὐκ
949 5145 1098 5200 ἔστιν
1145 5147 1320 5208 οὐδὲν,
1366 5146 1394 5200 ὃ
1423 5145 1724 5201 καταλῦσαι
1750 5146 1847 5201 καὶ

158 5235 478 5304 διαφθεῖραι
511 5233 844 5306 Ἐκκλησίαν
876 5233 1080 5287 δύναιτ’
1113 5233 1200 5298 ἂν,
1233 5233 1433 5304 μᾶλλον
1459 5232 1518 5286 δέ
1556 5234 1658 5287 οὐκ
1700 5233 1846 5288 ἐστιν

161 5325 309 5379 οὔτω
345 5323 600 5390 γενέσθαι
644 5323 804 5377 τοῦτο
851 5322 1148 5395 ἀλλαχόθεν
1179 5321 1399 5394 ῥαδίως,
1432 5321 1605 5392 ἀλλ’ἢ
1637 5323 1762 5376 ὅταν
1797 5326 1846 5379 οί

163 5412 415 5482 μαθηταὶ
448 5412 562 5474 τοῖς
586 5410 952 5473 διδασκάλοις,
980 5410 1214 5474 καὶτοῖς
1253 5408 1523 5480 πατράσιν
1556 5409 1604 5461 οἱ
1637 5409 1843 5474 παῖδες,

165 5499 259 5556 καὶ
305 5499 420 5561 τοῖς
467 5498 732 5570 ἄρχουσιν
780 5501 830 5552 οἱ
870 5497 1163 5570 ἀρχόμενοι
1211 5497 1287 5567 μὴ
1333 5495 1469 5565 μετά
1513 5495 1716 5570 πολλῆς
1745 5491 1845 5551 ὦσι

163 5585 540 5656 συνδεδεμένοι
561 5584 663 5656 τῆς
690 5584 998 5657 ἁκριόείας.
1032 5581 1165 5639 Εἶτα
1182 5585 1247 5639 ἂν
1277 5585 1374 5654 μὲν
1402 5583 1491 5638 τὸν
1513 5583 1741 5654 ἀδελφόν
1760 5602 1846 5648 τις

225 5755 254 5785 ⁸
279 5755 412 5821 “ge,
436 5758 482 5821 τί
503 5758 554 5807 δὲ
574 5759 712 5821 ἡμῶν
735 5759 1036 5821 ἀθλιώτερον,
1057 5757 1239 5807 desunt
1258 5758 1307 5804 in
1336 5755 1506 5806 Morel.
1537 5755 1636 5806 Sed
1657 5756 1828 5820 haben

163 5819 249 5872 ω
269 5821 323 5870 ιιι
340 5818 540 5870 Coislln.
569 5818 624 5870 ei
642 5836 670 5870 ε
693 5821 905 5871 Gelenlo
937 5818 1063 5869 lecta
1086 5827 1218 5867 sum.

587 5914 862 5980 Ριτιιοι.
907 5911 1026 5976 Gn.
1075 5911 1172 5975 LI.

1972 815 2349 882 κατελάλεις.
2407 813 2560 888 [189]
2594 816 2698 869 Τὸν
2749 815 3122 885 πνευματικὸν
3157 814 3215 868 δέ
3267 817 3484 888 πατέρα
3529 833 3662 871 κατ⁶

1969 901 2208 973 ηγορῶν,
2240 902 2389 969 ἀξιον
2415 898 2555 956 εἶναι
2587 900 2829 973 νομίζεις
2858 902 3055 957 σαυτδν
3077 902 3335 973 ἐπιϐῆναι
3363 905 3472 956 τῶν
3494 904 3660 976 ἱερῶν

1970 991 2298 1061 προθύρων;
2329 988 2441 1044 Καὶ
2478 989 2598 1055 πῶς
2633 989 2700 1044 ἂν
2729 989 2844 1060 έχοι
2875 988 3064 1058 λόγον;
3111 991 3174 1043 Ei
3201 990 3311 1060 γὰρ
3341 992 3392 1044 οί
3425 992 3658 1045 κακολοο

1969 1081 2196 1148 γοῦντες
2249 1081 2462 1152 πατέρα
2509 1079 2542 1151 ἢ
2599 1081 2812 1152 μητέρα
2855 1079 3074 1152 θανάτῳ
3124 1079 3444 1145 τελευτῶσι,
3494 1081 3658 1145 ποίας

1967 1168 2117 1233 ἄξιος
2165 1168 2317 1221 ἔσται
2363 1165 2522 1239 δίκης
2575 1169 2603 1219 6
2650 1167 2742 1220 τὸν
2791 1166 2972 1238 πολλῷ
3016 1167 3125 1220 τῶν
3173 1168 3376 1236 γονέων
3427 1168 3655 1222 ἐκείνων

1968 1256 2390 1324 ἀναγκαιότερον
2418 1254 2547 1309 ὄντα
2584 1255 2680 1308 καὶ
2724 1255 2918 1324 βελτίω
2964 1255 3180 1326 τολμῶν
3215 1255 3396 1324 λέγειν
3435 1255 3651 1323 κακῶς;

1972 1344 2084 1396 Καὶ
2116 1345 2178 1397 οὐ
2209 1345 2438 1410 δέδοικε,
2471 1344 2683 1415 μήποτε
2708 1344 2975 1397 διαστᾶσα
3003 1345 3036 1414 ἡ
3067 1344 3140 1413 γῆ
3175 1341 3458 1407 παντελῶς
3491 1341 3656 1397 αὐτὸν

1967 1432 2232 1504 ἀφανίσῃ,
2269 1432 2304 1504 ἢ
2336 1431 2578 1502 σκηπτὸς
2605 1430 2815 1486 ἀνωθεν
2847 1430 3196 1502 κατενεχθεὶς
3219 1431 3530 1506 καταφλέξῃ
3553 1433 3652 1504 τὴν

1966 1521 2274 1591 κατήγορον
2301 1519 2585 1587 γλῶτταν;
2619 1516 2735 1572 Οὐκ
2762 1519 3003 1589 ἤκουσας
3033 1519 3086 1571 τί
3127 1518 3393 1572 πέπονθεν
3420 1522 3453 1592 η
3485 1521 3652 1575 Μωῦ-

1875 1649 1883 1656 .
1967 1605 2105 1668 σέως
2155 1605 2360 1676 ἀδελφὴ
2389 1600 2728 1658 κατειποῦσα
2751 1603 2846 1657 τοῦ
2876 1605 3166 1676 ἁρχοντο;;
3195 1603 3312 1668 πῶς
3340 1605 3652 1678 ἀκάθαρτος

1964 1691 2177 1760 γέγονε,
2195 1693 2289 1746 καὶ
2307 1693 2387 1756 εις
2411 1692 2622 1763 λέπραν
2646 1693 2890 1756 ἐνέπεσε,
2918 1692 3012 1746 καὶ
3037 1691 3134 1764 τὴν
3157 1692 3395 1764 ἐσχάτην
3419 1693 3650 1764 ὐπέμει-

1963 1797 2052 1832 νεν
2082 1779 2344 1850 ἀτιμίαν,
2386 1780 2483 1832 καὶ
2520 1779 2616 1833 τοῦ
2670 1779 2902 1849 ἀδελφοῦ
2936 1776 3388 1852 παρακαλοῦντος
3431 1783 3525 1836 καὶ
3570 1780 3652 1854 τῷ

1963 1866 2084 1937 Θεῷ
2137 1869 2576 1940 προσπίπτοντος
2595 1908 2610 1932 ,
2653 1868 2910 1938 οὐδεμιᾶς
2939 1866 3098 1938 ἔτυχε
3135 1867 3487 1939 συγγνώμης,
3515 1869 3651 1924 ἁλλά

1963 1955 2062 2007 καὶ
2110 1955 2386 2026 ἐκθεμένη
2418 1955 2507 2007 τὸν
2543 1955 2699 2022 ἁγιον
2727 1956 2956 2019 ἐκεῖνον,
2990 1955 3084 2008 καὶ
3114 1953 3251 2025 πρὸς
3289 1954 3388 2027 τὴν
3421 1957 3653 2026 ἀνατρο-

1962 2041 2070 2112 φὴν
2128 2041 2292 2095 αὐτοῦ
2341 2042 2743 2106 συντελέσασα,
2801 2041 2897 2096 καὶ
2933 2042 3082 2106 ὅπως
3126 2043 3160 2114 ἡ
3214 2043 3401 2114 μήτηρ
3442 2043 3653 2111 γένοιτο

1961 2129 2161 2201 τροφὸς
2185 2169 2200 2194 ,
2235 2130 2329 2183 καὶ
2366 2130 2442 2200 μὴ
2476 2130 2536 2182 ἐν
2583 2129 2892 2200 βαρϐαρικῇ
2927 2130 3072 2200 χειρὶ
3113 2132 3296 2201 τραφῇ
3331 2129 3394 2183 τὸ
3438 2130 3651 2206 παιδίον

1961 2217 2200 2288 ἐξαρχῆς
2235 2217 2638 2289 συμπράξασα,
2675 2217 2772 2270 καὶ
2815 2217 2954 2287 μετά
2999 2216 3174 2270 ταῦτα
3215 2218 3648 2290 στρατηγήσασα

1960 2304 2056 2358 τοῦ
2092 2305 2406 2374 γυναικείου
2451 2305 2644 2374 γένους
2668 2347 2683 2372 ,
2715 2303 2970 2374 καθάπερ
3013 2300 3257 2374 Μωῦσῆς
3282 2305 3374 2357 τοῦ
3406 2305 3514 2358 τῶν
3554 2308 3650 2360 ἁν-

1959 2393 2123 2466 δρῶν,
2156 2396 2250 2448 καὶ
2277 2395 2455 2449 πάντα
2487 2393 2940 2464 συνδιενεγκοῦσα
2978 2393 3048 2447 τὰ
3085 2393 3256 2460 δεινά,
3303 2394 3396 2448 καὶ
3441 2395 3648 2466 ἀδελφὴ

1962 2483 2242 2546 Μωῦσέως
2271 2479 2426 2548 οὐσα,
2468 2482 2622 2536 οὐδὲν
2653 2483 2805 2554 ὅμως
2837 2482 2945 2535 άπὸ
2977 2482 3182 2536 τούτων
3213 2484 3470 2536 ἁπάντων
3495 2483 3650 2554 ἐκέρ-

1960 2568 2117 2622 δανεν
2150 2569 2230 2631 εἰς
2259 2567 2320 2620 16
2347 2569 2635 2638 διαφυγεῖν
2679 2569 2778 2640 τὴν
2821 2567 2992 2640 ὀργὴν
3021 2568 3116 2622 τοῦ
3145 2569 3278 2622 Θεοῦ
3313 2569 3406 2622 ἐπὶ
3445 2572 3511 2640 τῇ
3543 2587 3645 2623 κα-

1972 2657 2240 2728 κηγορίας
2277 2655 2392 2708 ἀλλ’
2414 2658 2441 2708 6
2469 2657 2713 2728 Μωῦσῆς
2736 2695 2750 2719 ,
2776 2658 2805 2709 6
2831 2655 3086 2711 τοσοῦτον
3111 2656 3238 2710 λαὸν
3275 2656 3646 2728 ἐξαιτησάμε-

1960 2761 2050 2808 νος
2084 2744 2221 2815 μετὰ
2254 2746 2354 2816 τὴν
2382 2743 2588 2814 ἄφατον
2618 2744 2874 2798 ἀσέϐειαν
2902 2745 3119 2816 ἐκείνην
3137 2788 3152 2812 ,
3199 2738 3354 2807 οὗτος
3380 2747 3520 2817 ὑπὲρ
3544 2747 3647 2817 τῆς

1961 2832 2200 2901 ἀδελφῆς
2233 2831 2595 2902 προσπίπτων
2639 2833 2734 2885 καὶ
2770 2831 3102 2903 συγγνώμην
3132 2833 3320 2896 αἰτῶν,
3356 2833 3458 2887 οὐκ
3491 2835 3644 2906 ἴσχυ-

1964 2937 2056 2973 σεν
2088 2919 2214 2972 ίλεω
2259 2920 2483 2989 ποιῆσαι
2527 2919 2616 2971 τὸν
2661 2918 2817 2984 Θεὸν,
2860 2919 2996 2972 ἁλλά
3042 2920 3136 2972 καὶ
3175 2922 3472 2992 ἐπετιμᾶτο
3516 2940 3647 2992 σφο-

1960 3007 2104 3080 δρῶς
2124 3024 2137 3037 ·
2179 3007 2267 3060 ῖνα
2303 3006 2564 3077 μάθωμεν
2595 3009 2759 3078 ἡμεῖς
2784 3008 2908 3062 ὅσον
2931 3008 3102 3062 κακόν
3128 3011 3265 3070 ἐστι.
3304 3011 3366 3062 16
3391 3012 3518 3072 τοὺς
3547 3012 3647 3084 ἄρ·

1962 3112 2156 3166 χοντας
2193 3095 2371 3162 λέγειν
2412 3094 2635 3160 κακῶς,
2688 3096 2785 3149 καὶ
2827 3098 2952 3161 τοὺς
2996 3095 3201 3169 ἐτέρων
3233 3098 3440 3169 κρίνειν
3474 3097 3644 3168 βίους.

1963 3182 2073 3236 Καὶ
2099 3182 2210 3254 γὰρ
2245 3182 2339 3234 ἐπὶ
2366 3183 2465 3251 τῆς
2493 3182 2709 3254 ἡμέρας
2739 3185 2980 3254 ἐκείνης,
3011 3185 3115 3238 οὐκ
3147 3185 3240 3253 ἀφ’
3283 3179 3358 3238 ὧν
3395 3187 3647 3256 ἁμαρτά-

1961 3287 2124 3342 νομεν
2157 3268 2334 3341 μόνον,
2355 3267 2488 3322 ἁλλά
2510 3270 2599 3321 καὶ
2625 3268 2714 3339 ἀφ’
2743 3263 2818 3325 ὧν
2856 3271 3067 3343 ἐτέροις
3093 3271 3501 3344 ἐψηφισάμεθα,
3523 3291 3647 3346 κρι-

1961 3362 2043 3412 νεῖ
2066 3357 2285 3420 πάντως
2311 3359 2445 3428 ἡμῖν
2477 3359 2506 3410 6
2531 3357 2693 3422 Θεόςο
2743 3359 2836 3412 καὶ
2863 3357 3123 3422 πολλάκις
3153 3359 3182 3412 δ
3213 3362 3280 3430 τῇ
3318 3359 3480 3427 φύσει
3516 3363 3647 3414 κοῦ-

1962 3440 2060 3509 φόν
2099 3442 2249 3494 ἐστιν
2277 3440 2606 3511 ἁμάρτημα,
2659 3440 2820 3494 τοῦτο
2852 3441 3088 3511 χαλεπὸν
3132 3443 3227 3495 καὶ
3261 3442 3645 3512 ἁσύγγνωστον

1960 3528 2206 3596 γίγνεται
2230 3530 2296 3599 τῇ
2327 3525 2420 3579 τοῦ
2442 3527 2852 3598 ἁμαρτάνοντος
2880 3545 2948 3581 πε
2958 3529 3011 3600 ρὶ
3039 3527 3229 3602 ἐτέρου
3256 3529 3460 3602 κρίσει.
3491 3531 3644 3605 Τάχι

1961 3615 2171 3684 ἀσαφὲς
2201 3617 2263 3668 τὸ
2303 3610 2594 3687 εἰρημένον
2614 3628 2626 3643 ·
2657 3610 2854 3670 οὐκοῦν
2891 3616 3024 3670 αὐτὸ
3062 3615 3232 3688 σαφές
3267 3617 3495 3688 ποιῆσαι
3525 3635 3647 3672 πει-

1964 3703 2220 3773 ράσομαι.
2250 3701 2508 3772 ’Πμαρτέ
2540 3719 2655 3766 τιςο
2693 3702 2882 3773 ἕτερον
2909 3705 3298 3774 ἁμαρτάνοντα
3340 3705 3439 3776 τὴν
3475 3705 3646 3777 αὐτὴν

1959 3787 2236 3858 ἁμαρτίαν
2269 3785 2593 3840 κατεδίκασε
2623 3784 2888 3856 σφοδρῶς.
2930 3787 3020 3840 Ἐν
3051 3789 3117 3859 τῇ
3150 3787 3334 3860 ἡμέρα
3365 3789 3549 3860 ἐκείνῃ
3581 3791 3642 3842 οὐ

1959 3875 2231 3947 τοσαύτην
2259 3875 2558 3928 ἐπισπᾶται
2588 3873 2834 3938 κόλασιν,
2877 3875 3012 3945 ὅσην
3055 3877 3089 3945 ἡ
3129 3876 3293 3945 φύσις
3326 3875 3426 3945 τῆς
3470 3878 3646 3948 ἁμαρ-

1959 3963 2082 4026 τίας
2111 3962 2372 4026 ἀπαιτεῖ,
2405 3961 2543 4016 ἀλλὰ
2586 3961 2683 4015 καὶ
2729 3958 3054 4017 διπλασίονα
3082 3961 3263 4033 πολλῷ
3293 3964 3387 4015 καὶ
3416 3961 3643 4032 τριπλα-

1962 4050 2114 4103 σίονα
2135 4067 2147 4079 ·
2181 4051 2242 4102 οὐ
2278 4049 2389 4121 γάρ
2418 4049 2513 4119 ἀφ’
2545 4039 2620 4104 ὧν
2661 4048 2824 4114 αὐτὸς
2854 4048 3268 4122 ἡμαρτεν,’ἀλλ⁹
3303 4051 3396 4118 ἀφ’
3429 4042 3503 4103 ὧν
3527 4049 3645 4102 ἓτε-

1962 4156 2055 4209 ρον
2085 4138 2471 4211 ἀμαρτάνοντα
2516 4138 2586 4193 τὰ
2631 4137 2772 4192 αὐτὰ
2805 4137 3058 4209 χαλεπῶς
3088 4138 3335 4202 ἐκόλασε,
3359 4137 3644 4209 ψηφιεῖται

1959 4226 2108 4299 αὐτῷ
2137 4223 2236 4299 τὴν
2263 4228 2536 4299 τιμωρίαν
2559 4228 2588 4282 6
2618 4226 2772 4290 Θεός.
2812 4227 2922 4280 Καὶ
2947 4227 3028 4280 ὅτι
3060 4225 3222 4281 τοῦτό
3245 4229 3393 4281 ἐστιν
3422 4225 3641 4296 ἀληθὲς,

1958 4313 2067 4368 ἀπὸ
2110 4315 2220 4369 τῶν
2262 4315 2647 4386 γεγενημένων
2687 4313 2782 4368 καὶ
2827 4313 3130 4378 ἐκόάντων,
3175 4314 3461 4384 μειζόνως,
3503 4315 3643 4381 ὅπερ

1961 4401 2278 4474 ὑπεσχόμην
2327 4404 2478 4474 ύμῖν,
2525 4401 2660 4456 αὐτὸ
2710 4403 2922 4472 ποιήσω
2975 4400 3305 4470 καταφανές.
3365 4401 3422 4453 Ὀ
3471 4402 3642 4471 Φαρι-

1961 4494 2134 4554 σαῖος,
2175 4491 2350 4544 καίτοι
2379 4506 2444 4557 γε
2477 4489 2642 4552 αὐτὸς
2673 4488 2824 4542 οὐδὲν
2853 4488 3139 4561 ἁμαρτὼν,
3172 4487 3307 4541 ἀλλά
3341 4487 3434 4540 καὶ
3472 4488 3530 4539 ἐν
3562 4488 3643 4541 δι-

1958 4579 2218 4648 καιοσύνῃ
2255 4576 2448 4648 ξὴσας,
2483 4576 2579 4630 καὶ
2625 4576 2800 4630 πολλὰ
2829 4577 2967 4646 ἔχων
2997 4575 3402 4648 κατορθώματα
3443 4577 3639 4637 είπεῖν,

1959 4664 2149 4735 ἐπειδὴ
2197 4666 2289 4717 τὸν
2330 4663 2592 4734 τελώνην,
2632 4661 2724 4717 τὸν
2761 4665 2986 4736 ἅρπαγα
3028 4665 3122 4717 καὶ
3167 4662 3498 4734 πλεονέκτην
3545 4666 3642 4717 καὶ

1958 4749 2422 4823 παρανομώτατον
2455 4751 2802 4816 κατεδίκασε,
2835 4750 3106 4822 τοσαύτην
3153 4750 3321 4804 ἔδωκε
3353 4750 3532 4822 δίκην,
3563 4752 3640 4815 ὡς

1957 4841 2167 4894 ἐκείνου
2203 4837 2412 4910 μείζονι
2447 4840 2732 4912 τηρεῖσθαι
2774 4839 3014 4894 κολάσει.
3067 4839 3130 4894 Et
3177 4839 3234 4893 δέ
3262 4841 3290 4894 6
3325 4839 3491 4910 μηδὲν
3543 4840 3642 4911 μὲν

1957 4925 2222 5000 ἁμαρτὼν
2249 4927 2413 4990 αὐτὸς
2438 4967 2453 4992 ,
2489 4927 2876 4998 ἁμαρτάνοντα
2902 4927 2959 4981 δὲ
2998 4928 3185 4999 ἕτερον
3228 4927 3323 4980 καὶ
3364 4927 3640 4998 περιφανῆ

1957 5017 2124 5069 πᾶσιν
2150 5015 2242 5068 ἐπὶ
2275 5015 2648 5085 παρανομίαις
2674 5016 2826 5080 ὅντα,
2853 5016 3060 5087 ῥήματι
3097 5015 3241 5086 ψιλῷ
3269 5014 3640 5077 καταδικάσας

1957 5105 2224 5176 τοσαύτην
2268 5104 2622 5158 ἐπεσπάσατο
2660 5104 2906 5169 κόλασιν,
2938 5107 2986 5159 οἱ
3017 5105 3186 5159 πολλά
3227 5105 3327 5176 μὲν
3359 5103 3482 5158 καθ’
3507 5104 3637 5157 ἐκά-

1959 5209 2090 5264 στην
2125 5190 2338 5264 ἡμέραν
2363 5190 2794 5262 ἁμαρτάνοντες,
2825 5193 3029 5265 ἐτέρων
3063 5193 3118 5247 δέ
3159 5191 3309 5262 βίους
3339 5190 3632 5244 καταδικά-

1956 5280 2160 5346 ζοντες,
2185 5278 2308 5331 οὐδὲ
2337 5279 2599 5349 ἐμφανεῖς
2631 5279 2792 5343 ὄντας
2827 5282 2956 5346 τινὶ,
2987 5281 3108 5335 οὐδὲ
3136 5279 3348 5350 δήλους,
3379 5279 3632 5346 ἐννόησον

1955 5370 2086 5438 ὅσην
2131 5367 2554 5437 ὐποστησόμεθα
2601 5369 2841 5435 κόλασιν,
2878 5371 2995 5432 πῶς
3040 5365 3420 5436 ἐκπεσούμεθα
3449 5365 3632 5437 πάσης

1957 5453 2312 5525 συγγνώμης.
2362 5455 2460 5506 Ἑν
2494 5449 2542 5520 ᾧ
2577 5456 2686 5524 γὰρ
2730 5457 2965 5525 κρίματι
2985 5494 3000 5520 ,
3029 5454 3198 5524 φησὶ,
3228 5452 3460 5521 κρίνετε
3485 5493 3501 5518 ,
3534 5455 3631 5507 καὶ

1952 5541 2122 5613 ὑμεῖς
2154 5541 2535 5610 κριθήσεσθε.

2027 5631 2101 5698 ς’.
2127 5631 2225 5688 Διὰ
2251 5631 2321 5700 δὴ
2340 5631 2518 5685 ταῦτα
2545 5629 2830 5695 ἁντιδολῶ,
2857 5630 2952 5685 καὶ
2980 5630 3253 5703 παραινῶ,
3291 5629 3386 5684 καὶ
3418 5629 3626 5701 δέομαι,

1953 5717 2156 5787 ταύτης
2194 5716 2502 5786 ἀποστῆναι
2551 5716 2654 5786 τῆς
2697 5720 2940 5789 πονηρᾶς
2981 5717 3292 5789 συνηθείας.
3340 5717 3478 5782 Τοὺς
3528 5719 3627 5790 μὶν

1957 5802 2109 5880 [190]
2134 5802 2244 5874 γὰρ
2266 5803 2444 5874 ἱερέας
2475 5804 2662 5870 κακῶς
2679 5806 2980 5872 ἀκούοντας
3001 5805 3154 5860 οὐδὲν
3177 5800 3625 5877 παραϐλάψομενι

3137 5909 3214 5974 13
