4006 6420
215 407 316 469 ξῦδ

217 524 323 583 sive
362 527 612 582 ementita
641 568 655 590 ,
686 525 799 580 sive
828 540 951 579 vera
994 527 1101 581 sint
1138 543 1259 597 qua:
1289 529 1357 583 de
1398 529 1479 584 eis
1521 529 1791 584 dicimus:

222 618 461 688 quoniam
494 626 548 671 et
576 615 879 671 Pharisa‘us
908 617 1191 685 publicano
1226 617 1357 672 nihil
1382 620 1584 687 nocuit,
1630 620 1722 675 sed
1750 630 1803 675 ct

224 712 315 780 ipsi
343 709 555 780 profuit,
589 710 714 764 licet
734 725 857 764 vera
885 709 952 764 de
977 725 1043 764 eo
1068 710 1291 766 diceret.
1325 711 1589 766 Caeterum
1616 714 1799 768 nobis-

228 803 351 872 ipsis
376 801 511 855 mala
540 809 800 857 extrema.
822 802 918 870 ipsi
956 804 1282 857 accersimus
1304 843 1318 868 ,
1356 803 1495 857 sicut
1522 813 1577 858 et
1608 804 1798 859 Phari-

223 909 352 950 smus
382 895 433 949 in
464 893 698 963 seipsum
730 894 963 964 gladium
1004 894 1218 964 impulit
1243 935 1258 956 ,
1301 902 1358 950 et
1397 895 1545 950 letali
1585 905 1805 966 accepta

224 987 364 1057 plaga
393 985 541 1039 abiit.
576 983 643 1041 Ut
670 984 831 1055 igitur
856 999 925 1039 ne
946 994 999 1040 et
1028 1000 1125 1039 nos
1145 985 1283 1041 idem
1313 986 1598 1056 patiamur,
1632 986 1802 1056 impe-

224 1092 394 1132 remus
428 1076 702 1131 indomita:
753 1077 966 1147 linguze.
1008 1075 1143 1131 Nam
1183 1078 1229 1131 si
1261 1078 1305 1131 is
1336 1120 1351 1143 ,
1395 1077 1485 1146 qui
1517 1078 1804 1147 publicano

225 1171 509 1235 maledixit,
537 1183 750 1241 poenam
781 1178 887 1225 neu
918 1168 1102 1240 effugit
1127 1210 1143 1236 ,
1176 1186 1276 1224 nos
1297 1170 1386 1239 qui
1429 1170 1670 1240 patribus
1701 1185 1802 1225 no-

223 1263 340 1317 stris
382 1261 750 1317 maledicimus
777 1303 793 1327 ,
819 1276 922 1331 qua
978 1274 1077 1314 nos
1123 1260 1366 1331 apologia
1419 1260 1728 1315 tuebimur?
1758 1261 1803 1316 si

222 1352 371 1407 Maria
395 1392 410 1415 ,
442 1351 580 1421 quod
614 1350 762 1406 [nitri
788 1351 954 1407 semel
996 1351 1326 1406 maledixerit
1360 1386 1376 1418 ,
1423 1359 1624 1407 tantam
1654 1352 1803 1407 dedit

221 1458 421 1515 prunam
445 1441 631 1515 (Nunt.
667 1442 753 1497 12.
782 1441 899 1513 10);
929 1440 1081 1511 cujus
1110 1441 1268 1498 nobis
1292 1442 1480 1497 salutis
1504 1456 1649 1511 spes,
1672 1457 1797 1498 cum

224 1549 315 1588 nos
342 1533 579 1603 quotidie
621 1533 888 1602 principes
927 1531 1147 1587 infinitis
1191 1532 1447 1587 conviciis
1489 1531 1804 1587 allicimus?

224 1623 294 1680 Ne
317 1624 385 1678 mi
402 1623 453 1676 hi
473 1622 577 1677 hoc
601 1623 720 1693 quis
739 1621 951 1687 dixerit,
979 1622 1069 1678 llle
1093 1622 1267 1678 Moses
1283 1630 1400 1678 erat
1420 1640 1433 1676 :
1455 1634 1640 1692 potero
1657 1623 1801 1679 enim

223 1724 272 1770 et
289 1730 383 1785 ego
410 1714 612 1777 dicere,
641 1713 733 1768 illa
756 1712 918 1768 Maria
945 1720 1079 1767 erat.
1110 1713 1396 1780 Caeterum,
1426 1721 1483 1767 ut
1511 1722 1564 1767 et
1589 1713 1689 1766 alia
1713 1729 1798 1767 ra~

224 1805 357 1861 tione
384 1804 483 1859 hoc
513 1802 797 1859 manifeste
825 1817 1116 1873 cognoscas
1144 1844 1161 1869 ,
1211 1802 1352 1873 quod
1402 1818 1499 1857 nec
1533 1803 1578 1858 si
1619 1802 1802 1857 crimi-

225 1912 339 1952 num
362 1880 445 1951 rei
458 1896 566 1950 siut
589 1894 898 1950 sacerdotes
919 1934 935 1961 ,
967 1895 1033 1949 de
1064 1894 1273 1949 illorum
1306 1894 1400 1950 tibi
1430 1895 1536 1949 vita
1561 1893 1803 1964 judicare

223 1988 296 2044 fas
331 1989 432 2054 sit,
475 1987 601 2043 audi
651 1986 780 2059 quid
821 1987 962 2041 dicat
1005 1985 1073 2043 de
1122 1985 1451 2057 principibus
1494 1984 1800 2041 Judaeorum

221 2080 485 2136 Christus:
520 2078 694 2150 Super
733 2078 1026 2132 cathedram
1079 2077 1239 2132 Mosis
1274 2078 1509 2132 sederunt
1550 2078 1728 2132 scribte
1756 2088 1803 2132 ct

223 2169 459 2225 Pharisaei
485 2185 507 2224 :
539 2173 710 2224 omnia
735 2170 889 2241 igitur
908 2184 1236 2240 quaecumque
1273 2168 1495 2223 dixerint
1524 2168 1666 2223 vobis
1695 2210 1710 2233 ,
1748 2178 1803 2223 ut

222 2264 438 2336 faciatis,
471 2263 629 2332 facile
655 2278 673 2316 :
685 2263 841 2332 juxta
882 2278 1037 2332 opera
1082 2270 1250 2315 autem
1293 2277 1468 2316 eorum
1507 2277 1569 2316 ne
1599 2261 1801 2332 faciatis

223 2352 424 2421 (Matth.
451 2352 616 2408 25.2.
640 2350 716 2423 3).
752 2350 888 2415 Jam,
915 2350 1038 2421 quid
1065 2352 1168 2406 illis
1185 2351 1337 2421 pejus
1368 2350 1544 2418 fuerit,
1577 2366 1804 2422 quorum

221 2445 353 2500 zelus
381 2442 578 2499 futuris
602 2443 877 2514 discipulis
929 2444 1120 2498 noxius
1158 2444 1312 2498 erat?
1342 2444 1591 2499 Attamen
1625 2458 1798 2514 neque

220 2536 292 2590 sic
309 2550 398 2589 eos
417 2535 667 2606 deposuit
689 2549 718 2587 a
745 2534 1019 2604 dignitate,
1055 2550 1227 2604 neque
1250 2535 1474 2590 subditis
1489 2533 1793 2604 despicabi-

223 2624 294 2680 les
317 2625 470 2680 fecit:
503 2624 667 2695 idque
686 2624 808 2695 jure
836 2625 1046 2680 merito.
1074 2624 1205 2679 Nam
1242 2625 1286 2680 si
1318 2626 1482 2680 semel
1531 2624 1667 2680 hanc
1704 2639 1802 2695 po-

220 2722 448 2771 testatem
466 2715 798 2785 arripuerint
816 2715 1033 2780 subditi,
1046 2716 1222 2770 statim
1242 2715 1550 2785 magiStralu
1568 2715 1805 2786 privatos

222 2808 474 2877 principes
523 2807 591 2863 de
624 2806 881 2878 dignitate
921 2807 1194 2863 deturbari
1244 2807 1563 2863 videbimus.
1596 2807 1802 2877 Eapro-

222 2911 330 2971 pter
357 2901 557 2956 Paulus
584 2915 705 2955 cum
755 2901 1049 2971 principem
1099 2899 1437 2955 sacerdotum
1495 2898 1803 2954 Iudaeorum

222 2996 536 3050 contumelia
565 2993 830 3050 affecisset
849 3036 863 3057 ,
893 3010 956 3049 ac
985 2994 1211 3050 dixisset
1242 3011 1254 3047 :
1283 2994 1536 3048 Percutiet
1566 3002 1614 3046 te
1642 2991 1800 3056 Deus,

222 3086 375 3162 paries
398 3087 676 3146 dealbate:
706 3096 751 3142 et
780 3096 832 3141 tu
853 3089 1098 3160 judicans
1127 3103 1204 3140 me
1224 3085 1408 3160 sedes(
1435 3088 1548 3142 Act.
1574 3085 1663 3141 25.
1695 3084 1805 3155 5)?

226 3194 493 3255 postquam
528 3194 705 3238 autem
740 3179 998 3253 quosdam
1020 3180 1223 3234 audivit
1254 3195 1314 3235 se
1338 3180 1677 3249 increpantes
1707 3221 1721 3244 ,
1750 3187 1806 3233 et

222 3274 486 3337 dicentes:
528 3273 839 3344 Ponti/icem
866 3272 960 3326 Dei
987 3272 1223 3325 conviciis
1248 3271 1453 3325 incessis
1497 3269 1602 3341 (Ib.
1630 3287 1676 3325 υ.
1698 3270 1755 3339 4)
1782 3274 1804 3323 't

224 3378 516 3422 monstrare
531 3367 750 3430 volens,
779 3372 1034 3435 quantum
1067 3371 1276 3433 oportet
1306 3361 1673 3418 sacerdotibus
1713 3362 1806 3417 Dei

223 3455 465 3512 exhibere
502 3457 764 3511 honorem
802 3463 856 3509 et
897 3453 1252 3509 reverentiam
1288 3493 1304 3519 ,
1343 3452 1470 3523 quid
1499 3453 1668 3508 dicit?
1698 3451 1800 3506 Ne.

224 3545 429 3599 sciebam
454 3545 596 3616 quod
634 3545 863 3615 pontifex
890 3542 986 3597 Dei
1004 3552 1132 3597 esset
1166 3542 1185 3614 (
1215 3541 1295 3597 1b.
1322 3557 1370 3597 υ.
1403 3542 1499 3613 5).
1521 3543 1808 3613 Propterea

224 3644 275 3689 et
299 3635 457 3689 David
485 3677 502 3701 ,
536 3649 656 3688 cum
697 3633 912 3688 Saulcm
948 3632 1394 3702 apprehendisset
1433 3633 1807 3703 praevaricato-

225 3739 353 3791 rem,
376 3736 431 3780 et
458 3726 757 3796 spirantem
788 3722 1133 3779 homicidium
1153 3765 1168 3788 ,
1195 3723 1481 3794 multisque
1511 3723 1683 3793 pcenis
1732 3722 1812 3776 di—

222 3831 413 3888 gnum:
438 3835 551 3874 non
584 3818 753 3872 solum
782 3818 899 3887 ejus
931 3817 1052 3871 vitae
1077 3816 1320 3886 pepercit
1349 3857 1364 3882 ,
1415 3815 1510 3870 sed
1554 3830 1729 3884 neque
1754 3824 1811 3868 ut

224 3910 440 3966 verbum
469 3924 725 3980 asperum
767 3911 819 3964 in
855 3925 976 3964 eum
999 3909 1269 3979 jaceretur
1298 3950 1314 3973 ,
1356 3909 1606 3964 sustinuit
1634 3949 1649 3972 ,
1678 3921 1809 3962 cau-

225 4015 439 4073 samque
459 4017 667 4073 ponens
685 4001 812 4056 dicit
830 4020 841 4054 :
857 4000 1084 4057 Christus
1096 4001 1301 4055 Domini
1316 4010 1387 4055 est
1406 4000 1423 4071 (
1436 4001 1451 4055 Ι
1467 4039 1481 4053 .
1503 3994 1808 4072 8892437).

226 4091 402 4163 Neque
422 4093 552 4147 hinc
578 4092 772 4159 solum,
795 4091 888 4148 sed
919 4100 974 4147 et
996 4092 1212 4147 aliunde
1231 4091 1412 4147 videre
1433 4092 1556 4146 licet
1572 4092 1809 4161 cepiose,

225 4186 489 4254 quomodo
519 4185 788 4239 subditum
826 4184 1012 4254 procul
1043 4198 1073 4237 a
1103 4184 1445 4239 sacerdotum
1472 4183 1812 4253 correptione

227 4276 411 4333 abesse
435 4285 670 4349 oportet.
689 4277 818 4332 Nam
837 4291 957 4332 cum
988 4276 1275 4348 aliquando
1300 4292 1422 4332 arca
1445 4276 1808 4341 reduceretur,

229 4376 279 4423 et
305 4368 643 4424 subditormu
665 4369 827 4439 aliqui
863 4368 930 4422 ad
955 4368 1162 4437 lapsum
1188 4367 1542 4423 declinantem
1572 4369 1815 4424 videntes

228 4460 515 4531 erigerent,
550 4475 615 4516 eo
641 4461 755 4529 ipso
782 4460 834 4514 in
856 4459 974 4515 loco
999 4475 1209 4531 poenam
1234 4459 1497 4515 dederunt
1520 4498 1536 4525 ,
1568 4468 1622 4513 et
1645 4475 1673 4512 a
1707 4459 1814 4514 Do.

231 4552 375 4606 mino
419 4551 705 4622 percussi,
761 4551 953 4606 mortui
1021 4559 1374 4616 manserunt,
1425 4551 1633 4605 tametsi
1687 4549 1817 4605 nihil

228 4652 448 4712 agerent
484 4642 776 4698 absurdum
807 4643 884 4713 (2.
915 4640 1040 4714 Reg.
1073 4642 1126 4697 6.
1156 4643 1234 4713 7).
1264 4641 1380 4696 Non
1410 4641 1552 4696 enim
1579 4641 1811 4696 subver-

230 4734 446 4797 tebant,
470 4733 566 4791 sed
594 4735 863 4805 lapsuram
901 4735 1197 4806 erigebant.
1225 4734 1294 4789 Et
1332 4742 1391 4788 ut
1428 4748 1492 4789 ex
1522 4731 1816 4788 abundanti

227 4827 565 4881 sacerdotum
587 4826 897 4897 dignitatem
929 4826 1122 4894 discas,
1151 4835 1203 4881 et
1218 4824 1488 4896 quomodo
1509 4839 1613 4879 non
1641 4824 1713 4879 sit
1740 4824 1818 4877 fas

229 4918 500 4973 subditum
530 4959 546 4980 ,
569 4928 622 4972 et
648 4917 702 4972 in
725 4918 912 4974 ordine
931 4917 1187 4974 laicorum
1210 4918 1525 4973 existentem
1553 4916 1674 4971 talia
1696 4928 1817 4969 cor-

229 5009 436 5079 rigere:
480 5009 604 5063 illos
645 5010 697 5064 in
748 5008 923 5064 media
954 5008 1293 5065 multitudine
1334 5008 1529 5064 occidit
1557 5049 1572 5073 ,
1598 5016 1822 5063 caeteros

230 5111 422 5154 omnes
444 5098 550 5152 hoc
578 5099 817 5168 prodigio
843 5097 1129 5154 admodum
1158 5108 1385 5161 terrens,
1413 5108 1469 5154 et
1497 5097 1822 5168 persuadens

231 5191 348 5254 eis,
403 5205 473 5244 ne
513 5190 579 5245 ad
610 5190 768 5262 adyta
809 5191 1094 5246 sacerdotii
1141 5192 1416 5247 accedant.
1444 5191 1500 5247 Si
1529 5192 1669 5247 enim
1714 5184 1883 5244 sin-‘1.

231 5282 339 5351 guli
360 5283 587 5335 obtentu
619 5283 761 5337 male
784 5291 903 5336 acta
923 5281 1221 5353 corrigendi
1251 5285 1301 5337 in
1332 5281 1615 5337 sacerdotii
1643 5280 1822 5351 digni-

234 5382 397 5429 tatem
421 5388 483 5427 se
502 5372 751 5441 inferant,
778 5389 1067 5444 numquam
1086 5374 1258 5429 deerit
1273 5373 1571 5445 corrigendi
1589 5373 1821 5437 occasio,

231 5470 287 5517 et
313 5462 556 5517 confusis
582 5463 720 5517 inter
745 5479 806 5517 se
832 5464 1078 5518 omnibus
1097 5506 1111 5531 ,
1136 5464 1272 5519 inter
1304 5463 1594 5533 principem
1626 5469 1680 5517 et
1701 5461 1826 5516 sub.

232 5553 404 5608 ditutn
432 5569 539 5608 non
569 5553 959 5611 discernentes.
990 5554 1159 5610 Nemo
1187 5557 1301 5612 lucc
1326 5572 1410 5611 me
1426 5555 1605 5611 dicere
1635 5556 1823 5624 Opiue-

233 5652 352 5709 tur,
373 5646 528 5716 quasi
558 5644 626 5701 ad
646 5645 953 5701 sacerdotes
980 5646 1308 5702 accusandos
1333 5648 1452 5717 (per
1478 5646 1570 5701 Dei
1597 5660 1826 5715 namque

232 5736 463 5806 gratiam
491 5735 540 5789 in
572 5737 823 5791 omnibus
849 5776 866 5802 ,
899 5746 959 5792 ut
986 5748 1041 5792 et
1064 5751 1158 5792 vos
1182 5737 1329 5792 scitis
1356 5777 1372 5804 ,
1402 5750 1645 5806 magnam
1669 5735 1824 5790 exhi-

230 5826 358 5882 bent
397 5828 730 5899 probitatem
752 5870 768 5897 ,
796 5838 851 5884 et
877 5828 1076 5885 uemiui
1104 5843 1351 5899 umquam
1382 5824 1695 5883 criminandi
1726 5840 1824 5882 an-

952 412 1016 468 ΙΝ
1057 414 1279 481 ll.LUD,
1323 414 1689 472 SALUI'ATE
1725 417 2129 474 PBlSClLLAM
2163 420 2248 474 ET
2289 420 2617 488 AQUlLAM.
2660 423 2721 478 ll.

3387 434 3493 489 205

1911 545 2025 586 sam
2050 531 2353 602 dederunt),
2383 534 2476 589 sed
2506 544 2566 590 ut
2594 535 2831 595 discatis.
2867 539 3075 594 etiamsi
3105 540 3375 611 improbos
3406 545 3501 599 ha-

1910 623 2108 678 beretis
2140 635 2318 693 patres
2342 668 2355 690 ,
2375 636 2431 682 et
2465 628 2722 684 molestos
2751 631 3039 701 magistros
3068 673 3083 693 ,
3124 648 3297 705 neque
3323 637 3399 691 sic
3424 640 3501 692 eis

1911 714 2236 770 maledicere
2277 716 2428 771 vobis
2453 733 2702 773 securum
2750 731 2803 774 et
2851 721 3055 792 absque
3083 724 3234 791 gravi
3267 729 3499 794 pericqu

1910 805 2042 861 fore.
2071 807 2202 861 Nam
2232 809 2275 863 si
2304 810 2370 864 de
2406 811 2773 880 corporalibus
2800 815 3104 881 parentibus
3133 818 3346 884 Sapiens
3374 819 3495 886 qui-

1908 900 2031 955 dam
2049 900 2178 955 dicit
2215 920 2229 956 :
2258 902 2321 956 Si
2344 919 2494 957 sensu
2519 903 2721 971 deficiat
2740 945 2754 963 .
2779 906 2977 960 veniam
3002 907 3067 960 da
3088 906 3269 971 (Eccli.
3301 909 3337 964 5
3382 908 3494 977 15):

1909 990 2031 1060 quid
2055 991 2199 1046 enim
2223 992 2327 1045 illis
2356 987 2538 1058 dabis,
2561 994 2719 1064 quale
2753 995 2851 1063 ipsi
2875 995 2968 1051 tibi
2997 996 3020 1050 ?
3048 998 3215 1052 multo
3244 1000 3410 1069 magis
3441 999 3491 1052 in

1909 1083 2276 1152 spiritualibus
2316 1084 2436 1140 haec
2461 1086 2546 1141 lex
2579 1086 2951 1143 observanda:
2983 1104 3046 1143 ac
3072 1091 3491 1159 uniuscujusque

1908 1176 2143 1231 officium
2172 1186 2286 1243 est,
2320 1186 2376 1231 ut
2416 1192 2566 1232 suam
2598 1178 2768 1248 ipsius
2793 1180 2952 1234 vitam
2992 1179 3274 1249 diligenter
3313 1182 3493 1235 consl—

1908 1269 2092 1335 deret,
2117 1278 2169 1324 et
2192 1270 2462 1335 excutiat,
2501 1284 2567 1326 ne
2594 1270 2841 1326 videliCct
2867 1273 3146 1327 audiamus
3171 1276 3219 1327 in
3242 1273 3329 1328 die
3360 1273 3452 1327 illo
3480 1292 3496 1327 :

1912 1352 2215 1430 Hyporrita,
2250 1360 2373 1427 quid
2393 1360 2530 1415 vides
2560 1365 2801 1432 festucam
2830 1363 2880 1416 in
2906 1362 3053 1417 oculo
3079 1363 3253 1433 fratris
3278 1364 3353 1417 tui
3383 1405 3398 1429 ,
3441 1362 3494 1418 in

1909 1459 1997 1505 tuo
2031 1461 2199 1505 autem
2231 1452 2375 1505 oculo
2401 1452 2590 1506 trabem
2611 1469 2712 1507 non
2738 1450 3027 1507 consideras
3057 1452 3284 1524 (Matth.
3309 1455 3362 1508 7.
3393 1455 3495 1525 '5)?

1909 1539 2119 1596 Etenim
2163 1541 2566 1612 hypocritarum
2597 1559 2730 1613 opus
2756 1553 2838 1599 est
2864 1584 2880 1611 ,
2924 1544 3134 1614 publice
3174 1544 3388 1614 quidem
3440 1556 3496 1601 et

1909 1632 2159 1687 omnibus
2186 1631 2490 1688 videntibus
2519 1634 2747 1689 osculari
2776 1650 2965 1689 manus
3001 1638 3340 1691 sacerdotum
3358 1677 3372 1700 ,
3400 1652 3497 1707 ge—

1909 1736 2014 1777 nua
2046 1730 2285 1792 tangere,
2317 1725 2636 1794 supplicare,
2660 1735 2717 1779 ut
2742 1741 2839 1795 pro
2865 1741 2925 1781 se
2954 1736 3128 1790 orent,
3157 1730 3212 1781 et
3232 1727 3498 1797 baptismo

1908 1812 2207 1884 indigentes
2246 1814 2310 1868 ad
2342 1815 2551 1869 illorum
2574 1816 2768 1884 januas
2796 1827 3044 1872 currere:
3071 1817 3214 1873 domi
3244 1828 3420 1874 autem
3445 1829 3500 1876 et

1907 1902 1960 1956 in
1979 1903 2096 1959 foro
2118 1906 2386 1960 tantorum
2411 1906 2675 1961 bonorum
2698 1908 2852 1962 nobis
2871 1919 3116 1964 auctores
3141 1918 3193 1965 et
3225 1911 3499 1966 ministros

1908 1994 2089 2049 multis
2116 1994 2333 2051 afficere
2353 1997 2583 2067 probris,
2603 1998 2685 2053 vel
2703 1998 3156 2054 conviciatorihus
3171 2000 3497 2057 consentire.

1909 2084 2060 2152 Quod
2091 2086 2135 2140 si
2167 2101 2294 2141 vere
2326 2088 2497 2142 malus
2517 2097 2600 2143 cst
2627 2097 2814 2157 pater,
2844 2089 3116 2159 quomodo
3146 2089 3249 2146 fide
3277 2090 3497 2158 dignum

1908 2184 2062 2246 putas
2089 2187 2194 2232 tam
2228 2179 2542 2233 terribilium
2574 2192 3031 2237 sacramentorum
3062 2183 3363 2237 ministrum
3390 2184 3413 2237 ?
3441 2180 3499 2240 Si

1908 2278 2084 2325 autem
2122 2268 2228 2325 ﬁde
2270 2269 2457 2340 dignus
2485 2271 2578 2326 tibi
2612 2272 2856 2328 minister
2879 2287 3003 2329 esse
3049 2272 3262 2328 videtur
3285 2315 3301 2340 ,
3334 2289 3501 2345 quare

1908 2352 2017 2408 fers
2047 2353 2181 2407 alios
2205 2353 2253 2407 ei
2278 2354 2678 2418 maledicentes,
2711 2365 2889 2411 etnon
2920 2357 3137 2412 obturas
3165 2372 3350 2413 eorum
3380 2373 3498 2423 ora,

1908 2457 2085 2512 neque
2114 2442 2500 2505 stomacharis,
2526 2459 2698 2514 neque
2723 2460 2866 2514 azgre
2900 2443 3038 2510 fers,
3079 2454 3137 2499 ut
3181 2454 3235 2500 et
3277 2444 3498 2500 multam

1909 2532 2142 2602 accipias
2169 2548 2198 2587 a
2230 2533 2338 2587 Deo
2355 2533 2682 2599 mercedem,
2713 2543 2766 2589 et
2793 2535 3002 2589 laudem
3024 2535 3092 2589 ab
3120 2534 3252 2606 ipsis
3279 2535 3500 2590 maledi-

1908 2625 2023 2681 cis?
2063 2623 2193 2679 Nam
2230 2625 2353 2681 licet
2382 2634 2632 2681 sexcenta
2671 2627 2907 2681 convicia
2940 2627 3248 2697 proferant,
3282 2629 3501 2683 omnino

1910 2726 2089 2773 tamen
2117 2725 2169 2772 te
2198 2716 2489 2772 laudabunt
2511 2724 2569 2771 et
2591 2717 3037 2787 amplexabuutur
3054 2718 3123 2772 ob
3143 2717 3410 2788 egregiam
3444 2718 3496 2772 in

1909 2816 2087 2880 patres
2122 2824 2335 2865 curam:
2355 2822 2538 2864 contra
2564 2826 2692 2865 vero
2718 2809 2763 2864 si
2788 2809 2889 2865 hoc
2921 2826 3024 2865 non
3058 2810 3313 2865 faciamus
3334 2852 3347 2873 ,
3378 2826 3499 2865 om—

1910 2915 2006 2956 nes
2026 2917 2124 2955 nos
2144 2900 2771 2966 condemuabuut,etiam
2800 2901 2873 2954 illi
2906 2900 3005 2970 ipsi
3033 2901 3123 2971 qui
3149 2900 3494 2956 maledicunt.

1910 2995 1990 3049 Ad
2013 2994 2129 3049 hsce
2167 2993 2373 3048 accedit
2399 2993 2524 3048 illud
2556 2993 2724 3046 multo
2749 2993 2962 3063 gravius
2991 3034 3005 3058 ,
3035 2992 3176 3064 quod
3204 3004 3499 3047 extremam

1910 3082 2017 3141 illic
2040 3084 2286 3140 dabimus
2308 3099 2539 3155 poenam.
2566 3085 2699 3153 Quia
2731 3085 2857 3138 nihil
2886 3084 3107 3155 perinde
3128 3084 3204 3139 sic
3236 3082 3502 3138 Ecclesias

1912 3176 2195 3234 labefactat
2229 3186 2389 3249 atque
2423 3178 2641 3233 morbus
2670 3178 2787 3233 ille:
2812 3187 2858 3232 et
2893 3178 3028 3232 sicut
3074 3193 3268 3245 corpus
3310 3194 3503 3231 ucrvo~

1912 3284 2029 3323 rum
2065 3268 2246 3323 debita
2283 3268 2597 3323 habitudine
2639 3283 2829 3323 carens
2860 3268 3054 3322 multas
3084 3268 3251 3338 gignit
3279 3269 3497 3337 {egritu-

1910 3360 2094 3426 dines,
2119 3368 2173 3415 et
2202 3361 2362 3413 vitam
2388 3359 2513 3414 facit
2540 3359 2818 3413 molestam
2843 3376 2856 3412 :
2882 3358 2952 3411 ita
2985 3357 3224 3412 Ecclesia
3253 3373 3355 3410 non
3386 3357 3496 3411 circ

1911 3453 2158 3509 cumdata
2190 3450 2311 3506 forti
2337 3453 2424 3506 illa
2447 3461 2498 3507 et
2521 3451 2741 3505 infracta
2771 3451 3006 3505 caritatis
3032 3456 3243 3516 catena,
3268 3449 3501 3519 plurima

1913 3545 2139 3615 parturit
2168 3544 2328 3609 bella,
2360 3543 2491 3597 iram
2526 3542 2619 3597 Dei
2641 3548 2831 3611 auget,
2870 3549 2924 3596 et
2945 3540 3227 3595 multarum
3250 3539 3503 3593 tentatio-

1913 3650 2041 3689 num
2095 3644 2177 3689 Cal
2228 3634 2461 3688 occasio.
2508 3632 2586 3687 Nc
2630 3633 2789 3702 igitur
2843 3632 2958 3686 Ι]ωο
3004 3631 3502 3701 contingant,neve

1916 3727 2082 3782 Deum
2112 3726 2497 3783 exacerbemus
2526 3766 2541 3791 ,
2573 3741 2642 3781 ne
2683 3735 2863 3780 nostra
2912 3739 3202 3795 augeamus
3234 3724 3370 3778 mala
3402 3767 3417 3789 ,
3450 3735 3504 3778 et

1913 3833 2126 3888 ptenam
2183 3826 2383 3872 certam
2424 3815 2960 3886 indeclinabilcmque
3006 3828 3401 3882 comparemus,
3427 3815 3508 3865 vi-

1916 3920 2132 3981 tamque
2180 3909 2318 3963 hauc
2367 3907 2547 3963 multis
2586 3907 2848 3962 molestiis
2894 3906 3234 3975 repleamus:
3268 3914 3503 3958 nostram

1915 4001 1982 4057 ad
2010 4003 2144 4057 bene
2175 3999 2499 4070 loquendum
2534 3999 2767 4070 linguam
2813 3995 3194 4052 transferentes
3219 4036 3232 4062 ρ
3264 4003 3501 4049 nostram

1918 4095 2152 4164 ipsorum
2195 4093 2359 4146 vitam
2399 4091 2621 4162 singulis
2646 4089 2835 4144 diebus
2863 4087 3145 4158 diligenter
3171 4094 3502 4145 scrutemur;

1917 4186 2141 4239 aliorum
2170 4192 2347 4237 autem
2378 4183 2539 4237 vitam
2570 4185 2708 4249 ejus,
2740 4180 2828 4251 qui
2859 4178 3018 4235 etiam
3044 4177 3311 4248 incognita
3338 4190 3498 4230 accu-

1919 4288 2035 4334 rate
2057 4277 2204 4333 uovit
2234 4317 2248 4342 ,
2274 4275 2476 4345 judicio
2507 4274 2868 4344 relinquentes
2896 4312 2911 4337 ,
2941 4271 3042 4341 ipsi
3078 4278 3259 4324 nostra
3290 4277 3508 4338 peccata

1920 4372 2254 4427 damnemus.
2277 4370 2348 4424 lta
2381 4370 2533 4423 nobis
2558 4367 2814 4438 gehennze
2841 4366 3017 4436 ignem
3048 4362 3227 4417 licebit
3252 4360 3508 4430 effugere.

1920 4461 2051 4517 Nam
2070 4463 2206 4515 sicut
2237 4462 2291 4523 ii,
2320 4460 2407 4530 qui
2440 4460 2490 4512 in
2518 4458 2708 4512 alienis
2736 4456 2997 4511 curiosius
3023 4451 3363 4522 explorandis
3394 4465 3507 4504 ma-

1925 4553 1991 4607 lis
2021 4551 2263 4621 occupati
2290 4558 2435 4613 sunt,
2462 4564 2681 4603 suorum
2709 4555 3051 4617 peccatorum
3083 4544 3283 4597 nullam
3310 4541 3512 4596 habent

1923 4644 2223 4698 rationem:
2258 4642 2328 4695 ita
2360 4641 2447 4710 qui
2490 4640 2558 4694 ab
2602 4639 2774 4691 aliena
2810 4638 2917 4691 vita
2949 4634 3283 4690 discutienda
3309 4633 3508 4687 abhor-

1924 4744 2063 4801 rent,
2095 4747 2338 4803 magnam
2361 4746 2578 4786 suorum
2606 4729 2923 4784 delictorum
2953 4727 3228 4782 habebunt
3252 4724 3512 4780 sollicitu-

1924 4830 2101 4886 dinem
2130 4847 2140 4880 :
2174 4838 2228 4882 et
2253 4827 2343 4896 qui
2369 4841 2462 4881 sua
2493 4823 2833 4879 considerant
2860 4821 3019 4886 mala,
3052 4820 3246 4890 illaque
3274 4817 3512 4888 quotidie

1924 4920 2234 4983 discutiunt,
2265 4934 2292 4972 a
2324 4917 2516 4987 scipsis
2544 4924 2897 4986 exposcentes
2923 4928 3110 4983 poenas
3131 4956 3143 4979 ,
3178 4912 3361 4969 mitem
3388 4920 3515 4965 tunc

1927 5015 2158 5072 habituri
2199 5022 2324 5067 sunt
2347 5011 2602 5081 judicent.
2639 5009 2691 5063 ld
2722 5008 2860 5079 quod
2904 5008 3100 5063 Paulus
3128 5007 3406 5061 declarans
3427 5004 3516 5058 di-

1925 5111 2110 5165 cebat:
2147 5104 2281 5162 Nam
2307 5106 2350 5160 si
2380 5105 2610 5173 nosipsos
2627 5103 2978 5172 jttdicaremus
3008 5144 3020 5167 ,
3050 5117 3150 5156 non
3182 5109 3353 5169 utrque
3368 5097 3520 5168 judi—

1927 5215 2159 5253 careumr
2178 5213 2208 5250 a
2232 5194 2450 5249 Domino
2472 5193 2546 5259 (ι.
2564 5190 2682 5247 Cor.
2706 5189 2912 5264 H.3l).
2931 5190 3004 5247 Ut
3021 5199 3196 5246 autem
3226 5189 3369 5244 illam
3392 5200 3519 5241 seu-

1928 5293 2146 5347 tentiam
2183 5289 2499 5360 eiiugiamus
2529 5330 2544 5354 ,
2585 5288 2784 5343 relictis
2834 5287 3081 5342 omnibus
3122 5283 3276 5347 aliis,
3320 5293 3515 5348 magno

1930 5382 2107 5437 studio
2136 5383 2301 5437 vitam
2329 5391 2566 5436 nostram
2591 5380 2976 5442 examinemus,
3008 5375 3337 5443 corrigamus
3364 5369 3510 5436 cogi-

1931 5475 2158 5530 tationes
2196 5474 2261 5530 ad
2306 5472 2629 5543 peccandum
2666 5456 2974 5525 induendos
3005 5505 3018 5530 ,
3046 5460 3425 5518 conscientiam
3449 5457 3514 5511 ad

1932 5566 2394 5633 compunctionem
2419 5562 2697 5619 ﬂectamus
2717 5602 2731 5625 ,
2754 5568 2988 5612 actorqu
3016 5562 3322 5607 nostrorum
3344 5550 3514 5603 ratio-

1931 5671 2047 5710 nem
2085 5665 2405 5726 repetamus.
2426 5650 2515 5708 Sic
2539 5651 2676 5706 enim
2697 5647 2988 5719 poterimus
3007 5644 3157 5699 facile
3175 5649 3513 5712 peccatorum

1932 5749 2207 5804 exonerari
2241 5746 2446 5802 sarcina
2479 5785 2493 5811 ,
2527 5742 2690 5795 multa
2731 5739 2882 5795 venia
2927 5737 3059 5802 frui,
3094 5741 3519 5806 prmsentemque

1935 5842 2090 5899 simul
2112 5842 2272 5895 vitam
2311 5854 2431 5895 cum
2468 5835 2736 5907 voluptate
2779 5832 3136 5888 transmittere
3170 5871 3185 5897 ,
3215 5837 3271 5886 et
3307 5824 3521 5898 assequi
