4006 6416
554 421 652 480 207
1284 412 1340 468 S.
1381 412 1661 470 JOANNIS
1694 404 2170 468 CIIRYSOSTOM'I
2212 402 2532 461 ARCHIEP.
2573 400 3115 460 CONSTANTINOP.
3703 399 3788 455 208

555 530 694 584 bona
736 527 911 583 futura
946 543 958 582 :
991 526 1159 598 gratia
1199 536 1252 581 et
1299 523 1666 581 misericordia
1723 521 1935 578 Domini
1979 519 2146 574 nostri
2257 516 2480 588 Spiritui
2533 529 2721 576 sancto
2773 519 2842 574 sit
2894 518 3099 589 gloria,
3154 516 3206 572 in
3255 514 3450 572 saecula
3498 515 3801 572 mulorum.

565 619 682 675 lcsu
729 619 962 686 Clit-isti;
1007 633 1102 690 per
1145 632 1304 690 quem
1345 625 1404 672 et
1439 630 1564 672 cum
1598 631 1707 686 quo
1729 614 1878 670 Patri
1907 613 2065 669 simul
2091 623 2146 669 et
2255 616 2447 670 Amen.

3221 925 3771 937 .....____—-—._.——_._.————-

2034 1214 2386 1278 MONtTUM

661 1439 836 1498 Hasce
863 1448 970 1495 tres
998 1437 1274 1506 homilias,
1304 1449 1538 1508 quarum
1567 1435 1714 1505 prior
1753 1432 1806 1488 in
1835 1430 1988 1496 illud,
2027 1428 2252 1496 Propter
2285 1426 2690 1496 fornicationes,
2721 1433 2854 1492 etc.,
2883 1423 3051 1480 altera
3080 1422 3148 1480 de
3176 1421 3384 1480 Libello
3405 1422 3626 1494 repudii,
3649 1424 3796 1488 tertia,

587 1579 793 1648 Quales
825 1578 1077 1633 ducenda:
1105 1578 1210 1631 sint
1238 1592 1448 1642 usores,
1477 1575 1666 1630 eodem
1691 1580 1933 1642 tempore
1960 1576 2358 1638 consequenter
2405 1566 2618 1622 habitas
2658 1564 2827 1622 fuisse
2853 1564 3209 1636 conspicuum
3239 1571 3343 1620 est.
3377 1561 3662 1617 Secundam
3681 1560 3799 1615 enim

599 1720 790 1791 paucis
817 1729 938 1791 post
961 1719 1189 1791 primam
1211 1718 1402 1774 diebus
1430 1717 1834 1788 pronuntiatam
1858 1714 2029 1770 fuisse
2053 1713 2200 1768 clare
2227 1710 2427 1767 dicitur
2454 1709 2611 1765 initio
2638 1727 2651 1763 :
2687 1707 2826 1780 Περὶ
2861 1706 3042 1778 γάμου
3075 1705 3295 1777 πρῴην,
3335 1702 3415 1758 De
3443 1701 3625 1770 nuptiis
3651 1715 3798 1766 nuper,

602 1857 660 1913 id
680 1867 787 1922 est,
817 1857 1008 1928 paucis
1033 1864 1156 1912 ante
1177 1855 1368 1912 diebus
1392 1873 1409 1924 ;
1432 1855 1525 1910 ubi
1556 1855 1734 1910 locum
1761 1853 1940 1922 ipsum
1975 1850 2152 1918 Pauli,
2188 1827 2420 1921 Propter
2453 1848 2858 1919 fornicationes,
2891 1857 3022 1910 etc.,
3064 1857 3228 1914 quem
3265 1841 3320 1896 in
3346 1839 3512 1910 priori
3543 1837 3798 1908 explanan-

606 1995 736 2050 dum
764 2003 1095 2066 susceperat,
1125 1997 1191 2051 ad
1226 1995 1448 2051 verbum
1487 1993 1698 2065 repetit.
1724 1991 1964 2047 Tertiam
1997 1992 2114 2062 pari
2145 1991 2309 2047 modo
2336 1990 2522 2062 paucis
2553 1998 2678 2061 post
2699 1987 2996 2046 secundam
3028 1984 3221 2040 diebus
3265 1989 3506 2039 secutam
3553 1993 3664 2035 esse
3695 1974 3806 2031 indi-

594 2142 696 2191 cat
717 2134 1157 2206 Cbrysostomus,
1180 2150 1304 2189 cum
1332 2137 1434 2191 sub
1459 2135 1673 2190 initium
1702 2134 1853 2200 dicit,
1906 2147 1965 2188 se
2012 2145 2205 2201 nuper,
2263 2128 2478 2201 πρώην,
2527 2129 2595 2185 de
2636 2127 2816 2184 libello
2862 2123 3075 2196 repudii
3115 2125 3362 2180 locutum
3397 2135 3533 2176 esse.
3578 2117 3632 2172 In
3661 2115 3800 2185 prima

603 2271 790 2341 agitur
815 2271 1082 2340 praecipue
1109 2269 1176 2326 de
1201 2269 1428 2340 nuptiis,
1463 2286 1574 2340 quo
1604 2279 1761 2342 pacto
1791 2269 2000 2327 scilicet
2022 2267 2404 2326 contrahenda;
2427 2266 2538 2323 sint
2563 2283 2576 2320 :
2618 2264 2796 2334 deque
2831 2261 3068 2318 vitandis
3110 2257 3514 2321 saltationibus,
3561 2249 3805 2324 tripudiis,

614 2405 892 2462 obscaenis
915 2407 1166 2463 cantibus
1195 2406 1368 2462 solitis
1393 2405 1820 2477 bymenaeorum,
1855 2419 1977 2477 quae
2008 2407 2195 2462 omnia
2223 2421 2440 2477 sponsae
2468 2404 2706 2461 castitati
2737 2402 2899 2459 noxia
2925 2414 3047 2456 esse
3068 2405 3332 2470 possunt.
3368 2394 3631 2451 lnvebitur
3659 2397 3808 2460 postea

616 2549 1044 2623 Chrysostomus
1068 2555 1120 2610 in
1151 2568 1268 2621 eos,
1296 2553 1389 2624 qui
1419 2553 1582 2610 etiam
1612 2558 1734 2622 post
1779 2551 1972 2606 initum
2017 2547 2429 2605 matrimonium
2475 2554 2657 2600 scorta
2704 2543 2856 2599 adire
2905 2557 3014 2598 non
3064 2547 3330 2597 cessant:
3384 2551 3446 2592 ac
3481 2534 3810 2591 nonnullorum

617 2698 934 2769 Opinionem
967 2697 1147 2753 evellit
1167 2696 1259 2766 qui
1288 2694 1553 2766 putabant
1582 2691 1888 2749 adulterum
1925 2703 2033 2744 non
2067 2701 2188 2744 esse
2221 2685 2609 2756 coniugatum,
2637 2683 2732 2752 qui
2773 2695 2899 2737 cum
2947 2680 3118 2736 libera
3161 2686 3515 2734 scortaretur.
3540 2673 3596 2728 ln
3619 2669 3811 2730 secunda

625 2843 698 2898 de
728 2843 910 2900 libello
940 2840 1150 2912 repudii
1187 2845 1468 2902 tractatur,
1505 2844 1560 2892 et
1589 2843 1780 2891 contra
1811 2831 2206 2886 hodiernorum
2239 2827 2554 2883 Graecorum
2592 2821 2918 2880 sententiam
2951 2828 3006 2876 ct
3045 2835 3206 2876 usum
3244 2818 3527 2884 statuitur,
3558 2829 3653 2870 non
3687 2811 3812 2866 licere

627 2983 912 3039 mulierem
941 2982 1158 3046 ducere,
1187 2977 1350 3032 etiam
1385 2989 1484 3045 pro
1508 2986 1675 3030 causa
1696 2967 1948 3027 adulterii
1980 2966 2340 3038 repudiatam.
2367 2963 2564 3018 Tertiae
2611 2969 2992 3033 argumentum
3044 2958 3225 3029 prodit
3269 2959 3390 3029 ipse
3425 2955 3635 3018 titulus,
3660 2951 3812 3016 Ortale:

625 3125 879 3182 ducenda:
911 3125 1016 3179 sint
1047 3137 1234 3176 uxores
1262 3135 1281 3175 :
1314 3135 1438 3174 nam
1469 3132 1565 3189 per
1599 3125 1765 3171 totam
1811 3112 2131 3170 concionem
2167 3109 2345 3181 agitur
2392 3107 2458 3164 de
2500 3118 2715 3177 sponsa:
2747 3102 2943 3159 futura:
2995 3101 3242 3156 moribus
3291 3096 3624 3171 explorandis
3652 3102 3698 3149 ct
3735 3090 3808 3145 ad-

629 3269 923 3336 discendis,
952 3275 1243 3339 antequam
1275 3261 1590 3335 coniugium
1626 3259 1856 3315 ineatur.

1225 3557 3799 3619 ________________________________.e._

1500 3883 1643 3953 DE
1689 3876 2078 3952 VERBIS
2121 3871 2388 3946 ILLIS
2442 3863 2995 3949 APOSTOLI,

684 4055 995 4100 non“
1029 4055 1538 4100 ronmantomns
1583 4053 1802 4097 suum
1847 4045 2284 4100 UNUSQUISQUE
2327 4042 2494 4086 suam
2540 4036 2806 4083 uxomm
2850 4031 3106 4077 usus”
3152 4010 3172 4091 (
3205 4011 3262 4070 1.
3299 4009 3450 4070 Cor.
3480 4006 3540 4066 7.
3573 4001 3648 4082 2)
3689 3995 3774 4068 (0)-

2105 4169 2367 4226 0W

671 4301 724 4356 1.
754 4298 836 4355 Ad
873 4298 1048 4355 mellis
1083 4297 1255 4353 fontes
1285 4296 1445 4352 etiam
1474 4293 1635 4350 hodie
1678 4293 1839 4350 statui
1880 4307 1978 4346 vos
2013 4289 2185 4346 dedu-
2300 4297 2551 4339 sermones
2575 4279 2821 4350 gloriosos
2843 4273 3022 4344 (Prov.
3041 4269 3133 4328 25.
3163 4270 3279 4340 Ἥ).
3313 4269 3446 4323 Nam
3476 4281 3536 4320 ex
3561 4263 3642 4317 illo
3663 4252 3834 4328 quidem

596 4408 742 4461 cerc,
769 4392 946 4449 mellis
970 4392 1112 4462 quod
1132 4390 1401 4446 fastidium
1422 4403 1710 4458 numquam
1731 4386 1890 4458 parit.
1915 4381 2195 4456 Ejusmodi
2301 4373 2545 4438 morbus,
2574 4384 2680 4441 quo
2705 4381 2972 4429 caremus,
3182 4359 3449 4432 gignitur;
3489 4358 3662 4410 Ιδοτυπι
3696 4357 3835 4462 3qu“

597 4433 742 4461 νων,
769 4433 946 4449 ...νων
970 4433 1112 4462 .,...,..
1132 4433 1401 4446 ...υ..........
1423 4433 1710 4458 ..,....,-..-..
1733 4433 1890 4458 νη---
1916 4433 2195 4456 -,-----,-,
2532 4433 2542 4438 ,
2593 4433 2605 4441 ,

597 4483 1003 4555 namque'Pauli
1032 4485 1317 4540 verborum
1346 4492 1429 4538 est
1450 4490 1638 4536 natura
1667 4497 1680 4543 :
1711 4489 1765 4538 et
1789 4493 1919 4534 vero
1947 4477 2193 4550 quicum-
2300 4480 2463 4536 Opera
2505 4471 2560 4518 οι
2609 4459 2851 4531 οοιῬοΓῘε
2891 4454 3309 4555 aegritudinem...
3357 4463 3468 4550 qua.
3497 4433 3835 4555 tenemung

597 4527 829 4555 ...μη-ν
855 4527 876 4539 .
896 4527 1003 4540 ......
1043 4527 1317 4540 ..,..,.,......
1347 4527 1429 4538 ν..-
1450 4527 1638 4536 ..--..-_
1667 4527 1680 4543 ,
1713 4527 1765 4538 ..-
1801 4527 1914 4534 .----
1949 4527 2159 4550 1---"---
2337 4527 2353 4536 .
2707 4527 2720 4531 _
3746 4527 3755 4537 ,

595 4593 700 4647 que
719 4593 815 4632 sua
833 4577 994 4633 corda
1020 4577 1264 4634 laticibus
1284 4592 1351 4633 ex
1370 4575 1453 4632 bis
1479 4573 1714 4630 fontibus
1735 4572 1941 4628 haustis
1962 4571 2190 4641 replent,
2299 4570 2498 4628 Ροηθνθ
2550 4564 2834 4623 Possumus
2877 4567 2890 4603 ³
2937 4557 2993 4601 ει
3035 4544 3142 4647 “fel
3186 4541 3429 4647 fluida“,
3455 4535 3838 4647 i"_cf’:‘ffc:'2':°

597 4623 700 4647 ..-ν
719 4623 815 4632 ν--
836 4623 994 4633 νη..-
1020 4623 1263 4634 ...-......_-
1286 4623 1351 4633 ν..
1371 4623 1453 4632 κ.-
1479 4623 1712 4630 ------__-
1735 4623 1937 4628 --η---η
1963 4623 1978 4626 -
2300 4623 2318 4628 -

595 4683 694 4738 per
731 4667 987 4738 Spiritum
1032 4680 1273 4725 sanctum
1320 4669 1610 4739 loquuntur
1641 4683 1655 4720 :
1700 4665 1810 4720 imo
1851 4679 1981 4720 vero
2019 4661 2195 4718 mellis
2299 4647 2679 4717 οοπιιιηρίῑιινι
2704 4655 2854 4697 830m
2875 4654 3004 4694 vero
3024 4635 3234 4739 eloquia
3255 4648 3376 4689 eum
3405 4623 3834 4739 iuerintcpnfofzv

596 4718 848 4813 virtutem
889 4759 907 4791 ¹
938 4760 1100 4814 etiam
1147 4774 1362 4816 onmem
1379 4718 1701 4827 1exsuperat
1757 4770 2032 4812 sacrorum
2077 4755 2193 4810 elo-
2303 4752 2412 4797 lum
2435 4736 2751 4811 iucundiora
2781 4733 2913 4788 ﬁunt
2935 4740 2989 4786 ει
3023 4729 3234 4784 “lilio”
3264 4740 3384 4780 cum
3411 4722 3534 4827 illis:
3561 4718 3641 4788 (ιυί
3664 4726 3716 4767 ea

597 4850 846 4920 quiorum
871 4852 1140 4921 voluptas.
1171 4853 1346 4921 Atque
1383 4851 1486 4906 hoc
1529 4798 1588 4906 ut
1625 4848 1886 4905 indicaret
1933 4847 2194 4920 prepheta
2301 4832 2496 4899 Sidet“.
2532 4838 2642 4885 tum
2675 4827 2797 4921 auiti
2821 4822 3046 4921 ηξῐιιιίεχ
3074 4821 3152 4921 AF
3196 4831 3378 4921 ωεξηεξδ
3409 4811 3620 4921 αυίιὶξεπξ

597 4887 812 4997 dicebat
838 4961 853 4997 :
883 4887 1051 5008 Quain
1076 4887 1509 5014 dulciaqfaucibus
1533 4943 1658 4998 meis
1681 4943 1886 5013 doquia
1912 4887 2021 5007 15a,
2036 4887 2196 5011 |super
2300 4925 2538 4995 subice“
2568 4921 2695 4976 dum
2723 4917 2924 4973 θσθῑίίη
2949 4912 3222 5014 ἀιξῖδβῖεηξι
3267 4909 3479 5014 “gitur,
3511 4903 3556 5005 Si.
3585 4887 3833 5014 rufi“:

2301 4989 2414 5069 line
2432 5023 2698 5068 saturatus
2728 5016 2918 5070 ructet,
2949 5001 3267 5074 iniucundus
3311 4999 3366 5054 ﬁt
3395 4998 3445 5052 ei
3473 4993 3560 5065 qui
3584 4989 3716 5045 illum
3737 4992 3833 5035 con-

2301 5107 2441 5162 vivio
2471 5102 2715 5172 excepit:
2748 5100 2794 5155 si
2818 5112 2946 5154 vero
2967 5093 3224 5165 spirituali
3247 5091 3484 5147 doctrina
3506 5084 3725 5153 expletus
3743 5084 3834 5127 eru-

2301 5207 2429 5262 ctet,
2460 5169 2683 5251 multum
2718 5205 2936 5248 suavem
2965 5188 3186 5244 odorem
3213 5180 3454 5240 diil'undit
3488 5179 3538 5232 in
3560 5169 3834 5245 proximum.

2302 5286 2468 5343 David
2507 5284 2721 5356 quidem
2753 5290 2899 5337 certe
2937 5293 3058 5334 cum
3100 5277 3183 5332 liis
3223 5274 3446 5346 dapibus
3483 5283 3540 5324 se
3583 5262 3834 5356 frequentet

2302 5349 2563 5450 expleret,
2581 5374 2791 5431 dicebat
2821 5392 2834 5426 :
2866 5370 3129 5426 Eructaat't
3157 5383 3244 5422 cor
3283 5379 3443 5419 meum
3472 5359 3660 5414 verbum
3690 5349 3834 5402 bonum

2304 5449 2475 5544 (Psal.
2504 5469 2593 5524 44.
2617 5467 2700 5539 2).
2727 5466 2862 5522 Nam
2890 5472 2943 5520 et
2968 5463 3165 5516 malum
3201 5459 3417 5515 verbum
3462 5455 3721 5524 possumus

2301 5535 2468 5618 ctare.
2502 5561 2568 5615 Et
2613 5535 3064 5630 quemadmodum
3110 5553 3164 5606 in
3211 5550 3311 5605 hac
3348 5544 3526 5602 sensili
3569 5546 3730 5594 mensa
3761 5535 3834 5630 Pi“

2301 5651 2609 5708 conditione
2632 5629 2972 5704 cibariorum
3013 5644 3321 5714 qualitatem
3359 5649 3556 5697 eorum,
3599 5629 3832 5714 quiec?!“

634 5717 1383 5887 ἐαξηειξῄευιξωὲηεξηωηῶαίῶω
1417 5777 1708 5833 (uberum
1749 5780 1843 5833 970
1890 5781 2039 5843 [nunc
2074 5787 2175 5844 Reg
2303 5751 2537 5808 ctantur,
2565 5739 2835 5796 cernimus
2855 5711 3116 5806 apparere
3146 5749 3159 5789 :
3188 5733 3267 5788 sic
3287 5728 3526 5786 nimirum
3547 5732 3591 5776 et
3612 5721 3657 5773 in
3677 5711 3831 5814 vitim.

695 5838 734 5887 1.
759 5843 812 5887 et
835 5839 975 5887 1050.
2178 5816 2194 5832 ’
2306 5832 2620 5887 verborum.
2639 5828 2886 5887 qualibus
2905 5835 3213 5887 nascuntur,
3243 5822 3361 5879 talia
3388 5816 3613 5887 plerique
3635 5807 3831 5862 homme’

599 5838 734 5900 πελ

759 5799 975 5897 $1357).
988 5799 1100 5828 cum
1133 5799 1383 5832 munus
1417 5799 1708 5833 umerum
1749 5799 1843 5833 mu
1890 5799 2039 5843 “me
2074 5799 2194 5844 “es.
2306 5799 3213 5902 verborum,qualibus-pascuntur,
3243 5822 3361 5879 talia
3388 5816 3613 5891 plerique
3635 5799 3832 5862 Ιιοιιιὶῐιεέ

598 5033 702 5087 mel
720 5033 797 5086 ori
820 5048 929 5088 meo
959 5031 1130 5107 (Psal.
1168 5034 1290 5090 118.
1328 5033 1469 5100 105).
1500 5033 1686 5104 Neque
1726 5048 1856 5090 vero
1883 5032 2041 5088 melle
2069 5031 2193 5086 dul-

598 5123 713 5178 cior
735 5130 962 5193 tantum,
991 5123 1084 5179 sed
1113 5133 1168 5180 et
1193 5139 1327 5180 auro
1366 5139 1428 5180 ac
1468 5125 1652 5195 lapillo
1677 5125 1866 5194 quovis
1888 5124 2190 5195 pretiosior,

597 5224 653 5272 et
680 5226 904 5287 argento
930 5218 1112 5288 purior
1140 5227 1222 5274 est
1250 5219 1494 5289 voluptas
1522 5219 1856 5288 eloquiorum
1891 5231 2190 5274 sacrorum.

599 5306 818 5379 Eloquia
843 5309 1038 5381 quippe
1067 5307 1295 5377 Domini,
1342 5310 1543 5380 eloquia
1584 5317 1746 5375 casta,
1787 5317 2053 5379 argentum
2080 5307 2196 5376 igne

599 5403 960 5470 examinatum,
981 5403 1248 5473 probatum
1263 5412 1432 5468 terra,
1447 5410 1716 5472 purgatum
1731 5397 2191 5471 septuplum(Psal.

597 5493 1067 5564 41.7).Propterea
1079 5508 1291 5566 quoque
1303 5492 1575 5548 dicebatet
1587 5491 1798 5561 sapiens
1811 5490 2023 5562 quidam
2035 5490 2196 5547 rCom-

597 5583 745 5638 edere
771 5583 870 5638 nte!
894 5585 1110 5640 multum
1143 5601 1244 5640 non
1262 5583 1450 5640 bonum
1473 5599 1493 5640 :
1509 5585 1760 5639 honorare
1792 5592 1961 5638 autem
1999 5593 2193 5653 oportet
