4006 6486
305 365 422 422 209

301 477 470 531 etiam
491 483 755 531 eructant.
789 475 1031 545 Exempli
1056 490 1238 540 causa,
1271 476 1315 530 si
1343 476 1396 530 in
1420 475 1682 530 theatrum
1713 489 1902 530 ascen-

301 565 478 629 deris,
511 576 566 621 et
591 567 922 622 meretricias
949 568 1245 622 cantilenas
1269 567 1559 632 audiveris,
1591 567 1712 622 talia
1745 567 1901 636 plane

299 657 467 713 verba
493 658 546 711 in
576 658 878 720 proximum
905 659 1065 713 etiam
1095 659 1362 714 eructabis
1401 677 1414 713 :
1443 658 1586 728 quod
1616 659 1661 713 si
1701 658 1767 712 ad
1807 673 1899 714 ec-

302 749 530 804 clesiam
561 747 789 803 veniens
828 751 1116 819 spiritualis
1156 749 1420 821 particeps
1451 750 1612 804 fueris
1638 749 1900 818 lectionis,

295 840 569 909 ejusmodi
601 850 760 896 erunt
783 841 943 896 etiam
975 857 1093 912 qua:
1119 843 1401 896 eruclabis.
1436 843 1726 912 Propterea
1767 856 1901 911 quo-

297 949 409 1004 que
436 933 650 988 dicebat
675 933 957 1004 propheta,
988 932 1249 987 Eructavit
1275 951 1364 986 cor
1397 951 1560 986 meum
1585 934 1786 987 verbum
1814 933 1904 986 bo-

296 1043 445 1091 num,
475 1034 534 1079 ut
561 1041 764 1081 mensas
807 1026 987 1095 dapes,
1042 1041 1142 1096 qua
1186 1025 1457 1080 fruebatur
1485 1039 1696 1094 semper
1749 1023 1903 1077 nobis

295 1117 632 1171 ostenderet.
683 1115 795 1170 Hoc
842 1117 1002 1170 etiam
1055 1117 1333 1182 incitatus,
1382 1131 1481 1170 nos
1527 1114 1902 1169 cohortabatur

297 1209 385 1262 his
414 1209 593 1263 verbis
624 1217 777 1263 utens
809 1209 1004 1263 Paulus
1037 1226 1050 1262 :
1087 1208 1263 1261 Omnis
1303 1225 1466 1262 sermo
1514 1207 1678 1262 malus
1721 1223 1784 1261 ea:
1813 1223 1900 1261 ore

294 1311 464 1355 vestro
494 1319 593 1356 non
620 1302 878 1373 procedat,
906 1302 995 1355 sed
1017 1302 1063 1355 si
1081 1302 1191 1371 quis
1215 1301 1375 1354 bonus
1397 1300 1560 1371 (Eph.
1603 1302 1654 1355 4.
1691 1300 1804 1372 29).
1831 1302 1898 1356 Et

294 1397 420 1464 quis
448 1405 533 1449 est
573 1395 778 1462 malus,
815 1394 957 1448 dicet
1002 1394 1233 1464 aliquis?
1281 1393 1337 1448 Si
1389 1393 1584 1447 bonum
1623 1393 1892 1460 didiceris,

296 1494 412 1538 tum
443 1488 603 1540 etiam
636 1485 836 1540 malum
866 1485 1028 1548 scies,
1069 1499 1192 1538 nam
1225 1484 1290 1538 ad
1317 1484 1712 1539 distinctionem
1757 1485 1896 1540 illius

295 1573 444 1630 hunc
478 1577 673 1644 posuit.
696 1576 826 1644 Quis
854 1592 981 1646 ergo
1013 1577 1183 1630 bonus
1210 1576 1299 1642 sit,
1323 1591 1428 1630 non
1460 1577 1560 1630 erit
1586 1591 1720 1645 opus
1750 1587 1803 1630 ut
1831 1592 1894 1630 ex

296 1683 386 1723 me
411 1667 593 1723 discas
623 1686 638 1721 :
682 1669 797 1738 ipse
826 1669 1022 1738 quippe
1049 1669 1203 1722 nobis
1237 1670 1353 1737 ejus
1383 1679 1622 1722 naturam
1657 1668 1897 1724 declara-

295 1759 392 1812 vit.
428 1759 564 1813 Cum
599 1759 741 1813 enim
787 1760 1028 1822 dixisset,
1075 1759 1137 1815 Si
1181 1762 1292 1830 quis
1335 1760 1512 1827 bonus,
1560 1761 1772 1830 adjecit,
1814 1760 1896 1814 Ad

293 1849 688 1917 a'diﬁcationem
709 1849 950 1905 Ecclesia:
971 1850 1179 1922 (Ibid),
1210 1852 1404 1905 bonum
1431 1867 1552 1906 cum
1571 1866 1690 1906 esse
1710 1863 1890 1907 osten-

295 1941 454 2004 dens,
499 1943 586 2011 qui
617 1943 1204 2011 tediiicatproximum.
1249 1941 1319 1997 Ut
1367 1944 1524 2012 igitur
1570 1944 1614 1996 is
1645 1944 1730 2013 qui
1759 1943 1891 1996 mdi-

297 2034 460 2098 ticat,
502 2031 674 2087 bonus
700 2042 782 2087 est
825 2033 942 2087 :ita
985 2033 1075 2103 qui
1110 2032 1356 2101 destruit,
1396 2033 1566 2088 malus
1605 2041 1660 2089 et
1698 2049 1894 2103 pravus

293 2132 398 2176 CSI.

367 2214 573 2286 Lingua
596 2217 844 2286 quomodo
866 2219 1156 2272 coercenda.
1187 2249 1258 2258 —
1283 2219 1350 2272 Et
1379 2227 1433 2272 tu
1461 2219 1635 2288 igitur,
1655 2218 1892 2275 dilectis-

293 2308 456 2373 sime,
489 2308 534 2362 si
564 2309 777 2378 quidem
806 2310 907 2364 tale
933 2311 1057 2380 quid
1093 2310 1331 2379 proferre
1370 2313 1563 2381 possis,
1603 2312 1744 2382 quod
1773 2328 1891 2367 me-

293 2399 486 2453 liorem
515 2400 741 2454 reddere
773 2404 938 2470 possit
967 2402 1284 2467 auditorem,
1320 2418 1385 2455 ne
1419 2402 1650 2458 retineas
1672 2403 1888 2458 verbum

293 2492 346 2545 in
376 2501 624 2562 tempore
649 2494 834 2549 salutis
865 2513 876 2547 :
906 2496 1047 2564 quod
1091 2497 1134 2550 si
1186 2497 1313 2549 nihil
1357 2497 1462 2549 tale
1500 2505 1764 2566 suppetat,
1797 2496 1890 2550 sed

293 2598 460 2653 prava
505 2594 706 2639 tantum
734 2597 788 2641 et
821 2597 1072 2656 corrupta
1103 2588 1285 2652 verba,
1321 2598 1457 2654 tace,
1498 2605 1564 2643 ne
1591 2590 1890 2658 proximum

292 2689 537 2729 accuses.
574 2675 671 2731 llic
696 2678 838 2730 enim
871 2678 1042 2731 malus
1062 2687 1145 2733 est
1172 2693 1370 2744 sermo,
1401 2694 1502 2734 nec
1539 2679 1767 2733 aidificat
1792 2695 1888 2734 au-

291 2765 556 2831 dientem,
585 2767 676 2821 sed
705 2768 982 2822 subvertit.
1015 2770 1138 2823 Sive
1164 2770 1304 2823 enim
1333 2769 1409 2822 illi
1440 2786 1580 2824 curm
1601 2770 1670 2824 sit
1699 2771 1885 2837 virtus,

291 2855 342 2910 in
386 2859 693 2925 superbiam
743 2860 936 2928 smpius
965 2859 1184 2914 effertur
1213 2879 1226 2914 :
1267 2861 1380 2916 sive
1422 2862 1491 2916 sit
1523 2863 1759 2931 ignavus,
1791 2878 1887 2917 ne-

291 2948 581 3016 gligentior
601 2949 802 3003 evadit.
847 2949 902 3004 Si
947 2959 1097 3020 turpe
1137 2951 1438 3020 prolaturus
1467 2951 1540 3006 sis
1567 2952 1788 3006 verbum
1818 2967 1882 3008 ac

290 3039 601 3106 ridiculum,
627 3049 762 3096 tace.
792 3041 920 3096 Nam
964 3052 1018 3097 et
1042 3043 1129 3098 hic
1158 3043 1329 3099 malus
1353 3053 1435 3098 est
1470 3059 1672 3112 sermo,
1702 3061 1809 3115 quo
1835 3057 1890 3102 et

290 3128 335 3183 is
363 3129 460 3198 qui
487 3129 636 3194 dicit,
667 3141 720 3186 et
761 3133 805 3186 is
841 3134 930 3203 qui
971 3135 1118 3188 audit
1157 3135 1463 3190 lasciviores
1491 3136 1803 3204 redduntur,
1835 3147 1889 3193 et

289 3219 340 3274 in
364 3237 688 3292 unoquoque
717 3238 897 3292 prava:
940 3225 1170 3279 libidinis
1213 3210 1631 3280 inflammantur.
1681 3227 1748 3283 Ut
1793 3227 1888 3297 igi-

290 3322 374 3367 tur
404 3314 543 3383 ignis
561 3315 869 3370 alimentum
897 3316 1031 3386 ligna
1061 3327 1186 3372 sunt
1211 3327 1264 3372 et
1289 3330 1577 3386 sarmenta,
1612 3321 1682 3375 ita
1710 3337 1885 3391 pravae

287 3407 642 3474 cogitationes
673 3408 842 3464 verbis
889 3410 1122 3464 aluntur.
1162 3410 1362 3467 idcirco
1408 3429 1511 3467 non
1550 3414 1728 3470 omnia
1768 3432 1886 3482 quae

287 3505 472 3553 mente
499 3515 796 3568 versamus,
829 3503 1048 3557 omnino
1080 3504 1252 3574 eloqui
1289 3519 1388 3559 nos
1413 3513 1624 3575 oportet
1650 3525 1662 3560 :
1696 3509 1789 3562 sed
1818 3523 1883 3563 ex

287 3589 401 3658 ipsa
439 3600 615 3647 mente
645 3609 832 3662 pravas
869 3597 1188 3665 cupiditates
1213 3614 1532 3668 omnemque
1559 3601 1758 3656 ftedam
1787 3618 1883 3657 co-
1922 3667 1930 3670 _

285 3683 599 3751 gitalionem
626 3685 904 3742 eliminare
943 3689 1262 3744 studendum
1298 3699 1398 3744 est.
1422 3691 1574 3758 Quod
1600 3693 1644 3747 si
1673 3693 1885 3762 quando

287 3775 446 3827 nobis
471 3790 569 3830 nec
597 3778 934 3844 Opinantibus
957 3788 1138 3849 turpes
1179 3781 1493 3850 irrepserint
1522 3784 1885 3839 ratiocinatio-

287 3881 407 3931 nes,
435 3881 719 3937 numquam
747 3885 838 3925 eas
869 3871 1046 3941 lingua
1081 3873 1386 3939 efferamus,
1420 3877 1513 3930 sed
1540 3876 1750 3931 silentio
1770 3879 1881 3933 suf-

287 3956 547 4012 locemus.
591 3959 720 4013 Nam
758 3969 811 4016 et
844 3962 1034 4017 bella-.e
1077 3980 1139 4018 ac
1168 3977 1446 4035 serpentes
1495 3968 1538 4021 si
1573 3969 1783 4038 quando
1828 3971 1882 4025 in

285 4050 484 4106 fns<am
515 4054 828 4122 inciderint,
873 4065 928 4112 et
957 4057 1156 4115 exitum
1183 4059 1466 4128 quemdam
1493 4075 1702 4115 sursum
1737 4062 1885 4118 inve—

286 4146 498 4209 nerint,
553 4147 934 4214 ascendentes,
986 4150 1275 4206 ferociores
1320 4153 1584 4217 evadunt;
1643 4154 1783 4222 quod
1836 4155 1880 4209 si

282 4237 537 4291 deorsum
585 4239 849 4294 cenelusze
891 4251 1146 4310 perpetuo
1191 4246 1500 4310 manserint,
1539 4247 1683 4300 omni
1723 4247 1881 4303 modo

285 4328 586 4397 perduntur
625 4331 781 4387 facile
807 4340 966 4402 atque
996 4336 1429 4391 cxterminantur
1458 4355 1470 4391 :
1503 4339 1581 4393 sic
1628 4339 1878 4395 nimirum

285 4428 334 4473 et
365 4436 544 4489 prava:
579 4425 947 4493 cogitationes,
976 4427 1019 4480 si
1047 4427 1260 4496 quidem
1293 4429 1526 4499 aliquem
1559 4447 1654 4499 per
1688 4446 1748 4486 os
1784 4447 1882 4488 no-

284 4520 458 4565 strum
515 4513 716 4568 exitum
780 4517 1193 4584 nanciseantur,
1253 4519 1559 4573 interiorem
1609 4519 1877 4575 ﬂammam

285 4603 584 4658 accendunt
612 4623 626 4660 :
657 4607 740 4660 sin
770 4616 947 4662 autem
981 4624 1073 4664 eas
1102 4625 1199 4680 per
1228 4610 1496 4664 silentium
1527 4612 1874 4680 concluseris,

285 4695 661 4752 imbecilliores
691 4699 844 4762 fiunt,
868 4709 920 4754 et
943 4709 1211 4776 tamquam
1242 4701 1379 4756 fame
1400 4701 1659 4757 confecta:
1683 4719 1779 4774 per
1806 4704 1879 4760 si-

284 4787 531 4852 lentium,
561 4791 807 4845 celeriter
838 4791 890 4845 in
920 4802 1098 4848 mente
1141 4793 1461 4847 moriuntur.
1498 4795 1678 4864 Itaque
1706 4796 1748 4850 si
1773 4813 1875 4867 qua

283 4887 336 4934 te
365 4880 616 4948 cogitatio
648 4882 815 4952 turpis
837 4882 1069 4949 invadat,
1112 4899 1286 4952 neque
1319 4893 1474 4954 turpe
1503 4887 1720 4940 verbum
1762 4888 1878 4942 elo-

281 4971 483 5040 quaris,
533 4972 691 5026 etiam
735 4973 1075 5042 cupiditatem
1115 4975 1444 5046 exstingues.
1493 4975 1604 5030 Non
1651 4986 1735 5034 est
1782 4977 1875 5031 tibi

281 5076 436 5116 mens
465 5064 704 5118 munda?
733 5063 930 5121 Saltem
972 5066 1225 5121 mundum
1265 5067 1336 5122 sit
1363 5083 1444 5131 os,
1495 5083 1666 5138 neque
1705 5069 1872 5124 lutum

285 5153 425 5207 foras
452 5154 653 5221 ejicias,
686 5171 754 5210 ne
776 5165 830 5210 et
866 5157 1027 5211 alium
1072 5167 1128 5211 et
1175 5168 1226 5212 te
1265 5157 1436 5227 ipsum
1464 5159 1722 5214 offendas.
1755 5160 1873 5215 Non

281 5242 424 5297 enim
445 5244 517 5299 illi
547 5253 751 5300 tantum
771 5247 858 5316 qui
880 5247 1081 5312 dicunt,
1113 5248 1206 5303 sed
1229 5250 1388 5304 etiam
1416 5250 1490 5303 illi
1515 5251 1602 5321 qui
1628 5251 1869 5319 audiunt,

287 5335 473 5389 multas
496 5337 818 5392 contrahunt
841 5338 1052 5404 sordes,
1078 5339 1204 5393 dum
1231 5340 1322 5394 alii
1351 5342 1522 5410 turpia
1559 5342 1869 5411 loquuntur.

283 5423 567 5494 PrOpterea
593 5429 864 5483 cohortari
894 5438 951 5484 et
987 5432 1270 5486 consulere
1301 5447 1404 5486 non
1435 5431 1644 5500 desino,
1679 5442 1739 5488 ut
1765 5450 1871 5489 non

280 5517 450 5572 solum
475 5523 544 5574 ab
569 5521 832 5590 ejusmodi
860 5523 1039 5577 verbis
1072 5523 1378 5590 efferendis,
1410 5523 1502 5579 sed
1535 5528 1716 5592 etiam,
1743 5525 1871 5582 dum

280 5612 347 5664 ab
374 5614 488 5668 aliis
508 5615 819 5676 eﬂ’eruntur,
862 5615 1140 5671 audiendis
1185 5616 1566 5683 abstineamus,
1596 5626 1650 5672 et
1677 5619 1871 5674 divium

281 5701 381 5769 legi
410 5719 624 5774 semper
652 5705 848 5760 addicti
878 5706 1064 5760 simus.
1096 5708 1194 5774 Qui
1221 5706 1363 5763 enim
1395 5707 1655 5777 ejusmodi
1687 5711 1864 5776 fuerit,

283 5790 464 5853 beatus
504 5811 534 5850 a
583 5796 842 5866 propheta
886 5797 1244 5867 prasdicatur:
1295 5798 1480 5855 Beatus
1503 5800 1609 5868 vir,
1651 5807 1740 5874 qui
1768 5823 1869 5862 non

1015 363 1083 419 lN
1121 363 1348 432 lLLUD,
1389 363 1706 420 PROPTER
1747 358 2288 423 FORNICATIONES
2328 367 2638 438 UXOREM,
2680 367 2830 424 ETC.
2871 369 2914 426 l.

3495 373 3610 430 210

2019 476 2141 528 abii:
2181 476 2232 532 ir:
2273 479 2484 534 consilio
2529 482 2820 550 impiorum,
2851 491 2898 536 et
2938 481 2989 536 in
3034 482 3113 537 ria
3142 495 3460 554 peccatorum
3504 504 3606 542 non

2016 577 2171 630 stent,
2202 579 2249 622 et
2270 571 2323 624 in
2356 571 2599 625 cathedra
2626 574 2923 643 pestilentia
2951 589 3051 628 non
3080 574 3209 628 sedit
3237 590 3257 630 :
3276 578 3363 629 sed
3410 577 3460 630 in
3499 578 3607 649 legs

2015 657 2225 713 Domini
2252 662 2484 716 voluntas
2509 665 2638 731 ejus,
2667 673 2713 717 et
2747 665 2799 718 in
2824 663 2934 734 lege
2957 666 3065 734 ejus
3091 666 3413 722 meditabitur
3443 669 3522 722 die.
3546 686 3608 723 ac

2014 761 2155 804 nocte
2181 749 2350 824 (Psal.
2379 754 2430 807 1.
2456 754 2506 808 1.
2530 753 2613 825 2).
2987 741 2993 746 ’

2083 839 2140 894 2.
2171 845 2345 912 Atque
2384 843 2435 897 in
2469 843 2704 912 profanis
2725 844 2939 914 quidem
2970 847 3340 916 conventibus,
3363 850 3467 904 etsi
3503 849 3605 905 ali-

2011 932 2138 1001 quid
2182 932 2408 988 fortasse
2435 936 2558 990 boni
2586 937 2871 1006 aliquando
2899 938 3114 1006 dicitur,
3147 941 3232 996 vix
3266 951 3441 996 tamen
3469 943 3608 997 inter

2010 1025 2173 1078 multa
2198 1040 2357 1093 prava
2385 1043 2546 1082 unum
2571 1028 2839 1100 quidpiam
2866 1030 3089 1100 probum
3114 1031 3350 1103 plerique
3375 1033 3605 1102 loquun-

2012 1123 2136 1169 tur:
2168 1116 2292 1170 dum
2338 1127 2514 1172 autem
2561 1134 2726 1174 sacra:
2773 1121 3020 1191 leguntur
3062 1122 3387 1193 Scriptum,
3442 1124 3602 1194 plane

2005 1210 2329 1262 contrarium
2354 1211 2563 1264 evenit:
2589 1212 2788 1266 nullum
2813 1229 3114 1268 sermonem
3148 1230 3370 1283 pravum
3392 1216 3601 1282 audies,

2005 1311 2191 1353 omnes
2231 1300 2418 1354 salutis
2467 1316 2528 1355 ac
2578 1302 2928 1372 philosophia:
2980 1305 3360 1375 modestiaeque
3390 1306 3598 1374 plenos,

2003 1387 2302 1456 eujusmodi
2332 1399 2456 1444 sunt
2476 1407 2595 1460 qute
2621 1391 2880 1448 hodierno
2905 1393 2991 1448 die
3018 1405 3142 1448 sunt
3164 1396 3316 1451 lecta.
3343 1395 3595 1463 Quaenam

2003 1479 2089 1532 illa
2123 1483 2320 1548 porro?
2341 1480 2419 1534 De
2435 1482 2614 1552 quibus
2643 1493 2807 1538 autem
2832 1485 3099 1552 scripsistis
3116 1486 3258 1553 mihi,
3287 1487 3477 1557 inquit,
3505 1487 3594 1543 bo-

2002 1585 2127 1622 num
2151 1580 2222 1624 est
2261 1571 2455 1625 homini
2499 1573 2758 1626 mulierem
2784 1590 2885 1627 non
2933 1584 3134 1645 tangere
3157 1590 3176 1628 :
3198 1587 3403 1645 propter
3431 1579 3591 1647 [orni-

2001 1661 2220 1714 catioaes
2249 1672 2416 1717 autem
2461 1665 2799 1733 unusquisque
2840 1681 2985 1718 suam
3029 1681 3240 1720 uxorem
3285 1667 3503 1734 habeat,
3548 1678 3597 1722 et

2001 1767 2310 1822 uitaquteque
2337 1770 2486 1806 suum
2515 1755 2677 1807 virum
2705 1756 2779 1823 (1.
2826 1753 2948 1810 Cor.
2995 1755 3048 1809 7.
3080 1757 3130 1810 1.
3158 1756 3234 1826 2).
3277 1757 3355 1812 De
3402 1759 3598 1829 nuptiis

2001 1844 2144 1915 leges
2166 1847 2338 1899 sancit
2366 1847 2582 1914 Paulus,
2615 1863 2788 1917 neque
2816 1864 2938 1903 eum
2972 1849 3152 1918 pudet,
3176 1867 3274 1906 nec
3300 1852 3592 1920 erubescit;

1999 1951 2062 1991 ac
2093 1939 2285 1991 merito
2314 1954 2462 1992 sane.
2497 1938 2552 1994 Si
2580 1941 2721 1992 enim
2751 1943 2949 2009 nuptiis
2984 1941 3246 1996 honorem
3273 1943 3463 1997 detulit
3489 1944 3595 1999 Du-

1998 2029 2177 2084 minus
2205 2029 2342 2099 ejus,
2370 2045 2469 2085 nec
2496 2030 2705 2084 illarum
2733 2046 2856 2085 eum
2879 2032 3086 2100 puduit,
3117 2031 3208 2087 sed
3233 2041 3287 2088 et
3313 2036 3606 2104 praesentia

1997 2135 2093 2175 sua
2140 2137 2253 2175 rem
2305 2123 2617 2188 exornavit,
2657 2131 2712 2176 et
2761 2139 2983 2178 munere
3025 2123 3333 2193 :siquidem
3376 2141 3597 2182 munera

1998 2215 2223 2269 contulit
2243 2216 2478 2268 omnium
2507 2216 2760 2282 maxima,
2781 2232 2902 2271 cum
2924 2233 3075 2287 aqua:
3099 2227 3345 2272 naturam
3367 2220 3592 2275 mutavit

1999 2308 2051 2362 in
2077 2309 2261 2362 vinum
2287 2327 2299 2362 :
2331 2309 2421 2378 qui
2450 2312 2709 2380 potuisset
2739 2310 2934 2378 pudere
2964 2327 3177 2365 servum
3203 2312 3349 2380 leges
3383 2311 3450 2368 de
3495 2329 3596 2368 nu-

1999 2401 2120 2469 ptiis
2151 2399 2331 2454 ferre?
2363 2399 2478 2454 Non
2511 2402 2652 2455 enim
2682 2416 2767 2455 res
2798 2402 2935 2456 mala
2957 2411 3081 2457 sunt
3108 2404 3327 2472 nuptis),
3351 2403 3446 2459 sed
3473 2420 3593 2458 ma-

1999 2493 2047 2547 la
2096 2509 2182 2547 res
2229 2493 2550 2548 adulterium
2579 2535 2593 2560 ,
2656 2496 2794 2548 mala
2857 2510 2944 2549 res
3000 2494 3281 2550 fornicatio
3329 2514 3342 2550 :
3393 2497 3592 2566 nuptias

1994 2601 2126 2640 vero
2168 2599 2406 2655 prmscns
2458 2593 2584 2639 sunt
2636 2585 2894 2641 adversus
2944 2571 3352 2642 fornicationem
3410 2602 3590 2644 reme-

1995 2677 2162 2733 dium.

2067 2769 2281 2840 Nuptias
2316 2769 2568 2839 quomodo
2612 2769 2941 2824 celebrandas.
2974 2766 3238 2824 [auehitur
3271 2769 3326 2825 in
3372 2769 3586 2826 lascivas

1995 2879 2206 2932 pompas
2235 2863 2548 2932 nuptiarum.
2581 2891 2646 2901 —
2669 2861 2747 2916 Ne
2769 2863 2928 2931 igitur
2956 2862 3231 2918 diabolicis
3261 2878 3350 2918 eas
3373 2865 3588 2935 pompis

1993 2951 2412 3007 dehonestemus
2441 2969 2455 3005 :
2482 2950 2576 3005 sed
2598 2950 2738 3021 quod
2765 2951 2961 3006 factum
3000 2963 3082 3006 est
3117 2967 3146 3004 a
3191 2952 3396 3007 civibus
3422 2953 3588 3009 Cana:

1994 3045 2248 3110 Galilazze,
2282 3045 2372 3099 fiat
2395 3055 2448 3101 et
2477 3045 2545 3099 ab
2571 3045 2635 3099 iis
2666 3044 2756 3114 qui
2782 3060 2921 3098 nunc
2947 3044 3147 3099 ducunt
3174 3061 3403 3114 uxores,
3430 3045 3587 3101 Chri-

1993 3144 2134 3188 stum
2166 3134 2397 3189 habeant
2439 3134 2492 3189 in
2527 3134 2705 3192 medio
2732 3135 3028 3190 sedentem.
3057 3135 3174 3203 Quo
3199 3151 3327 3191 vero
3353 3146 3508 3207 pacto
3534 3137 3588 3192 id

1993 3226 2107 3281 ﬁeri
2141 3236 2334 3296 potest,
2364 3227 2572 3298 inquit?
2615 3228 2717 3284 Per
2745 3229 2889 3298 ipsos
2918 3227 3246 3284 sacerdotes.
3288 3229 3387 3296 Qui
3428 3230 3584 3298 enim,

1990 3317 2182 3387 inquit,
2214 3319 2388 3389 recipit
2415 3335 2520 3383 vos,
2553 3335 2633 3372 me
2674 3320 2848 3389 recipit
2881 3319 3095 3390 (Matth.
3127 3319 3214 3376 10.
3237 3320 3349 3388 40).
3381 3319 3435 3376 Si
3457 3337 3586 3392 ergo

1989 3409 2259 3463 diabolum
2327 3409 2603 3478 ahegeris,
2680 3410 2725 3462 si
2773 3409 3104 3464 meretricias
3151 3410 3477 3476 cantilenas,
3526 3420 3588 3465 et

1990 3501 2182 3555 molles
2225 3509 2434 3564 cantus,
2481 3499 2829 3553 immodestas
2871 3499 3132 3566 choreas,
3175 3500 3339 3555 verba
3383 3502 3579 3571 turpia,

1991 3591 2307 3646 diabolicam
2351 3606 2623 3661 pompam,
2668 3590 2976 3656 tumultum,
3030 3591 3197 3646 risum
3243 3591 3490 3658 ell‘usum,
3530 3601 3587 3648 et

1989 3685 2247 3752 reliquam
2305 3684 2682 3754 turpitudinem
2741 3684 3080 3749 amandaris,
3127 3694 3341 3740 sanctos
3400 3693 3582 3741 autem

1988 3775 2187 3830 Christi
2214 3789 2398 3830 servos
2442 3774 2828 3841 introduxeris,
2859 3774 3105 3830 Christus
3134 3791 3230 3844 per
3258 3778 3402 3845 ipsos
3425 3777 3584 3846 plane

1989 3869 2160 3923 aderit
2201 3884 2321 3922 cum
2351 3875 2524 3922 matre
2564 3881 2658 3921 sua
2690 3875 2744 3920 et
2791 3867 3061 3921 fratribus.
3095 3866 3410 3936 Quicumque
3435 3868 3578 3922 enim

1989 3960 2182 4030 fecerit,
2214 3960 2404 4029 inquit,
2426 3959 2730 4013 voluntatem
2757 3956 2928 4011 Patris
2953 3958 3068 4022 mei,
3096 3958 3203 4027 ipse
3231 3974 3370 4011 meus
3399 3962 3578 4028 frater,

1987 4063 2034 4106 et
2077 4069 2220 4106 soror
2258 4061 2305 4106 et
2347 4061 2506 4105 mater
2545 4060 2616 4105 est
2651 4049 2865 4122 (Matth.
2910 4050 2997 4104 12.
3039 4049 3152 4120 50).
3184 4049 3307 4106 Scio
3330 4051 3579 4121 equidem

1986 4161 2201 4212 gravem
2243 4142 2557 4214 quibusdam
2599 4151 2654 4196 et
2692 4142 2974 4197 molestum
3005 4141 3172 4197 videri
3210 4157 3326 4212 me,
3357 4143 3482 4198 dum
3511 4145 3580 4200 ad

1988 4237 2102 4292 htec
2125 4252 2219 4291 vos
2244 4237 2449 4300 hortor,
2489 4245 2543 4290 et
2569 4235 2839 4305 antiquam
2888 4249 3074 4289 reseco
3111 4234 3577 4291 consuetudinem.

1985 4328 2125 4385 Nihil
2151 4338 2326 4384 tamen
2354 4327 2492 4382 istud
2513 4342 2672 4392 curo;
2699 4340 2870 4395 neque
2895 4326 3036 4380 enim
3059 4335 3163 4379 tant
3189 4327 3358 4394 gratia
3375 4334 3575 4392 vestra,

1985 4439 2144 4494 quam
2172 4422 2397 4476 utilitate
2429 4420 2662 4489 indigeo,
2710 4433 2815 4472 non
2847 4417 3186 4486 applausibus
3216 4427 3271 4470 et.
3310 4416 3575 4483 laudibus,

1985 4515 2077 4568 sed
2109 4514 2258 4566 luero
2279 4521 2333 4566 et
2361 4509 2716 4580 philosophia.
2743 4509 2924 4576 Neque
2950 4507 3078 4560 mihi
3106 4506 3386 4575 quisquam
3407 4506 3574 4572 dicat,

1983 4602 2312 4658 consuetudo
2333 4609 2417 4655 est
2444 4619 2457 4653 ε
2491 4600 2580 4654 ubi
2611 4607 2884 4668 peccatum
2923 4596 3292 4660 committitur,
3315 4596 3423 4650 noli
3445 4611 3578 4650 con-

1983 4696 2281 4752 suetudinis
2331 4694 2658 4747 mentionem
2701 4691 2914 4754 facere;
2966 4688 3061 4743 sed
3097 4689 3144 4743 si
3181 4689 3396 4759 quidem
3435 4691 3573 4744 mala

1982 4790 2088 4842 sint
2115 4803 2232 4856 quae
2261 4794 2538 4855 geruntur,
2571 4784 2692 4837 licet
2717 4782 2934 4850 antiqua
2963 4781 3032 4834 sit
3060 4781 3415 4847 consuetudo,
3445 4781 3577 4837 tolle

1981 4880 2126 4934 illam
2160 4897 2173 4930 :
2209 4879 2253 4931 si
2297 4877 2434 4930 mala
2476 4891 2579 4929 non
2624 4875 2750 4940 sint,
2787 4874 2913 4928 licet
2945 4873 3278 4928 consuetudo
3323 4890 3428 4928 non
3467 4874 3570 4942 sit,

1981 4971 2227 5027 introduc
2268 4971 2411 5024 illam
2455 4979 2510 5024 et
2555 4967 2766 5022 invehe.
2811 4967 3074 5021 Ca'terum
3134 4967 3407 5037 antiquam
3465 4984 3572 5023 non

1982 5064 2145 5120 fuisse
2178 5061 2637 5131 consuetudinem,
2666 5068 2724 5113 ut
2755 5069 2859 5114 tam
2900 5069 3082 5127 turpes
3125 5073 3211 5113 res
3239 5059 3450 5126 tierent,
3477 5061 3573 5116 sed

1979 5161 2243 5212 invectam
2286 5153 2568 5223 quamdam
2618 5152 2785 5205 fuisse
2831 5151 3140 5213 novitatem,
3172 5166 3487 5221 cognosces,
3526 5153 3572 5206 si

1977 5247 2317 5310 recorderis,
2376 5260 2482 5315 quo
2528 5253 2683 5316 pacto
2731 5243 2946 5298 duxerit
3004 5259 3225 5297 uxorem
3273 5242 3571 5298 Rebeccam

1979 5341 2147 5406 Isaac,
2170 5355 2274 5410 quo
2301 5346 2458 5410 pacto
2484 5337 2649 5394 Jacob
2674 5337 2986 5392 Rachelem.
3016 5334 3149 5389 Nam
3183 5341 3238 5387 et
3265 5332 3569 5401 nuptiarum

1978 5433 2224 5489 meminit
2251 5432 2460 5486 illarum
2503 5431 2797 5498 Scriptura,
2840 5436 2895 5482 et
2936 5440 3042 5494 quo
3083 5434 3240 5494 pacto
3283 5421 3479 5477 fuerint
3517 5421 3570 5477 in

1979 5525 2121 5581 audes
2151 5539 2470 5594 sponsorum
2504 5522 2587 5576 lue
2615 5534 2828 5588 sponsa:
2865 5517 3108 5571 deducta:
3153 5522 3352 5577 narrat,
3395 5527 3572 5582 neque

1979 5618 2084 5674 tale
2121 5617 2407 5686 quidquam
2445 5595 2857 5675 commemorat;
2887 5607 2981 5663 sed
3020 5606 3322 5661 convivium
3353 5605 3569 5675 quidem

1978 5719 2033 5766 et
2063 5709 2338 5780 prandium
2370 5706 2526 5759 solito
2552 5703 2744 5756 lautius
2763 5703 3148 5765 instruxerunt,
3169 5707 3223 5755 et
3243 5699 3571 5768 propinquos

1979 5804 2045 5858 ad
2075 5801 2282 5871 nuptias
2310 5799 2598 5854 invitarunt
2631 5812 2644 5851 :
2679 5795 2821 5852 tibia:
2848 5809 2976 5851 vero
3008 5808 3070 5849 ac
3099 5793 3314 5862 fistulae,
3347 5791 3571 5862 cymba-
