4006 6488
453 349 550 406 Sll
1235 348 1294 405 S.
1332 347 1609 405 JOANNIS
1644 327 2120 408 CllRYSOSTOMl
2159 349 2480 408 ARCHIEP.
2521 349 3064 408 CONSTANTINOP.

454 467 529 534 la,
551 475 608 522 et
637 464 940 522 temulentze
977 465 1306 532 saltationes,
1348 479 1412 520 ac
1439 464 1642 535 reliqua
1681 464 1857 519 omnis
1890 462 2048 532 hujus

457 556 714 630 temporis
743 555 1012 628 turpitudo
1055 556 1234 626 procul
1281 556 1485 609 aberat.
1529 558 1598 610 At
1634 563 1831 609 nostra:
1877 555 2050 609 tralatis

459 647 706 704 homines
735 656 787 703 et
816 647 1042 718 hymnos
1073 647 1125 701 in
1168 645 1428 700 Venerem
1473 645 1718 700 saltando
1754 655 1973 711 canunt,
1997 653 2051 698 et

461 741 719 798 adulteria
748 741 938 806 multa,
965 747 1022 794 et
1052 740 1354 808 nuptiarum
1389 738 1728 803 violationes,
1753 747 1808 794 et
1834 737 2051 807 illegiti-

461 846 581 888 mos
604 845 832 896 amores,
858 830 1175 901 illicitosque
1201 831 1371 884 coitus
1391 829 1430 896 ¹,
1455 840 1507 884 et
1528 828 1628 882 alia
1647 828 1871 898 plurima
1894 827 2050 897 plena

461 923 748 993 impietatis
777 931 832 976 et
862 921 1166 992 ignominiae
1208 921 1415 975 cantica
1461 919 1554 974 illo
1597 919 1685 973 dFe
1728 928 1944 983 canunt,
1996 927 2051 972 et

460 1026 582 1086 post
607 1015 919 1069 ebrietatem
963 1028 1027 1068 ac
1076 1021 1274 1066 tantam
1317 1009 1696 1080 turpitudinem
1726 1024 1847 1064 cum
1873 1007 2050 1063 verbis

461 1105 730 1162 obscoenis
749 1106 958 1177 publice
982 1120 1230 1176 sponsam
1256 1103 1544 1159 deducunt.
1577 1103 1693 1170 Quo
1716 1103 1874 1173 igitur
1899 1109 2052 1171 pacto

461 1198 757 1252 castitatem
787 1196 855 1251 ab
903 1196 991 1250 illa
1035 1195 1225 1264 exigis,
1272 1208 1488 1263 quaeso,
1533 1208 1654 1248 cum
1679 1192 1789 1262 jam
1817 1208 1844 1244 a
1877 1191 2052 1260 primo

463 1287 551 1342 die
579 1287 645 1341 ad
679 1296 880 1344 tantam
923 1286 1305 1358 impudentiam
1340 1286 1480 1338 illam
1509 1284 1744 1348 erudias,
1772 1294 1826 1339 et
1855 1283 1907 1337 in
1935 1281 2052 1352 ejus

463 1388 750 1449 conspectu
781 1393 842 1434 ea
872 1377 984 1432 ﬁeri
1017 1393 1078 1432 ac
1105 1377 1210 1432 dici
1244 1391 1422 1444 cures,
1451 1391 1572 1446 quae
1599 1389 1771 1446 neque
1809 1374 1889 1430 fas
1925 1374 1995 1428 sit
2022 1388 2052 1427 a

464 1472 645 1542 probis
687 1471 966 1540 mancipiis
1003 1469 1215 1525 audiri?
1263 1469 1391 1523 Tam
1433 1468 1684 1522 diuturno
1712 1475 1954 1536 tempore
1980 1465 2056 1520 la-

465 1562 673 1619 boravit
705 1571 876 1631 pater,
905 1561 1031 1616 dum
1061 1559 1324 1631 virginem
1352 1573 1475 1614 cum
1503 1567 1674 1614 matre
1699 1565 1963 1622 servaret,
1997 1565 2056 1610 ut

465 1669 639 1724 neque
659 1653 885 1719 diceret,
929 1667 1102 1722 neque
1141 1652 1408 1707 dicentem
1449 1650 1610 1704 alium
1651 1648 1918 1719 quoddam
1949 1646 2056 1702 tale

466 1746 686 1801 verbum
713 1745 939 1809 audiret,
966 1755 1018 1800 et
1038 1745 1326 1806 conc'avia,
1350 1753 1402 1798 et
1423 1757 1692 1815 gyntecea,
1717 1751 1770 1796 ct
1786 1740 2053 1807 custodes,

466 1845 522 1892 et
542 1835 758 1906 januas.
784 1845 836 1890 et
866 1844 1067 1897 vectes,
1096 1844 1150 1889 et
1185 1835 1520 1903 vespertinos
1547 1846 1861 1910 progressus
1881 1874 1895 1895 ,
1923 1839 1979 1886 et
2000 1837 2059 1885 ιιι

469 1925 694 1989 nemini,
725 1939 793 1980 ne
813 1925 1226 1995 propinquorum
1257 1925 1470 1994 quidem
1497 1925 1588 1978 ulli
1619 1939 1678 1978 se
1713 1923 2057 1993 spectandam

468 2016 710 2084 olTerret,
750 2027 804 2071 et
843 2017 944 2070 alia
972 2016 1157 2080 multa,
1188 2025 1243 2070 et
1281 2015 1365 2070 his
1396 2015 1542 2085 plura
1587 2014 1872 2084 diligenter
1897 2028 2058 2069 accu-

467 2107 641 2168 rabat.
670 2115 724 2162 et
752 2117 804 2162 tu
841 2109 1061 2162 venious
1090 2115 1279 2162 cuncta
1312 2107 1398 2162 illa
1440 2122 1545 2161 uno
1583 2105 1671 2161 die
1713 2105 1966 2169 eﬁ'ndisti,
1995 2120 2059 2161 ac

470 2214 566 2268 per
597 2199 928 2255 inhonestam
962 2199 1105 2253 illam
1143 2213 1391 2268 pompam
1421 2197 1660 2262 eﬁ‘ccisti,
1693 2207 1751 2252 ιιι
1778 2197 2060 2266 impudens

470 2291 642 2353 ﬁeret.
671 2300 724 2346 et
748 2290 909 2345 verba
952 2290 1238 2361 depravata
1269 2291 1321 2345 in
1350 2306 1559 2361 sponsce
1602 2290 1834 2344 animam
1863 2288 2058 2344 infudi-

467 2383 574 2436 sti?
597 2381 786 2437 Nonne
810 2383 931 2438 inde
951 2393 1070 2452 qute
1095 2390 1390 2451 sequuntur
1412 2383 1546 2436 mala
1568 2381 1925 2451 proveniunt?
1955 2398 2059 2436 non

471 2471 600 2528 inde
641 2473 899 2528 adulteria
943 2481 999 2529 et
1047 2473 1379 2544 zelotypice?
1424 2487 1603 2528 nonne
1652 2471 1776 2528 inde
1832 2471 2059 2528 ﬁliorum

471 2567 748 2631 orbitates,
792 2565 1096 2633 viduitates,
1128 2573 1183 2621 et
1222 2565 1488 2620 immaturi
1541 2573 1817 2634 parentum
1847 2565 2061 2620 obitus?

475 2659 605 2715 Cum
635 2660 777 2714 enim
805 2659 1076 2715 dtemones
1116 2659 1360 2714 cantibus
1402 2657 1508 2712 illis
1538 2657 1728 2714 invites
1750 2699 1768 2726 ,
1812 2673 1934 2712 cum
1969 2672 2064 2727 per

471 2753 724 2809 obscmna
751 2752 910 2807 verba
931 2751 1272 2822 cupiditatem
1305 2750 1513 2805 illorum
1539 2751 1776 2820 expleas,
1803 2764 1926 2804 cum
1958 2749 2059 2804 mi-

473 2857 593 2898 mos
616 2852 671 2898 et
694 2842 1028 2900 effeminatos
1056 2843 1110 2897 in
1139 2841 1281 2897 aedes
1307 2842 1615 2898 introducas
1641 2849 1696 2896 et
1723 2849 1890 2896 totum
1914 2841 2064 2895 thea-

471 2943 639 3001 trum,
671 2949 793 2990 cum
813 2934 1180 2990 meretricibus
1205 2933 1423 2988 domum
1444 2933 1735 3001 compleas,
1764 2941 1819 2988 ct
1839 2931 2059 2998 efﬁcias,

473 3035 537 3080 ut
562 3033 709 3081 totus
751 3025 861 3079 illic
901 3025 1204 3081 dtemonum
1249 3032 1419 3079 ctetus
1461 3023 1719 3091 lasciviat,
1757 3023 1881 3094 quid
1925 3023 2058 3088 sani,

474 3130 680 3184 quaeso,
705 3114 957 3186 deinceps
985 3123 1136 3184 potes
1160 3113 1511 3184 exspectare?
1529 3112 1642 3180 Qua
1663 3128 1790 3169 vero
1815 3113 1880 3168 de
1902 3128 2062 3168 causa

475 3213 536 3263 et
584 3206 888 3262 sacerdotes
931 3204 1223 3260 introducis
1247 3247 1264 3273 ,
1306 3220 1426 3260 cum
1470 3214 1683 3275 postero
1712 3205 1798 3261 die
1837 3205 1959 3260 talia
1990 3205 2064 3260 sis

476 3299 916 3370 perpetraturus?
945 3297 1038 3354 Vis
1067 3297 1510 3368 magniﬁcentiam
1543 3297 1862 3353 fructuosam
1895 3307 2064 3353 osten-

477 3391 633 3447 tare?
661 3391 804 3446 Voca
851 3405 1144 3461 pauperum
1182 3389 1396 3445 choros.
1445 3390 1552 3445 Sed
1594 3388 1972 3445 verccundaris
2011 3400 2066 3444 et

477 3481 784 3538 erubescis?
830 3480 897 3536 Et
938 3480 1066 3552 quid
1121 3481 1223 3536 hac
1260 3480 1589 3536 absurditate
1629 3479 1802 3552 pejus,
1847 3494 1971 3536 cum
2010 3481 2063 3535 in

480 3573 627 3629 edes
653 3571 924 3628 diabolum
969 3572 1263 3643 pelliciens,
1295 3572 1425 3628 nihil
1458 3559 1613 3643 turpe
1654 3583 1707 3628 te
1741 3588 1900 3644 agere
1940 3588 2067 3628 cen-

475 3679 623 3732 seas,
651 3679 772 3721 cum
802 3679 930 3718 vero
957 3664 1227 3720 Christum
1255 3664 1567 3719 inducturus
1601 3665 1695 3731 sis,
1741 3663 2065 3720 erubescas?

483 3756 552 3813 Ut
577 3757 719 3813 enim
761 3757 1154 3814 introeuntibus
1191 3758 1514 3829 pauperibus
1539 3757 1755 3814 advenit
1799 3755 2063 3825 Christus,

479 3850 553 3904 ita
579 3863 702 3904 cum
731 3849 921 3910 molles
945 3865 1006 3906 ac
1031 3850 1178 3905 mimi
1207 3850 1432 3906 choreas
1473 3849 1581 3905 illic
1610 3850 1828 3917 ducunt,
1856 3849 2067 3905 lascivit

479 3940 537 3994 in
561 3940 738 3995 medio
769 3941 979 3996 illorum
1010 3941 1269 3997 diabolus.
1299 3943 1474 4012 Atque
1499 3955 1566 3996 ex
1599 3940 1703 3996 illis
1732 3940 1944 4011 quidem
1971 3956 2067 3997 ex-

479 4031 660 4100 pensis
688 4031 888 4086 nullum
936 4032 1164 4095 lucrum,
1207 4031 1301 4087 sed
1343 4042 1396 4087 et
1443 4030 1667 4086 multum
1711 4033 1882 4087 oritur
1910 4031 2064 4086 dam-

480 4134 610 4174 num
637 4138 651 4173 :
679 4135 744 4174 ex
771 4119 855 4174 his
870 4130 1044 4175 autem
1073 4122 1372 4191 sumptibus
1401 4123 1616 4176 multam
1644 4123 1750 4177 cito
1765 4123 2066 4178 mercedem

479 4209 798 4278 reportabis.
828 4211 986 4279 Atqui
1017 4211 1192 4265 nullus
1218 4226 1401 4266 eorum
1430 4213 1520 4282 qui
1551 4213 1604 4266 in
1632 4213 1763 4268 urbe
1790 4221 1934 4281 sunt,
1965 4212 2067 4268 hoc

481 4302 766 4372 praestitit?
793 4301 872 4356 Tu
901 4316 1027 4357 vero
1065 4303 1260 4372 incipe,
1283 4314 1337 4358 et
1378 4304 1645 4373 praeclarze
1677 4305 1824 4360 istius
1849 4319 2068 4361 consue-

481 4390 680 4448 tudinis
704 4401 894 4448 auctor
930 4407 1049 4449 csse
1072 4393 1354 4459 contende,
1389 4403 1444 4448 ut
1472 4409 1590 4449 eam
1621 4395 1712 4450 tibi
1739 4397 1936 4466 posteri
1975 4411 2067 4452 ac-

478 4493 688 4556 ceptam
718 4484 909 4540 ferant.
940 4484 1092 4550 Quod
1124 4483 1167 4538 si
1199 4485 1478 4539 :emuletur
1505 4483 1716 4554 aliquis,
1738 4494 1794 4540 et
1835 4487 2068 4542 imitetur

479 4576 620 4632 hanc
643 4577 1101 4643 consuetudinem,
1146 4576 1213 4631 ad
1243 4592 1337 4633 eos
1377 4579 1466 4649 qui
1516 4578 1932 4648 interrogabunt,
1981 4579 2065 4634 di-

478 4682 605 4722 cere
632 4676 884 4737 poterunt
911 4677 1155 4738 nepotes,
1183 4683 1245 4722 ac
1287 4677 1536 4738 nepotum
1581 4668 1692 4735 ﬁlii,
1729 4669 1874 4724 illum
1905 4669 2065 4724 talem

479 4758 623 4813 hanc
647 4759 900 4826 optimam
921 4759 1091 4829 legem
1118 4759 1347 4828 primum
1378 4759 1664 4814 invexisse.
1704 4760 1761 4814 Si
1799 4759 1939 4814 enim
1971 4776 2068 4815 ex—

480 4849 646 4906 terius
672 4849 724 4904 in
745 4850 1144 4916 certaminibus,
1167 4850 1292 4907 dum
1323 4851 1566 4905 convivia
1597 4850 1952 4918 instruuntur,
1976 4850 2067 4922 qui

479 4939 687 4997 inutilia
716 4940 816 4996 ista
837 4955 1056 4996 munera
1085 4940 1296 5011 publica
1331 4942 1588 5011 majorem
1617 4941 1684 4999 ad
1725 4942 2070 5012 magniﬁcen-

480 5033 610 5089 tiam
641 5032 980 5102 provexerint
999 5073 1014 5098 ,
1038 5047 1068 5087 a
1097 5032 1251 5103 vulgo
1274 5033 1613 5091 celebrantur
1639 5051 1652 5088 :
1697 5035 1862 5091 multo
1901 5034 2068 5104 magis

479 5127 534 5182 in
566 5125 668 5182 hoc
693 5125 908 5197 publico
935 5141 1155 5182 munere
1179 5125 1438 5196 spirituali
1465 5126 1754 5182 laudabunt
1780 5142 1988 5192 omnes,
2013 5137 2069 5186 et

469 5215 704 5288 gratiam
734 5215 1002 5272 habebunt
1023 5217 1091 5282 ei,
1120 5218 1210 5287 qui
1238 5217 1557 5287 principium
1584 5217 1724 5273 istud
1753 5219 2066 5289 praeclarum

480 5299 856 5376 introduxerit,
880 5309 1036 5380 eique
1059 5308 1266 5364 laudem
1295 5309 1626 5367 liberalitatis
1656 5311 1757 5372 hoc
1793 5320 1843 5370 et
1873 5314 2071 5369 utilita-

481 5414 588 5458 tem
619 5404 876 5474 acquiret.
905 5401 1034 5457 Nam
1072 5403 1118 5456 si
1148 5413 1202 5457 et
1223 5401 1409 5458 hocab
1434 5404 1554 5459 aliis
1581 5415 1851 5474 peractum
1887 5405 2067 5472 fuerit,

479 5493 576 5549 tibi
605 5495 694 5564 qui
720 5495 923 5566 primus
949 5493 1152 5550 semina
1179 5493 1351 5564 jecisti
1379 5495 1646 5552 fructuum
1673 5497 1904 5562 illorum,
1930 5515 2071 5553 mer-

481 5585 668 5642 cedem
699 5585 936 5656 prol‘erct
967 5605 978 5640 :
1005 5586 1110 5643 hoc
1129 5595 1186 5643 et
1225 5595 1278 5644 te
1298 5588 1406 5645 cito
1430 5597 1707 5661 parentem
1727 5589 1942 5658 efﬁciet,
1967 5588 2070 5650 hoc

537 5732 725 5809 ’.ξῐ-εςςτ,
762 5733 1055 5809 illicitosque‘
1071 5736 1224 5807 coitus
1240 5739 1354 5809 _(xa_ti
1391 5741 1533 5809 μίξεις
1565 5743 1845 5809 ἀθέσμους),
1876 5747 2057 5801 desunt

477 5800 526 5846 la
563 5797 739 5863 Editis,
766 5799 854 5848 sed
881 5797 1124 5850 habentur
1148 5797 1197 5849 in
1224 5797 1413 5851 duobus
1449 5803 1560 5854 Mss.

3633 345 3762 402 213

2161 471 2217 519 et
2243 461 2426 518 liberis
2445 463 2641 518 auxilio
2661 440 2788 531 erit,
2807 462 3112 530 emcietque
3133 469 3190 516 ut
3203 457 3430 533 sponsus
3449 474 3569 514 cum
3591 473 3768 528 spon-

2157 569 2216 610 sa
2241 565 2611 613 consenescat.
2641 555 2708 612 Ut
2729 555 2873 610 enim
2906 553 3247 624 peccantibus
3273 552 3576 623 frequenter
3598 550 3768 605 Deus

2161 647 2516 704 comminatur
2535 647 2720 702 dicens
2741 668 2755 704 :
2779 646 2942 700 Erunt
2967 646 3066 714 ﬁlii
3090 646 3240 700 vestri
3269 645 3471 715 pupilli,
3491 655 3538 698 et
3561 660 3768 698 mra

2156 748 2336 793 uestrae
2359 737 2526 792 vidum
2557 734 2750 808 (Exod.
2778 735 2870 790 2‘2.
2894 736 2987 805 24)
3022 753 3036 791 :
3080 736 3160 790 sic
3187 736 3288 790 illis
3311 735 3401 805 qui
3423 735 3476 788 in
3496 735 3769 790 omnibus

2158 828 2257 901 ipsi
2285 829 2539 884 obediunt
2572 839 2627 884 et
2663 839 2993 884 senectutem
3018 829 3226 884 beatam
3248 836 3304 883 et
3333 829 3509 882 omnia
3533 843 3660 883 cum
3692 842 3765 882 ea

2157 937 2217 977 se
2237 921 2487 975 daturum
2517 921 2654 976 bona
2683 922 2982 991 pollicetur.

2229 1012 2283 1066 '5.
2310 1012 2375 1065 Et
2401 1026 2528 1066 vero
2559 1012 2779 1067 Paulum
2816 1027 3096 1082 possumus
3123 1011 3224 1066 hoc
3249 1011 3512 1066 dicentem
3535 1009 3764 1078 audire,

2158 1119 2302 1173 saepe
2342 1103 2653 1158 immaturas
2689 1113 2891 1158 mortes
2935 1117 2966 1156 a
3014 1103 3356 1158 multitudine
3406 1110 3765 1173 peccatorum

2159 1194 2350 1248 allatas
2377 1209 2517 1248 esse.
2545 1192 2673 1248 Ideo
2695 1195 2861 1256 enim,
2893 1193 3079 1262 inquit,
3110 1194 3241 1248 inter
3260 1209 3345 1248 vos
3368 1193 3513 1246 multi
3533 1193 3760 1262 inﬁrmi,

2159 1296 2206 1341 et
2229 1285 2500 1341 imbecilles
2519 1326 2534 1353 ,
2566 1296 2615 1341 et
2644 1286 2902 1340 dormiunt
2931 1285 3077 1340 multi
3106 1285 3156 1358 (Ι
3187 1285 3304 1340 Cor.
3332 1287 3422 1340 Η.
3455 1286 3575 1356 30).
3607 1286 3763 1340 Pau-

2161 1395 2319 1450 peres
2343 1389 2543 1446 autem,
2571 1381 2615 1436 si
2638 1380 2958 1448 nutriantur,
2986 1379 3118 1433 nihil
3146 1379 3364 1434 evenire
3402 1378 3508 1433 tale
3533 1377 3767 1448 permit-

2163 1478 2296 1535 tere,
2325 1469 2418 1524 sed
2445 1470 2689 1539 quamvis
2713 1469 3040 1539 inopinatum
3061 1468 3185 1538 quid
3214 1467 3433 1533 incidat,
3453 1467 3764 1522 remedium

2163 1561 2285 1616 illos
2313 1559 2572 1616 adhibere
2597 1561 3094 1631 praesentissimum,
3117 1575 3180 1614 ex
3208 1575 3269 1614 ea
3294 1560 3468 1629 puclla
3488 1572 3765 1628 cognosce

2163 1666 2284 1722 quae
2314 1653 2364 1706 in
2389 1650 2558 1721 Joppe
2589 1651 2916 1706 morabatur.
2955 1650 3084 1705 Nam
3116 1659 3171 1705 et
3201 1649 3340 1704 hanc
3365 1659 3631 1704 mortuam
3665 1647 3763 1716 ja-

2163 1756 2374 1798 ccntem
2417 1743 2828 1798 circumstantes
2882 1757 3142 1812 pauperes
3184 1741 3272 1812 qui
3316 1740 3384 1795 ab
3431 1755 3495 1794 ea
3545 1739 3762 1794 nutrie-

2165 1833 2378 1899 bantur,
2396 1841 2450 1887 et
2467 1833 2741 1903 plorantes
2757 1834 3076 1898 excitarunt,
3091 1843 3144 1886 et
3167 1832 3236 1886 ad
3257 1833 3418 1886 vitam
3436 1839 3767 1886 revocarunt

2168 1923 2300 1995 (Act.
2317 1923 2365 1979 9.
2387 1923 2455 1979 36
2469 1935 2517 1978 et
2532 1926 2688 1993 δρψ).
2711 1923 2884 1979 Tanto
2901 1923 3173 1978 viduarum
3193 1931 3246 1978 et
3270 1937 3565 1992 pauperum
3581 1920 3762 1975 oratio

2165 2015 2277 2070 risu
2321 2025 2374 2070 et
2409 2015 2607 2070 chorea
2655 2017 2803 2071 omni
2839 2027 2921 2071 est
2943 2015 3148 2074 utilior.
3197 2015 3294 2070 llic
3338 2029 3444 2068 uno
3482 2013 3573 2067 die
3599 2013 3766 2068 durat

2165 2105 2468 2174 delectatio,
2499 2107 2608 2163 illic
2632 2108 2882 2178 perennis
2909 2116 2994 2164 est
3017 2116 3269 2179 qumstus.
3292 2106 3474 2177 Cogita
3496 2114 3761 2176 quantum

2169 2199 2296 2254 illud
2326 2201 2396 2254 sit
2423 2209 2502 2256 tot
2529 2200 2991 2257 benedictionibus
3020 2210 3266 2255 onustam
3289 2214 3542 2271 sponsam
3573 2199 3762 2268 sponsi

2166 2290 2385 2346 domum
2439 2292 2684 2348 introire.
2735 2292 2940 2361 Quibus
2991 2293 3205 2349 coronis
3242 2291 3602 2362 splendidiora
3647 2307 3761 2345 non

2166 2393 2288 2438 sunt
2316 2383 2414 2438 ista
2434 2383 2458 2436 ?
2477 2384 2668 2455 quibus
2689 2400 2796 2438 non
2813 2384 3014 2440 divitiis
3042 2383 3294 2439 utiliora?
3316 2399 3439 2438 cum
3461 2391 3647 2438 contra
3671 2380 3766 2436 hic

2168 2489 2286 2530 mos
2316 2474 2610 2530 hodiernus
2637 2484 2894 2531 extrema:
2916 2476 2988 2530 sit
3004 2474 3307 2531 dementias.
3332 2473 3584 2542 Quamvis
3609 2475 3762 2528 enim

2169 2583 2269 2624 nec
2295 2583 2454 2639 paena
2475 2610 2491 2635 ,
2523 2583 2624 2624 nec
2647 2568 3000 2639 supplicium,
3041 2567 3105 2623 iis
3130 2568 3219 2638 qui
3243 2577 3352 2622 tam
3385 2567 3669 2622 illhthSle
3700 2579 3762 2620 se

2167 2667 2389 2730 gerunt,
2424 2660 2746 2725 immineret,
2794 2661 2969 2731 cogita
3009 2669 3263 2730 quantum
3303 2657 3622 2730 supplicium
3653 2657 3760 2724 sit,

2171 2752 2329 2805 tantis
2351 2750 2650 2806 maledictis
2677 2750 2980 2822 proscindi,
3005 2751 3199 2820 popqu
3224 2759 3521 2820 spectante,
3553 2750 3762 2805 cunctis

2169 2845 2525 2910 audientibus,
2550 2845 2618 2900 ab
2644 2844 2948 2900 hominibus
2969 2846 3130 2900 ebriis
3149 2852 3204 2898 et
3227 2853 3405 2899 mente
3429 2843 3761 2913 depravatis.

2169 2937 2302 2993 Nam
2335 2952 2593 3008 pauperes
2619 2937 2831 3008 quidem
2858 2979 2871 3002 ,
2913 2937 3003 2992 ubi
3029 2936 3156 3007 quid
3184 2937 3506 3006 acceperint,
3537 2934 3765 2990 benedi-

2169 3038 2314 3096 cunt,
2352 3030 2553 3084 inﬁnita
2585 3031 2721 3084 bona
2754 3037 3040 3101 precantur
3074 3047 3087 3081 :
3119 3029 3193 3083 illi
3223 3044 3350 3083 vero
3377 3037 3496 3098 post
3530 3028 3768 3082 ebrieta-

2173 3133 2301 3189 tem,
2331 3123 2823 3200 postyoracitatem
2841 3163 2857 3188 ,
2885 3136 3073 3176 omnes
3101 3120 3448 3176 dicteriorum
3475 3118 3666 3174 sordes
3707 3119 3762 3172 in

2171 3230 2361 3272 eorum
2406 3215 2579 3286 capita
2621 3213 2935 3278 elTundunt,
2967 3213 3056 3283 qui
3101 3211 3498 3267 matrimonium
3543 3219 3763 3266 contra-

2173 3306 2325 3373 hunt,
2356 3315 2412 3362 et
2441 3305 2760 3362 diabolicum
2791 3314 3062 3361 certamen
3105 3304 3244 3358 inter
3280 3317 3342 3357 se
3366 3303 3633 3373 quoddam
3681 3303 3763 3356 in-

2180 3399 2410 3452 stituunt
2440 3417 2453 3452 :
2481 3405 2536 3453 et
2565 3396 2716 3468 quasi
2745 3403 2925 3452 essent
2963 3395 3159 3450 inimici
3189 3394 3278 3464 qui
3308 3394 3651 3455 conveniunt,
3683 3394 3763 3446 sic

2173 3491 2382 3548 illorum
2413 3490 2694 3561 propinqui
2717 3489 3079 3544 ccrtantintcr
3107 3502 3167 3542 se
3209 3494 3327 3540 uter
3366 3485 3519 3555 plura
3546 3484 3615 3539 de
3654 3484 3763 3537 illis

2170 3583 2260 3653 qui
2288 3582 2538 3652 conjugio
2567 3581 2905 3650 copulantur,
2935 3577 3092 3633 fanda
3123 3587 3177 3633 et
3207 3576 3433 3631 nefanda
3461 3576 3652 3645 probra
3683 3575 3764 3630 ef-

2172 3675 2360 3741 l‘utict;
2390 3684 2443 3729 et
2477 3672 2816 3728 adversarios
2857 3672 3170 3726 imitantur:
3199 3678 3358 3737 atque
3394 3667 3507 3721 haec
3545 3667 3762 3721 illorum

2171 3768 2311 3823 inter
2355 3782 2414 3822 se
2439 3766 2713 3822 contentio
2759 3763 2957 3829 efﬁcit;
3013 3771 3070 3817 ut
3119 3776 3242 3817 cum
3282 3773 3477 3829 sponsa
3532 3773 3764 3828 sponsus

2170 3873 2383 3914 summo
2413 3859 2614 3928 pudore
2638 3857 2991 3914 suﬁundatur.

2241 3950 2545 4006 Damonem
2571 3951 2795 4022 impulsu
2819 3951 2946 4018 ﬁunt
2971 3947 3062 4002 illa
3091 3947 3284 4001 omnia.
3331 3943 3514 3998 Mimos
3532 3953 3579 3997 et
3603 3943 3765 3997 salta-

2173 4053 2304 4097 tores
2328 4051 2464 4096 arcet
2492 4058 2524 4095 a
2553 4042 2760 4112 nuptiis.
2785 4069 2856 4080 —-
2877 4042 2960 4095 An
2991 4041 3151 4111 igitur
3188 4041 3344 4094 aliam
3365 4081 3381 4106 ,
3410 4052 3592 4109 quzeso
3619 4077 3635 4101 ,
3667 4034 3764 4090 deo

2173 4135 2616 4191 monstrationem
2659 4135 3034 4206 requiremus,
3082 4142 3144 4189 ut
3187 4135 3303 4189 haec
3341 4133 3518 4188 omnia
3547 4131 3616 4185 ab
3660 4131 3764 4185 illis

2173 4229 2289 4284 ﬁeri
2331 4228 2543 4299 dicique
2586 4227 2888 4283 darmonum
2920 4227 3152 4298 impulsu
3195 4230 3442 4282 constet?
3479 4224 3610 4291 Quis
3634 4239 3764 4293 ergo

2171 4321 2424 4390 deinceps
2471 4319 2738 4390 ambiget,
2785 4320 2910 4389 quin
2945 4318 3059 4372 haec
3091 4317 3269 4373 omnia
3309 4316 3438 4370 ﬁant
3471 4315 3539 4370 ab
3564 4315 3667 4369 illis
3698 4328 3764 4368 ac

2172 4414 2438 4480 dicantur,
2481 4413 2810 4468 daemonibus
2847 4412 3052 4466 animas
3093 4425 3277 4466 eorum
3326 4408 3762 4478 impellentibus?

2174 4506 2344 4561 Nemo
2374 4507 2532 4575 plane
2565 4524 2579 4559 :
2611 4505 2874 4576 siquidem
2901 4504 3162 4576 ejusmodi
3191 4514 3318 4559 sunt
3347 4501 3546 4558 diaboli
3580 4515 3760 4555 remu-

2173 4600 2475 4654 nerationes
2498 4640 2513 4664 ,
2544 4599 2932 4666 cavillationes,
2961 4598 3270 4661 ebrietates,
3302 4606 3357 4652 et
3391 4596 3584 4649 animm
3628 4593 3763 4646 deli-

2173 4691 2330 4746 rium.
2372 4689 2525 4757 Quod
2573 4690 2616 4744 si
2648 4690 2768 4762 quis
2811 4705 2915 4756 eo,
2966 4689 3108 4760 quod
3133 4688 3320 4744 borum
3362 4686 3476 4740 loco
3498 4697 3763 4754 pauperes

2174 4784 2605 4850 introducuntur,
2637 4786 2817 4839 omine
2844 4784 3198 4846 deterreatur,
3227 4790 3285 4836 et
3311 4779 3630 4838 calamitatis
3656 4778 3760 4832 hoc

2176 4876 2428 4932 indicium
2457 4891 2578 4932 esse
2605 4876 2778 4942 dicat,
2807 4877 2852 4931 is
2881 4875 2981 4930 hoc
3009 4875 3169 4930 etiam
3199 4871 3402 4940 discat,
3433 4885 3542 4925 non
3565 4883 3764 4940 paupe-

2174 4982 2262 5023 res
2299 4983 2364 5023 ac
2398 4967 2584 5022 viduas
2604 4968 2672 5022 ali
2695 5008 2711 5034 ,
2759 4967 2853 5022 sed
2888 4966 3079 5022 molles
3121 4979 3184 5020 ac
3207 4963 3516 5019 meretrices
3539 5003 3555 5027 ,
3586 4959 3765 5014 omnis

2175 5059 2435 5115 molestia:
2459 5069 2619 5129 atque
2645 5059 3047 5112 innumerorum
3071 5071 3188 5112 esse
3216 5053 3477 5109 malorum
3506 5049 3761 5105 indicium

2174 5164 2226 5210 et
2256 5163 2578 5224 portentum.
2595 5153 2750 5221 Smpe
2767 5167 2998 5221 namque
3025 5150 3276 5206 meretrix
3301 5149 3410 5219 jam
3437 5147 3504 5202 ab
3531 5147 3624 5201 illo
3645 5146 3765 5216 ipso

2175 5246 2261 5302 die
2282 5263 2346 5302 ex
2377 5247 2562 5301 amicis
2589 5261 2846 5315 sponsum
2877 5246 3143 5314 captivum
3173 5243 3446 5312 abripiens
3467 5239 3712 5295 discessit
3737 5279 3754 5301 ,

2174 5355 2410 5396 amorem
2438 5355 2562 5410 erga
2585 5354 2835 5408 sponsam
2862 5336 3136 5401 exSIinxit,
3179 5333 3603 5390 benevolentiam
3631 5328 3762 5383 sub-

2176 5431 2298 5486 dole
2325 5432 2562 5492 avertit,
2611 5430 2952 5485 dilectionem
2977 5466 2993 5493 ,
3030 5436 3313 5496 antequam
3358 5422 3758 5484 accenderetur,

2175 5524 2449 5588 dissolvit,
2479 5531 2535 5578 et
2571 5520 2816 5576 adulterii
2855 5535 3038 5574 semen
3078 5517 3281 5586 injecit.
3332 5515 3458 5570 Haec
3500 5514 3760 5584 pertime-

2177 5630 2328 5671 scere
2353 5623 2532 5684 patres
2554 5612 2812 5684 oportuit,
2841 5609 2940 5666 etsi
2968 5608 3100 5664 nihil
3120 5606 3261 5662 aliud
3294 5613 3456 5669 csset,
3482 5616 3546 5658 ac
3571 5600 3762 5655 mimos

2176 5716 2232 5764 et
2279 5707 2560 5761 saltatores
2613 5705 2915 5775 nuptiarum
2969 5702 3208 5773 ingressu
3267 5697 3574 5769 prohibere.
3625 5694 3761 5748 Sunt

2178 5799 2320 5861 enim
2337 5797 2588 5856 instituta:
2607 5797 2801 5869 nuptiae
2812 5839 2824 5869 ,
2853 5810 2957 5851 non
2977 5803 3029 5850 ut
3055 5792 3408 5860 lasciviamus,
3433 5803 3531 5846 nec
3549 5797 3604 5843 ut
3623 5799 3759 5842 δοθε-
