4006 6468
483 326 594 384 215

488 457 592 511 μεν
641 439 1035 507 εἰσενήνεκται,
1092 437 1202 491 οὐδ’
1242 437 1328 490 ἵνα
1379 436 1753 508 πορνεύωμεν,
1812 434 1928 489 ἀλλ’
1976 433 2064 486 ἵνα

487 530 881 600 σωφρονῶμεν.
914 530 1180 583 ¹’Δκουσον
1232 527 1365 597 γοῦν
1399 527 1496 582 τοῦ
1548 526 1761 582 Παύλου
1790 525 2059 593 λέγοντος⁸

486 621 592 677 Διὰ
618 620 687 673 δὲ
718 620 824 685 τὰς
852 620 1133 687 πορνείας
1151 618 1406 683 ἕκαστος
1433 617 1548 685 τὴν
1565 616 1782 671 ἑαυτοῦ
1810 613 2065 685 γυναῖκα

484 710 690 779 ἐχέτω,
726 710 825 764 καί
848 709 1075 776 ἑκάστη
1101 708 1206 764 τὸν
1223 708 1378 763 ιδιον
1406 707 1596 777 ἄνδρα
1617 707 1818 776 ἐχέτω.
1837 704 1941 759 Δύο
1956 702 2064 775 γὰρ

485 803 660 857 ταῦτά
694 803 831 864 ἐστι,
865 800 933 855 δι’
959 800 1103 872 άπερ
1127 802 1496 871 εἰσενήνεκται
1524 800 1720 869 γάμος,
1757 798 1844 851 ίνα
1874 812 1933 849 τε
1961 812 2065 848 σω-

486 893 793 964 φρονῶμεν,
853 894 948 947 καὶ
993 893 1081 946 ἵνα
1134 893 1370 963 πατέρες
1416 890 1716 962 γινώμεθα’
1747 889 1855 943 τῶν
1885 888 1942 941 δὲ
1972 886 2065 941 δύο

482 985 687 1039 τούτων
715 985 1103 1057 προηγουμένη
1146 987 1178 1055 ή
1204 986 1305 1055 τῆς
1333 984 1688 1055 σωφροσύνης
1718 983 1837 1035 ἐστὶ
1863 979 2067 1051 πρόφα-

486 1094 591 1141 σις.
629 1077 847 1149 Ἐπειδὴ
864 1078 973 1147 γάρ
1005 1076 1255 1146 εἰσῆλθεν
1274 1076 1557 1146 ἐπιθυμία,
1590 1074 1806 1145 εἰσῆλθε
1836 1072 1930 1126 καὶ
1960 1071 2063 1140 γά-

487 1183 586 1237 μος
608 1167 718 1237 τὴν
768 1165 1036 1236 ἀμετρίαν
1067 1166 1376 1230 ἐκκόπτων,
1409 1166 1505 1218 καὶ
1555 1163 1757 1216 πείθων
1792 1162 1888 1232 μιᾷ
1929 1160 2065 1231 χρῆ-

400 1242 403 1245 ἢ
486 1257 611 1312 σθαι
644 1258 881 1326 γυναικί.
910 1257 1020 1321 Τάς
1037 1256 1144 1328 γάρ
1180 1257 1527 1318 παιδοποιίας
1554 1256 1653 1325 οὐχ
1674 1254 1893 1323 όγάμος
1924 1252 2069 1303 ποιεί

484 1351 721 1414 πάντως,
757 1350 872 1404 ἀλλ’
889 1353 1065 1403 ἐκεῖνο
1080 1350 1143 1403 τὸ
1159 1351 1224 1421 ρῆ
1233 1367 1311 1421 μα
1340 1349 1433 1402 τοῦ
1453 1348 1589 1401 Θεοῦ
1620 1348 1683 1401 τὸ
1704 1347 1881 1415 λέγον,
1915 1343 2063 1416 [I98]

481 1440 849 1507 Αὐξάνεσθε,
880 1443 977 1495 καὶ
1001 1444 1405 1509 πληθύνεσθε,
1442 1441 1540 1495 καί
1573 1438 1930 1508 πληρώσατε
1951 1436 2068 1503 τὴν

482 1532 616 1603 γῆν·
667 1534 760 1587 καί
793 1532 1163 1603 μαρτυροῦσιν
1215 1535 1330 1586 ὅσοι
1369 1535 1535 1603 γάμῳ
1588 1532 1690 1601 μὲν
1736 1530 2065 1601 ἐχρήσαντο,

483 1625 721 1694 πατέρες
766 1625 824 1678 δὲ
854 1627 955 1678 οὐκ
985 1625 1255 1693 ἐγένοντο.
1288 1626 1455 1678 Ὥστε
1491 1624 1878 1696 προηγουμένη
1924 1619 2063 1691 αὕτη

483 1716 517 1785 ή
552 1715 721 1778 αἰτία,
756 1718 789 1787 ή
821 1717 920 1787 τῆς
954 1716 1331 1790 σωφροσύνης,
1364 1716 1460 1769 καὶ
1497 1716 1731 1786 μάλιστα
1766 1713 1882 1777 νῦν,
1916 1714 2003 1765 ὅτε
2031 1712 2064 1781 ή

483 1807 776 1877 οἰκουμένη
798 1809 948 1861 πᾶσα
979 1808 1072 1862 τοῦ
1100 1810 1291 1877 γένους
1306 1809 1463 1879 ήμῶν
1489 1808 1892 1878 ἐμπέπλησται.
1909 1805 2065 1874 Παρά

488 1900 587 1968 μὲν
611 1897 720 1970 γὰρ
755 1899 856 1969 τὴν
900 1899 1077 1970 ἀρχὴν
1108 1898 1354 1952 ποθεινὸν
1389 1899 1449 1953 τὸ
1480 1900 1589 1951 τῶν
1616 1899 1822 1951 παίδων
1857 1893 1946 1967 ἦν,
1978 1895 2067 1948 διὰ

482 1991 545 2044 τὸ
585 1990 933 2061 μνημόσυνον
961 1993 1054 2045 καί
1086 1992 1317 2061 λείψανα
1369 1990 1807 2063 καταλιμπάνειν
1834 1990 2066 2042 ἕκαστον

482 2081 583 2152 τῆς
617 2082 810 2134 ἐαυτοῦ
853 2080 1020 2151 ζωῆς.
1058 2083 1278 2154 Ἐπειδὴ
1326 2083 1434 2155 γάρ
1462 2082 1811 2144 ἀναστάσεως
1854 2079 2067 2133 οὐδέπω

481 2166 624 2242 ἦσαν
654 2170 886 2235 ἐλπίδες,
907 2171 1020 2224 ἀλλ’
1052 2172 1079 2224 ὁ
1117 2171 1346 2234 Θάνατος
1373 2172 1615 2243 ἐκράτει,
1650 2171 1744 2223 καί
1786 2169 1925 2241 μετὰ
1967 2168 2065 2240 τὴν

485 2262 735 2318 ἐντεῦθεν
766 2262 910 2334 ζωὴν
960 2263 1298 2317 ἀπόλλυσθαι
1330 2262 1579 2335 ἐνόμιζον
1613 2266 1660 2316 οἱ
1685 2262 2063 2326 τελευτῶντες,

483 2353 684 2406 ἔδωκεν
705 2353 880 2416 ὁΘεδς
909 2355 1007 2425 τὴν
1032 2357 1097 2408 ἐκ
1126 2353 1236 2406 τῶν
1275 2354 1480 2407 παίδων
1518 2352 1893 2424 παραμυθίαν,
1924 2351 2065 2405 ὥστε

482 2442 593 2495 τῶν
618 2440 962 2495 ἀπελθόντων
981 2442 1197 2506 εἰκόνας
1223 2441 1502 2512 ἐμψύχους
1536 2442 1737 2511 μένειν,
1769 2440 1863 2494 καί
1890 2440 1951 2494 τὸ
1976 2440 2068 2509 γέ-

483 2551 574 2596 νος
612 2532 770 2603 ήμῶν
795 2532 1189 2605 δια-τηρεῖσθαι,
1226 2534 1320 2585 καὶ
1348 2535 1461 2596 τοῖς
1504 2533 1756 2603 μέλλουσι
1785 2532 2063 2604 τελευτᾷν,

485 2625 579 2679 καὶ
616 2627 731 2687 τοῖς
769 2624 1100 2692 ἐπιτηδείοις
1128 2627 1239 2687 τοῖς
1261 2623 1485 2677 ἐκείνων
1514 2624 1777 2694 μεγίστην
1797 2619 1935 2678 εἶναι
1964 2641 2067 2676 πα-

485 2716 753 2788 ράκλησιν
781 2714 852 2767 τά
894 2715 1120 2768 ἐκείνων
1157 2714 1376 2783 ἔκγονα.
1403 2716 1516 2769 Καὶ
1557 2715 1645 2769 ἴνα
1674 2714 1852 2787 μάθῃς
1873 2715 1954 2768 ὅτι
1978 2714 2067 2768 διὰ

482 2806 643 2861 τοῦτο
677 2805 911 2876 μάλιστα
934 2804 1160 2859 ποθεινὰ
1179 2805 1245 2858 τὰ
1281 2804 1448 2858 τέκνα
1476 2800 1565 2875 ἦν,
1596 2805 1828 2858 ἄκουσον
1851 2805 1903 2857 τί
1933 2805 2067 2875 πρὸς

482 2899 576 2953 τὸν
627 2896 747 2951 Ἰὼϐ
794 2897 1126 2969 ἀποδύρεται
1183 2895 1323 2968 μετά
1354 2896 1455 2960 τὰς
1504 2896 1704 2959 πολλὰς
1734 2896 1998 2966 πληγάςι
2032 2898 2066 2968 ἡ

483 2990 642 3060 γυνή.
689 2987 866 3054 Ἰδοὺ,
900 2990 1088 3059 φησὶν,
1120 2987 1392 3042 ἀπώλετο
1424 2986 1492 3041 τὸ
1516 2989 1918 3056 μνημόσυνόν
1950 3005 2067 3042 σου

481 3080 603 3137 ἀπὸ
634 3080 745 3150 τῆς
787 3078 922 3150 τῆς,
958 3083 1013 3134 οι
1062 3081 1183 3135 υἰοί
1210 3094 1328 3135 σου
1355 3079 1453 3133 καὶ
1492 3084 1551 3133 αἱ
1583 3079 1902 3149 θυγατέρες
1926 3097 2062 3135 σου.

484 3172 596 3226 Καὶ
622 3171 787 3226 πάλιν
823 3173 852 3224 ό
877 3170 1051 3224 Σαοὺλ
1094 3170 1232 3241 πρὸς
1272 3170 1363 3224 τὸν
1407 3170 1596 3225 Δαυῖδο
1644 3171 1915 3242 Ὀμοσόν
1941 3191 2065 3243 μοι,

485 3262 585 3315 ἵνα
611 3260 697 3330 μὴ
729 3261 1035 3328 ἀφανίσῃς
1077 3259 1145 3313 τὸ
1184 3259 1423 3328 σπέρμα
1454 3277 1598 3329 μου,
1644 3262 1744 3314 καί
1786 3262 1853 3316 τὸ
1884 3261 2071 3332 ὄνομά

478 3370 600 3424 μου
624 3353 753 3422 μετ’
779 3350 902 3423 ἐμέ.
964 3351 1185 3423 Ἐπειδὴ
1227 3351 1284 3405 δὲ
1333 3351 1519 3407 λοιπὸν
1561 3354 1595 3424 ή
1651 3354 1949 3416 ἀνάστασις
1977 3355 2070 3407 ἐπὶ

486 3442 702 3513 θύραις,
731 3443 827 3496 καὶ
860 3441 1091 3497 θανάτου
1121 3440 1279 3510 λόγος
1308 3440 1502 3507 οὐδεὶς,
1544 3443 1682 3496 ἀλλά
1713 3444 1848 3515 πρὸς
1880 3445 2070 3515 ἑτέραν

487 3532 635 3602 ζωὴν
682 3532 939 3603 ὁδεύομεν
986 3532 1179 3603 βελτίω
1232 3532 1331 3603 τῆς
1377 3533 1564 3605 οὔσης,
1600 3535 1888 3607 περιττὴή
1943 3535 2070 3607 περί

485 3623 588 3676 ταῦ
601 3639 664 3677 τα
687 3623 917 3694 σπουδή.
941 3625 1005 3677 Εἰ
1037 3623 1147 3696 γὰρ
1177 3623 1380 3678 παίδων
1416 3625 1722 3696 ἐπιθυμεῖς,
1754 3627 1931 3699 πολλῷ
1952 3627 2071 3697 βελ-

487 3715 636 3779 τίους
665 3716 762 3769 καί
778 3715 1228 3787 χρησιμωτέρους
1263 3715 1465 3789 δυνήσῃ
1509 3718 1811 3790 κτήσασθαι
1837 3720 1952 3785 νῦν,
1980 3721 2069 3774 ὅτε

486 3809 858 3879 πνευματικαί
904 3826 1048 3873 τινες
1099 3808 1288 3875 ὠδῖνες
1315 3810 1669 3881 εἰσήχθησαν,
1708 3813 1801 3865 καὶ
1846 3812 2070 3881 βελτίων

485 3900 669 3965 τόκος,
706 3900 801 3953 καί
831 3901 1132 3972 γηροκόμοι
1171 3904 1601 3973 χρησιμώτεροι.
1646 3904 1809 3957 Ὥστε
1849 3904 1945 3975 μία
1986 3905 2070 3968 τίς

486 3992 605 4045 ἐστι
639 3990 819 4061 γάμου
851 3991 1144 4061 πρόφασις.
1168 3992 1231 4045 τὸ
1260 3992 1334 4064 μὴ
1362 3993 1665 4063 πορνεύειν,
1686 3995 1778 4048 καὶ
1802 3996 1892 4049 διὰ
1913 3995 2071 4050 τοῦτο

487 4080 551 4133 τὸ
571 4080 860 4150 φάρμακον
908 4082 1281 4150 εἰσενήνεκται
1324 4083 1501 4138 τοῦτο.
1539 4084 1601 4137 Εἰ
1637 4084 1695 4137 δὲ
1720 4086 1934 4156 μέλλοις
1978 4091 2071 4145 καὶ

495 4167 633 4238 μετά
663 4166 838 4236 γάμον
887 4168 1192 4239 κεχρῆσθαι
1242 4172 1541 4241 πορνείαις,
1591 4177 1860 4245 περιττῶς
1907 4176 2070 4249 ἦλθες

491 4257 691 4313 ἐπἰτδν
725 4259 919 4328 γάμον,
958 4260 1050 4312 καὶ
1078 4260 1202 4330 είκῆ
1251 4263 1346 4316 καὶ
1397 4263 1594 4333 μάτην·
1642 4267 1842 4335 μᾶλλον
1881 4270 1938 4323 δέ
1971 4272 2070 4326 οὐκ

491 4349 615 4420 εἰκῆ
643 4349 737 4403 καὶ
766 4349 942 4420 μάτην
988 4349 1173 4419 μόνον,
1202 4350 1342 4404 ἀλλά
1378 4354 1471 4405 καὶ
1500 4356 1595 4409 ἐπὶ
1635 4356 1829 4429 βλάϐῃ.
1858 4361 1933 4412 Οὐ
1962 4362 2070 4433 γάρ

490 4444 641 4494 ἐστιν
678 4443 791 4494 ίσον
818 4440 920 4494 οὐκ
951 4441 1142 4511 ἔχοντα
1182 4445 1421 4510 γυναῖκα
1452 4446 1757 4515 πορνεύειν,
1798 4451 1891 4503 καὶ
1930 4451 2071 4520 μετά

489 4531 668 4602 γάμον
694 4533 853 4587 πάλιν
876 4532 937 4585 τὸ
980 4531 1111 4586 αὐτὸ
1134 4532 1290 4586 τοῦτο
1317 4537 1508 4589 ποιεῖν.
1536 4536 1671 4589 Οὐδέ
1701 4537 1809 4609 γὰρ
1850 4540 2069 4613 πορνεία

489 4624 552 4677 τὸ
587 4623 791 4677 τοιοῦτο
834 4623 1020 4678 λοιπόν
1066 4625 1232 4690 ἐστιν,
1279 4625 1414 4680 ἀλλὰ
1470 4630 1703 4698 μοιχεία.
1744 4632 1807 4684 Εἰ
1833 4632 1943 4704 γὰρ
1979 4634 2070 4688 καὶ

492 4716 795 4786 παράδοξόν
818 4717 933 4771 ἐστι
966 4717 1027 4770 τὸ
1055 4718 1364 4789 εἰρημένον,
1396 4720 1510 4773 ἀλλ’
1547 4721 1766 4792 ἀληθές.

564 4807 626 4862 δ’.
647 4808 760 4863 Οὐκ
784 4808 1086 4877 ἀγνοοῦμεν
1112 4809 1219 4880 γὰρ
1231 4811 1312 4863 ὅτι
1340 4811 1525 4865 πολλοί
1559 4814 1804 4883 μοιχείαν
1827 4818 2071 4887 νομίζου-

495 4916 601 4963 σιν,
624 4900 750 4952 ὅταν
769 4916 853 4962 τις
881 4897 1150 4967 ῦπανδρον
1180 4900 1374 4973 φθείρῃ
1402 4906 1639 4971 γυναῖκα
1661 4906 1842 4975 μόνον·
1875 4910 1988 4978 ἐγὼ
2008 4911 2067 4965 δὲ

494 4987 595 5043 κᾶν
631 4989 863 5060 δημοσίᾳ
899 4988 1093 5062 πόρνῃ,
1123 4990 1225 5043 κᾶν
1267 4990 1623 5063 θεραπαινίδι,
1661 4994 1764 5050 κᾶν
1792 4997 1927 5069 ἄλλῃ
1963 5002 2071 5054 τινὶ

492 5079 714 5148 γυναικὶ
741 5078 908 5148 ἄνδρα
933 5078 1033 5131 οὐκ
1062 5079 1260 5151 ἐχούσῃ
1289 5082 1500 5154 πρόσχῃ
1544 5086 1728 5149 κακῶς
1746 5088 1840 5140 καί
1869 5089 2067 5145 ἀκολά-

495 5187 658 5234 στως,
688 5170 827 5239 ἔχων
850 5171 1101 5236 γυναῖκα,
1128 5171 1369 5241 μοιχείαν
1387 5173 1447 5225 τὸ
1470 5175 1709 5229 τοιοῦτον
1739 5173 1880 5232 εἷναί
1904 5197 2068 5252 φημι.

493 5262 569 5315 οὐ
602 5260 710 5333 γὰρ
733 5261 797 5332 δὴ
821 5259 981 5331 μόνον
1010 5260 1117 5314 ἀπὸ
1137 5262 1243 5314 τῶν
1272 5262 1664 5335 ὑϐριζομένων,
1695 5267 1834 5323 ἀλλά
1857 5271 1949 5323 καὶ
1963 5273 2070 5326 ἀπὸ

490 5353 597 5405 τῶν
628 5352 958 5419 ὑϐριζόντων
980 5351 1041 5404 τὺ
1067 5351 1164 5415 τῆς
1188 5354 1431 5424 μοιχείας
1461 5356 1772 5411 συνίσταται
1794 5359 2065 5433 ἔγκλημα.

492 5442 585 5510 Μὴ
619 5441 730 5512 γάρ
781 5459 872 5511 μοι
901 5440 1026 5504 τοὺς
1055 5440 1252 5507 ἔξωθεν
1303 5445 1501 5517 νόμους
1545 5449 1704 5521 εἴπῃς
1734 5450 1850 5516 νῦν,
1874 5453 1923 5506 οἱ
1970 5456 2069 5521 τὰς

498 5532 595 5605 μὲν
629 5535 888 5600 γυναῖκας
916 5536 1297 5607 μοιχευομένας
1347 5539 1426 5602 εἰς
1458 5538 1805 5613 δικαστήριον
1852 5544 2068 5599 ἕλκουσι

553 5717 577 5745 ⁸
600 5718 706 5769 Duo
738 5732 854 5773 mss.
877 5724 1053 5783 πολλὰς
1069 5728 1150 5776 καί
1174 5728 1380 5793 ἀφάτους
1397 5732 1592 5795 πληγάς.

1207 332 1265 388 S.
1306 330 1594 387 JOANNIS
1634 323 2128 384 CIIRYSOSTOMI
2162 323 2483 381 ARCIIIEP.
2524 319 3079 379 CONSTANTINOP.

3641 322 3747 381 ω

2168 434 2262 486 καὶ
2276 433 2503 497 εὐθύνας
2526 434 2869 500 ἀπαιτοῦσιν,
2897 433 3096 504 ἄνδρας
3116 436 3210 488 καὶ
3236 437 3504 502 γυναῖκας
3531 436 3752 509 ἔχοντας

2168 523 2264 576 καὶ
2298 522 2645 595 θεραπαινίσι
2667 526 3167 597 προφθειρομένους
3188 526 3290 580 οὐκ
3311 527 3639 583 ἀπαιτοῦσιν
3664 530 3756 584 εὐ-

2170 611 2354 677 θύνας·
2386 615 2500 668 ἀλλ’
2527 614 2638 685 ἐγώ
2663 634 2745 670 σοι
2774 617 2865 670 τὸν
2894 617 2990 670 τοῦ
3011 616 3148 670 Θεοῦ
3162 616 3328 687 νόμον
3340 617 3755 690 ἀναγνώσομαι,

2169 705 2370 776 ὁμοίως
2407 707 2503 760 καί
2553 708 2647 760 ἐπὶ
2695 708 2795 779 τῆς
2848 708 3109 776 γυναικὸς
3157 710 3253 763 καὶ
3287 710 3379 763 ἐπὶ
3430 710 3527 763 τοῦ
3564 711 3760 782 ἀνδρὸς

2169 796 2601 864 ἀγανακτοῦντα,
2619 799 2713 853 καὶ
2739 800 2983 870 μοιχείαν
3008 796 3142 854 εἰναι
3166 802 3227 855 τὸ
3252 803 3486 872 πρᾶγμα
3504 801 3755 869 λέγοντα.

2170 887 2355 941 Εἰπὼν
2388 889 2516 961 γὰρ,
2549 891 2658 945 Καὶ
2694 890 2923 957 ἑκάστη
2983 891 3091 944 τὸν
3135 891 3290 944 ἴδιον
3320 892 3515 960 ἄνδρα
3548 890 3755 960 ἐχέτω,

2171 979 2439 1051 ἐπήγαγε·
2469 980 2548 1049 Τῇ
2575 982 2809 1052 γυναικί
2846 982 3049 1051 όάνὴρ
3084 982 3197 1052 τὴν
3224 981 3629 1052 ὀφειλομένην
3659 982 3759 1036 εὕε-

2170 1087 2344 1124 νοιαν
2363 1071 2709 1127 ἀποδιδότω.
2747 1072 2811 1124 Τί
2854 1090 2985 1126 ποτε
3024 1073 3216 1145 δηλοῦν
3245 1074 3569 1145 βουλόμενος
3598 1072 3760 1129 τοῦτο
3862 1065 3867 1069 ’

2171 1156 2357 1229 sla-rev;
2395 1160 2542 1235 [I99]
2577 1159 2687 1233 ἆρα
2716 1163 2803 1218 ἶνα
2825 1163 2924 1226 τὰς
2962 1166 3257 1237 προσόδους
3288 1166 3427 1236 αὐτῇ
3464 1165 3573 1218 τῶν
3621 1182 3761 1236 χρη-

2176 1248 2361 1318 μάτων
2397 1251 2730 1325 διατηρήσῃς
2760 1253 2845 1306 ἵνα
2888 1254 2985 1324 τὴν
3016 1258 3214 1325 προῖκα
3242 1255 3413 1319 σώαν;
3445 1256 3533 1309 τνα
3565 1254 3758 1325 ίμάτια

2174 1342 2431 1415 παράσχῃ
2464 1344 2762 1416 πολυτελῆ;
2793 1345 2881 1399 ἰνα
2913 1348 3195 1418 τράπεζαν
3219 1347 3634 1417 δαψιλεστέραν,
3664 1346 3758 1401 ἵνα

2173 1433 2388 1500 ἐξόδους
2412 1435 2701 1509 λαμπράς;
2732 1438 2820 1491 ἵνα
2849 1440 3076 1492 οἰκετῶν
3092 1438 3389 1509 θεραπείαν
3418 1438 3655 1510 πολλήνς
3688 1439 3758 1494 ΤΞ

2172 1523 2388 1591 λέγεις;
2423 1529 2572 1580 ποῖον
2614 1529 2825 1591 εὐνοίας
2866 1525 3005 1592 εἰδος
3036 1529 3251 1598 ζητείς;
3294 1528 3388 1583 καί
3430 1530 3541 1601 γὰρ
3584 1529 3761 1584 ταῦτα

2173 1616 2350 1668 πάντα
2385 1618 2597 1681 εὐνοίας
2631 1619 2798 1675 ἐστίν.
2850 1621 3015 1673 Οὐδέν
3046 1638 3098 1673 τι
3132 1620 3341 1673 τοιοῦτο
3365 1620 3530 1688 λέγω,
3566 1621 3753 1690 φησὶν,

2172 1705 2310 1758 ἀλλά
2341 1706 2437 1777 τὴν
2462 1711 2814 1781 σωφροσύνην
2847 1711 2939 1764 καὶ
2984 1711 3081 1782 τὴν
3113 1713 3437 1783 σεμνότητα.
3466 1713 3540 1766 Τὸ
3594 1714 3757 1785 σῶμα

2172 1796 2265 1848 τοῦ
2318 1798 2508 1869 ἀνδρὸς
2536 1801 2717 1853 οὐκέτι
2764 1801 2859 1854 τοῦ
2894 1802 3105 1873 ἀνδρὸς,
3160 1803 3297 1856 ἀλλά
3339 1805 3440 1874 τῆς
3472 1805 3756 1873 γυναικός.

2173 1887 2423 1959 Τηρείτω
2459 1891 2635 1945 τοίνυν
2664 1893 2800 1964 αὐτῇ
2830 1892 2890 1946 τὸ
2919 1893 3101 1963 κτῆμα
3136 1895 3297 1958 σῶον,
3336 1895 3432 1949 καί
3469 1897 3543 1967 μὴ
3574 1895 3761 1966 μειού-

2171 1994 2271 2040 τω,
2305 1980 2439 2048 μηδὲ
2476 1984 2917 2054 παραφθειρέτω·
2943 1987 3037 2040 καὶ
3077 1986 3186 2056 γὰρ
3222 1986 3330 2039 τῶν
3355 1988 3582 2041 οἰκετῶν
3613 1989 3762 2043 ἐκεῖ·

2174 2086 2261 2132 νος
2297 2069 2489 2136 εὔνους
2523 2073 2760 2142 λέγεται,
2810 2076 2869 2140 ὃς
2916 2077 2982 2132 ἂν
3034 2077 3101 2131 τά
3133 2077 3430 2132 δεσποτικά
3464 2078 3759 2151 δεξάμενος

2175 2161 2453 2231 χρήματα,
2492 2164 2657 2234 μηδὲν
2675 2165 2733 2230 ἐξ
2763 2167 2942 2220 αὐτῶν
2967 2168 3278 2240 διαφθείρη.
3327 2170 3548 2241 Ἐπειδὴ
3575 2172 3758 2228 τοίνυν

2173 2251 2273 2319 τῆς
2304 2255 2560 2320 γυναικός
2582 2256 2698 2310 ἐστι
2725 2257 2912 2328 κτῆμα
2933 2259 2994 2311 τὸ
3026 2259 3121 2312 τοῦ
3147 2260 3340 2330 ἀνδρὸς
3359 2260 3537 2332 σῶμα,
3567 2261 3759 2329 εὔνους

2173 2340 2313 2395 ἔστω
2347 2344 2475 2416 περὶ
2508 2346 2607 2417 τὴν
2659 2349 3134 2422 παρακαταθήκην
3183 2353 3212 2404 ὁ
3257 2352 3416 2423 ἀνήρ.
3476 2353 3597 2407 Ὀτι
3647 2354 3758 2427 γὰρ

2172 2432 2330 2487 τοῦτό
2372 2452 2557 2506 φησιν,
2605 2439 2795 2502 εἰπὼν,
2833 2441 2951 2506 Τὴν
2986 2442 3230 2496 εὔνοιαν
3276 2442 3627 2510 ἀποδιδότω,
3661 2446 3760 2500 ἐπ-

2175 2525 2400 2594 ήγαγεν·
2424 2528 2494 2582 ἸΙ
2506 2529 2659 2598 γυνὴ
2684 2532 2789 2584 τοῦ
2810 2533 2964 2588 ἰδίου
2978 2534 3249 2604 σώματος
3264 2538 3375 2589 οὐκ
3398 2535 3750 2604 ἐξουσιάζει,

2173 2613 2311 2668 ἀλλ’
2345 2620 2379 2670 ό
2404 2615 2577 2685 ἁνήρ·
2607 2620 2822 2687 ὁμοίως
2848 2622 2948 2675 καί
2976 2626 3008 2676 ό
3037 2623 3193 2693 ἀνὴρ
3224 2626 3330 2679 τοῦ
3360 2626 3514 2681 ἰδίου
3557 2628 3756 2698 σώμα-

2174 2722 2276 2771 τος
2327 2710 2437 2760 οὐκ
2474 2709 2827 2775 ἐξουσιάζει,
2888 2714 3026 2768 ἀλλ’
3076 2716 3113 2781 ἠ
3149 2717 3326 2787 γυνή.
3374 2720 3545 2774 Ὅταν
3583 2723 3756 2775 τοίνυν

2179 2796 2292 2870 ἴδῃς
2306 2800 2509 2870 πόρνην
2526 2801 2904 2868 δελεάζουσαν,
2926 2807 3173 2860 ἐπιϐουλε
3184 2809 3403 2876 ύουσαν,
3423 2812 3638 2884 ἐρῶσαν
3664 2814 3753 2869 τοῦ

2177 2887 2450 2959 σώματος,
2483 2892 2604 2945 εἰπὲ
2624 2894 2757 2964 πρὸς
2780 2895 2970 2966 αὐτήν⁹
2996 2896 3110 2951 Οὐκ
3134 2896 3280 2953 ἔστιν
3314 2900 3447 2968 ἐμὸν
3478 2901 3541 2954 τὸ
3578 2902 3750 2974 σῶμα,

2175 2981 2271 3049 τῆς
2292 2982 2550 3049 γυναικός
2601 2985 2717 3038 ἐστι
2750 2985 2852 3055 τῆς
2898 2988 3057 3059 ἐμῆςο
3109 2990 3169 3041 οὐ
3196 2990 3379 3060 τολμῶ
3410 2996 3754 3067 καταχρήσα-

2178 3074 2319 3139 σθαι,
2352 3073 2476 3128 οῦτε
2514 3077 2675 3150 ἑτέρᾳ
2722 3077 2879 3132 τοῦτο
2922 3081 3165 3137 ἐνδοῦναι
3190 3086 3428 3152 γυναικί.
3466 3088 3641 3142 Τοῦτο
3666 3091 3755 3144 καὶ

2175 3165 2310 3236 γυνὴ
2340 3167 2585 3223 ποιείτω.
2617 3170 2793 3241 Πολλὴ
2818 3171 2926 3243 γάρ
2955 3175 3189 3229 ἐνταῦθα
3217 3180 3248 3248 ή
3279 3179 3546 3249 ἰσοτιμία·
3580 3182 3755 3237 καίτοι

2175 3275 2238 3327 γε
2262 3261 2320 3313 ἐν
2357 3263 2471 3324 τοῖς
2498 3261 2682 3326 ἄλλοις
2708 3263 2909 3334 πολλὴν
2934 3266 3147 3321 δίδωσιν
3178 3269 3498 3342 ὐπεροχὴνό
3524 3274 3753 3341 Παῦλος,

2176 3350 2317 3404 οὕτω
2344 3350 2536 3422 λέγων’
2578 3353 2754 3422 Πλὴν
2785 3356 2883 3410 καί
2900 3357 3069 3427 ὑμεῖς
3099 3363 3155 3414 οἱ
3192 3365 3323 3418 καθ’
3347 3364 3479 3429 ἕνα,
3508 3367 3613 3421 ἵνα
3634 3367 3757 3421 ἑκα-

2175 3459 2323 3509 στος
2340 3445 2453 3511 τὴν
2471 3445 2690 3499 ἑαυτοῦ
2720 3449 2974 3516 γυναῖκα
2993 3451 3181 3518 οὕτως
3196 3452 3397 3523 ἀγαπᾷ
3421 3457 3504 3521 ὡς
3516 3444 3753 3513 ἑαυτόν

2176 3534 2216 3599 ἡ
2247 3533 2315 3587 δὲ
2345 3535 2522 3604 γυνὴ,
2562 3538 2662 3590 ἵνα
2688 3537 2943 3607 φοϐῆται
2984 3543 3091 3595 τὸν
3124 3544 3330 3611 ἄνδρα·
3362 3549 3478 3614 καί,
3508 3554 3757 3625 Κεφαλὴ

2176 3626 2462 3693 γυναικὸς
2500 3631 2533 3682 ό
2570 3628 2746 3698 ἀνὴρ,
2796 3633 2908 3697 καὶ,
2952 3633 3201 3701 Ὀφείλει
3230 3639 3267 3706 ἡ
3308 3640 3461 3707 γυνὴ
3486 3646 3758 3702 ὑποτάσ-

2177 3721 2391 3773 σεσθαι
2425 3719 2506 3786 τῷ
2535 3722 2727 3789 ἀνδρί.
2764 3724 2875 3777 Καὶ
2900 3724 3059 3779 πάλιν
3111 3728 3170 3780 ἐν
3220 3732 3286 3801 τῇ
3326 3731 3561 3805 Παλαιᾷ,
3603 3738 3758 3805 Πρὸς

2176 3808 2282 3861 τὸν
2304 3807 2494 3877 ἄνδρα
2526 3828 2641 3865 σου
2671 3814 2706 3880 ἠ
2739 3814 3093 3884 ἀποστροφή
3131 3833 3270 3884 σου,
3298 3819 3396 3873 καὶ
3423 3825 3611 3889 αὑτός
3641 3841 3757 3882 σου

2179 3898 2503 3965 κυριεύσει.
2538 3901 2662 3964 Πῶς
2688 3898 2779 3956 οῦν
2807 3904 3042 3958 ἐνταῦθα
3073 3909 3193 3977 ίσην
3231 3909 3496 3964 ἀντίδοσιν
3511 3912 3756 3976 δουλείας

2179 3992 2272 4045 καὶ
2296 3992 2613 4057 δεσποτείας
2663 3995 2963 4065 εἰσήγαγε;
3003 3998 3075 4050 Τὸ
3112 3999 3222 4068 γάρ
3259 4002 3451 4066 εἰπεῖν,
3496 4004 3559 4059 Ἡ
3602 4006 3755 4077 γυνὴ

2177 4084 2283 4138 τοῦ
2323 4084 2475 4139 ἰδίου
2503 4083 2780 4154 σώματος
2816 4089 2929 4141 οὐκ
2961 4088 3313 4155 ἐξουσιάζει,
3348 4093 3541 4149 ἀλλ’(ε
3578 4096 3754 4165 ἀνήρ’

2177 4178 2391 4245 ὁμοίως
2420 4177 2520 4231 καί
2549 4181 2581 4232 ό
2608 4179 2763 4247 ἀνὴρ
2791 4179 2897 4233 τοῦ
2946 4180 3100 4235 ιδιόυ
3138 4181 3412 4252 σώματος
3437 4188 3551 4240 οὐκ
3580 4188 3758 4253 ἐξου-

2176 4266 2383 4334 σιάζει,
2410 4269 2548 4323 ἀλλ’
2565 4271 2603 4337 ἡ
2641 4269 2815 4339 γυνὴ,
2851 4272 3073 4341 ἰσότητά
3101 4291 3222 4328 τινα
3241 4276 3439 4349 πολλήν
3462 4280 3614 4335 ἐστιν
3646 4287 3756 4338 είσ-

2177 4364 2422 4433 άγοντος.
2451 4365 2562 4417 Καὶ
2592 4363 2840 4435 καθάπερ
2867 4368 3069 4430 ἐκεῖνος
3117 4367 3382 4441 δεσπότης
3410 4373 3529 4426 ἐστί
3540 4375 3637 4429 τοῦ
3655 4375 3756 4431 σώ-

2180 4471 2347 4525 ματος
2404 4454 2593 4524 αὐτῆς,
2640 4454 2782 4508 οὕτω
2812 4456 2906 4508 καὶ
2943 4456 3081 4528 αῦτη
3117 4458 3369 4514 δέσποινα
3416 4462 3511 4515 τοῦ
3545 4464 3754 4521 ἐκείνου

2178 4542 2449 4615 σώματος.
2482 4543 2637 4606 Τίνος
2664 4539 2757 4597 οὖν
2801 4544 2987 4598 ἕνεκεν
3024 4546 3290 4618 τοσαύτην
3328 4551 3600 4622 ἰσοτιμίαν
3642 4559 3753 4610 εισ-

2179 4634 2418 4703 ήγαγεν;
2458 4632 2583 4686 Ὅτι
2616 4632 2850 4686 ἐνταῦθα
2882 4635 3208 4708 ἀναγκαίαή
3241 4639 3499 4713 ὑπεροχή·
3538 4644 3668 4699 ἔνθα
3696 4647 3754 4702 δὲ

2178 4723 2532 4795 σωφροσύνης
2555 4723 2742 4795 καιρὸς
2771 4725 2865 4777 καὶ
2896 4727 3242 4798 σεμνότητος,
3273 4730 3424 4783 οὐδὲν
3446 4731 3563 4803 ἔχει
3596 4735 3753 4792 πλέον

2174 4819 2272 4890 τῆς
2288 4817 2543 4887 γυναικὸς
2584 4819 2613 4871 ό
2657 4816 2817 4889 ἀνὴρ,
2851 4817 2964 4871 ἀλλ’
2992 4819 3193 4890 ὁμοίως
3225 4822 3410 4896 ἐκείνῃ
3444 4824 3747 4894 κολάζεται,

2174 4912 2301 4973 τοὺς
2328 4909 2422 4962 τοῦ
2458 4909 2638 4979 γάμου
2667 4908 3047 4980 παραφθείρας
3075 4910 3292 4980 νόμους·
3320 4916 3415 4967 καὶ
3439 4915 3586 4984 μάλα
3614 4920 3752 4973 εἰκό-

2175 5020 2302 5066 τως.
2332 5002 2406 5055 Οὐ
2439 5002 2546 5071 γάρ
2580 4999 2670 5053 διὰ
2714 5000 2871 5053 τοῦτο
2915 4997 3079 5073 ἦλθεν
3126 5003 3159 5072 ή
3191 5004 3326 5074 γυνὴ
3357 5005 3493 5074 πρὸς
3534 5008 3615 5071 σὲ,
3660 5009 3750 5063 καὶ

2177 5092 2386 5163 πατέρα
2417 5091 2509 5144 καὶ
2538 5090 2747 5161 μητέρα
2775 5090 3097 5159 ἐγκατέλιπε
3129 5094 3221 5145 καί
3244 5092 3497 5148 τδνοῖκον
3515 5097 3746 5162 ἅπαντα,

2176 5183 2264 5236 ἵνα
2299 5181 2719 5254 καθυϐρίςηται,
2761 5181 2847 5233 ἵνα
2887 5181 3289 5252 θεραπαινίδιον
3330 5186 3544 5250 εὐτελὲς
3568 5188 3746 5240 ἐπεισ-

2177 5268 2315 5342 άγῃς
2352 5271 2525 5342 αὐτῇ,
2576 5273 2662 5326 ἶνα
2701 5273 2929 5345 μυρίους
2957 5278 3115 5346 ποιῇς
3158 5276 3444 5346 πολέμους,
3483 5280 3748 5351 συνέμπο-

2178 5381 2269 5435 ρον
2299 5362 2510 5425 ἔλαόες,
2550 5362 2645 5415 καί
2692 5363 2946 5416 κοινωνὸν
3000 5365 3093 5416 τοῦ
3144 5364 3279 5434 βίου,
3316 5368 3409 5419 καί
3437 5368 3745 5442 ἐλευθέραν,

2176 5456 2269 5509 καὶ
2302 5455 2581 5526 ὁμότιμον.
2619 5453 2742 5518 Πῶς
2772 5454 2879 5526 γὰρ
2933 5456 3032 5509 οὐκ
3068 5457 3266 5511 ἄτοπον
3295 5460 3393 5529 τὴν
3423 5464 3627 5532 προῖκα
3655 5463 3744 5515 αύ-

2175 5546 2275 5616 τῆς
2306 5544 2720 5615 ὑποδεχόμενον,
2756 5547 2936 5601 πᾶσαν
2970 5548 3373 5604 ἐπιδείκνυσθαι
3395 5550 3628 5618 εὔνοιαν,
3660 5552 3745 5607 καί

2181 5637 2344 5708 μηδὲν
2373 5637 2543 5706 αὐτῆς
2579 5636 2851 5691 ἐλαττοῦν·
2884 5637 2912 5691 ὃ
2955 5639 3012 5692 δὲ
3050 5641 3148 5710 τῆς
3181 5643 3404 5711 προικός
3433 5645 3580 5697 ἐστιν
3611 5644 3747 5700 ἀπά-

2180 5747 2278 5801 σης
2301 5729 2641 5804 τιμιώτερον,
2678 5729 2773 5803 τὴν
2810 5733 3162 5807 σωφροσύνην
3193 5737 3286 5790 καὶ
3316 5737 3417 5808 τὴν
3448 5741 3743 5815 σεμνότητα
