4006 6406
182 327 291 381 213

186 453 398 505 temur,
434 435 528 492 sed
553 445 611 491 ut
632 435 764 492 casti
793 440 981 493 simus.
1010 437 1151 493 Audi
1180 452 1310 494 sane
1339 438 1560 493 Paulum
1590 436 1776 494 dicen—

189 541 299 585 tem
329 547 344 583 :
373 526 592 589 Propter
636 529 997 597 fornicationes
1045 537 1214 582 autem
1254 530 1594 600 unusquisque
1636 546 1782 584 suam

185 636 399 673 uxorem
436 618 653 686 habent,
701 629 747 673 et
778 636 1090 691 unaquaque
1125 637 1273 673 suum
1314 622 1476 674 rit-um
1522 621 1701 676 habeat
1724 622 1771 690 (Ι

185 709 307 766 Cor.
340 712 389 764 7.
421 710 501 780 9.).
527 711 651 766 llam
670 711 814 766 enim
838 713 943 766 duo
972 721 1117 774 sunt,
1145 728 1371 782 quorum
1393 727 1553 768 causa
1582 713 1782 782 nuptiae

186 812 309 857 sunt
339 803 616 869 institutae,
647 810 704 856 ut
731 809 877 863 caste
908 802 1150 859 vivamus
1178 812 1231 857 et
1259 814 1315 857 ut
1336 813 1515 872 patres
1552 804 1741 858 [lamus
1762 843 1780 870 ,

190 895 381 945 horum
415 903 592 946 autem
624 892 852 948 duorum
880 893 1206 948 antecedens
1232 895 1488 949 castitatis
1515 905 1597 949 est
1622 909 1780 949 ocea-

186 982 286 1037 sio.
342 983 623 1052 Postquam
653 986 794 1038 enim
837 984 1070 1054 ingressa
1110 992 1195 1039 est
1231 984 1427 1047 libido,
1472 985 1783 1055 coujugium

190 1089 349 1142 qutq-
376 1089 407 1127 e
453 1075 750 1143 ingressum
778 1084 881 1141 est,
912 1086 971 1129 ut
1018 1075 1425 1129 immoderatum
1457 1092 1610 1130 usutn
1633 1092 1782 1132 rese-

191 1174 360 1229 caret,
385 1174 439 1218 et
468 1165 839 1233 persuaderet,
889 1176 944 1219 ut
970 1182 1072 1221 una
1110 1167 1334 1222 muliere
1376 1169 1611 1222 contenti
1638 1184 1785 1223 esse-

188 1272 327 1309 mus.
360 1257 478 1311 Non
505 1258 646 1311 enim
683 1261 901 1312 omnino
940 1261 1245 1330 conjugium
1275 1261 1457 1328 el‘licit,
1484 1270 1540 1314 ut
1586 1261 1784 1317 liberos

186 1347 570 1416 suscipiamus,
600 1348 693 1403 sed
724 1349 849 1403 illud
892 1350 985 1405 Dei
1028 1352 1270 1417 verbum,
1299 1352 1438 1422 quod
1470 1351 1597 1406 dicit
1626 1369 1638 1404 :
1665 1350 1786 1406 Cre-

185 1441 310 1492 scite
335 1448 385 1492 et
422 1440 849 1511 multiplicamini,
880 1453 925 1497 et
956 1444 1143 1514 replete
1165 1452 1349 1498 terram
1381 1442 1546 1515 (Gen.
1580 1445 1628 1498 l.
1655 1442 1782 1514 28).

188 1530 379 1585 Testes
407 1540 531 1585 sunt
557 1532 876 1602 quicumque
899 1534 1149 1603 conjugio
1178 1543 1301 1588 sunt
1322 1534 1423 1596 usi,
1451 1533 1546 1589 sed
1588 1532 1786 1589 liberos

190 1622 415 1676 minime
444 1632 762 1692 genuerunt.
805 1624 986 1695 Itaque
1024 1624 1348 1679 antecedens
1375 1635 1458 1680 est
1487 1625 1602 1679 haec
1626 1640 1786 1679 causa

188 1714 475 1779 castitatis,
506 1723 665 1783 atque
692 1713 793 1768 hoc
824 1715 1093 1785 praecipue
1134 1725 1408 1784 tempore,
1441 1730 1561 1770 cum
1590 1731 1787 1785 genere

189 1804 427 1857 Ittttttztntt
474 1813 614 1859 totus
655 1805 801 1859 orbis
853 1815 1114 1860 terrarum
1159 1806 1392 1875 repletus
1434 1814 1535 1861 est.
1580 1806 1711 1861 Nam
1754 1821 1785 1860 a

190 1895 455 1964 principio
485 1896 703 1966 quidem
738 1896 1034 1964 expetenda
1065 1911 1152 1951 res
1177 1906 1294 1951 erat
1323 1897 1520 1953 habere
1565 1897 1784 1966 liberos,

191 1996 245 2040 ut
275 1997 688 2041 monumentum
719 2004 782 2042 ac
810 1987 1061 2059 reliquias
1085 1989 1207 2043 vitae
1236 2006 1345 2044 sua:
1368 1992 1591 2061 quisque
1621 1992 1787 2046 relin-

190 2087 402 2146 queret.
448 2078 710 2145 Quoniam
754 2080 895 2135 enim
947 2081 1361 2137 resurrectionis
1389 2098 1512 2152 spes
1553 2083 1786 2138 nondum

191 2175 326 2231 erat,
376 2169 473 2223 sed
507 2185 651 2225 mors
677 2169 1069 2239 dominabatur,
1106 2187 1273 2243 seque
1303 2183 1418 2243 post
1459 2173 1597 2228 hanc
1626 2175 1787 2229 vitam

192 2261 369 2327 perire
397 2262 706 2326 censebant,
737 2263 826 2333 qui
856 2264 1244 2332 moriebantur,
1276 2267 1525 2321 solatium
1553 2267 1693 2321 istud
1724 2283 1789 2322 ex

191 2352 539 2420 susceptione
577 2353 865 2408 liberorum
896 2354 1114 2426 largitus
1143 2365 1224 2412 est
1254 2357 1416 2423 Deus,
1452 2367 1507 2412 ut
1542 2359 1790 2413 animatae

193 2440 573 2497 defunctorum
598 2443 854 2513 imagines
875 2455 1233 2513 remanerent,
1257 2462 1528 2519 genusque
1549 2459 1789 2503 nostrum

192 2547 610 2590 conservaretur
628 2576 644 2602 ,
676 2544 729 2591 et
756 2545 981 2593 mortem
1007 2538 1231 2593 obituris
1258 2554 1550 2610 eorumque
1575 2544 1790 2611 propin-

193 2628 309 2696 quis
335 2630 629 2684 maximam
659 2630 1082 2686 cousolationcm
1108 2632 1157 2686 id
1189 2644 1419 2702 pareret,
1444 2633 1584 2702 quod
1616 2645 1792 2703 poste-

194 2736 280 2775 ros
301 2722 570 2777 baberent
610 2723 945 2791 superstites.
976 2726 1150 2795 Atque
1190 2735 1247 2780 ιιι
1287 2726 1551 2797 intelligas
1594 2724 1792 2781 idcirco

197 2812 400 2867 liberos
429 2815 758 2884 expetendos
796 2816 961 2872 fuisse
986 2859 1002 2885 ,
1046 2817 1191 2883 audi,
1221 2833 1326 2886 qtto
1356 2828 1512 2887 pacto
1538 2818 1675 2887 apud
1702 2817 1793 2873 Jo-

196 2906 316 2960 bum
344 2918 607 2977 queratur
631 2924 693 2964 ac
714 2910 1038 2966 lamentetur
1057 2922 1173 2981 post
1200 2910 1395 2965 multas
1419 2910 1599 2980 p'agas
1620 2925 1754 2965 uxor
1778 2928 1791 2965 :

198 2999 329 3054 Ecce
354 3042 370 3065 ,
408 3000 614 3068 inquit,
655 3004 942 3058 memoriale
967 3013 1107 3055 tuum
1131 3004 1275 3071 periit
1307 3003 1368 3056 de
1402 3013 1533 3056 terra
1557 3044 1573 3068 ,
1615 3014 1660 3056 et
1697 3004 1793 3072 ﬁlii

198 3093 302 3157 tui,
334 3101 386 3145 et
410 3094 531 3156 ﬁliae
555 3102 657 3147 tua!
681 3093 810 3164 (Job
842 3094 925 3149 18.
960 3095 1026 3148 l7
1046 3095 1087 3165 ).
1119 3093 1188 3149 Et
1217 3109 1401 3149 rursus
1431 3094 1497 3148 ad
1541 3094 1793 3149 Davidem

201 3180 324 3237 Saul
356 3201 371 3236 :
405 3182 538 3237 Jura
568 3184 691 3237 mihi
711 3183 766 3238 in
797 3182 1035 3250 Domino,
1066 3185 1184 3256 quia
1214 3200 1315 3238 non
1339 3184 1688 3239 exlerminobis
1713 3200 1794 3238 se-

202 3292 310 3327 men
332 3291 507 3328 meum
532 3317 547 3341 ,
581 3284 628 3329 et
652 3292 830 3330 nomen
854 3292 1015 3330 meum
1047 3285 1157 3346 post
1181 3291 1259 3331 me
1285 3277 1361 3344 (i.
1398 3275 1522 3347 Reg.
1553 3275 1645 3330 ει.
1676 3274 1793 3345 22).

203 3363 493 3435 Postquam
519 3374 697 3419 autem
741 3366 793 3420 in
842 3364 1046 3420 foribus
1091 3375 1174 3421 est
1216 3365 1570 3431 resurrectio,
1624 3380 1798 3435 neque

205 3456 399 3510 mortis
424 3455 533 3524 jam
564 3455 667 3510 ulla
690 3456 827 3510 ratio
858 3455 1103 3521 habetur,
1135 3454 1229 3510 sed
1255 3455 1320 3510 ad
1346 3456 1505 3510 aliam
1529 3456 1799 3525 pergimus

203 3546 364 3600 vitam
402 3545 499 3601 hac
528 3547 692 3600 multo
723 3546 998 3601 meliorem
1024 3588 1041 3613 ,
1077 3562 1531 3615 supervacaneum
1563 3545 1796 3601 studium

204 3648 284 3692 est
311 3637 605 3707 ejusmodi.
631 3636 686 3693 Si
724 3638 867 3693 enim
916 3638 1204 3692 liberorum
1250 3637 1518 3692 desiderio
1562 3638 1794 3704 teneris,

208 3731 384 3785 multo
438 3729 690 3786 meliores
742 3740 901 3801 atque
944 3730 1186 3786 utiliores
1232 3734 1506 3801 acquirere
1559 3730 1799 3800 poteris.

208 3838 350 3876 nunc
398 3837 517 3875 cum
562 3822 852 3892 spiritualis
899 3823 1139 3893 quaedam
1184 3822 1424 3893 pariendi
1464 3823 1598 3876 ratio
1627 3822 1800 3876 intro-

207 3913 365 3967 ducta
403 3923 512 3977 est,
558 3913 855 3984 meliorque
894 3923 1077 3984 partus
1100 3956 1113 3979 ,
1152 3923 1206 3968 et
1236 3914 1474 3969 utiliores
1510 3913 1802 3969 senectutis

207 4006 433 4059 alteros.
481 4004 661 4075 itaque
689 4020 794 4060 una
818 4004 1059 4074 quaedam
1086 4013 1169 4059 est
1192 4004 1402 4061 occasio
1427 4005 1656 4076 conjugii
1684 4047 1698 4071 ,
1747 4013 1803 4060 ut

210 4112 313 4151 non
345 4104 653 4152 scortemur
674 4111 727 4155 et
744 4099 947 4157 idcirco
971 4094 1274 4151 remedium
1291 4095 1671 4152 hoeinvcctum
1698 4104 1800 4151 est.

208 4189 361 4256 Quod
397 4188 442 4242 si
474 4197 593 4259 post
620 4190 925 4260 conjugium
956 4188 1368 4244 scortationibus
1406 4197 1457 4243 te
1497 4187 1804 4258 inquinatu-

210 4295 299 4335 rus
320 4283 405 4337 sis
424 4322 438 4347 ,
467 4295 880 4353 supervacanee,
905 4281 1099 4338 frustra
1130 4292 1182 4336 et
1208 4283 1473 4336 incassum
1515 4281 1581 4336 ad
1618 4282 1806 4350 conju-

210 4371 355 4441 gium
393 4371 583 4426 venisti
615 4388 630 4426 :
663 4372 770 4426 imo
802 4387 930 4427 vero
955 4386 1060 4427 non
1091 4371 1286 4428 frustra
1316 4380 1371 4428 et
1396 4372 1663 4427 incassum
1695 4382 1809 4427 tan-

214 4473 348 4531 tum,
388 4464 481 4518 sed
507 4465 665 4519 etiam
692 4480 813 4519 cum
838 4464 1057 4521 damno.
1102 4464 1217 4520 Non
1250 4464 1389 4519 enim
1415 4480 1512 4535 par
1538 4464 1675 4520 ratio
1704 4473 1805 4532 est,

213 4556 259 4611 si
288 4556 417 4627 quis
445 4571 663 4610 uxorem
692 4572 797 4609 non
826 4556 1026 4611 habens
1046 4565 1327 4619 scortetur,
1351 4558 1465 4610 etsi
1483 4556 1601 4625 quis
1627 4556 1809 4610 matri-

214 4652 403 4706 monio
449 4656 725 4703 contracto
765 4664 949 4703 rursus
990 4649 1218 4719 idtpsutn
1262 4655 1404 4718 agat.
1453 4648 1637 4719 Neque
1666 4649 1808 4703 enim

215 4740 321 4813 jam
378 4739 508 4795 illud
553 4741 810 4795 scortatio
853 4750 975 4807 est,
1025 4739 1118 4796 sed
1168 4739 1504 4795 adulterium.
1556 4739 1831 4809 Quamvis

216 4836 361 4890 enim
393 4835 586 4889 mirum
614 4843 670 4891 et
692 4834 925 4889 insolens
953 4834 1021 4889 sit
1048 4833 1187 4905 quod
1215 4833 1444 4887 diximus
1463 4874 1479 4900 ,
1525 4841 1608 4887 est
1635 4841 1809 4886 tamen

219 4941 350 4982 veru
357 4942 410 4980 [ll
420 4967 434 4981 .

288 5020 349 5074 αἱ.
372 5016 691 5073 Adulterium
719 5019 870 5073 etiam
898 5035 1013 5073 cum
1042 5018 1197 5073 libera
1224 5017 1572 5072 committitur.
1604 5046 1677 5056 —
1696 5015 1811 5070 Non

220 5108 535 5181 ignoramus
585 5110 842 5180 plurimos
890 5110 1208 5165 adulterium
1262 5111 1508 5165 arbitrari
1566 5116 1812 5174 tantum,

220 5218 345 5256 cum
377 5202 497 5272 quis
528 5202 720 5257 marito
759 5202 999 5273 junctam
1043 5203 1318 5257 mulierem
1348 5202 1641 5271 corrumpit
1668 5217 1684 5256 :
1716 5215 1815 5271 ego

223 5308 355 5348 vero
384 5295 498 5348 sive
522 5308 644 5348 cum
679 5294 880 5366 vulgari
912 5304 1109 5360 scorto,
1142 5295 1255 5350 sive
1284 5310 1406 5349 cum
1448 5294 1637 5350 ancilla
1659 5334 1674 5358 ,
1703 5293 1817 5348 sive

224 5402 349 5440 cum
381 5387 483 5440 alia
510 5386 758 5456 quapiam
805 5386 1029 5441 muliere
1057 5402 1162 5441 non
1207 5387 1451 5440 maritata
1476 5425 1492 5449 ,
1541 5384 1816 5454 illegitimo

225 5478 538 5550 lascivaque
566 5495 858 5552 congressu
886 5481 1155 5551 jungatur,
1185 5494 1305 5535 cum
1333 5495 1552 5534 uxorem
1604 5480 1815 5548 habeat,

225 5570 552 5627 adulterium
590 5571 693 5627 hoc
724 5586 842 5627 esse
881 5571 1170 5628 contendo.
1218 5571 1333 5626 Non
1363 5572 1503 5625 enim
1535 5586 1601 5626 ex
1631 5585 1817 5626 eorum

229 5672 437 5717 tantum
467 5663 556 5734 qui
604 5664 981 5720 contumeliam
1030 5665 1341 5736 patiuntur,
1387 5663 1481 5719 sed
1523 5680 1587 5719 ex
1632 5679 1818 5719 eorum

231 5755 419 5823 etiam,
448 5756 540 5829 qui
560 5755 940 5815 contumeliam
968 5754 1220 5826 inferunt,
1244 5755 1548 5813 conditione
1589 5754 1688 5811 hoc
1707 5753 1815 5811 uri.

881 328 947 384 lN
985 327 1220 396 ILLUD,
1260 324 1580 383 PROPTER
1617 324 2160 383 FORNICATIONES
2194 325 2527 394 UXOREM”
2571 328 2722 386 E’TC.
2753 329 2795 385 Ι.

3367 332 3468 388 2H

1890 452 2014 493 men
2052 437 2297 495 adulterii
2339 441 2607 497 metimur.
2639 441 2759 497 Noli
2786 442 2928 499 enim
2955 442 3084 499 mibi
3114 442 3259 514 leges
3301 455 3479 502 exter-

1889 544 1987 583 nas
2012 529 2264 600 objicere,
2293 547 2413 602 quae
2444 533 2697 589 mulieres
2726 535 2942 605 quidem
2967 536 3290 593 adulterium
3325 553 3475 593 cont-

1889 617 2161 674 mittentes
2205 621 2255 674 in
2300 621 2558 689 judicium
2608 624 2967 692 pertrahunt,
3010 636 3062 681 et
3095 643 3281 696 pmnas
3309 630 3378 683 ab
3403 630 3483 683 eis

1889 719 2137 779 repetunt
2165 730 2180 766 :
2211 728 2240 765 a
2275 713 2402 768 viris
2432 730 2558 768 vero
2584 716 2806 770 ancillas
2832 717 3141 772 vitiantibus
3175 735 3281 774 tton
3308 720 3436 775 item
3465 738 3479 774 :

1890 809 1945 853 at
1992 815 2090 870 ego
2120 801 2289 871 legem
2320 804 2410 857 tibi
2445 804 2536 858 Dei
2568 806 2836 873 recitabo,
2861 823 2980 876 qum
3010 809 3122 877 pari
3167 808 3377 865 ratione
3428 810 3481 866 in

1892 891 2170 945 mulierem
2200 901 2251 946 et
2281 894 2333 946 itt
2355 894 2525 948 virum
2552 896 2917 964 excandescit,
2945 906 3000 953 ct
3017 914 3126 952 rem
3152 898 3479 956 adulterium

1890 984 2143 1053 appellat.
2165 983 2295 1039 Cum
2316 986 2457 1039 cuitu
2477 986 2716 1049 dixisset,
2740 987 2805 1040 Et
2825 1005 3135 1059 unaquaque
3151 1007 3299 1045 suum
3322 992 3481 1045 virum

1892 1074 2100 1138 habeat,
2142 1074 2337 1143 adjecit
2363 1092 2378 1129 ε
2412 1075 2571 1129 Uxori
2610 1078 2685 1130 vir
2709 1077 2923 1131 debitam
2943 1080 3334 1135 benevolentiam
3360 1082 3451 1136 red
3460 1112 3477 1124 -

1892 1164 1980 1217 dat
2005 1165 2093 1235 (1.
2123 1164 2240 1219 Cor.
2271 1168 2325 1221 7.
2359 1167 2414 1239 5)
2435 1206 2447 1219 .
2490 1167 2625 1234 Quid
2659 1168 2872 1224 tandem
2904 1170 3127 1225 innuere
3156 1171 3341 1226 volens
3379 1171 3483 1227 hoc

1892 1255 2063 1310 dixit?
2091 1273 2215 1310 unnt
2236 1267 2289 1311 ut
2311 1257 2359 1312 ei
2392 1259 2626 1327 pecunia:
2655 1259 2858 1314 reditus
2874 1262 3259 1317 conservaret?
3296 1273 3352 1316 ut
3379 1262 3481 1316 do-

1898 1356 2006 1401 tem
2038 1348 2286 1403 illzcsatn?
2317 1361 2371 1404 ut
2404 1359 2582 1405 vestes
2611 1361 2948 1421 sumptuosas
2975 1354 3384 1423 suppeditaret?
3428 1365 3485 1411 ut

1895 1438 2172 1494 lautiorem
2196 1441 2469 1495 mensam?
2489 1451 2541 1495 ut
2565 1442 2871 1513 splendidos
2888 1444 3163 1514 sumptus?
3186 1456 3243 1499 ut
3260 1446 3482 1500 multum

1896 1543 2174 1584 servorum
2226 1530 2585 1600 obsequium?
2629 1532 2765 1600 Quid
2798 1531 2917 1588 ais?
2947 1533 3214 1603 quodnam
3256 1534 3489 1590 benevo—

1896 1620 2073 1674 lentia:
2101 1635 2269 1690 genus
2293 1621 2499 1691 exigis?
2530 1638 2654 1675 nam
2685 1633 2738 1676 et
2765 1622 2883 1677 haec
2914 1623 3092 1678 omnia
3155 1633 3280 1679 sunt
3321 1624 3488 1680 bene-

1895 1712 2163 1766 volentiae.
2193 1712 2332 1765 Nihil
2364 1713 2466 1767 tale
2496 1727 2862 1767 commemoro
2887 1754 2901 1778 ,
2933 1713 3122 1784 inquit.
3151 1714 3244 1769 sed
3271 1714 3489 1768 castita-

1899 1812 2004 1859 tem
2034 1818 2100 1857 ac
2122 1803 2448 1872 pudicitiam.
2477 1803 2588 1858 Viri
2617 1819 2812 1873 corpus
2837 1821 2945 1858 non
2972 1807 3199 1876 amplius
3236 1816 3319 1860 est
3367 1806 3488 1874 viri,

1896 1894 1991 1950 sed
2018 1895 2219 1949 uxoris.
2244 1894 2405 1948 Suam
2434 1894 2592 1963 igitur
2619 1895 3011 1963 possessionem
3040 1895 3259 1949 illiesam
3283 1896 3353 1949 illi
3379 1910 3491 1950 scr-

1896 1996 2008 2053 vct,
2040 2001 2213 2055 neque
2239 1987 2542 2054 innninuat,
2570 2000 2670 2041 nec
2697 1997 3041 2056 corrumpat;
3069 1987 3331 2058 siquidem
3355 1988 3494 2043 inter

1901 2076 2130 2132 [amulos
2157 2077 2243 2132 ille
2274 2076 2564 2133 benevolus
2594 2077 2810 2143 dicitur,
2858 2078 2949 2148 qui
2981 2078 3237 2133 herilibus
3262 2080 3494 2151 acceptis

1899 2169 2140 2240 pecuniis
2164 2211 2180 2236 ,
2227 2169 2361 2223 nihil
2399 2184 2463 2223 cx
2497 2169 2625 2238 ipsis
2654 2168 3033 2224 interverterit.
3078 2168 3302 2238 Quando
3336 2170 3495 2240 igitur

1900 2260 2081 2313 uxoris
2113 2260 2379 2329 possessio
2408 2267 2491 2314 est
2520 2259 2616 2313 viri
2645 2274 2862 2329 corpus,
2893 2258 3208 2314 benevolum
3256 2259 3338 2315 vir
3366 2277 3492 2330 erga

1904 2351 2205 2421 depositum
2234 2366 2387 2405 suum
2418 2367 2477 2405 se
2508 2353 2762 2421 pnebeat.
2796 2350 2865 2407 Ut
2902 2352 3044 2407 enim
3075 2352 3212 2407 scias
3244 2352 3343 2407 hoc
3370 2368 3492 2407 eum

1900 2444 2145 2511 innuerc,
2176 2459 2295 2499 cum
2318 2444 2408 2506 :tit,
2441 2443 2844 2498 Beuerolentiam
2872 2445 3072 2509 reddat,
3104 2445 3301 2515 adjecit
3327 2464 3342 2501 :
3370 2445 3493 2500 Μαι

1902 2537 1995 2591 lier
2022 2537 2101 2591 sui
2121 2538 2347 2606 corporis
2372 2546 2665 2607 potestatem
2690 2553 2790 2590 non
2809 2537 2974 2600 habet,
3005 2538 3094 2591 sed
3121 2540 3195 2592 vir
3217 2554 3236 2592 :
3257 2539 3496 2593 similiter

1902 2641 1948 2684 et
1991 2630 2066 2683 vir
2100 2630 2179 2684 sui
2227 2630 2453 2699 corporis
2483 2638 2778 2699 potestatem
2815 2646 2915 2683 non
2949 2629 3131 2698 habet,
3176 2628 3267 2684 sed
3314 2629 3497 2684 mulier

1904 2720 2012 2792 (Ib.
2046 2738 2094 2774 ι’.
2128 2721 2208 2792 4).
2231 2719 2364 2775 Cum
2392 2736 2520 2791 ergo
2550 2721 2890 2776 meretricem
2924 2722 3246 2775 allicientcm
3276 2721 3493 2791 videris,

1905 2813 2242 2867 insidiantem
2268 2854 2285 2879 ,
2334 2827 2530 2883 corpus
2577 2811 2913 2868 adamauletn
2940 2855 2955 2879 ,
3005 2813 3090 2867 dic
3120 2812 3194 2867 illi
3228 2830 3242 2866 :
3271 2812 3385 2867 Nott
3413 2822 3499 2869 est

1909 2922 2087 2960 meum
2118 2921 2333 2975 corpus,
2363 2908 2543 2959 uxoris
2564 2915 2646 2959 est
2666 2920 2800 2961 mea:
2830 2922 2844 2959 :
2879 2906 2968 2960 illo
2997 2905 3141 2959 abuti
3168 2920 3274 2959 non
3301 2906 3497 2973 audeo,

1905 3015 2079 3070 neque
2105 2999 2257 3054 alteri
2299 2998 2507 3053 mulieri
2537 2998 2589 3052 id
2615 3012 2906 3067 exponere.
2932 2997 3044 3052 Hoc
3085 3007 3140 3052 et
3175 2997 3333 3051 faciat
3380 3014 3497 3052 mu-

1906 3090 2026 3146 lier.
2058 3089 2245 3160 Magna
2271 3089 2468 3159 quippe
2498 3088 2583 3142 hic
2607 3096 2690 3143 est
2719 3087 2937 3142 honoris
2958 3088 3264 3158 aequalitas:
3292 3087 3502 3143 tametsi

1907 3181 2128 3236 umltam
2160 3180 2213 3235 in
2239 3179 2450 3235 cmteris
2492 3179 2677 3233 tribuit
2718 3179 3088 3235 excellentiam
3126 3189 3180 3235 et
3202 3179 3338 3248 juris
3368 3194 3502 3248 pra:-

1904 3271 2197 3342 rogativam
2226 3270 2422 3325 Paulus
2451 3270 2520 3324 ita
2551 3269 2772 3325 dicens:
2811 3268 3165 3324 Verumtamen
3193 3280 3240 3324 et
3275 3286 3363 3326 vos
3391 3271 3501 3325 sin-

1907 3366 2033 3437 guli,
2052 3375 2106 3418 ut
2128 3364 2470 3434 unusquisque
2489 3379 2634 3416 suam
2655 3378 2860 3417 uxorem
2882 3364 2952 3416 ita
2974 3363 3173 3433 diligat,
3189 3374 3239 3414 ut
3254 3363 3503 3431 seipsum:

1908 3473 2039 3511 uror
2071 3466 2237 3510 autem
2270 3465 2326 3509 ut
2365 3455 2535 3509 timeat
2561 3455 2721 3507 virum
2747 3471 2893 3509 suum
2919 3453 3135 3527 (Ep/tes.
3158 3454 3210 3509 5.
3242 3455 3333 3526 35)
3368 3477 3381 3508 :
3409 3466 3500 3521 et,

1909 3546 2073 3618 Caput
2101 3546 2327 3600 mulieris
2356 3555 2427 3599 est
2453 3546 2529 3600 vir
2556 3563 2573 3598 :
2604 3554 2679 3611 et,
2724 3544 2879 3599 Debet
2914 3546 3096 3599 mulier
3123 3546 3228 3599 uiro
3256 3562 3361 3599 esse
3380 3545 3502 3600 sub-

1899 3639 2040 3708 jecta
2084 3635 2244 3710 (Ibid.
2276 3652 2322 3690 υ.
2350 3637 2439 3691 25.
2466 3636 2596 3705 22).
2629 3636 2695 3689 Et
2737 3650 2920 3690 rursus
2981 3636 3033 3690 in
3088 3636 3266 3691 Veteri
3312 3637 3504 3691 Testa-

1910 3738 2093 3784 mento
2123 3746 2137 3782 :
2164 3727 2246 3781 Ad
2272 3727 2433 3782 virum
2459 3729 2715 3782 conversio
2743 3736 2828 3781 tua
2845 3767 2861 3792 ,
2904 3739 2947 3781 et
2990 3729 3097 3798 ipse
3122 3729 3195 3782 lui
3224 3728 3507 3782 dominabi-

1911 3835 1993 3880 tur
2018 3824 2179 3897 (Gen.
2213 3826 2266 3881 3.
2300 3822 2423 3895 l6).
2455 3822 2734 3891 Quomodo
2775 3823 2933 3893 igitur
2968 3821 3070 3876 hoc
3099 3822 3215 3877 loco
3245 3813 3504 3893 aqualem

1911 3916 2399 3973 remunerationem
2461 3914 2735 3971 servitutis
2787 3922 2841 3969 et
2906 3914 3207 3967 dominatus
3258 3914 3507 3969 induxit?

1912 4009 2048 4066 Cum
2072 4011 2213 4066 enim
2244 4008 2476 4075 dixerit,
2520 4007 2707 4062 Mulier
2733 4007 2812 4061 sui
2834 4007 3061 4078 corporis
3088 4016 3379 4077 potestatem
3404 4023 3508 4061 non

1922 4101 2107 4167 habet,
2152 4100 2241 4155 sed
2273 4100 2348 4154 vir
2370 4115 2387 4154 :
2409 4099 2641 4153 similiter
2670 4109 2716 4154 et
2745 4098 2818 4152 vir
2848 4099 2929 4153 sui
2954 4099 3182 4168 corporis
3214 4108 3509 4168 potestatem

1915 4211 2016 4249 non
2046 4192 2212 4261 habet,
2234 4192 2322 4246 sed
2350 4191 2529 4245 mulier
2552 4190 2639 4265 (l.
2671 4189 2790 4245 Cor.
2822 4192 2874 4245 7.
2903 4190 2996 4261 4),
3028 4205 3271 4260 nmgnam
3292 4189 3512 4261 aquali-

1918 4294 2078 4340 tatem
2109 4284 2408 4339 constituit.
2438 4282 2507 4337 Et
2532 4282 2981 4353 quemadmodum
3011 4282 3101 4336 ille
3125 4282 3366 4350 corporis
3391 4281 3510 4351 ejus

1916 4385 2001 4433 est
2043 4374 2292 4431 dominus
2317 4418 2333 4444 ,
2382 4375 2460 4429 sic
2496 4384 2551 4430 et
2580 4375 2679 4429 ista
2699 4373 2939 4443 corporis
2970 4372 3113 4426 illius
3151 4381 3235 4427 est
3270 4370 3509 4426 domina.

1916 4466 2024 4523 Cur
2067 4468 2226 4537 igitur
2258 4477 2457 4522 tantam
2510 4465 2869 4537 aequalitatem
2919 4464 3137 4517 honoris
3178 4462 3510 4518 introduxit?

1917 4558 2070 4626 Quod
2102 4559 2349 4612 nimirum
2377 4556 2461 4610 hic
2484 4556 2782 4611 necessaria
2805 4555 2875 4607 sit
2894 4553 3181 4608 eminentia
3218 4570 3230 4607 :
3265 4554 3352 4608 ubi
3376 4568 3503 4608 vero

1917 4649 2177 4703 castitatis
2208 4657 2413 4715 tempus
2437 4654 2519 4700 est
2539 4656 2589 4700 et
2622 4644 2911 4714 pudicitiaz,
2932 4644 3063 4698 nihil
3089 4644 3318 4713 amplius
3349 4643 3513 4699 habet

1923 4741 2018 4806 vir,
2044 4754 2201 4810 quam
2229 4738 2454 4802 mulier,
2485 4736 2579 4791 sed
2611 4735 2721 4806 pari
2749 4734 2955 4790 ratione
2982 4750 3104 4789 cum
3126 4735 3216 4789 illa
3244 4735 3510 4804 plectitur,

1924 4831 1968 4885 si
2003 4831 2148 4900 leges
2179 4827 2409 4897 conjugii
2432 4826 2729 4891 violaverit,
2760 4840 2822 4880 ac
2844 4824 3037 4880 merito
3061 4840 3209 4881 sane.
3232 4824 3347 4879 Non
3369 4825 3512 4882 enim

1920 4923 1985 4978 ad
2013 4931 2064 4977 te
2090 4921 2281 4975 mulier
2321 4919 2519 4974 idcirco
2550 4917 2715 4984 venit,
2765 4926 2820 4973 et
2857 4926 3065 4987 patrem
3095 4925 3149 4972 et
3177 4927 3400 4972 matrem
3428 4925 3513 4972 to-

1924 5024 2137 5082 tamque
2160 5013 2376 5068 domum
2403 5011 2709 5082 dereliquit,
2745 5020 2801 5065 ut
2826 5025 2856 5064 a
2888 5020 2939 5065 te
2967 5011 3308 5065 contumeliis
3334 5010 3515 5066 allice-

1923 5118 2087 5170 retur,
2113 5116 2167 5161 et
2197 5105 2354 5159 vilem
2377 5103 2685 5158 ancillulam
2714 5102 2813 5172 ipsi
2846 5102 3315 5172 superinduceres,
3345 5112 3403 5156 ut
3431 5104 3515 5157 in-

1924 5212 2175 5253 numeras
2205 5209 2409 5265 pugnas
2435 5194 2698 5249 excitares
2737 5212 2751 5249 :
2785 5191 3032 5247 comitem
3060 5201 3115 5247 et
3141 5192 3339 5247 sociam
3371 5192 3513 5258 vitae,

1925 5291 2150 5346 liberam
2192 5298 2245 5345 et
2275 5288 2481 5344 honore
2512 5303 2693 5359 parem
2724 5287 2997 5357 accepisti.
3025 5285 3217 5338 Annon
3248 5282 3389 5336 enim
3420 5282 3517 5337 ab-

1926 5383 2144 5438 surdum
2162 5390 2264 5450 est,
2290 5392 2345 5436 ut
2369 5398 2490 5437 cum
2512 5381 2693 5437 dotem
2718 5378 3011 5448 acceperis,
3032 5390 3245 5429 omnem
3262 5373 3517 5429 exhibeas

1929 5473 2355 5530 benevolentiam
2375 5514 2390 5536 ,
2434 5473 2672 5543 nihilque
2698 5486 2764 5526 ex
2789 5470 2874 5523 illa
2903 5466 3220 5521 imminuas:
3252 5464 3391 5536 quod
3417 5479 3517 5520 au-.

1930 5578 2036 5625 tem
2067 5567 2253 5639 quavis
2295 5565 2421 5621 dote
2466 5562 2748 5634 pretiosius
2778 5569 2878 5626 est,
2906 5557 3205 5613 castitatem
3231 5566 3289 5613 et
3317 5556 3520 5627 pudici-

1931 5662 2079 5727 tiam,
2109 5669 2362 5729 tuumque
2394 5668 2613 5724 corpus,
2640 5649 2781 5723 quod
2812 5649 2953 5704 illius
2981 5655 3064 5703 est
3082 5662 3372 5717 possessm,
3398 5660 3518 5701 cor-

1933 5768 2150 5824 rumpas
2189 5759 2245 5806 ct
2300 5746 2546 5821 polluas?
2595 5744 2652 5802 Si
2698 5741 2877 5799 dotem
2915 5738 3286 5811 imminueris,
3330 5752 3520 5797 secem
