4006 6462
438 370 546 426 215

443 486 710 542 rationem
745 483 977 540 reddes:
1006 483 1051 538 si
1079 484 1373 539 castitatem
1415 482 1744 536 imminueris
1772 523 1786 546 ,
1822 478 1960 532 Deus
2002 488 2032 526 a

443 588 498 634 te
521 593 709 650 pinnas
735 580 915 647 exiget
943 619 957 642 ,
1008 578 1096 644 qui
1125 577 1334 645 nuptias
1377 575 1686 637 introduxit,
1736 583 1790 629 et
1816 589 2035 628 uxorem

443 671 536 726 tibi
577 670 814 724 tradidit.
847 672 1018 738 Atque
1049 668 1149 721 hoc
1187 681 1373 720 verum
1420 681 1542 721 esse
1589 667 1809 736 colliges
1837 682 1902 720 ex
1933 665 1996 719 iis
2021 706 2035 728 ,

443 776 564 831 qua:
613 760 680 816 de
722 759 978 814 adulteris
1018 760 1092 812 ait
1132 759 1369 814 Paulus:
1405 759 1503 824 Qui
1533 759 1662 812 enim
1687 759 1910 827 spernit,
1939 775 2040 811 non

444 851 696 904 hominem
722 851 944 918 spernit,
976 851 1063 904 sed
1091 849 1252 904 Deum
1271 889 1288 914 ,
1313 850 1401 919 qui
1437 850 1573 904 dedit
1604 851 1855 919 Spiritum
1892 866 2041 904 suum

443 949 676 992 sanctum
703 940 755 993 in
785 940 921 994 vobis
950 941 1035 1011 (Ι.
1070 941 1245 995 Thess.
1272 943 1324 995 Δ.
1358 939 1450 1012 8).
1485 941 1644 995 Vides
1670 956 1828 1011 quam
1857 941 2041 996 multis

442 1031 624 1086 verbis
667 1043 944 1086 ostensum
990 1047 1057 1086 ex
1092 1031 1365 1101 Scriptura
1405 1032 1476 1086 sit
1515 1032 1833 1087 adulterium
1877 1047 1998 1087 esse
2023 1073 2038 1098 ,

443 1139 555 1178 non
581 1125 753 1178 solum
781 1125 823 1178 si
856 1125 1046 1178 marito
1070 1124 1308 1192 junctam
1343 1123 1645 1190 mulierem,
1679 1123 1773 1178 sed
1803 1125 1962 1178 etiam
1993 1125 2037 1179 si

449 1218 694 1289 qnamvis
750 1219 1087 1273 meretricem
1130 1225 1441 1286 corrumpat
1491 1218 1536 1272 is
1583 1219 1672 1288 qui
1717 1219 1787 1271 sit
1827 1219 2044 1286 junctus

450 1308 642 1368 uxori?
662 1306 795 1362 Nam
818 1307 1267 1378 quemadmodum
1289 1307 1554 1362 adulterio
1577 1309 1740 1377 pollui
1765 1308 2042 1363 mulierem

449 1398 678 1453 dicimus
701 1440 716 1465 ,
773 1400 886 1452 sive
923 1413 1043 1454 cum
1079 1414 1258 1464 servo,
1289 1399 1402 1452 sive
1429 1413 1549 1452 cum
1579 1398 1684 1453 alio
1709 1414 2046 1469 quocumque

451 1499 674 1561 peccet:
699 1491 780 1545 sic
802 1491 962 1544 etiam
995 1491 1165 1545 virum
1197 1489 1517 1544 adulterium
1550 1492 1886 1546 committere
1910 1491 2046 1546 dici-

456 1598 573 1640 u.tts
594 1625 608 1648 ,
641 1583 756 1637 sive
782 1597 902 1637 cum
933 1583 1183 1638 ancillula
1204 1625 1218 1646 ,
1261 1584 1375 1637 sive
1411 1599 1531 1638 cum
1561 1600 1897 1655 quocumque
1929 1585 2047 1638 vul-

454 1674 567 1743 gari
597 1681 777 1729 scorto
807 1690 1027 1730 uxorem
1060 1675 1258 1730 habens
1286 1675 1558 1730 libidinem
1585 1676 1818 1744 eXpleat.
1851 1675 1926 1730 Ne
1953 1675 2050 1745 igi-

457 1773 541 1817 tur
566 1765 794 1819 salutem
825 1774 1060 1819 nostram
1089 1767 1418 1836 negligamus
1441 1807 1454 1828 ,
1504 1781 1639 1821 neve
1667 1777 1904 1820 nostram
1935 1766 2051 1819 ani-

455 1870 598 1910 mam
645 1870 740 1924 per
778 1855 880 1910 hoc
932 1864 1208 1926 peceatum
1255 1857 1470 1910 diabolo
1515 1872 1865 1926 exponamus.
1916 1858 2049 1912 llinc

457 1947 601 2001 enitn
634 1947 929 2002 innumera:
972 1946 1293 2001 familiarum
1335 1949 1580 2002 oriuntur
1619 1949 1927 2004 eversiones
1950 1991 1964 2013 ,
1997 1959 2052 2005 et

456 2038 597 2094 bella
639 2039 916 2095 innumera
958 2059 971 2094 :
1018 2039 1144 2095 hinc
1167 2041 1262 2107 lit,
1309 2049 1367 2094 ut
1408 2042 1604 2097 caritas
1645 2041 1951 2110 dilabatur,
1999 2053 2051 2098 et

457 2131 829 2217 benevolentia
869 2132 1233 2187 subtrahatur.
1291 2133 1423 2189 Nam
1473 2144 1529 2188 ut
1568 2135 1683 2190 fieri
1726 2137 1947 2206 nequit,
1994 2146 2052 2193 ut

458 2223 623 2279 homo
648 2234 826 2280 castus
856 2241 1078 2282 uxorem
1118 2225 1350 2296 negligat
1376 2242 1628 2298 umquam
1660 2243 1724 2283 ac
1751 2227 2010 2298 despiciat
2035 2247 2050 2284 :

458 2316 539 2371 sic
566 2331 740 2387 neque
769 2317 886 2372 ﬁeri
917 2327 1114 2387 potest,
1147 2329 1205 2372 ut
1235 2319 1395 2373 homo
1426 2320 1787 2392 intemperans
1811 2328 1866 2375 et
1893 2319 2053 2375 lasci-

460 2425 557 2464 vus
586 2425 808 2466 uxorem
840 2426 988 2466 suam
1017 2413 1218 2483 diligat,
1250 2412 1320 2467 sit
1349 2414 1474 2468 licet
1503 2414 1738 2468 omnium
1770 2413 2051 2470 formosis-

460 2500 762 2557 sima.Nam
785 2519 847 2557 ex
873 2505 1117 2559 castitate
1143 2506 1337 2560 caritas
1358 2506 1545 2571 oritur,
1572 2521 1640 2559 ex
1670 2508 1893 2562 caritate
1913 2507 2053 2562 bona

461 2593 762 2649 innumera.
788 2594 891 2648 Fac
917 2595 1076 2665 igitur
1103 2596 1339 2665 lapideas
1367 2598 1619 2653 mulieres
1649 2599 1881 2674 reliquas
1912 2601 2054 2654 arbi-

461 2686 639 2752 treris,
669 2702 787 2743 cum
818 2689 1114 2760 intelligas,
1168 2690 1210 2745 si
1245 2690 1454 2746 lascivis
1480 2693 1646 2747 oculis
1673 2692 1901 2748 alienam
1933 2709 2056 2748 mu-

461 2778 647 2833 lierem
691 2780 946 2835 intuearis
983 2783 1096 2836 sive
1140 2782 1405 2851 publicam
1429 2783 1541 2838 sive
1563 2783 1802 2852 junctam
1833 2785 1968 2850 viro,
2004 2792 2057 2840 te

461 2869 826 2925 adulterorum
881 2872 1095 2927 crimini
1146 2873 1436 2928 obnoxium
1487 2890 1607 2929 esse
1659 2874 1878 2930 factum.
1932 2875 2058 2931 Haec

462 2963 560 3018 tibi
589 2964 686 3033 ipsi
714 2965 952 3034 quotidie
977 2968 1136 3021 verba
1160 2968 1345 3021 occine
1369 2984 1384 3022 :
1409 2968 1550 3038 quod
1581 2969 1628 3022 si
1654 2969 1878 3023 alterius
1920 2983 2058 3024 uxo-

462 3055 541 3110 ris
571 3056 624 3109 iu
652 3067 703 3110 te
743 3057 942 3111 sentias
973 3058 1316 3128 cupiditatem
1357 3059 1737 3127 exardescere,
1780 3077 1844 3117 ac
1865 3062 2058 3118 deinde

466 3147 645 3202 minus
673 3147 994 3204 idcircotibi
1033 3148 1176 3204 tuam
1225 3167 1444 3206 uxorem
1491 3153 1738 3224 placere,
1786 3157 2060 3227 ingressus

466 3241 757 3307 conclave,
802 3243 996 3298 librum
1030 3243 1170 3298 hunc
1191 3245 1410 3310 evolve,
1444 3246 1771 3318 Paulumque
1799 3250 2059 3306 adhibens

465 3336 914 3401 interventorem,
942 3350 1004 3391 ac
1029 3335 1122 3390 tibi
1152 3335 1268 3392 haec
1291 3337 1452 3392 verba
1481 3337 1786 3409 frequenter
1808 3343 2059 3398 occinens

463 3423 733 3480 ﬂammant
765 3429 1061 3497 exstingne.

539 3515 690 3570 Nihil
714 3518 912 3585 turpius
941 3520 1046 3572 viro
1073 3523 1340 3574 scortante.
1359 3551 1431 3560 —
1456 3521 1545 3577 Sic
1574 3521 1664 3579 fiet
1692 3533 1750 3578 ut
1777 3533 1830 3579 et
1858 3525 2061 3595 gratior

467 3606 560 3660 tibi
585 3623 796 3662 rursum
821 3607 994 3662 futura
1019 3610 1090 3664 sit
1112 3626 1264 3675 uxor,
1294 3625 1414 3666 cum
1442 3614 1586 3668 nulla
1616 3615 1878 3685 cupiditas
1908 3627 2051 3672 tuaut

464 3711 588 3766 erga
621 3697 764 3752 illam
813 3699 1234 3755 benevolentiam
1278 3702 1604 3759 labefactet:
1639 3722 1812 3778 neque
1855 3717 2058 3764 tantmn

463 3789 667 3858 gratior
709 3791 810 3845 erit
839 3807 992 3861 uxor,
1023 3794 1116 3849 sed
1165 3802 1220 3848 ιιι
1247 3811 1458 3866 quoque
1487 3797 1762 3854 honestior
1803 3816 1866 3855 ac
1893 3818 2060 3857 venu-

463 3881 599 3935 stior
623 3896 744 3937 esse
769 3883 1054 3940 videberis.
1082 3885 1226 3940 Nihil
1270 3889 1413 3943 enim
1438 3898 1554 3955 est,
1602 3892 1734 3946 nihil
1761 3895 1917 3962 plane
1947 3904 2060 3948 tur-

465 3970 584 4040 pius
635 3972 870 4039 homine,
921 3976 1014 4046 qui
1065 3987 1340 4033 contracto
1386 3982 1727 4036 matrimonio
1773 3994 2058 4040 scortntur.

466 4063 582 4118 Non
611 4069 750 4119 enim
775 4083 953 4122 coram
985 4084 1175 4125 socero
1203 4080 1428 4137 tantum,
1461 4084 1514 4128 et
1553 4075 1762 4141 amicis,
1796 4079 2059 4146 ctobviis,

467 4156 562 4209 sed
591 4159 749 4210 etiam
782 4174 962 4214 coram
991 4162 1161 4216 servis
1192 4163 1320 4232 ipsis
1346 4168 1632 4222 erubescit.
1675 4169 1858 4239 Neque
1889 4173 2061 4227 solum

468 4254 551 4300 est
580 4250 680 4301 hoc
715 4249 936 4316 malum,
965 4252 1059 4306 sed
1090 4255 1274 4318 etiam,
1313 4257 1455 4324 quod
1485 4259 1649 4326 ipsius
1678 4262 1870 4316 domus
1904 4279 2060 4333 aspe-

467 4346 585 4390 ctus
633 4337 969 4408 injucundior
1003 4344 1102 4398 erit
1126 4386 1140 4408 ,
1173 4360 1330 4413 quam
1361 4350 1591 4402 carceris
1636 4351 1891 4420 cujusvis,
1941 4371 2060 4410 cum

467 4429 694 4487 amicam
727 4440 851 4487 ante
882 4434 1064 4488 oculos
1111 4437 1338 4505 positam
1398 4438 1624 4508 habeat,
1673 4458 1737 4498 ac
1765 4448 2064 4505 meretricis

467 4537 679 4592 semper
702 4525 984 4596 imaginem
1008 4537 1189 4584 mente
1215 4531 1426 4586 verset?

543 4614 697 4670 5.Vis
721 4624 772 4670 tu
797 4619 960 4687 probe
988 4620 1308 4692 intelligere,
1325 4632 1580 4694 quantum
1609 4626 1800 4684 sithoc
1822 4629 2018 4685 malum
2042 4633 2066 4686 ?

469 4703 654 4776 Cogita
697 4710 906 4776 qualem
933 4710 1130 4768 ducant
1163 4714 1347 4781 vitam,
1373 4717 1460 4785 qui
1487 4731 1611 4772 suas
1651 4734 1846 4775 uxores
1875 4735 2064 4792 suspe-

469 4805 583 4850 ctas
609 4795 826 4863 habent,
855 4814 962 4869 quo
988 4812 1142 4870 pacto
1170 4804 1472 4873 injucunda:
1516 4808 1621 4863 illis
1646 4811 1754 4864 sint
1791 4826 1950 4879 escae,
1984 4813 2067 4867 in-

470 4889 686 4957 jucundi
739 4900 913 4960 potus.
970 4892 1195 4949 Veneriis
1240 4913 1424 4952 mensa
1465 4900 1674 4956 videtur
1718 4915 1958 4972 scatere,
2013 4917 2065 4963 et

478 4989 749 5049 tamquam
792 4983 1016 5038 exitium
1069 4985 1286 5041 domum
1319 4987 1525 5059 fugiunt
1573 4994 1726 5049 malis
1769 4996 2066 5054 innumeris

473 5070 881 5128 redundantem.
914 5074 1029 5130 Non
1063 5076 1168 5132 illis
1196 5096 1436 5148 somnus,
1467 5099 1571 5138 non
1597 5102 1699 5140 nox
1725 5098 1807 5143 est
1832 5090 2060 5158 placida,

473 5179 578 5218 non
605 5164 896 5220 amicorum
923 5182 1260 5238 congressus,
1289 5189 1395 5228 non
1425 5175 1522 5244 ipsi
1546 5178 1676 5232 radii
1699 5181 1901 5236 solares
1927 5201 1940 5236 :
1971 5183 2064 5239 sed

468 5257 534 5311 ab
565 5258 680 5328 ipso
707 5260 909 5315 lumine
937 5276 996 5315 se
1017 5261 1212 5318 oﬂ'endi
1244 5275 1447 5334 putant,
1473 5284 1578 5324 non
1613 5281 1720 5326 tum
1748 5275 1921 5329 solum
1941 5292 2062 5331 cum

469 5352 734 5408 adulterio
765 5355 926 5424 pollui
953 5360 1172 5413 uxorem
1215 5363 1461 5430 viderint,
1511 5367 1603 5421 sed
1641 5369 1800 5423 etiam
1856 5388 1977 5426 cum
2011 5374 2060 5426 in

469 5447 911 5518 qualemcumque
954 5453 1312 5519 suspicionem
1361 5459 1500 5516 illius
1563 5463 1732 5532 culpa:
1797 5470 2060 5523 venerint.

473 5537 615 5593 Idem
645 5541 889 5598 accidere
938 5554 989 5599 et
1021 5549 1169 5602 uxori
1202 5558 1350 5619 puta,
1402 5568 1521 5607 cum
1552 5571 1580 5607 a
1629 5559 1863 5625 quolibet
1896 5563 1945 5616 id
1974 5580 2064 5616 au-

467 5628 684 5694 diverit,
719 5633 799 5687 vel
828 5635 986 5689 etiam
1015 5636 1177 5693 fuerit
1219 5644 1484 5712 suspicata
1506 5687 1520 5712 ,
1553 5655 1604 5701 te
1645 5649 1853 5706 mulieri
1887 5670 2062 5709 mere-

477 5719 598 5812 trici
625 5723 853 5812 teipsqu
901 5727 1191 5786 addixisse.
1243 5733 1368 5789 ":BC
1411 5739 1549 5804 apud
1607 5749 1656 5794 tc
1689 5744 1926 5812 cogitans
1958 5764 2062 5802 non

476 5805 733 5866 ειαυιῑετὶει
788 5825 988 5875 tantum
1023 5821 1168 5892 fuge,
1212 5827 1304 5881 sed
1334 5828 1490 5885 etiam
1515 5805 1843 5904 suspiciones
1872 5857 1882 5893 :
1919 5841 2059 5910 quod

1161 367 1219 424 8.
1259 365 1538 424 JOANNIS
1574 359 2055 419 CllRYSOSTOMI
2094 359 2409 417 ARClllEP.
2450 358 2987 419 CONSTANTINOP.

3641 365 3766 423 216

2147 473 2190 526 si
2221 474 2489 530 immerito
2533 476 2856 544 suspicetur,
2908 477 3059 546 placa
3084 476 3226 531 illaut
3257 486 3311 534 et
3335 479 3515 535 verbis
3564 481 3764 536 flecte.

2145 567 2262 623 Non
2292 568 2435 624 enim
2461 569 2585 623 odio
2615 570 2694 624 vel
2743 569 2877 623 fastu
2910 570 3158 639 impulsa,
3211 570 3304 626 sed
3334 588 3441 642 prae
3472 574 3635 627 nimia
3672 573 3769 627 uti

2146 676 2271 715 cura
2303 661 2353 715 id
2399 661 2544 728 facit,
2570 663 2818 732 quodque
2864 662 2934 717 de
2977 677 3072 717 sua
3112 665 3451 734 possessione
3495 664 3651 720 valde
3683 664 3771 718 ti-

2149 763 2310 807 meat.
2342 753 2620 808 PosseSsio
2647 755 2845 825 quippe
2869 755 3038 824 ipsius
3065 765 3166 821 est,
3197 765 3253 810 tit
3282 768 3406 812 ante
3434 757 3541 812 dixi
3568 799 3584 822 ,
3616 773 3768 813 cor-

2148 861 2246 915 pus
2278 856 2446 913 tuum,
2471 857 2524 901 et
2554 849 2822 915 possessio
2850 863 3029 903 rerum
3062 850 3301 904 onmiutn
3331 849 3765 920 pretiosissima.

2148 941 2264 997 Noli
2288 957 2415 1012 ergo
2443 943 2494 996 in
2517 957 2575 997 re
2605 943 2834 996 tnaxima
2865 942 3009 996 illam
3040 943 3256 1008 laedere,
3286 959 3455 1015 neque
3481 943 3638 999 letale
3664 942 3760 997 illi

2149 1034 2342 1087 vulnus
2389 1033 2616 1103 inﬂigas.
2669 1032 2929 1102 Quamvis
2995 1034 3138 1088 enim
3186 1033 3332 1088 illam
3392 1044 3756 1089 contemnas.

2151 1129 2318 1182 Deum
2349 1137 2524 1182 tamen
2552 1125 2720 1182 debes
2753 1127 2942 1181 timere
2971 1125 3233 1196 ejusmodi
3259 1126 3542 1180 criminum
3571 1125 3760 1181 vindi-

2149 1233 2289 1284 cem,
2320 1229 2374 1275 et
2420 1220 2509 1289 qui
2552 1218 2742 1273 talibus
2785 1217 2996 1272 delictis
3043 1217 3378 1272 intolerabile
3426 1217 3759 1287 supplicium

2151 1309 2529 1364 comminatur.
2580 1308 2782 1363 Eorum
2831 1308 2994 1372 enim,
3020 1307 3110 1378 qui
3139 1308 3260 1362 talia
3311 1317 3612 1376 perpetrare
3640 1308 3762 1361 sint

2152 1402 2290 1469 ausi,
2320 1403 2512 1470 inquit,
2554 1400 2745 1455 Vermis
2769 1415 2869 1453 non
2895 1400 3156 1464 morietur,
3189 1407 3236 1452 et
3263 1398 3396 1468 ignis
3429 1415 3528 1452 non
3554 1399 3762 1452 exstin-

2152 1503 2332 1564 guetur
2358 1491 2550 1563 (Marc.
2572 1491 2626 1546 9.
2655 1489 2769 1560 ιδ).
2799 1487 2954 1558 Quod
2979 1489 3022 1542 si
3049 1504 3155 1542 non
3192 1487 3477 1541 admodum
3510 1497 3763 1557 pungunt

2156 1595 2209 1640 te
2231 1584 2426 1646 futura,
2462 1592 2699 1637 terreant
2721 1590 2772 1634 te
2793 1579 2980 1634 saltem
3009 1580 3316 1649 praesentia.
3349 1579 3496 1634 Multi
3526 1579 3758 1648 quidem

2155 1689 2303 1733 certe
2355 1675 2589 1739 illortnn,
2645 1674 2734 1743 qui
2781 1673 3149 1728 meretricibus
3199 1673 3496 1737 adhazrent,
3547 1673 3598 1725 in
3649 1671 3759 1726 hac

2155 1770 2314 1826 etiam
2364 1768 2471 1822 vita
2497 1766 2620 1821 mali
2647 1767 2785 1820 male
2814 1767 3122 1834 perierunt,
3151 1764 3377 1819 curiosis
3406 1763 3756 1818 meretricum

2157 1862 2361 1917 insidiis
2387 1859 2651 1930 oppressi.
2677 1859 2810 1913 Dum
2832 1857 2973 1912 enim
2993 1857 3093 1912 illa:
3112 1856 3442 1911 contendunt
3465 1871 3495 1909 a
3518 1855 3755 1924 legitima

2157 1970 2324 2012 uxore
2368 1969 2430 2009 ac
2451 1953 2794 2007 matrimonio
2824 1951 3009 2018 juncta
3052 1950 3197 2005 illum
3239 1949 3498 2013 alienare,
3547 1963 3758 2017 suoque

2157 2064 2341 2104 amore
2368 2048 2575 2119 penitus
2621 2046 2769 2101 illum
2799 2045 3107 2100 devinctum
3144 2053 3347 2107 tenere,
3395 2041 3674 2112 praestigiis
3698 2050 3760 2096 et

2158 2139 2607 2196 incantationibus
2632 2148 2871 2204 utuntur,
2894 2134 3151 2192 amatoria
3179 2143 3368 2204 parant
3395 2132 3670 2196 veneﬁcia,
3699 2141 3761 2186 et.

2159 2235 2353 2289 multas
2408 2231 2813 2288 fascinationum
2867 2227 3102 2284 fallacias
3156 2235 3387 2282 texunt:
3431 2225 3509 2281 sic
3559 2224 3760 2280 deinde

2157 2341 2278 2382 cum
2310 2325 2460 2379 illum
2490 2325 2540 2378 in
2573 2338 2792 2394 gravem
2821 2321 3066 2376 morbum
3113 2319 3464 2388 conjecerint,
3519 2316 3633 2371 dira
3668 2315 3760 2371 lue

2161 2428 2488 2486 correptum,
2523 2415 2678 2485 longa
2711 2413 2828 2468 tabe
2853 2421 3230 2481 consumptum
3257 2418 3312 2464 et
3347 2408 3639 2462 innumeris
3659 2406 3758 2461 ob-

2160 2518 2338 2564 rutum
2387 2507 2582 2574 malis,
2631 2505 2788 2575 hujus
2840 2505 2973 2558 lucis
3027 2519 3187 2558 usura
3237 2503 3464 2572 privant.
3513 2500 3568 2555 Si
3618 2499 3759 2554 forte

2159 2600 2456 2671 gehennam
2485 2613 2590 2652 non
2624 2595 2966 2660 reformidas,
2997 2595 3067 2648 mi
3107 2593 3290 2659 homo,
3319 2591 3613 2663 praestigias
3643 2589 3756 2644 illa-

2161 2707 2278 2747 rum
2303 2689 2613 2746 reformida.
2638 2689 2772 2744 Cum
2802 2688 2942 2741 enim
2977 2701 3075 2756 per
3100 2685 3363 2740 luxuriam
3386 2683 3543 2737 istam
3574 2682 3759 2736 divino

2162 2784 2413 2856 prtesidio
2457 2793 2509 2840 te
2554 2781 2864 2853 privaveris,
2888 2789 2942 2835 et
2967 2778 3166 2834 caelesti
3193 2776 3390 2831 auxilio
3418 2775 3755 2845 spoliaveris,

2164 2887 2272 2932 tum
2300 2876 2553 2931 audacter
2573 2873 2827 2930 invadens
2851 2879 2906 2928 te
2928 2871 3204 2936 meretrix,
3233 2883 3464 2936 suosque
3485 2867 3758 2922 dzemoncs

2162 2969 2428 3024 advocatis
2457 2966 2668 3022 laminis
2695 2975 2748 3021 et
2775 2964 3022 3019 amuletis
3045 2961 3297 3017 adhibitis
3317 3003 3331 3027 ,
3363 2960 3579 3030 suisque
3617 2969 3758 3013 stru-

2163 3061 2262 3116 ctis
2305 3059 2513 3115 insidiis
2556 3056 2805 3112 facillime
2829 3056 3059 3110 salutem
3105 3062 3248 3109 tuam
3278 3060 3567 3123 expugnat,
3602 3061 3760 3121 teque

2165 3151 2375 3223 probris
2397 3150 2682 3205 obnoxium
2705 3164 2767 3204 ac
2785 3147 3062 3203 ridendum
3087 3145 3355 3212 omnibus,
3381 3145 3468 3214 qui
3489 3144 3758 3198 civitatem

2166 3244 2426 3308 incolunt,
2462 3243 2740 3311 propinat,
2774 3251 2830 3294 ut
2879 3255 2976 3294 nec
3007 3238 3082 3293 illi
3135 3236 3453 3292 calamitatis
3509 3249 3758 3304 umquam

2167 3346 2271 3392 tuan
2311 3337 2654 3392 miseratione
2705 3342 3038 3388 moveantur.
3081 3331 3207 3399 Quis
3238 3329 3379 3384 enim
3424 3326 3756 3390 miserebitur,

2166 3429 2338 3500 inquit
2367 3473 2380 3496 ,
2409 3430 2714 3483 incantatori
2735 3445 2768 3481 a
2793 3434 3019 3494 serpente
3049 3439 3303 3494 percusso,
3347 3429 3393 3475 et
3417 3419 3647 3474 omnibus
3676 3417 3760 3488 qui

2166 3521 2580 3593 appropinquant
2603 3519 2771 3573 bestiis
2804 3517 2992 3588 (Eccli.
3028 3516 3111 3571 1‘2.
3144 3515 3276 3587 l3)?
3306 3515 3576 3569 Prtetereo
3598 3512 3763 3582 jactu-

2168 3629 2282 3668 ram
2312 3612 2681 3684 pecuniarum,
2713 3619 2766 3665 et
2795 3609 3132 3680 quotidianus
3156 3606 3509 3676 suspiciones,
3542 3605 3760 3671 fastum,

2167 3705 2550 3776 arrogantiam,
2570 3702 2944 3766 contumelias,
2975 3700 3169 3770 quibus
3191 3699 3385 3754 stultos
3429 3705 3625 3751 vexant
3647 3711 3762 3750 me-

2169 3799 2414 3862 retrices,
2447 3813 2565 3868 qua:
2610 3795 2779 3850 multo
2807 3803 2930 3849 sunt
2961 3793 3262 3857 acerbiora,
3294 3807 3453 3862 quam
3480 3792 3524 3845 si
3571 3790 3764 3844 millies

2169 3890 2328 3945 fuerit
2354 3904 2499 3943 mors
2527 3886 2852 3957 oppetenda.
2888 3887 3060 3955 Atque
3091 3899 3310 3938 uxorem
3352 3882 3564 3952 quidem
3596 3897 3765 3951 szepts

2170 3997 2413 4046 numero,
2445 3996 2513 4036 ne
2537 3981 2582 4035 si
2607 3982 2827 4035 verbum
2849 3979 3062 4048 quidem
3082 3978 3364 4032 molestum
3393 3976 3609 4041 dixerit,
3626 3975 3765 4030 ferre

2169 4084 2343 4143 potes,
2378 4088 2441 4128 ac
2471 4073 2808 4127 meretricem
2840 4075 3000 4127 etiam
3029 4072 3194 4141 alapis
3223 4081 3274 4124 te
3303 4069 3600 4124 czedeutem
3632 4069 3764 4123 adu-

2170 4181 2277 4220 ras.
2329 4164 2442 4219 Non
2472 4172 2523 4219 te
2554 4163 2734 4233 pudet,
2784 4178 2884 4218 nec
2925 4161 3222 4225 erubescis,
3269 4177 3368 4216 nec
3396 4171 3550 4231 optas
3580 4171 3637 4214 ut
3673 4160 3763 4214 tibi

2168 4260 2408 4315 dehiscat
2434 4260 2612 4313 terra?
2637 4257 2735 4325 Qui
2760 4257 2958 4327 poteris
2983 4256 3047 4311 ad
3066 4255 3346 4311 ecclesiam
3376 4257 3580 4320 venire,
3611 4266 3764 4322 atque

2172 4354 2223 4408 in
2249 4354 2436 4409 callum
2475 4367 2664 4407 manus
2705 4350 3032 4407 extendere?
3062 4365 3167 4420 quo
3218 4348 3429 4404 tandem
3458 4362 3553 4402 ore
3603 4347 3765 4400 Deum

2171 4446 2468 4512 iuvucabis,
2521 4459 2629 4516 quo
2670 4445 3007 4499 meretricem
3048 4443 3316 4498 osculatus
3370 4442 3468 4496 es?
3509 4439 3625 4494 Non
3675 4449 3770 4503 tu,

2171 4554 2373 4609 quaeso,
2406 4537 2581 4603 times,
2611 4553 2714 4594 nec
2740 4536 3126 4608 perhorrescis,
3160 4550 3228 4590 ne
3254 4533 3468 4604 quando
3495 4543 3642 4587 tttntn
3674 4547 3762 4585 ca-

2171 4641 2268 4702 put
2290 4631 2572 4702 impudens
2594 4631 2660 4684 de
2681 4630 2813 4685 etelo
2833 4629 3109 4698 delapsum
3131 4627 3330 4681 fulmen
3351 4627 3769 4688 exnrat‘!Quam-

2171 4725 2250 4778 vis
2297 4738 2517 4778 uxorem
2567 4729 2734 4786 tuam,
2785 4737 2943 4791 quam
2991 4719 3162 4776 amcis
3219 4719 3450 4787 injuria,
3507 4718 3672 4782 celes,
3716 4723 3770 4769 at

2173 4816 2472 4871 insomnem
2504 4815 2650 4869 illum
2685 4814 2897 4869 oculum
2928 4827 3214 4883 numquam
3254 4810 3452 4865 celabis
3483 4828 3496 4864 :
3530 4807 3768 4880 quando-

2171 4910 2386 4981 quidem
2417 4909 2659 4964 adultero
2687 4909 2783 4973 illi,
2815 4907 2905 4978 qui
2928 4907 3161 4970 dicebat,
3196 4903 3434 4958 Tenebrae
3455 4902 3768 4956 circumdant

2173 5020 2275 5069 me,
2306 5012 2348 5055 et
2371 5003 2606 5073 parietes,
2632 5001 2753 5066 quid
2781 5015 2951 5054 vereor
2978 4997 3164 5070 (Eccli.
3185 4996 3276 5051 25.
3296 4994 3389 5066 26)
3409 4995 3433 5049 ?
3451 4993 3771 5050 contradixit

2171 5097 2384 5165 sapiens
2413 5095 2499 5149 ille
2523 5093 2600 5148 sic
2628 5093 2811 5148 dicens
2836 5108 2850 5145 :
2884 5090 3035 5146 Oculi
3062 5090 3270 5144 Domini
3289 5089 3473 5142 millies
3501 5089 3770 5141 lucidiora

2170 5200 2286 5244 sunt
2312 5189 2436 5255 sole,
2467 5187 2786 5258 inspicientes
2820 5201 2975 5255 Opera
2997 5184 3254 5238 hominum
3278 5181 3386 5252 (Ib.
3415 5195 3461 5234 tt.
3490 5179 3610 5250 28).
3639 5179 3769 5233 Pro-

2174 5293 2290 5352 pter
2313 5281 2428 5335 hzee
2453 5279 2629 5334 omnia
2655 5279 2903 5333 nimirum
2926 5277 3136 5331 dicebat
3163 5274 3386 5329 Paulus:
3417 5271 3772 5341 Unusquisque

2172 5389 2545 5428 suamuxorem
2566 5372 2765 5436 habeat,
2794 5381 2838 5424 et
2866 5385 3174 5440 unaquaque
3197 5368 3356 5422 virum
3375 5383 3525 5420 suum
3554 5364 3768 5418 habeat:

2173 5468 2322 5523 uxori
2371 5468 2448 5521 vir
2494 5467 2713 5520 debitam
2765 5464 3155 5518 benevolentiam
3193 5460 3410 5526 reddat;
3455 5458 3687 5512 similiter
3727 5463 3772 5508 et

2175 5577 2304 5614 uxor
2324 5561 2434 5615 viro
2453 5559 2530 5629 (l.
2562 5558 2679 5612 Cor.
2706 5559 2758 5611 7.
2783 5557 2836 5609 Ξ.
2864 5557 2940 5628 5).
2977 5555 3081 5609 Mcl
3110 5554 3319 5608 distillat
3349 5569 3381 5605 a
3413 5550 3561 5605 labiis
3592 5549 3771 5602 mulie-

2174 5655 2243 5708 ris
2271 5653 2561 5717 meretricis,
2590 5668 2703 5724 qua:
2739 5651 2806 5703 ad
2834 5660 3027 5720 tempus
3076 5648 3357 5718 impinguat
3386 5649 3560 5716 fauces
3609 5653 3721 5696 tuas
3753 5656 3771 5694 :

2175 5756 2347 5817 postea
2395 5761 2508 5798 vero
2535 5761 2647 5797 eam
2687 5743 2991 5795 amariorem
3038 5741 3156 5810 felle
3197 5739 3438 5804 inuenies,
3490 5747 3539 5791 et
3566 5749 3764 5790 acutam

2180 5836 2337 5913 magis
2381 5839 2551 5910 gladio
2578 5837 2787 5910 ancipiti
2825 5835 2930 5909 (Pi
2945 5851 3021 5890 ου.
3143 5835 3196 5890 5.
3231 5834 3320 5904 ι).
3356 5831 3630 5888 Venenum
3669 5831 3764 5882 ha-
