4006 6404
232 389 339 446 215

232 509 328 567 καὶ
348 504 411 561 τὸ
447 503 609 575 σῶμα
629 501 691 553 τὸ
719 494 939 562 ἐαυτοῦ,
974 495 1112 566 ὅπερ
1162 492 1312 547 ἐστὶν
1341 491 1559 562 ἐκείνης
1598 488 1809 560 κτῆμα,

233 599 564 672 διαφθείρειν
592 611 654 648 τε
690 593 785 647 καὶ
819 589 1092 663 μιαίνειν;
1137 588 1235 640 Ἂν
1262 586 1361 658 τὴν
1401 586 1603 656 προῖκα
1644 580 1813 654 μειώ-

234 714 351 769 σῃς,
364 692 444 765 τῷ
463 689 696 763 κηδεστῇ
713 685 870 747 δίδως
884 682 1060 750 λόγον·
1081 679 1147 735 ἂν
1167 679 1266 751 τὴν
1284 677 1642 751 σωφροσύνην
1659 673 1816 747 μειώ-

234 805 352 861 anc.
382 783 464 855 τῷ
479 779 598 851 Θεῷ
611 779 711 842 τὰς
738 774 968 839 εὐθύνας
1003 773 1244 843 ὑφέξεις,
1280 769 1358 843 τῷ
1383 770 1472 824 τὸν
1497 769 1676 840 γάμον
1703 770 1815 821 εἰσ-

233 858 513 949 αγαγόντι,
530 872 627 927 καὶ
644 870 744 942 τὴν
773 870 1005 938 γυναῖκα
1024 865 1411 938 ἐγχειρίσαντι.
1442 864 1557 917 Καὶ
1578 863 1660 915 ὅτι
1688 858 1814 914 τοῦ-

235 972 305 1026 τό·
320 971 469 1023 ἐστιν
518 963 739 1033 ἀληθὲς,
774 960 1008 1015 ἄκουσον
1035 958 1090 1011 τί
1121 974 1287 1029 φησιν
1336 957 1364 1009 6
1413 953 1626 1018 Παῦλος
1686 950 1816 1023 περὶ

231 1062 336 1117 τῶν
368 1058 750 1132 μοιχευόντων·
811 1053 865 1107 Ὁ
904 1053 1014 1123 γὰρ
1062 1047 1307 1115 ἀθετῶν,
1357 1049 1468 1101 οὐκ
1499 1045 1816 1113 ἄνθρωπον

233 1153 442 1219 ἀθετεῖ,
463 1150 627 1210 ἀλλὰ
648 1149 756 1203 τὸν
779 1145 930 1201 Θεὸν
953 1142 1062 1198 τόν
1083 1140 1269 1196 δόντα
1291 1140 1360 1194 τὸ
1394 1138 1638 1208 Πνεῦμα
1660 1135 1814 1210 [200]

233 1246 416 1303 αὑτοῦ
449 1245 517 1300 τὸ
549 1242 721 1312 ἅγιον
765 1241 852 1306 εἰς
901 1234 1081 1307 ὑμᾶς.
1140 1234 1305 1302 Ὀρᾶς
1345 1230 1412 1285 δι’
1434 1233 1576 1286 ὅσων
1604 1231 1632 1283 ό
1660 1229 1817 1298 λόγος

234 1336 515 1402 ἀπέδειξεν
562 1335 647 1388 ὅτι
683 1330 900 1403 μοιχεία
950 1326 1120 1392 ἐστὶν,
1170 1326 1231 1378 οὐ
1268 1325 1429 1396 μόνον
1456 1324 1517 1376 τὸ
1547 1322 1817 1392 ῦπανδρον

234 1432 463 1502 γυναῖκα
491 1426 849 1496 διαφθείρειν,
883 1421 1021 1476 ἀλλά
1053 1421 1149 1474 καὶ
1186 1418 1246 1472 τὸ
1275 1416 1561 1489 ἡντιναοῦν
1588 1416 1814 1485 πόρνην,

235 1526 422 1597 ἔχοντα
470 1522 738 1590 γυναῖκας
770 1518 982 1586 ’Ὠσπερ
1028 1513 1137 1585 γάρ
1191 1508 1536 1581 μοιχεύεσθαι
1582 1510 1819 1577 γυναῖκα

233 1619 482 1689 λέγομεν,
519 1611 625 1667 κᾶν
652 1613 733 1673 είς
758 1608 999 1678 οἰκέτην,
1031 1605 1134 1659 κᾶν
1151 1606 1229 1667 είς
1260 1600 1538 1657 ὁντιναοῦν
1571 1599 1815 1672 ἁμάρτῃ,

236 1710 399 1781 ἀνδρα
435 1706 689 1779 ἔχουσαν·
737 1700 880 1754 οῦτω
912 1698 1006 1752 καὶ
1050 1696 1222 1777 ἀνδρα
1250 1691 1522 1781 μοιχεύειν
1551 1691 1616 1781 ἂν
1643 1692 1816 1781 εῖποᾼιο

241 1777 354 1871 μεν,
388 1777 494 1849 κᾶν
522 1794 605 1856 εἰς
636 1786 1011 1863 θεραπαινίδα,
1039 1784 1142 1838 κᾶν
1172 1784 1253 1847 εἰς
1279 1779 1562 1853 ἡντιναοῦν
1594 1777 1818 1850 δημώδη

236 1893 466 1963 γυναῖκα
505 1882 826 1953 ἀσελγαίνῃ,
867 1880 1104 1949 γυναῖκα
1134 1876 1272 1948 ἔχων
1309 1873 1489 1938 αὑτός.
1516 1871 1607 1943 Μὴ
1637 1871 1820 1924 τοίνυν

237 1962 526 2056 ἀμελῶμεν
578 1977 679 2048 τῆς
717 1971 929 2028 ἑαυτῶν
975 1969 1273 2042 σωτηρίας,
1309 1966 1444 2039 μηδὲ
1482 1964 1559 2037 τῷ
1588 1962 1821 2034 διαϐόλῳ

238 2075 608 2149 προτείνωμεν
640 2067 798 2140 ημῶν
829 2067 927 2136 τὴν
949 2064 1128 2135 ψυχὴν
1154 2062 1242 2118 διὰ
1268 2062 1368 2132 τῆς
1399 2058 1673 2131 ἀμαρτίας
1689 2057 1822 2111 ταὺ-

236 2172 353 2240 της,
391 2165 505 2222 Καὶ
531 2162 644 2232 γὰρ
676 2157 924 2213 ἐντεῦθεν
951 2159 1006 2211 αἱ
1038 2152 1369 2227 μυρίατδτῶν
1400 2153 1564 2205 οίκων
1589 2152 1820 2219 ἀνατρο-

238 2263 355 2326 παὶ,
394 2262 443 2313 οί
479 2257 669 2330 μυρίοι
725 2252 974 2323 πόλεμοι·
1035 2246 1286 2301 ἐντεῦθεν
1332 2245 1404 2300 τά
1453 2244 1555 2315 τῆς
1599 2243 1821 2313 ἀγάπης

238 2355 479 2425 ὑπορρεῖ,
517 2350 615 2405 καὶ
641 2348 709 2402 τά
723 2345 824 2416 τῆς
862 2341 1075 2404 εὐνοίας
1101 2338 1453 2409 ὑποσύρεται.
1479 2336 1688 2405 ’Ὠσπερ
1713 2332 1821 2404 γὰρ

239 2448 514 2518 ἀμήχανον
556 2440 810 2512 σώφρονα
831 2436 1116 2507 ἄνθρωπον
1146 2431 1423 2503 ὑπεριδεῖν
1446 2426 1704 2496 γυναικὸς
1725 2426 1820 2518 καὶ

238 2516 648 2607 καταφρονῆσαι
681 2546 831 2583 ποτε·
853 2526 1026 2589 οὓτως
1057 2524 1341 2595 ἀμήχανον
1362 2519 1646 2591 ἄνθρωπον
1662 2516 1822 2571 ἀσελ-

238 2630 307 2702 γῆ
358 2629 451 2683 καὶ
493 2625 798 2681 ἀκόλαστον
833 2620 1008 2691 φιλεῖν
1048 2616 1146 2688 τὴν
1184 2617 1418 2685 γυναῖκα
1459 2613 1558 2682 τὴν
1601 2608 1816 2702 ἑαυτοῦ,

241 2700 337 2774 κάν
368 2718 627 2773 ἀπάντων
665 2710 1042 2785 εὑμορφοτέρα
1162 2705 1295 2759 Ἀπὸ
1326 2703 1435 2776 γὰρ
1467 2700 1822 2773 σωφροσύνης

243 2814 424 2883 ἀγάπη
459 2810 731 2872 τίκτεται,
792 2803 902 2857 ἀπὸ
942 2802 1000 2856 δέ
1035 2800 1262 2871 ἀγάπης
1301 2798 1371 2851 τά
1419 2794 1585 2868 μυρία
1617 2793 1818 2863 ἀγαθά.

241 2904 453 2966 Διθίνας
482 2901 669 2954 τοίνυν
701 2895 892 2966 νόμιζε
906 2893 1006 2958 τὰς
1028 2892 1223 2955 λοιπὰς
1250 2891 1536 2961 γυναῖκας,
1569 2886 1723 2951 εἰδὼς
1740 2886 1821 2939 ὃτι

247 2996 378 3068 μετὰ
409 2994 613 3065 γάμον,
642 2989 746 3045 κᾶν
780 2985 1102 3049 ἀκολάστοις
1130 2984 1245 3058 ἴδῃς
1284 2982 1585 3052 ὀφθαλμοῖς
1630 2979 1823 3051 ἑτέραν

244 3090 490 3155 γυναῖκα,
521 3083 631 3139 κᾶν
654 3080 942 3152 δημοσίαν,
974 3075 1077 3131 κᾶν
1106 3075 1396 3148 ὕπανδρον,
1429 3077 1542 3135 τοῖς
1563 3070 1674 3124 τῶν
1708 3087 1825 3141 μοι-

244 3179 350 3252 χῶν
381 3178 728 3249 ἐγκλήμασιν
762 3172 1062 3234 ὑπεύθυνος
1104 3169 1357 3239 γέγονας.
1389 3160 1574 3221 Ταῦτα
1613 3160 1824 3234 σεαυτῷ

245 3272 361 3325 καθ’
394 3270 637 3340 ἑκάστην
668 3265 833 3338 έπᾳδε
861 3263 931 3318 τὰ
963 3266 1201 3337 ῥήματα’
1231 3261 1334 3316 κᾶν
1375 3260 1491 3332 ῖδῃς
1529 3257 1824 3329 ἐπιθυμίαν

246 3363 403 3436 ἀλλης
429 3360 694 3433 γυναικὸς
738 3356 1095 3428 ἐγειρομένην
1123 3357 1179 3409 ἐν
1231 3356 1335 3419 σοὶ,
1366 3350 1487 3409 εἶτα
1517 3353 1582 3406 ἐκ
1632 3350 1824 3405 τούτου

247 3474 323 3511 σοι
352 3457 449 3528 τὴν
493 3455 735 3525 γυναῖκα
774 3450 914 3522 ἀηδῆ
971 3447 1322 3519 φαινομένην,
1376 3444 1583 3499 εἴσελθε
1618 3446 1698 3507 είς
1734 3443 1826 3497 τὸν

248 3548 500 3619 θάλαμον,
537 3546 633 3601 καὶ
660 3545 722 3599 τὸ
758 3543 958 3615 βιϐλίον
987 3540 1299 3605 ἀναπτύξας
1332 3539 1512 3601 τοῦτο,
1534 3538 1628 3592 καὶ
1647 3536 1826 3591 λαϐὼν

249 3639 451 3695 Παῦλον
478 3636 731 3710 μεσίτην,
778 3635 871 3689 καὶ
903 3631 1143 3703 συνεχῶς
1175 3630 1390 3703 ἐπᾴδων
1426 3627 1689 3683 ταῦτατά
1727 3630 1824 3700 ρη-

252 3746 409 3799 ματα,
439 3727 781 3783 κατάσϐεσον
805 3725 903 3796 τὴν
922 3723 1117 3793 φλόγα.

315 3824 423 3876 Καὶ
444 3821 592 3877 οὕτω
621 3818 766 3889 καὶὴ
793 3815 931 3887 γυνὴ
960 3815 1121 3870 πάλιν
1159 3813 1312 3867 ἐσται
1346 3830 1429 3866 σοι
1451 3810 1824 3882 ποθεινοτέρα,

250 3914 498 3985 οὐδεμιᾶς
551 3911 849 3982 ἐπιθυμίας
878 3908 979 3980 τὴν
1024 3907 1161 3979 πρὸς
1190 3906 1357 3977 αὑτὴν
1387 3904 1596 3959 εὔνοιαν
1627 3904 1829 3957 ὑποσυ-

254 4002 463 4075 ρούσης·
488 4004 594 4073 οὐχ
621 4004 655 4072 ἠ
672 3999 810 4071 γυνὴ
837 3997 894 4052 δέ
923 3996 1076 4052 ἔσται
1110 3996 1459 4067 ποθεινοτέρα
1487 3997 1668 4065 μόνον,
1694 3992 1828 4048 ἀλλά

251 4096 341 4149 καὶ
372 4097 436 4150 σὺ
471 4095 801 4166 σεμνότερος
841 4091 1020 4163 πολλῷ
1043 4091 1138 4144 καὶ
1162 4088 1613 4160 ἐλευθεριώτερος
1657 4086 1829 4153 δόξεις

253 4180 404 4241 εἶναι.
438 4186 514 4239 Οὐ
556 4185 664 4257 γάρ
694 4187 862 4247 ἐστιν,
886 4184 987 4237 οὐκ
1010 4182 1156 4235 ἐστιν
1175 4180 1328 4235 οὐδὲν
1358 4179 1711 4251 αἰσχρότερον
1732 4178 1829 4231 ἀν-

252 4276 467 4349 θρώπου
518 4276 659 4349 μετά
701 4275 881 4346 γάμον
916 4273 1290 4346 πορνεύοντος.
1334 4275 1408 4327 Οὐ
1438 4272 1549 4344 γὰρ
1573 4272 1638 4343 δὴ
1672 4271 1831 4342 μόνον

253 4369 340 4425 τὸν
365 4370 642 4442 κηδεμόνα
670 4369 766 4422 καὶ
792 4368 921 4433 τοὺς
946 4367 1133 4437 φίλους
1161 4367 1256 4421 καὶ
1291 4367 1417 4431 τοὺς
1452 4365 1828 4431 ἀπαντῶντας,

252 4461 386 4517 ἀλλά
413 4464 507 4517 καὶ
537 4462 740 4526 αὐτοὺς
758 4461 987 4534 ἐρυθριᾷ
1025 4463 1151 4525 τοὺς
1175 4461 1414 4523 οἰκέτας.
1452 4459 1563 4514 Καὶ
1583 4459 1645 4510 οὐ
1674 4458 1833 4512 τοῦτο

257 4554 411 4624 μόνον
424 4556 541 4608 ἐστὶ
567 4555 627 4608 τὸ
646 4553 838 4615 δεινὸν,
857 4553 972 4605 ἀλλ’
987 4551 1176 4606 amat
1187 4552 1287 4623 τὴν
1310 4551 1488 4604 οἰκίαν
1518 4551 1689 4622 αὐτὴν
1708 4550 1832 4604 δεσ-

256 4662 403 4717 μωτη
411 4646 527 4718 ρίου
547 4646 747 4709 παντὸς
763 4645 1093 4717 ἀηδεστέραν
1108 4643 1299 4713 ὄψεται
1315 4683 1329 4708 ,
1348 4642 1486 4713 πρὸς
1497 4642 1596 4713 τὴν
1616 4641 1832 4714 ἐρωμέ-

254 4751 347 4806 νην
372 4736 610 4808 βλέπων,
639 4738 734 4791 καὶ
765 4737 864 4806 τὴν
898 4736 1105 4808 πόρνην
1125 4733 1391 4807 διηνεκῶς
1405 4730 1830 4803 φανταζόμενος.

320 4827 384 4882 ε’.
408 4827 601 4882 Βούλει
631 4827 824 4900 μαθεῖν
844 4826 1089 4899 ἀκριϐῶς
1104 4827 1226 4880 ὅσον
1254 4826 1371 4879 ἐστὶ
1394 4826 1458 4879 τὸ
1483 4824 1686 4889 δεινόν;
1718 4825 1834 4879 Ἐν-

255 4908 440 4981 νόησον
482 4907 593 4965 οἷον
634 4912 686 4964 οί
717 4912 816 4975 τὰς
866 4913 1130 4980 γυναῖκας
1179 4909 1388 4964 ἑαυτῶν
1434 4907 1835 4972 ὑποπτεύοντες

256 4998 385 5063 ζῶσι
417 5002 549 5070 βίον,
587 5003 705 5068 πῶς
740 5003 879 5074 ἀηδῆ
907 5003 975 5057 τὰ
1018 5002 1162 5056 σιτία
1182 5043 1197 5068 ,
1230 5002 1370 5075 ἀηδῆ
1397 5001 1556 5056 ποτά.
1586 5000 1834 5072 Δηλητη-

260 5091 387 5161 ρίων
403 5105 428 5134 ι
453 5096 488 5165 ἠ
506 5094 755 5166 τράπεζα
774 5095 921 5150 δοκεῖ
946 5094 1137 5167 γέμειν
1157 5095 1465 5167 φαρμάκων
1485 5112 1500 5127 ο
1527 5094 1622 5148 καὶ
1646 5091 1835 5165 ὥσπερ

256 5181 489 5257 δλεθρον,
519 5187 729 5258 μυρίων
749 5187 1026 5259 γέμουσαν
1047 5186 1256 5252 κακῶν,
1287 5184 1429 5240 οῦτω
1457 5184 1717 5257 φεύγουσι
1735 5184 1834 5255 τὴν

256 5275 449 5332 οἰκίαν.
494 5280 605 5350 Οὐχ
658 5280 824 5344 ῦπνος
863 5280 1044 5343 αὐτοῖς
1083 5280 1263 5343 ἐστιν,
1294 5278 1354 5332 οὐ
1386 5277 1485 5345 νὺξ
1536 5277 1832 5348 προσηνὴς,

255 5367 319 5420 οὐ
351 5371 602 5425 συνουσία
641 5371 831 5442 φίλων,
859 5372 959 5426 οὐκ
990 5371 1152 5426 αὐταὶ
1182 5371 1239 5423 αί
1267 5368 1362 5424 τοῦ
1393 5369 1547 5441 ἡλίου
1576 5370 1791 5432 ἀκτῖνες
1816 5386 1830 5398 ’

257 5457 390 5513 ἀλλά
422 5463 517 5515 καὶ
540 5465 669 5535 παρ’
693 5463 859 5518 αὐτοῦ
899 5463 993 5517 τοῦ
1029 5462 1205 5532 φωτὸς
1230 5445 1563 5533 ἐνοχλεῖσθαι
1585 5461 1837 5532 νομίζου-

260 5565 361 5616 σιν,
390 5553 489 5625 οὐχ
515 5554 644 5609 ὅταν
667 5555 816 5609 ῖδωσι
851 5555 1244 5626 μοιχευομένην
1268 5555 1367 5626 τὴν
1389 5555 1627 5623 γυναῖκα
1651 5554 1832 5625 μόνον,

256 5641 392 5696 ἀλλά
422 5643 527 5698 κᾶν
550 5646 742 5712 ἁπλῶς
783 5646 1151 5702 ὑποπτεύωσι.
1182 5644 1365 5700 Ταῦτα
1393 5646 1581 5717 νόμιζε
1606 5646 1699 5699 καὶ
1736 5645 1836 5717 τὴν

254 5736 482 5801 γυναῖκα
510 5737 771 5808 πάσχειν,
796 5739 925 5793 ὅταν
972 5737 1184 5812 ἀκούσῃ
1227 5738 1358 5810 παρ’
1397 5735 1641 5803 ὁτουοῦν,
1675 5737 1708 5808 ἢ
1742 5737 1836 5792 καὶ

307 5862 333 5890 ⁵
351 5860 433 5913 Slc
455 5863 575 5920 llos.
596 5868 652 5920 In
673 5869 820 5922 editis
829 5882 948 5923 vero
963 5871 1066 5928 πῶς
1088 5871 1211 5932 ἀηδῆ
1232 5871 1293 5921 τά
1312 5869 1456 5934 ποτὰ,
1476 5871 1643 5931 δηλητ.

926 398 996 455 IN
1029 395 1262 456 ILLUD.
1295 386 1619 450 PROPTER
1651 377 2212 441 FORNICATIONES
2262 381 2580 451 UXOREM,
2616 380 2772 438 ETC.
2815 378 2859 436 1.

3390 381 3494 438 216

1917 489 2252 570 ὑποπτεύσῃ,
2271 498 2353 551 ὅτι
2382 497 2556 571 πόρνῃ
2577 499 2796 569 γυναικὶ
2821 500 3013 554 σαυτὸν
3036 502 3323 570 ἐξέδωκας.
3345 506 3496 564 Ταῦ-

1911 590 1981 629 τα
2007 575 2375 650 λογιζόμενος,
2413 582 2489 654 μὴ
2536 582 2637 646 τὰς
2674 584 2925 654 μοιχείας
2950 584 3120 655 φεῦγε
3143 588 3326 658 μόνον,
3358 591 3497 649 ἀλλά

1914 658 2006 711 καὶ
2038 660 2136 747 τὰς
2174 662 2409 732 ὑποψίας
2429 681 2442 694 ·
2469 665 2574 719 κάν
2604 665 2808 730 ἀδίκως
2842 667 3181 741 ὑποπτεύσῃ,
3223 673 3498 747 θεράπευ-

1915 759 2007 797 σον
2045 745 2140 797 καὶ
2178 749 2386 801 πεῖσον.
2421 749 2497 802 Οὐ
2523 749 2630 820 γὰρ
2668 750 2726 816 ἐξ
2766 750 3026 825 ἔχθραςῆ
3073 745 3352 824 ἀπονοίας,
3382 759 3499 814 ἀλλ’

1913 826 2022 916 ἀπὸ
2056 828 2382 916 κηδεμονίας
2408 833 2567 887 τοῦτο
2617 836 2793 898 ποιεῖ,
2832 836 2925 889 καὶ
2975 837 3070 891 τοῦ
3105 841 3313 912 σφόδρα
3345 841 3497 916 [201]

1913 909 2205 1000 δεδοικέναι
2240 916 2378 1000 περι
2395 916 2490 970 τοῦ
2534 919 2817 990 κτήματος
2840 921 2934 975 τοῦ
2965 922 3117 978 ίδίου.
3154 909 3362 999 Κτῆμοί
3388 909 3497 1000 γάῥ

1914 996 2087 1067 αὐτῆς
2138 999 2285 1052 ἐστιν
2304 1040 2318 1062 ,
2346 998 2535 1071 ὥσπερ
2568 1000 2738 1074 ἔφθην
2771 1003 2962 1069 εἰπὼν,
2991 1006 3054 1059 τὸ
3098 996 3356 1080 σῶμαῃτδ
3382 996 3494 1077 σὸν,

1915 1081 2009 1134 καὶ
2034 1080 2222 1167 κτῆμα
2248 1082 2357 1137 τῶν
2405 1083 2573 1140 ὄντων
2604 1088 2859 1143 ἀπάντων
2890 1091 3235 1165 τιμιώτερον.
3268 1096 3361 1167 Μὴ
3383 1096 3497 1149 τοί-

1915 1180 2010 1251 νυν
2044 1164 2214 1251 αὑτὴν
2243 1167 2373 1251 περὶ
2407 1168 2476 1222 τά
2517 1170 2748 1240 μέγιστα
2777 1172 3061 1249 ἀδικήσῃς,
3098 1164 3237 1249 μηδὲ
3277 1164 3498 1251 καιρίαν

1915 1246 2162 1335 την
2212 1248 2448 1335 πληγήν.
2495 1252 2561 1306 Εί
2608 1253 2718 1326 γάρ
2772 1246 2992 1329 ἐκείνης
3040 1246 3496 1335 καταφρονήσεις,

1916 1331 2053 1386 ἀλλά
2077 1332 2170 1386 τὸν
2197 1333 2330 1387 Θεὸν
2378 1335 2674 1409 φοϐήθητι,
2707 1338 2798 1393 τὸν
2841 1339 3051 1396 ἔκδικον
3081 1331 3497 1415 τῶντοιούτων,

1914 1415 2007 1504 τὸν
2038 1416 2375 1504 ἀφορήτους-
2390 1419 2642 1504 κολάσεις
2668 1424 2781 1485 τοῖς
2828 1426 3089 1493 τοιούτοις
3128 1429 3502 1504 ἀπειλήσαντα

1918 1501 2296 1587 ἀμαρτημασι.
2333 1500 2453 1587 Τῶν
2495 1501 2606 1574 γάρ
2658 1505 2882 1560 τοιαῦτα
2930 1509 3286 1581 τολμώντων,
3314 1500 3500 1587 φησὶν,

1929 1584 1984 1636 '0
2009 1583 2267 1671 σκώληξ
2284 1586 2356 1671 οὐ
2371 1588 2742 1656 τελευτήσει,
2778 1590 2879 1643 καί
2903 1592 2972 1646 τὸ
2999 1594 3120 1663 πῦρ
3146 1598 3217 1650 οὐ
3245 1583 3505 1671 σϐεσθήζ

1918 1682 2108 1722 σεται.
2149 1669 2211 1722 Εί
2249 1669 2308 1722 δὲ
2342 1670 2403 1723 οὑ
2452 1672 2659 1743 σφόδρα
2704 1690 2763 1727 σε
2790 1675 2977 1730 δάκνει
3004 1679 3072 1733 τά
3111 1680 3396 1751 μέλλοντα,
3434 1669 3505 1741 τά

1918 1753 2049 1822 γοῦν
2090 1754 2333 1842 παρόντα
2371 1772 2430 1808 σε
2467 1758 2724 1826 φοϐείτω.
2758 1759 2951 1815 Πολλοὶ
2983 1764 3117 1833 γοῦν
3140 1766 3249 1821 τῶν
3278 1768 3506 1842 πόρναις

1920 1840 2297 1925 προσεχόντων
2334 1842 2428 1894 καὶ
2460 1842 2707 1925 ,ἐνταῦθα
2765 1849 2928 1901 κακοὶ
2972 1850 3160 1915 κακῶς
3203 1840 3505 1925 ἀπώλοντο,

1920 1923 2658 2011 περιεργίαςῄὑπομείναντες
2700 1928 2803 1982 ὑπὸ
2839 1930 2949 1986 τῶν
2979 1937 3391 2008 πορνευομένων
3417 1923 3510 2011 γυλυ

1920 2006 2144 2061 ναικῶν.
2179 2009 2583 2066 Φιλονεικοῦσαι
2616 2013 2723 2086 γὰρ
2747 2017 2950 2072 ἐκεῖναι
2981 2019 3081 2091 τῆς
3106 2021 3204 2091 μὲν
3218 2006 3510 2078 συνοικού-

1922 2109 2023 2178 σης
2050 2091 2213 2178 ,αὐτῷ
2243 2093 2338 2146 καὶ
2371 2098 2844 2171 κατεγγυηθείσης
2877 2103 3191 2174 ἀποστῆσαι
3228 2111 3505 2178 γυναικὸς,

1919 2177 2002 2262 τῷ
2041 2176 2097 2231 δὲ
2130 2178 2311 2232 αὐτῶν
2352 2179 2514 2252 ἔρωτι
2561 2185 2862 2256 προσδῆσαι
2914 2188 3118 2256 τέλεον,
3167 2176 3509 2262 μαγγανείας

1919 2261 2200 2350 ἐκίνησαν,
2220 2263 2315 2350 καὶ
2342 2265 2541 2350 φίλτρα
2564 2270 2996 2338 κατεσκεύασαν,
3028 2274 3122 2327 καὶ
3150 2261 3350 2341 πολλάς
3373 2296 3508 2350 γοη-

1919 2347 2081 2435 τείας
2101 2348 2343 2435 ἔρραψαν
2370 2367 2382 2380 ·
2406 2347 2522 2435 εἶτα
2545 2350 2718 2417 οὕτως
2742 2356 2822 2418 είς
2858 2357 3171 2426 ἀρρωστίαν
3203 2360 3368 2414 αὑτὸν
3404 2347 3508 2435 ἐμ-

1921 2428 2180 2519 ϐαλοῦσαι
2223 2433 2486 2519 χαλεπὴν,
2519 2435 2616 2519 καί
2668 2436 2845 2508 φθορᾷ
2878 2439 3238 2509 παραδοῦσαι,
3267 2447 3362 2499 καὶ
3410 2428 3508 2519 τὴ-

1922 2515 2094 2570 κεδόνι
2121 2517 2327 2588 μακρᾷ,
2356 2518 2448 2570 καὶ
2489 2518 2701 2591 μυρίοις
2731 2521 3124 2591 περιϐαλοῦσαι
3156 2531 3366 2593 κακοῖς,
3402 2515 3510 2584 ἀπο

1922 2599 2158 2669 ήνεγκαν
2180 2598 2280 2669 τῆς
2303 2598 2585 2671 παρούσης
2606 2600 2773 2671 ζωῆς.
2798 2603 2861 2656 Et
2889 2603 2964 2677 μὴ
2982 2605 3120 2677 φοϐῇ
3143 2606 3243 2678 τὴν
3258 2611 3506 2679 γέενναν,

1921 2682 2215 2770 ἄνθρωπε,
2238 2683 2336 2770 τᾶις
2367 2686 2624 2770 γοητείας
2650 2686 2831 2741 αὐτῶν
2872 2689 3161 2762 φοϐήθητι.
3200 2694 3366 2749 Ὅταν
3397 2698 3510 2770 γάρ

1923 2766 2119 2853 σαυτὸν
2144 2766 2231 2853 δεά
2257 2768 2357 2839 τῆς
2382 2768 2669 2835 ἀσελγείας
2702 2771 2907 2844 ταύτης
2935 2773 3142 2845 ἔρημον
3162 2779 3396 2852 ποιήσῃς
3411 2766 3511 2853 τῆς

1921 2847 2017 2935 τοῦ
2052 2849 2208 2935 γΘεοῦ
2266 2853 2584 2923 συμμαχίας
2605 2893 2620 2917 ,
2658 2855 2752 2909 καὶ
2805 2857 3101 2931 γυμνώσῃς
3164 2847 3362 2916 σαυτὸν
3410 2847 3510 2935 τῆς

1923 2933 2130 3021 ἀνωθεν
2166 2935 2437 3006 βοηθείας,
2468 2937 2712 3021 λαϐοῦσά
2747 2958 2807 2994 σε
2853 2942 2992 3012 μετά
3025 2944 3262 3019 άδείαςή
3310 2933 3510 3021 πόρνη,

1923 3018 2019 3072 καὶ
2053 3020 2181 3082 τοὺς
2212 3020 2383 3091 αὑτῆς
2418 3020 2698 3076 καλέσασα
2721 3023 3004 3097 δαίμονας,
3038 3030 3133 3083 καὶ
3184 3018 3259 3085 τά
3303 3018 3514 3089 πέταλα

1927 3100 2166 3188 βάψασα,
2182 3102 2391 3188 καὶτὰς
2416 3105 2708 3170 ἐπιϐουλὰς
2739 3110 3113 3184 ἐργασαμένη,
3149 3114 3286 3185 μετά
3313 3115 3513 3188 πολλῆς

1923 3185 2023 3255 τῆς
2063 3185 2312 3251 εὐκολίας
2341 3189 2683 3259 περιγίνεταί
2714 3209 2808 3245 σου
2847 3194 2947 3265 τῆς
2979 3197 3272 3268 σωτηρίας,
3310 3185 3515 3265 ϐνειδός

1928 3284 1985 3319 σε
2021 3269 2113 3322 καὶ
2163 3269 2378 3338 γέλωτα
2421 3273 2529 3326 τῶν
2578 3272 2672 3344 τὴν
2711 3275 2867 3329 πόλιν
2912 3277 3206 3334 οἰκούντων
3254 3282 3513 3339 ἀπάντων

1926 3354 2339 3437 καταστήσασα,
2363 3354 2503 3408 ὥστε
2536 3357 2670 3428 μηδὲ
2694 3357 2959 3412 ἐλεεῖσθαι
2985 3362 3173 3417 κακῶν
3213 3366 3507 3437 πάσχοντα.

1932 3436 2028 3501 Τίς
2074 3435 2182 3508 γὰρ
2211 3437 2471 3505 ἐλεήσει,
2514 3441 2699 3512 φησὶν,
2742 3442 3028 3497 ἐπαοιδὸν
3067 3435 3431 3518 όφιόδηκτον
3461 3454 3512 3518 b,

1925 3520 2026 3607 καὶ
2064 3518 2295 3607 πάντας
2325 3520 2469 3607 τοὺς
2506 3527 2929 3607 προσάγοντας
2961 3529 3232 3598 θηρίοις;
3268 3534 3514 3607 Παρίημι

1926 3602 2025 3688 τῂν
2053 3602 2162 3688 τῶν
2180 3605 2478 3676 χρημάτων
2498 3604 2720 3678 ζημίαν,
2740 3609 2838 3674 τὰς
2857 3612 3231 3686 καθημερινὰς
3256 3602 3513 3688 ὑποψίας,

1927 3686 2017 3739 τὸν
2045 3685 2235 3772 τῦφον,
2273 3688 2371 3759 τὴν
2406 3689 2667 3745 ἀπόνοιαν
2687 3731 2702 3756 ,
2744 3693 2844 3764 τὴν
2890 3694 3048 3766 ὓϐριν
3080 3685 3180 3770 τὴν
3212 3685 3385 3772 παρὰ*

1928 3768 2143 3840 πορνῶν
2163 3772 2454 3843 γινομένην
2492 3774 2574 3837 είς
2608 3775 2736 3839 τοὺς
2761 3779 3041 3849 ἀνοήτους,
3074 3768 3380 3839 ἀθανάτων
3415 3803 3517 3856 μυ-

1931 3856 2061 3927 ρίων
2088 3857 2204 3909 ἐστὶ
2244 3858 2563 3929 πικρότερα.
2599 3859 2711 3913 Καὶ
2740 3861 2837 3932 τὴν
2869 3863 2967 3933 μέν
2989 3868 3223 3933 γυναῖκα
3254 3869 3515 3934 πολλάκις

1928 3943 2049 3997 οὐδὲ
2081 3943 2220 4015 βαρὺ
2267 3944 2419 4017 ῥῆμα
2447 3944 2706 4001 εἰποῦσαν
2737 3950 2837 4003 ούκ
2863 3952 3121 4021 ἤνεγκας,
3160 3954 3261 4026 τὴν
3284 3956 3342 4010 δέ
3377 3958 3515 4030 πόρ-

1929 4049 2029 4104 νην
2063 4032 2157 4085 καὶ
2201 4034 2539 4103 ραπίζουσαν
2591 4041 2936 4107 προσκυνεῖς.
2978 4042 3088 4094 Καὶ
3123 4042 3223 4096 οὑκ
3249 4044 3511 4117 αίσχύνῃ,

1930 4120 2051 4174 οὐδὲ
2087 4120 2345 4193 ἐρυθριᾷς
2363 4122 2509 4187 ,ούδέ
2535 4121 2671 4196 εῦχῃ
2699 4125 2979 4198 διαστῆναί
3008 4146 3089 4182 σοι
3108 4130 3208 4203 τὴν
3228 4133 3360 4204 γῆν;
3393 4135 3516 4199 Πῶς

1930 4207 2133 4280 δυνήσῃ
2173 4211 2254 4272 είς
2302 4210 2600 4281 ἐκκλησίαν
2630 4213 2911 4282 εἰσελθεῖν,
2953 4217 3179 4284 καὶτὰς
3203 4224 3393 4293 χεῖρας
3436 4224 3518 4287 είς

1931 4294 2023 4349 τὸν
2055 4295 2283 4366 οὐρανὸν
2316 4298 2593 4352 ἀνατεῖναι
2628 4317 2643 4366 ;
2680 4300 2817 4371 ποίῳ
2864 4303 3095 4374 στόματι
3148 4307 3373 4363 καλέσαι
3424 4312 3518 4363 τὸν

1932 4382 2084 4448 Θεὸν,
2108 4377 2152 4453 ᾧ
2184 4383 2280 4456 τὴν
2315 4385 2522 4457 πόρνην
2551 4386 2850 4458 ἐφίλησας;
2878 4390 2986 4442 Καὶ
3015 4393 3074 4444 ού
3103 4391 3364 4459 δέδοικας,
3394 4396 3517 4449 οὐδὲ

1933 4473 2177 4543 φρίττεις
2193 4514 2207 4539 ,
2231 4472 2352 4525 είπέ
2381 4490 2491 4543 μοι,
2516 4475 2589 4545 μή
2613 4492 2743 4528 ποτε
2774 4478 3017 4548 σκηπτὸς
3037 4478 3243 4533 ἀνωθεν
3275 4480 3517 4552 ἐνεχθεὶς

1932 4561 2245 4633 καταφλέξῃ
2274 4562 2370 4632 την
2410 4561 2761 4632 ἀναίσχυντόν
2793 4581 2887 4618 σου
2919 4567 3203 4638 κεφαλήν;
3243 4569 3364 4625 Κᾶν
3409 4572 3518 4644 γὰρ

1933 4652 2030 4723 τὴν
2060 4653 2296 4720 γυναῖκα
2333 4651 2502 4723 λάθῃς
2530 4652 2630 4721 τὴν
2681 4653 3038 4727 ἠδικημένην,
3073 4656 3210 4711 ἀλλά
3245 4658 3338 4713 τὸν
3374 4660 3522 4714 ἀκοί-

1937 4757 2107 4811 μητον
2154 4738 2430 4809 ὀφθαλμὸν
2467 4740 2528 4793 οὐ
2567 4739 2707 4814 λήσῃ
2744 4741 2876 4794 ποτέ
2897 4758 2908 4771 ·
2940 4744 3062 4796 ἐπεὶ⁵
3098 4747 3194 4798 καὶ
3232 4746 3311 4817 τῷ
3346 4749 3519 4820 μοιχῷ

1935 4831 2127 4903 ἐκείνῳ
2146 4830 2224 4902 τῷ
2256 4831 2487 4900 λέγοντι,
2517 4833 2742 4900 Σκότος
2780 4835 2985 4900 κύκλῳ
3010 4854 3132 4907 μου
3161 4838 3259 4892 καί
3307 4840 3517 4909 τοῖχοι,

1933 4923 1992 4977 τι
2023 4923 2388 4993 εὐλαϐοῦμαι
2403 4940 2424 4988 ;
2452 4924 2851 4996 ἀντεφθέγξατο
2882 4929 2910 4981 ό
2942 4929 3102 4997 σοφὸς
3126 4931 3353 4995 ἐκεῖνος,
3378 4932 3521 4987 οὕτω

1933 5011 2108 5079 λέγων
2125 5030 2138 5043 ·
2159 5011 2280 5064 Ὀτι
2310 5011 2603 5082 ὀφθαλμοὶ
2619 5015 2842 5083 Κυρίου
2862 5021 3317 5086 μυριοπλασίως
3339 5021 3521 5088 ἡλίου

1935 5100 2368 5169 φωτεινότεροι,
2398 5101 2740 5168 βλέποντες
2772 5105 2861 5170 είς
2888 5104 2961 5157 τὰ
2982 5104 3125 5175 ἔργα
3153 5104 3271 5160 τῶν
3295 5106 3520 5174 ἀνθρώ-

1935 5204 2084 5245 πων.
2109 5189 2208 5242 Διά
2234 5188 2392 5242 τοῦτο
2432 5190 2498 5262 δὴ
2544 5192 2722 5246 πάντα
2757 5192 2786 5243 ό
2835 5191 3048 5256 Παῦλος
3088 5193 3307 5263 ἐλεγενσ
3345 5195 3522 5248 Ἕκα-

1936 5291 2082 5343 στος
2108 5277 2224 5345 τὴν
2250 5276 2468 5333 ἑαυτοῦ
2497 5280 2754 5348 γυναῖκα
2792 5279 2996 5349 ἐχέτω,
3021 5282 3119 5333 καὶ
3154 5279 3383 5347 ἑκάστη
3413 5282 3523 5335 τὸν

1937 5364 2093 5418 ἴδιον
2133 5365 2322 5435 ἄνδρα
2358 5367 2572 5438 ἐχέτω·
2602 5366 2678 5436 τῇ
2713 5366 2949 5436 γυναικὶ
2977 5369 3011 5420 ό
3034 5365 3191 5435 ἀνὴρ
3216 5369 3330 5434 τὴν
3365 5370 3523 5438 ὀφει-

1934 5455 2203 5525 λομένην
2233 5457 2480 5511 εὔνοιαν
2526 5455 2877 5519 ἀποδιδότω,
2912 5454 3126 5522 ὁμοίως
3159 5456 3257 5508 καὶ
3295 5455 3335 5523 ἠ
3364 5456 3520 5525 γυνὴ

1937 5545 2018 5612 τῷ
2050 5546 2246 5615 ἀνδρί.
2273 5548 2425 5600 Μέλι
2456 5543 2774 5604 ἀποστάζει
2815 5542 2934 5597 ἀπὸ
2965 5542 3214 5612 χειλέων
3234 5546 3524 5615 γυναικὸς

1937 5637 2202 5705 πόρνης,
2234 5634 2274 5702 ἡ
2329 5634 2478 5703 πρὸς
2527 5633 2736 5701 καιρὸν
2766 5633 3033 5688 λιπαίνει
3065 5633 3185 5688 σὸν
3223 5634 3520 5704 φάρυγγα,

1936 5724 2198 5793 ὕστερον
2225 5720 2381 5793 [202]
2396 5720 2603 5790 μέντοι
2631 5720 2983 5790 πικρότερον
3010 5719 3204 5790 χολῆς
3220 5719 3520 5795 cipias”,

2002 5869 2032 5910 δ
2053 5868 2167 5921 Mss.
2190 5876 2317 5916 unus
2339 5861 2629 5927 ἕχιὸδηκτον.
