4006 6410
191 387 289 442 217

193 501 276 554 bet
301 495 539 550 osculum
563 490 878 554 meretricis,
916 504 1180 544 venenum
1209 489 1380 544 latens
1408 499 1459 545 et
1498 491 1781 544 abscondi-

190 601 317 646 tum.
348 586 455 641 Cur
498 587 657 655 igitur
683 582 1040 638 damnandam
1069 583 1404 652 persequeris
1433 581 1777 652 voluptatem,

189 699 302 754 quas
326 682 544 736 exitium
566 681 722 749 parit,
744 694 862 747 qua:
884 676 1092 745 plagam
1119 675 1278 730 inl'ert
1301 675 1774 739 immedicabilem,

191 787 303 826 eam
332 770 585 825 oblcctari
641 769 834 838 possis,
863 777 918 822 et
967 768 1172 821 nullum
1221 767 1417 820 malum
1467 766 1780 820 incurrere?

194 863 314 918 Cum
346 864 513 918 libera
541 872 593 917 et
645 862 866 916 honesta
898 859 1122 915 muliere
1152 861 1307 914 simul
1335 860 1574 928 voluptas
1619 869 1699 912 est
1727 868 1782 914 et

194 957 460 1020 securitas,
503 964 559 1009 et
581 955 865 1008 delectatio
901 963 954 1007 et
1002 953 1194 1019 honor,
1225 962 1279 1008 et
1307 964 1528 1006 ornatus
1563 962 1617 1007 et
1644 953 1779 1006 bona

193 1049 511 1103 conscientia
551 1064 564 1100 :
617 1047 722 1101 illic
766 1057 944 1100 antem
981 1045 1245 1099 acerbitas
1298 1046 1484 1110 multa,
1529 1046 1779 1098 damnum

195 1143 428 1204 multum,
472 1141 741 1195 accusatio
795 1147 1073 1208 perpetua.
1125 1137 1381 1205 Quamvis
1427 1137 1573 1192 enim
1601 1137 1782 1190 nullus

195 1235 457 1289 hominum
489 1232 714 1296 viderit,
747 1247 1032 1300 numquam
1066 1237 1241 1284 tamen
1269 1244 1524 1284 accusare
1554 1238 1606 1283 te
1636 1229 1781 1282 desi-

194 1334 276 1380 net
299 1323 623 1378 conscientia
645 1340 658 1379 :
678 1322 769 1376 sed
798 1336 1133 1391 quocumque
1156 1320 1481 1390 perrexeris,
1515 1329 1565 1374 te
1592 1334 1782 1388 seque-

195 1425 273 1469 tur
294 1429 575 1478 accusans,
607 1423 661 1468 et
691 1428 878 1482 magna
905 1427 1037 1466 voce
1063 1421 1113 1466 te
1153 1425 1479 1481 persequens
1507 1419 1785 1464 aconsator

197 1508 306 1561 iste.
333 1506 514 1575 Itaque
540 1505 584 1558 si
625 1505 744 1572 quis
782 1504 1107 1571 voluptatem
1154 1510 1390 1556 sectetur
1410 1543 1423 1565 ,
1455 1502 1498 1554 is
1526 1515 1782 1570 congres-

194 1611 301 1650 sum
325 1613 442 1650 cum
473 1595 839 1650 meretricibus
871 1593 1031 1663 fugiat
1067 1593 1316 1646 maxime.
1355 1593 1493 1646 Nihil
1525 1593 1665 1646 enim
1695 1591 1782 1644 illa

195 1687 573 1741 consuetudine
616 1685 975 1755 iniucundius,
1009 1684 1140 1739 nihil
1171 1685 1262 1738 illo
1297 1698 1582 1753 congressu
1613 1683 1782 1736 mole-

194 1780 338 1843 stius,
367 1778 497 1832 nihil
534 1777 773 1830 moribus
802 1777 1010 1830 illarum
1051 1775 1346 1829 scelesxius.
1383 1775 1563 1826 (Servus
1609 1773 1786 1826 amici-

195 1875 288 1936 tite,
330 1883 374 1926 et
420 1872 596 1942 pullus
640 1871 919 1942 gratiarum
947 1879 1151 1922 tuarum
1199 1865 1553 1938 confabuletur
1583 1876 1783 1918 tecum:

195 1965 298 2033 fons
326 1981 470 2033 aqua:
499 1973 603 2017 tua:
621 1963 684 2015 sit
717 1963 801 2015 tibi
833 1964 946 2032 fons
983 1959 1166 2026 (Prov.
1195 1961 1248 2014 5.
1280 1960 1365 2013 l9.
1395 1968 1440 2010 et
1473 1957 1540 2011 15
1563 1956 1602 2024 ).
1646 1957 1781 2010 Cum

194 2057 257 2110 sit
281 2057 365 2110 tibi
394 2055 512 2110 fons
544 2070 708 2124 purus
731 2097 747 2120 ,
777 2070 872 2108 cur
896 2054 961 2106 ad
998 2054 1169 2106 lacum
1199 2052 1307 2105 luto
1335 2052 1548 2121 plenum
1588 2049 1778 2112 curris,

192 2149 476 2215 gehennam
500 2147 734 2199 olentem
757 2153 810 2198 et
826 2145 1142 2214 supplicium
1169 2143 1435 2196 inelTabile
1453 2140 1476 2192 ‘l
1493 2155 1593 2210 qua
1617 2155 1784 2193 excu-

193 2240 407 2300 satione.
438 2255 540 2308 qua
580 2239 733 2292 venia
761 2238 952 2307 dignus
976 2237 1176 2307 puteris
1211 2235 1414 2289 videri?
1441 2234 1495 2286 Si
1523 2234 1663 2287 enim
1693 2231 1782 2301 qni

194 2339 306 2383 ante
333 2339 662 2384 contractum
695 2328 1087 2382 matrimonimn
1115 2335 1435 2390 scortantnr,
1456 2339 1641 2394 pcenas
1663 2338 1784 2378 sns-

195 2421 370 2485 tinent,
399 2433 452 2476 et
481 2421 746 2492 supplicio
775 2421 1098 2490 plectuntur,
1130 2421 1266 2472 sicut
1298 2419 1386 2472 ilie
1433 2419 1518 2488 qni
1547 2415 1778 2470 sordidis

1317 370 1322 373 ’
1400 378 1488 432 DE
1530 378 1822 434 LIBELID
1864 380 2160 436 REPUDII.
2209 380 2273 438 ll.

3381 383 3482 440 9l8

1886 499 2001 544 erat
2027 490 2358 546 vestimentis
2401 490 2634 555 indutus,
2671 491 2840 544 multo
2872 491 3040 560 magis
3069 489 3157 560 qni
3212 493 3488 545 matrimo-

1890 583 1980 637 nio
2017 591 2310 636 contracto.
2355 583 2554 653 Duplex
2605 583 2747 636 enim
2791 582 2912 636 inde
2952 598 3015 636 ac
3045 583 3238 653 triplex
3285 584 3487 638 crimen

1889 676 2082 740 oritur,
2137 685 2245 730 tum
2278 676 2398 746 quia
2446 691 2566 730 cum
2598 675 2803 730 deliciis
2835 675 3138 730 fruerentur
3165 719 3181 742 ,
3235 677 3300 730 ad
3333 677 3491 731 lasci-

1889 765 2027 818 viam
2059 767 2202 819 illam
2231 765 2594 834 prosilierunt,
2618 774 2726 818 tum
2758 766 2878 833 quia
2912 781 3014 819 non
3045 765 3205 819 modo
3233 768 3490 821 scortatio

1889 872 1975 912 res
2004 857 2114 919 illa,
2139 857 2233 910 sed
2262 857 2422 911 etiam
2455 857 2775 910 adulterium
2806 867 3076 921 censuur,
3101 857 3241 926 quod
3272 867 3490 926 peccato

1889 952 2077 1021 quovis
2100 959 2184 1004 est
2203 952 2435 1020 gravius.
2462 951 2586 1005 llmc
2616 951 2774 1020 igitur
2804 959 2858 1004 et
2890 951 3045 1006 nobis
3071 961 3124 1006 et
3174 951 3489 1007 mulieribus

1891 1043 2160 1098 inculcare
2189 1060 2293 1097 non
2321 1044 2630 1098 desinamus
2655 1063 2666 1096 :
2697 1060 2854 1113 quam
2882 1045 3041 1098 etiam
3068 1045 3136 1098 ob
3162 1060 3375 1099 causam
3406 1044 3490 1101 his

1890 1134 2068 1188 verbis
2095 1136 2392 1190 orationem
2435 1135 2751 1189 concludam
2787 1153 2800 1188 :
2836 1134 3058 1201 Propter
3104 1137 3487 1207 fornicationem

1890 1226 2232 1294 unusquisque
2265 1243 2407 1278 suam
2450 1241 2656 1278 uxorem
2689 1226 2899 1291 habeat,
2929 1236 2974 1280 et
3001 1243 3310 1295 unaguteque
3341 1243 3486 1280 suum

1889 1318 2052 1370 virum
2079 1318 2276 1370 habeat.
2315 1317 2474 1372 Uxori
2517 1318 2592 1370 vir
2613 1318 2828 1370 debitam
2858 1317 3249 1371 benevolentiam
3275 1318 3486 1381 reddat;

1891 1425 2021 1462 na'or
2048 1409 2278 1461 similiter
2305 1410 2429 1461 viro.
2459 1407 2648 1461 Mulier
2673 1408 2751 1460 sui
2781 1409 3008 1476 corporis
3063 1419 3355 1462 votestatem
3385 1425 3486 1463 non

1891 1499 2059 1565 habet,
2089 1500 2176 1552 sed
2204 1500 2296 1552 vir.
2329 1498 2578 1554 Similiter
2603 1510 2770 1552 autem
2796 1509 2840 1552 et
2867 1506 2943 1553 vir
2977 1501 3056 1553 sui
3093 1501 3318 1568 corporis
3343 1511 3486 1572 pote.

1890 1599 2067 1644 atatem
2120 1607 2218 1642 non
2249 1590 2394 1642 habet
2427 1632 2440 1653 ,
2490 1591 2577 1644 sed
2621 1591 2894 1651 mulierll.
2935 1589 3053 1645 Cor.
3100 1591 3152 1644 7.
3180 1590 3318 1661 2-4).
3364 1590 3490 1645 11ηξο

1891 1683 2052 1738 verba
2079 1684 2317 1737 studiose
2365 1684 2621 1737 memoria
2673 1692 2938 1750 tenentes,
2988 1683 3122 1737 etin
3169 1682 3308 1749 foro,
3352 1684 3487 1738 etin

1891 1775 2096 1829 {edibus
2120 1818 2132 1838 ,
2161 1785 2216 1829 et
2245 1775 2496 1840 interdiu,
2525 1786 2577 1829 et
2603 1777 2832 1844 vesperi,
2865 1784 2920 1830 et
2950 1775 3016 1829 ad
3065 1791 3328 1840 mensam,
3359 1786 3409 1829 et
3435 1775 3488 1829 in

1893 1866 2052 1930 lecto,
2103 1876 2156 1921 et
2207 1867 2406 1937 ubique
2455 1867 2716 1931 locorum,
2749 1883 2869 1920 cum
2903 1868 3000 1938 ipsi
3051 1883 3111 1922 ea
3145 1868 3486 1930 meditemur,

1893 1969 2004 2014 tum
2054 1960 2305 2014 mulieres
2337 1960 2492 2013 nobis
2537 1960 2717 2013 dicere
2748 1967 2905 2028 atque
2943 1975 2972 2013 a
3005 1960 3158 2013 nobis
3183 1960 3366 2012 audire
3391 1960 3490 2012 do-

1891 2065 2126 2110 ccamus,
2158 2059 2214 2103 ιιι
2241 2066 2361 2105 cum
2395 2051 2532 2104 hanc
2564 2052 2722 2104 vitam
2749 2060 2897 2105 caste
2934 2051 3346 2112 tradnxerimns,
3377 2065 3484 2103 c:c-

1893 2141 2066 2194 lorum
2093 2142 2252 2195 ctiam
2282 2158 2502 2211 regnum
2527 2156 2941 2211 consequamur,
2971 2143 3138 2210 gratia
3167 2153 3218 2195 et
3248 2143 3491 2211 benigni-

1893 2241 2000 2287 tate
2032 2233 2235 2286 Domiui
2283 2234 2449 2286 nostri
2481 2232 2606 2287 Jcsn
2652 2231 2887 2297 Christi,
2935 2248 3031 2301 per
3077 2248 3235 2300 quem
3281 2241 3481 2285 etcum

1890 2339 1995 2390 quo
2027 2323 2189 2390 Patri,
2237 2338 2340 2377 una
2369 2338 2490 2377 cum
2530 2322 2733 2391 Spiritu
2765 2333 2951 2376 sancto
2989 2322 3181 2392 gloria,
3209 2323 3259 2375 in
3291 2323 3486 2377 sa'cula

1883 2414 2225 2471 smculorum.
2260 2417 2450 2469 Amen.

1339 2644 1448 2715 1N
1500 2643 1831 2714 ILLUM
1877 2641 2266 2726 LOCUM,

195 2792 418 2834 MULIER
477 2793 791 2837 ALLIGATA
836 2793 951 2836 EST
995 2792 1138 2835 LEGI
1185 2791 1437 2845 QUANTO
1481 2790 1782 2833 TEMPODE
1851 2790 2118 2831 VIXERIT
2161 2789 2270 2831 VIR
2314 2788 2465 2830 EJUS
2515 2790 2528 2827 ζ

2578 2789 2633 2829 SI
2683 2789 2897 2832 AUTEM
2959 2789 3338 2843 DORMIERIT,
3387 2791 3484 2834 ιι·-

264 2895 420 2938 ΒΕΒΔ
464 2895 583 2938 EST
631 2895 735 2937 CUI
768 2894 1084 2937 VOLUERIT
1127 2893 1404 2946 NUBERE,
1452 2891 1713 2934 TANTUM
1759 2891 1773 2932 l

1883 2889 2138 2932 DOMINO.
2188 2888 2460 2930 BEATIOR
2505 2888 2724 2930 AUTEM
2772 2890 2885 2931 EST
2928 2889 2980 2932 Sl
3025 2889 3118 2932 SIC
3154 2891 3474 2933 MANSERIT

268 2973 347 3052 (1.
379 2975 521 3038 Cor.
571 2975 633 3036 7.
681 2975 780 3034 39.
825 2973 904 3034 to
930 2974 952 3053 )
1001 2982 1105 3052 (τι).

1905 3129 1984 3148 5e.»—

1905 3129 1984 3148 ιθρψ

1624 3125 2050 3180 W0

259 3243 306 3296 l.
327 3240 501 3311 Nuper
533 3242 688 3296 nobis
731 3243 918 3298 beatus
950 3241 1147 3297 Paulus
1187 3241 1253 3296 de
1286 3242 1554 3311 conjugio,
1590 3241 1776 3310 conju-

196 3332 358 3402 giique
381 3335 590 3403 juribus
627 3335 796 3404 legem
839 3335 976 3396 tulit,
1005 3333 1298 3390 Corinthiis
1343 3334 1420 3388 sic
1444 3333 1686 3388 scribens
1713 3347 1774 3387 ac

196 3425 362 3481 dicens
390 3444 403 3480 :
432 3425 510 3480 De
540 3427 721 3497 quibus
748 3436 920 3480 autem
954 3427 1227 3498 scripsistis
1255 3427 1381 3478 mihi
1400 3466 1415 3491 ,
1448 3424 1647 3478 Bonum
1670 3440 1777 3478 esse

196 3516 369 3571 homini
421 3517 687 3572 mulierem
762 3534 861 3571 non
903 3527 1108 3588 tangere
1171 3534 1189 3572 :
1229 3526 1434 3586 propter
1484 3515 1778 3584 fornicatio-

194 3626 295 3662 nem
344 3621 530 3676 autem,
577 3627 722 3665 suam
766 3611 976 3682 quisque
1028 3627 1244 3664 uxorem
1296 3609 1496 3665 habeat.
1539 3618 1584 3662 et
1624 3624 1774 3662 suum

193 3715 382 3768 alaeque
427 3701 594 3755 virum
660 3702 839 3755 habeat
891 3702 980 3774 (l.
1025 3701 1144 3756 Cor.
1184 3703 1236 3754 7.
1271 3703 1349 3754 Α.
1414 3699 1512 3769 2).
1570 3700 1774 3767 Eapro-

193 3799 297 3858 pter
346 3803 397 3848 et
443 3808 542 3848 nos
615 3802 781 3848 totum
836 3808 1138 3847 sermonem
1209 3791 1261 3845 in
1328 3792 1427 3846 hoc
1481 3791 1771 3859 insumpsi-

193 3899 315 3938 mus.
361 3886 536 3957 Itaque
587 3901 807 3941 necesse
830 3893 914 3941 est
944 3885 1100 3940 hodie
1142 3885 1210 3940 dc
1239 3885 1423 3939 eodem
1456 3891 1770 3953 argumento

194 3972 369 4030 iterum
389 3978 665 4032 vobiscum
692 3976 982 4042 disserere,
1023 3975 1454 4046 quandoquidem
1485 3976 1551 4029 de
1577 3975 1767 4029 eodem

191 4069 333 4123 etiam
363 4072 473 4139 ipse
502 4071 702 4126 Paulus
741 4069 898 4124 hodie
927 4071 1162 4124 disserit.
1193 4069 1485 4124 Audivistis
1534 4069 1674 4123 enim
1709 4067 1772 4122 ii-

190 4155 284 4212 lum
308 4161 647 4225 clamantem,
679 4175 742 4214 ac
762 4161 1030 4216 dicentem
1053 4177 1066 4214 :
1099 4160 1289 4214 Mulier
1316 4162 1534 4231 alligata
1562 4169 1631 4214 est
1669 4161 1769 4231 legi

189 4258 357 4317 quanto
400 4262 624 4322 tempore
661 4253 838 4306 vixerit
866 4253 942 4304 vir
969 4253 1109 4306 illius
1139 4267 1158 4306 :
1186 4253 1231 4305 si
1258 4262 1427 4305 autem
1469 4252 1763 4306 obdormie-

192 4340 249 4392 rit
276 4343 346 4396 vir
391 4344 548 4408 illius,
605 4344 760 4398 libera
799 4354 871 4399 est
914 4345 994 4397 cui
1015 4345 1232 4409 poluerit
1262 4345 1460 4411 nubere,
1495 4354 1688 4398 tantum
1714 4345 1768 4398 in

191 4427 436 4488 Domino:
475 4435 670 4488 beatior
708 4445 874 4488 autem
904 4445 975 4490 est
1009 4436 1054 4490 si
1099 4437 1171 4490 sic
1198 4437 1455 4500 manserit,
1492 4437 1768 4490 secundum

188 4535 336 4574 meum
363 4526 628 4579 consilium
661 4527 887 4594 :Opinor
921 4536 1087 4580 autem
1136 4527 1272 4596 quod
1315 4536 1360 4580 et
1397 4543 1487 4596 ego
1515 4528 1766 4598 Spiritum

190 4605 278 4662 Dei
324 4613 550 4668 habeant.
610 4614 796 4688 (Ibid.
840 4631 891 4668 υ.
942 4616 1030 4671 '59.
1059 4617 1128 4670 40
1157 4617 1196 4685 ).
1254 4616 1553 4686 Sequamur
1610 4618 1768 4687 igitur

190 4695 324 4752 illum
342 4712 394 4756 et
411 4703 584 4770 hodie,
607 4705 746 4760 etde
770 4707 867 4760 hac
883 4707 1254 4776 colloquamnr
1271 4709 1516 4760 materia:
1539 4724 1770 4777 sequen-

189 4797 263 4844 tes
285 4794 418 4847 enitn
443 4796 684 4862 Paulum,
719 4812 816 4867 per
835 4813 955 4852 eum
980 4808 1034 4852 et
1061 4797 1330 4852 Christum
1363 4799 1534 4866 ipsum
1573 4814 1764 4866 seque-

190 4897 317 4947 mur,
348 4902 411 4941 eo
431 4889 570 4958 quod
612 4890 702 4944 ille
733 4906 836 4944 non
868 4891 1232 4958 semetipsum,
1266 4890 1356 4944 sed
1380 4889 1649 4944 Christum
1673 4906 1766 4959 per

190 4977 352 5028 omnia
378 4994 606 5049 sequens
654 4982 886 5050 scripsit.
946 4982 1232 5036 Enimvero
1288 4999 1393 5036 non
1423 4992 1504 5037 est
1533 4983 1764 5052 vulgaris

186 5079 287 5131 reS,
318 5070 622 5140 conjugium
641 5072 778 5127 bene
803 5073 1151 5126 constitutum
1187 5092 1199 5124 :
1236 5075 1372 5128 sicut
1395 5075 1553 5128 etiam
1587 5075 1650 5128 iis
1676 5077 1761 5143 qui

179 5152 286 5221 illa,
341 5175 442 5215 non
501 5173 557 5217 ut
608 5174 837 5230 Oportet,
895 5173 1118 5219 utuntur
1155 5207 1171 5232 ,
1215 5168 1619 5222 innumerorum
1653 5183 1764 5221 ma-

189 5245 346 5306 lorum
380 5255 434 5308 lit
473 5260 716 5313 materia.
748 5259 882 5314 Nam
919 5261 1057 5316 sicut
1085 5261 1277 5315 mulier
1301 5263 1530 5330 adjutrix
1559 5274 1660 5327 est,
1693 5262 1761 5316 ita

187 5352 321 5410 Sa‘pe
340 5359 391 5400 et
417 5348 735 5407 insidiatrix.
767 5354 835 5408 Et
859 5355 995 5408 sicut
1024 5365 1206 5424 portus
1232 5364 1316 5409 est
1343 5355 1664 5425 conjuginm,
1694 5355 1763 5410 ita

186 5438 235 5484 et
263 5449 396 5505 smpe
419 5443 743 5512 naufragium
773 5445 910 5513 parit
944 5463 958 5498 :
982 5461 1085 5499 non
1115 5454 1303 5500 natura
1331 5462 1446 5510 sua,
1473 5447 1564 5500 sed
1585 5447 1763 5500 animo

186 5535 382 5591 corum,
411 5531 497 5598 qui
540 5535 627 5588 illo
663 5539 802 5590 male
850 5545 1088 5590 utuntur.
1122 5537 1331 5591 Etenim
1355 5537 1441 5607 qui
1470 5538 1761 5592 secundum

187 5625 438 5686 congruas
481 5622 622 5693 leges
675 5626 802 5680 illud
858 5627 1128 5694 observat,
1179 5628 1391 5682 domum
1445 5636 1498 5682 et
1541 5644 1762 5683 uxorem

191 5718 356 5775 suam,
407 5722 462 5766 ut
490 5717 746 5772 malorum
780 5720 1015 5773 omnium
1040 5735 1156 5789 qua:
1183 5722 1262 5775 vel
1316 5722 1369 5774 in
1396 5719 1532 5789 foro,
1557 5721 1640 5777 vel
1663 5723 1760 5777 ali-

247 5817 314 5878 (a)
335 5820 513 5876 Collata
535 5841 643 5880 etim
666 5837 773 5880 Mss.
798 5830 1088 5883 Colbertinis
1107 5832 1202 5883 970
1227 5838 1279 5883 et
1305 5833 1440 5884 l050.

1887 3242 2008 3298 cnbi
2031 3241 2340 3304 obveniant,
2361 3243 2768 3299 consolatricem
2793 3259 2853 3298 ac
2871 3244 3226 3298 liberatricem
3248 3247 3480 3314 reperit;

1883 3335 1972 3404 qui
2013 3344 2190 3390 autem
2222 3347 2422 3390 temere
2450 3346 2502 3390 et
2532 3337 2822 3406 vulgaritcr
2852 3337 2989 3392 hanc
3014 3355 3125 3392 rem
3153 3341 3474 3408 aggreditur,

1883 3427 2094 3480 etiamsi
2135 3427 2368 3481 mnltain
2402 3428 2518 3482 loro
2562 3439 2616 3482 et
2645 3429 2770 3482 alibi
2823 3429 3202 3497 tranquillitate
3235 3429 3473 3494 fruatur,

1884 3518 2157 3586 ingressus
2183 3518 2421 3580 domum,
2455 3519 2702 3589 scopulos
2731 3529 2786 3574 et
2815 3529 2996 3589 petras
3043 3521 3260 3576 videbit.
3293 3522 3474 3590 Itaque

1880 3609 2131 3678 quoniam
2161 3625 2266 3663 non
2298 3609 2366 3665 de
2395 3610 2556 3665 rebus
2601 3612 2909 3681 vulgaribus
2941 3613 3094 3668 nobis
3144 3622 3228 3668 est
3269 3615 3479 3683 pericu-

1880 3703 2011 3768 lum,
2039 3718 2217 3774 opera:
2265 3705 2495 3773 pretium
2542 3702 2704 3759 fuerit
2748 3721 2870 3760 cum
2908 3706 3183 3776 diligentia
3215 3706 3372 3761 dictis
3399 3719 3480 3760 at-

1883 3795 2123 3858 tendere,
2153 3803 2207 3850 et
2232 3811 2450 3850 uxorem
2476 3796 2781 3860 ducturum,
2811 3797 2961 3864 juxta
2991 3798 3159 3862 Pauli,
3191 3797 3298 3850 imo
3323 3798 3471 3866 juxta

1879 3883 2074 3940 Christi
2100 3886 2244 3954 leges
2267 3902 2445 3956 agere.
2480 3887 2618 3943 Sane
2639 3888 2860 3954 scimus,
2889 3887 3029 3957 quod
3065 3890 3244 3942 multis
3275 3904 3470 3943 novmn

1882 3990 1934 4035 et
1969 3981 2390 4049 inexspectatum
2417 3981 2678 4036 videbitur
2693 3981 2836 4050 quod
2864 3981 3089 4036 dicimus
3114 3999 3128 4034 :
3158 3990 3210 4034 at
3235 3990 3477 4050 pmptt-r-

1877 4087 1939 4126 ea
1984 4088 2091 4127 non
2123 4074 2310 4131 silebo.
2340 4074 2434 4128 sed
2490 4074 2719 4144 primum
2781 4075 2952 4144 legem
2999 4073 3148 4128 vobis
3199 4074 3392 4144 legam,
3425 4085 3476 4128 rt

1877 4165 2000 4220 dein
2030 4165 2221 4236 legem,
2268 4183 2387 4237 qum
2416 4168 2682 4222 contraria
2708 4167 2942 4234 videtur,
2991 4168 3199 4222 solvere
3227 4168 3471 4221 tcntabo.

1877 4257 2040 4328 lgitur
2069 4273 2314 4326 qumnam
2354 4268 2435 4313 est
2466 4260 2546 4314 lex
2599 4260 2710 4324 illa,
2742 4275 2901 4329 quam
2953 4261 3107 4314 nobis
3153 4259 3344 4315 Paulus
3382 4276 3476 4328 po-

1875 4349 2007 4403 suit?
2037 4349 2246 4413 Mulier,
2276 4351 2462 4420 inquit,
2489 4350 2702 4420 alligata
2739 4361 2812 4404 est
2843 4351 2958 4422 legi.
2988 4351 3209 4418 Oportet
3233 4352 3389 4420 igitur
3417 4359 3474 4402 nt

1878 4441 2100 4496 minime
2147 4451 2444 4510 separetur,
2489 4443 2698 4496 vivente
2742 4443 2878 4508 viro,
2902 4458 3072 4511 neque
3095 4443 3255 4495 alium
3287 4457 3473 4511 snper-

1875 4533 2090 4588 inducat
2129 4535 2398 4598 maritum,
2428 4549 2601 4601 neque
2633 4532 2895 4586 secundas
2935 4534 3145 4601 nuptias
3191 4533 3368 4586 adeat.
3400 4533 3470 4586 Et

1873 4625 1995 4678 vide
2023 4632 2220 4693 quanta
2250 4640 2369 4678 cmn
2401 4624 2670 4692 diligentia
2719 4623 3000 4676 verborum
3049 4639 3177 4677 usus
3225 4625 3294 4677 sit
3343 4639 3469 4692 pro-

1875 4716 2118 4784 prietate.
2144 4713 2259 4768 Non
2293 4717 2431 4770 enim
2463 4714 2614 4780 dixit,
2657 4713 2938 4768 Coltabitet
2969 4715 3084 4767 viro
3124 4714 3296 4784 quoad
3330 4716 3469 4769 vixe-

1876 4808 1942 4861 rit
1963 4825 1976 4866 :
2001 4807 2115 4870 sed,
2148 4806 2334 4860 Mulier
2358 4808 2569 4877 alligata
2600 4817 2669 4859 est
2701 4808 2796 4876 legi
2821 4817 3007 4875 quanto
3036 4817 3258 4875 tempore
3295 4809 3472 4863 vixerit

1873 4900 1948 4953 vir
1979 4900 2116 4951 illius
2144 4915 2162 4950 :
2189 4909 2345 4967 atque
2386 4900 2522 4950 adeo
2575 4899 2781 4952 etiamsi
2825 4898 3060 4952 libellum
3100 4901 3306 4968 repudii
3355 4901 3469 4966 det,

1873 4991 2080 5044 etiamsi
2127 4990 2345 5043 domum
2396 4990 2676 5059 relinquat,
2724 4990 2932 5042 etiamsi
2962 4989 3029 5043 ad
3077 4993 3237 5044 alium
3292 4993 3466 5058 abeat,

1874 5085 1974 5155 legi
2007 5085 2258 5139 addricta
2285 5084 2629 5154 adulteraqu
2658 5095 2758 5142 est.

1946 5176 2064 5228 Non
2095 5177 2207 5228 licet
2247 5175 2567 5243 repudiatam
2594 5176 2796 5230 ducere.
2838 5176 2995 5248 Leges
3034 5187 3252 5231 externa?
3289 5177 3471 5229 divinat

1872 5269 1970 5338 legi
1989 5268 2190 5321 cedunt.
2212 5298 2281 5308 —
2307 5267 2533 5336 Quando
2555 5270 2712 5339 igitur
2740 5271 2822 5323 vir
2849 5270 3044 5339 ejicere
3073 5272 3182 5323 vnit
3212 5284 3462 5330 uxorem,

1871 5371 1926 5416 et
1956 5376 2089 5414 uxor
2121 5361 2421 5430 relinquere
2447 5363 2614 5414 virum
2638 5401 2652 5425 ,
2681 5361 2835 5429 hujus
2886 5376 3092 5413 memor
3121 5362 3188 5411 sit
3226 5359 3378 5420 dicti,
3415 5366 3469 5410 ct

1871 5455 2095 5510 Paulum
2129 5464 2277 5524 putet
2320 5471 2441 5510 esse
2493 5463 2811 5524 prresentem
2834 5495 2848 5516 ,
2891 5462 2945 5506 et
2992 5451 3237 5520 persequi
3271 5465 3330 5504 se
3355 5450 3462 5503 cla-

1871 5548 2068 5603 mando
2117 5558 2171 5602 ct
2217 5548 2443 5602 dit-endo
2475 5565 2489 5601 :
2519 5547 2707 5600 Mulier
2752 5543 2992 5596 adstricta
3045 5551 3115 5595 est
3167 5541 3284 5612 legi.
3328 5539 3463 5595 Nam

1870 5641 2320 5712 quemadmodum
2351 5639 2490 5693 servi
2520 5636 2740 5705 fugitivi,
2771 5635 2975 5690 etiamsi
2996 5635 3210 5688 domum
3235 5633 3458 5687 herilem

1873 5733 2218 5801 relinquant,
2251 5738 2492 5783 catenam
2527 5742 2704 5780 secum
2738 5725 2958 5778 trahunt
2985 5743 2998 5776 :
3034 5725 3102 5778 ita
3132 5734 3184 5777 et
3215 5723 3465 5777 mulieres

1871 5823 2081 5882 etiamsi
2109 5838 2254 5879 Viros
2279 5821 2616 5890 relinquant,
2651 5817 2821 5888 legem
2867 5817 3064 5872 habent
3089 5829 3191 5886 pro
3233 5823 3421 5870 catena
3445 5851 3459 5877 ,
