4006 6418
475 369 583 426 219

483 499 544 540 se
566 492 973 555 persequentem
1019 491 1074 536 ct
1109 481 1354 536 adulterii
1395 490 1730 534 accusantem
1753 523 1768 546 ,
1801 495 2062 535 accusan-

480 586 586 630 tem
629 578 788 631 etiam
829 590 980 641 eum,
1011 574 1099 643 qui
1145 573 1387 637 duxerit,
1433 588 1495 626 ac
1537 573 1800 628 dicentem
1833 591 1844 626 :
1879 573 2066 627 Adhuc

479 677 722 736 superest
764 666 1018 728 maritus,
1075 673 1129 719 et
1182 665 1384 718 facinus
1437 666 1538 719 hoc
1592 664 1910 718 adulterium
1962 674 2065 718 est.

484 761 669 814 Mulier
712 759 842 812 euint
886 757 1128 810 adstricta
1163 767 1235 810 est
1283 756 1409 827 legi,
1438 757 1606 826 quoad
1646 757 1825 811 vixerit
1859 757 2069 810 maritus

481 851 634 904 illius.
668 847 737 902 Et
757 832 918 902 omnis
934 849 1020 919 qui
1044 847 1302 902 dimissam
1318 848 1541 913 duxerit,
1562 849 1838 901 moechatur
1855 847 2066 920 (Matth.

479 944 533 997 5.
571 941 692 1013 52).
739 942 964 1011 Quando
1008 941 1166 1011 igitur
1205 940 1384 995 licebit
1435 939 1508 993 illi
1545 939 1808 994 secundas
1857 940 2070 1008 nuptias

479 1032 837 1088 contrahere?
865 1030 1113 1100 Quando?
1141 1030 1286 1084 Tunc
1315 1031 1402 1084 ubi
1432 1045 1460 1083 a
1489 1040 1674 1084 catena
1703 1029 1924 1084 liberata
1953 1030 2069 1083 fue.

480 1126 545 1178 rit
571 1165 588 1189 ,
618 1124 834 1194 quando
862 1125 945 1178 vir
997 1124 1274 1176 morietur.
1307 1122 1420 1176 Hoc
1453 1122 1609 1192 igitur
1655 1122 1934 1177 declarans
1964 1139 2071 1176 non

481 1214 702 1279 addidit,
732 1214 886 1283 Quod
935 1215 976 1268 si
1023 1223 1266 1268 mortuus
1299 1212 1454 1267 fuerit
1489 1213 1570 1266 vir
1597 1213 1763 1277 illius,
1797 1213 1961 1266 libera
1989 1222 2074 1266 est

480 1307 565 1360 cui
597 1307 824 1362 voluerit
847 1307 1048 1362 nubere
1075 1325 1088 1362 :
1117 1307 1235 1373 sed,
1261 1307 1324 1362 Si
1351 1316 1518 1360 autem
1537 1307 1794 1361 dormierit
1819 1309 1890 1360 vir
1914 1307 2068 1371 illius,

480 1401 629 1470 quasi
661 1400 947 1455 consolans
974 1400 1185 1454 viduam
1211 1444 1224 1466 ,
1259 1410 1311 1454 et
1339 1400 1667 1469 persuadens
1694 1415 1911 1453 manere
1934 1399 2072 1468 apud

486 1494 718 1560 priorem
743 1532 756 1554 ,
784 1501 838 1546 et
883 1507 987 1545 non
1014 1491 1308 1561 adjungerc
1329 1490 1622 1546 secundum
1653 1492 1922 1546 maritum.
1956 1490 2074 1544 Non

483 1593 726 1638 mortuus
751 1593 832 1638 est
857 1626 872 1650 ,
897 1585 1096 1653 inquit,
1125 1583 1206 1637 vir
1235 1595 1356 1637 tuus
1381 1624 1395 1648 ,
1421 1583 1514 1637 sed
1563 1581 1906 1636 obdormivit.
1947 1581 2075 1648 Quis

484 1675 839 1730 dormientem
869 1690 976 1729 non
1006 1675 1366 1743 prazstolatur?
1390 1675 1678 1741 Pr0pterea
1709 1674 1862 1739 dixit,
1897 1672 1953 1728 Si
1985 1690 2078 1725 an-

486 1778 583 1819 tem
609 1765 886 1830 dormierit,
917 1766 1072 1819 libera
1097 1775 1168 1819 est
1195 1766 1275 1817 cui
1305 1764 1518 1818 voluerit
1545 1764 1747 1818 nubere.
1777 1764 1891 1818 Non
1919 1764 2071 1828 dixit,

485 1856 698 1923 Nubat,
735 1865 788 1910 ut
820 1873 886 1910 ne
928 1855 1170 1910 videatur
1197 1856 1302 1910 vim
1337 1855 1512 1910 facere
1560 1867 1614 1911 et
1641 1871 1834 1926 Cogere
1861 1873 1874 1909 :
1905 1869 2078 1923 neque

489 1948 764 2017 prohibuit
786 1947 1054 2002 volentem
1076 1947 1336 2002 secundas
1367 1949 1576 2016 nuptias
1603 1947 1923 2003 contrahere
1947 1965 1960 2001 :
1985 1963 2080 2001 ne-

487 2056 590 2110 que
613 2039 876 2094 uolentem
901 2039 1212 2093 adhortatus
1241 2048 1342 2104 est,
1361 2039 1456 2095 sed
1480 2039 1649 2110 legem
1672 2041 1817 2110 legit,
1846 2040 2027 2095 dicens
2059 2056 2075 2096 :

488 2132 670 2185 Libera
719 2140 791 2185 est
831 2131 912 2184 cui
956 2132 1166 2185 voluerit
1202 2132 1402 2186 nubere.
1437 2131 1683 2187 Liberam
1727 2141 1904 2187 autem
1934 2133 2078 2186 illam

488 2233 610 2293 post
639 2223 733 2278 viri
774 2233 998 2277 mortem
1031 2237 1151 2277 esse
1195 2222 1383 2278 factam
1416 2224 1632 2290 dicens,
1665 2225 1934 2289 ostendit,
1967 2241 2080 2279 ser-

490 2334 608 2372 vam
639 2333 754 2373 eam
787 2326 943 2373 antea
970 2323 1144 2378 adhuc
1170 2323 1380 2376 vivente
1408 2319 1599 2373 marito
1627 2319 1809 2382 fuisse;
1839 2333 1957 2387 qure
1988 2333 2080 2371 au-

491 2419 599 2466 tem
623 2427 775 2466 serva
797 2422 899 2474 est,
921 2429 983 2468 ac
1006 2415 1216 2469 subdita
1234 2413 1362 2484 legi,
1391 2411 1597 2466 etiamsi
1627 2411 1819 2465 millies
1842 2409 2080 2465 libellum

489 2501 694 2569 repudii
726 2505 973 2572 accipiat,
1000 2504 1244 2559 adulterii
1290 2503 1542 2572 ligabitur
1571 2501 1707 2570 lege.
1753 2500 1886 2554 Nam
1913 2499 2082 2554 servis

488 2595 702 2665 quidem
735 2595 856 2650 licet
885 2605 1094 2651 mutare
1132 2596 1380 2650 dominos
1409 2595 1679 2657 viventes,
1708 2592 1859 2646 uxori
1903 2599 2081 2644 autem

491 2703 596 2741 non
642 2687 822 2742 licebit
861 2689 1008 2742 viros
1047 2697 1409 2751 commutare,
1443 2685 1654 2739 vivente
1684 2697 1782 2736 suo
1810 2699 1824 2734 :
1858 2696 1979 2734 nam
2030 2679 2082 2734 id

489 2779 806 2833 adulterium
836 2788 1002 2834 esset.
1047 2778 1124 2834 Ne
1154 2779 1283 2832 mihi
1315 2779 1460 2846 leges
1505 2776 1572 2830 ab
1599 2775 1800 2830 exteris
1839 2771 2084 2826 conditas

490 2871 656 2940 legas.
685 2870 1055 2939 prmcipientes
1097 2869 1210 2923 dari
1262 2867 1499 2922 libellum
1533 2865 1773 2934 repudii,
1804 2871 1858 2918 ct
1881 2862 2082 2918 divelli.

491 2961 674 3031 Neque
699 2962 841 3016 enim
873 2960 1022 3029 juxta
1051 2959 1168 3014 illas
1192 2959 1525 3029 judicaturus
1563 2965 1644 3011 est
1675 2965 1728 3011 te
1755 2956 1897 3010 Deus
1920 2955 1971 3008 in
1997 2953 2084 3008 die

493 3053 602 3115 illa,
631 3052 724 3106 sed
756 3050 1048 3105 secundum
1076 3065 1165 3104 cas
1186 3091 1202 3114 ,
1233 3064 1364 3118 quas
1387 3049 1500 3116 ipse
1535 3046 1738 3100 statuit.
1785 3045 1958 3100 Etiam
1987 3060 2088 3099 ex-

495 3154 662 3199 terna:
689 3144 835 3213 leges
863 3158 972 3196 non
999 3141 1333 3211 simpliciter,
1368 3154 1465 3194 nec
1493 3138 1737 3193 absolute
1763 3137 1863 3192 hoc
1889 3151 2083 3208 posue-

499 3245 626 3291 runt
656 3253 669 3289 :
702 3250 822 3288 nam
863 3242 916 3288 et
966 3233 1096 3301 ipsa:
1126 3231 1352 3302 puniunt
1381 3229 1576 3285 factum
1597 3272 1612 3296 ,
1642 3239 1695 3284 et
1725 3228 1849 3283 hinc
1889 3227 2083 3295 liquet,

498 3341 591 3382 eas
614 3335 889 3396 peccatum
921 3323 1073 3378 valde
1093 3337 1235 3392 aegre
1261 3321 1465 3376 tulisse.
1497 3319 1647 3376 Unde
1671 3333 1788 3374 eam
1807 3359 1822 3382 ,
1848 3333 1967 3388 quae
1988 3333 2087 3370 au-

493 3427 611 3474 ctor
639 3415 798 3472 fuerit
827 3413 1071 3484 repudii,
1097 3413 1293 3468 nudam
1321 3421 1376 3468 et
1421 3411 1702 3481 spoliatam
1751 3408 2089 3464 facultatibus

494 3510 736 3580 ejiciunt,
768 3519 821 3562 et
849 3522 973 3562 eum
999 3521 1028 3560 a
1073 3522 1178 3576 quo
1205 3505 1326 3560 data
1357 3503 1516 3559 fuerit
1544 3501 1912 3558 dissolutionis
1935 3513 2090 3554 oeca-

496 3604 616 3667 sio,
647 3602 809 3656 etiam
864 3600 1171 3654 facultatum
1195 3597 1402 3668 jactura
1445 3595 1706 3666 puniunt,
1733 3603 1787 3649 et
1830 3606 1959 3647 sane
1988 3591 2091 3645 hoc

498 3692 775 3758 facientes,
803 3691 1000 3746 factum
1028 3690 1153 3746 illud
1178 3705 1282 3744 non
1312 3686 1778 3744 commendabant.

568 3785 624 3840 2.
651 3785 786 3853 Quid
819 3785 1003 3855 igitur?
1032 3785 1095 3839 Et
1121 3782 1329 3847 Moses,
1357 3783 1544 3848 aiunt,
1579 3779 1682 3835 hoc
1708 3780 1832 3833 fecit
1863 3793 1877 3829 :
1908 3785 1961 3830 et
2003 3775 2092 3832 ille

500 3887 722 3948 propter
763 3876 1007 3933 eamdem
1049 3875 1218 3945 ipsam
1248 3889 1488 3929 causam.
1517 3870 1599 3926 Tu
1627 3885 1757 3924 vero
1787 3867 1910 3923 audi
1933 3866 2092 3921 Chri-

497 3981 642 4024 stum
686 3968 953 4024 dicentem
979 4008 994 4033 ,
1027 3965 1148 4020 Nisi
1189 3964 1520 4019 abundaverit
1538 3961 1746 4034 justitia
1784 3969 1946 4014 uestra
1977 3958 2094 4028 plus

501 4077 654 4130 quant
681 4059 978 4114 Scribarum
1000 4067 1047 4111 et
1071 4057 1454 4110 Pharisaeorum
1473 4096 1488 4123 ,
1521 4071 1622 4108 non
1653 4052 1903 4106 intrabitis
1931 4052 1986 4104 in
2013 4065 2094 4102 reo

505 4167 656 4221 gnum
673 4151 911 4204 calorum
930 4148 1142 4217 (Matth.
1168 4149 1220 4204 5.
1242 4148 1358 4216 20).
1376 4145 1510 4201 Audi
1539 4145 1688 4200 illutn
1707 4158 1892 4199 rursus
1908 4143 2095 4198 dicen-

507 4254 614 4297 tem
645 4258 658 4294 :
691 4241 789 4308 Qui
816 4239 1061 4292 dimiserit
1089 4255 1297 4292 uxorem
1321 4253 1463 4292 suam
1481 4277 1496 4303 ,
1525 4244 1731 4307 excepta
1770 4251 1925 4288 causa
1950 4232 2100 4286 adul-

507 4335 619 4388 terii
640 4375 655 4399 ,
691 4333 813 4405 facit
863 4332 1008 4386 illaut
1049 4331 1335 4384 adulteram
1376 4329 1487 4399 fieri
1517 4343 1535 4380 :
1563 4339 1610 4381 et
1638 4327 1725 4398 qui
1757 4326 2016 4380 dimissam
2045 4325 2099 4378 iu

505 4443 716 4482 uxorem
757 4425 991 4492 duxerit,
1033 4424 1232 4478 adulter
1259 4423 1314 4492 t
1345 4420 1558 4494 (Matth.
1601 4419 1655 4476 5.
1707 4417 1819 4485 32).
1873 4418 2099 4488 Propter

507 4521 609 4574 hoc
653 4518 802 4576 venit
847 4518 1154 4587 unigenitus
1182 4515 1350 4571 Filius
1391 4514 1482 4568 Dei
1509 4556 1524 4580 ,
1565 4523 1783 4583 propter
1831 4513 1932 4566 hoc
1957 4510 2098 4565 servi

511 4612 734 4666 formam
752 4611 1060 4680 assumpsit,
1081 4618 1296 4679 propter
1320 4607 1421 4661 hoc
1441 4605 1752 4676 sanguinem
1771 4603 1951 4658 effudit
1983 4617 2103 4672 pre-

510 4704 738 4767 tiosum,
766 4712 995 4760 mortem
1029 4701 1324 4766 destruxit,
1354 4707 1634 4771 peccatum
1683 4697 1967 4760 exstinxit,
1996 4695 2103 4749 lar-

510 4794 714 4863 giorem
731 4791 961 4861 Spiritus
988 4793 1210 4861 gratiam
1238 4791 1401 4854 dedit,
1437 4798 1494 4844 ut
1519 4789 1584 4844 ad
1608 4788 1777 4857 majus
1811 4798 1861 4843 te
1890 4787 2105 4857 sapien-

513 4885 602 4939 tia:
643 4883 877 4939 studium
925 4884 1218 4938 induceret.
1253 4883 1399 4937 Alias
1450 4881 1609 4935 etiam
1659 4880 1833 4935 Moses
1878 4895 1986 4934 non
2033 4879 2102 4932 ita

516 4974 828 5044 simpliciter
855 4975 1027 5044 legem
1055 4973 1192 5028 hanc
1215 4973 1365 5040 tulit,
1397 4972 1492 5028 sed
1519 4987 1640 5026 cum
1668 4980 1951 5041 cogeretur
1981 4985 2102 5024 sese

515 5075 873 5134 attemperare
917 5080 1101 5119 eorum
1145 5064 1336 5134 quibus
1380 5064 1547 5133 legem
1574 5061 1754 5128 dabat,
1786 5059 2100 5115 inrmitati.

517 5158 651 5213 Nam
681 5158 932 5226 quoniam
963 5156 1028 5210 ad
1058 5155 1230 5211 caedes
1256 5155 1488 5226 prompti
1517 5163 1689 5221 erant,
1717 5161 1771 5208 et
1795 5152 1984 5208 domos
2010 5166 2103 5206 co-

513 5259 676 5320 gnato
699 5247 981 5318 replebant
1007 5247 1264 5317 sanguine
1283 5290 1300 5314 ,
1331 5257 1386 5301 et
1411 5261 1585 5316 neque
1611 5246 1744 5311 suis,
1775 5259 1950 5314 neque
1975 5243 2106 5298 alie-

517 5341 600 5395 nis
642 5340 965 5409 parcebant,
995 5353 1062 5394 ne
1094 5339 1235 5393 intus
1277 5339 1586 5394 occiderent
1617 5351 1811 5392 uxores
1834 5378 1850 5403 ,
1878 5351 1997 5405 quae
2020 5336 2104 5388 in-

515 5441 680 5501 gratae
708 5441 861 5487 erant
883 5471 899 5495 ,
933 5431 1184 5501 prazcepit
1226 5431 1368 5486 foras
1392 5428 1714 5494 mittendas,
1744 5443 1852 5499 quo
1894 5428 2106 5497 gravius

522 5523 749 5585 malum,
807 5538 1001 5593 nempe
1057 5523 1464 5578 homicidiorum
1525 5520 1749 5574 facilitas
1803 5518 2102 5574 tolleretur.

520 5613 663 5668 Sane
681 5612 822 5684 quod
845 5614 1122 5669 homicidae.
1143 5615 1357 5680 fuerint,
1380 5612 1502 5668 audi
1529 5609 1816 5682 prepbetas
1832 5611 2106 5667 dicentes:

524 5702 868 5773 dificautes
899 5705 1026 5760 Sion
1054 5706 1108 5758 in
1144 5706 1409 5776 sanguine,
1438 5714 1484 5759 et
1511 5702 1798 5758 Jerusalem
1829 5702 1879 5757 in
1901 5702 2092 5773 injusti-

522 5795 602 5848 tiis
645 5794 828 5868 (Mich.
872 5797 923 5852 5.
983 5795 1111 5866 10);
1144 5806 1197 5852 et
1235 5799 1427 5853 iterum
1461 5816 1475 5852 :
1505 5795 1820 5866 Sanguinem
1860 5793 2100 5865 sanguini

1224 366 1280 421 S.
1320 365 1595 421 JOANNIS
1622 363 2093 420 CilRYSOSTOMI
2133 365 2451 422 ARCIIIEP.
2489 370 3021 431 CONSTANTINOP.

2181 482 2389 534 miscent
2412 482 2562 550 (Osee
2611 486 2663 538 4.
2691 485 2768 556 2);
2801 497 2855 542 et
2885 489 3106 544 iterum:
3126 489 3315 547 Manus
3335 503 3512 550 vestra
3524 501 3782 568 sanguine

2180 573 2337 625 olente
2373 573 2524 643 (lsai
2570 577 2620 629 l.
2654 579 2780 645 15).
2816 577 2881 632 Et
2909 580 3051 649 quod
3092 596 3196 635 non
3219 583 3390 637 solum
3417 597 3601 641 contra
3629 590 3779 643 alie-

2178 681 2314 730 nos,
2372 665 2463 718 scd
2515 667 2676 720 etiam
2731 679 2916 724 contra
2960 687 3088 726 suos
3135 675 3442 742 smvierint,
3474 677 3542 732 ita
3588 681 3781 733 mani-

2178 754 2376 808 festans
2421 759 2676 826 propheta
2734 758 2946 814 dicebat
2989 781 3002 816 :
3041 759 3430 819 Intmolauerunt
3479 769 3614 837 lios
3649 787 3780 824 suos

2177 856 2221 899 et
2263 846 2399 914 lias
2450 864 2569 901 suas
2611 848 2876 905 daunoniis
2906 850 3078 923 (Psal.
3119 854 3243 910 105.
3297 858 3410 927 37).
3440 858 3537 924 Qui
3585 872 3776 916 autem

2178 951 2282 990 non
2316 939 2604 1006 parcebant
2649 940 2863 1006 liberis,
2897 943 3078 1014 utique
3127 961 3226 1000 nec
3266 949 3518 1004 uxoribus
3567 966 3775 1023 peper-

2177 1029 2396 1084 cissent.
2433 1030 2500 1086 Ut
2543 1047 2612 1086 ne
2658 1033 2836 1102 itaque
2866 1033 2968 1089 hoc
2992 1036 3299 1105 accideret,
3329 1039 3457 1094 illud
3504 1045 3769 1111 permisit.

2251 1118 2605 1187 Inseparabile
2647 1124 3026 1184 matrimonium
3051 1126 3115 1180 ab
3148 1128 3314 1182 initio.
3433 1129 3777 1201 Quapropter

2178 1220 2234 1266 et
2265 1211 2511 1266 Christus
2559 1211 2760 1268 Judaeis
2790 1216 3118 1284 rogantibus,
3162 1229 3217 1274 et
3260 1219 3556 1277 dicentibus
3588 1241 3602 1276 :
3630 1222 3779 1288 Quo-

2179 1301 2330 1356 modo
2401 1305 2558 1374 igitur
2608 1303 2779 1360 Moses
2851 1310 3080 1376 permisit
3125 1309 3247 1364 dare
3296 1312 3518 1367 Iibelluut
3569 1316 3777 1384 repudii

2185 1392 2394 1457 (Matth.
2427 1395 2511 1450 19.
2537 1395 2626 1466 7)?
2661 1397 2949 1452 Ostendens
2977 1400 3119 1468 quod
3167 1417 3271 1455 non
3301 1405 3619 1458 contrariam
3655 1421 3778 1460 sua:

2181 1484 2350 1553 legem
2376 1484 2551 1540 ferens
2592 1488 2662 1540 ita
2707 1489 3002 1560 scripserit,
3035 1490 3176 1546 dixit
3208 1511 3222 1546 :
3251 1493 3416 1548 Moses
3450 1496 3599 1566 juxta
3626 1497 3781 1550 duri-

2181 1575 2301 1627 tiam
2328 1577 2494 1630 cordis
2517 1579 2664 1631 vestri
2686 1577 2924 1648 loquutus
2949 1592 3056 1647 est,
3085 1582 3145 1635 ab
3167 1584 3310 1637 initio
3338 1595 3504 1638 autem
3539 1603 3638 1640 non
3664 1597 3781 1641 erat

2181 1666 2254 1718 sic
2281 1664 2442 1738 (Ibid.
2467 1684 2512 1724 .
2543 1668 2597 1739 8)
2666 1670 2753 1723 sed
2779 1672 2865 1740 qui
2886 1672 3006 1740 fecit
3031 1672 3092 1726 ab
3123 1673 3290 1741 initio,
3318 1678 3595 1730 masculum
3621 1690 3667 1731 et
3697 1683 3782 1750 fe-

2183 1759 2372 1812 minam
2398 1759 2514 1828 fecit
2541 1761 2657 1816 illos
2689 1761 2796 1834 (Ib.
2819 1779 2867 1816 .
2892 1765 2968 1832 4).
2998 1765 3054 1819 Si
3085 1765 3187 1821 hoc
3214 1767 3412 1822 bonum
3448 1768 3653 1835 fuisset,
3687 1773 3778 1826 in-

2182 1852 2316 1921 quit,
2346 1867 2451 1908 non
2499 1871 2662 1909 unum
2698 1856 2872 1910 virum
2915 1865 2970 1913 et
2999 1874 3158 1912 unam
3204 1862 3482 1916 mulierem
3508 1862 3729 1920 fecisset
3758 1906 3775 1929 ,

2184 1946 2279 2000 sed
2327 1961 2433 2001 uno
2471 1947 2641 2001 Adam
2688 1949 2904 2003 condito
2948 1949 3083 2005 duas
3131 1951 3344 2007 fecisset
3399 1954 3683 2020 mulieres,
3728 1957 3779 2010 si

2185 2035 2398 2105 quidem
2445 2036 2705 2091 voluisset
2747 2054 2906 2093 unam
2939 2040 3153 2110 quidem
3185 2042 3305 2110 ejici
3329 2083 3344 2108 ,
3395 2043 3616 2098 alteram
3644 2059 3780 2098 vero

2189 2127 2403 2192 induci;
2439 2142 2578 2182 nunc
2605 2143 2735 2183 vero
2757 2129 2874 2198 ipso
2911 2129 3245 2185 formationis
3295 2133 3456 2187 modo
3486 2133 3656 2202 legem
3692 2134 3782 2188 in-

2184 2219 2355 2284 duxit,
2388 2235 2546 2288 quam
2575 2234 2676 2289 ego
2721 2235 2863 2274 nunc
2911 2222 3111 2276 scribo.
3159 2221 3226 2276 Et
3265 2239 3508 2292 quaenam
3533 2234 3618 2278 est
3649 2225 3785 2279 illa?

2186 2309 2311 2365 llaec
2338 2310 2549 2380 utique,
2591 2311 2718 2365 Eam
2749 2311 2850 2365 sibi
2893 2313 3118 2382 quisque
3147 2329 3368 2368 uxorem
3425 2325 3602 2369 servet
3630 2331 3782 2370 sem-

2187 2417 2302 2470 per,
2332 2417 2490 2471 quam
2547 2403 2696 2457 initio
2748 2404 2969 2458 sortitus
3021 2413 3122 2458 est.
3173 2405 3298 2460 llzec
3348 2406 3430 2460 lex
3486 2407 3780 2477 antiquior,

2187 2509 2345 2564 quam
2375 2495 2462 2548 illa
2509 2494 2576 2548 de
2607 2495 2788 2550 libello
2818 2497 3045 2567 repudii,
3076 2506 3129 2552 et
3172 2507 3339 2560 tanto.
3369 2508 3568 2570 quanto
3607 2501 3780 2554 Adam

2188 2585 2306 2655 ipso
2335 2586 2501 2642 Mose.
2550 2588 2615 2642 Et
2645 2588 2844 2644 idcirco
2875 2605 3016 2644 nunc
3045 2590 3176 2644 nihil
3207 2607 3405 2646 novum
3447 2602 3645 2655 sector,
3677 2607 3776 2646 ne-

2187 2691 2292 2745 que
2333 2679 2609 2748 peregrina
2651 2679 2816 2734 affero
2860 2679 3074 2736 decreta
3101 2723 3115 2746 ,
3147 2682 3240 2735 sed
3285 2683 3431 2738 Mose
3480 2684 3781 2754 antiquiora

2188 2776 2242 2822 et
2271 2769 2468 2837 priora.
2499 2768 2690 2840 Operae.
2743 2780 2921 2826 autem
2963 2772 3190 2841 pretium
3240 2771 3397 2827 fuerit
3434 2783 3490 2828 et
3515 2774 3673 2828 Mosis
3701 2775 3782 2829 le-

2187 2873 2307 2929 gem
2340 2859 2504 2925 illam,
2533 2876 2690 2930 quam
2721 2860 2788 2916 de
2834 2861 2933 2916 hac
2960 2877 3018 2917 re
3051 2863 3266 2932 posuit,
3299 2865 3522 2918 audire:
3548 2863 3779 2935 Siquis,

2191 2950 2398 3020 inquit,
2430 2953 2676 3020 acceperit
2734 2968 2939 3006 ua'orem
2965 2994 2980 3017 ,
3021 2963 3067 3006 et
3105 2953 3399 3007 habitaverit
3441 2971 3554 3007 cum
3598 2956 3713 3015 illa;
3739 2964 3784 3008 et

2190 3042 2306 3108 erit,
2334 3041 2378 3094 si
2399 3057 2498 3094 non
2519 3041 2758 3095 inuenerit
2791 3043 3006 3112 gratiam
3028 3059 3199 3095 corant
3226 3042 3316 3095 illo
3335 3083 3352 3106 ,
3380 3044 3500 3114 quia
3524 3045 3713 3096 invenit
3732 3046 3786 3097 in

2190 3132 2282 3185 illa
2334 3133 2664 3202 turpitudinis
2692 3150 2837 3200 rem,
2869 3133 3050 3188 scribet
3094 3135 3174 3188 illi
3211 3135 3433 3189 libellum
3473 3136 3676 3204 repudii
3696 3179 3709 3198 ,
3738 3146 3788 3190 et

2191 3223 2329 3277 dabit
2372 3225 2425 3277 in
2467 3241 2648 3278 manus
2696 3225 3001 3296 ejus(Deut.
3027 3224 3119 3279 24.
3153 3227 3232 3293 1).
3261 3225 3412 3289 Vide,
3454 3241 3560 3280 non
3609 3227 3780 3290 dixit,

2191 3312 2421 3369 Scribito
2451 3322 2505 3369 ct
2533 3315 2680 3380 dato,
2707 3315 2798 3370 sed
2818 3315 2970 3386 quid?
2997 3315 3190 3370 Scribat
3213 3317 3290 3369 illi
3311 3317 3536 3370 libellum
3557 3318 3781 3386 repudii,

2193 3414 2239 3458 et
2277 3405 2416 3458 dabit
2460 3406 2513 3458 in
2539 3421 2720 3459 manus
2745 3408 2872 3478 ejus.
2923 3405 3167 3476 Magnum
3210 3415 3389 3461 autem
3434 3407 3575 3461 inter
3604 3407 3706 3461 hoc
3732 3417 3787 3461 et

2194 3494 2322 3550 illud
2350 3496 2637 3550 discrimen
2664 3514 2677 3550 :
2702 3511 2824 3551 nam
2872 3495 3084 3562 dicere,
3119 3495 3332 3551 Scribat
3353 3496 3589 3550 libellum
3619 3511 3784 3567 repu-

2193 3585 2289 3648 dii.
2317 3595 2372 3643 et
2395 3587 2489 3642 det
2516 3587 2567 3641 in
2588 3603 2776 3642 manus
2802 3587 2918 3657 ejus
2939 3628 2956 3653 ,
2982 3587 3220 3657 jubentis
3257 3601 3321 3642 ac
3342 3588 3654 3656 imperantis
3681 3600 3785 3652 est;

2197 3677 2375 3735 dicere
2400 3688 2598 3744 autem,
2631 3679 2826 3734 Scribet
2849 3678 3073 3733 libellum
3110 3679 3330 3750 repudii,
3361 3689 3406 3733 et
3434 3679 3573 3733 dabit
3593 3687 3646 3733 in
3673 3697 3788 3732 ma-

2198 3785 2294 3822 nus
2319 3771 2450 3840 ejus,
2470 3770 2839 3824 annuntiantis
2864 3770 3150 3835 factum,et
3179 3785 3284 3824 non
3313 3770 3581 3840 propriam
3610 3771 3788 3840 legem

2199 3863 2588 3917 introducentis
2624 3872 2724 3918 est.
2762 3862 2943 3933 Igitur,
2973 3862 3034 3917 Si
3053 3863 3184 3933 quis,
3211 3863 3321 3929 ait,
3344 3863 3512 3934 ejiciat
3531 3878 3748 3916 uxorem
3771 3901 3787 3925 ,

2199 3963 2244 4009 et
2268 3956 2488 4009 dimittat
2521 3956 2664 4009 illaut
2706 3971 2770 4010 ea:
2788 3954 2938 4008 domo
2965 3972 3056 4009 sua
3077 3971 3096 4008 :
3117 3965 3163 4009 et
3193 3971 3307 4009 cunt
3331 3955 3510 4010 abierit
3535 3997 3552 4023 ,
3574 3955 3620 4009 si
3638 3955 3791 4026 fuerit

2199 4048 2346 4101 alteri
2373 4047 2501 4112 viro,
2533 4057 2580 4100 et
2608 4047 2726 4100 odio
2749 4045 2892 4100 illaut
2913 4045 3143 4100 habuerit
3171 4047 3320 4099 etiam
3347 4045 3422 4099 uir
3451 4045 3723 4116 posterior,
3746 4052 3792 4097 et

2199 4139 2456 4210 scripserit
2501 4139 2581 4192 illi
2612 4138 2834 4193 libellum
2856 4138 3055 4208 repudii
3077 4180 3093 4201 ,
3117 4149 3162 4191 et
3185 4138 3376 4192 dederit
3399 4139 3451 4192 in
3475 4154 3657 4191 manus
3684 4138 3794 4207 ejus

2201 4239 2249 4284 et
2268 4230 2459 4284 emittat
2481 4229 2624 4283 illam
2649 4246 2710 4283 ea:
2726 4229 2875 4284 domo
2893 4245 2984 4283 sua
3003 4244 3022 4282 :
3045 4229 3088 4282 si
3112 4240 3338 4282 mortuus
3364 4229 3514 4300 fuerit
3534 4228 3674 4282 illius
3693 4229 3792 4290 uir,

2203 4323 2290 4391 qui
2318 4322 2510 4390 accepit
2529 4321 2624 4375 sibi
2642 4321 2784 4375 illam
2809 4337 3018 4375 uxorem
3044 4362 3056 4383 ,
3089 4337 3189 4374 non
3218 4320 3397 4389 poterit
3421 4320 3496 4373 rir
3523 4319 3686 4387 prior,
3708 4319 3796 4386 qui

2206 4412 2466 4465 dimiserat
2493 4412 2637 4464 illam
2655 4451 2670 4475 ,
2692 4391 2968 4475 reducere,
2997 4420 3044 4463 et
3073 4411 3299 4480 accipere
3333 4425 3442 4463 eam
3466 4409 3560 4462 sibi
3588 4412 3642 4462 in
3668 4424 3797 4462 uxo-

2204 4521 2311 4559 rem
2339 4504 2444 4574 (Ib.
2484 4521 2532 4558 .
2559 4503 2698 4576 2-4).
2738 4503 2939 4559 Deinde
2969 4512 3277 4557 monstrans
3317 4516 3376 4557 se
3423 4517 3527 4555 non
3575 4499 3796 4554 laudare

2207 4595 2422 4660 factum,
2449 4610 2623 4665 neque
2650 4593 2954 4664 conjugium
2987 4608 3106 4648 esse
3129 4603 3313 4664 putare
3333 4632 3348 4657 ,
3375 4591 3468 4645 sed
3501 4588 3795 4644 infirmitati

2207 4705 2393 4744 eorum
2417 4704 2537 4744 sese
2557 4697 2934 4756 attemperare,
2962 4695 3239 4754 postquam
3261 4684 3394 4738 dixit
3428 4701 3440 4736 :
3469 4681 3589 4736 Non
3611 4681 3798 4751 poterit

2208 4781 2284 4834 vir
2305 4781 2445 4850 prior
2468 4779 2697 4849 accipere
2730 4777 2874 4830 illaut
2897 4777 2992 4830 sibi
3015 4778 3067 4829 in
3110 4791 3353 4840 uxorem,
3375 4772 3576 4828 addidit
3600 4814 3616 4838 ,
3646 4771 3802 4825 Post-

2208 4888 2357 4942 quam
2381 4871 2578 4941 polluta
2599 4880 2669 4923 est
2689 4867 2795 4941 (Ib.
2824 4884 2871 4921 .
2897 4869 2952 4937 4)
2985 4885 2996 4919 :
3035 4866 3312 4920 declarans
3341 4879 3436 4933 per
3459 4862 3617 4931 hujus
3645 4861 3800 4916 verbi

2213 4963 2454 5028 modum,
2487 4959 2629 5032 quod
2659 4958 2908 5014 secunda:
2935 4957 3130 5026 nuptiae
3156 4997 3171 5022 ,
3204 4955 3410 5009 vivente
3435 4955 3616 5022 priore
3645 4953 3761 5005 viro
3781 4991 3797 5015 ,

2211 5053 2435 5124 pollutio
2489 5051 2658 5121 magis
2706 5050 2813 5104 sint
2863 5062 3022 5118 quam
3069 5045 3374 5114 conjugium
3406 5061 3419 5096 :
3446 5051 3663 5113 prapter
3697 5042 3798 5093 hoc

2214 5161 2320 5199 non
2349 5144 2517 5209 dixit,
2549 5144 2835 5211 Postquam
2861 5140 3004 5193 illam
3043 5138 3094 5191 in
3123 5151 3350 5190 uxorem
3375 5133 3606 5188 duxerit.
3636 5129 3800 5186 Vides

2211 5251 2370 5308 quam
2398 5247 2631 5289 consona
2659 5247 2779 5287 cum
2806 5228 3020 5284 Christo
3062 5225 3333 5296 loquatur?
3357 5222 3560 5277 Deinde
3590 5233 3643 5275 et
3673 5235 3798 5275 can.

2210 5344 2324 5384 sam
2356 5328 2642 5397 apposuit,
2672 5321 2823 5386 Quod
2843 5319 3148 5375 abominatio
3184 5317 3248 5371 sit
3275 5332 3447 5369 coram
3473 5314 3582 5368 Deo
3605 5311 3714 5386 (Ib.
3748 5329 3797 5364 .

2212 5422 2290 5490 4).
2316 5420 2384 5474 Et
2413 5419 2584 5472 Moses
2610 5415 2826 5486 quidem
2853 5415 2931 5467 sic
2959 5429 2976 5469 :
3007 5410 3261 5480 prepheta
3294 5416 3468 5462 autem
3516 5405 3805 5460 Malacltias

2213 5511 2381 5566 multo
2407 5506 2760 5565 manifestius.
2781 5517 2941 5574 quam
2971 5501 3162 5562 Moses,
3188 5497 3290 5552 hoc
3311 5496 3667 5558 demonstrat;
3697 5492 3806 5547 imo

2214 5605 2390 5677 potius
2419 5616 2527 5657 non
2552 5597 2874 5659 Malacliias,
2908 5592 3002 5648 sed
3034 5592 3173 5647 Deus
3199 5604 3293 5658 per
3332 5585 3644 5642 Malacbiam
3668 5626 3683 5649 ,
3722 5583 3809 5637 bis

2214 5695 2413 5752 verbis.
2447 5690 2711 5762 Numquid
2735 5688 2944 5758 dignum
2982 5683 3231 5752 respicere
3270 5679 3338 5732 ad
3366 5678 3676 5745 sacricium
3715 5691 3806 5728 re-

2217 5798 2374 5844 strnm
2398 5786 2516 5841 1ch
2536 5785 2757 5855 recipere
2784 5776 3092 5850 acceptabile
3117 5775 3179 5830 de
3206 5771 3438 5828 manibus
3464 5770 3642 5824 uestris
3668 5766 3807 5839 (Mu-
