4006 6414
316 331 433 390 219

319 445 590 508 ἁλύσεως,
625 444 1027 517 κατηγοροῦντα
1062 442 1336 515 μοιχείαν,
1369 438 1772 512 κατηγοροῦντα
1791 438 1899 490 τῶν

325 527 731 600 λαμϐανόντων,
757 530 851 580 καὶ
874 528 1097 596 λέγοντα
1115 544 1129 557 ·
1157 525 1440 598 Περίεστιν
1463 528 1492 579 6
1515 525 1651 596 ἀνὴρ
1684 524 1785 582 ἔτι,
1809 520 1904 575 καὶ

321 613 547 682 μοιχεία
573 612 633 665 τὸ
659 612 939 682 γινόμενόν
972 614 1089 663 ὲστι
1134 609 1303 677 Γυνὴ
1335 610 1446 678 γὰρ
1465 607 1694 662 δέδεται
1720 608 1900 675 νόμῳ,

317 696 419 762 ἐφ’
465 694 618 748 ὅσον
660 695 882 763 χρόνον
921 692 990 761 ζῇ
1021 695 1055 747 ὁ
1099 692 1254 761 ἀνὴρ
1296 690 1507 759 αὐτῆς.
1559 689 1669 744 Καὶ
1706 687 1825 753 πᾶς
1871 689 1904 739 6

318 779 790 848 ἀπολελυμένην
818 776 1022 847 γαμῶν
1050 774 1347 846 μοιχᾶται.
1388 773 1498 827 Καὶ
1531 773 1683 833 πότε,
1716 770 1901 841 φησὶν,

321 860 541 927 ἐξέσται
599 861 736 932 αὐτῇ
801 861 1075 929 δευτέροις
1128 859 1385 934 ᾴμιλῆσαι
1434 857 1633 927 γάμοις
1670 872 1687 920 ;
1718 855 1901 919 Πότε;

324 944 501 996 ’Ὁταν
542 944 634 1012 τῆς
667 943 906 1006 ἁλύσεως
931 941 1238 1012 ἀπαλλαγῇ,
1268 942 1398 994 ὅταν
1430 941 1459 993 6
1485 940 1624 1010 ἀνὴρ
1651 936 1903 1007 τελευτή-

323 1042 419 1096 σῃ.
460 1025 631 1081 Τοῦτο
656 1025 787 1094 γοῦν
827 1026 1032 1096 δηλῶν,
1077 1026 1138 1079 οῦ
1173 1023 1543 1096 προσέθηκεν,
1576 1022 1656 1074 ὅτι
1681 1020 1790 1075 Εάν
1816 1036 1905 1072 τε-

320 1106 562 1180 λευτήσῃ
589 1111 618 1163 6
641 1108 777 1180 ἀνὴρ
810 1110 999 1178 αὐτῆς,
1022 1106 1277 1178 ἐλευθέρα
1308 1106 1455 1159 ἐστὶν
1477 1098 1521 1173 ᾧ
1545 1103 1689 1158 θέλει
1721 1117 1902 1172 γαμη-

323 1192 510 1261 θῆναι,
544 1192 678 1257 ἀλλ’,
725 1194 867 1248 Ἐὰν
916 1190 1192 1262 κοιμηθῇ,
1231 1188 1513 1260 μονονουχὶ
1554 1183 1905 1258 παραμυθού-

327 1289 493 1342 μενος
513 1274 610 1346 τὴν
641 1277 699 1328 ὲν
723 1275 937 1346 χηρείᾳ,
967 1273 1058 1327 καὶ
1104 1273 1305 1327 πείθων
1336 1272 1519 1343 μένειν
1542 1270 1635 1324 ἐπὶ
1663 1267 1741 1338 τῷ
1772 1283 1904 1337 προ-

322 1355 506 1428 τέρῳ,
550 1359 646 1412 καὶ
694 1359 770 1431 μὴ
818 1358 1067 1428 δεύτερον
1113 1358 1428 1424 εἰσαγαγεῖν
1477 1353 1730 1425 νυμφίον.
1790 1353 1905 1405 υῦκ

323 1439 651 1510 ὲτελεύτησέ
705 1458 799 1494 σου
839 1441 869 1492 6
895 1440 1067 1511 ἀνὴρ.
1097 1438 1233 1493 ἀλλά
1279 1436 1546 1491 καθεύδει.
1579 1436 1675 1499 Τίς
1707 1433 1904 1487 καθεύ-

324 1522 490 1575 δοντα
514 1524 614 1575 οὐκ
646 1525 938 1594 ἀναμένεις
971 1523 1070 1577 Διά
1094 1522 1249 1576 τοῦτό
1284 1538 1447 1590 φησιν
1510 1519 1654 1574 Ἐὰν
1679 1518 1746 1572 δὲ
1776 1535 1901 1572 κοι-

320 1605 519 1673 μηθῇ,
546 1607 832 1673 ἐλευθέρα
877 1607 1050 1660 ἐστὶν
1087 1598 1136 1671 ᾧ
1187 1604 1344 1659 θέλει
1400 1600 1732 1671 γαμηθῆναι
1764 1617 1777 1629 ·
1804 1601 1904 1653 οῦκ

325 1684 475 1749 εἶπε,
515 1687 821 1759 Γαμείσθω,
844 1686 927 1740 ἵνα
958 1686 1034 1758 μὴ
1075 1686 1201 1759 δόξῃ
1238 1686 1521 1756 βιάζεσθαι
1541 1686 1634 1737 καὶ
1664 1682 1904 1752 ἀναγκά⁹

326 1769 446 1833 ζειν
465 1787 480 1801 ·
512 1768 636 1822 οὔτε
674 1770 912 1823 ἐκώλυσε
942 1769 1267 1841 βουλομένην
1300 1769 1505 1839 ὁμιλεῖν
1533 1767 1768 1838 δευτέρῳ
1800 1766 1902 1833 γά-

330 1870 443 1923 μῳ,
472 1851 595 1905 οὔτε
620 1854 694 1924 μὴ
730 1853 986 1906 θέλουσαν
1030 1851 1420 1923 προετρέψατο,
1450 1850 1584 1904 ἀλλά
1617 1849 1709 1902 τὸν
1742 1849 1904 1918 νόμον

329 1936 544 2003 ἀνέγνω
580 1936 769 1998 εἰπὼν,
799 1934 1114 2002 Ἐλευθέρα
1164 1935 1338 1987 ἐστὶν
1363 1927 1412 2000 ᾧ
1442 1932 1600 1987 θέλει
1641 1930 1903 2002 γαμηθῆ-

323 2034 446 2072 ναι.
475 2019 788 2090 Ἐλευθέραν
812 2019 868 2071 δὲ
891 2018 1059 2089 αὐτὴν
1097 2016 1232 2086 μετά
1260 2016 1358 2086 τήν
1392 2015 1487 2069 τοῦ
1510 2015 1701 2086 ἀνδρὸς
1719 2015 1905 2068 τελευ-

322 2101 427 2172 τὴν
459 2101 785 2172 γεγενῆσθαι
814 2100 1009 2170 λέγων,
1041 2099 1238 2164 ἔδειξεν
1270 2100 1349 2153 ὅτι
1385 2099 1491 2169 πρὸ
1524 2097 1714 2151 τούτου
1743 2097 1903 2167 δούλη

320 2180 416 2254 ἦν,
441 2184 639 2247 ζῶντος
685 2183 892 2236 ἐκείνου
918 2199 932 2213 ο
962 2182 1122 2250 δούλη
1158 2182 1214 2235 δὲ
1260 2177 1396 2235 οὖσα
1435 2182 1530 2234 κα)⁸
1571 2181 1903 2252 ὑποκειμένη

321 2267 406 2337 τῷ
430 2267 598 2336 νόμῳ,
624 2265 725 2318 κᾶν
749 2265 1007 2336 μυριάκις
1042 2264 1244 2334 βιϐλίον
1270 2263 1601 2318 ἀποστασίου
1635 2263 1796 2333 λάϐῃ,
1827 2264 1904 2335 τῷ

321 2350 427 2420 τῆς
461 2350 706 2420 μοιχείας
746 2349 1025 2403 ἁλίσκεται
1069 2348 1237 2418 νόμῳ.
1270 2348 1521 2411 Οἰκέταις
1557 2346 1655 2417 μὲν
1680 2347 1789 2417 γὰρ
1820 2347 1905 2412 ἐξ-

324 2449 446 2485 εστι
478 2431 741 2495 δεσπότας
790 2431 1039 2502 ἀμείϐειν
1067 2431 1303 2495 ζῶντας·
1329 2431 1548 2499 γυναικὶ
1589 2430 1648 2481 δὲ
1679 2430 1780 2483 οὐκ
1815 2428 1905 2494 ἔξ-

323 2532 479 2567 εστιν
531 2515 729 2586 ἀνδρας
763 2514 1039 2585 ἀμείϐειν,
1076 2514 1278 2577 ζῶντος
1310 2513 1406 2565 τοῦ
1441 2512 1631 2583 ἀνδρός
1652 2527 1665 2541 ’
1700 2512 1823 2565 ἐπεὶ
1844 2512 1907 2565 τὸ

336 2600 571 2669 πρᾶγμα
608 2599 816 2669 μοιχεία
862 2597 998 2653 ὲστί.
1040 2598 1132 2669 Μὴ
1176 2597 1283 2668 γάρ
1333 2612 1422 2668 μοι
1457 2598 1583 2660 τοὺς
1610 2597 1761 2666 παρά
1792 2598 1905 2659 τοῖς

335 2680 537 2745 ἔξωθεν
574 2682 859 2752 κειμένους
890 2680 1086 2750 νόμους
1114 2679 1380 2748 ἀναγνῷς,
1410 2679 1538 2741 τοὺς
1585 2677 1906 2742 κελεύοντας

321 2763 527 2818 διδόναι
555 2764 759 2836 βιϐλίον
795 2763 1148 2828 ἀποστασίου,
1185 2763 1278 2816 καί
1307 2761 1658 2833 ἀφίστασθαι.
1688 2762 1764 2816 Οὐ
1796 2761 1907 2833 γὰρ

322 2848 392 2919 δὴ
439 2848 580 2902 κατά
616 2847 838 2911 τούτους
879 2864 961 2900 σοι
1016 2847 1198 2917 μέλλει
1248 2847 1456 2917 κρίνειν
1484 2845 1610 2909 τοὺς
1639 2845 1836 2918 νόμους
1877 2848 1905 2900 6

323 2931 457 2995 Θεὸς
482 2933 540 2985 ὲν
561 2935 626 3003 τῇ
661 2931 842 3004 ἡμέρα
866 2930 1067 3002 ἐκείνῃ,
1092 2929 1227 2983 ἀλλά
1262 2928 1384 2982 καθ’
1417 2927 1510 2995 οὒς
1534 2928 1695 2993 αὐτὸς
1717 2928 1899 3000 ἔθηκε.

330 3014 441 3067 Καὶ
464 3015 510 3066 οἱ
535 3014 641 3066 τῶν
669 3014 864 3080 ἔξωθεν
884 3014 942 3067 δὲ
958 3014 1112 3084 νόμοι
1136 3013 1235 3084 οὐχ
1258 3012 1462 3077 ἁπλῶς,
1481 3013 1601 3066 οὐδὲ
1633 3029 1905 3083 προηγου-

330 3097 507 3166 μένως
539 3096 697 3150 τοῦτο
716 3096 1041 3161 τεθείκασιν,
1076 3096 1209 3151 ἀλλά
1232 3098 1324 3149 καὶ
1357 3095 1512 3150 αὐτοὶ
1535 3096 1820 3161 κολάζουσι
1844 3096 1905 3149 τὸ

327 3182 559 3251 πρᾶγμα
584 3196 598 3209 ⁶
622 3179 761 3234 ὥστε
786 3182 878 3234 καὶ
895 3180 1119 3234 αὐτόθεν
1137 3179 1429 3249 δείκνυται,
1453 3181 1537 3233 ὅτι
1569 3178 1746 3250 ἀηδῶς
1769 3180 1906 3249 προς

324 3264 531 3332 ταύτην
553 3263 735 3333 ἔχουσι
776 3263 873 3333 τὴν
903 3262 1197 3334 ἁμαρτίαν.
1240 3262 1352 3330 Τὴν
1398 3260 1528 3330 γοῦν
1581 3262 1762 3314 αἰτίαν
1811 3263 1903 3314 τοῦ

324 3348 658 3402 ἀποστασίου
680 3347 969 3416 γινομένην
1005 3346 1219 3416 γυμνὴν
1250 3345 1345 3398 καὶ
1374 3344 1582 3415 ἔρημον
1606 3345 1905 3416 χρημάτων

324 3431 682 3492 ἐκϐάλλουσι,
722 3430 814 3483 καὶ
858 3430 979 3483 ὅθεν
1017 3430 1083 3482 ἂν
1133 3430 1358 3498 γένηται
1401 3428 1500 3498 τῆς
1536 3429 1832 3491 διαλύσεως
1870 3429 1903 3498 ή

325 3514 633 3584 πρόφασις,
671 3514 763 3566 καὶ
803 3515 869 3583 τῇ
911 3512 1083 3583 ζημίᾳ.
1131 3512 1230 3583 τῆς
1274 3511 1462 3574 οὐσίας
1514 3510 1699 3564 τοῦτον
1747 3510 1906 3563 κολά-

326 3594 511 3659 ζουσιν
530 3613 544 3626 ’
576 3596 676 3649 οὐκ
712 3593 777 3648 ἂν
804 3593 897 3648 οὖν
928 3595 1083 3648 τοῦτο
1110 3595 1428 3664 ποιήσαντες
1468 3593 1700 3664 ἐπῄνουν
1729 3594 1790 3646 τὸ
1820 3610 1906 3661 γι-

323 3678 568 3749 νόμενον.

403 3780 468 3851 β’.
490 3782 555 3834 Τί
578 3776 669 3834 οῦν
692 3782 786 3833 καὶ
809 3781 1046 3849 Μωῦσῆς
1065 3797 1081 3845 ;
1097 3780 1270 3835 Τοῦτο
1292 3780 1529 3852 ἔπραττε
1546 3782 1793 3846 κάκεῖνος
1817 3780 1906 3834 διά

321 3875 427 3945 τὴν
455 3875 624 3945 αὐτὴν
652 3874 851 3926 αἰτίαν.
868 3874 940 3925 Σὺ
965 3872 1021 3923 δὲ
1048 3873 1212 3925 ἀκουε
1242 3872 1336 3926 τοῦ
1366 3871 1601 3943 Χριστοῦ
1634 3872 1903 3941 λέγοντος,

322 3966 410 4019 ὅτι
444 3964 587 4017 Ἐὰν
594 3963 680 4033 μὴ
702 3963 1076 4031 περισσεύσῃ
1096 3964 1133 4031 ή
1154 3964 1506 4030 δικαιοσύνη
1530 3962 1699 4031 ὑμῶν
1716 3962 1907 4016 πλέον

322 4057 448 4113 τῶν
486 4057 871 4128 γραμματέων
920 4058 1019 4110 καί
1059 4057 1415 4124 Φαρισαίων,
1463 4058 1534 4111 οὐ
1566 4056 1653 4125 μὴ
1711 4056 1906 4110 εἰσέλ-

324 4151 472 4215 θητε
501 4151 586 4213 είς
623 4146 1078 4215 τὴνβασιλείαν
1108 4145 1228 4199 τῶν
1248 4144 1540 4215 οὐρανῶν.
1576 4147 1772 4199 ’Ἄκουε
1805 4147 1907 4199 αὐ-

323 4238 423 4291 τοῦ
459 4236 618 4292 πάλιν
647 4236 915 4304 λέγοντος,
967 4237 1029 4289 Ὀ
1065 4237 1351 4290 ἀπολύων
1374 4236 1489 4304 τὴν
1521 4236 1774 4307 γυναῖκα
1801 4238 1908 4291 αὐ-

325 4328 437 4382 τοῦ
458 4327 748 4396 παρεκτὸς
765 4327 951 4395 λόγου
973 4327 1275 4394 πορνείας,
1289 4327 1445 4380 ποιεῖ
1462 4327 1658 4398 αὐτὴν
1666 4345 1907 4397 μοιχευ-

326 4420 530 4488 θῆναι,
557 4419 654 4473 καί
685 4422 718 4472 6
738 4419 1205 4488 ἀπολελυμένην
1223 4417 1428 4488 γαμῶν
1437 4417 1734 4487 μοιχᾶται.
1755 4418 1904 4491 [205]

326 4511 431 4565 Διά
454 4510 610 4564 τοῦτο
634 4506 799 4581 ἦλθεν
817 4511 844 4562 6
869 4508 1161 4580 μονογενὴς
1188 4508 1314 4572 Υἱὸς
1333 4508 1427 4561 τοῦ
1452 4508 1610 4573 Θεοῦ,
1633 4510 1722 4564 διὰ
1750 4512 1908 4564 τοῦτο

325 4602 517 4655 δούλου
544 4601 757 4673 μορφὴν
777 4601 955 4658 ἔλαϐε.
983 4600 1071 4653 διά
1094 4600 1251 4653 τοῦτο
1272 4600 1333 4653 τὺ
1363 4595 1504 4670 αἷμα
1530 4600 1712 4671 ἐξέχεε
1744 4602 1806 4654 τὸ
1830 4604 1909 4655 τί-

331 4709 476 4764 μιον,
503 4692 594 4745 τὸν
646 4692 874 4745 θάνατον
907 4691 1200 4754 κατέλυσε,
1234 4690 1332 4761 τὴν
1380 4691 1653 4761 ἁμαρτίαν
1686 4690 1906 4754 ἔσϐεσε,

325 4781 722 4853 δαψιλεστέραν
762 4782 864 4852 τὴν
903 4779 998 4834 τοῦ
1045 4781 1362 4852 Πνεῦματος
1397 4781 1565 4834 ἔδωκε
1609 4781 1791 4853 χάριν,
1824 4782 1909 4835 ἵνα

328 4874 468 4943 πρὸς
496 4872 721 4943 μείζονά
750 4890 809 4926 σε
838 4872 1022 4945 ἀγάγῃ
1064 4873 1406 4944 φιλοσοφίαν.
1443 4873 1654 4937 ’Δλλως
1685 4873 1763 4938 δὲ,
1786 4874 1906 4926 οῦδὲ

324 4970 358 5021 6
388 4969 625 5037 Μωῦσῆς
668 4967 1096 5040 προηγουμένως
1136 4966 1293 5019 τοῦτο
1336 4965 1761 5037 ἐνομοθέτησεν,
1791 4964 1906 5018 ἀλλ’

326 5062 767 5132 ἀναγκαζόμενος
810 5060 1216 5129 συγκαταϐῆναι
1246 5062 1313 5130 τῇ
1357 5061 1464 5113 τῶν
1510 5058 1908 5129 νομοθετουμέ-

327 5168 438 5204 νων
481 5152 755 5222 ἀσθενείᾳ.
797 5151 1014 5221 Ἐπειδὴ
1052 5151 1163 5222 γὰρ
1202 5152 1338 5222 πρὸς
1365 5151 1562 5221 φόνους
1594 5146 1736 5222 ἦσαν
1768 5151 1909 5204 ἐτοι-

333 5260 454 5314 μοι.
488 5243 582 5296 καὶ
621 5242 959 5312 συγγενικῶν
992 5243 1240 5313 αἱμάτων
1261 5242 1361 5305 τὰς
1400 5242 1579 5304 οἰκίας
1612 5242 1906 5312 ἐπλήρουν,

327 5335 427 5388 καὶ
446 5334 567 5388 οῦτε
594 5336 701 5388 τῶν
725 5336 961 5398 οἰκείων,
989 5334 1113 5388 οὔτε
1135 5334 1246 5387 τῶν
1268 5333 1565 5405 ἀλλοτρίων
1610 5333 1903 5402 ἐφείδοντο·

326 5426 418 5481 tva
447 5428 519 5499 μὴ
542 5430 962 5497 κατασφάττωσι
984 5426 1081 5491 τὰς
1101 5428 1360 5494 γυναῖκας
1382 5425 1546 5490 ἔνδον,
1560 5424 1625 5488 ἀς
1644 5425 1709 5479 ἂν
1731 5425 1910 5492 ἀηδῶς

326 5518 554 5588 ἔχωσιν,
584 5518 870 5573 ἐκέλευσεν
899 5518 1175 5581 ἐκϐαλεῖν,
1221 5518 1406 5587 μεῖζον
1446 5517 1689 5588 ἀναιρῶν
1732 5517 1905 5572 κακὸν

322 5609 427 5681 τὴν
458 5611 586 5681 περὶ
630 5610 730 5675 τὰς
780 5610 996 5680 σφαγὰς
1036 5611 1303 5666 εὐκολίαν.
1342 5611 1464 5665 ’Ότι
1496 5611 1604 5681 γὰρ
1636 5610 1910 5682 μιαιφόνοι

321 5700 473 5765 τινὲς
510 5696 673 5773 ἦσαν,
696 5702 861 5756 ἄκουε
906 5702 1087 5755 αὐτῶν
1119 5703 1231 5756 τῶν
1269 5703 1567 5774 προφητῶν
1596 5702 1863 5771 λεγόντων
1892 5718 1906 5731 ο

326 5788 798 5858 οἰκοδομοῦντες
846 5789 998 5843 Σιὼν
1025 5790 1095 5843 έν
1120 5792 1351 5861 αἵματι,
1380 5792 1480 5845 καί
1516 5790 1907 5861 Ἰερουσαλὴμ

326 5883 387 5933 ἐν
414 5880 651 5945 ἀδικίαις
667 5897 680 5910 ·
697 5881 790 5932 καὶ
814 5880 996 5944 πάλιν,
1018 5864 1240 5949 Λῖξιατα
1263 5883 1354 5949 ἐφ’
1369 5881 1574 5951 αἵμασι
1592 5882 1902 5951 μίσγουσιν

656 5972 931 6035 Ριτιιοι..
977 5973 1096 6035 Gn.
1144 5977 1241 6037 LI.

1633 6108 1706 6221 ,ᾗ

1544 328 1632 385 DE
1665 329 1957 385 LIBI‘JJO
1997 328 2294 388 REI‘UDH.
2335 330 2394 386 ΙΙ.

3468 321 3576 377 220

2006 437 2099 489 καὶ
2123 438 2304 502 πάλιν,
2334 441 2403 493 Δί
2430 437 2621 508 χεῖρες
2650 439 2813 510 ὑμῶν
2857 438 3101 508 αἵματος
3148 435 3416 506 πλήρεις.
3459 438 3581 489 Ὅτι

2003 528 2059 580 δὲ
2087 529 2148 582 οὐ
2179 529 2321 583 κατὰ
2351 529 2460 582 τῶν
2477 530 2773 599 ἀλλοτρίων
2810 529 2988 599 μόνον,
3021 527 3157 581 ἀλλά
3186 529 3282 582 καὶ
3309 526 3451 581 κατά
3474 526 3585 580 τῶι⁸

2004 618 2219 671 οἰκείων
2239 619 2541 689 ἐμαίνοντο,
2567 620 2659 673 καὶ
2682 618 2843 672 τοῦτο
2862 618 3034 689 δηλῶν
3049 618 3078 670 6
3098 618 3386 692 Προφήτης
3407 616 3581 684 ἔλεγε·

2005 708 2113 762 Καὶ
2136 709 2364 763 ἔθυσαν
2390 710 2530 775 τοὺς
2558 709 2730 776 υίοὺς
2764 709 2963 764 αὐτῶν
2986 709 3085 763 καί
3124 708 3231 775 τὰς
3256 708 3587 776 θυγατέρας

2004 801 2203 856 αὐτῶν
2257 801 2382 868 τοῖς
2435 801 2786 870 δαιμονίοις.
2832 801 2896 853 (ὶί
2925 800 2983 852 δὲ
3034 801 3241 853 παίδων
3290 797 3470 851 αὐτῶν
3510 798 3585 868 μὴ

2006 891 2345 962 φεισάμενοι,
2375 893 2472 945 οὐκ
2506 892 2571 946 ἂν
2603 892 2891 962 ἐφείσαντο
2919 891 3216 959 γυναικῶν.
3250 890 3349 942 Ἴν⁹
3380 885 3474 943 οῦν
3508 891 3583 960 μὴ

2006 981 2163 1036 τοῦτο
2214 983 2468 1054 γένηται,
2518 984 2675 1037 τοῦτο
2730 984 3019 1055 ἐπέτρεψε.
3064 982 3164 1036 Διά
3218 979 3376 1035 τοῦτο
3423 980 3520 1034 καὶ
3558 982 3586 1033 6

2004 1073 2240 1144 Χριστὸς
2291 1074 2404 1136 τοῖς
2442 1073 2715 1138 Ἰουδαίοις
2762 1073 3007 1144 ἐρωτῶσι
3045 1073 3141 1126 καὶ
3184 1072 3424 1141 λέγουσι,
3454 1066 3587 1134 Πῶς

2004 1164 2266 1234 Μωῦσῆς
2304 1165 2593 1234 ἐπέτρεψε
2633 1166 2844 1220 δοῦναι
2873 1164 3120 1229 βιϐλίον
3159 1161 3586 1223 ἀποστασίου;

2002 1256 2217 1317 δεικνὺς
2242 1255 2324 1308 ὃτι
2347 1255 2447 1308 οὐκ
2478 1254 2906 1325 ἀντινομοθετῶν
2936 1253 3085 1324 αὐτῷ
3117 1254 3292 1307 ταῦτα
3323 1251 3582 1322 ἔγραφεν,

2003 1340 2146 1395 οὕτω
2175 1342 2291 1404 πῶς
2334 1359 2467 1413 φησι
2499 1357 2512 1371 ⁸
2551 1341 2814 1410 Μωῦσῆς
2853 1342 3004 1411 πρὸς
3050 1341 3167 1409 τὴν
3211 1344 3586 1409 σκληροκαρ-

2003 1432 2142 1485 δίαν
2164 1432 2331 1501 ὑμῶν
2354 1431 2542 1497 εἶπεν,
2568 1433 2670 1487 ἀπ’
2687 1432 2879 1502 ἀρχῆς
2908 1433 2974 1486 δέ
2997 1434 3068 1485 οὐ
3090 1430 3338 1501 γέγονεν
3363 1427 3541 1494 οὕτως
3567 1442 3582 1458 ⁸

2002 1519 2139 1573 ἀλλ’
2172 1521 2206 1573 6
2235 1519 2495 1588 ποιήσας
2527 1518 2596 1584 ἐξ
2638 1520 2831 1589 ἀρχῆς
2862 1518 3041 1588 appar
3070 1519 3168 1572 καὶ
3201 1516 3356 1584 θῆλυ
3384 1514 3584 1581 ἐποίη-

2002 1622 2116 1660 σεν
2139 1608 2380 1671 αὐτούς.
2403 1607 2466 1659 Εἰ
2509 1606 2674 1660 καλὸν
2717 1608 2875 1661 τοῦτο
2904 1603 2993 1677 ἦν,
3030 1606 3192 1675 φησὶν
3211 1645 3226 1668 ,
3262 1604 3363 1656 οὐκ
3394 1601 3460 1655 ἀν
3489 1601 3585 1653 ἕνα

2003 1692 2172 1763 ἄνδρα
2200 1693 2420 1763 ἐποίησε
2454 1694 2549 1746 καὶ
2590 1694 2717 1765 μίαν
2756 1697 3012 1763 γυναῖκα,
3038 1693 3175 1754 ἀλλά
3210 1691 3310 1745 ἕνα
3355 1690 3586 1759 ποιήσας

2003 1781 2096 1834 τὸν
2137 1780 2326 1850 ’Δδάμ,
2352 1779 2445 1833 δύο
2472 1780 2536 1833 ἀν
2560 1781 2784 1852 ἐποίησε
2811 1781 2911 1844 τάς
2936 1784 3221 1849 γυναῖκας,
3253 1779 3306 1831 εί
3339 1794 3404 1846 γε
3435 1776 3589 1829 ἐδού-

2004 1866 2129 1920 λετο
2160 1866 2258 1937 τὴν
2305 1867 2404 1937 μὲν
2440 1867 2692 1922 ἐκϐαλεῖν
2713 1907 2727 1931 ,
2764 1866 2863 1939 τὴν
2904 1868 2962 1922 δὲ
3008 1867 3323 1935 εἰσαγαγεῖν
3355 1881 3370 1894 ο
3398 1863 3492 1916 νῦν
3529 1862 3586 1917 δὲ

2003 1953 2094 2007 διά
2114 1954 2208 2007 τοῦ
2225 1954 2428 2025 τρόπου
2451 1954 2551 2025 τῆς
2574 1954 2934 2026 δημιουργίας
2964 1955 3054 2008 τὸν
3087 1953 3251 2020 νόμον
3272 1953 3586 2022 εἰσήγαγεν.

2004 2041 2064 2095 ὃν
2090 2040 2201 2109 ἐγὼ
2233 2042 2432 2113 γράφω
2464 2042 2583 2097 νῦν.
2614 2043 2773 2095 Ποῖον
2799 2042 2863 2112 δὴ
2886 2040 3076 2095 τοῦτον
3105 2057 3119 2105 ;
3153 2040 3229 2093 T6
3254 2038 3354 2109 τὴν
3380 2037 3590 2111 κληρω·

2006 2126 2192 2182 θεῖσαν
2226 2127 2285 2192 ἐξ
2316 2128 2492 2199 ἀρχῆς
2529 2131 2766 2197 γυναῖκα
2789 2166 2804 2192 ,
2835 2125 3042 2198 ταύτην
3080 2126 3227 2197 ἔχειν
3256 2123 3552 2187 διαπαντός
3572 2141 3583 2151 ·

2004 2211 2160 2279 οὗτος
2208 2214 2419 2269 ἐκείνου
2464 2215 2823 2286 παλαιότερος
2857 2215 2887 2268 6
2940 2214 3138 2285 νόμος,
3167 2214 3261 2266 καὶ
3308 2212 3583 2269 τοσοῦτον.

2004 2303 2127 2356 ὅσον
2159 2305 2187 2357 6
2229 2302 2401 2373 Ἀδὰμ
2421 2302 2515 2355 τοῦ
2543 2303 2840 2366 Μωῦσέως.
2875 2302 3038 2354 Ὥστε
3062 2301 3123 2354 οῦ
3155 2298 3463 2369 καινοτομῶ
3493 2296 3588 2350 νῦν

2005 2388 2139 2458 ἐγὼ,
2162 2390 2283 2443 οὐδὲ
2314 2391 2440 2457 ξένα
2474 2389 2787 2460 ὲπεισφέρω
2822 2388 3091 2459 δόγματα,
3122 2387 3261 2440 ἀλλὰ
3289 2386 3382 2439 τοῦ
3415 2386 3584 2439 Μωῦ-

2007 2477 2145 2541 σέως
2172 2477 2516 2550 πρεσϐύτερα
2548 2478 2643 2530 καὶ
2657 2476 3010 2548 ἀρχαιότερα.
3035 2475 3220 2541 Ἀξιον
3246 2474 3301 2527 δὲ
3317 2474 3413 2527 καὶ
3426 2471 3587 2526 αὐτὸν

2004 2563 2096 2617 τὸν
2124 2564 2290 2635 νόμον
2315 2564 2546 2618 ἀκοῦσαι
2569 2563 2870 2626 Μωῦσέως,
2901 2561 2960 2615 ὃν
2986 2563 3114 2635 περὶ
3140 2560 3333 2615 τούτου
3360 2559 3583 2627 ἔθηκεν.

2017 2650 2161 2705 Ἐάν
2209 2668 2301 2717 τις
2354 2653 2612 2721 γυναῖκα
2662 2651 2854 2718 λάϐῃ,
2906 2650 3068 2720 φησί,
3108 2650 3201 2703 καί
3241 2646 3587 2714 συνοικήσῃ

2006 2734 2195 2804 αὐτῇ,
2226 2735 2327 2790 καί
2373 2737 2547 2790 ἔσται
2571 2777 2585 2800 ,
2618 2737 2728 2790 ἐὰν
2763 2737 2849 2807 μὴ
2889 2737 3033 2805 εὕρῃ
3088 2735 3264 2805 χάριν
3311 2734 3589 2787 ἐναντίον

2005 2824 2214 2889 αὑτοῦ,
2238 2823 2328 2877 ὅτι
2359 2820 2535 2892 εὗρεν
2563 2826 2632 2878 ὲν
2670 2823 2823 2893 αὐτῇ
2859 2825 3301 2893 ἀσχημοσύνης
3328 2820 3585 2891 πρᾶγμα.

2006 2911 2221 2982 γράψει
2238 2911 2394 2981 αὐτῇ
2413 2913 2660 2977 βιϐλίον
2688 2912 3089 2977 ἀποστασίου,
3118 2910 3217 2964 καί
3239 2909 3414 2963 δώσει
3433 2906 3588 2974 αὐτῇ

2004 3003 2092 3066 εἰς
2120 3000 2230 3065 τὰς
2271 3000 2475 3069 χεῖρας
2502 2999 2713 3067 αὐτῆς.
2747 3000 2892 3072 Ὅρα
2917 3017 2932 3031 ο
2964 2999 3064 3053 οὐκ
3097 2995 3218 3051 εἰπε
3237 3039 3253 3062 ,
3294 2996 3584 3065 Γραψάτω,

2006 3088 2103 3141 καὶ
2134 3088 2310 3141 δότω·
2363 3087 2501 3141 ἀλλά
2562 3087 2647 3153 τίς
2687 3086 2913 3156 Γράφει
2957 3087 3111 3155 αὐτῇ
3147 3086 3392 3150 βιϐλίον
3444 3084 3591 3137 ἀπο-

2005 3178 2288 3239 στασίου,
2339 3175 2437 3229 καὶ
2469 3175 2647 3230 δώσει
2672 3175 2829 3244 αὐτῇ
2867 3178 2951 3242 είς
2991 3175 3097 3241 τὰς
3136 3172 3339 3244 χεῖρας
3377 3169 3588 3240 αὐτῆς.

2007 3264 2147 3317 Πολὺ
2176 3263 2234 3316 δὲ
2275 3261 2471 3315 τούτου
2506 3264 2764 3318 κάκείνου
2793 3263 2852 3315 τὸ
2896 3262 3059 3332 μέσον
3079 3279 3093 3294 ·
3125 3261 3186 3314 τὸ
3235 3260 3332 3330 μὲν
3375 3257 3482 3329 γὰρ
3514 3260 3592 3311 εἰ-

2007 3354 2149 3413 πεῖν,
2184 3349 2474 3422 Γραψάτω,
2517 3351 2609 3403 καὶ
2642 3350 2800 3413 δότω,
2858 3348 3177 3410 κελεύοντος
3213 3347 3308 3400 καὶ
3358 3345 3590 3398 ἐπιτάτ-

2004 3454 2190 3499 τοντος
2210 3455 2225 3468 ·
2260 3437 2322 3490 τὸ
2357 3436 2413 3489 δὲ
2442 3438 2640 3500 εἰπεῖν,
2681 3435 3164 3504 Γράψειβιϐλίον
3186 3431 3588 3489 ἀποστασίου,

2007 3522 2109 3576 καὶ
2148 3521 2326 3576 δώσει
2365 3525 2452 3587 εἰς
2494 3522 2601 3588 τὰς
2641 3522 2843 3590 χεῖρας
2882 3519 3094 3587 αὐτῆς,
3130 3518 3192 3571 τὸ
3220 3516 3590 3587 γεγενημένον

2006 3609 2485 3679 ἀπαγγέλλοντος,
2539 3610 2639 3662 οῦκ
2674 3609 2884 3662 οἴκοθεν
2919 3607 3013 3660 τὸν
3044 3606 3207 3676 νόμον
3256 3603 3595 3671 εἰσάγοντος.

2020 3697 2157 3751 Ἐὰν
2197 3692 2311 3751 οὖν
2355 3713 2468 3762 τις,
2519 3694 2706 3762 φησὶν,
2750 3694 2977 3761 ἐκϐάλῃ
3009 3692 3124 3761 τὴν
3168 3691 3445 3761 γυναῖκα,
3492 3690 3588 3742 καὶ

2006 3784 2340 3849 ἀποστείλῃ
2368 3782 2564 3848 αὐτὴν
2587 3781 2655 3834 ὲκ
2684 3779 2794 3848 τῆς
2821 3781 3011 3845 οἰκίας
3039 3778 3251 3843 αὐτοῦ,
3286 3778 3384 3831 καὶ
3407 3778 3593 3831 ἀπελ-

2007 3870 2201 3925 θοῦσα
2243 3870 2483 3939 γένηται
2527 3867 2699 3934 ἀνδρὶ
2740 3866 2951 3935 ἑτέρῳ,
2985 3866 3082 3920 καὶ
3113 3865 3351 3934 μισήσῃ
3397 3862 3592 3929 αὐτὴν

2008 3960 2108 4013 καὶ
2140 3961 2172 4012 6
2203 3956 2361 4024 ἀνὴρ
2393 3961 2426 4010 6
2452 3957 2711 4024 ἔσχατος
2738 3995 2754 4017 ,
2795 3954 2891 4007 καὶ
2923 3954 3121 4022 γράψῃ
3156 3951 3313 4020 αὐτῇ
3345 3951 3592 4016 ,ϐιϐλίον

2009 4046 2410 4107 ἀποστασίου,
2435 4045 2531 4096 καί
2564 4041 2727 4110 δώσῃ
2756 4044 2844 4108 είς
2875 4040 2983 4107 τὰς
3024 4041 3227 4110 χεῖρας
3253 4041 3465 4106 αὐτης,
3491 4037 3592 4090 καί

2008 4132 2414 4199 ἐξαποστείλῃ
2445 4130 2642 4197 αὐτὴν
2668 4130 2737 4182 ἐκ
2760 4128 2871 4197 τῆς
2911 4129 3105 4193 οἰκίας
3131 4126 3338 4183 αὑτοῦ.
3372 4126 3409 4193 ἢ
3437 4125 3583 4178 ἀπιτ-

2008 4223 2160 4289 θάνῃ
2176 4225 2208 4276 6
2224 4220 2377 4289 ἀνὴρ
2393 4216 2574 4285 αὐτῆς
2586 4261 2600 4284 ,
2615 4216 3073 4290 ὃς1206]ἕλαὸεν
3087 4215 3282 4283 αὐτὴν
3291 4212 3483 4279 ἐαυτῷ
3498 4232 3594 4277 nr.

2007 4310 2206 4373 ναῒκα,
2224 4310 2295 4363 οὐ
2314 4307 2639 4373 δυνήσεται
2661 4309 2694 4359 6
2714 4306 2869 4374 ἀνὴρ
2892 4309 2924 4359 6
2942 4306 3229 4373 πρότερον
3241 4301 3594 4366 ἐξαποστεί-

2007 4404 2124 4464 λας
2137 4396 2331 4465 αὐτὴν
2344 4394 2799 4462 έπιιναστρέψαι
2831 4393 2927 4447 καὶ
2957 4392 3165 4446 λαϐεῖν
3180 4390 3374 4456 αὐτὴν
3399 4388 3592 4452 ἐαυτῷ

2007 4486 2286 4557 γυναῖκα.
2319 4480 2454 4537 Εἶτα
2489 4481 2925 4552 ἐνδεικνύμενος,
2952 4480 3035 4532 ὅτι
3054 4480 3157 4531 οὐκ
3187 4480 3400 4531 ἐπαινεί
3422 4477 3484 4529 τὸ
3503 4492 3592 4543 γε-

2007 4571 2328 4643 γενημένον,
2364 4568 2484 4622 οὐδὲ
2528 4568 2709 4637 γάμον
2760 4562 2902 4619 εἶναι
2936 4565 3173 4637 νομίζει,
3203 4565 3341 4618 ἀλλά
3377 4564 3467 4617 διὰ
3493 4563 3591 4632 τὴν

2007 4659 2292 4713 ἀσθένειαν
2329 4656 2509 4709 αὐτῶν
2562 4653 3013 4723 συγκαταϐαίνει,
3045 4652 3237 4717 εἰπὼν,
3288 4654 3370 4706 Οὐ
3402 4652 3583 4719 δυνήο

2007 4762 2177 4799 σεται
2201 4748 2234 4798 6
2264 4744 2421 4811 ἀνὴρ
2448 4745 2480 4796 6
2512 4744 2803 4809 πρότερος
2820 4738 3244 4809 λαϐεἴναύτὴν
3268 4739 3460 4805 ἐαυτῷ
3489 4759 3593 4809 γυ·

2007 4832 2205 4894 ναῖκα,
2226 4832 2495 4902 ἐπήγαγε,
2523 4827 2688 4883 Μετὰ
2715 4830 2782 4882 τὸ
2802 4828 3124 4899 μιανθῆναι
3141 4829 3360 4897 αὐτὴν,
3393 4829 3594 4899 ὲμφαί-

2008 4939 2115 4976 νων
2133 4921 2222 4974 διά
2244 4920 2339 4972 τοῦ
2370 4918 2572 4989 τρόπου
2592 4917 2695 4987 τῆς
2718 4917 2937 4983 λέξεως,
2963 4917 3045 4970 ὅτι
3065 4919 3095 4970 6
3113 4918 3363 4990 δεύτερος
3391 4920 3590 4989 γάμος,

2010 5008 2214 5072 ζῶντος
2236 5005 2331 5060 τοῦ
2360 5005 2628 5078 προτέρου
2656 5004 2852 5075 ἀνδρὸς
2873 5004 3189 5075 γενόμενος,
3215 5006 3432 5075 μίασμα
3458 5005 3593 5075 μᾶλ-

2008 5096 2101 5150 λόν
2140 5097 2312 5162 ἐστιν,
2345 5095 2379 5165 ἢ
2417 5094 2615 5164 γάμος.
2650 5093 2751 5146 Διὰ
2800 5092 2961 5147 τοῦτο
2998 5094 3100 5146 οὐκ
3143 5087 3288 5157 εἷπε,
3331 5093 3485 5147 Μετὰ
3531 5093 3594 5144 τὸ

2010 5182 2330 5254 γαμηθῆναι
2384 5182 2577 5252 αὑτήν.
2644 5180 2808 5251 Ὁρᾷς
2868 5180 2951 5232 ὅτι
2996 5178 3211 5249 συνῳδὰ
3251 5179 3330 5248 τῷ
3372 5176 3593 5247 Χριστῷ

2011 5272 2337 5342 φθέγγεται;
2370 5265 2505 5323 Εἶτα
2557 5270 2654 5323 καὶ
2694 5270 2797 5341 τὴν
2835 5268 3018 5321 αίτίαν
3048 5266 3412 5338 προσέθηκεν,
3464 5266 3591 5316 ’Ὁτι

2003 5356 2326 5428 βδέλυγμὰ
2357 5358 2530 5411 ἐστιν
2550 5357 2833 5411 ἐναντίον
2862 5354 2969 5408 τοῦ
3004 5353 3173 5407 Θεοῦ.
3220 5351 3329 5405 Καὶ
3353 5351 3593 5421 Μωῦσῆς

2016 5449 2114 5519 μὲν
2160 5447 2334 5510 οῦτως
2358 5463 2372 5477 ο
2428 5445 2458 5497 6
2494 5444 2552 5497 δὲ
2592 5445 2881 5516 προφήτης
2920 5439 3210 5509 Μαλαχίας
3247 5438 3591 5511 σαφέστερον

2012 5535 2192 5607 πολλῷ
2218 5533 2313 5586 τοῦ
2340 5533 2622 5590 Μωῦσέως
2652 5531 2785 5584 αὐτὸ
2810 5529 2970 5583 τοῦτο
3001 5527 3361 5590 ἐνδείκνυται,
3389 5526 3591 5599 μᾶλλον

2011 5626 2069 5679 δὲ
2099 5624 2160 5677 οῦ
2213 5621 2502 5690 Μαλαχίας
2522 5658 2537 5681 ,
2595 5617 2707 5672 ἀλλ’
2741 5619 2771 5669 6
2802 5615 2935 5677 θεὸς
2982 5614 3072 5669 διὰ
3126 5614 3223 5669 τοῦ
3259 5613 3548 5685 Μαλαχίου
3572 5653 3588 5675 ,

2010 5711 2188 5778 λέγων
2242 5706 2449 5769 οὕτως’
2511 5707 2581 5757 Εἰ
2631 5704 2806 5767 ἄξιον
2852 5701 3177 5772 ἐπιϐλέψαι
3230 5704 3318 5769 είς
3369 5701 3593 5757 θυσίαν

1986 5796 2224 5867 ⁷ὐμῶν;
2267 5794 2305 5861 ἣ
2352 5792 2561 5846 λαϐεῖν
2598 5790 2812 5843 ὃεκτιῖν
2846 5790 2917 5844 ἐκ
2962 5790 3082 5844 τῶν
3128 5788 3344 5860 χειρῶν
3391 5786 3591 5859 ὑμῶνς

2520 5880 2688 5942 Τίνος
2742 5877 2969 5946 ἕνεκεν,
3023 5879 3178 5950 φησὶ,
3219 5876 3472 5947 γυναῖκα
3519 5874 3591 5927 ἐκ

3208 5986 3279 6045 1'4

2016 5882 2132 5941 εἶτα
2182 5881 2426 5943 εἰπόντος
2453 5921 2466 5946 ,
