4006 6416
248 337 333 390 2‘2!
1441 333 1527 388 DE
1555 332 1840 388 LIBELLO
1879 331 2172 390 REPUDII.
2209 335 2272 390 ll.

238 455 369 511 (ach.
401 452 455 505 2.
486 449 594 521 l3)?
619 458 820 503 etcum
851 445 965 501 hinc
995 445 1247 512 dixisset,
1285 446 1453 512 Quare
1473 446 1776 514 dereliquisti
1795 487 1810 512 ,

242 549 332 611 ait,
378 559 581 600 uxorem
635 541 992 595 adolescentia:
1033 549 1135 594 tua
1177 538 1337 610 (Ibid.
1370 555 1419 592 υ.
1454 537 1586 610 14)?
1634 549 1816 608 postea

247 649 299 692 ut
319 637 558 691 ostendat
586 644 840 704 quantum
868 633 937 686 sit
961 631 1183 695 malum,
1212 641 1265 686 et
1285 647 1444 700 quam
1473 631 1719 700 indiguus
1749 632 1820 685 sit

245 730 382 782 onmi
415 731 566 782 venia
594 727 638 780 is
658 726 748 796 qui
779 726 879 778 hoc
907 723 1052 789 fecit,
1084 724 1138 777 in
1165 723 1513 792 sequentibus
1534 723 1823 777 accusatio-

249 835 358 874 nem
385 826 571 886 auget,
597 819 676 870 sic
701 814 886 870 dicens
916 831 930 872 :
957 812 1024 867 Et
1062 814 1160 868 ista
1185 814 1323 867 socia
1348 824 1436 867 tua
1455 855 1470 880 ,
1490 823 1538 866 et
1571 829 1704 867 uxor
1729 830 1817 880 pa-

250 912 306 965 cti
333 911 424 973 tui,
453 917 500 962 et
527 908 753 975 reliquie
794 906 1003 976 spiritus
1024 905 1135 970 tui,
1158 914 1202 958 et
1223 922 1323 958 non
1349 905 1482 958 alius
1509 905 1624 976 fecit
1653 903 1818 975 (Id.).

252 1001 372 1056 Vide
401 1008 595 1070 quanta
626 999 845 1070 apponit
883 998 994 1067 iura
1024 1014 1037 1062 ;
1064 998 1292 1067 primum
1321 1007 1565 1062 aetatem,
1594 996 1777 1052 dicens
1805 1014 1820 1054 :

253 1093 386 1149 Uxor
429 1092 780 1146 adolescentite
804 1102 937 1155 tute;
965 1089 1160 1144 deinde
1207 1091 1520 1144 societatem
1562 1090 1717 1155 vitaa,
1744 1089 1826 1142 di-

253 1199 366 1239 cens
397 1201 412 1238 :
445 1183 510 1236 Et
548 1185 647 1236 ista
671 1183 808 1235 socia
838 1193 960 1247 tua;
987 1190 1168 1249 postea
1199 1181 1419 1236 modum
1446 1180 1785 1236 formationis
1807 1223 1821 1244 ,

249 1278 423 1332 dicens
474 1291 489 1330 :
528 1276 773 1344 Reliquiw
816 1275 1024 1344 spiritus
1071 1275 1165 1328 tui.
1217 1272 1353 1346 [Non
1390 1274 1533 1328 enim
1571 1273 1641 1329 de
1681 1283 1825 1328 terra

247 1371 462 1424 formata
489 1378 573 1423 est
599 1369 736 1422 sicut
757 1366 946 1430 Adam,
973 1366 1066 1420 sed
1089 1365 1374 1420 deformati
1405 1380 1436 1420 e
1461 1375 1601 1419 terra
1634 1365 1824 1431 latere,

247 1470 296 1514 et
324 1461 421 1514 hoc
448 1470 530 1513 est
554 1457 693 1529 quod
721 1457 867 1521 dicit,
888 1463 1267 1525 ἐγκατάλειμμα,
1291 1456 1354 1510 Et
1371 1457 1598 1526 reliquiae
1617 1456 1828 1528 spiritus

249 1554 315 1604 lui
343 1550 462 1623 (0).]

315 1645 365 1698 5.
397 1643 474 1696 Ad
499 1641 615 1695 haec
639 1641 839 1704 omnia,
863 1639 1005 1708 quod
1035 1637 1284 1692 omnibus
1306 1637 1611 1708 illismajus
1641 1636 1821 1699 fuerit,

251 1734 444 1788 accedit
469 1732 764 1786 conditoris
792 1731 1043 1800 dignitas.
1076 1729 1187 1783 Hoc
1207 1731 1349 1783 enim
1376 1731 1640 1798 signiﬁcat
1675 1728 1824 1792 illud,

254 1824 367 1878 Non
408 1825 540 1878 alius
571 1823 711 1893 fecit.
744 1821 857 1877 Non
909 1833 1061 1891 potes
1087 1864 1100 1888 ,
1125 1822 1327 1891 inquit,
1368 1821 1548 1876 dicere
1569 1863 1584 1886 ,
1611 1821 1751 1890 quod
1779 1830 1830 1875 te

249 1917 451 1986 quidem
501 1916 644 1970 Deus
693 1915 846 1980 fecit,
875 1915 1018 1970 illam
1050 1930 1180 1968 vero
1227 1929 1332 1967 non
1361 1913 1500 1968 Deus
1520 1955 1536 1979 ,
1565 1913 1662 1968 sed
1692 1913 1830 1967 alius

249 2009 450 2079 quidam
499 2009 593 2062 illo
623 2007 870 2070 inferior;
899 2007 992 2061 sed
1023 2022 1157 2060 unus
1188 2018 1242 2061 et
1286 2007 1424 2062 idem
1475 2017 1728 2077 utrosque
1774 2015 1831 2060 ut

249 2099 729 2170 essentproduxit:
761 2109 816 2153 et
845 2100 912 2151 ita
943 2099 1191 2168 quamvis
1221 2099 1352 2151 nihil
1383 2099 1557 2162 aliud,
1591 2097 1693 2152 hoc
1715 2098 1824 2152 sal-

251 2204 349 2247 tem
377 2191 638 2246 reveritus
663 2234 677 2255 ,
701 2191 976 2243 caritatem
1005 2204 1128 2258 erga
1163 2189 1307 2242 illam
1339 2189 1568 2243 custodi.
1601 2188 1732 2242 Nam
1782 2188 1829 2241 si

249 2299 382 2354 saepe
406 2290 506 2337 hoc
537 2282 708 2336 servis
736 2280 1064 2350 litigantibus
1108 2288 1303 2333 mutua:
1330 2279 1636 2334 dilectionis
1666 2294 1826 2333 causa

252 2376 358 2439 fuit,
389 2377 509 2446 quia
547 2375 704 2428 ambo
729 2375 814 2426 uni
837 2381 892 2426 et
914 2372 1085 2426 eidem
1115 2371 1334 2425 domino
1365 2371 1635 2425 serviunt:
1663 2371 1830 2422 tnttlto

251 2469 406 2539 magis
432 2467 591 2521 nobis
639 2465 739 2518 hoc
781 2464 896 2518 fieri
939 2463 1223 2525 convenit,
1248 2461 1463 2532 quando
1501 2461 1749 2517 eumdem
1777 2469 1830 2514 et

249 2559 572 2612 conditorem
599 2596 615 2622 ,
659 2565 714 2610 et
769 2555 1014 2624 opilicem
1073 2555 1286 2624 utrique
1337 2553 1611 2608 habemus.
1639 2553 1828 2607 Vidisti

247 2649 503 2718 quomodo
531 2648 692 2701 etiam
727 2648 778 2699 in
812 2645 985 2699 Veteri
1033 2644 1179 2698 initia
1219 2653 1274 2698 et
1311 2645 1570 2713 prooemia
1599 2642 1711 2697 fere
1735 2657 1827 2696 ac-

248 2741 474 2810 ceperint
504 2754 658 2793 nova:
681 2735 1030 2806 phil050phi:e
1062 2735 1362 2804 praecepta?
1387 2735 1520 2788 Nam
1553 2735 1637 2788 ubi
1663 2735 1830 2787 inulto

250 2842 476 2899 tempore
497 2832 553 2883 in
590 2831 704 2898 lege
733 2827 927 2882 versati
946 2835 1144 2891 essent,
1172 2835 1226 2880 et
1253 2825 1317 2878 ad
1345 2825 1661 2895 perfectiora
1681 2842 1830 2878 man-

247 2924 360 2978 data
406 2923 636 2976 transire
663 2921 953 2984 deberent,
983 2918 1200 2987 jamque
1228 2928 1540 2986 properaret
1572 2917 1638 2970 ad
1670 2918 1828 2971 linem

249 3015 473 3083 ipsorqu
502 3012 688 3084 politia
713 3051 730 3075 ,
757 3019 1060 3080 opportuno
1101 3016 1342 3076 tempore
1368 3007 1434 3061 ad
1460 3008 1721 3077 ejusmodi
1747 3023 1830 3060 sa-

250 3108 486 3176 pientiam
521 3105 644 3159 illos
675 3101 931 3174 pr0pheta
958 3100 1180 3155 inducit.
1206 3100 1494 3154 Pareamus
1523 3101 1681 3168 igitur
1707 3099 1832 3153 huic

248 3200 390 3253 bona:
419 3199 543 3268 legi,
569 3206 622 3251 et
648 3211 743 3249 nos
773 3194 842 3247 ab
867 3193 1015 3248 omni
1041 3190 1358 3246 confusione
1385 3191 1697 3256 liberemus,
1734 3205 1828 3244 ne-

246 3307 340 3360 que
365 3303 576 3345 nostras
602 3288 900 3358 ejiciamus,
931 3299 1103 3355 neque
1123 3283 1190 3339 ab
1216 3284 1337 3337 aliis
1368 3285 1569 3353 ejectas
1601 3285 1828 3354 recipia-

248 3402 376 3440 mus.
405 3385 538 3440 Nam
581 3399 684 3453 qua
731 3381 866 3435 facie
909 3380 1080 3433 virum
1125 3377 1307 3432 uxoris
1345 3377 1610 3446 aspicies?
1639 3378 1831 3447 quibus

245 3481 402 3533 oculis
427 3479 632 3532 amicos
672 3476 812 3529 illius
840 3483 895 3528 et
921 3472 1182 3526 famulos?
1211 3471 1342 3525 Nam
1373 3472 1417 3525 si
1451 3473 1494 3524 is
1514 3472 1600 3541 qui
1634 3473 1828 3525 mortui

243 3569 494 3638 eonjngis,
529 3564 684 3636 cujus
715 3579 936 3618 uxorem
954 3563 1178 3631 accepit,
1199 3562 1488 3632 imaginem
1512 3563 1828 3616 recumben-

245 3669 342 3713 tem
372 3658 601 3722 viderit,
635 3655 867 3710 aflicitur
885 3655 1066 3724 aliquo
1107 3653 1268 3707 modo
1290 3694 1306 3719 ,
1335 3663 1387 3707 et
1424 3654 1656 3720 graviter
1684 3652 1826 3716 fert,

243 3763 300 3802 ac
329 3749 371 3802 si
398 3749 669 3803 viventem
698 3745 950 3799 maritum
972 3745 1150 3798 videat
1172 3743 1291 3812 ejus
1320 3759 1441 3812 qua:
1479 3743 1580 3797 sibi
1609 3743 1827 3796 cohabi-

243 3845 342 3903 tat,
373 3839 588 3908 qualem
621 3836 780 3889 vitam
825 3833 1116 3903 aget?quo
1162 3843 1317 3901 pacto
1363 3832 1692 3900 ingredietur
1732 3834 1830 3886 do-

242 3929 416 3982 mum?
441 3943 550 3999 quo
571 3928 772 3993 animo,
804 3925 999 3995 quibus
1015 3924 1185 3978 oculis
1205 3923 1406 3978 videbit
1431 3923 1576 3976 illius
1607 3937 1826 3977 uxorem

239 4034 381 4074 suam
398 4021 422 4074 ’ἒ

307 4114 550 4168 Adultera
579 4111 774 4164 nullius
806 4119 878 4163 est
904 4124 1054 4163 uxor.
1090 4136 1162 4147 —
1185 4106 1296 4161 lmo
1328 4121 1500 4176 neque
1531 4105 1692 4171 illius,
1727 4120 1826 4159 ue-

237 4221 334 4276 que
375 4222 526 4260 suam
565 4203 706 4274 juste
737 4203 856 4272 quis
909 4201 1066 4254 talem
1099 4201 1336 4270 appellet
1362 4215 1378 4256 :
1409 4198 1652 4252 adultera
1682 4197 1826 4252 enim

239 4299 432 4352 nullius
458 4307 544 4352 est
571 4311 723 4350 uxor.
762 4293 971 4349 Fefellit
1011 4302 1163 4362 pacta
1190 4308 1309 4362 quae
1336 4307 1457 4345 cum
1490 4291 1582 4344 illo
1607 4289 1790 4344 habuit
1809 4331 1823 4354 ,

237 4401 288 4446 et
314 4393 376 4445 ad
409 4401 603 4446 tecum
636 4388 872 4442 honestis
911 4386 1119 4455 legibus
1147 4401 1251 4438 uou
1279 4385 1444 4438 venit.
1487 4384 1708 4452 Quanta:
1734 4384 1828 4450 igi-

237 4490 319 4535 tur
341 4481 628 4536 dementia:
654 4479 832 4543 fuerit,
858 4492 970 4532 rem
1001 4485 1076 4530 tot
1101 4477 1257 4529 malis
1284 4477 1496 4543 plenam
1527 4476 1579 4528 in
1607 4473 1826 4528 domum

237 4570 522 4626 inducere?
549 4570 684 4624 Nam
711 4579 794 4623 est
834 4567 1153 4622 feminarum
1178 4565 1434 4635 penuria?
1464 4565 1669 4631 Quare,
1703 4581 1824 4618 cum

236 4665 409 4718 multa:
437 4665 547 4718 sint
570 4705 585 4728 ,
609 4677 743 4731 quas
771 4661 897 4715 licet
917 4675 1046 4728 pura
1075 4657 1401 4712 conscientia
1431 4668 1483 4710 et
1507 4658 1822 4726 permitten-

237 4756 371 4810 tibus
399 4756 607 4826 legibus
637 4754 866 4818 ducere,
898 4753 962 4805 ad
993 4751 1288 4822 prohibitas
1311 4761 1607 4815 currentes,
1636 4749 1826 4804 domos

235 4849 608 4912 subvertimus,
643 4829 781 4902 bella
815 4845 990 4900 civilia
1016 4844 1340 4908 excitamus,
1370 4858 1432 4896 ac
1461 4842 1696 4912 undique
1720 4843 1824 4894 ini-

235 4939 456 4992 micitias
489 4938 644 4991 nobis
668 4937 1016 4992 conciliantes
1041 4977 1055 4999 ,
1092 4934 1384 4988 innumeris
1424 4933 1825 4988 accusatoribus

234 5047 322 5083 ora
353 5032 676 5100 aperientes,
702 5037 938 5082 nostram
967 5027 1129 5079 vitam
1165 5025 1576 5089 dedecoramus,
1605 5034 1658 5078 et
1683 5025 1823 5093 quod

234 5125 470 5176 omnium
501 5121 872 5192 gravissimum
900 5128 1011 5182 est,
1044 5118 1354 5172 inevitabile
1401 5118 1716 5185 supplicium
1771 5119 1822 5170 in

233 5215 316 5266 die
336 5215 523 5282 judicii
552 5214 706 5268 nobis
725 5209 1158 5267 accumulautus?
1185 5209 1320 5275 Quid
1348 5209 1490 5262 enim
1517 5208 1758 5262 dicemus
1775 5209 1822 5261 ei

234 5308 323 5376 qui
366 5308 434 5361 de
462 5307 617 5361 nobis
657 5305 995 5376 jndicaturus
1024 5311 1104 5356 est
1130 5343 1143 5366 ,
1172 5301 1388 5370 quando
1419 5301 1590 5371 legem
1623 5300 1674 5353 in
1707 5317 1820 5353 me-

235 5398 376 5450 dium
423 5398 624 5452 illatam
657 5397 846 5466 legerit
881 5395 1068 5448 dicens
1098 5410 1110 5446 :
1138 5393 1280 5446 Jussi
1311 5393 1642 5462 repudiatam
1695 5408 1825 5445 uxo-

236 5502 344 5540 rem
377 5505 481 5542 non
523 5489 721 5543 dueere
744 5527 760 5552 ,
791 5487 980 5539 dicens
1009 5485 1059 5538 id
1093 5485 1411 5540 adulterium
1455 5500 1574 5539 esse
1604 5484 1820 5556 (Matth.

235 5579 284 5632 5.
320 5579 433 5647 52).
475 5579 758 5645 Quomodo
797 5578 956 5647 igitur
1006 5591 1167 5629 ausus
1211 5591 1271 5630 es
1297 5577 1362 5628 ad
1407 5575 1701 5644 prohibitus
1728 5591 1822 5628 nu-

294 5709 367 5771 (tt)
381 5717 490 5760 Haec
511 5725 620 5771 quze
641 5710 832 5758 uncinis
843 5708 1196 5771 claudunturin
1212 5715 1374 5764 (‘gaeco
1386 5721 1484 5771 non
1505 5714 1716 5771 exstant,
1731 5723 1824 5758 nec

235 5772 281 5818 in
303 5768 425 5832 atus,
446 5768 540 5820 sed
562 5777 808 5832 Interpres
836 5782 1100 5832 anonymus
1128 5769 1172 5815 in
1201 5768 1470 5830 exemplari
1493 5782 1583 5818 suo
1607 5768 1820 5834 legerat.

3417 336 3524 390 212

1932 449 2066 515 ptias
2092 448 2380 503 accedere?
2406 450 2543 514 Quid
2573 450 2843 513 dicemus,
2878 450 3003 521 quid
3036 449 3514 522 respondebimus?

1927 539 2222 608 Numquam
2252 541 2394 594 enim
2429 542 2535 596 illic
2579 542 2657 594 las
2703 553 2958 596 externas
3007 543 3152 612 leges
3184 551 3479 612 pertexere
3504 585 3518 605 ,

1927 632 2024 687 sed
2054 634 2415 687 necessarium
2461 642 2544 687 est
2585 641 2825 687 tacentes
2863 644 2918 686 et
2949 634 3141 703 ligatos
3171 634 3223 688 in
3264 633 3525 702 gehennae

1929 722 2104 792 ignem
2133 723 2342 776 immitti
2383 738 2504 777 cmn
2535 723 2791 778 adulteris
2819 733 2874 778 et
2914 725 3148 778 alleuutu
3179 733 3354 779 torqu
3388 724 3527 793 inju-

1930 815 2008 869 ria
2037 815 2426 879 allicientibus;
2461 831 2582 870 nam
2610 825 2665 871 et
2703 817 2794 886 qui
2840 817 3104 872 dimiserit
3139 816 3342 886 alisque
3363 831 3525 872 causa

1930 907 2135 977 stupri,
2184 915 2240 961 et
2288 908 2378 978 qui
2423 907 2649 978 ejectam
2693 909 2906 962 vivente
2945 909 3059 962 viro
3102 907 3350 972 duxerit,
3401 921 3524 962 cum

1931 997 2098 1068 ejecta
2151 997 2240 1052 illa
2290 999 2595 1068 punientur.
2643 999 2867 1068 Propter
2915 999 3055 1068 quod
3112 1012 3247 1061 oro,
3296 999 3525 1052 obsecro

1931 1101 1986 1144 et
2037 1090 2316 1160 supplico,
2374 1106 2442 1145 ne
2489 1091 2586 1144 viri
2643 1091 2894 1145 mulieres
2923 1090 3172 1160 ejiciant,
3201 1105 3375 1159 neque
3403 1104 3526 1142 mu-

1933 1182 2090 1236 lieres
2116 1181 2260 1236 viros
2297 1183 2630 1250 relinquant,
2671 1181 2766 1237 sed
2811 1183 3034 1236 audiant
3071 1181 3290 1235 Paulum
3342 1180 3530 1234 dicen-

1934 1281 2042 1326 tem
2077 1287 2093 1325 :
2119 1270 2311 1325 Mulier
2351 1273 2600 1326 adstricta
2644 1284 2712 1326 est
2743 1273 2862 1344 legi,
2891 1283 3082 1343 quanto
3106 1283 3328 1344 tempore
3350 1272 3530 1324 vixerit

1932 1365 2010 1417 vir
2052 1366 2183 1433 ejus.
2214 1363 2276 1420 Si
2299 1374 2466 1418 autem
2511 1365 2770 1419 donnierit
2812 1366 2909 1429 vir,
2939 1365 3096 1420 libera
3140 1365 3234 1418 erit
3281 1365 3363 1417 cui
3401 1364 3530 1417 volet

1934 1455 2153 1521 nubere,
2178 1465 2376 1510 tantum
2400 1458 2455 1511 in
2496 1456 2718 1512 Domino
2745 1459 2821 1530 (ι.
2848 1458 2966 1512 Cor.
3020 1459 3072 1511 7.
3103 1457 3218 1528 ‘59).

1982 1545 2153 1601 Genus
2173 1559 2244 1602 est
2263 1547 2500 1602 adulterii
2526 1551 2857 1620 conjugatum
2876 1566 2991 1602 cum
3017 1550 3194 1602 scortis
3217 1549 3433 1602 misceri.
3464 1545 3531 1599 In

1938 1635 2155 1692 Domino
2167 1639 2482 1711 nuberequid
2492 1640 2574 1693 sit.
2585 1669 2610 1680 -
2623 1640 2843 1708 Qualem
2857 1641 3000 1696 enim
3014 1641 3285 1696 habebunt
3298 1638 3529 1702 veniatin,

1934 1729 2022 1796 qui
2041 1729 2204 1784 Paulo
2215 1731 2376 1786 etiam
2389 1733 2651 1787 secundas
2665 1734 3008 1808 permittente
3029 1733 3241 1803 nuptias
3263 1744 3382 1802 post
3399 1749 3536 1788 mor-

1936 1827 2042 1874 tem
2069 1821 2331 1892 conjugis,
2353 1831 2619 1878 ettantam
2641 1825 2969 1880 concedente
2992 1827 3225 1896 copiam,
3249 1834 3372 1880 ante
3391 1841 3534 1880 mor-

1935 1920 2040 1965 tem
2065 1911 2401 1966 audenttalia
2432 1913 2642 1969 facere?
2674 1916 2847 1982 Quam
2879 1925 3233 1986 assequentur
3269 1915 3536 1970 defensio-

1935 2018 2081 2070 nem,
2101 2004 2184 2057 vel
2203 2004 2276 2058 illi
2295 2005 2385 2074 qui
2405 2005 2702 2060 viventibus
2715 2006 2843 2060 viris
2858 2021 3054 2061 uxores
3065 2006 3352 2076 accipiunt,
3376 2006 3459 2062 vel
3481 2006 3535 2060 hi

1934 2094 2022 2162 qui
2035 2094 2101 2147 ad
2117 2095 2322 2163 publica
2339 2108 2515 2150 scorta
2535 2095 2831 2151 accedunt?
2849 2097 3061 2150 Etenim
3075 2106 3130 2151 et
3146 2096 3273 2150 illud
3295 2107 3376 2150 est
3391 2096 3536 2151 adul-

1937 2185 2055 2238 terii
2082 2185 2224 2238 aliud
2239 2201 2430 2254 genus,
2458 2186 2655 2240 habere
2672 2186 2816 2240 domi
2841 2203 3085 2253 uxorem,
3108 2197 3163 2241 et
3192 2187 3322 2242 foris
3341 2188 3536 2243 scortis

1930 2273 2100 2344 jungi.
2158 2275 2289 2329 Nam
2343 2276 2792 2346 quemadmodum
2839 2276 3029 2332 mulier
3078 2276 3279 2332 habens
3320 2277 3531 2342 virum,

1934 2365 2141 2419 etiamsi
2173 2365 2370 2420 famulo
2419 2366 2503 2420 vel
2544 2366 2715 2420 libero
2759 2367 2988 2435 cuipiam
3019 2381 3245 2422 uxorem
3287 2381 3394 2420 nou
3437 2366 3535 2421 ha-

1937 2455 2079 2509 benti
2107 2471 2166 2510 se
2192 2468 2446 2525 exponat,
2478 2458 2725 2512 adulterii
2757 2458 2964 2529 legibus
2994 2459 3297 2529 implicatur
3328 2475 3342 2511 :
3375 2459 3454 2513 sic
3475 2471 3538 2514 et

1937 2546 2016 2598 vir
2039 2546 2164 2600 licet
2209 2547 2277 2601 ad
2320 2547 2538 2618 vulgare
2562 2559 2819 2615 scortum,
2847 2551 2927 2604 vel
2951 2551 3019 2605 ad
3050 2550 3325 2604 mulierem
3351 2551 3534 2614 aliam,

1934 2637 2182 2704 quamvis
2219 2653 2322 2692 non
2354 2638 2641 2693 habentem
2689 2641 2882 2704 virum,
2918 2642 3034 2710 ipse
3082 2655 3299 2695 uxorem
3331 2640 3537 2695 habens

1934 2729 2256 2796 accesserit,
2285 2730 2530 2784 adulterii
2553 2747 2680 2786 reus
2711 2732 3036 2786 censebitur.
3067 2731 3349 2802 Fugiamus
3376 2732 3536 2801 igitur

1935 2832 1986 2875 et
2007 2823 2146 2875 hunc
2172 2823 2416 2877 adulterii
2440 2823 2680 2878 modum.
2704 2824 2842 2890 Quid
2861 2825 3002 2878 enim
3022 2825 3316 2894 poterimus
3331 2824 3532 2880 dicere.

1934 2912 2060 2982 quid
2093 2913 2216 2969 item
2255 2925 2568 2982 praetexere.
2604 2915 2695 2984 qui
2742 2917 2864 2969 talia
2911 2916 3211 2970 audemus?
3241 2931 3400 2985 quam
3432 2916 3533 2970 ho-

1937 3014 2140 3058 nestam
2185 3006 2584 3060 excusationem
2633 3006 3046 3062 adhibebimus?
3076 3006 3289 3061 Natura:
3333 3021 3536 3061 concu-

1935 3097 2246 3166 piscentiam
2264 3097 2287 3150 ?
2308 3099 2410 3151 Sed
2435 3098 2587 3152 adest
2601 3098 2814 3168 quidem
2837 3116 2986 3162 uxor,
3013 3115 3133 3170 qua:
3153 3100 3305 3153 nobis
3325 3099 3534 3169 obtigit.

1936 3188 2037 3244 hac
2066 3204 2161 3244 nos
2189 3190 2538 3245 excusatione
2572 3192 2809 3259 privaus.
2849 3191 3053 3245 Idcirco
3085 3191 3283 3260 nuptiae
3312 3191 3537 3247 invecta:

1934 3297 2077 3349 sunt,
2137 3295 2194 3338 ut
2246 3301 2313 3339 ne
2372 3285 2662 3348 scortcris;
2718 3285 2826 3338 imo
2863 3301 2967 3338 non
3011 3301 3147 3338 uxor
3193 3285 3329 3350 sola,
3364 3284 3457 3338 sed
3482 3295 3538 3339 et

1934 3378 2086 3429 multi
2103 3377 2211 3441 alii,
2230 3377 2316 3446 qui
2333 3377 2595 3437 eamdem,
2617 3393 2773 3444 quam
2799 3392 2916 3439 nos,
2941 3377 3138 3430 habent
3158 3386 3421 3441 naturam,
3439 3376 3536 3432 hac

1935 3482 2034 3521 nos
2057 3468 2266 3535 privaut
2296 3469 2466 3520 venia.
2496 3467 2719 3532 Quando
2747 3468 2890 3520 enim
2917 3482 3209 3521 conservus
3231 3477 3372 3528 tuus.
3393 3467 3532 3521 idem

1936 3559 2138 3612 habens
2161 3572 2378 3627 corpus,
2409 3557 2763 3627 eamdemque
2788 3559 3298 3628 concupiscentiam,
3341 3560 3532 3614 eadem

1934 3653 2254 3704 necessitate
2275 3650 2665 3717 exstimulatus,
2683 3650 2882 3704 nullam
2897 3651 3055 3704 aliam
3075 3651 3218 3706 videt
3231 3652 3528 3717 mulierem,

1933 3743 2026 3797 sed
2055 3753 2230 3796 manet
2260 3757 2356 3798 sua
2381 3742 2494 3796 sola
2525 3751 2833 3810 contentus,
2865 3744 3074 3812 qualem
3107 3755 3160 3798 tu
3189 3745 3408 3800 habebis
3435 3763 3533 3800 ex-

1931 3835 2281 3898 cusationem,
2305 3834 2792 3903 concupiscentiam
2816 3838 3150 3905 prietexens?
3177 3837 3244 3890 Et
3266 3838 3390 3906 quid
3411 3837 3532 3893 dico

1935 3927 2193 3982 habentes
2215 3941 2408 3980 uxores
2431 3928 2454 3980 ?
2482 3926 2665 3997 Cogita
2694 3927 2824 3980 mihi
2851 3943 2964 3992 eos,
2987 3928 3077 3996 qui
3108 3945 3322 3998 semper
3345 3931 3398 3982 in
3423 3932 3530 3984 vit-

1930 4019 2152 4088 ginitate
2176 4019 2443 4084 vixerunt,
2484 4027 2537 4072 et
2563 4020 2887 4088 contemptis
2918 4020 3114 4088 nuptiis
3144 4036 3388 4090 magnam
3419 4038 3532 4091 prin

1932 4126 1991 4167 se
2019 4111 2257 4165 tulerunt
2285 4111 2689 4164 continentiam.
2721 4112 2854 4164 Cum
2889 4111 3047 4180 igitur
3073 4111 3161 4164 alii
3202 4113 3402 4181 absque
3429 4129 3532 4166 nu-

1933 4202 2058 4270 ptiis
2104 4201 2441 4254 continentes
2493 4201 2632 4262 sint,
2664 4215 2824 4269 quam
2867 4210 2922 4254 tu
2969 4204 3274 4270 assequeris
3321 4202 3530 4257 veniam

1932 4303 2053 4362 post
2073 4294 2285 4362 nuptias
2306 4293 2586 4346 scortans?
2609 4292 2736 4346 Hzec
2758 4303 2812 4347 et
2834 4292 2935 4346 viri
2958 4304 3011 4347 et
3029 4295 3528 4360 mulieresaudiant,

1931 4396 1984 4437 et
2012 4385 2185 4438 vidua:
2209 4394 2262 4439 et
2286 4393 2463 4452 nupta:
2493 4399 2506 4436 :
2533 4383 2782 4438 omnibus
2810 4385 2952 4438 enim
2983 4383 3178 4438 Paulus
3199 4386 3445 4453 loquitur,
3475 4397 3531 4441 et

1932 4475 2015 4528 lex
2039 4476 2129 4528 illa
2154 4475 2338 4528 dicens
2365 4491 2378 4527 :
2416 4473 2605 4528 Mulier
2624 4475 2950 4528 adstrictaest
2977 4475 3076 4545 legi
3095 4489 3283 4544 quanto
3307 4487 3530 4546 tenipors

1932 4567 2106 4619 uixerit
2128 4567 2204 4618 vir
2248 4566 2390 4618 illius
2417 4579 2435 4618 :
2457 4567 2502 4618 si
2527 4575 2696 4618 autem
2721 4566 3000 4629 dormierit,
3035 4567 3191 4620 libera
3213 4577 3286 4620 est
3311 4569 3393 4621 cui
3422 4569 3529 4622 vult

1931 4659 2135 4722 nubere,
2160 4667 2356 4709 tantum
2376 4657 2429 4709 in
2453 4655 2691 4710 Domino.
2718 4657 2784 4710 Et
2810 4656 3128 4712 habentibus
3151 4659 3312 4726 viros,
3339 4671 3394 4714 et
3421 4676 3528 4717 non

1932 4747 2271 4811 habentibus,
2301 4759 2350 4800 et
2377 4747 2566 4812 viduis,
2597 4757 2653 4801 et
2681 4748 2920 4803 secundo
2951 4750 3276 4806 nubentibus
3311 4753 3525 4820 marito,

1929 4849 1984 4894 et
2008 4840 2256 4894 omnibus
2297 4839 2613 4908 simpliciter
2637 4856 2816 4896 sermo
2844 4841 2933 4897 ille
2955 4844 3098 4897 utilis
3126 4854 3226 4898 est.
3245 4844 3377 4900 Nam
3408 4863 3531 4917 qua:

1932 4932 2091 4985 habet
2122 4933 2317 4996 virum,
2352 4946 2456 4985 nou
2506 4933 2649 4986 volet
2688 4934 2906 4989 vivente
2945 4935 3036 4988 illo
3065 4952 3311 5006 quaerere
3338 4939 3524 5006 alium,

1930 5023 2152 5076 audiens
2179 5038 2238 5076 se
2268 5023 2478 5077 vivente
2503 5025 2593 5077 illo
2623 5024 2933 5080 adstrictam
2960 5041 3081 5082 esse
3107 5044 3120 5092 ;
3145 5046 3265 5099 quae
3295 5046 3423 5085 vero
3448 5041 3534 5086 est.

1931 5113 2117 5176 libera,
2146 5113 2406 5182 siquidem
2437 5115 2668 5170 voluerit
2707 5117 2945 5171 secundo
2999 5122 3224 5186 nubere,
3253 5137 3357 5176 non
3402 5123 3531 5178 sim-

1932 5206 2137 5274 pliciter
2168 5222 2339 5275 neqne
2369 5215 2570 5262 temere
2598 5208 2699 5264 hoc
2716 5209 2862 5274 facit,
2883 5212 2976 5266 sed
3001 5229 3122 5267 cum
3152 5215 3377 5284 legibus,
3410 5231 3531 5285 quas

1930 5308 2054 5352 sunt
2080 5315 2108 5352 a
2142 5299 2304 5353 Paulo
2333 5301 2540 5368 positae.
2579 5302 2712 5356 Dicit
2735 5304 2878 5358 enim
2910 5323 2921 5358 :
2969 5304 3153 5358 Libera
3206 5317 3279 5359 est
3305 5309 3387 5360 cui
3425 5310 3529 5362 vult

1931 5391 2134 5455 nubere,
2165 5403 2360 5446 tantum
2390 5394 2443 5446 in
2483 5392 2702 5448 Domino
2733 5394 2752 5466 (
2778 5398 2827 5449 1.
2859 5395 2976 5450 Cor.
3011 5398 3060 5449 7.
3097 5397 3165 5452 59
3195 5405 3253 5468 )z
3282 5397 3383 5454 hoc
3423 5413 3527 5470 est,

1929 5501 2050 5539 cum
2081 5486 2407 5540 continentia
2446 5495 2500 5539 et
2524 5487 2819 5540 honestate.
2874 5487 2965 5540 Sin
2997 5487 3226 5543 voluerit
3271 5504 3393 5544 cum
3431 5492 3529 5547 de-

1931 5579 2110 5632 functo
2136 5594 2350 5632 servare
2376 5579 2596 5644 lcedera,
2640 5579 2821 5632 audiet
2848 5581 3111 5648 repositas
3146 5583 3245 5638 sibi
3273 5598 3526 5652 coronas,

1931 5669 2296 5737 majoremque
2334 5670 2662 5723 alacritatem
2694 5670 2888 5738 capiet.
2923 5671 3130 5726 Beatior
3155 5675 3291 5728 enim
3308 5685 3404 5742 eu,
3439 5675 3525 5730 in-

1931 5761 2063 5832 quit,
2093 5762 2134 5814 si
2157 5761 2228 5814 sic
2250 5761 2486 5814 manserit
2514 5761 2534 5834 (
2565 5760 2700 5815 Ibid.
2736 5778 2782 5814 υ.
2817 5764 2886 5818 40
2906 5765 2947 5829 ).
