4006 6424
454 338 562 392 9.25

527 456 582 509 4.
613 452 768 507 Pauli
811 449 1079 521 sapientia.
1120 446 1284 500 Vidua
1311 445 1503 498 beatior
1549 444 1702 497 etiam
1737 443 1788 496 in
1820 442 2052 509 prmenti

456 545 664 600 sarculo.
694 541 988 597 Fornicatio
1035 553 1189 609 quant
1235 536 1418 606 turpis.
1442 533 1694 590 —-Vides
1745 549 1854 604 quo
1903 543 2056 602 pacto

454 634 705 690 omnibus
723 645 905 687 sermo
925 630 1014 684 ille
1039 629 1202 690 utilis,
1225 635 1280 682 et
1295 641 1356 681 se
1373 625 1440 680 ad
1462 625 1670 680 illarum
1693 624 2054 678 itilirtliitatcm

456 725 708 791 demittit,
731 732 785 777 et
813 723 942 776 istas
967 720 1079 775 suis
1100 718 1345 774 laudibus
1367 732 1472 772 non
1500 717 1818 771 defraudat?
1844 716 2054 770 Etenim

455 817 597 887 quod
627 815 694 869 de
723 813 923 884 nuptiis
951 821 1005 868 et
1034 810 1336 881 virginitate
1377 807 1525 874 fecit,
1556 809 1659 863 hoc
1684 817 1738 862 et
1766 807 1832 862 de
1860 807 2052 876 priori-

458 909 556 960 bus
581 915 635 960 et
682 903 934 958 secundis
993 902 1214 972 nuptiis.
1266 897 1728 966 Quemadmodum
1777 899 1922 953 enim
1952 897 2057 952 illic

456 1011 560 1050 non
581 993 810 1048 exclusit
851 993 1085 1062 nuptias,
1119 1000 1176 1044 ut
1203 1005 1270 1045 ne
1295 999 1480 1059 gravet
1507 987 1853 1052 inﬁrmiores,
1883 1001 2057 1056 neque

457 1089 830 1144 necessitatem
859 1084 1130 1156 imposuit,
1174 1091 1232 1136 ut
1283 1097 1351 1136 ne
1380 1081 1626 1136 volentes
1671 1080 1724 1133 in
1757 1079 2058 1149 virginitate

455 1183 672 1250 degere,
697 1178 981 1248 propositis
997 1176 1211 1232 coronis
1232 1174 1488 1245 spoliaret
1510 1189 1524 1226 :
1549 1171 1643 1227 sed
1669 1170 2058 1226 demonstravit

456 1270 672 1338 quidem
701 1271 868 1325 bonas
897 1283 1017 1324 esse
1045 1267 1277 1336 nuptias,
1301 1263 1593 1320 declaravit
1639 1271 1815 1317 autem
1865 1262 2053 1316 melio-

460 1377 572 1415 rem
597 1375 718 1417 esse
747 1359 1104 1431 virginitatem
1133 1374 1150 1422 ;
1178 1359 1248 1412 ita
1277 1366 1330 1412 et
1353 1355 1439 1409 hic
1467 1368 1679 1425 quoque
1700 1354 1837 1408 alios
1859 1353 2056 1423 gradus

458 1453 609 1520 ponit
649 1451 824 1518 nobis,
879 1453 1139 1520 majorem
1167 1449 1373 1504 scilicet
1396 1457 1452 1501 et
1499 1446 1864 1501 sublimiorem
1888 1445 2056 1499 altero

455 1547 707 1608 alterum,
737 1558 929 1612 nempe
945 1542 1258 1597 viduitatem
1285 1559 1298 1596 :
1321 1542 1546 1594 alterum
1569 1554 1698 1594 vero
1726 1539 2052 1602 inferiorem,

463 1653 657 1707 nempe
709 1636 974 1692 secundas
1015 1636 1228 1706 nuptias
1269 1651 1282 1688 :
1335 1643 1391 1690 et
1445 1631 1694 1687 fortiores
1746 1630 1962 1700 quidem
1993 1645 2057 1684 ac

459 1728 726 1783 transilire
739 1728 986 1783 nolentes
1001 1726 1068 1779 ad
1083 1735 1355 1781 certamen
1372 1733 1715 1794 prieparat,et
1733 1721 2058 1776 inﬁrmiores

459 1821 653 1875 cadere
694 1835 798 1874 non
831 1819 1107 1889 permittit.
1141 1817 1332 1870 Dicens
1360 1815 1501 1868 enim
1534 1832 1547 1870 :
1578 1813 1782 1867 Beatior
1806 1815 1940 1866 enim
1983 1823 2056 1866 est

459 1909 588 1962 sisic
603 1909 839 1962 manserit
855 1907 904 1980 (l
918 1947 932 1960 .
952 1907 1071 1961 Cor.
1089 1909 1143 1960 7.
1167 1907 1280 1973 40),
1299 1914 1357 1959 ut
1375 1921 1440 1958 ne
1460 1913 1616 1974 putes
1638 1903 1922 1957 humanam
1936 1917 2058 1958 esse

461 2002 656 2070 legem,
685 1999 927 2064 audiens,
956 1997 1120 2051 Juxta
1143 2012 1308 2050 meum
1323 1995 1610 2058 consilium,
1628 1992 1810 2048 subdit
1831 2010 1843 2046 :
1861 1991 2060 2064 Opinor

458 2101 629 2145 autem
651 2090 784 2160 quod
813 2099 861 2144 et
903 2105 994 2158 ego
1037 2088 1290 2160 Spiritum
1337 2085 1432 2140 Dei
1474 2086 1705 2139 habeam.
1735 2083 1852 2139 Non
1901 2085 2059 2154 igitur

461 2181 752 2236 humanum
787 2179 1074 2236 consilium
1103 2188 1188 2234 est
1217 2177 1300 2233 vel
1343 2186 1690 2248 pra-ceptum,
1733 2175 1827 2231 sed
1874 2175 2058 2246 gratiae

459 2272 691 2344 Spiritus
721 2271 983 2326 sententia
1013 2285 1078 2324 ac
1103 2269 1282 2323 divina
1334 2268 1440 2322 lex.
1474 2267 1678 2321 Idcirco
1720 2281 1788 2321 ne
1813 2275 2058 2336 putemus

458 2377 582 2418 esse
605 2363 750 2417 Pauli
779 2362 869 2432 qui
895 2363 1010 2416 hinc
1030 2360 1181 2423 dicit,
1208 2358 1302 2414 sed
1333 2357 1565 2427 Spiritus
1591 2358 1783 2422 sancti,
1812 2357 1902 2426 qui
1924 2356 2062 2410 hanc

463 2453 620 2508 nobis
651 2453 822 2522 legem
868 2450 1072 2506 condit.
1125 2449 1278 2518 Quod
1321 2462 1450 2504 vero
1499 2447 1648 2514 dicit,
1701 2445 1920 2516 Opinor,
1953 2461 2058 2500 non

457 2545 612 2615 quasi
663 2543 910 2598 nesciens
934 2541 1084 2607 dicit,
1123 2541 1219 2595 sed
1258 2539 1500 2594 modeste
1529 2552 1694 2608 agens
1719 2546 1774 2593 et
1819 2537 2058 2606 seipsuni

459 2636 767 2690 liuinilians.
796 2632 950 2702 Quod
976 2643 1154 2688 autem
1184 2633 1387 2686 beatior
1415 2633 1507 2698 sit,
1537 2630 1674 2684 dixit
1701 2629 1937 2700 quidem,
1965 2629 2060 2684 sed

459 2742 565 2781 non
590 2725 807 2796 adjecit,
830 2723 1101 2795 quomodo
1128 2722 1354 2788 beatior,
1404 2722 1690 2776 sufﬁcienti
1719 2721 2060 2776 demonstra-

460 2819 604 2874 tione
621 2817 766 2883 data;
794 2831 986 2886 nempe
1001 2817 1136 2869 hanc
1158 2828 1215 2868 se
1233 2830 1263 2868 a
1282 2813 1483 2882 Spiritu
1507 2812 1698 2867 afferre
1717 2823 2058 2867 sententiam.

458 2911 612 2980 Quod
667 2912 716 2965 si
745 2910 897 2964 voles
921 2911 1083 2962 etiam
1129 2908 1424 2961 rationibus
1463 2907 1767 2976 exquirere,
1805 2920 2059 2976 magnam

459 3002 978 3056 demonstrationum
995 2997 1204 3067 c0piam
1229 2997 1469 3052 invenies
1497 3015 1510 3048 :
1539 3007 1595 3050 et
1623 2996 1826 3050 videbis
1854 2995 2061 3050 beatio-

462 3107 578 3146 rem
605 3106 726 3146 esse
765 3088 1002 3153 viduam,
1055 3103 1162 3142 non
1201 3087 1376 3140 solum
1429 3086 1479 3140 in
1509 3087 1687 3140 futuro
1714 3087 1933 3153 saeculo,
1963 3086 2060 3141 sed

462 3185 626 3239 etiam
669 3183 721 3238 in
753 3190 1019 3253 praesente
1047 3181 1178 3234 vita.
1211 3179 1278 3233 Et
1323 3178 1464 3234 istud
1506 3181 1684 3249 ipsum
1709 3179 1939 3234 maxime
1966 3195 2063 3234 no-

462 3281 616 3328 verat
642 3272 865 3340 Paulus,
893 3271 944 3326 id
966 3271 1109 3341 quod
1131 3270 1199 3325 de
1222 3271 1515 3340 virginibus
1535 3270 1838 3324 insinuavit.
1863 3271 2063 3326 Admo-

462 3383 596 3421 nens
622 3366 766 3421 enim
797 3376 852 3420 et
879 3365 1168 3419 consulens
1195 3362 1496 3432 eligendam
1528 3377 1651 3418 esse
1677 3363 2058 3433 virginitatem,

463 3461 542 3513 sic
565 3457 778 3513 dicebat
808 3472 825 3510 ι
853 3456 1050 3526 Opinor
1074 3455 1209 3526 quod
1229 3453 1416 3508 bonum
1435 3453 1498 3507 sit
1517 3453 1705 3507 homini
1726 3457 1797 3510 sic
1815 3470 1922 3508 esse
1937 3470 2061 3524 pro-

463 3562 574 3622 pter
588 3551 858 3604 instantem
877 3545 1396 3614 necessitatemUbid.
1429 3561 1478 3600 υ.
1499 3544 1683 3616 26);ει
1707 3547 1895 3600 iterum
1930 3545 2064 3600 :Et-

471 3640 622 3694 iamsi
634 3639 858 3710 nupserit
874 3641 1036 3710 virgo,
1061 3655 1159 3691 non
1183 3638 1402 3707 peccavit
1419 3635 1578 3708 (Ibid.
1594 3652 1641 3690 υ.
1657 3639 1750 3706 '56)
1771 3655 1783 3691 :
1805 3637 2061 3708 virginem

467 3732 554 3786 hic
573 3731 758 3786 dicens
779 3746 885 3785 non
906 3747 1024 3785 eam
1046 3746 1167 3801 qua:
1185 3729 1525 3794 renuntiavit,
1545 3732 1636 3784 sed
1653 3745 1772 3786 eam
1787 3730 2064 3786 dumtaxat

466 3841 588 3894 qua:
615 3823 850 3878 nonduin
879 3823 1182 3893 conjugiuni
1222 3831 1441 3892 experta
1479 3832 1563 3878 est
1585 3863 1600 3888 ,
1631 3833 1686 3878 et
1714 3839 1820 3878 non
1869 3825 2061 3878 factam

465 3917 750 3972 obnoxiam
770 3929 1040 3986 perpetuae.
1069 3915 1386 3985 virginitatis
1415 3916 1791 3984 promissione.
1819 3915 2062 3970 Tribulu-

465 4015 652 4070 tionein
695 4021 864 4064 autem
894 4011 946 4062 in
985 4024 1139 4061 carne
1179 4007 1431 4060 habebunt
1483 4007 1569 4075 qui
1620 4009 1745 4061 tales
1787 4009 1888 4061 sint
1914 4025 1935 4062 :
1971 4025 2064 4078 ego

467 4111 638 4156 autem
661 4099 798 4154 vobis
823 4115 977 4170 parco
1003 4099 1023 4169 (
1049 4097 1187 4152 Ibid.
1217 4114 1265 4151 υ.
1290 4097 1362 4152 28
1400 4098 1441 4166 ).
1486 4097 1602 4152 Uno
1621 4099 1762 4152 enim
1806 4111 1862 4153 et
1911 4101 2062 4155 brevi

474 4194 579 4247 hoc
608 4192 770 4245 verbo
795 4189 1010 4259 reliquit
1031 4189 1253 4242 cordate
1277 4188 1529 4253 auditori,
1563 4198 1622 4242 ut
1646 4193 1824 4243 omnia
1850 4192 2065 4261 colligat

467 4294 524 4338 et
548 4281 836 4353 expendat,
865 4279 1084 4334 dolores
1129 4288 1332 4348 partus,
1363 4277 1707 4333 educationes
1754 4296 2062 4348 puerorum,

469 4391 676 4439 curam,
697 4370 1054 4436 inﬁrmitates,
1073 4379 1272 4425 mortes
1295 4368 1459 4422 intem
1468 4368 1717 4436 pestivas,
1739 4369 2062 4436 inimicitias,

466 4466 871 4527 contentiones,
929 4463 1224 4517 innumeris
1256 4461 1459 4514 servire
1505 4460 1786 4514 sententiis
1818 4501 1834 4526 ,
1876 4461 2066 4518 alienis

469 4557 624 4611 malis
650 4555 936 4609 obnoxiam
969 4552 1104 4618 ﬁeri,
1138 4551 1448 4605 innumeras
1479 4549 1718 4605 tristitias
1747 4551 1801 4604 in
1841 4567 1945 4606 una
1971 4569 2064 4609 sua

471 4648 650 4704 anima
679 4647 939 4717 recipere.
959 4651 1045 4700 Ab
1060 4645 1308 4700 omnibus
1338 4643 1443 4698 illis
1472 4644 1625 4698 malis
1646 4645 1920 4710 liberatur,
1949 4660 2067 4715 qua:

469 4739 856 4796 continentiam
902 4738 1252 4806 amplexatur,
1285 4745 1489 4792 etcum
1544 4737 1857 4793 liberatione
1909 4753 1939 4792 a
1991 4749 2067 4793 tot

471 4828 798 4901 injucundis,
834 4829 995 4883 etiam
1027 4829 1080 4882 in
1118 4829 1295 4882 futura
1323 4831 1432 4882 vita
1478 4845 1725 4899 magnam
1773 4830 2064 4900 repositam

473 4922 634 4976 habet
658 4921 986 4975 inci-cedem.
1020 4920 1144 4974 llaec
1174 4919 1332 4990 igitur
1357 4921 1536 4974 omnia
1569 4922 1822 4988 scientes,
1853 4923 2067 4977 studea-

472 5029 592 5068 mus
616 5009 831 5081 quidem
863 5010 1261 5080 primisnuptiis
1289 5024 1410 5066 esse
1433 5013 1694 5067 contenti.
1721 5013 1776 5067 Si
1803 5024 1981 5068 autem
2015 5023 2070 5069 et

469 5105 537 5160 ad
566 5103 829 5159 secundas
849 5103 1203 5170 adspiramus,
1236 5107 1325 5158 fiat
1353 5105 1453 5159 hoc
1481 5105 1693 5160 decenti
1722 5107 1879 5161 modo
1900 5117 1952 5162 ct
1974 5107 2068 5161 hac

469 5198 583 5253 bitu
630 5206 683 5251 et
731 5193 1031 5273 spetiiiduin
1063 5195 1270 5249 divinas
1319 5195 1484 5264 leges.
1527 5196 1752 5265 PrOpter
1794 5197 1894 5252 hoc
1917 5200 2066 5255 enim

467 5291 602 5347 dixit
633 5307 647 5343 :
693 5277 873 5362 Laberii
894 5298 966 5341 est
991 5287 1069 5341 cui
1096 5287 1202 5341 vult
1229 5289 1410 5341 nubere
1437 5303 1456 5342 :
1477 5300 1532 5343 et
1556 5290 1786 5344 subdidit
1809 5331 1824 5356 ,
1851 5289 2069 5345 Tantum

467 5388 517 5438 in
549 5365 765 5440 Domifib
790 5381 952 5453 (Ibid.
982 5399 1030 5436 υ.
1054 5381 1124 5438 59
1150 5386 1169 5451 )
1201 5397 1214 5434 :
1247 5382 1405 5436 simul
1427 5391 1483 5436 et
1525 5382 1789 5437 licentiam
1833 5384 1988 5451 dans,
2015 5392 2072 5440 et

471 5475 737 5530 licentiam
766 5475 1134 5540 'conﬁrmans,
1185 5485 1240 5529 ct
1284 5483 1600 5543 potestatein
1638 5477 1961 5543 concedens,
2016 5488 2070 5534 ct

473 5564 723 5634 pult‘Slall
749 5563 826 5618 illi
846 5565 1080 5635 undique
1103 5565 1248 5633 leges
1274 5579 1338 5619 ac
1360 5564 1616 5620 terminos
1646 5580 1849 5634 ponens
1878 5585 1888 5619 :
1925 5568 2070 5623 vide-

477 5657 603 5709 licet
626 5671 695 5710 ne
723 5657 951 5723 pollutos
974 5667 1029 5711 et
1051 5665 1335 5726 corruptos
1363 5657 1506 5711 viros
1553 5657 1607 5711 in
1633 5658 1850 5714 domum
1904 5660 2070 5714 intro-

477 5745 632 5798 iluczit
647 5744 924 5808 mulier,et
945 5757 1184 5816 stuprum
1207 5754 1498 5817 sectantes,
1522 5749 1615 5804 sed
1630 5766 1749 5804 cum
1767 5750 2068 5807 honestate.

1239 333 1296 390 S.
1335 329 1611 391 JOANNIS
1647 327 2119 385 CllllYSOSTOMl
2161 324 2478 384 ARCIIIEP.
2521 323 3060 381 CONSTANTINOP.

3663 329 3767 386 ΞΜ

2174 448 2227 492 et
2257 438 2538 503 modestia,
2561 453 2625 492 ac
2659 437 2879 508 pietate,
2914 446 2968 491 ut
3000 436 3183 492 omnia
3215 436 3268 492 in
3301 438 3527 508 gloriam
3562 439 3657 495 Dei
3687 457 3770 497 ce-

2165 527 2314 584 dant.
2342 531 2606 598 Quoniam
2632 529 2774 584 enim
2802 528 2998 597 sa-pius
3019 530 3201 583 multa:
3225 529 3480 585 mulieres
3499 531 3776 600 prioribus

2166 622 2290 674 viris
2318 621 2606 684 defunctis,
2648 620 2916 673 adulterio
2943 619 3090 688 prius
3117 619 3407 674 commisso
3436 621 3573 675 alios
3601 621 3772 675 intro-

2161 711 2451 775 duxerunt,
2483 721 2536 765 et
2552 711 2684 765 alias
2703 710 2964 779 pessimas
2981 710 3094 764 vias
3117 711 3492 780 excogitarunt
3515 727 3530 763 :
3557 721 3772 780 propter

2166 801 2266 856 hoc
2287 803 2502 872 adjecit,
2518 801 2740 855 Tantum
2759 803 2808 853 in
2827 798 3072 867 Domino,
3087 809 3146 855 ut
3161 801 3290 855 nihil
3308 801 3497 856 horum
3519 803 3775 858 secundae

2167 895 2364 963 nuptize
2392 893 2659 948 habeant:
2689 892 2768 946 sic
2793 893 2936 945 enim
2979 908 3008 944 a
3059 891 3376 948 criminibus
3415 892 3604 947 libera:
3654 907 3775 948 esse

2169 995 2438 1054 poterunt.
2491 984 2760 1053 Optimum
2808 983 2952 1037 enim
3001 983 3241 1036 omnium
3276 981 3413 1038 foret
3452 993 3774 1054 exSpectare

2165 1076 2504 1142 defunctum,
2537 1088 2592 1132 et
2617 1091 2836 1132 servare
2869 1075 3016 1144 leges
3035 1089 3156 1128 cum
3185 1075 3278 1128 illo
3307 1075 3468 1129 initas
3495 1076 3775 1130 continen—

2172 1170 2408 1239 tianique
2432 1169 2652 1238 eligere,
2683 1177 2738 1222 et
2783 1181 3003 1222 manere
3037 1182 3157 1220 cum
3189 1166 3392 1221 relictis
3420 1168 3627 1236 pueris,
3662 1183 3774 1220 ma-

2162 1259 2339 1329 jorem
2391 1259 2483 1313 Dei
2513 1257 2944 1315 ὺειιθνυιιειιιίίιιιι
2995 1257 3073 1312 sic
3097 1257 3451 1312 conciliando.
3485 1258 3552 1312 Et
3595 1259 3641 1317 si
3670 1275 3771 1327 qua

2165 1351 2406 1407 secundo
2437 1350 2640 1404 nubere
2679 1349 2876 1403 marito
2905 1349 3068 1412 volet,
3095 1363 3217 1401 cum
3265 1348 3525 1403 modestia
3573 1364 3638 1403 ac
3677 1349 3771 1402 ho-

2165 1452 2393 1507 nestate,
2425 1453 2480 1496 et
2516 1441 2912 1496 decentissimis
2941 1439 3147 1509 legibus
3189 1439 3292 1493 hoc
3321 1438 3517 1504 faciat;
3551 1455 3676 1492 nam
3719 1449 3772 1494 et

2166 1535 2267 1588 hoc
2298 1532 2660 1603 permittitur:
2699 1529 2982 1584 foriiicatio
3009 1540 3186 1583 autem
3215 1530 3326 1582 sola
3351 1537 3406 1583 et
3447 1529 3767 1582 adulterium

2165 1625 2532 1694 prohibentur.
2562 1623 2708 1678 llaiic
2743 1624 2900 1693 igitur
2927 1622 3192 1692 fugiamus
3221 1631 3278 1676 et
3307 1623 3568 1692 conjuges
3588 1635 3640 1678 et
3662 1638 3768 1676 (xe-

2164 1719 2322 1784 libes,
2349 1734 2416 1772 ne
2447 1716 2841 1772 dedecorcnius
2870 1715 3034 1768 vitam
3060 1732 3108 1768 in
3131 1725 3323 1781 strain,
3357 1731 3425 1769 ne
3456 1721 3619 1768 vitam
3645 1731 3767 1784 aga-

2165 1825 2282 1864 Inus
2305 1808 2602 1872 ridiculam,
2629 1822 2801 1875 neque
2827 1806 3125 1876 polluamus
3144 1820 3358 1875 corpus,
3382 1820 3558 1874 neque
3576 1807 3766 1859 malam

2163 1899 2550 1954 conscientiam
2584 1899 2636 1950 in
2683 1905 2917 1950 mentem
2949 1895 3287 1949 inducamus.
3317 1895 3600 1962 Quomodo
3625 1898 3764 1950 enim

2164 2001 2286 2061 post
2313 1988 2756 2045 consuetudinem
2797 2001 2918 2042 cum
2943 1987 3135 2040 scortis
3179 1985 3232 2039 in
3257 1985 3542 2040 ecclesiam
3587 1986 3766 2040 venire

2164 2080 2412 2151 poteris?
2452 2077 2726 2150 quomodo
2769 2092 2961 2132 manus
2985 2117 3001 2141 ,
3038 2075 3230 2146 quibus
3275 2087 3513 2130 scortum
3556 2085 3764 2130 contre-

2161 2173 2338 2239 ctasti,
2361 2172 2415 2226 in
2436 2173 2626 2228 caelum
2647 2171 2938 2226 extendere
2961 2167 3218 2222 audebis?
3240 2169 3511 2238 quomodo
3535 2168 3763 2239 linguam

2164 2282 2400 2332 movere,
2449 2275 2504 2321 et
2527 2279 2622 2320 ore
2674 2263 2764 2318 illo
2793 2263 3062 2326 invocare,
3092 2275 3199 2326 quo
3228 2271 3466 2314 scortum
3495 2261 3764 2314 osculatus

2163 2374 2224 2416 es
2244 2360 2268 2413 ?
2289 2359 2484 2430 quibus
2512 2359 2682 2412 oculis
2713 2356 3007 2411 intueberis
3055 2354 3258 2408 amicos
3289 2353 3670 2408 honestiores?
3700 2353 3764 2407 Et

2164 2451 2290 2522 quid
2320 2451 2441 2507 dico
2465 2451 2704 2505 amicos?
2738 2448 2960 2504 Etiamsi
2989 2448 3170 2502 nullus
3209 2446 3458 2502 conscius
3488 2449 3580 2512 sit,
3608 2455 3664 2500 tu
3690 2457 3764 2500 tc-

2166 2543 2339 2613 ipsuin
2379 2543 2588 2612 cogeris
2616 2543 2847 2596 maxime
2873 2541 3114 2594 omnium
3143 2539 3339 2594 rubore
3364 2553 3429 2593 ac
3452 2539 3762 2593 confusione

2166 2635 2507 2705 perfundere,
2530 2645 2584 2689 et
2600 2635 2832 2688 maxime
2853 2633 3092 2688 omnium
3128 2645 3328 2698 corpus
3372 2630 3650 2701 proprium
3675 2631 3761 2683 ab-

2166 2727 2411 2782 ominari.
2432 2726 2563 2780 Nam
2588 2728 2633 2781 si
2657 2725 2758 2780 hoc
2774 2741 2880 2779 non
2905 2734 3070 2789 esset,
3094 2739 3259 2794 quare
3283 2722 3351 2776 ad
3380 2724 3627 2776 balneum
3651 2733 3762 2791 post

2167 2830 2443 2888 peccatum
2475 2817 2602 2872 illud
2624 2815 2833 2872 curris?
2863 2815 3052 2871 Nonne
3071 2817 3191 2885 quia
3223 2816 3370 2869 omni
3396 2815 3509 2868 luto
3531 2816 3760 2868 immun-

2165 2909 2374 2965 diorcin
2407 2911 2638 2978 tcipsum
2678 2923 2799 2963 esse
2827 2905 3058 2963 Censes?
3097 2909 3269 2973 Quam
3314 2907 3471 2975 igitur
3509 2907 3760 2974 majorem

2168 2999 2518 3054 immunditia:
2546 3009 2648 3053 tua:
2666 2999 3037 3069 probationem
3064 2997 3282 3066 quieris,
3313 2997 3392 3050 vel
3415 3012 3577 3065 quam
3601 2997 3761 3050 Deum

2166 3101 2450 3162 exspectas
2478 3091 2799 3146 sententiain
2837 3090 3108 3153 daturum,
3161 3089 3382 3158 quando
3409 3098 3464 3141 tu
3512 3087 3648 3157 ipse,
3678 3089 3761 3156 qui

2167 3182 2454 3254 deliquisti,
2484 3183 2645 3236 talem
2669 3182 2736 3236 de
2765 3183 2914 3235 l'actis
2939 3181 3042 3235 tuis
3069 3181 3390 3234 sententiain
3423 3190 3578 3234 tenes
3605 3180 3628 3232 ?

2239 3275 2485 3328 Balneum
2509 3275 2696 3329 animi:
2713 3273 3122 3344 quale—Igitur
3147 3273 3291 3342 quod
3316 3271 3552 3341 impuros
3565 3287 3624 3326 se
3649 3287 3764 3326 esse

2166 3375 2407 3431 censent,
2464 3365 2623 3420 valde
2665 3364 2822 3419 laudo
2847 3373 2904 3420 et
2931 3364 3170 3436 approbo
3201 3381 3217 3429 ;
3246 3363 3387 3432 quod
3433 3373 3612 3418 autem
3661 3378 3760 3416 non

2168 3469 2373 3514 rectum
2391 3457 2706 3529 purificandi
2723 3459 2943 3512 modum
2979 3458 3232 3524 habeant,
3264 3458 3529 3526 improbo,
3560 3469 3615 3512 et
3637 3473 3757 3526 pro-

2167 3559 2350 3620 pterea
2375 3549 2730 3620 reprehendo.
2773 3549 2906 3604 Nam
2933 3549 2979 3604 si
3023 3549 3320 3620 corporalis
3364 3548 3572 3603 macula
3594 3559 3754 3612 esset,

2162 3644 2285 3714 jure
2298 3643 2610 3698 balneorum
2629 3643 3087 3713 pnriticationibus
3097 3657 3292 3713 corpus
3311 3643 3481 3712 ipsum
3497 3643 3762 3704 abluercs,

2168 3735 2401 3789 animam
2439 3745 2616 3787 autem
2643 3749 2764 3788 cum
2790 3732 3150 3803 coinquinaris
3176 3743 3230 3787 et
3258 3733 3522 3802 impuram
3559 3733 3762 3794 feceris,

2170 3826 2328 3880 talem
2347 3840 2528 3894 quazre
2545 3825 3113 3893 purificationem,qua:
3132 3824 3270 3877 illitis
3289 3824 3768 3877 inaculamabluei-e

2170 3919 2390 3987 poterit.
2418 3916 2572 3984 Quod
2600 3925 2782 3971 autem
2809 3927 2894 3971 est
2923 3916 3064 3970 illius
3093 3917 3334 3970 maculae
3349 3916 3597 3970 balneum
3618 3916 3641 3969 ?
3666 3915 3766 3969 Ca-

2172 4009 2265 4062 lidi
2316 4008 2672 4079 lacrymaruin
2720 4009 2917 4074 fontes,
2948 4009 3179 4077 gemitus
3219 4023 3250 4061 e
3293 4007 3555 4076 profundo
3596 4007 3769 4061 cordis

2169 4101 2544 4166 ascendentes,
2571 4101 2912 4170 compunctio
2939 4107 3216 4168 perpetua,
3250 4113 3435 4169 preces
3477 4101 3764 4163 coutinuie,

2170 4193 2546 4264 eleeinosynie,
2593 4202 2647 4247 et
2691 4193 3053 4262 eleemosynai
3107 4191 3289 4261 largi»,
3337 4207 3444 4244 non
3472 4191 3610 4244 ultra
3660 4190 3770 4244 llch

2175 4301 2338 4354 opera
2384 4294 2673 4349 attentare,
2721 4284 3082 4338 condemnare
3129 4283 3274 4352 quod
3319 4281 3518 4338 factum
3549 4292 3657 4338 est.
3699 4281 3770 4336 lta

2170 4377 2377 4448 peccati
2428 4387 2616 4432 natura
2645 4376 2903 4442 abluitur,
2948 4377 3020 4430 ita
3053 4385 3378 4446 expurgatur
3404 4375 3600 4430 anima:
3655 4391 3768 4430 ma-

2171 4467 2290 4522 cula
2319 4483 2335 4532 ;
2361 4477 2522 4538 atque
2574 4467 2714 4522 adeo
2744 4468 2790 4520 si
2822 4466 2938 4520 haec
2966 4481 3072 4519 non
3120 4466 3429 4532 fecerimus,
3459 4466 3671 4520 etiamsi
3720 4467 3767 4518 in

2171 4573 2360 4614 omnes
2380 4559 2659 4624 fluminum
2678 4560 2852 4613 fontes
2870 4557 3328 4625 dcscenderimus,
3353 4572 3528 4628 neque
3551 4573 3767 4626 parvam

2173 4650 2316 4702 illitis
2342 4652 2546 4719 peccati
2579 4658 2784 4718 partem
2829 4650 3102 4718 depellere
3129 4648 3444 4718 poterimus.
3488 4649 3602 4703 Iino
3633 4649 3769 4719 quod

2174 4740 2389 4806 melius,
2433 4757 2501 4796 ne
2531 4750 2855 4796 attenteiiius
2883 4741 2983 4795 hoc
3007 4740 3366 4795 abominabile
3392 4751 3689 4810 peccatum.
3719 4742 3772 4796 Si

2173 4834 2293 4900 quis
2317 4841 2497 4885 autem
2541 4833 2830 4902 aliquando
2867 4836 3237 4904 supplantatns
3269 4832 3447 4897 fuerit,
3497 4831 3615 4886 lnec
3646 4836 3769 4886 sub~

2170 4924 2322 4991 jiciat
2353 4923 2614 4988 remedia,
2664 4925 2809 4993 prius
2830 4928 3143 4994 promittens
3183 4941 3287 4977 non
3320 4925 3455 4978 ultra
3482 4939 3542 4978 se
3572 4925 3625 4978 iii
3657 4923 3770 4979 hinc

2176 5016 2570 5085 prolapsurum.
2621 5016 2782 5071 Certe
2812 5018 2856 5072 si
2912 5029 3196 5086 peccantes
3237 5017 3774 5076 condeinnaveriinns

2175 5109 2390 5177 quidem
2440 5124 2527 5174 ea,
2551 5124 2670 5178 qua:
2705 5109 2814 5178 jam
2848 5108 3093 5173 fecimus,
3125 5111 3314 5164 iterum
3363 5124 3543 5164 autem
3587 5112 3772 5165 eadem

2175 5210 2524 5266 attenteiiius,
2551 5201 2693 5254 nulla
2715 5202 2818 5256 erit
2845 5200 3230 5271 puriﬁcationis
3255 5201 3472 5254 utilitas.
3506 5204 3604 5269 Qui
3634 5204 3773 5257 enim

2176 5294 2431 5356 abluitur,
2461 5302 2517 5346 et
2540 5291 2730 5346 eodem
2759 5293 2871 5346 luto
2904 5293 3097 5346 iterum
3126 5294 3454 5362 inquinatur,
3483 5304 3538 5347 ct
3563 5296 3653 5361 qui
3683 5293 3774 5346 de-

2177 5387 2393 5440 molitur
2415 5386 2604 5440 iterum
2630 5385 2770 5456 quud
2789 5385 3092 5452 indiﬁcavit,
3120 5394 3176 5441 et
3201 5386 3290 5454 qui
3314 5384 3540 5440 aediﬁcat
3560 5387 3777 5442 iterum.

2179 5487 2234 5530 ut
2262 5476 2528 5541 destruat,
2560 5475 2690 5531 nihil
2723 5475 2868 5530 aliud
2911 5476 3037 5531 inde
3077 5476 3211 5530 lucri
3239 5475 3385 5543 facit,
3438 5493 3597 5547 quani
3639 5478 3776 5546 quod

2181 5567 2372 5622 fruSira
2403 5567 2609 5623 laborat
2650 5575 3064 5622 ctterumnosus
3090 5575 3192 5622 est.
3227 5568 3389 5636 Igitur
3408 5576 3466 5622 et
3489 5583 3589 5622 nos
3634 5584 3698 5622 ne
3729 5570 3775 5619 in

2181 5675 2374 5714 vanum
2425 5666 2481 5714 et
2521 5659 2714 5714 frustra
2745 5660 2904 5713 vitam
2946 5659 3297 5724 insumamus,
3351 5660 3524 5728 prium
3566 5672 3772 5732 peccata

2183 5768 2560 5824 expuraeinns,
2590 5765 2642 5807 ct
2673 5754 2812 5824 quod
2846 5754 3107 5825 reliquum
3120 5765 3203 5808 est
3223 5752 3344 5808 vine
3374 5756 3424 5807 in
3457 5752 3772 5807 continentia
