4006 6408
240 393 339 451 9‘25
1465 410 1550 465 DE
1582 410 1871 467 LIBELLO
1905 409 2208 469 REPUDII.
2246 410 2307 467 ll.

299 505 339 558 δ’
350 546 361 558 .
388 504 547 574 Ὁρᾷς
571 503 685 567 πῶς
710 505 915 559 ἅπασιν
941 510 967 561 6
990 509 1146 579 λόγος
1169 514 1460 585 χρήσιμος,
1483 521 1549 589 τῇ
1571 537 1629 573 τε
1659 521 1792 574 ἑκεί-

236 609 336 645 νων
361 590 613 662 ἀσθενείᾳ
656 595 1128 664 συγκαταϐαίνων,
1160 601 1255 653 καὶ
1287 601 1491 667 ταύτας
1530 605 1630 659 οὑκ
1659 608 1793 661 ἀπο-

234 677 433 749 στερῶν
461 676 570 730 τῶν
616 679 833 732 οἰκείων
866 681 1139 753 ἐπαίνωνς
1187 687 1365 760 Ὅπερ
1412 689 1523 762 γὰρ
1564 693 1658 745 ἐπὶ
1699 693 1792 747 τοῦ

232 765 399 833 γάμου
445 764 537 816 καὶ
575 765 668 817 ἐπὶ
700 766 801 837 τῆς
858 769 1154 838 παρθενίας
1206 773 1465 845 ἐποίησε,
1500 778 1660 832 τοῦτο
1699 781 1795 834 καὶ

232 851 320 903 ἐπὶ
347 851 436 904 τοῦ
462 852 728 923 προτέρου
774 855 952 925 γάμου
982 858 1194 912 καὶτοῦ
1221 861 1495 934 δευτέρου.
1527 866 1794 940 Καθάπερ

235 936 336 1009 γάρ
361 939 477 991 ἐκεῖ
504 940 605 992 οὑκ
632 940 925 995 ἀπέκλεισε
954 944 1045 998 τὸν
1090 947 1300 1017 γάμον,
1335 951 1421 1005 ἵνα
1471 952 1547 1026 μὴ
1578 936 1792 1028 βαρήσῃ

231 1031 349 1091 τοὺς
390 1027 850 1099 ἀσθενεστέρους,
894 1031 1018 1087 οὔτε
1072 1036 1320 1110 ἀνάγκην
1364 1042 1657 1114 ἐπέθηκεν,
1705 1027 1794 1101 ἵνα

233 1113 305 1185 μὴ
342 1114 464 1180 τοὺς
510 1115 868 1186 βουλομένους
900 1120 1253 1190 παρθενεύειν
1297 1113 1648 1204 ἀποστερήσῃ
1684 1134 1793 1187 τῶν

231 1202 488 1273 κειμένων
542 1205 843 1274 στεφάνων,
894 1209 1014 1262 ἀλλ’
1064 1211 1233 1278 ἔδειξε
1286 1215 1387 1284 μὲν
1423 1217 1504 1270 ὅτι
1554 1202 1721 1283 καλὸς
1764 1222 1793 1274 6

230 1290 430 1361 γάμος,
461 1292 698 1363 ἐδήλωσε
732 1296 791 1349 δὲ
829 1297 912 1351 ὅτι
947 1300 1214 1370 κρείττων
1244 1304 1278 1374 ή
1309 1303 1579 1376 παρθενία
1603 1324 1618 1340 υ
1649 1308 1794 1364 οὕτω

227 1377 287 1448 δὴ
311 1378 402 1431 καὶ
428 1379 666 1435 ἐνταῦθα
701 1383 863 1437 πάλιν
889 1387 1019 1455 ἡμῖν
1043 1388 1265 1457 ἑτέρους
1287 1389 1471 1462 τίθησι
1510 1392 1757 1464 βαθμοὺς
1774 1437 1789 1463 ,

226 1462 433 1524 δεικνὺς
463 1465 545 1517 ὅτι
594 1464 778 1536 μεῖζον
812 1470 911 1539 μὲν
958 1473 1054 1526 καὶ
1105 1473 1440 1548 ὑψηλότερον
1471 1478 1536 1532 τὸ
1565 1462 1665 1552 τῆς
1703 1498 1795 1555 χη-

230 1549 390 1619 ρείας,
428 1552 683 1625 δεύτερον
707 1556 765 1608 δὲ
808 1559 905 1612 καὶ
950 1559 1263 1633 κατώτερον
1287 1564 1350 1618 τὸ
1381 1565 1493 1619 τῶν
1519 1549 1794 1641 δευτέρων

228 1639 427 1729 γάμων,
451 1642 578 1729 τούς
605 1661 667 1729 τε
700 1646 1082 1717 ἰσχυροτέρους
1105 1653 1200 1706 καὶ
1222 1654 1297 1727 μὴ
1324 1658 1641 1728 μεταπηδᾷν
1670 1639 1793 1729 βου-

227 1720 484 1812 λομένους
495 1726 763 1812 ἀλείφων,
792 1731 1030 1798 καὶτοὺς
1049 1720 1472 1811 ἀσθενεστέρους
1494 1720 1597 1794 οὑκ
1610 1720 1793 1812 ἀφιεὶς

227 1809 422 1863 πεσεῖν.
445 1808 633 1863 Εἰπὼν
646 1810 774 1883 γὰρ,
796 1817 1213 1887 Μακαριωτέρα
1222 1819 1290 1874 δέ
1307 1808 1498 1888 ἐὰτιν,
1511 1822 1622 1879 ἐὰν
1637 1808 1792 1881 οὕτω

221 1890 408 1959 μείνῃ,
435 1891 523 1944 ἵνα
563 1893 636 1965 μὴ
667 1896 897 1968 νομίσῃς
938 1898 1280 1971 ἀνθρώπινον
1322 1900 1463 1960 εἶναι
1486 1908 1578 1961 τὸν
1602 1910 1789 1981 νόμον,

223 1978 446 2044 ἀκούων,
469 1984 634 2038 Κατὰ
654 1984 769 2054 τὴν
781 1986 937 2056 ἐμὴν
958 1989 1217 2061 γνώμην,
1236 1996 1487 2066 ἐπήγαγε
1506 2016 1521 2030 ·
1545 1978 1707 2054 Δοκῶ
1722 1978 1793 2056 δέ

225 2070 375 2140 κάγὼ
407 2073 650 2143 Πνεῦμα
677 2077 824 2132 Θεοῦ
847 2080 1033 2148 ἐχειν.
1064 2082 1178 2136 Οὑκ
1197 2082 1344 2154 ἔχεις
1365 2087 1550 2142 τοίνυν
1588 2091 1786 2157 εἰπεῖν,

221 2157 297 2211 ὅτι
324 2158 639 2233 ἀνθρωπίνη
671 2163 820 2217 ἐστὶν
847 2167 880 2237 ή
918 2165 1144 2239 γνώμη,
1174 2170 1311 2226 ἀλλά
1347 2174 1447 2244 τῆς
1474 2176 1568 2229 τοῦ
1619 2177 1789 2231 Πνεύ-

225 2258 378 2335 ματος
405 2244 630 2335 χάριτος
675 2248 707 2317 ή
747 2248 1054 2335 ἀπόφασις)
1116 2255 1211 2307 καὶ
1238 2254 1380 2321 θεῖος
1411 2259 1440 2310 6
1464 2258 1646 2330 νόμος.
1694 2263 1787 2335 Μὴ

220 2325 387 2409 τοίνυν
412 2328 627 2382 Παύλου
659 2330 971 2404 νομίζωμεν
992 2332 1130 2390 εἶναι
1162 2338 1334 2393 ταῦτα
1352 2325 1622 2409 λέγοντος,
1652 2325 1789 2400 ἀλλά

221 2407 305 2460 τοῦ
337 2410 696 2494 Παρακλήτου
722 2414 894 2469 ταῦτα
921 2418 1337 2488 νομοθετοῦντος
1356 2407 1506 2494 ἡμῖν.
1536 2407 1676 2480 Είνδὲ
1699 2427 1788 2481 λέ-

221 2507 318 2579 γει.
362 2492 550 2579 Δοκῶ,
578 2495 677 2565 οὑχ
706 2496 783 2561 ὡς
813 2497 914 2551 οὑκ
940 2499 1079 2570 ἔχων
1106 2500 1274 2570 λέγει,
1307 2492 1442 2559 ἀλλά
1481 2509 1788 2579 μετριάζων

222 2574 309 2664 καὶ
346 2577 649 2664 συστέλλων
677 2580 888 2664 ἑαυτόν.
921 2581 1044 2637 Ὅτι
1076 2584 1175 2655 μὲν
1201 2581 1294 2640 οὑν
1323 2574 1785 2664 [209Ῑ-μακαριω-

220 2656 342 2725 τέρα
365 2659 546 2741 έστὶν,
591 2656 748 2713 εῐπε⁸
811 2663 928 2728 πῶς
970 2664 1030 2718 δέ
1081 2656 1514 2741 μακαριωτέρα,
1555 2656 1670 2727 οὐχ’
1705 2673 1787 2728 ἔτι

220 2740 548 2825 προσέθηκεν
569 2781 584 2803 ,
627 2744 908 2814 ἀρκοῦσαν
952 2747 1227 2816 ἀπόδειξιν
1250 2750 1375 2815 δοὺς
1404 2740 1477 2806 τὸ
1514 2755 1667 2825 παρά
1689 2756 1785 2810 τοῦ

219 2821 520 2905 Πνεύματος
554 2826 801 2895 κομίζειν
829 2827 929 2899 τὴν
958 2831 1255 2900 ἀπόφασιν.
1306 2834 1370 2887 Εἰ
1402 2834 1459 2888 δὲ
1485 2821 1663 2905 βούλει
1693 2841 1788 2893 καὶ

221 2902 505 2992 λογισμοῖς
532 2906 788 2992 ἐξετάσαι
814 2949 829 2973 ,
894 2912 1095 2985 πολλὴν
1145 2902 1497 2984 ἀποδείξεων
1523 2921 1788 2992 εὐπορίαν

220 2985 432 3077 ἐνταῦθα
456 2990 749 3077 εὑρήσεις·
774 2992 870 3046 καὶ
897 2994 1017 3065 ὄψει
1045 2997 1144 3068 τὴν
1165 2999 1340 3071 χήραν
1365 2985 1787 3077 μακαριωτέραν

217 3064 390 3135 οὖσαν,
419 3072 479 3125 οὑ
513 3073 662 3127 κατὰ
684 3074 776 3129 τὸν
811 3077 1074 3147 μέλλοντα
1098 3064 1275 3134 αἰῶνα
1307 3064 1490 3152 μόνον,
1519 3064 1658 3140 ἀλλά
1687 3064 1788 3143 καὶ

219 3153 457 3240 κατάλιὸί
489 3156 739 3240 παρόντα
765 3158 899 3228 βίον.
929 3161 1040 3215 Καὶ
1062 3163 1218 3217 τοῦτο
1238 3166 1368 3220 αὐτὸ
1388 3167 1622 3240 μάλιστα
1647 3167 1787 3228 οἶδεν

217 3235 259 3322 6_
271 3236 486 3305 Παῦλος,
519 3238 556 3292 ὃ
584 3240 677 3293 καὶ
707 3242 835 3312 περὶ
875 3243 985 3296 τῶν
1022 3246 1312 3316 παρθένων
1342 3235 1562 3320 ᾐνίξατο
1587 3252 1785 3322 λέγων.

219 3319 488 3406 Παραινῶν
509 3323 626 3406 γάρ
649 3324 742 3378 καὶ
772 3325 1154 3396 συμϐουλεύων
1176 3330 1475 3403 παρθενίαν
1490 3319 1784 3406 αἱρεῖσθαι,

216 3400 346 3456 οὕτω
380 3422 496 3468 πως
523 3404 683 3475 ἔλεγε
703 3420 717 3434 ⁸
767 3408 992 3478 Νομίζω
1025 3409 1116 3465 ὅτι
1159 3400 1354 3467 καλὸν
1389 3400 1677 3485 ἀνθρώπῳ
1716 3400 1783 3473 τό

216 3484 387 3553 οὕτως
431 3485 592 3543 εῖναι
636 3486 735 3543 διὰ
777 3490 892 3559 τὴν
926 3493 1279 3548 ἐνεστῶσαν
1322 3496 1598 3567 ἀνάγκην
1621 3516 1635 3529 ο
1690 3501 1786 3555 καὶ

217 3569 366 3624 πάλιν
388 3610 403 3635 ,
430 3572 686 3628 Καὶιέἀν
712 3574 876 3644 γήμῃ
924 3576 964 3643 ὴ
996 3577 1315 3645 παρθένος,
1357 3581 1471 3649 οὐχ
1520 3581 1745 3651 ἥμαρτε
1766 3600 1782 3615 ο

216 3654 466 3724 παρθένον
491 3656 733 3711 ἐνταῦθα
758 3657 954 3727 λέγων,
972 3659 1033 3713 οὑ
1055 3660 1155 3732 τὴν
1183 3662 1625 3735 ἀποταξαμένην,
1648 3666 1783 3722 ἀλλά

216 3736 303 3806 τὴν
326 3738 719 3811 ἀπειρόγαμον.
733 3741 915 3812 μόνον,
939 3743 1036 3797 καὶ
1063 3745 1137 3815 μὴ
1159 3746 1460 3818 γενομένην
1486 3748 1783 3804 ὑπεύθυνον

214 3822 272 3890 τῇ
320 3822 415 3892 τῆς
445 3823 734 3894 διηνεκοῦς
773 3825 1071 3898 παρθενίας
1102 3829 1413 3900 ὑποσχέσει.
1465 3834 1685 3902 Θλίψιν
1713 3835 1785 3889 δὲ

214 3903 281 3987 τῇ
302 3908 472 3974 σαρκί
500 3908 758 3972 ἕξουσιν
787 3912 841 3963 οί
877 3911 1135 3966 τοιοῦτοι
1156 3929 1172 3942 ο
1228 3913 1344 3982 ἐγὼ
1370 3913 1440 3968 δὲ
1464 3915 1632 3985 ὑμῶν
1653 3920 1781 3987 φει-

211 3984 391 4058 δομαι.
435 3991 551 4045 Ἑνὶ
583 3992 692 4064 γάρ
737 3992 833 4046 καὶ
867 3992 1008 4065 ψιλῷ
1047 3995 1254 4065 ῥήματι
1296 3995 1474 4067 τούτῳ
1501 3984 1780 4054 κατέλιπε

211 4070 284 4141 τῷ
328 4074 586 4128 συνειδότι
642 4074 753 4128 τῶν
806 4075 1093 4146 ἀκροατῶν
1133 4076 1349 4131 ἅπαντα
1396 4079 1777 4147 ἀναλέξασθαι,

214 4153 304 4218 τάς
328 4155 537 4221 ὠδῖνας,
561 4156 663 4220 τάς
690 4156 1099 4228 παιδοτροφίας,
1121 4161 1221 4230 τὴν
1244 4162 1519 4230 φροντίδα,
1554 4165 1653 4228 τὰς
1682 4165 1780 4237 ἀρ-

216 4238 459 4306 ρωστίας,
482 4241 613 4302 τοὺς
637 4238 899 4303 θανάτους
925 4240 1053 4302 τοὺς
1076 4240 1309 4313 ἀώρους,
1343 4244 1442 4309 τὰς
1463 4247 1776 4316 ἀπεχθείας,

212 4317 303 4382 τὰς
326 4321 690 4389 φιλονεικίας,
739 4322 800 4375 τὸ
843 4321 1090 4393 γνώμαις
1132 4325 1356 4397 μυρίαις
1390 4327 1685 4391 δουλεύειν.
1720 4332 1780 4385 τδ

213 4399 312 4452 τῶν
337 4402 632 4473 ἀλλοτρίων
680 4404 869 4458 κακῶν
914 4406 1213 4461 ὑπεύθυνον
1253 4404 1425 4472 εῖναι,
1479 4411 1539 4465 τὸ
1580 4415 1789 4485 μυρίας

213 4484 551 4555 ἀναδέχεσθαι
588 4486 766 4551 λύπας
807 4488 937 4559 μίαν
973 4489 1204 4560 ἔχουσαν
1251 4492 1447 4564 ψυχήν.
1498 4484 1778 4552 Ἀπάντων

211 4565 266 4619 δὲ
299 4568 501 4622 τούτων
547 4570 949 4625 ἀπαλλάττεται
988 4572 1099 4625 τῶν
1155 4575 1339 4628 κακῶν
1370 4578 1403 4646 ή
1442 4577 1540 4648 τὴν
1577 4581 1781 4650 ἐγκρά-

212 4666 350 4704 τειαν
378 4652 638 4724 ἑλομένη,
683 4655 777 4707 καὶ
805 4653 944 4724 μετὰ
972 4656 1074 4727 τῆς
1113 4657 1225 4709 τῶν
1258 4658 1500 4730 ἀνιαρῶν
1536 4662 1781 4718 ἀπαλλα-

210 4730 306 4816 γῆς
338 4733 479 4788 κατά
526 4736 627 4806 τὴν
672 4736 974 4806 μέλλουσαν
1008 4737 1153 4809 ζωὴν
1196 4739 1362 4793 πολὺν
1385 4741 1500 4812 ἔχει
1527 4744 1778 4816 κείμενον

209 4814 294 4867 τὸν
326 4818 531 4887 μισθόν.
565 4818 732 4873 Ταῦτ’
764 4816 859 4874 οὖν
890 4820 1105 4876 ἅπαντα
1132 4823 1361 4890 εἰδότες,
1389 4814 1784 4900 σπουδάζωμεν.

210 4900 312 4961 τοῖς
339 4901 623 4973 προτέροις
645 4901 932 4974 ἀρκεῖσθαι
956 4903 1176 4976 γάμοις.
1207 4908 1303 4960 Ἂν
1322 4907 1379 4960 δὲ
1410 4909 1504 4963 καὶ
1531 4911 1624 4963 ἐπὶ
1652 4912 1774 4965 δευ-

207 4981 388 5065 τέρους
401 4985 950 5056 παρασκευαζώμεθα
962 4987 1327 5059 εἰσέρχεσθαι,
1345 4991 1483 5060 μετά
1498 4993 1589 5047 τοῦ
1608 5011 1778 5065 προσ-

209 5064 425 5134 ήκοντος
463 5067 667 5138 τρόπου
712 5067 808 5121 καὶ
851 5070 1157 5141 σχήματος,
1198 5073 1339 5143 μετά
1369 5076 1479 5129 τῶν
1514 5077 1608 5130 τοῦ
1639 5064 1775 5132 Θεοῦ

208 5146 399 5216 νόμων.
454 5148 556 5202 Διά
594 5148 750 5204 τοῦτο
787 5151 898 5222 γὰρ
935 5148 1108 5211 arma
1160 5156 1470 5225 Ἐλευθέρα
1514 5159 1689 5213 ἐστίν
1729 5155 1777 5228 ᾧ

210 5231 361 5313 θέλει
391 5232 724 5302 γαμηθῆναι
747 5252 762 5266 ·
804 5238 897 5289 καὶ⁹
922 5238 1193 5308 ἐπήγαγε,
1239 5241 1442 5294 Μόνον
1465 5243 1534 5294 ἐν
1557 5245 1770 5313 Κυρίῳ,

207 5312 336 5382 ὁμοῦ
361 5315 455 5368 καὶ
476 5316 661 5370 ἄδειαν
685 5317 879 5386 διδοὺς,
909 5320 1005 5373 καὶ
1037 5320 1291 5392 τειχίζων
1317 5323 1417 5391 τὴν
1442 5323 1644 5388 ἄδειαν,
1679 5312 1775 5384 καὶ

208 5393 447 5459 ἐξουσίαν
474 5398 752 5483 παρέχων,
774 5401 871 5454 καὶ
896 5405 962 5473 τῇ
992 5402 1210 5476 ἐξουσία
1234 5406 1397 5459 πάλιν
1421 5409 1592 5481 ταύτῃ
1615 5411 1775 5483 ὄρους

208 5478 300 5530 καὶ
323 5480 520 5549 νόμους
535 5481 704 5565 τιθεὶς
728 5487 1095 5558 πανταχόθεν·
1147 5484 1277 5553 οἷον,
1305 5489 1392 5543 ’ίνα
1430 5492 1505 5562 μὴ
1547 5478 1773 5565 μιαροὺς

209 5561 301 5613 καὶ
317 5561 757 5649 ’διεφθαρμένους
785 5567 985 5639 ἀνδρας
1013 5572 1093 5635 είς
1121 5572 1220 5644 τήν
1243 5573 1420 5627 οἰκίαν
1443 5561 1712 5649 εἰσαγάγῃ
1737 5579 1771 5648 ή

214 5643 365 5731 γυνὴ,
390 5644 424 5715 ἢ
448 5647 574 5709 τοὺς
604 5648 712 5731 ἀπὸ
730 5649 830 5721 τῆς
857 5654 1082 5722 σκηνῆς,
1108 5654 1141 5726 ἢ
1168 5643 1294 5719 τοὺς
1321 5657 1576 5726 πορνείας
1606 5643 1773 5731 πρὂσὲ

212 5724 465 5815 ἔχοντας-ο
510 5728 644 5815 ἀλλά
676 5731 812 5802 μετά
853 5724 1199 5805 σεμνότητος.
1236 5740 1371 5806 μετα
1396 5724 1770 5815 σωφροσύνης,

215 5808 345 5875 μετά
377 5811 679 5880 εὐλαϐείας,
710 5816 797 5869 ἵνα
832 5819 1005 5873 πάντα
1047 5821 1131 5885 είς»
1152 5820 1306 5886 δόξαν
1351 5808 1499 5876 Θεουγ
1521 5808 1768 5898 γένηται.

3364 423 3467 479 εει

1912 525 2130 609 Ἐπειδὴ
2164 527 2271 599 γάρ
2298 526 2487 582 πολλαὶ
2518 528 2775 594 πολλάκις
2803 533 3076 600 γυναίκες,
3108 535 3214 589 τῶν
3245 538 3477 609 πρώτων

1894 606 2330 679 τελευτησάντων
2359 609 2603 680 ἀνδρῶν,
2647 613 3014 682 μοιχευθεῖσαι
3040 606 3338 691 πρότερον,
3384 621 3470 676 οὑ-

1894 704 1972 742 τω
2004 691 2130 775 τοὺς
2175 690 2435 762 ὑστέρους
2469 695 2763 764 εἰσήγαγον
2783 735 2798 760 ,
2847 697 2942 750 καὶ
2975 690 3221 769 τρόπους
3255 702 3476 775 ἐτέρους

1898 773 2127 841 μιαροὺς
2185 775 2518 846 ἐπενόησαν,
2578 776 2667 830 διὰ
2717 777 2875 831 τοῦτο
2916 780 3204 851 ἐπήγαγε,
3274 773 3478 841 Μόνον

1891 854 1962 938 ἐν
1996 856 2188 923 Κιζριῳ
2210 873 2224 887 ·
2269 858 2353 912 ἵνα
2380 859 2546 931 μηδὲν
2576 861 2779 914 τούτων
2802 863 2831 915 6
2858 860 3109 934 δεύτερος
3134 865 3230 938 ἔχῃ
3258 869 3438 938 γάμος
3459 887 3474 901 ο

1892 936 2035 991 οὑτω
2066 938 2172 1012 γὰρ
2204 939 2489 1010 δυνήσεται
2533 943 2893 1014 ἐγκλημάτων
2925 936 3288 1019 ἀπηλλάχθαι.
3332 936 3475 1006 Πάνυ

1892 1036 2003 1104 των
2034 1020 2135 1104 μὲν
2179 1022 2287 1094 γάρ
2332 1023 2538 1093 βέλτιον
2569 1025 2863 1096 ἀναμένειν
2900 1029 2992 1083 τὸν
3026 1032 3474 1104 τετελευτηκότα,

1894 1102 1989 1156 καὶ⁹
2014 1103 2113 1167 τὰς
2142 1105 2277 1177 πρὸς
2307 1109 2516 1160 ἐκεῖνον
2539 1108 2813 1178 συνθήκας
2833 1110 3129 1183 διατηρεῖν,
3154 1115 3248 1168 καὶ
3272 1102 3474 1187 ἐγκρά-

1891 1201 2041 1268 τειαν
2084 1186 2388 1258 αἱρεῖσθαι,
2439 1190 2536 1243 καὶ
2581 1193 2693 1253 τοῖς
2726 1193 3163 1263 καταλειφθεῖσιν
3192 1186 3474 1268 ἐπιμένειν

1894 1267 2149 1334 παιδίοις,
2177 1270 2272 1322 καὶ
2298 1270 2450 1342 παρὰ
2472 1271 2569 1325 τοῦ
2596 1273 2732 1327 Θεοῦ
2760 1273 2981 1330 πλείονα
2998 1275 3095 1347 τὴν
3116 1267 3329 1333 εὔνοιαν
3361 1282 3475 1334 ἐπι-

1894 1350 2225 1405 σπάσασθαι.
2269 1352 2369 1406 Ἂν
2400 1353 2446 1407 δ’
2468 1355 2577 1424 ἄρα
2608 1373 2693 1421 τις
2734 1358 2968 1431 βουληθῇ
3001 1360 3252 1432 δεύτερον
3284 1365 3472 1417 ἐπεισ-

1893 1437 2121 1502 αγαγεῖν
2149 1435 2403 1506 νυμφίον,
2429 1438 2568 1507 μετά
2599 1441 2988 1513 σωφροσύνης,⁸
3012 1443 3152 1512 μετά
3207 1445 3473 1514 σεμνότη-

1893 1534 2000 1580 τος.
2026 1517 2167 1586 μετά
2181 1519 2291 1572 τῶν
2313 1521 2701 1591 προσηκόντων
2729 1523 2908 1595 νόμων
2923 1543 2935 1555 ·
2965 1528 3061 1579 καὶ
3080 1527 3190 1598 γὰρ
3205 1529 3474 1584 καὶτοῦτο

1892 1602 2135 1669 ἐφεῖται,
2165 1604 2394 1675 πορνεία
2433 1603 2490 1658 δὲ
2536 1605 2841 1662 κεκώλυται
2878 1609 3039 1678 μόνον
3086 1612 3181 1665 καὶ
3236 1612 3470 1682 μοιχεία.

1892 1682 2109 1755 Ταύτην
2144 1684 2322 1738 τοίνυν
2371 1686 2685 1758 φεύγωμεν,
2718 1691 2811 1744 καὶ
2844 1692 2893 1744 οἰ
2926 1694 3192 1760 γυναῖκας
3236 1693 3472 1763 ἔχοντες,

1892 1766 1988 1818 καὶ
2015 1767 2065 1820 οἱ
2094 1767 2169 1839 μὴ
2194 1768 2438 1838 ἔχοντεςο
2471 1771 2567 1824 καὶ
2607 1772 2683 1842 μὴ
2710 1774 3162 1847 καταισχύνωμεν
3188 1776 3346 1848 ήμῶν
3384 1777 3474 1831 τὸν

1894 1849 2028 1920 βίον,
2054 1850 2191 1922 μηδέ
2208 1852 2611 1921 καταγέλαστον
2638 1855 2822 1926 ζῶμεν
2853 1857 3000 1928 ζωὴν
3019 1900 3035 1924 ,
3065 1860 3202 1930 μηδὲ
3229 1859 3471 1931 μολύνω-

1893 1949 1994 2004 μεν
2020 1933 2082 1987 τὸ
2116 1934 2308 2005 σῶμα,
2365 1936 2501 2007 μηδέ
2539 1938 2778 2010 πονηρὸν
2822 1940 3063 2005 συνειδὸς
3098 1944 3181 2006 είς
3210 1942 3311 2016 τὴν
3354 1944 3473 1997 διά-

1889 2032 2039 2069 νοιαν
2086 2017 2489 2089 εἰσαγάγωμεν.
2549 2018 2673 2084 Πῶς
2705 2021 2816 2091 γάρ
2860 2023 2941 2086 εἰς
2970 2024 3267 2095 ἐκκλησίαν
3296 2024 3475 2078 ἐλθεῖν

1888 2099 2092 2172 δυνήσῃ
2137 2099 2278 2169 μετά
2311 2100 2410 2172 τὴν
2455 2102 2592 2173 πρὸς
2617 2101 2768 2175 [210]
2820 2105 2918 2169 τὰς
2963 2107 3169 2177 πόρνας
3216 2108 3473 2177 όμιλίαν;

1890 2181 2008 2246 πῶς
2033 2183 2132 2246 τάς
2181 2186 2371 2255 χεῖρας
2405 2187 2486 2248 εἰς
2514 2184 2607 2239 τὸν
2629 2186 2856 2257 οὐρανὸν
2894 2188 3195 2251 ἀνατεῖναι,
3254 2184 3345 2254 αἷς
3373 2189 3473 2260 τὴν

1889 2263 2095 2335 πόρνην
2132 2265 2602 2337 περιελάμϐανεςς
2653 2267 2772 2333 πῶς
2819 2271 3039 2340 κινῆσαι
3087 2271 3353 2340 γλῶτταν,
3379 2275 3469 2327 καὶ

1886 2348 1965 2420 τῷ
1994 2350 2222 2419 στόματι
2252 2349 2481 2403 καλέσαι
2513 2349 2711 2422 τούτῳ,
2739 2344 2784 2419 ᾧ
2806 2353 2907 2423 τὴν
2934 2354 3142 2426 πόρνην
3176 2355 3466 2426 ἐφίλησαςς

1887 2431 2062 2495 ποίοις
2088 2432 2384 2503 ὀφθαλμοῖς
2404 2432 2526 2501 ὄψει
2557 2433 2666 2487 τῶν
2705 2435 2876 2503 φίλων
2905 2437 3030 2500 τοὺς
3070 2438 3428 2509 σεμνοτέρους
3454 2452 3466 2501 ς

1888 2516 1997 2570 Καὶ
2019 2516 2072 2569 τί
2096 2516 2237 2585 λέγω
2257 2517 2383 2580 τοὺς
2406 2517 2590 2586 φίλους
2613 2533 2629 2578 ;
2662 2516 2780 2570 Κᾶν
2805 2518 2915 2590 γὰρ
2943 2519 3133 2590 μηδεὶς
3151 2523 3180 2575 6
3214 2520 3465 2583 συνειδὼς

1885 2595 2067 2673 ﬁ,ch
2126 2599 2321 2652 σαυτὸν
2368 2599 2762 2673 ἀναγκασθήσῃ
2808 2602 2916 2673 πρὸ
2963 2603 3180 2657 πάντων
3210 2604 3460 2675 ἐρυθριᾷι

1888 2670 1983 2736 καῖ
2011 2680 2384 2752 αἰσχύνεσθαι,
2437 2683 2533 2735 καὶ
2561 2670 2777 2738 πάντων
2809 2670 3008 2755 μῶλον
3037 2685 3099 2738 τὸ
3128 2670 3323 2741 ἐαυτοῦ

1886 2762 2169 2817 λύττεσθαι
2200 2764 2377 2833 σῶμα.
2437 2766 2499 2818 Εἰ
2526 2765 2633 2835 γὰρ
2671 2767 2745 2837 μὴ
2777 2766 2937 2820 τοῦτο
2964 2762 3062 2838 ἦν,
3109 2769 3253 2832 τίνος
3281 2768 3460 2821 ἕνεκεν

1886 2847 1980 2898 ἐπὶ
2010 2846 2288 2916 βαλανεῖον
2323 2849 2460 2917 μετά
2489 2848 2588 2918 τὴν
2633 2849 2908 2920 ἁμαρτίαν
2953 2849 3168 2920 τρέχεις
3210 2850 3462 2919 ἐκείνηνς

1884 2930 1986 2983 οὑκ
2017 2929 2205 2999 ἐπειδὴ
2249 2928 2510 3001 βορϐόρου
2557 2931 2758 2995 παντὸς
2799 2931 3236 3003 ἀκαθαρτότερον
3277 2930 3465 2984 ἑαυτὸν

1885 3007 2029 3066 εἶναι
2050 3012 2325 3082 νομίζεις;
2360 3012 2528 3066 Ποίαν
2570 3013 2765 3084 ἑτέραν
2791 3011 2973 3083 ζητεῖς
3009 3013 3233 3083 μείζονα
3255 3013 3468 3067 ἀπόδεια

1887 3095 1968 3160 ξιν
1991 3095 2094 3166 τῆς
2134 3095 2243 3149 τῶν
2275 3096 2654 3167 γεγενημένων
2706 3096 3070 3167 ἀκαθαρσίας,
3117 3097 3152 3167 ἢ
3195 3096 3319 3151 τίνα
3376 3096 3468 3151 τὸν

1884 3178 2019 3232 Θεὸν
2040 3179 2346 3250 προσδοκᾷς
2366 3178 2545 3250 ψῆφον
2567 3179 2754 3244 οἴσειν,
2776 3180 2905 3233 ὅταν
2930 3180 2959 3232 6
2983 3179 3163 3248 πεπλη
3172 3178 3468 3249 μμεληκὼς

1888 3266 1953 3318 σὺ
1982 3262 2241 3334 τοιαύτην
2264 3261 2394 3331 περὶ
2420 3261 2528 3315 τῶν
2554 3261 2938 3333 γεγενημένων
2974 3260 3201 3331 γνώμην
3229 3261 3395 3331 ἕχῃς;

1956 3347 2079 3400 Ὅτι
2108 3345 2209 3416 μὲν
2231 3341 2325 3398 οὖν
2350 3344 2695 3417 ἀκαθάρτους
2729 3345 2954 3408 ἑαυτοὺς
2993 3339 3135 3397 εἶναι
3158 3343 3464 3413 νομίζουσι.

1887 3428 2091 3499 σφόδρα
2134 3427 2342 3481 ἐπαινῶ
2373 3426 2468 3481 καὶ
2507 3427 2871 3498 ἀποδέχομαι·
2909 3427 2991 3480 ὅτι
3034 3425 3091 3479 δέ
3119 3425 3218 3479 οὑκ
3250 3426 3343 3478 ἐπὶ
3374 3423 3466 3478 τὸν

1885 3510 2230 3582 προσήκοντα
2260 3508 2370 3562 τῶν
2388 3508 2699 3580 καθαρσίων
2720 3508 2969 3580 ἔρχονται
2995 3508 3219 3580 τρόπον,
3249 3507 3467 3577 ἐγκαλῶ

1882 3592 1973 3645 διὰ
2010 3592 2171 3645 τοῦτο
2214 3592 2310 3645 καὶ
2349 3591 2656 3663 μέμφομαι.
2711 3592 2772 3644 Εἰ
2809 3591 2909 3660 μὲν
2949 3589 3059 3661 γὰρ
3100 3589 3412 3659 σωματικδς
3437 3591 3466 3642 6

1883 3674 2054 3745 ῥύπος
2107 3669 2198 3745 ἦν,
2250 3674 2474 3736 εἰκότως
2522 3676 2637 3735 τοῖς
2672 3673 2782 3726 τῶν
2823 3672 3117 3742 βαλανείων
3158 3670 3466 3742 καθαρμοῖς

1882 3756 2077 3810 ἐαυτὸν
2101 3756 2423 3827 ἀπέσμηχες
2440 3771 2453 3784 ·
2500 3755 2602 3827 τὴν
2630 3755 2687 3808 δὲ
2714 3754 2892 3826 ψυχὴν
2918 3754 3343 3825 καταρῤυπάνας
3371 3753 3466 3808 καὶ

1881 3841 2115 3911 ποιήσας
2145 3839 2475 3911 ἀκάθαρτον.
2504 3837 2747 3892 τοιοῦτον
2782 3838 2935 3909 ζήτει
2962 3836 3282 3907 καθάρσιον,
3310 3835 3340 3887 ὃ
3364 3834 3463 3906 τὴν

1880 3922 2095 3994 ἐκείνης
2134 3922 2325 3995 κηλῖδα
2351 3922 2667 3993 ἀποσμῆξαι
2711 3920 3019 3993 δυνήσεται.
3062 3921 3220 3973 Ποῖον
3262 3918 3319 3972 δέ
3347 3922 3463 3974 ἐστι

1879 4007 1977 4077 τῆς
2004 4005 2261 4077 τοιαύτης
2278 4004 2555 4077 ἁμαρτίας
2575 4004 2635 4057 τὸ
2656 4003 2935 4075 βαλανεῖον
2950 4019 2965 4069 ;
2983 4002 3197 4074 Θερμαὶ
3211 4001 3462 4073 δακρύων

1879 4087 2087 4158 πηγαὶ,
2136 4087 2431 4158 στεναγμοὶ
2478 4085 2721 4141 κάτωθεν
2765 4085 2876 4140 ἀπὸ
2920 4085 3147 4156 καρδίας
3198 4086 3461 4149 ἀνιόντες,

1880 4170 2172 4238 κατάνυξις
2218 4170 2510 4242 διηνεκὴς,
2553 4170 2713 4241 εὐχαὶ
2766 4169 3036 4234 ἐκτενεῖς,
3076 4168 3460 4240 ἐλεημοσύναι,

1880 4253 1974 4307 καὶ
2000 4252 2362 4324 ἐλεημοσύναι
2406 4251 2669 4323 δαψιλεῖς.
2701 4250 2762 4304 τὸ
2804 4250 3147 4320 καταγνῶναι
3174 4251 3281 4304 τῶν
3306 4267 3463 4319 γεγε-

1878 4334 2221 4407 νημένων,τδ
2246 4333 2445 4408 μηκέτι
2468 4336 2583 4398 τοῖς
2611 4335 2796 4399 αὑτοῖς
2823 4333 3169 4404 ἐπιχειρῆσαι
3199 4332 3460 4403 πράγμα-

1880 4435 1964 4472 σιν
1985 4434 2000 4450 °
2036 4416 2211 4481 οὑτως
2241 4416 2517 4507 ἁμαρτίας
2542 4416 2921 4507 ἀποσμήχετριι
2950 4413 3131 4507 φύσις,
3164 4413 3335 4507 οὕτως
3359 4413 3461 4507 ἐκ·

1879 4499 2200 4571 καθαίρεται
2225 4501 2324 4570 τῆς
2349 4499 2528 4570 ψυχῆς
2549 4501 2578 4552 ό
2611 4499 2782 4568 ῥύπος
2799 4515 2814 4530 ο
2841 4498 2983 4551 ὥστε
3008 4497 3103 4551 ἐὰν
3131 4497 3207 4567 μὴ
3237 4497 3460 4550 τοιαῦτα

1878 4583 2155 4653 ποιῶμεν,
2200 4580 2301 4635 κάν
2347 4583 2567 4643 ἁπάσας
2596 4581 2706 4635 τῶν
2737 4579 2999 4650 ποταμῶν
3033 4578 3329 4650 διέλθωμεν
3359 4578 3458 4641 τὰς

1877 4664 2085 4737 πηγὰς,
2114 4664 2235 4718 οὐδὲ
2273 4664 2467 4735 μικρὸν
2491 4663 2593 4734 τῆς
2629 4663 2903 4735 ἁμαρτίας
2931 4663 3138 4733 ταύτης
3163 4660 3458 4732 ὑφελέσθαι

1853 4736 2220 4818 ίδυνησόμεθα
2252 4746 2439 4818 μέρος.
2470 4746 2544 4799 Τδ
2579 4746 2678 4818 μὲν
2705 4742 2798 4799 οὑν
2830 4747 3072 4817 ἄμεινον,
3111 4745 3311 4817 μηκέτι
3338 4749 3457 4798 πεῖ-

1879 4849 1979 4904 ραν
2002 4831 2189 4885 λαϐεῖν
2218 4830 2321 4900 τῆς
2351 4831 2601 4902 μυσαρᾶς
2621 4829 3150 4901 ταύτηςάμαρτίας.
3181 4829 3243 4882 Εἰ
3268 4829 3312 4881 δῖ
3346 4828 3455 4898 ἄρα

1877 4934 1960 4979 τις
1988 4914 2353 4982 ὑπεσκελίαοη
2378 4914 2526 4978 ποτε,
2554 4912 2731 4968 ταῦτα
2754 4912 3043 4966 ἐπιτιθέτω
3068 4912 3138 4966 τά
3162 4912 3454 4983 φάρμακα,

1877 5000 2139 5070 πρότερον
2160 4997 2528 5067 ὑποσχόμενος
2547 4995 2743 5067 μηκέτι
2770 4997 2881 5059 τοῖς
2905 4994 3087 5058 αὑτοῖς
3115 4995 3453 5067 περιπεσεῖν.

1888 5081 1976 5145 Ὠς
1996 5080 2519 5151 ἐάνάμαρτάνοντες
2545 5077 3046 5149 καταγινώσκωμεν
3073 5076 3181 5132 τῶν
3228 5077 3328 5149 ήδη
3362 5094 3457 5145 γε-

1876 5163 2212 5235 γενημένων,
2261 5163 2422 5217 πάλιν
2447 5161 2502 5215 δέ
2529 5164 2642 5225 τοῖς
2666 5162 2851 5225 αὑτοῖς
2886 5160 3272 5233 ἐπιχειρῶμεν,
3300 5158 3453 5213 οὑδέν

1876 5250 2006 5319 ἡμῖν
2038 5246 2231 5318 ὄφελος
2265 5245 2418 5300 ἔσται
2446 5245 2556 5299 τῶν
2593 5244 2927 5317 καθαρσίων.
2972 5243 3031 5297 '0
3057 5243 3167 5313 γὰρ
3192 5241 3452 5295 ἀπολουό-

1879 5330 2181 5402 μενος,κώ
2204 5328 2283 5400 τῷ
2307 5327 2459 5400 αὑτῷ
2484 5328 2648 5385 πάλιν
2677 5324 3152 5396 ἐγκυλινδούμενος
3181 5321 3446 5392 βορϐόρῳ.

1875 5416 1971 5469 καὶ
2008 5415 2037 5467 6
2077 5412 2357 5484 καθαιρῶν
2392 5410 2557 5496 πάλιν
2595 5408 3090 5496 ὅπερῴκοδόμῃσε,
3124 5406 3220 5496 καὶ
3243 5404 3451 5496 οίκρδοί

1878 5497 1995 5567 μῶν
2028 5496 2210 5559 πάλιν,
2241 5496 2329 5550 ἵνα
2357 5493 2584 5565 καθέλῃ,
2615 5493 2767 5546 οὐδὲν
2797 5489 3068 5561 κερδαίνει
3097 5486 3280 5553 πλέον,
3320 5488 3364 5555 ἢ⁴
3388 5488 3451 5539 τὸ

1875 5580 2108 5651 περιττά
2130 5578 2398 5633 ποιεῖσθαι
2423 5576 2516 5630 καὶ
2531 5573 2913 5663 ταλαιπωρεῖν.
2936 5571 3046 5663 Kal
3067 5570 3226 5663 ήμεῖς
3249 5569 3443 5663 τοίνυν,

1877 5662 1964 5716 ἵνα
1997 5662 2071 5732 μὴ
2122 5663 2298 5732 μάτην
2325 5658 2460 5731 μηδέ
2500 5657 2623 5726 εἰκῆ
2654 5656 2752 5725 τὴν
2793 5652 2937 5724 ζωὴν
2971 5651 3351 5722 ἀναλώσωμεν,
3380 5651 3447 5705 τὰ

1876 5745 2115 5815 πρότερα
2154 5742 2523 5812 ἁμαρτήματα
2556 5736 2984 5806 ἐκκαθάρωμεν,
3036 5735 3130 5790 καὶ
3182 5733 3272 5787 τὸν
3329 5734 3447 5787 ἐπίο

1875 5825 2058 5880 λοιπον
2090 5824 2302 5880 ἅπαντα
2346 5821 2463 5894 βίον
2513 5821 2572 5879 ἐν
2627 5818 2946 5893 σωφροσύνῃ
2995 5818 3088 5875 καὶ
3130 5817 3447 5891 κοσμιότητι
