4006 6438
522 394 633 452 9.25

517 509 612 563 καὶ
634 511 702 581 τῇ
732 509 888 579 λοιπῇ
919 508 1264 580 διαγάγωμεν
1292 509 1462 580 ἀρετῇ
1488 526 1501 541 ο
1570 510 1660 563 ἵνα
1707 512 1802 565 καὶ
1831 510 1924 566 τὸν
1965 510 2097 564 Θεδν

515 593 730 665 ιχοντες
769 593 953 655 ἵλεων,
1017 593 1118 660 τῆς
1161 591 1436 663 βασιλείας
1485 592 1593 647 τῶν
1636 593 1882 665 οὐρανῶν
1908 594 2099 648 ἐπιτύ-

518 693 731 746 λωμεν.
782 676 962 746 χάριτι
1004 676 1098 728 καὶ
1144 674 1526 747 φιλανθρωπίᾳ
1558 675 1657 728 τοῦ
1704 676 1911 747 Κυρίου
1943 676 2100 745 ημῶν

1219 399 1277 454 S.
1318 399 1603 456 JOANNIS
1632 403 2117 463 CHRYSOSTOMI
2150 408 2470 466 ARCIIIEP.
2508 410 3060 470 CONSTANTINOP.

3682 379 3779 436 226

2214 508 2390 663 Ἰησῃῦ
2409 508 2672 580 Χριστοῦ,
2692 503 2739 579 ᾧ
2757 513 2789 582 ἡ
2807 511 2934 576 δόξα
2953 511 3033 575 είς
3050 510 3177 574 τοὺς
3199 506 3403 570 αἰῶνας
3429 504 3541 560 τῶν
3566 503 3784 558 αίὼνων.

2218 592 2322 661 ’Λμ
2361 611 2410 645 ν.

2218 592 2410 661 Ἀμήν.

1354 999 1503 1072 [2⁸η
1563 1010 2146 1097 ΕΓΚΩΜΙΟΝ
2201 1011 2374 1096 ΕΙΣ
2421 999 2949 1098 ΜΑΞΙΜΟΝ

1462 1164 1567 1217 Καὶ
1598 1165 1732 1233 περὶ
1764 1164 1871 1219 τοῦ
1900 1167 2077 1233 ποίας
2101 1165 2197 1220 δεῖ
2221 1166 2469 1236 ἄγεσθαι
2503 1164 2816 1237 γυναῖκας.

576 1469 646 1518 α’.
670 1463 795 1516 Ὅτι
822 1463 921 1533 μὲν
945 1460 1282 1533 ἀπελείφθην
1301 1461 1456 1533 ὑμῶν
1478 1450 1547 1534 τῇ
1568 1463 1913 1535 παρελθούσῃ
1943 1464 2107 1517 συνά-

508 1550 612 1616 ξει,
632 1547 865 1619 ἦλγησω
883 1548 968 1601 ὃτι
998 1547 1057 1600 δέ
1086 1546 1492 1617 πλουσιωτέρας
1518 1546 1866 1600 ἀπελαύσατε
1897 1545 2101 1618 τραπέ-

509 1633 631 1703 ζης.
654 1632 853 1703 ἣσθην.
883 1631 943 1684 Ὅ
966 1630 1075 1703 γὰρ
1098 1630 1216 1701 μετ’
1240 1629 1375 1701 ἐμοῦ
1392 1630 1484 1683 τὸν
1512 1630 1676 1698 ζυγὸν
1695 1631 1891 1695 ἕλκων,
1916 1630 2018 1701 τήν
2043 1645 2101 1681 τε

508 1716 727 1769 αῦλακα
757 1714 946 1785 πρώην
973 1716 1110 1783 ἡμῖν
1140 1713 1393 1783 ἀνέτεμε,
1424 1714 1518 1767 καὶ
1545 1714 1613 1767 τὰ
1648 1713 1942 1784 σπέρματα
1967 1729 2101 1766 κατ-

509 1797 669 1854 έϐαλε
700 1797 911 1867 δαψιλεῖ
954 1796 1169 1866 γλώττῃ
1188 1835 1202 1857 ,
1245 1796 1341 1848 καὶ
1379 1794 1517 1865 μετά
1546 1792 1746 1865 πολλῆς
1778 1797 1877 1866 τῆς
1909 1797 2103 1865 ἐπιμε-

508 1881 661 1945 λείας
694 1879 1010 1951 ἐγεώργησε
1038 1877 1138 1942 τὰς
1177 1878 1448 1948 ὑμετέρας
1484 1878 1679 1947 ψυχάς.
1714 1877 1900 1931 Εῖδετε
1929 1877 2101 1946 γλῶτ-

508 1980 608 2017 ταν
642 1960 1166 2033 ἐκκεκαθαρμένην,
1210 1960 1481 2031 ἠκούσατε
1516 1960 1676 2028 λόγον
1709 1961 2102 2030 ἀποτετορνευε

514 2047 707 2119 μένον,
756 2045 1103 2100 ἀπελαύσατε
1138 2044 1331 2108 ὓδατος
1360 2044 1656 2115 ἁλλομένου
1692 2045 1771 2106 είς
1800 2043 1943 2115 ζωὴν
1970 2046 2100 2096 αἰώ-

510 2146 643 2190 νιον,
675 2128 846 2184 εἴδετε
872 2128 1057 2200 πηγὴν
1085 2129 1362 2197 ποταμοὺς
1395 2126 1647 2195 ἀφιεῖσαν
1672 2125 1897 2196 χρυσίου
1930 2125 2101 2179 καθα-

514 2209 631 2280 ροῦ.
674 2208 909 2275 Λέγεται
955 2224 1042 2269 τις
1075 2206 1319 2277 ποταμὸς
1354 2205 1581 2277 χρυσίου
1613 2204 1883 2274 ψήγματα
1912 2205 2102 2275 φέρειν

507 2293 622 2354 τοῖς
655 2290 1028 2362 περιοικοῦσιν
1068 2290 1230 2343 αὐτὸν
1264 2289 1594 2360 ἀνθρώποις,
1630 2288 1692 2341 ού
1736 2287 1838 2356 τῆς
1885 2287 2101 2357 φύσεως

508 2373 617 2428 τῶν
646 2373 857 2428 ὑδάτων
907 2372 971 2427 τὸ
1002 2374 1227 2443 χρυσίον
1270 2370 1590 2441 τικτούσης,
1646 2369 1761 2423 ἀλλ’
1793 2371 1980 2441 ἐπειδὴ
2006 2371 2099 2424 τοῦ

510 2457 758 2527 ποταμοῦ
801 2455 903 2521 τὰς
931 2457 1114 2525 πηγάς
1150 2457 1209 2508 ἐν
1242 2454 1581 2526 μεταλλικοῖς
1614 2454 1767 2525 ὄρεσι
1791 2454 2099 2525 διέρχεσθαι

509 2538 732 2611 συνέϐη,
765 2539 836 2593 δι’
857 2538 1084 2592 ἐκείνων
1123 2537 1233 2591 τῶν
1278 2536 1453 2610 ὀρέων
1480 2538 1512 2591 ὁ
1541 2537 1789 2606 ποταμὸς
1833 2537 1975 2606 ῥέων
2006 2539 2100 2591 καὶ

508 2623 606 2693 τὴν
625 2624 869 2694 χρυσῖτιν
904 2621 1241 2694 παρασύρων
1274 2621 1380 2691 γῆν
1401 2661 1415 2685 ,
1448 2621 1723 2692 θησαυρὸς
1760 2624 1871 2686 τοῖς
1909 2638 2101 2693 παροι-

509 2688 673 2759 κόῡὰῐ
694 2706 931 2775 γίνεται,
982 2688 1402 2774 ἐσχεδιασμένον
1446 2688 1702 2777 παρέχων
1728 2703 1819 2757 τὸν
1848 2688 2097 2759 πλοῦτον.

508 2788 711 2845 Τοῦτον
729 2789 824 2841 καὶ
850 2790 880 2841 ὁ
911 2786 1229 2849 διδάσκαλος
1259 2781 1415 2849 οὗτος
1443 2787 1755 2856 ἐμιμήσατο
1780 2784 1975 2857 πρώην
2011 2786 2101 2839 τὸν

510 2870 779 2941 ποταμὸν,
811 2869 1000 2939 ῶσπερ
1024 2868 1114 2921 διὰ
1137 2868 1474 2939 μεταλλικῶν
1505 2869 1698 2939 ὀρέων,
1730 2869 1838 2920 τῶν
1870 2867 2103 2938 Γραφῶν

512 2955 673 3027 ῥέων,
704 2953 883 3010 καὶτὰ
916 2953 1142 3025 χρυσίου
1167 2952 1366 3015 παντὸς
1387 2951 1687 3021 τιμιώτερα
1710 2953 1955 3020 νοήματα
1983 2954 2102 3013 ταῖς

512 3038 812 3111 ὑμετέραις
849 3038 1092 3107 κομίξων
1119 3037 1340 3107 ψυχαῖς.
1372 3037 1484 3089 Καὶ
1514 3033 1631 3088 οἶδα
1663 3036 1762 3105 μὲν
1781 3037 1862 3088 ὅτι
1890 3036 2103 3106 πτωχό-

511 3140 650 3197 τερα
679 3122 747 3175 τὰ
775 3121 1020 3192 ἡμέτερα
1058 3121 1190 3190 ὑμῖν
1217 3120 1468 3190 φαίνεται
1499 3120 1758 3189 σήμερον.
1784 3119 1842 3172 ’0
1864 3118 1973 3190 γὰρ
2004 3136 2103 3171 πε-

511 3206 705 3278 νιχρᾶς
718 3202 1010 3259 ἀπολαύων
1029 3201 1310 3274 τραπέζης
1328 3200 1615 3272 διηνεκῶς,
1632 3202 1698 3254 ἂν
1719 3201 2103 3272 εύπορωτέρας

515 3288 719 3360 μεταξύ
745 3304 847 3341 που
867 3287 1012 3349 τινος
1026 3285 1281 3356 ἐπιτύχῃ,
1299 3281 1418 3340 εἶτα
1445 3286 1580 3358 πρὸς
1605 3286 1704 3356 τὴν
1723 3284 1919 3339 ἐαυτοῦ
1943 3285 2105 3338 πάλιν

511 3370 819 3445 ἐπανέλθῃ,
871 3369 1076 3445 μᾶλλον
1107 3368 1279 3440 αὐτῆς
1325 3368 1619 3440 κατόψεται
1650 3367 1748 3441 τὴν
1778 3368 1988 3423 πενίαν.
2026 3369 2102 3422 Ού

514 3456 622 3530 μὴν
664 3456 751 3512 διὰ
781 3453 942 3511 τοῦτο
967 3453 1330 3527 ὀκνηρότερον
1362 3452 1728 3523 ἀποδύσομαι.
1785 3453 1932 3506 Ἰστε
1970 3451 2102 3524 γὰρ,

512 3538 713 3611 Παύλῳ
742 3536 1208 3613 μαθητευθέντες,
1234 3537 1328 3591 καὶ
1365 3535 1724 3611 χορτάζεσθαι
1753 3535 1849 3589 καὶ
1888 3537 2101 3608 πεινᾷν,

513 3625 609 3679 καὶ
640 3618 988 3697 περισσεύειν
1015 3619 1111 3675 καὶ
1140 3619 1508 3692 ὑστερεῖσθαι,
1540 3619 1637 3672 καὶ
1660 3619 1786 3682 τοὺς
1814 3617 2104 3686 πλουσίους

513 3704 838 3778 θαυμάζειν,
852 3702 1093 3767 καὶτοὺς
1114 3703 1359 3777 πένητας
1377 3698 1454 3774 μὴ
1475 3701 1781 3757 διαπτύειν.
1811 3703 1921 3756 Καὶ
1938 3700 2106 3757 καθά-

513 3804 623 3864 περ
650 3791 701 3844 οι
730 3789 957 3862 φίλοινοι
994 3786 1091 3843 καὶ
1115 3788 1165 3841 οἱ
1193 3787 1482 3859 φιλοπόται
1507 3786 1849 3851 ἀσπάζονται
1881 3784 1983 3856 μὲν
2011 3786 2105 3839 τὸν

511 3874 722 3946 ἀμείνω
752 3868 896 3929 οἶνον
913 3912 929 3937 ,
985 3870 1047 3927 οὐ
1090 3868 1198 3944 μὴν
1226 3870 1285 3924 δὲ
1328 3868 1427 3925 τοῦ
1472 3868 1899 3942 καταδεεστέρου
1937 3886 2105 3923 κατα-

513 3955 804 4029 φρονοῦσιν
821 3971 836 3989 ·
864 3954 1008 4012 οὕτω
1031 3950 1097 4026 δὴ
1115 3952 1213 4009 καὶ
1233 3953 1395 4023 ὑμεῖς
1425 3952 1552 4023 περὶ
1582 3952 1683 4022 τὴν
1702 3951 1813 4005 τῶν
1829 3950 1990 4006 θείων
2014 3951 2103 4004 λο-
2130 3978 2139 3993 ι

512 4041 650 4108 γίων
671 4039 939 4112 ἀκρόασιν
957 4036 1286 4109 μεμηνότες,
1304 4032 1635 4106 ἀποδέχεσθε
1661 4035 1758 4104 μὲν
1778 4034 1906 4098 τοὺς
1929 4048 2108 4104 σοφω-

513 4123 707 4194 τέρους
735 4121 847 4174 τῶν
883 4119 1241 4184 διδασκάλων,
1272 4119 1368 4174 καὶ
1399 4120 1513 4180 τοῖς
1533 4117 1938 4190 εὐτελεστέροις
1966 4117 2022 4172 δὲ
2042 4116 2106 4172 ού

515 4206 618 4276 τὴν
647 4203 915 4275 τυχοῦσαν
958 4202 1229 4273 παρέχετε
1268 4201 1508 4272 σπουδὴν
1537 4201 1631 4254 καὶ
1662 4199 1994 4272 προθυμίαν.
2044 4203 2107 4257 Οί

520 4289 621 4361 μιν
648 4286 757 4360 γὰρ
776 4284 967 4358 χαῦνοι
989 4285 1086 4339 καὶ
1110 4280 1622 4354 διαλελυμένοι,καὶ
1650 4282 1789 4355 πρὸς
1815 4283 1914 4355 τὴν
1943 4285 2108 4338 πολυ-

515 4371 844 4444 τελεστέραν
868 4368 1129 4443 ναυτιῶσι
1162 4365 1472 4439 τράπεζαν·
1525 4366 1576 4418 οἱ
1603 4365 1660 4422 δέ
1692 4366 2109 4439 διεγηγερμένοι

517 4453 612 4509 καὶ
639 4457 925 4529 νήψαντες,
946 4453 1041 4508 καὶ
1066 4450 1360 4513 πεινῶντες
1383 4449 1479 4504 καὶ
1506 4448 1771 4520 διψῶντες
1798 4451 1896 4523 τὴν
1914 4453 2112 4507 δικαιο-

519 4540 710 4612 σύνην,
743 4539 843 4594 καὶ
892 4538 1031 4608 προς
1060 4536 1158 4608 τὴν
1196 4534 1528 4604 πενεστέραν
1562 4533 1707 4604 μετά
1739 4534 1940 4605 πολλῆς
1988 4537 2111 4607 τρέ.

518 4641 676 4697 χουσι
696 4619 1028 4695 προθυμίας.
1054 4621 1166 4675 Καὶ
1188 4621 1269 4673 ὅτι
1289 4618 1351 4672 οὐ
1377 4617 1636 4672 κολακεία
1661 4613 1731 4672 τὰ
1759 4620 2111 4690 ῥήματαῄπο

518 4710 619 4778 τῆς
648 4706 842 4777 πρώην
872 4708 1005 4779 ὑμῖν
1034 4705 1326 4772 διαλέξεως
1357 4701 1658 4772 γενομένης
1684 4701 1844 4757 τοῦτο
1874 4702 2109 4768 ἐδείξατε

523 4791 780 4862 μάλιστα.
822 4788 1043 4860 Ἐπειδὴ
1078 4788 1188 4859 γὰρ
1233 4786 1465 4849 πολλοὺς
1496 4786 1626 4855 περὶ
1672 4784 1870 4854 γάμων
1917 4784 2111 4853 λόγους

520 4873 853 4946 ἐποιούμεθα
901 4872 1038 4944 πρὸς
1079 4872 1255 4941 ὑμᾶς,
1292 4867 1602 4930 δεικνύντες
1642 4866 1724 4919 ὅτι
1774 4868 1991 4939 μοιχεία
2026 4886 2112 4932 τις

519 4955 912 5030 ἀπηρτισμένη
944 4952 1007 5009 τὸ
1054 4952 1337 5008 ἐκϐάλλειν
1372 4953 1641 5020 γυναῖκας
1661 4990 1677 5014 ,
1710 4949 1745 5021 ἢ
1773 4950 2112 5025 ἐκϐεϐλημέ-

520 5058 619 5105 νας
643 5039 964 5110 λαμϐάνειν,
977 5036 1195 5103 ζώντων
1219 5035 1299 5091 ἐτι
1323 5034 1432 5088 τῶν
1451 5034 1734 5106 προτέρων
1756 5033 1986 5105 ἀνδρῶν,
2019 5037 2116 5092 καὶ

520 5122 614 5178 τὸν
646 5116 741 5176 τοῦ
770 5119 1008 5192 Χριστοῦ
1039 5119 1202 5189 νόμον
1236 5116 1707 5186 ἀναγινώσκοντες
1739 5117 1832 5171 τὸν
1860 5117 2109 5186 λέγοντα,

520 5209 603 5262 ὅτι
656 5206 721 5260 '0
746 5203 1216 5272 ἀπολελυμένην
1257 5201 1538 5271 γαμήσας
1562 5199 1881 5270 μοιχᾶται,
1931 5201 2031 5254 καί
2080 5205 2114 5255 ό

521 5288 811 5347 ἀπολύων
874 5285 1131 5360 γυναῖκα
1156 5324 1172 5348 ,
1223 5284 1518 5352 παρεκτὸς
1566 5285 1755 5353 λόγου
1801 5284 2107 5352 πορνείας,

523 5370 688 5428 ποιεῖ
707 5369 904 5439 αὐτὴν
922 5365 1318 5440 μοιχευθῆναι
1338 5405 1353 5430 ,
1404 5366 1632 5429 πολλοὺς
1666 5363 1805 5419 εἶδον
1834 5368 1985 5421 κάτω
2013 5366 2111 5420 κύ-

526 5473 780 5519 πτοντας,
804 5455 865 5509 τὸ
891 5454 1184 5525 πρόσωπον
1208 5450 1535 5516 τύπτοντας,
1552 5451 1646 5504 καὶ
1673 5448 1793 5503 ούδέ
1818 5449 2110 5505 ἀνανεῦσαι

524 5539 860 5609 δυναμένους
885 5554 902 5569 ο
953 5538 1075 5592 τότε
1101 5537 1165 5607 δὴ
1205 5536 1300 5589 καὶ
1325 5536 1405 5599 είς
1426 5533 1519 5588 τὸν
1552 5533 1780 5606 οὐρανὸν
1803 5532 2113 5604 ἀναϐλέψας

526 5620 713 5679 εἷπον·
758 5620 1055 5690 Εὐλογητὸς
1085 5622 1115 5673 ὁ
1141 5619 1273 5683 Θεὸς
1292 5661 1306 5685 ,
1347 5619 1430 5672 ὃτι
1464 5617 1565 5671 οὐκ
1609 5618 1688 5680 είς
1720 5617 1919 5689 νεκρὰς
1948 5619 2117 5682 ἀκοὰς

528 5704 867 5779 ἐνηχοῦμεν,
915 5703 1032 5755 ἀλλ’
1094 5702 1524 5771 ἐπιλαμϐάνεται
1566 5701 1667 5772 τῆς
1720 5700 1958 5764 διανοίας
2009 5702 2117 5754 τῶν

535 5787 845 5843 ἀκουόντων
881 5785 946 5839 τὰ
974 5785 1126 5859 [21⁸2]
1159 5787 1419 5855 λεγόμενα
1461 5787 1598 5856 μετὰ
1628 5786 1827 5859 πολλῆς
1854 5787 1953 5859 τῆς
1984 5802 2115 5857 σφο-

2203 1465 2482 1536 δρότητος.
2518 1467 2775 1536 ’Ἄμεινον
2800 1466 2900 1537 μέν
2926 1466 3035 1535 γὰρ
3065 1466 3353 1540 μηδ’-ὅλως
3380 1469 3656 1540 ἁμαρτεῖν
3673 1486 3689 1500 ·
3730 1470 3790 1525 οὐ

2206 1547 2402 1618 μικρὸν
2434 1548 2491 1601 δέ
2528 1549 2609 1612 είς
2633 1548 2905 1618 σωτηρίας
2953 1548 3142 1618 λόγον,
3181 1551 3652 1620 κατοδυνηθῆναι,
3700 1554 3789 1605 καὶ

2204 1629 2559 1698 καταγνῶναι
2587 1630 2678 1684 τὸν
2706 1631 3091 1703 ἁμαρτάνοντα
3116 1633 3217 1703 τῆς
3238 1632 3436 1686 ἑαυτοῦ
3462 1633 3666 1703 ψυχῆς,
3701 1633 3789 1686 καὶ

2207 1714 2464 1783 μαστίξαι
2486 1714 2545 1766 τὸ
2581 1713 2818 1777 συνειδδς
2850 1716 2988 1785 μετά
3028 1715 3231 1785 πολλῆς
3267 1716 3368 1785 τῆς
3399 1717 3722 1787 ἀκριϐείας’
3758 1719 3787 1787 ἠ

2203 1797 2311 1867 γὰρ
2337 1798 2561 1868 τοιαύτη
2592 1797 2937 1866 κατάγνωσις
2965 1798 3316 1870 δικαιοσύνης
3338 1800 3457 1851 ἐστὶ
3486 1798 3678 1869 μέρος,
3703 1800 3791 1852 καὶ

2202 1878 2337 1942 ὅλως
2379 1880 2473 1932 ἐπὶ
2501 1881 2561 1932 τὸ
2606 1883 2805 1950 μηκέτι
2843 1880 3185 1952 ἁμαρτάνειν
3227 1882 3457 1949 ἄγουσα.
3510 1883 3613 1935 Διά
3641 1882 3793 1935 τοῦτο

2203 1965 2297 2016 καὶ
2328 1966 2356 2016 ὀ
2384 1964 2597 2026 Παῦλος
2649 1964 2899 2034 λυπήσας
2950 1965 3076 2029 τοὺς
3113 1968 3508 2037 ἡμαρτηκότας
3553 1966 3790 2037 ἔχαιρεν,

2202 2048 2299 2117 οὐχ
2323 2049 2403 2101 ὅτι
2435 2047 2726 2118 ἐλύπησεν,
2751 2047 2868 2100 ἀλλ’
2889 2050 2969 2102 ὄτι
2995 2051 3059 2120 τῇ
3086 2048 3235 2121 λύπῃ
3261 2048 3594 2121 διώρθωσεν.
3631 2048 3792 2118 Ἐ’χά-

2194 2148 2317 2199 ρην
2343 2130 2473 2203 γάρ,
2505 2131 2692 2202 φησὶν,
2734 2132 2846 2199 οὐχ
2874 2130 2963 2183 ὅτι
2987 2131 3353 2199 ἐλυπήθητε,
3385 2132 3524 2185 ἀλλ’
3549 2132 3641 2185 ὅτι
3662 2133 3795 2184 έλυ-

2204 2214 2434 2283 πήθητε
2488 2217 2578 2279 εἰς
2621 2213 2979 2284 μετάνοιαν·
3032 2215 3071 2282 ἠ
3108 2218 3217 2283 γὰρ
3256 2216 3410 2268 κατά
3444 2216 3594 2269 Θεὸν
3628 2216 3792 2282 ,λύπη

2199 2298 2524 2365 μετάνοιαν
2551 2300 2639 2364 εις
2668 2298 2975 2366 σωτηρίαν
3005 2296 3460 2366 ἀμεταμέλητον
3509 2297 3794 2366 κατεργά-

2206 2380 2376 2443 ζεται.
2403 2382 2527 2435 Εἴτε
2560 2381 2670 2452 γὰρ
2693 2380 2835 2451 ὑπὲρ
2855 2379 2965 2434 τῶν
2992 2380 3232 2445 οἰκείων,
3256 2379 3366 2432 εἴτε
3392 2380 3535 2450 ὑπὲρ
3566 2381 3677 2433 τῶν
3706 2380 3793 2433 ἀλ-

2203 2464 2432 2533 λοτρίων
2455 2465 2579 2516 τότε
2624 2463 3044 2535 ἁμαρτημάτων
3071 2460 3373 2533 ηλγὴσατε,
3408 2462 3622 2532 μυρίων
3648 2463 3790 2532 είητε

2204 2546 2441 2600 ἐπαίνων
2478 2546 2640 2611 ἄξιοι.
2680 2546 2809 2598 Ὀτε
2847 2546 2957 2615 γάρ
2992 2545 3130 2616 ὑπὲρ
3165 2544 3273 2598 τῶν
3305 2544 3606 2616 ἀλλοτρίων
3640 2544 3794 2614 ἀλγή-

2206 2646 2288 2683 σει
2317 2646 2420 2692 τις,
2457 2627 2786 2683 ἀποστολικά
2814 2629 3196 2682 ἀποδείκνυται
3228 2626 3537 2698 σπλάγχνα,
3573 2630 3671 2681 καὶ
3706 2627 3793 2682 τὸν

2210 2713 2363 2781 ἅγιον
2410 2713 2614 2765 ἐκεῖνον
2657 2712 2902 2781 μιμεῖται
2949 2711 3043 2765 τὸν
3091 2710 3322 2778 λέγοντα
3349 2728 3364 2742 ·
3410 2713 3504 2777 Τίς
3530 2710 3792 2774 ἀσθενεῖ,

2209 2797 2305 2850 καὶ
2342 2797 2454 2850 οὐκ
2484 2793 2751 2860 ἀσθενῶ;
2773 2795 2865 2861 τίς
2895 2792 3374 2858 σκανδαλίζεται,
3416 2794 3515 2848 καί
3544 2796 3658 2847 οὐκ
3685 2793 3795 2863 ἐγὼ

2209 2878 2509 2947 πυροῦμαι
2536 2894 2554 2940 ;
2595 2878 2725 2931 Ὅτε
2750 2877 2806 2931 δέ
2847 2875 2986 2946 ὑπὲρ
3012 2876 3116 2928 τῶν
3141 2877 3357 2930 οἰκείων
3392 2876 3586 2946 δηχθῇ,
3612 2879 3716 2946 τήν
3740 2893 3793 2928 τε

2210 2962 2301 3015 ἐπὶ
2338 2963 2449 3024 τοῖς
2480 2960 2580 3031 ἤδη
2608 2957 2921 3030 τολμηθεῖσι
2946 2959 3163 3013 κόλασιν
3192 2958 3405 3018 ἔσϐεσε,
3440 2959 3534 3013 καὶ
3564 2959 3704 3028 πρὸς
3730 2960 3794 3011 τά

2214 3043 2475 3115 μέλλοντα
2508 3041 2697 3095 ἐαυτὸν
2727 3041 3133 3112 ἀσφαλέστερον
3154 3040 3242 3097 διὰ
3267 3040 3366 3111 τῆς
3391 3041 3568 3110 λύπης
3592 3039 3796 3109 ταύτης

2210 3128 2454 3198 ἐποίησε.
2497 3125 2597 3179 Διά
2625 3125 2800 3178 ταῦτα
2826 3122 2983 3194 κάγὼ
3016 3123 3324 3188 κύπτοντας
3358 3124 3519 3196 ὁρῶν,
3549 3124 3647 3176 καὶ
3675 3140 3796 3176 στε-

2209 3210 2487 3276 νάξοντας,
2535 3209 2630 3262 καὶ
2669 3207 2730 3261 τὸ
2759 3206 3049 3278 πρόσωπον
3086 3205 3404 3272 τύπτοντας,
3455 3208 3677 3278 ἔχαιρον
3707 3205 3797 3258 τὸν

2210 3295 2316 3349 ἀπὸ
2336 3296 2435 3367 τῆς
2462 3292 2640 3364 λύπης
2663 3291 2870 3361 ταύτης
2900 3290 3093 3344 ἐννοῶν
3128 3290 3357 3360 καρπόν.
3386 3290 3487 3342 Διά
3514 3289 3677 3342 τοῦτο
3704 3290 3794 3341 καὶ

2211 3380 2452 3451 σήμερον
2486 3378 2613 3448 περὶ
2642 3375 2741 3446 τῆς
2774 3373 2943 3445 αὐτῆς
2973 3372 3099 3443 ὑμῖν
3125 3372 3432 3436 ὑποθέσεως
3458 3370 3789 3441 διαλέξομαι·

2210 3461 2351 3516 ὥστε
2404 3461 2531 3524 τοὺς
2570 3457 2927 3530 βουλομένους
2973 3458 3053 3520 είς
3109 3453 3288 3526 γάμον
3336 3454 3548 3518 ἐλθεῖν,
3595 3454 3794 3519 πολλὴν

2211 3546 2351 3618 ύπέρ
2385 3543 2480 3597 τοῦ
2516 3546 2838 3615 πράγματος
2868 3540 3059 3594 τούτου
3091 3538 3363 3594 ποιεῖσθαι
3399 3538 3681 3610 πρόνοιαν.
3732 3537 3795 3591 Εἰ

2210 3629 2318 3700 γὰρ
2363 3627 2541 3691 οἰκίας
2584 3626 2839 3679 ὠνεῖσθαι
2877 3623 3160 3694 μέλλοντες
3190 3624 3283 3678 καὶ
3322 3622 3537 3683 οἰκέτας
3563 3661 3579 3681 ,
3645 3638 3797 3691 περι-

2211 3709 2556 3784 εργαζόμεθα
2587 3709 2682 3762 καὶ
2714 3707 3278 3778 πολυπραγμονοῦμεν
3316 3704 3440 3767 τούς
3467 3720 3527 3755 τε
3554 3702 3796 3756 πωλοῦν-

2210 3811 2330 3863 τας,
2364 3792 2491 3856 τούς
2521 3809 2581 3845 τε
2601 3792 2909 3862 ἔμπροσθεν
2935 3789 3332 3862 κτησαμένους,
3361 3786 3541 3839 αὐτῶν
3566 3786 3673 3839 τῶν
3694 3802 3799 3837 πω-

2210 3876 2493 3948 λουμένων
2516 3874 2625 3929 τῶν
2669 3874 2767 3945 μὲν
2796 3872 2896 3943 τὴν
2928 3870 3295 3940 κατασκευὴν,
3341 3870 3448 3922 τῶν
3480 3868 3539 3922 δὲ
3575 3868 3671 3921 καὶ
3702 3866 3798 3937 τὴν

2209 3959 2305 4013 τοῦ
2338 3956 2589 4030 σώματος
2632 3956 2767 4024 ἐξιν,
2816 3956 2911 4009 καὶ
2936 3956 3037 4025 τὴν
3080 3954 3182 4024 τῆς
3227 3952 3407 4024 ψυχῆς
3446 3952 3794 4022 προαίρεσιν·

2209 4040 2388 4111 πολλῷ
2418 4039 2616 4112 μᾶλλον
2643 4040 2905 4108 γυναῖκας
2934 4037 3234 4109 μέλλοντας
3264 4036 3517 4105 ἄγεσθαι,
3542 4035 3801 4105 πρόνοιαν

2207 4124 2476 4195 τοσαύτην
2527 4124 2621 4180 καὶ
2654 4122 2835 4195 πολλῷ
2868 4121 3090 4178 πλείονα
3120 4118 3528 4174 ἐπιδείκνυσθαι
3556 4118 3688 4188 χρή.
3716 4118 3799 4169 Ol-

2209 4209 2336 4261 κίαν
2378 4207 2478 4279 μὲν
2511 4207 2621 4278 γάρ
2665 4206 2875 4277 φαύλην
2902 4201 3070 4259 οὖσαν
3099 4201 3393 4258 ἀποδόσθαι
3417 4199 3580 4254 πάλιν
3602 4199 3799 4265 ἔξεστι,

2208 4291 2307 4343 καὶ
2332 4292 2550 4358 οἰκέτην
2577 4288 2765 4344 σκαιὸν
2798 4288 3036 4358 φανέντα
3063 4285 3358 4342 ἀποδοῦναι
3383 4283 3462 4355 τῷ
3492 4301 3560 4337 πε
3571 4283 3801 4352 πρακότι

2210 4375 2372 4428 πάλιν
2396 4374 2617 4443 ἀφίεται
2635 4391 2647 4403 ’
2678 4375 2914 4442 γυναῖκα
2935 4371 2991 4426 δὲ
3013 4370 3359 4441 λαμϐάνοντα
3381 4366 3675 4421 ἀποδοῦναι
3698 4366 3801 4418 πά-

2209 4455 2292 4509 λιν
2317 4459 2429 4520 τοῖς
2457 4455 2812 4511 ἐκδεδωκόσιν
2835 4455 2936 4509 οὐκ
2968 4453 3068 4515 ἔνι,
3109 4451 3245 4507 ἀλλά
3286 4451 3500 4520 ἀνάγκη
3534 4451 3683 4503 πᾶσα
3714 4448 3799 4501 διὰ

2210 4537 2397 4601 τέλους
2425 4538 2571 4591 ἔνδον
2611 4537 2788 4609 ἔχειν,
2850 4539 2885 4612 ἢ
2939 4537 3182 4608 πονηρὰν
3233 4530 3397 4591 οὖσαν
3446 4532 3796 4593 ἐκϐάλλοντα,

2215 4621 2429 4690 μοιχείᾳ
2461 4619 2779 4673 ἁλίσκεσθαι
2803 4618 2943 4673 κατὰ
2960 4620 3086 4684 τοὺς
3114 4617 3207 4671 τοῦ
3229 4616 3363 4671 Θεοῦ
3395 4615 3615 4686 νόμους.
3634 4616 3797 4666 Ὅταν

2211 4698 2303 4755 οῦν
2339 4703 2540 4775 μέλλῃς
2568 4702 2865 4773 λαμϐάνειν
2895 4705 3147 4772 γυναῖκα,
3181 4702 3256 4773 μὴ
3287 4702 3414 4764 τοὺς
3443 4699 3644 4763 ἔξωθεν
3675 4700 3800 4750 ἀνα-

2214 4786 2449 4853 γίνωσκε
2480 4786 2678 4856 νόμους
2710 4784 2899 4856 μόνον,
2944 4784 3081 4837 ἀλλά
3115 4784 3211 4838 καὶ
3244 4783 3349 4854 πρὸ
3379 4782 3607 4835 ἐκείνων
3631 4821 3646 4841 ,
3678 4782 3800 4841 τοὺς

2213 4870 2345 4941 παρ’
2394 4871 2526 4941 ἡμῖν
2567 4868 2891 4938 κειμένους’
2939 4867 3083 4923 κατά
3124 4868 3234 4938 γάρ
3270 4865 3529 4929 τούτους,
3574 4864 3634 4915 οὐ
3682 4861 3799 4916 κατ’

2214 4953 2456 5014 ἐκείνους
2485 4970 2568 5005 σοι
2599 4951 2781 5023 μέλλει
2815 4951 3022 5022 κρίνειν
3051 4949 3194 5004 κατά
3220 4948 3317 5019 τὴν
3349 4949 3561 5018 ⁴ἡμέραν
3592 4945 3803 5015 ἐκείνην

2212 5040 2242 5091 ὁ
2263 5038 2427 5101 Θεός·
2459 5037 2700 5089 κάκεῖνοι
2733 5035 2829 5105 μὲν
2860 5033 3254 5103 παροφθέντες,
3312 5033 3392 5095 εἱς
3422 5032 3681 5100 χρήματα
3707 5027 3801 5099 τὴν

2216 5121 2420 5192 ζημίαν
2452 5118 2711 5180 πολλάκις
2742 5117 2981 5190 ἡνεγκαν
3011 5156 3025 5176 ,
3079 5111 3223 5168 οὗτοι
3251 5115 3308 5167 δέ
3351 5112 3512 5165 τοῦτο
3542 5112 3802 5173 παθόντες

2216 5208 2281 5275 τῇ
2301 5205 2446 5275 ψυχῇ
2476 5204 2577 5265 τάς
2605 5202 3010 5273 ἀπαραιτήτους
3032 5199 3296 5268 ἐπάγουσι
3326 5195 3596 5268 τιμωρίας
3631 5197 3721 5249 καὶ
3743 5194 3791 5246 τί

2217 5287 2329 5358 πῦρ
2364 5290 2540 5340 ἐκεῖνο
2566 5287 2628 5338 τὸ
2651 5285 2931 5340 ἄσϐεστον.

2288 5370 2352 5438 β’.
2367 5370 2440 5424 Σὺ
2459 5370 2515 5424 δέ
2533 5369 2658 5423 ὅταν
2680 5367 2877 5439 μέλλῃς
2893 5366 3121 5435 ἄγεσθαι
3136 5368 3391 5435 γυναῖκα,
3407 5362 3542 5433 1:96;
3563 5361 3663 5432 μὲν
3682 5363 3801 5422 τοὺς

2220 5448 2325 5516 ἔξω
2344 5449 2604 5520 νομικοὺς
2638 5447 2777 5520 μετά
2811 5446 3010 5515 πολλῆς
3041 5447 3255 5517 τρέχεις
3292 5444 3390 5512 τῆς
3424 5441 3683 5510 σπουδῆς,
3718 5439 3805 5493 καὶ

2224 5532 2688 5604 παρακαθήμενος
2716 5531 2918 5594 αὐτοῖς,
2941 5531 3078 5599 μετά
3106 5529 3285 5597 πάσης
3310 5525 3597 5596 ἀκριϐείας
3624 5522 3799 5587 ἐξετά-

2223 5616 2359 5681 ζεις,
2390 5616 2441 5668 τί
2489 5615 2586 5684 μὲν
2615 5614 2787 5675 ἔσται,
2840 5613 2935 5666 ἐὰν
2968 5612 3133 5675 ἄπαις
3160 5610 3460 5679 τελευτήσῃ
3500 5610 3532 5676 ἡ
3566 5607 3722 5675 γυνὴ,
3748 5604 3801 5656 τί

2223 5700 2281 5753 δὲ
2308 5700 2403 5755 ἐὰν
2437 5699 2637 5768 ἔχουσα
2674 5696 2861 5760 παῖδα,
2900 5697 2952 5749 τί
3011 5696 3067 5748 δὲ
3094 5696 3187 5748 ἐάν
3219 5694 3313 5747 δύο
3360 5696 3455 5756 καῖι
3482 5694 3656 5762 τρεῖς,
3710 5689 3796 5741 καὶ

2226 5786 2342 5848 πῶς
2371 5784 2470 5856 μὲν
2501 5783 2696 5853 ἔχουσα
2730 5781 2960 5853 πατέρα,
2994 5780 3108 5844 πῶς
3130 5779 3183 5832 δὲ
3202 5779 3298 5832 οῦκ
3323 5778 3516 5849 ἔχοντα
3552 5780 3655 5841 τῶς
3681 5779 3800 5832 in.
