4006 6410
468 369 573 422 227

462 483 656 536 debeat
685 500 698 534 :
729 481 941 552 quando
968 481 1092 535 item
1123 484 1365 534 uniVersa
1396 482 1577 536 uxoris
1606 481 1741 536 bona
1773 481 2050 536 retinenda

461 574 592 636 sint,
619 581 688 626 tta
716 585 767 626 ut
795 570 921 625 nihil
955 588 1020 625 ex
1060 573 1138 626 eis
1173 572 1262 625 alii
1297 573 1699 628 concedendum
1725 573 1814 640 sit,
1845 580 2058 644 quando

463 678 646 720 contra
676 666 970 721 cedendum
999 666 1244 723 onmibus
1273 684 1286 719 :
1311 667 1520 737 aliaque
1546 668 1738 722 similia
1771 679 2053 738 perconta-

465 763 538 814 ris
561 761 840 822 curiosius,
875 760 1049 814 modis
1075 762 1322 816 ouudbus
1347 763 1786 834 circumspiciens
1826 780 1892 819 ne
1930 767 2055 834 quid

461 870 521 905 ex
550 855 727 906 uxoris
757 854 910 907 benis
939 854 1003 907 ad
1033 865 1253 923 agnatos
1281 857 1446 926 ipsius
1477 859 1680 923 redeat,
1709 861 1976 929 quamvis,
2001 871 2057 914 ut

457 946 563 1013 jam
591 945 720 1008 dixi,
747 945 790 998 si
813 945 937 1012 quid
963 956 1154 1014 ιιι-αξιοι
1181 949 1483 1014 opinionem
1504 950 1778 1015 acciderit,
1801 950 2054 1006 damnum

460 1047 509 1089 te
553 1045 806 1103 sequatur
848 1046 1052 1089 tantum
1096 1039 1477 1107 pecuniarum;
1519 1049 1753 1095 attamen
1797 1042 1928 1096 nihil
1961 1042 2056 1096 ho-

456 1144 573 1182 rum
603 1131 919 1183 contemnis.
955 1132 1033 1184 An
1067 1148 1172 1184 non
1198 1131 1486 1186 absurdum
1522 1133 1752 1200 videtur,
1783 1149 1904 1189 cmn
1937 1144 2055 1188 tan-

461 1231 566 1274 tam
617 1233 872 1275 rationem
921 1222 1212 1276 habeamus
1247 1224 1516 1293 pecunizc,
1546 1224 1737 1279 anima:
1763 1227 2052 1294 periculum

455 1325 507 1365 et
551 1313 872 1366 reddendam
907 1313 957 1368 in
995 1314 1082 1367 illa
1123 1315 1208 1368 die
1248 1316 1508 1370 rationem
1536 1328 1902 1385 contemnere,
1929 1334 2049 1374 cum

457 1403 543 1457 hic
576 1404 909 1473 potissimum
941 1420 1067 1458 cura
1092 1405 1389 1458 adhibenda
1417 1407 1518 1460 sit?

527 1496 724 1551 Paulus
751 1499 1061 1552 matrimonii
1089 1499 1219 1569 leges
1250 1500 1547 1568 prtcscribit.
1587 1499 1783 1554 Uxores
1802 1503 2051 1571 quomodo

453 1592 746 1661 diligendw.
776 1621 845 1631 --
874 1591 997 1646 Ideo
1027 1608 1220 1647 uxores
1249 1595 1487 1647 ducturis
1518 1594 1718 1648 suadeo
1744 1606 1805 1650 ut
1840 1603 2051 1650 beatum

457 1685 676 1738 l‘anlum
703 1683 927 1751 adeant,
965 1696 1019 1739 et
1056 1685 1200 1755 leges
1228 1685 1366 1755 apml
1392 1702 1513 1739 eum
1543 1686 1610 1739 de
1639 1687 1888 1757 conjugio
1914 1689 2048 1742 scri-

457 1785 575 1843 ptas
603 1775 896 1844 perlegaut,
926 1776 1246 1846 cognitoque
1283 1778 1428 1846 prius
1453 1777 1596 1847 quod
1633 1778 1723 1832 ille
1757 1790 1935 1834 censet
1979 1782 2054 1833 fa-

454 1870 726 1934 ciendum,
757 1871 801 1925 si
830 1887 965 1925 uxor
991 1872 1262 1940 contingat
1292 1873 1553 1927 malitiosa
1581 1883 1672 1926 aut
1699 1873 1822 1926 vino
1851 1873 2050 1938 dedita,

454 1962 500 2016 si
527 1962 787 2016 maledica
813 1972 903 2016 aut
932 1962 1072 2016 fatua
1099 1964 1327 2018 similive
1353 1964 1581 2019 olmoxia
1615 1965 1742 2018 vitio
1767 2007 1781 2029 ,
1813 1975 1924 2019 tum
1953 1966 2051 2019 de-

455 2067 601 2106 mum
640 2052 709 2107 de
751 2053 947 2123 nuptiis
984 2053 1237 2124 cogitent.
1287 2054 1342 2110 Si
1394 2056 1535 2110 enim
1583 2056 1778 2110 videris
1805 2071 1929 2111 eum
1959 2058 2049 2111 tibi

455 2144 763 2212 permittere
789 2144 840 2197 in
866 2159 973 2198 uno
1003 2145 1191 2214 quovis
1231 2146 1316 2200 tali
1354 2147 1481 2200 vitio
1521 2145 1913 2216 deprehensam
1953 2164 2050 2202 ex-

453 2235 654 2303 pellere
678 2235 858 2302 domo,
891 2248 944 2290 et.
976 2237 1134 2290 aliam
1173 2253 1267 2306 pro
1305 2237 1388 2290 illa
1431 2237 1790 2306 introducere,
1821 2247 1877 2292 ut
1899 2250 2048 2294 extra

453 2327 743 2396 perieulum
773 2328 1094 2382 constitutus
1126 2328 1265 2382 bono
1290 2338 1406 2383 esto
1436 2330 1635 2384 animo.
1677 2330 1827 2397 Quod
1862 2331 1906 2383 si
1949 2328 2050 2384 bne

449 2436 555 2474 non
583 2421 742 2485 sinat,
781 2421 874 2476 sed
916 2421 1100 2492 jnbeat
1142 2421 1512 2492 quodcumque
1542 2431 1735 2490 pra-ter
1764 2423 2042 2493 impudici-

451 2513 576 2566 tiam
629 2514 814 2568 vitinm
871 2514 1156 2568 habentem
1207 2514 1460 2584 diligere,
1505 2514 1730 2568 ohlirma
1787 2515 2044 2578 animum,

447 2606 596 2674 quasi
630 2607 832 2660 laturus
857 2606 1149 2676 quamlibet
1167 2605 1283 2673 ejus
1307 2605 1617 2675 nequitiam.
1651 2605 1742 2660 Sin
1769 2608 1869 2660 hoc
1888 2621 2048 2675 grave

447 2696 657 2750 videtur
680 2708 730 2751 et
763 2697 1122 2761 intolerabile,
1146 2711 1360 2750 omnem
1389 2713 1571 2750 curam
1603 2696 1798 2750 adhibe
1824 2706 1880 2750 ut
1901 2712 2048 2750 com-

448 2787 683 2854 modam,
713 2788 882 2857 mquis
929 2788 1167 2842 [tioribus
1212 2786 1526 2856 pneditam,
1571 2797 1622 2842 et
1663 2787 2045 2856 obsequentem

449 2895 670 2935 uxorem
693 2879 857 2935 ducas
883 2920 898 2946 ,
931 2889 1110 2936 certus
1139 2879 1300 2948 quod,
1325 2881 1370 2934 si
1402 2881 1594 2934 malam
1623 2881 1860 2946 duxeris,
1884 2882 2048 2936 alter-

449 2983 625 3026 utrum
671 2972 974 3027 necessario
1021 2973 1282 3042 sequitur,
1314 2979 1371 3025 ut
1413 2981 1504 3025 aut
1552 2970 1693 3025 feras
1738 2981 2044 3041 perpetuam

448 3063 771 3127 molestiam,
800 3072 890 3117 aut
926 3063 970 3117 si
1018 3062 1123 3116 hoc
1165 3063 1323 3129 nolis,
1357 3063 1527 3133 ejecta
1561 3063 1645 3118 illa
1677 3079 1799 3120 reus
1831 3065 1927 3119 tias
1952 3063 2050 3118 ad-

449 3153 647 3208 ulterii.
697 3153 799 3221 Qui
834 3154 965 3208 enim
1000 3154 1134 3224 ejicit
1175 3171 1404 3220 uxorem,
1440 3155 1604 3225 inquit
1625 3197 1639 3220 ,
1667 3155 1855 3228 absque
1891 3173 2046 3212 causa

447 3248 829 3316 fornicationis,
857 3248 979 3319 facit
1005 3264 1115 3302 eant
1141 3246 1425 3301 adulteram
1457 3264 1476 3302 :
1500 3257 1545 3302 et
1568 3250 1656 3319 qui
1683 3250 1756 3303 sic
1785 3250 2045 3304 dimissam

445 3340 607 3406 ducit,
629 3340 893 3393 committit
914 3338 1218 3393 adulterium
1248 3338 1458 3409 (Matth.
1483 3339 1534 3394 5.
1555 3338 1668 3409 52).
1705 3341 1827 3394 llaec
1853 3341 1896 3396 si
1922 3350 2047 3398 ante

447 3432 660 3501 nuptias
697 3441 842 3486 recte
882 3430 1273 3501 dispexerimus
1293 3472 1307 3496 ,
1345 3439 1400 3486 et
1430 3430 1577 3501 leges
1607 3431 1703 3486 has
1727 3435 2044 3503 cognoveri-

449 3538 588 3588 mus,
617 3523 860 3577 dabimus
883 3538 1104 3590 opcram
1142 3531 1199 3576 ut
1239 3521 1308 3575 ab
1347 3521 1496 3575 initio
1523 3533 1699 3592 aptam
1723 3534 1773 3576 et
1805 3524 2044 3578 morilms

448 3613 646 3668 nostris
684 3613 1086 3668 convenientem
1131 3613 1386 3667 ducamus
1417 3627 1432 3666 :
1459 3628 1566 3682 quo
1610 3613 1748 3668 tacto
1787 3629 1894 3668 non
1943 3615 2046 3668 hoc

449 3711 654 3757 tantum
688 3703 1029 3767 lucrabimur,
1073 3703 1215 3772 quod
1259 3719 1378 3758 eatn
1420 3719 1707 3774 numquam
1745 3705 2040 3774 ejicietnus,

444 3795 539 3848 sed
569 3810 761 3864 magno
785 3795 944 3850 etiam
974 3794 1168 3850 affectu
1196 3810 1314 3850 eam
1345 3795 1666 3866 diligemus,
1696 3796 2044 3866 quemadmo-

443 3887 570 3942 dum
601 3888 792 3942 Paulus
817 3887 1076 3958 praecipit.
1102 3888 1234 3943 Cum
1263 3889 1405 3944 enim
1437 3890 1696 3945 dixisset:
1728 3889 1832 3942 Viri
1858 3907 2042 3944 uxores

445 3979 658 4050 diligant
683 3977 899 4049 (Ep/tes.
933 3980 986 4034 5.
1016 3981 1110 4050 25)
1137 3998 1150 4034 :
1177 3995 1282 4034 non
1311 3979 1397 4035 hic
1421 3983 1683 4048 constitit,
1701 3983 1794 4036 sed
1825 3983 2040 4037 modum

445 4071 605 4124 etiam
634 4072 831 4125 amoris
865 4072 1164 4138 przcﬁnivit.
1201 4070 1293 4143 [At
1314 4088 1471 4142 quem
1496 4074 1750 4129 tandem?
1786 4073 1890 4129 Viri
1923 4075 2041 4129 dili-

445 4163 546 4232 gite
576 4177 776 4215 uxores.
826 4162 921 4216 Dic
959 4163 1265 4231 quomodo?
1304 4179 1462 4234 quem
1493 4166 1619 4220 mihi
1646 4165 1896 4236 diligendi
1929 4184 2044 4221 mo-

445 4255 571 4308 dum
599 4254 934 4323 prmscribis?
957 4253 1056 4325 (a)]
1103 4254 1250 4309 Sicut
1289 4267 1336 4309 et
1370 4254 1601 4311 Christus
1639 4258 1814 4310 dilexit
1858 4257 2038 4312 Eccle-

445 4349 594 4400 sium.
647 4347 712 4401 Et
754 4345 1043 4417 quomodo,
1084 4362 1302 4417 qumso,
1332 4347 1577 4402 Christus
1623 4349 1845 4404 dilexit?
1874 4350 1958 4404 Ita
1988 4362 2041 4405 ut

445 4441 764 4512 semetipsum
795 4457 886 4510 pro
927 4456 990 4494 ea
1030 4441 1264 4494 traderet.
1318 4440 1495 4510 Itaque
1525 4441 1732 4496 etiamsi
1769 4442 1902 4496 mori
1945 4459 2041 4513 pro

447 4549 611 4588 uxore
650 4543 923 4604 oporteat,
967 4547 1299 4603 nequaquam
1343 4533 1798 4603 tergiversaberis.
1831 4534 1962 4588 Nam
1993 4536 2037 4589 si

448 4626 704 4680 Dominus
732 4639 938 4678 servam
971 4625 1040 4678 ita
1067 4623 1274 4690 dilexit,
1300 4633 1356 4678 ut
1381 4635 1553 4678 semet
1581 4641 1675 4694 pro
1696 4641 1758 4679 ea
1783 4625 2036 4692 traderet,

447 4715 614 4769 multo
639 4714 806 4783 magis
829 4729 1142 4768 conservam
1173 4724 1387 4784 oportet
1415 4715 1493 4769 sic
1517 4714 1683 4785 diligi.
1723 4717 1831 4771 Sed
1856 4717 2038 4771 videa-

447 4821 588 4869 mus,
622 4820 689 4857 ne
719 4803 854 4858 forte
883 4804 1217 4873 pulchritudo
1244 4820 1456 4876 Sponsa:
1481 4815 1573 4860 aut
1601 4808 1851 4876 praeclara
1882 4807 2036 4863 indo-

451 4897 529 4950 les
551 4909 805 4964 sponsmn
835 4897 1130 4949 attraxerit.
1175 4895 1252 4950 Ne
1282 4897 1382 4950 hoc
1409 4895 1623 4965 quidem
1645 4897 1824 4951 dicere
1854 4912 2038 4966 possu-

448 5002 586 5040 mus.
621 4985 771 5052 Quod
795 4988 935 5039 enim
962 4986 1218 5041 deformis
1245 5002 1307 5040 ac
1329 4986 1532 5058 impura
1567 4987 1744 5050 fuerit,
1772 4987 1892 5041 audi
1921 5004 2038 5057 qua:

446 5079 698 5148 deinceps
726 5089 1014 5146 sequantur
1083 5077 1210 5132 Nam
1249 5094 1371 5132 cum
1412 5079 1660 5146 dixisset,
1692 5079 1928 5134 Tradidit
1956 5098 2034 5136 se-

446 5171 611 5240 ipsum
640 5187 732 5238 pro
761 5185 840 5235 ea,
874 5185 993 5222 mox
1025 5169 1323 5238 suhjunxit,
1354 5169 1422 5225 Ut
1446 5173 1780 5240 sancti/icoret
1805 5191 1914 5226 eam
1940 5190 2034 5241 pu-

443 5265 695 5331 ri/icatom
735 5264 934 5316 lavacro
965 5280 1110 5332 aqua:
1146 5263 1305 5330 (Ibid.
1339 5281 1384 5318 v.
1415 5263 1544 5336 ‘26).
1596 5267 1728 5319 Cum
1756 5277 1930 5320 autem
1959 5267 2038 5318 di-

442 5355 514 5409 cit
543 5356 894 5426 puri/ica'tam,
931 5356 1162 5409 ostendit
1201 5355 1462 5425 impuram
1488 5365 1613 5410 ante
1641 5355 1804 5411 fuisse
1828 5367 1879 5410 et
1904 5374 2034 5410 con-

446 5446 777 5510 taminatam,
814 5447 971 5516 idque
1001 5462 1105 5500 non
1136 5446 1339 5517 vulgari
1386 5447 1712 5516 impuritate,
1744 5447 1837 5500 sed
1883 5449 2037 5518 longe

445 5537 697 5602 maxima,
731 5547 788 5590 ut
814 5555 931 5607 qua:
963 5539 1150 5594 nidore
1181 5553 1246 5593 ac
1267 5538 1414 5593 fumo
1442 5554 1740 5608 crnoreque
1769 5555 1889 5593 cum
1920 5541 2039 5595 aliis

449 5628 494 5685 id
538 5645 706 5699 genus
747 5631 1039 5686 innumeris
1070 5631 1322 5686 sordebat
1355 5632 1597 5688 maculis.
1645 5633 1894 5688 Attamen
1932 5651 2036 5688 non

502 5765 578 5872 Si!)
613 5773 740 5820 Haec,
765 5779 874 5826 qua:
899 5765 1089 5815 uncinis
1113 5763 1418 5828 clauduntur,
1439 5769 1488 5818 in
1510 5776 1674 5818 (ἤτρου
1699 5782 1793 5818 ιιοιι
1820 5776 2033 5830 υχδιίιιιι,

558 5829 804 5872 lntcwrcs
827 5825 970 5872 lenit.

448 5825 536 5872 δυσ
558 5825 804 5885 tntcrprcs
827 5825 970 5888 legit.

1210 370 1268 426 S.
1308 369 1587 426 JOANNIS
1624 368 2094 427 CllltYSOS'l'OMl
2135 369 2454 432 ARCIIIEP.
2495 377 3032 440 CONSTANTINOP.

3644 393 3745 448 1‘28

2166 498 2442 543 aversatus
2465 499 2548 545 est
2575 492 2690 562 ejus
2714 494 3127 565 deformitatem,
3160 501 3253 556 sed
3280 503 3684 561 transformavit
3705 510 3752 562 iu

2168 579 2440 635 meliorem
2483 581 2670 640 faciem
2711 589 2950 644 remissis
2978 595 3208 660 peccatis
3239 595 3495 665 pristinis.
3527 597 3680 655 llunc
3704 616 3752 656 et

2168 679 2220 722 tu
2245 670 2468 727 imitare.
2502 674 2614 728 Etsi
2646 677 2928 746 pluriumm
2969 685 3020 735 in
3065 693 3118 739 te
3153 701 3289 740 uxor
3326 693 3649 757 peccaverit,
3677 703 3757 748 to-

2167 769 2274 814 tum
2311 763 2360 817 ei
2403 765 2616 820 remitte
2643 777 2694 823 et
2719 771 2960 826 condona
2995 791 3009 826 :
3036 776 3083 830 si
3115 777 3252 832 male
3281 790 3542 835 moratam
3571 796 3755 840 nacti

2165 851 2359 921 fueris,
2392 857 2592 929 rcfinge
2615 874 2734 915 eam
2762 861 2829 917 ad
2860 863 3148 922 bonitatem
3179 885 3242 922 ac
3269 873 3754 944 mansuetudinem,

2162 945 2301 1000 sicut
2327 959 2380 1003 et
2407 949 2650 1007 Christus
2677 954 2990 1011 Eeclesiam.
3022 959 3138 1014 Non
3165 964 3337 1016 solum
3360 967 3501 1018 enim
3529 967 3755 1023 innuuu—

2161 1038 2346 1092 ditiam
2368 1040 2483 1108 ejus
2503 1044 2772 1112 abstersit,
2797 1047 2891 1102 sed
2914 1051 3118 1104 senium
3143 1069 3353 1124 quoque
3372 1055 3575 1112 abrasit
3596 1070 3755 1114 exuto

2163 1129 2327 1184 veteri
2377 1133 2631 1202 homine,
2677 1137 2767 1206 qui
2821 1147 2962 1194 totus
3007 1146 3286 1200 constabat
3329 1163 3362 1201 e
3390 1149 3552 1204 vitiis.
3602 1152 3752 1218 Quod

2159 1224 2320 1278 etiam
2366 1225 2562 1281 Paulus
2589 1229 2890 1286 subindicat
2917 1233 2999 1288 his
3025 1236 3200 1290 verbis
3222 1279 3236 1299 ,
3270 1237 3336 1293 Ut
3367 1241 3621 1296 exhiberet
3644 1262 3754 1298 eam

2160 1315 2354 1383 sibiipsi
2372 1317 2644 1386 gloriosam
2669 1319 2970 1389 Ecctesiam,
2993 1342 3092 1380 non
3114 1328 3370 1383 habentem
3391 1334 3646 1389 maculam
3667 1347 3754 1390 aut

2159 1424 2339 1478 rugam
2386 1407 2615 1482 (Ep/tes.
2648 1413 2702 1468 5.
2735 1413 2849 1486 27)
2881 1433 2894 1470 :
2923 1433 3030 1471 non
3075 1420 3217 1474 enim
3254 1423 3530 1491 pulchram
3579 1433 3752 1482 solum

2161 1500 2407 1564 reddidit,
2439 1503 2532 1557 sed
2554 1513 2606 1557 et
2621 1504 2894 1575 juvenem,
2917 1525 3022 1564 non
3042 1510 3192 1580 juxta
3219 1524 3460 1569 naturam
3485 1519 3747 1588 corporis,

2158 1591 2252 1645 sed
2277 1592 2428 1662 juxta
2455 1597 2740 1652 voluntatis
2766 1599 3151 1657 habitudinem.
3181 1605 3290 1660 Nec
3319 1607 3425 1663 hoc
3454 1611 3629 1664 solum
3659 1614 3751 1667 ad-

2161 1682 2440 1739 miratione
2481 1686 2696 1755 dignum
2727 1700 2803 1744 est
2828 1732 2842 1757 ,
2881 1693 3019 1762 quod
3052 1707 3237 1750 nactus
3263 1698 3584 1766 deformem,
3616 1705 3750 1758 mala

2161 1773 2292 1827 facie
2321 1777 2618 1843 pra-ditant,
2650 1790 2856 1849 turpem
2885 1801 2946 1836 ac
2971 1788 3220 1851 vetulam,
3247 1804 3351 1843 non
3373 1804 3652 1846 aversatus
3672 1806 3750 1849 est

2159 1865 2318 1920 talem
2345 1885 2357 1919 :
2382 1867 2476 1922 sed
2502 1871 2642 1939 quod
2666 1874 2820 1926 morti
2851 1876 3081 1944 seipsum
3107 1878 3363 1948 objicieus
3393 1886 3608 1938 refinxit
3631 1903 3748 1940 eam

2158 1955 2210 2008 in
2239 1957 2689 2025 pulchritudinem
2716 1965 3082 2022 incredibilem
3109 1988 3122 2024 :
3145 1971 3240 2026 sed
3272 1975 3411 2043 quod
3439 1979 3599 2031 etiam
3631 1991 3748 2048 post

2160 2049 2272 2103 lucc
2289 2064 2433 2120 Saepe
2447 2053 2770 2110 sordidatam
2783 2058 3207 2118 animadvertens
3220 2073 3274 2119 ct
3293 2069 3635 2139 maculatam,
3653 2088 3749 2128 nec

2156 2140 2299 2208 ejicit
2325 2157 2442 2196 eam
2470 2159 2500 2198 e
2528 2143 2764 2201 thalamo
2785 2189 2800 2214 ,
2833 2164 2932 2204 nec
2959 2151 3229 2222 abrumpit
3267 2172 3436 2212 nexus
3472 2162 3703 2232 conjugii
3728 2182 3742 2230 ;

2156 2232 2249 2286 sed
2277 2234 2477 2288 mavult
2505 2251 2622 2290 eam
2649 2252 2842 2295 curare
2862 2282 2877 2305 ,
2907 2252 2963 2296 et
2987 2245 3237 2299 remediis
3261 2251 3548 2319 corrigere.
3578 2253 3743 2320 Quam

2158 2324 2306 2377 multi
2334 2324 2498 2391 enim,
2528 2343 2730 2397 quaeso,
2762 2339 2880 2398 post
2918 2344 3190 2402 acceptam
3231 2336 3391 2392 [idem
3437 2341 3487 2392 in
3535 2354 3744 2409 pecrata

2156 2414 2350 2484 relapsi
2377 2419 2538 2471 sunt?
2566 2435 2664 2474 nec
2692 2430 2866 2476 tamen
2904 2439 2999 2480 eos
3033 2427 3102 2479 ob
3137 2425 3240 2482 hoc
3279 2428 3495 2484 fastidiit
3527 2451 3540 2485 :
3575 2435 3745 2503 qualis

2155 2508 2253 2562 fuit
2280 2509 2368 2564 ille
2383 2510 2473 2580 qui
2498 2511 2635 2581 apud
2657 2511 2962 2570 Corinthios
2983 2523 3510 2587 stuprumcommisei
3527 2535 3603 2587 at,
3623 2541 3740 2578 cum

2153 2611 2298 2655 esset
2337 2604 2635 2658 membrum
2677 2605 2966 2673 Ecclesiw;
2999 2611 3340 2667 nihilominus
3370 2631 3474 2668 non
3506 2619 3742 2672 excisum

2153 2702 2235 2746 est
2267 2691 2318 2746 id
2349 2694 2670 2757 membrum,
2703 2697 2798 2752 sed
2825 2700 3040 2754 sanitati
3073 2702 3358 2758 redditum.
3386 2706 3522 2773 Quin
3554 2718 3610 2761 et
3638 2708 3741 2763 Ga-

2155 2784 2379 2837 latarum
2429 2785 2664 2841 Ecclesia
2709 2789 2954 2843 universa
2997 2792 3203 2856 resiliit.
3233 2807 3284 2849 et
3317 2797 3368 2848 in
3407 2795 3736 2854 Judaismutu

2153 2874 2297 2943 lapsa
2329 2885 2432 2940 est,
2457 2885 2692 2931 attamen
2727 2893 2792 2932 ne
2822 2880 2966 2934 illaut
2993 2883 3208 2952 quidem
3237 2887 3449 2954 repulit,
3475 2889 3568 2942 sed
3595 2905 3744 2944 cura-

2153 2975 2259 3018 tam
2288 2965 2435 3020 l’anli
2463 2983 2623 3036 opera
2647 2968 2715 3022 ad
2738 2971 3013 3039 pristinam
3039 2974 3254 3028 reduxit
3277 2979 3738 3035 consuetudinem.

2150 3057 2610 3124 Quemadmodum
2653 3072 2708 3116 et
2751 3064 2802 3116 in
2854 3067 3050 3118 uestris
3081 3069 3398 3136 corp-ribus
3437 3072 3485 3124 si
3528 3075 3741 3128 morbus

2149 3149 2423 3216 acciderit,
2459 3166 2562 3206 non
2601 3143 2908 3208 membrum
2943 3157 3326 3224 abscindimus,
3369 3161 3462 3215 sed
3499 3165 3738 3219 morbum

2149 3241 2395 3311 pellimns
2424 3259 2437 3296 :
2469 3242 2547 3298 sic
2584 3254 2636 3298 et
2672 3260 2792 3299 cum
2839 3262 3004 3301 nitore
3050 3250 3312 3325 agendum
3352 3263 3454 3305 est.
3501 3255 3558 3307 Si
3601 3257 3735 3324 quod

2151 3331 2274 3385 insit
2312 3333 2360 3385 ei
2391 3333 2592 3394 vitium.
2625 3350 2692 3390 ne
2743 3339 2910 3404 ipsam
2953 3338 3153 3406 ejicias,
3187 3340 3282 3395 sed
3311 3343 3494 3395 vitium
3521 3345 3732 3414 abigitu.

2147 3424 2306 3494 Atqui
2337 3439 2469 3478 uxor
2488 3425 2702 3495 quidem
2726 3428 2997 3481 etnendari
3024 3441 3216 3498 potest,
3242 3435 3540 3487 membrum
3563 3447 3734 3490 autem

2149 3517 2392 3571 nnttilum
2413 3532 2601 3573 curare
2621 3534 2764 3589 sa-pe
2784 3529 2866 3574 est
2887 3521 3246 3590 impossibile;
3277 3536 3332 3579 et
3359 3538 3537 3582 tamen
3554 3545 3736 3599 quam-

2149 3609 2227 3662 vis
2255 3611 2484 3664 scianms
2529 3611 2579 3664 id
2626 3611 2953 3678 incurabile,
2997 3630 3064 3669 ne
3106 3617 3184 3671 sic
3225 3620 3435 3686 quidem
3477 3623 3732 3677 rescindi-

2147 3716 2266 3754 mus
2295 3718 2309 3753 :
2339 3701 2434 3755 sed
2461 3717 2581 3756 cum
2609 3703 2747 3757 alius
2777 3704 2971 3773 loripes
2994 3747 3010 3771 ,
3042 3707 3179 3760 alius
3204 3724 3268 3762 ex
3295 3725 3453 3765 crure
3492 3711 3734 3766 laborans

2147 3791 2430 3856 claudicet,
2461 3793 2597 3848 alius
2625 3809 2840 3848 manum
2869 3797 3072 3851 aridam
3099 3808 3153 3852 et
3180 3810 3474 3856 emortuam
3503 3804 3731 3858 circum-

2149 3881 2318 3950 ferat,
2347 3883 2484 3938 alius
2509 3885 2722 3940 oculum
2754 3888 2953 3942 lumine
2983 3891 3172 3944 orbum
3199 3932 3215 3955 ,
3254 3909 3411 3946 nemo
3441 3903 3618 3949 tamen
3647 3913 3731 3950 eo-

2149 3989 2266 4028 rum
2312 3975 2521 4028 oculum
2570 3988 2659 4031 aut
2712 3993 2962 4046 manum,
3004 3991 3095 4035 aut
3138 3998 3262 4038 crus
3307 3983 3600 4055 pedemque
3626 3991 3731 4040 vult

2146 4066 2391 4120 amittere
2409 4083 2421 4118 :
2437 4076 2491 4122 et
2514 4069 2755 4136 quamvis
2775 4071 2882 4124 sint
2907 4072 3130 4138 inutilia,
3153 4075 3462 4142 czeterisqne
3485 4078 3731 4132 membris

2145 4157 2382 4212 dedecus
2425 4158 2688 4224 aderant,
2738 4170 2913 4216 tanwn
2956 4163 3138 4216 innato
3181 4165 3408 4234 quodam
3457 4166 3646 4220 all'eetu
3679 4180 3730 4220 ut

2147 4259 2351 4318 partetn
2399 4249 2640 4320 ejusdem
2685 4255 2929 4321 corporis
2971 4270 3031 4307 ea
3073 4256 3463 4324 prosequimur.
3506 4260 3587 4310 An
3630 4276 3726 4310 non

2147 4343 2306 4412 igitur
2330 4343 2619 4397 absurdum
2650 4342 2825 4406 fuerit,
2858 4345 2944 4400 ubi
2978 4346 3122 4400 nulla
3148 4358 3391 4414 Speratur
3420 4348 3618 4402 utilitas
3643 4361 3728 4402 aut

2145 4437 2410 4490 correctio
2430 4477 2445 4501 ,
2489 4447 2687 4491 tantam
2718 4437 2974 4493 adhibere
3001 4439 3418 4494 sollicitudinem
3445 4461 3456 4493 :
3492 4443 3579 4497 ubi
3611 4459 3728 4496 vero

2148 4529 2284 4582 bona
2309 4543 2435 4597 Spes
2457 4539 2701 4600 Superest
2724 4540 2775 4583 et
2807 4529 2977 4585 facilis
3009 4531 3252 4594 mutatio,
3280 4533 3478 4585 nttllam
3513 4533 3723 4586 medici-

2148 4636 2270 4673 nam
2301 4618 2516 4675 facerc?
2547 4621 2676 4674 Nam
2707 4622 2883 4676 innata
2911 4623 3034 4675 vitia
3059 4623 3218 4677 nullis
3238 4624 3435 4678 cedunt
3461 4625 3726 4688 retnediis,

2146 4713 2389 4766 voluntas
2413 4723 2591 4768 autem
2617 4713 2901 4782 depravata
2936 4726 3109 4780 potest
3133 4717 3346 4785 corrigi.

2218 4807 2269 4860 5.
2300 4804 2452 4871 Quod
2473 4806 2518 4859 si
2547 4814 2689 4858 tuam
2713 4822 2930 4861 uxorem
2961 4818 3082 4875 post
3101 4807 3336 4862 adhibita
3361 4808 3528 4862 multa
3559 4825 3728 4863 reme-

2145 4896 2230 4950 dia
2277 4912 2438 4966 neges
2479 4896 2794 4960 curabilem,
2833 4910 2883 4950 ut
2930 4913 3050 4966 qua:
3085 4898 3349 4951 obstinate
3395 4915 3574 4953 mores
3612 4916 3731 4952 suos

2148 4989 2407 5051 retineat,
2441 5003 2506 5042 ne
2540 4998 2647 5042 tum
2677 4988 2889 5056 quidem
2921 4988 3208 5057 ablegauda
3236 4999 3317 5042 Cal
3347 5007 3358 5040 :
3392 5007 3566 5058 neque
3593 4992 3728 5042 enim

2148 5080 2442 5134 membrum
2496 5080 2788 5133 incurabile
2837 5079 3123 5133 recidimus
3198 5081 3292 5133 Est
3331 5091 3510 5133 autem
3543 5092 3594 5134 et
3627 5083 3688 5134 ha
3706 5099 3732 5129 «-

2149 5188 2268 5243 pars
2323 5172 2394 5226 tui
2435 5173 2675 5240 corporis
2709 5191 2722 5226 :
2756 5173 2954 5225 dictum
3005 5181 3088 5225 est
3133 5173 3272 5226 enim
3304 5191 3316 5226 :
3355 5171 3516 5226 Erunt
3548 5174 3650 5226 duo
3686 5175 3731 5224 in

2145 5285 2294 5322 carne
2320 5285 2419 5322 una
2447 5267 2598 5342 (Gen.
2630 5268 2684 5322 2.
2713 5269 2828 5339 ει).
2865 5267 2929 5321 Ει
2954 5267 3250 5321 membrum
3278 5267 3490 5336 quidem
3521 5283 3734 5322 curasse

2147 5361 2347 5414 tmllmn
2389 5376 2568 5430 opt-ra:
2614 5361 2841 5430 pretium
2887 5361 3064 5425 fuerit,
3094 5360 3137 5413 si
3164 5375 3229 5414 ex
3259 5360 3566 5415 inlirmitate
3598 5361 3732 5413 insa-

2146 5453 2322 5506 nabile
2349 5461 2591 5518 maneat;
2624 5461 2808 5506 contra
2847 5452 3029 5505 uxoris
3057 5451 3184 5506 vitio
3221 5453 3265 5504 si
3317 5451 3581 5506 medearis
3605 5491 3622 5516 ,
3673 5451 3729 5505 h-

2143 5553 2228 5599 cet
2264 5543 2559 5600 insanabde
2595 5551 2827 5601 maneat.
2876 5557 3125 5612 maguum
3164 5543 3255 5597 tibi
3293 5543 3619 5611 propositum
3659 5554 3736 5596 est

2146 5636 2446 5705 premium,
2471 5635 2514 5688 si
2553 5651 2670 5689 eam
2693 5634 2937 5689 docueris
2974 5643 3025 5688 et
3053 5633 3364 5688 institueris.
3392 5634 3732 5701 Quantumvis

2145 5727 2286 5781 enim
2318 5730 2509 5780 frustra
2551 5730 2622 5782 sit
2666 5730 2840 5781 omnis
2887 5726 3162 5794 disciplina
3205 5736 3258 5779 et
3298 5726 3578 5793 institutio,
3609 5727 3731 5780 tolev

2149 5824 2316 5878 rentia
2367 5833 2544 5877 tamen
2597 5831 2684 5875 tua
2736 5820 2982 5876 mercede
3024 5821 3278 5875 divinitus
3323 5821 3584 5888 promissa
3633 5835 3730 5875 non
