4006 6424
263 431 363 489 227

264 544 363 614 τῆς
386 542 644 616 χρήσεται
671 543 980 614 πράγμασι,
1011 542 1104 595 καὶ
1121 541 1175 594 τί
1197 544 1297 613 μὲν
1324 545 1402 605 εἰς
1430 542 1557 607 τοὺς
1583 542 1844 613 ἀδελφοὺς

265 628 381 698 ἥξει
416 624 507 680 τοῦ
536 625 763 696 κλήρου,
799 624 852 677 τί
879 623 936 677 δὲ
961 625 1040 688 εἰς
1070 625 1163 679 τὸν
1186 625 1557 692 συνοικοῦντα,
1589 626 1684 679 καὶ
1717 626 1844 678 πόσε

266 713 449 782 κύριος
476 710 625 764 ἔσται
646 710 740 763 τοῦ
777 709 1001 773 παντὸς,
1053 708 1260 778 μηδένα
1297 709 1466 779 μηδὲν
1492 710 1709 779 ἀφεῖναι
1736 708 1845 761 τῶν

264 796 474 865 ἐκείνης
499 792 966 864 παρασπάσασθαι
1002 792 1188 863 μέρος,
1236 794 1330 846 καὶ
1364 792 1497 845 πότε
1524 792 1619 846 τοῦ
1647 793 1846 857 παντὸς

263 879 570 930 ἐκπεσεῖται
590 891 605 905 ⁸
634 876 728 929 και
753 874 920 928 πολλά
942 875 1105 945 ἔτερα
1122 874 1346 928 τοιαῦτα
1368 874 1845 946 πολυπραγμονεῖς

263 962 386 1031 παρ’
416 960 639 1013 ἐκείνων
665 959 758 1012 καὶ
788 960 987 1028 ζητεῖς,
1017 958 1196 1011 πάντα
1226 958 1451 1029 περιιὼν
1479 960 1571 1012 καὶ
1597 977 1846 1030 περισκο-

263 1042 397 1108 ¹τεῶν,
427 1044 575 1107 ὅπως
598 1045 662 1096 ἐκ
696 1043 925 1114 μηδενὸς
957 1042 1182 1114 γένηται
1206 1044 1406 1115 τρόπου
1441 1062 1492 1097 τι
1519 1044 1627 1097 τῶν
1658 1062 1844 1113 γυναι-

263 1128 353 1190 κὸς
391 1126 733 1196 πραγμάτων
782 1125 862 1187 εἰς
896 1142 1019 1179 τινα
1072 1126 1180 1179 τῶν
1230 1128 1416 1198 ἐκείνῃ
1456 1128 1844 1197 προσηκόντων

261 1207 409 1282 [215]
426 1210 598 1263 ἐλθεῖν
617 1226 632 1240 ⁸
662 1211 860 1274 καίτοι,
886 1212 1023 1282 ὅπερ
1049 1210 1218 1281 ἔφθην
1241 1208 1432 1273 εἰπὼν,
1450 1214 1498 1265 εἰ
1527 1212 1618 1264 καί
1638 1230 1690 1264 τι
1713 1229 1844 1283 συμ-

258 1292 384 1364 ϐαίη
412 1292 519 1346 τῶν
549 1291 825 1360 ἀδοκήτων
846 1332 860 1355 ,
913 1294 972 1346 ἐν
1024 1295 1300 1365 χρήμασιν
1330 1293 1482 1347 ἔσται
1520 1293 1585 1346 τά
1613 1295 1713 1363 τῆς
1746 1294 1843 1365 ζη-

260 1376 407 1445 μίας,
467 1375 582 1428 ἀλλ’
609 1376 757 1445 ὅμως
811 1377 912 1428 οὐκ
942 1377 1113 1448 ἀνέχῃ
1151 1377 1356 1430 τούτων
1383 1378 1534 1431 οὐδὲν
1570 1377 1838 1447 παριδεῖν.

260 1458 377 1521 Πῶς
399 1454 494 1511 οὖν
521 1457 620 1511 ούκ
648 1458 867 1514 ἄτοπον.
899 1462 1195 1529 χρημάτων
1226 1461 1325 1531 μὲν
1352 1463 1483 1531 ἡμῖν
1507 1460 1842 1514 ἀπόλλυσθαι

262 1541 575 1610 μελλόντων,
603 1541 868 1609 τοσαύτην
895 1544 1133 1613 σπουδὴν
1163 1544 1588 1607 ἐπιδείκνυσθαι,
1622 1545 1762 1617 ὑπὲρ
1786 1546 1840 1599 δέ

255 1625 425 1695 ψυχῆς
456 1623 610 1688 ὄντος
639 1626 771 1697 ἡμῖν
805 1624 898 1677 τοῦ
934 1625 1181 1680 κινδύνου
1216 1628 1441 1681 καὶτῶν
1467 1628 1704 1681 εὐθυνῶν
1734 1629 1840 1681 τῶν

255 1707 385 1772 ἐκεῖ,
442 1706 649 1777 μηδένα
682 1706 951 1760 ποιεῖσθαι
982 1707 1171 1777 λόγον,
1214 1709 1334 1763 δέον
1384 1710 1491 1780 πρὸ
1529 1709 1636 1762 τῶν
1668 1710 1840 1764 ἄλλων

257 1788 464 1841 πάντων
488 1787 663 1842 ταῦτα
710 1788 892 1859 ζητεῖν
922 1791 1017 1843 καὶ
1064 1792 1523 1862 περιεργάζεσθαι
1563 1795 1655 1847 καὶ
1690 1796 1842 1849 πολυ-

258 1873 591 1942 πραγμονεῖν
618 1886 633 1936 ;

319 1990 406 2043 Διὸ
435 1990 689 2062 παραινῶ
718 1990 811 2043 καὶ
843 1992 1201 2059 συμϐουλεύω
1226 1996 1355 2060 τοὺς
1391 1997 1682 2067 μέλλοντας
1714 2014 1839 2061 αγε-

253 2072 369 2127 σθαι
393 2076 684 2142 γυναῖκας,
724 2074 861 2145 πρὸς
889 2075 979 2128 τὸν
1013 2079 1282 2148 μακάριον
1315 2078 1525 2133 Παῦλον
1570 2081 1836 2150 ἀπαντᾷν,

252 2161 341 2214 καὶ
378 2163 505 2225 τοὺς
538 2162 663 2234 παρ’
704 2162 856 2234 αὐτῷ
884 2164 1169 2233 κειμένους
1200 2168 1328 2236 περὶ
1352 2167 1548 2237 γάμων
1575 2167 1839 2236 ἀναγινώ-

251 2260 395 2299 σκειν
424 2247 657 2316 νόμους,
713 2245 806 2301 καὶ
861 2247 1130 2317 μαθόντας
1180 2252 1478 2322 πρότερον.
1528 2253 1580 2305 τί
1627 2253 1833 2307 κελεύει

250 2331 435 2390 ποιεῖν,
470 2329 604 2383 ὅταν
626 2329 839 2401 πονηρά
863 2330 957 2384 καὶ
980 2330 1233 2396 ὕπουλος,
1264 2334 1356 2387 καὶ
1385 2334 1556 2403 μέθης
1577 2336 1834 2397 ἐλάττων,

250 2414 337 2463 καὶ
363 2410 631 2482 λοίδορος.
688 2412 782 2466 καὶ
829 2414 1016 2476 ἀνοίας
1044 2413 1291 2485 γέμουσα
1313 2454 1327 2481 ,
1380 2418 1474 2470 καὶ
1504 2418 1680 2471 ὁτιοῦν
1710 2420 1837 2472 ἀλλο

248 2494 478 2547 τοιοῦτον
509 2494 802 2565 ἐλάττωμα
834 2495 1035 2567 ἔχουσα
1062 2496 1199 2571 τύχῃ
1231 2500 1391 2568 γυνὴ,
1421 2498 1566 2552 οὕτω
1602 2502 1837 2569 διαλέγε-

250 2577 368 2630 σθαι
397 2580 524 2649 περί
562 2579 766 2647 γάμου.
825 2581 923 2632 “Av
955 2580 1054 2650 μὲν
1081 2582 1191 2651 γάρ
1240 2582 1354 2653 ἴδῃς
1381 2583 1460 2635 ὅτι
1512 2600 1593 2635 σοι
1621 2585 1835 2637 δίδωσιν

246 2659 483 2723 ἐξουσίαν
510 2659 573 2712 ἓν
599 2659 808 2714 τούτων
830 2662 1059 2733 εὑρόντα
1094 2663 1202 2716 τῶν
1227 2664 1622 2736 ἐλαττωμάτων
1647 2668 1837 2719 ἐκϐάλ-

245 2740 351 2795 λειν
371 2744 467 2813 μὲν
492 2742 734 2813 ἐκείνην,
759 2745 999 2814 εἰσάγειν
1025 2746 1082 2798 δὲ
1116 2747 1199 2799 ἑτέ
1210 2764 1325 2818 ραν,
1346 2748 1422 2812 ὡς
1443 2750 1643 2814 παντὸς
1669 2751 1837 2819 ἀπηλ-

244 2823 507 2896 λαγμένος
532 2827 781 2881 κινδύνου
811 2827 1004 2899 θάρρει
1029 2845 1042 2859 ⁸
1080 2828 1145 2883 ἂν
1169 2829 1224 2883 δὲ
1256 2831 1416 2884 τοῦτο
1455 2833 1552 2902 μὲν
1585 2834 1682 2886 οὐκ
1712 2835 1832 2886 ἐπι-

244 2909 433 2982 τρέπῃ.
495 2912 698 2983 κελεύῃ
746 2912 803 2966 δὲ
849 2913 990 2984 πλὴν
1043 2915 1300 2985 πορνείας
1355 2917 1535 2971 πάντα
1583 2919 1649 2972 τά
1699 2920 1834 2972 ἄλλα

246 2993 597 3062 ἐλαττώματα
620 2995 850 3065 ἔχουσαν
872 2996 1120 3068 στέργειν
1150 3000 1243 3051 καὶ
1267 2999 1416 3052 ἔνδον
1445 3001 1718 3070 κατέχειν,
1750 3002 1835 3055 οὖ-

250 3092 350 3140 τως
371 3078 673 3147 ἀσφάλισαι
703 3080 930 3142 ἑαυτὸν,
988 3082 1065 3144 ὡς
1122 3082 1331 3152 μέλλων
1373 3084 1595 3138 ἃπασαν
1646 3086 1833 3156 φέρειν

244 3158 338 3227 τῆς
385 3161 643 3228 γυναικὸς
683 3162 779 3232 τὴν
813 3164 1098 3234 πονηρίαν.
1147 3166 1211 3218 Εἰ
1258 3166 1314 3219 δὲ
1346 3166 1485 3237 βαρὺ
1531 3167 1689 3222 τοῦτο
1740 3171 1833 3223 καὶ

246 3245 516 3312 φορτικὸν,
552 3244 732 3298 πάντα
767 3245 911 3299 ποίει
942 3246 1038 3300 καὶ
1072 3251 1491 3320 πραγματεύου,
1525 3251 1666 3305 ὥστε
1698 3270 1834 3324 χρη-

243 3328 366 3396 στὴν
393 3329 488 3381 καὶ
517 3330 739 3402 ἐπιεικῆ
770 3332 865 3384 καὶ
893 3332 1173 3404 πειθήνιον
1190 3337 1426 3403 γυναῖκα
1446 3335 1649 3399 λαϐεῖν,
1676 3336 1831 3401 εἰδὼς

243 3408 322 3462 ὅτι
350 3409 495 3465 δυοῖν
531 3411 746 3484 ἀνάγκη
788 3412 1044 3486 θάτερον,
1092 3416 1126 3487 ἢ
1175 3417 1419 3488 πονηρὰν
1454 3417 1687 3472 λαϐόντα
1729 3437 1830 3488 γυ-

240 3495 392 3546 ναῖκα
419 3494 611 3567 φέρειν
658 3497 829 3567 αὐτῆς
854 3497 953 3568 τὴν
979 3498 1295 3568 ἐπάχθειαν,
1335 3500 1368 3572 ἦ
1398 3499 1566 3554 τοῦτο
1595 3504 1668 3574 μὴ
1702 3502 1829 3573 βου-

241 3574 476 3646 λόμενον,
511 3578 816 3634 ἐκϐαλόντα
852 3583 1069 3653 μοιχείᾳ
1110 3583 1452 3639 ἁλίσκεσθαι.
1498 3586 1553 3638 '0
1592 3586 1701 3656 γὰρ
1730 3588 1829 3641 ἐκ-

241 3659 471 3716 ϐάλλων
500 3664 783 3733 γυναῖκα,
813 3665 968 3736 φησὶ,
994 3669 1289 3736 παρεκτὸς
1307 3668 1494 3738 λόγου
1521 3671 1825 3739 πορνείας,

241 3744 393 3796 ποιεῖ
426 3744 626 3813 αὐτὴν
647 3747 1046 3817 μοιχευθῆναι
1071 3767 1086 3781 ⁸
1139 3752 1240 3805 καὶ
1282 3755 1315 3806 ό
1361 3752 1831 3823 ἀπολελυμένην

241 3830 434 3911 γαμῶν
457 3833 763 3902 μοιχᾶται.
803 3835 901 3888 ’Δν
928 3834 1103 3891 ταῦτα
1145 3838 1252 3909 πρὸ
1299 3838 1393 3892 τοῦ
1421 3838 1601 3911 γάμου
1649 3841 1831 3905 καλῶς

238 3903 381 3982 ὦμεν
406 3914 483 3970 διε
494 3917 796 3987 σκεμμένοι
836 3918 932 3972 καὶ
959 3921 1086 3984 τοὺς
1113 3903 1311 3993 νόμους
1356 3903 1579 3989 τούτους
1604 3903 1827 3991 εἰδότες,

240 3997 432 4070 πολλὴν
459 4000 802 4071 ποιησόμεθα
820 4003 1076 4075 σπουδὴν,
1106 4004 1247 4059 ὥστε
1272 4007 1331 4074 ἐξ
1358 4008 1534 4080 ἀρχῆς
1556 4008 1830 4082 εὔρυθμόν

239 4096 351 4163 τινα
374 4084 466 4136 καὶ
485 4083 892 4153 συμὸαίνουσαν
906 4089 1021 4151 τοῖς
1050 4090 1341 4161 ἡμετέροις
1356 4091 1577 4163 τρόποις
1597 4097 1830 4161 γυναῖκα

238 4161 440 4249 λαϐεῖν·
474 4167 735 4238 τοιαύτην
765 4169 822 4222 δὲ
855 4169 1113 4235 λαϐόντες
1140 4174 1201 4225 ού
1230 4161 1400 4228 τοῦτο
1420 4178 1828 4249 καρωσόμεθα

239 4247 423 4314 μόνον,
473 4250 560 4303 ὅτι
614 4252 869 4305 οὐδέποτε
918 4254 1089 4323 αὐτὴν
1148 4247 1521 4327 ἐκϐαλοῦμεν,
1580 4247 1700 4314 an"
1744 4263 1827 4316 ὄτι

238 4329 323 4382 καὶ
369 4332 509 4401 μετά
551 4333 756 4404 πολλῆς
792 4335 960 4407 αὐτὴν
997 4339 1357 4411 ἀγαπήσομεν
1391 4344 1493 4414 τῆς
1527 4345 1827 4417 σφοδρότη-

234 4428 354 4500 τος,Δ
384 4417 479 4500 καὶ
508 4417 628 4486 μεθ’
656 4418 788 4488 ὅσης
834 4420 861 4473 ὁ
883 4420 1095 4485 Παῦλος
1123 4422 1431 4479 ἐκέλευσεν.
1467 4426 1653 4479 Εἰπὼν
1692 4430 1823 4500 γὰρ,

238 4498 296 4548 οι
308 4496 556 4583 άνδρες,
584 4502 854 4570 ἀγαπᾶτε
891 4505 999 4571 τὰς
1027 4506 1337 4574 γυναῖκας,
1372 4508 1472 4561 ούκ
1500 4509 1629 4580 ἔστη
1663 4496 1826 4583 μέχρι

234 4579 415 4635 τούτου
446 4585 632 4655 μόνον,
666 4586 804 4640 ἀλλά
832 4589 924 4642 καὶ
957 4591 1157 4661 μέτρον
1182 4592 1318 4661 ἡμῖν
1350 4591 1550 4645 ἔδωκεν
1578 4579 1822 4666 ἀγάπῇξν

234 4666 429 4733 Καθὼς
455 4669 553 4721 καί
594 4671 627 4723 ό
664 4672 920 4738 Χριστὸς
959 4673 1240 4742 ἠγάπησε
1286 4673 1401 4742 τὴν
1430 4674 1820 4743 Ἐκκλησίαν.

235 4747 335 4799 Καὶ
365 4746 484 4815 πῶς
533 4753 825 4825 ἠγάπησεν
856 4756 885 4808 ὁ
915 4757 1186 4827 Χριστόςς
1217 4758 1340 4810 εἰπέ
1375 4775 1485 4827 μοι.
1520 4759 1648 4813 Ὀτι
1679 4779 1825 4828 παρ-

232 4830 451 4887 έόωχεν
473 4835 695 4891 ἑαυτὸν
744 4840 892 4907 ὑπὲρ
937 4839 1145 4907 αὐτῆς.
1187 4842 1350 4894 Ὥστε
1404 4843 1505 4895 κᾶν
1532 4844 1824 4899 ἀποθανεῖν

235 4914 367 4987 ὑπὲρ
411 4920 527 4974 τῶν
570 4925 848 4990 γυναικῶν
874 4926 1002 4998 δέῃ,
1058 4925 1133 4997 μὴ
1166 4931 1503 5001 παραιτήσῃ.
1559 4930 1619 4982 Εἰ
1654 4931 1761 5004 γάρ
1796 4934 1823 4983 ό

232 4998 501 5073 Δεσπότης
522 5007 621 5076 τὴν
650 5006 845 5078 δούλην
871 5007 1046 5072 οὕτως
1078 4998 1385 5080 ἠγάπησεν,
1411 4998 1486 5075 ὡς
1513 5014 1607 5066 καὶ
1635 4998 1824 5067 ἑαυτὸν

232 5081 508 5168 ἐπιδοῦναι
542 5089 683 5161 ὑπὲρ
710 5092 901 5162 αὐτῆς,
940 5091 1122 5161 πολλῷ
1149 5094 1350 5163 μᾶλλον
1384 5095 1442 5148 σὲ
1469 5094 1566 5165 τὴν
1595 5098 1814 5168 ὁμόδου-

230 5161 315 5218 λον
349 5167 525 5234 οὖτως
557 5173 779 5246 ἀγαπᾷν
828 5161 944 5248 χρή.
1026 5176 1162 5228 Ἀλλ’
1205 5178 1406 5247 ἴδωμεν
1452 5181 1526 5250 μή
1582 5198 1714 5234 ποτε
1760 5184 1822 5235 τὸ

232 5248 419 5336 κάλλος
448 5253 551 5322 τῆς
573 5257 792 5330 νύμφης
835 5259 1188 5313 ἐπεσπάσατο
1229 5260 1323 5313 τὸν
1367 5248 1622 5333 νυμφίον,
1659 5265 1753 5317 καὶ
1786 5267 1818 5336 ἡ

230 5332 536 5422 ἀρετὶγτῆς
556 5340 757 5413 ψυχῆς.
810 5344 927 5397 Οὐκ
966 5344 1081 5397 ἐστι
1110 5344 1270 5398 τοῦτο
1305 5347 1500 5401 εἰπεῖν.
1559 5349 1682 5402 Ὅτι
1710 5332 1819 5422 γάρ

227 5414 467 5500 δυσειδης
494 5417 564 5492 ἦν
598 5429 692 5479 καὶ
717 5426 1047 5498 ἀκάθαρτος,
1068 5427 1301 5481 ἄκουσον
1329 5428 1440 5482 τῶν
1458 5429 1605 5500 ἑξῆς.
1635 5414 1819 5487 Εἰπὼν

228 5496 362 5585 γάρ,
408 5505 763 5572 Παρέδωκεν
800 5496 1022 5580 ἑαυτὸν
1063 5511 1215 5579 ὑπὲρ
1251 5511 1464 5581 αὐτῆς,
1514 5496 1813 5585 ἐπήγαγεν,

229 5577 351 5635 Ἵνα
373 5586 601 5659 ἁγιάσῃ
624 5593 820 5661 αὐτὴν
835 5577 1266 5664 καθαρίσας(τῷ
1286 5577 1523 5664 λούτρῷ
1541 5577 1648 5654 τοῦ
1674 5577 1816 5655 {Iv-da;

229 5678 343 5755 τος.
369 5667 556 5724 Εἰπὼν
576 5675 655 5739 δὲ,
676 5679 1019 5746 Καθαρίσιις
1040 5680 1257 5746 αὐτὴν,
1275 5680 1477 5745 ἔδειξεν
1502 5683 1813 5755 ἀκάθαρτον

227 5750 386 5841 οξσαν
412 5757 723 5829 ἔμπροσθεν
753 5767 846 5820 καὶ
872 5768 1061 5837 ἐναγῆ,
1092 5768 1186 5821 καὶ
1213 5768 1309 5838 οὐχ
1336 5772 1410 5833 ὡς
1433 5769 1644 5841 ἔτυχεν,
1678 5772 1813 5827 ἀλλά

228 5834 319 5906 τὴν
342 5839 580 5914 ἐσχάτην
608 5848 947 5921 ἀκαθαρσίαν
975 5867 986 5880 ⁸
1018 5851 1210 5925 κνίσσῃ
1241 5852 1348 5925 γὰρ
1381 5856 1474 5909 καὶ
1504 5856 1693 5926 καπνῴ
1721 5861 1810 5914 καὶ

1205 435 1481 505 QUALES
1520 435 1870 493 θυαε]ΝοᾹί
1910 436 2064 493 SINT
2120 436 2417 492 UXORES.
2457 434 2544 490 ΠΙ.

3428 430 3537 487 ‘2‘28

1950 541 2132 614 λύθρῳ
2163 546 2256 597 καὶ
2287 543 2503 614 αἵμασι,
2526 544 2619 596 καὶ
2645 541 2862 613 μυρίαις
2890 544 2934 593 ἐ·
2951 545 3103 613 ἐραις
3125 541 3394 608 τοιαύταις
3420 563 3545 600 καιικ

1949 627 2257 696 ερρυποῦτο
2298 627 2531 697 κηλῖσιν.
2588 624 2727 677 Ἀλλ’
2762 625 2912 695 ὅμως
2951 628 3053 679 ούκ
3094 626 3411 692 ἐϐδελύξατο
3442 641 3543 701 τὴν

1950 710 2260 780 ἀμορφίαν,
2314 709 2450 762 ἀλλά
2502 708 2762 780 μετέϐαλε
2797 707 2945 778 [214]
2984 709 3081 779 τὴν
3124 709 3345 778 ἀηδίαν,
3386 718 3543 783 μετέ-

1952 793 2143 855 πλασε,
2172 792 2625 864 μετερρύθμισεν,
2651 792 2827 860 ἀφῆκε
2855 791 3325 863 τάήμαρτημένα.
3343 795 3545 849 Τοῦτον

1951 873 2045 926 καὶ
2090 874 2154 927 σὺ
2206 876 2465 947 μίμησαι.
2518 874 2635 928 Κᾶν
2667 868 2836 945 μυρία
2886 874 3106 947 ἁμάρτῃ
3155 877 3188 945 ἡ
3221 878 3544 933 συνοικοῦσα

1949 958 2028 1019 εἰς
2074 958 2132 1009 σὲ
2176 959 2585 1029 ἁμαρτήματα,
2632 957 2811 1012 πάντα
2844 959 2979 1027 ἄφες
3015 959 3108 1011 καὶ
3154 960 3536 1033 συγχώρησον·

1949 1039 2053 1091 κᾶν
2082 1040 2254 1111 λάϐῃς
2299 1042 2622 1112 δύστροπον,
2653 1041 3095 1113 μεταρρύθμισον
3126 1042 3394 1115 ἐπιεικείᾳ
3445 1047 3542 1097 καὶ

1951 1126 2252 1193 πραότητι,
2313 1123 2494 1189 καθὼς
2547 1125 2644 1180 καὶ
2694 1126 2723 1177 ὀ
2754 1124 2988 1195 Χριστὸς
3034 1125 3135 1194 τὴν
3188 1124 3535 1198 Ἐκκλησίαν.

1950 1206 2025 1257 Ού
2065 1207 2172 1276 γάρ
2214 1207 2311 1277 τὴν
2368 1208 2708 1278 ἀκαθαρσίαν
2760 1208 2929 1279 αὐτῆς
2982 1207 3143 1277 μόνον
3196 1208 3533 1279 ἀπέσμηξεν,

1949 1288 2085 1341 άλλά
2119 1291 2211 1343 καὶ
2259 1290 2319 1343 τὸ
2359 1290 2538 1360 γῆρας
2581 1290 2849 1356 ἀπέξυσε,
2889 1291 2980 1343 τὸν
3009 1290 3239 1345 παλαιὸν
3263 1293 3538 1357 ἀποδύσας

1948 1370 2268 1441 ἄνθρωπον,
2298 1371 2390 1425 τὸν
2443 1374 2508 1425 ἐκ
2552 1373 2658 1426 τῶν
2705 1374 3114 1444 ἁμαρτημάτων
3163 1373 3536 1443 συγκείμενον.

1950 1456 2060 1508 Καὶ
2097 1456 2257 1509 τοῦτο
2289 1457 2451 1520 αὐτὸς
2480 1457 2851 1527 αἰνιττόμενος
2894 1457 3056 1509 πάλιν
3099 1459 3128 1510 ὁ
3172 1456 3384 1521 Παῦλος
3420 1458 3537 1512 ἔλε-

1947 1556 2042 1606 γεν
2068 1557 2082 1571 ⁸
2117 1542 2241 1593 Ἵνα
2273 1541 2640 1609 παραστήσῃ
2680 1540 2875 1607 αὐτὴν
2903 1538 3094 1605 ἑαυτῷ
3130 1540 3387 1605 ἔνδοξον
3424 1541 3540 1608 τὴν

1947 1624 2333 1690 Ἐκκλησίαν,
2361 1626 2447 1695 μὴ
2472 1626 2744 1694 ἔχουσαν
2765 1624 2991 1677 σπῖλον
3018 1624 3054 1691 ἣ
3065 1624 3283 1692 ῥυτίδα
3304 1642 3317 1656 ⁸
3343 1627 3405 1678 οὐ
3430 1624 3539 1697 γὰρ

1948 1705 2116 1776 καλὴν
2154 1708 2312 1777 μόνον
2346 1708 2624 1779 ἐποίησεν,
2661 1708 2798 1760 ἀλλά
2838 1708 2933 1760 καὶ
2964 1708 3092 1761 νέαν
3113 1747 3129 1771 ,
3175 1709 3236 1761 ού
3271 1708 3413 1762 κατά
3440 1709 3538 1779 τὴν

1947 1788 2041 1840 τοῦ
2070 1790 2321 1858 σώματος
2358 1790 2542 1858 φύσιν,
2566 1789 2702 1843 ἀλλά
2730 1788 2871 1842 κατά
2900 1788 2998 1860 τὴν
3035 1790 3133 1861 τῆς
3161 1790 3537 1861 προαιρέσεως

1947 1879 2077 1943 ἕξιν.
2114 1878 2215 1931 Καὶ
2240 1882 2298 1932 ού
2330 1879 2488 1933 τοῦτο
2526 1881 2684 1950 μόνον
2714 1881 2830 1934 ἐστὶ
2864 1880 3201 1950 θαυμαστὸν,
3247 1882 3329 1934 ὃτι
3356 1881 3537 1935 λαϐὼν

1947 1962 2194 2033 ἀμορρον
2226 1965 2320 2015 καὶ
2349 1964 2567 2035 δυσειδῆ
2600 1966 2693 2018 καὶ
2722 1964 2953 2035 αἰσχρὰν
2994 1966 3089 2017 καί⁸
3127 1970 3534 2038 γεγηρακυῖαν,

1945 2042 2069 2095 οὔτε
2112 2046 2435 2112 ἐϐδελύξατο
2458 2049 2557 2118 τὴν
2585 2047 2883 2119 ἀμορφίαν,
2912 2047 3053 2101 ἀλλά
3075 2049 3171 2101 καὶ
3198 2056 3279 2114 είς
3313 2049 3538 2107 θάνατον

1945 2128 2137 2181 ἑαυτὸν
2174 2132 2480 2201 παρέδωκε,
2508 2133 2602 2185 καὶ
2632 2130 3070 2203 μετερρύθμισεν
3104 2132 3273 2203 αὐτὴν
3302 2136 3382 2197 εἰς
3408 2136 3538 2189 κάλ-

1944 2212 2035 2275 λος
2088 2215 2392 2284 ἀμήχανον·
2449 2215 2566 2269 ἀλλ’
2613 2215 2696 2268 ὃτι
2748 2217 2840 2268 καὶ
2892 2215 3028 2285 μετά
3073 2217 3235 2271 τοῦτο
3277 2219 3538 2285 πολλάκις

1946 2297 2324 2366 ρυπουμένην,
2350 2297 2745 2368 κηλιδουμένην
2770 2299 2942 2369 ὀρῶν,
2978 2300 3078 2352 οὐκ
3113 2300 3393 2363 ἐκϐάλλει,
3426 2304 3536 2357 οὐδ’

1944 2380 2351 2451 ἀπορρήγνυσιν
2370 2380 2589 2444 ἑαυτοῦ,
2617 2380 2756 2433 ἀλλά
2782 2381 2877 2434 καὶ
2916 2380 3065 2451 μένει
3094 2381 3415 2454 θεραπεύων
3442 2387 3536 2439 καὶ

1942 2463 2058 2534 διορ
2075 2463 2342 2532 ούμενος.
2377 2464 2539 2517 Πόσοι
2564 2465 2695 2535 γάρ,
2714 2465 2835 2517 εἰπέ
2858 2482 2968 2535 μοι,
3002 2466 3140 2533 μετά
3162 2468 3223 2521 τὸ
3247 2469 3534 2523 πιστεῦσαι

1942 2547 2217 2619 ἦμαρτον;
2254 2548 2369 2600 ἀλλ’
2404 2550 2553 2619 ὅμως
2596 2550 2793 2613 αὐτοὺς
2827 2550 2927 2603 οὐκ
2956 2550 3311 2615 ἐϐδελύξατο·
3340 2548 3471 2618 οἷον,
3506 2556 3536 2607 ὁ

1944 2630 2094 2701 παρά
2124 2630 2427 2701 Κορινθίοις
2444 2630 2837 2702 πεπορνευκὼς
2875 2632 3034 2703 μέλος
3068 2635 3167 2704 τῆς
3207 2634 3505 2707 Ἐκκλησία
3517 2657 3534 2700 ;

1940 2711 2026 2785 ἦν’
2069 2715 2184 2768 ἀλλ’
2223 2715 2323 2767 ούκ
2343 2714 2567 2785 ἐξέκοψε
2608 2716 2669 2768 τὸ
2706 2714 2898 2786 μέλος,
2935 2716 3068 2770 ἀλλὰ
3096 2716 3429 2789 διώρθωσεν.
3471 2721 3533 2774 ’Π

1941 2799 2199 2854 Γαλατῶν
2238 2798 2539 2869 Ἐκκλησία
2593 2800 2783 2852 ἆπασα
2832 2801 3228 2871 ἀπεσκίρτησε,
3268 2803 3361 2856 καὶ
3396 2803 3534 2873 πρὸς

1944 2884 2251 2954 ἰουδαῖσμδν
2316 2885 2641 2936 κατέπεσε-ν
2678 2883 2791 2935 ἀλλ’
2827 2887 2977 2953 ὅμως
3020 2885 3142 2937 ούδέ
3188 2886 3407 2956 ἐκείνην
3448 2887 3534 2952 ἐξα

1940 2966 2155 3028 έδαλεν,
2184 2966 2319 3020 άλλά
2350 2968 2439 3020 διὰ
2459 2966 2552 3020 τοῦ
2594 2966 2808 3019 Παύλου
2839 2966 3186 3037 θεραπεύσας
3215 2969 3411 3039 αὐτὴν,
3440 2970 3535 3022 ἐπὶ

1939 3048 2037 3119 την
2071 3050 2345 3121 προτέραν
2378 3052 2696 3121 ἐπανήγαγε
2736 3051 3080 3118 συγγένειαν.
3114 3051 3328 3123 Ὥσπερ
3354 3047 3447 3104 οὖν
3476 3052 3536 3104 ἐν

1938 3135 2051 3196 τοῖς
2082 3132 2300 3203 σώμασι
2323 3136 2433 3197 τοῖς
2457 3135 2766 3204 ἡμετέροις,
2798 3135 2894 3185 ἐπε
2905 3133 3018 3187 ιδὰν
3045 3134 3273 3205 γένηται
3296 3134 3533 3207 νόσημα,

1938 3217 1998 3270 οὑ
2049 3218 2110 3271 τὸ
2165 3218 2330 3289 μέλος
2384 3217 2766 3288 ἐκκόπτομεν,
2826 3216 2967 3271 ἀλλά
3024 3217 3086 3271 τὸ
3144 3218 3358 3290 νόσημα
3422 3220 3532 3272 άπ-

1938 3297 2279 3370 ελαύνομεν⁸
2335 3299 2473 3353 οὕτω
2522 3302 2616 3353 καὶ
2669 3301 2761 3354 ἐπὶ
2800 3301 2901 3371 τῆς
2953 3301 3212 3368 γυναικὸς
3265 3301 3529 3373 ποιῶμεν.

1951 3374 2078 3435 Ἐάν
2104 3384 2330 3455 γένηταί
2360 3402 2443 3447 τις
2473 3387 2529 3436 ἐν
2575 3384 2710 3454 αὐτῇ
2758 3384 3024 3455 πονηρία,
3071 3385 3145 3455 μὴ
3171 3384 3272 3454 τὴν
3300 3388 3535 3454 γυναῖκα

1938 3465 2198 3537 ἐκὸάλῃς,
2229 3467 2365 3521 ἀλλά
2399 3467 2498 3536 τὴν
2533 3466 2732 3519 κακίαν
2757 3468 3054 3523 ἀπέλασον.
3083 3468 3273 3521 Καίτοι
3295 3472 3531 3537 γυναῖκα

1941 3549 2039 3619 μὲν
2067 3549 2470 3618 διορθώσασθαι
2498 3550 2742 3615 δυνατὸν,
2784 3550 2945 3621 μέλος
2967 3550 3023 3603 δὲ
3058 3548 3317 3613 πολλάκις
3349 3570 3529 3623 πεπη-

1938 3632 2183 3702 ρωμένον
2214 3632 2553 3704 θεραπεῦσαι
2571 3634 2671 3687 οὐκ
2690 3633 2770 3686 ἔνι
2791 3649 2803 3662 ⁸
2830 3632 2946 3686 ἀλλ’
2968 3635 3119 3703 ὅμως
3140 3633 3341 3697 εἰδότες
3364 3635 3532 3688 αὐτοῦ

1935 3714 2034 3785 τὴν
2067 3716 2317 3786 πήρωσιν
2340 3712 2503 3769 οὖσαν
2525 3716 2767 3779 ἀνίατον,
2800 3716 2923 3769 ούδέ
2957 3716 3133 3780 οῦτως
3165 3716 3529 3788 ἐκκόπτομεν·

1935 3798 2072 3851 ἀλλὰ
2100 3799 2194 3851 καὶ
2224 3798 2359 3852 πόδα
2387 3799 2820 3870 διεστραμμένον
2872 3798 3090 3868 ἔχοντες
3119 3798 3304 3852 πολλοὶ⁵
3339 3801 3532 3855 πολλά-

1937 3898 2044 3945 κις,
2075 3883 2172 3936 καὶ
2203 3882 2395 3945 σκέλος
2417 3882 2611 3953 χωλὸν.
2638 3883 2732 3935 καὶ
2753 3884 2914 3953 χεῖρα
2941 3881 3111 3951 ξηρὰν
3140 3883 3236 3935 καὶ
3262 3900 3529 3954 νενεκρω-

1940 3967 2127 4035 μένην,
2162 3967 2255 4018 καὶ
2277 3966 2554 4036 ὀφθαλμὸν
2586 3965 2936 4036 ἐσϐεσμένον,
2983 3964 3106 4019 οὔτε
3136 3967 3229 4020 τὸν
3252 3967 3530 4039 ὀφθαλμὸν

1935 4048 2332 4123 ἐξορύττουσιν,
2375 4049 2500 4103 οὔτε
2529 4049 2591 4102 τὸ
2622 4050 2813 4112 σκέλος
2858 4049 3241 4114 ἐκκόπτουσιν,
3281 4050 3405 4105 οὔτε
3431 4052 3529 4123 τὴν

1934 4136 2092 4204 χεῖρα
2124 4121 2544 4203 ἀποτέμνουσιν,
2580 4133 2693 4186 ἀλλ’
2731 4132 2965 4203 ὁρῶντες
2996 4132 3121 4187 οὕτε
3150 4134 3339 4207 κέρδος
3372 4121 3528 4204 ἐγγιο

1941 4217 2167 4288 νόμενον
2191 4217 2251 4283 ἐξ
2285 4218 2463 4271 αὐτῶν
2492 4236 2544 4270 τι
2567 4218 2642 4289 τῷ
2669 4216 2905 4290 σώματι,
2934 4218 3035 4272 καῖ
3063 4218 3265 4291 πολλὴν
3286 4222 3399 4283 τοῖς
3420 4220 3528 4274 λοι-

1938 4303 2061 4364 ποῖς
2101 4300 2321 4371 μέλεσιν
2345 4301 2627 4373 αἰσχύνην,
2656 4301 2909 4373 μένουσιν
2932 4301 3072 4356 αὐτὰ
3094 4301 3307 4373 ἔχοντες
3324 4303 3413 4357 διά
3429 4301 3528 4372 τὴν

1935 4385 2072 4455 πρὸς
2114 4385 2186 4437 τά
2226 4385 2391 4438 λοιπά
2431 4385 2798 4455 συμπάθειαν.
2833 4385 2958 4449 Πῶς
3005 4382 3099 4439 οῦν
3151 4388 3251 4439 οὐκ
3299 4387 3523 4451 ἄτοπον,

1933 4466 2064 4520 ἔνθα
2104 4468 2204 4537 μὲν
2234 4468 2453 4529 ἀνίατος
2489 4470 2523 4539 η
2553 4468 2860 4540 διόρθωσις,
2893 4468 2987 4521 καὶ
3019 4468 3207 4539 κέρδος
3236 4468 3407 4533 οὐδὲν,
3432 4486 3521 4523 το-

1934 4549 2139 4619 σαύτην
2171 4550 2442 4603 ποιεῖσθαι
2477 4551 2755 4621 πρόνοιαν⁸
2788 4550 2919 4604 ἔνθα
2949 4550 3006 4604 δὲ
3031 4552 3266 4621 χρησταὶ
3287 4551 3520 4617 ἐλπίδες,

1933 4636 2028 4685 καὶ
2064 4633 2231 4704 πολλὴ
2259 4637 2290 4705 ὴ
2328 4634 2622 4703 μεταϐολὴ.
2658 4633 3025 4704 ἀπαγορεύειν
3058 4633 3158 4705 τὴν
3185 4634 3520 4705 θεραπείαν;

1932 4719 2013 4770 Τά
2046 4718 2144 4785 μὲν
2171 4718 2277 4788 γὰρ
2320 4720 2384 4789 τῇ
2428 4717 2587 4785 φύσει
2634 4717 2961 4788 πηρωθέντα
2992 4717 3252 4772 ἀδύνατον
3282 4720 3524 4791 ἀνακτή-

1932 4802 2128 4856 σασθαι
2155 4802 2339 4864 πάλιν,
2358 4802 2458 4872 τὴν
2481 4802 2537 4856 δὲ
2562 4802 2884 4873 προαίρεσιν
2904 4802 3348 4875 διεστραμμένην
3364 4804 3522 4859 δυνα-

1930 4886 2023 4939 τὸν
2049 4885 2509 4958 μεταρρυθμίσαι.

2001 5039 2070 5100 γ’.
2093 5033 2153 5086 Εἰ
2171 5032 2227 5086 δὲ
2250 5033 2344 5086 καὶ
2373 5032 2542 5103 αὐτὴν
2560 5032 2740 5102 λέγοις
2761 5032 2954 5088 ἀνίατα
2975 5037 3171 5101 νοσεῖν,
3191 5036 3284 5089 καὶ
3314 5036 3513 5109 πολλῆς

1928 5115 2246 5184 ἐπιμελείας
2276 5115 2545 5187 τυχοῦσαν
2602 5115 2681 5187 τῷ
2722 5117 2909 5188 οἰκείῳ
2957 5118 3261 5190 κεχρῆσθαι
3294 5119 3513 5187 τρόπῳ,

1927 5198 2047 5250 οὐδὲ
2074 5196 2247 5262 οὕτως
2261 5199 2432 5271 αὐτὴν
2451 5199 2762 5268 ἐκϐλητέον·
2787 5200 2910 5254 οὔτε
2931 5204 3039 5275 γάρ
3060 5206 3121 5254 τὸ
3142 5202 3299 5270 μέλος
3320 5202 3517 5256 ἀνίατα

1927 5282 2117 5334 νοσοῦν
2151 5283 2499 5336 ἐκκόπτεται.
2536 5283 2715 5347 Μέλος
2737 5283 2793 5338 δὲ
2816 5286 2909 5337 καὶ
2937 5284 3074 5353 αῦτη
3108 5285 3515 5337 σόν-Ἔσονται

1928 5368 2057 5437 γὰρ,
2095 5368 2282 5437 φησὶν,
2313 5371 2367 5422 οἱ
2395 5368 2504 5423 δύο
2530 5372 2617 5435 εὶς
2643 5367 2843 5437 σάρκα
2854 5370 3021 5438 μίαν.
3056 5368 3163 5421 Καὶ
3184 5368 3276 5420 ἐπὶ
3304 5367 3403 5437 μὲν
3417 5368 3511 5421 τοῦ

1929 5450 2143 5520 μέλους,
2169 5451 2319 5504 οὐδὲν
2342 5450 2496 5505 ἔσται
2527 5453 2719 5523 κέρδος
2742 5454 2871 5521 ἡμῖν
2904 5451 3001 5521 τῆς
3034 5449 3351 5521 θεραπείας,
3371 5452 3515 5504 ἐπει-

1923 5532 2019 5586 δὰν
2052 5535 2156 5588 ὑπὸ
2183 5537 2278 5606 τῆς
2309 5536 2621 5607 ἀρρωστίας
2654 5534 2980 5605 ἀδιόρθωτον
3013 5531 3194 5604 φθάσῃ
3234 5533 3509 5602 γενέσθαι’

1925 5616 2075 5690 [215]
2099 5617 2192 5671 ἐπὶ
2220 5619 2277 5671 δὲ
2302 5619 2402 5688 τῆς
2436 5617 2714 5686 γυναικὸς,
2738 5615 2841 5669 κᾶν
2865 5616 3061 5668 ἀνίατα
3088 5616 3229 5690 μένῃ
3253 5614 3508 5679 νοσοῦσα,

1924 5703 2091 5767 πολὺς
2109 5705 2239 5773 ἡμῖν
2255 5704 2282 5754 ὁ
2305 5701 2494 5770 μισθὸς
2510 5699 2863 5752 ἀποκείσεται
2882 5700 3220 5763 διδάσκουσι,
3241 5699 3511 5767 παιδαγω-

1922 5786 2098 5854 γοῦσι.
2122 5784 2242 5837 Κᾶν
2268 5783 2435 5853 μηδὲν
2456 5782 2638 5852 ἐκείνη
2662 5781 2813 5852 παρᾶ
2838 5787 2938 5854 τῆς
2959 5784 3232 5854 ἡμετέρας
3256 5782 3510 5836 διδασκαο

1921 5871 2041 5935 λίας
2073 5869 2351 5942 κερδαίνῃ,
2386 5868 2486 5938 τῆς
2518 5867 2647 5936 γοῦν
2688 5867 2971 5941 ὑπομονῆς
3011 5869 3177 5925 πολὺν
3226 5868 3378 5943 παρά
3413 5867 3507 5924 τοῦ
