4006 6420
463 374 570 426 9:2!)

466 489 605 543 Θεοῦ
629 489 914 561 ληψόμεθα
948 490 1038 544 τὸν
1075 488 1286 560 μισθὸν,
1310 491 1392 543 ὅτι
1420 487 1505 542 διὰ
1537 489 1629 542 τὸν
1654 488 1861 542 ἐκείνου
1891 487 2055 558 φόδον

407 628 417 646 ,
469 578 742 649 τοσαύτην
765 577 1043 648 ὑπομονὴν
1072 575 1487 646 ἐπεδειξάμεθα,
1514 578 1606 630 καὶ
1620 577 1720 646 τὴν
1741 575 1938 629 κακίαν
1963 577 2061 628 αύ-

470 668 571 736 11,;
608 665 796 736 πράως
822 665 1138 734 ἠνέγκαμεν
1158 702 1172 725 ,
1222 665 1317 716 καὶ
1343 665 1406 716 τὸ
1451 664 1610 734 μέλος
1638 663 1794 735 ἡμῶν
1823 663 2058 734 ἐκρατή-

477 771 670 822 σαμεν.
701 752 874 814 Μέλος
905 752 1012 822 γὰρ
1043 751 1201 822 ἡμῶν
1230 753 1528 818 ἀναγκαῖον
1552 754 1585 822 ἡ
1616 753 1752 822 γυνη
1777 769 1790 782 ·
1830 751 1926 805 καὶ
1974 750 2063 804 διὰ

475 839 634 892 τοῦτο
662 838 827 907 αὐτὴν
858 837 1090 907 μάλιστα
1119 838 1198 890 δεῖ
1233 838 1425 907 φιλεῖν.
1461 839 1638 910 Ὅπερ
1679 835 1774 892 οὖν
1807 839 1902 892 καὶ
1933 839 2063 890 αύτὸ

476 927 632 979 τοῦτο
661 925 928 978 διδάσκων
952 925 1115 978 πάλιν
1144 929 1172 978 ὀ
1195 925 1406 988 Παῦλος
1435 925 1638 994 ἔλεγεν·
1666 924 1866 990 Οὕτως
1906 925 2064 993 ὀφεί-

476 1019 697 1067 λωσιν
717 1016 770 1066 οὶ
798 1012 1015 1080 ἄνδρες
1040 1011 1282 1081 ἀγαπᾷν
1303 1012 1408 1078 τὰς
1424 1010 1657 1066 ἑαυτῶν
1677 1010 1967 1080 γυναῖκας
1984 1011 2064 1075 ὡς

478 1101 550 1155 τὰ
580 1099 814 1155 ἑαυτῶν
844 1098 1107 1168 σώματα.
1147 1099 1356 1166 Οὐδεὶς
1394 1099 1507 1169 γάρ
1535 1113 1681 1153 ποτε
1707 1099 1821 1166 τὴν
1847 1097 2065 1152 ἑαυτοῦ

478 1189 675 1259 σάρκα
698 1191 1014 1258 ἐμίσησεν,
1039 1190 1178 1244 ἀλλ’
1203 1189 1470 1260 ἐκτρέφει
1495 1190 1596 1244 καί
1612 1189 1825 1244 θάλπει
1848 1187 2064 1256 αὐτὴν,

479 1279 672 1344 καθὼς
715 1278 814 1332 καί
857 1281 890 1332 ό
925 1278 1181 1346 Χριστὸς
1210 1279 1322 1346 τὴν
1359 1278 1756 1346 Ἐκκλησίαν
1794 1277 1882 1330 ὅτι
1912 1276 2069 1346 μέλη

477 1367 668 1436 ἐσμὲν
695 1367 798 1421 τοῦ
824 1365 1101 1436 σώματος
1131 1366 1338 1430 αὐτοῦ,
1360 1366 1427 1420 ἐκ
1457 1365 1566 1433 τῆς
1591 1365 1818 1433 σαρκὸς
1849 1363 2069 1427 αὑτοῦ,
2115 1391 2128 1397 ~

480 1455 578 1508 καί
603 1455 672 1507 ἐκ
702 1453 821 1507 τῶν
851 1453 1080 1506 ὀστέων
1118 1453 1327 1508 αὐτοῦ.
1358 1452 1628 1524 Καθάπερ
1674 1453 1783 1524 γάρ
1831 1454 1864 1522 ἡ
1916 1451 2028 1504 Εὕα
2055 1490 2069 1513 ,

481 1543 669 1613 φησὶν,
701 1539 812 1593 ἀπὸ
844 1541 945 1610 τῆς
993 1540 1234 1610 πλευρᾶς
1275 1539 1370 1593 τοῦ
1426 1540 1599 1612 Ἀδάμ
1648 1541 1896 1609 γέγονεν,
1930 1538 2074 1592 οὕτω

483 1632 579 1684 καὶ
618 1631 780 1700 ἡμεῖς
815 1631 878 1682 ἐκ
911 1629 1011 1699 τῆς
1052 1630 1293 1701 πλευρᾶς
1321 1630 1413 1684 τοῦ
1445 1630 1705 1702 Χριστοῦ.
1750 1630 1923 1682 Τοῦτο
1963 1629 2073 1698 γάρ

485 1723 658 1781 ἐστιν,
691 1720 793 1772 Ἐκ
814 1717 924 1787 τῆς
949 1718 1180 1787 σαρκὸς
1212 1718 1421 1782 αὑτοῦ,
1453 1720 1549 1773 καί
1584 1719 1652 1772 ἐκ
1684 1717 1802 1772 τῶν
1845 1717 2074 1770 ὀστέων

485 1807 695 1863 αὐτοῦ.
749 1807 887 1859 Ἀλλ’
927 1808 1011 1860 δτι
1046 1808 1146 1878 μὲν
1186 1809 1219 1878 ἡ
1270 1807 1382 1861 Εὕα
1411 1810 1474 1860 ἐκ
1502 1808 1599 1878 τῆς
1629 1808 1871 1878 πλευρᾶς
1906 1806 2072 1860 αὐτοῦ

485 1895 582 1949 τοῦ
625 1895 798 1964 nam
843 1895 1090 1964 γέγονεν,
1129 1895 1370 1958 ἅπαντες
1422 1895 1612 1965 ῐσμεν,
1663 1896 1756 1948 καὶ
1817 1895 2072 1964 σαφῶςη

488 1982 680 2055 Γραφὴ
715 1982 872 2035 τοῦτο
904 1981 1148 2051 εἴρηκεν,
1203 1976 1286 2035 ὅτι
1345 1982 1610 2036 ἐπέϐαλεν
1667 1981 1927 2035 ἔκστασιν
1987 1984 2074 2034 ἐπ’

487 2067 683 2126 αὑτὸν,
730 2066 823 2118 καὶ
875 2065 1034 2118 ἔλαϐε
1097 2065 1228 2136 μίαν
1284 2065 1391 2118 τῶν
1451 2064 1701 2135 πλευρῶν
1755 2065 1944 2129 αὑτοῦ,
1985 2067 2076 2118 καὶ

486 2149 806 2221 ᾠκοδόμησε
860 2149 958 2220 τὴν
1007 2153 1262 2217 γυναῖκα·
1323 2151 1406 2203 ὅτι
1453 2151 1511 2203 δὲ
1550 2151 1645 2203 καὶ
1694 2152 1727 2220 ἠ
1781 2149 2076 2220 Ἐκκλησία

487 2233 598 2287 ἀπὸ
617 2234 716 2303 τῆς
740 2232 981 2303 πλευρᾶς
1008 2231 1102 2286 τοῦ
1120 2231 1354 2304 Χριστοῦ
1386 2233 1640 2304 συνέστη,
1663 2232 1824 2286 πόθεν
1855 2234 1966 2303 ἔχοι
1995 2250 2076 2296 τις

489 2316 558 2370 ἂν
580 2315 894 2383 ἀποδεῖξαις
931 2317 1042 2370 Καὶ
1076 2315 1236 2370 τοῦτο
1264 2319 1296 2389 ἡ
1321 2319 1512 2390 Γραφὴ
1543 2319 1835 2372 δείκνυσιν.
1856 2318 2075 2389 Ἐπειδὴ

487 2399 598 2470 γὰρ
624 2401 654 2452 6
681 2399 914 2470 Χριστὸς
943 2401 1023 2464 εἰς
1057 2399 1149 2452 τὸν
1191 2401 1423 2472 σταυρὸν
1450 2401 1742 2471 ἀνηνέχθη,
1765 2403 1858 2455 καὶ
1913 2417 2080 2470 προσ-

487 2480 796 2552 ηλώθη,καὶ
815 2481 1442 2550 ἀπέθανε,Προσελοὼν
1461 2478 1550 2549 εἷς
1567 2483 1686 2537 τῶν
1704 2483 2080 2553 στρατιωτῶν

487 2566 709 2628 ἔνυξεν
736 2565 924 2619 αὑτοῦ
949 2564 1062 2631 τὴν
1085 2567 1375 2631 πλευρὰν,
1409 2567 1508 2619 καί
1535 2566 1797 2635 ἐξῆλθεν
1816 2563 1959 2637 αἷμα
1983 2567 2076 2620 καί

491 2647 666 2716 ὓδωρ·
696 2650 788 2701 καὶ
819 2650 878 2714 ἐξ
913 2649 1122 2702 ἐκείνου
1163 2649 1260 2700 τοῦ
1303 2649 1533 2720 αἵματος
1561 2652 1655 2704 καὶ
1684 2650 1779 2703 τοῦ
1828 2651 2020 2712 ῦδατος
2047 2653 2078 2720 ἡ

505 2731 799 2802 Ἐκκλησία
839 2731 1026 2784 ἀπασα
1072 2731 1388 2802 συνέστηκε.
1446 2734 1556 2786 Kal
1607 2737 1876 2805 μαρτυρεῖ
1921 2734 2081 2796 αὐτὸς

491 2812 688 2882 λέγων,
707 2815 789 2867 δτι
813 2814 954 2868 Ἐὰν
983 2814 1183 2882 μήτις
1211 2815 1594 2883 ἀναγεννηι)ῇ
1631 2815 1698 2880 ἐξ
1731 2817 1949 2882 ὕδατος
1983 2817 2081 2869 καί

492 2899 853 2964 πνεύματος,
891 2900 964 2952 οὐ
1005 2897 1254 2952 δύναται
1282 2899 1583 2953 εἰσελθεῖν
1627 2902 1714 2965 είς
1751 2899 1868 2964 τὴν
1897 2900 2082 2962 βασις

493 2980 669 3033 λείαν
697 2979 813 3032 τῶν
833 2981 1123 3048 οἰρανῶν.
1153 2981 1228 3034 1'6
1256 2981 1313 3034 δὲ
1347 2976 1507 3051 αἷμα,
1531 2982 1753 3050 πνεῦμα
1777 2981 1946 3048 λέγει.
1976 2981 2085 3034 Kal

497 3061 817 3132 γεννώμεθα
849 3063 948 3131 μὲν
973 3063 1060 3115 διὰ
1085 3063 1179 3116 τοῦ
1211 3063 1402 3127 ὓδατος
1431 3064 1526 3116 τοῦ
1549 3064 1943 3134 βαπτίσματος,
1967 3081 2086 3135 τρε-

498 3144 716 3214 φόμεθα
733 3145 792 3198 δὲ
815 3145 906 3198 διὰ
935 3146 1030 3199 τοῦ
1057 3147 1310 3218 αἵματος.
1345 3148 1505 3218 Ὁρᾷς
1527 3149 1642 3211 πῶς
1673 3151 1737 3202 ἐκ
1761 3149 1860 3220 τῆς
1883 3149 2086 3219 σαρκὸς

498 3228 668 3283 αὑτοῦ
705 3230 894 3300 ἐσμεν,
923 3231 1018 3283 καὶ
1033 3231 1100 3284 ὲκ
1121 3231 1226 3284 τῶν
1243 3231 1444 3284 ὀστέων
1474 3232 1662 3292 αὐτοῦ,
1685 3234 1792 3286 ἀπὸ
1807 3233 1901 3285 τοῦ
1922 3233 2086 3302 αἵμα-

499 3329 592 3376 τος
619 3311 830 3366 ἐκείνου
849 3314 943 3366 καὶ
958 3313 1053 3366 τοῦ
1072 3313 1265 3378 ὓδατος
1288 3315 1594 3384 τικτόμενοι
1613 3317 1708 3370 καί⁵
1727 3319 2051 3388 τρεφόμενοι
2069 3333 2084 3380 ;

502 3396 614 3451 Kal
637 3396 910 3467 καθάπερ,
941 3396 1036 3450 τοῦ
1077 3397 1248 3468 Ἀδὰμ
1284 3398 1658 3461 καθεύδοντος,
1703 3402 1736 3470 η
1785 3401 1924 3471 γυνὴ
1958 3417 2089 3453 κατ-

502 3480 852 3543 εσκευάζετο,
889 3480 1050 3545 οὕτω,
1093 3480 1186 3533 τοῦ
1217 3481 1456 3552 Χριστοῦ
1486 3483 1866 3546 ἀποθανόντος.
1897 3485 1929 3554 ὴ
1968 3483 2089 3536 Ἐκ-

503 3563 704 3634 κλησία
736 3563 1088 3616 διεπλάττετο
1108 3566 1171 3616 ἐκ
1208 3565 1310 3635 τῆς
1343 3565 1586 3636 πλευρᾶς
1641 3566 1830 3620 αὐτοῦ.
1875 3567 1950 3619 ού
2002 3565 2091 3619 διὰ

502 3647 663 3700 τοῦτο
693 3646 750 3700 δέ
791 3647 952 3716 μόνον
989 3647 1096 3718 χρὴ
1133 3647 1305 3716 φιλεῖν
1347 3649 1445 3720 τὴν
1487 3651 1757 3716 γυναῖκα,
1802 3650 1883 3702 ὃτι
1927 3649 2089 3719 μέλος

505 3730 664 3800 ήμῶν
705 3731 842 3792 ἐστι,
879 3731 972 3782 καὶ
1015 3730 1073 3796 ἐξ
1104 3730 1261 3800 ἡμῶν
1305 3731 1428 3802 ἔσχε
1461 3731 1560 3803 τὴν
1597 3732 1696 3803 τῆς
1731 3731 2089 3803 δημιουργίας

504 3815 701 3886 ἀρχήν·
735 3813 851 3866 ἀλλ’
877 3813 959 3866 ὃτι
981 3815 1076 3867 καὶ
1100 3814 1264 3886 νόμον
1287 3815 1426 3886 ύπὲρ
1451 3814 1617 3868 αὑτοῦ
1639 3815 1829 3868 τούτου
1849 3814 2092 3868 τέθεικεν

503 3901 534 3950 6
571 3898 722 3962 Θεὸς,
754 3897 895 3950 οὕτω
936 3897 1130 3966 λέγων·
1175 3898 1325 3950 Ἀντί
1367 3898 1582 3951 τούτου
1615 3898 1962 3966 καταλείψει
1990 3897 2094 3950 ἇν-

507 3985 739 4048 θρωπος
779 3982 887 4034 τὸν
934 3979 1163 4048 πατέρα
1203 3980 1390 4034 αὐτοῦ
1422 3981 1518 4033 καὶ
1557 3982 1674 4049 τὴν
1706 3980 1964 4050 μητέρα,
1997 3982 2094 4034 καὶ

508 4063 1116 4129 προσκολληθήσεται
1148 4063 1297 4131 πρὸς
1331 4063 1448 4130 τὴν
1474 4063 1730 4132 γυναῖκα
1762 4064 1970 4126 αὑτοῦ,
1996 4063 2092 4116 καί

509 4149 755 4199 ἔσονται
781 4148 836 4197 οὶ
870 4147 980 4218 δύο
1003 4149 1090 4212 είς
1114 4145 1314 4214 σάρκα
1346 4153 1515 4215 μίαν.
1548 4147 1648 4200 Διά
1676 4147 1784 4218 γὰρ
1813 4147 1974 4201 τοῦτο
2002 4148 2098 4201 καὶ

510 4227 700 4283 τοῦτον
729 4231 860 4299 ἡμῖν
907 4230 935 4280 6
966 4211 1426 4297 lla§10;'&véy:zm
1453 4230 1544 4284 16v
1579 4211 1778 4300 νόμον,
1828 4231 1914 4285 ῖνα
1963 4249 2098 4284 παν-

509 4312 740 4384 ταχόθεν
795 4314 943 4384 ἡμᾶς
997 4312 1133 4382 πρὸς
1194 4314 1286 4365 τὸν
1336 4313 1515 4384 ἔρωτα
1565 4313 1834 4384 συνελάσῃ
1887 4313 2095 4368 τοῦτον.

514 4397 623 4450 Καὶ
657 4396 852 4450 σκόπει
888 4396 1081 4464 σοφίαν
1118 4395 1512 4465 ἀποστολικήν·
1543 4393 1667 4449 οὔτε
1698 4396 1806 4466 γὰρ
1845 4397 1954 4450 ἀπὸ
1991 4398 2098 4451 τῶν

511 4479 674 4534 θείων
730 4481 932 4550 νόμων,
958 4477 1082 4533 οὔτε
1111 4479 1218 4532 ἀπὸ
1256 4477 1366 4531 τῶν
1402 4477 1762 4550 ἀνθρωπίνων
1795 4481 1984 4551 μόνον,
2019 4483 2100 4546 είς

511 4563 612 4634 τὴν
640 4565 862 4636 ἀγάπην
892 4563 1038 4634 ἡμᾶς
1065 4562 1246 4632 ἐνάγει
1271 4561 1381 4615 τῶν
1405 4561 1702 4631 γυναικῶν,
1725 4563 1860 4616 ἀλλὰ
1881 4565 1976 4618 καὶ
1991 4565 2100 4619 ἀπὸ

513 4647 717 4700 τούτων
745 4649 838 4699 καὶ
863 4647 956 4700 ἀπ’
997 4647 1222 4700 ἐκείνων
1267 4645 1564 4711 ἐναλλάξας
1602 4647 1888 4720 ἀμφότερα
1927 4649 2100 4702 ταῦτα

514 4729 760 4800 τίθησιν⁸
801 4731 887 4782 ἵνα
925 4731 955 4782 6
1005 4730 1106 4799 μὲν
1151 4729 1482 4801 ὑψηλότερος
1523 4731 1616 4784 καὶ
1668 4730 2099 4801 φιλοσοφώτερος

517 4813 626 4866 ἀπὸ
646 4810 754 4864 τῶν
790 4813 1017 4875 ἄνωθεν,
1049 4814 1078 4864 6
1111 4813 1168 4864 δὲ
1201 4813 1432 4884 ἀσθενὴς
1459 4815 1566 4867 άπὸ
1599 4813 1707 4866 τῶν
1741 4814 1982 4868 κάτωθεν
2007 4815 2102 4867 καὶ

516 4895 629 4948 τῶν
654 4895 755 4964 τῆς
785 4894 1002 4963 φύσεως
1031 4897 1110 4958 είς
1135 4895 1354 4966 φίλτρον
1378 4897 1660 4966 ὲνάγηται.
1693 4897 1791 4951 Διὰ
1821 4896 1980 4951 τοῦτο
2006 4899 2104 4968 άρ-

520 4976 747 5048 χόμενος
793 4977 893 5045 μὲν
925 4979 1036 5031 ἀπὸ
1067 4978 1178 5032 τῶν
1211 4979 1306 5030 τοῦ
1340 4979 1580 5049 Χριστοῦ
1630 4980 2102 5052 κατορθωμάτων,

518 5063 618 5132 τὴν
651 5060 976 5130 παραίνεσιν
1007 5061 1218 5129 εἰσάγει
1251 5062 1394 5116 οὓτω
1437 5063 1632 5134 λέγων·
1677 5063 1970 5134 Ἀγαπᾶτε
1999 5065 2102 5131 τὰς

522 5145 831 5218 γυναῖκας,
879 5143 1074 5210 καθὼς
1118 5147 1218 5199 καί
1256 5149 1289 5200 ὀ
1338 5148 1595 5214 Χριστὸς
1646 5149 1928 5219 ἠγάπησε
1991 5148 2108 5216 τὴν

535 5231 920 5297 Ἐκκλησίαν·
952 5227 1071 5282 εἶτα
1110 5230 1272 5284 πάλιν
1297 5231 1406 5284 ἀπὸ
1435 5231 1542 5284 τῶν
1573 5231 1955 5304 ἀνθρωπίνων
1999 5233 2108 5287 Οὔ-

521 5333 636 5380 τως
687 5315 1046 5383 ὀφείλουσιν
1090 5317 1143 5368 οὶ
1187 5313 1402 5384 ἄνδρες
1443 5315 1686 5385 ἀγαπᾷν
1725 5325 1830 5384 τὰς
1876 5317 2109 5372 ἑαυτῶν

522 5398 828 5467 γυναῖκας,
858 5399 940 5464 ὡς
963 5397 1035 5452 τὰ
1061 5396 1212 5470 [(216]
1240 5397 1470 5452 ἑαυτῶν
1491 5399 1759 5469 σώματα·
1799 5397 1918 5454 εἶτα
1945 5401 2107 5454 πάλιν

522 5481 631 5534 ἀπὸ
666 5480 761 5534 τοῦ
814 5481 1072 5554 Χριστοῦ·
1121 5482 1204 5535 ὅτι
1241 5483 1379 5552 μέλη
1421 5483 1589 5553 ἐσμὲν
1633 5484 1696 5536 ἐκ
1729 5483 1824 5536 τοῦ
1857 5484 2108 5554 σώματος

523 5562 714 5626 αὐτοῦ,
743 5565 836 5617 καὶ
869 5566 932 5617 ἐκ
961 5567 1060 5635 τῆς
1092 5565 1292 5632 σαρκὸς
1322 5565 1508 5629 αὑτοῦ,
1537 5566 1630 5619 καὶ
1669 5569 1731 5619 ἐκ
1768 5565 1874 5619 τῶν
1904 5567 2110 5620 ὀστέων

526 5646 710 5700 ούτοῦ·
745 5643 862 5699 εἶτα
893 5649 1055 5701 πάλιν
1079 5648 1187 5702 ἀπὸ
1216 5648 1324 5702 τῶν
1357 5650 1714 5721 ἀνθρωπίνων
1743 5666 1754 5678 °
1800 5651 1948 5705 Ἀντί
1981 5652 2113 5704 τού-

527 5744 634 5782 του
667 5732 1018 5800 καταλείψει
1048 5731 1358 5800 ἅνθρωπος
1387 5733 1442 5786 τέ
1455 5752 1490 5786 ν
1524 5735 1748 5803 πατέρα
1788 5736 1975 5790 αὑτοῦ
2013 5735 2111 5789 καί

1177 398 1236 454 S.
1277 395 1566 453 JOANNIS
1605 387 2091 447 CIIRYQOSTOMI
2121 383 2443 439 ARCHIEP.
2472 373 3026 440 CONSTANTINOP.

3647 365 3761 421 230

2161 485 2416 556 γυναῖκα
2463 486 2649 541 αὐτοῦ
2673 503 2685 517 ’
2751 486 2846 541 καὶ
2880 485 2972 539 τὸν
3024 483 3189 554 νόμον
3244 485 3508 554 ἀναγνοὺς
3555 485 3765 542 τοῦτόν

2161 588 2292 640 φησι
2317 587 2330 600 ·
2374 571 2444 624 Τὸ
2471 570 2811 639 μυστήριον
2844 569 3022 624 τοῦτο
3051 567 3208 639 μέγα
3243 569 3398 624 ἐστί.
3441 569 3566 636 Πῶς
3603 571 3770 645 μέγα

2160 653 2345 718 ἐστίν;
2383 654 2504 706 είπέ
2535 671 2645 724 μοι.
2679 655 2800 706 Ὅτι
2846 653 2939 706 τὸν
2982 651 3198 706 ἅπαντα
3241 649 3672 724 θαλαμευομένη
3730 655 3767 722 ἡ

2161 736 2299 807 κόρη
2337 735 2548 806 χρόνον,
2581 735 2853 807 μηδέποτε
2887 735 2978 788 τὸν
3018 735 3254 806 νυμφίον
3293 735 3574 806 ἑωρακυῖα
3597 777 3616 800 ,
3650 737 3770 791 ἀπὸ

2160 821 2258 890 τῆς
2282 819 2503 891 πρώτης
2528 821 2742 892 ἡμέρας
2765 819 2908 874 οῦτω
2937 819 3096 874 ποθεῖ
3116 820 3212 874 καὶ
3242 820 3460 893 στέργει
3487 821 3561 884 ὡς
3594 821 3770 892 σῶμα

2162 905 2380 956 οἰκεῖον·
2413 901 2573 955 πάλιν
2596 905 2624 956 ὁ
2652 904 2814 975 ἀνὴρ,
2847 904 2915 974 ἢν
2940 904 3198 958 οὐδέποτε
3226 897 3474 976 εἷδεν,ἦς
3493 903 3770 958 οὐδέποτε

2162 986 2260 1057 τῆς
2283 985 2342 1037 ἐν
2372 985 2513 1055 λόγῳ
2539 985 2866 1056 ἐκοινώνησε
2900 986 3186 1051 συνουσίας
3208 1027 3223 1051 ,
3269 985 3476 1058 ταύτην
3498 987 3772 1049 κάκεῖνος

2165 1067 2274 1121 ἀπὸ
2292 1068 2388 1138 τῆς
2412 1067 2638 1138 πρώτης
2661 1069 2876 1140 ἡμέρας
2899 1069 3160 1123 ἁπάντων
3190 1068 3501 1140 προτίθησι,
3531 1068 3636 1124 καὶ
3658 1068 3774 1122 τῶν

2166 1153 2354 1222 φίλων,
2373 1150 2591 1204 καὶτῶν
2610 1150 2849 1213 οίκείων,
2866 1152 2962 1206 καὶ
2981 1151 3090 1205 τῶν
3112 1167 3351 1221 γεννησα
3359 1151 3533 1220 μένων
3548 1149 3771 1204 αὐτῶν.

2167 1236 2230 1287 Οἱ
2260 1236 2436 1303 γονεῖς
2457 1233 2644 1298 πάλιν,
2677 1233 2745 1287 ἂν
2779 1235 2878 1304 μὲν
2905 1233 2964 1300 ἐξ
2985 1234 3178 1304 ἐτέρας
3197 1233 3506 1296 ὑποθέσεως
3528 1233 3780 1304 ἀφαιρε-

2167 1319 2302 1373 θῶσι
2332 1319 2610 1389 χρήματα,
2647 1317 2956 1378 δάκνονται,
2987 1316 3268 1387 ἀλγοῦσιν,
3304 1319 3387 1382 είς
3411 1317 3780 1387 δικαστήριον

2167 1403 2294 1464 τοὺς
2341 1401 2710 1472 ἀφελομένους
2761 1400 3014 1454 ἕλκουσιν
3037 1418 3050 1430 ·
3098 1399 3374 1472 ἀνθρώπῳ
3406 1400 3462 1454 δὲ
3499 1399 3782 1462 πολλάκις

2172 1485 2445 1556 μηδέποτε
2475 1484 2718 1554 ὀφθέντι,
2752 1485 2888 1556 μηδέ
2918 1485 3309 1556 γνωρισθέντι,
3345 1485 3440 1539 καὶ
3465 1484 3564 1555 τὴν
3589 1482 3782 1552 Θυγα-

2168 1571 2302 1641 τέρα
2331 1569 2429 1641 τὴν
2461 1569 2671 1623 ἑαυτῶν
2705 1571 2801 1622 καὶ
2846 1573 3050 1641 προῖκα
3085 1567 3385 1641 χρημάτων
3419 1566 3639 1620 πολλῶν
3683 1568 3781 1634 ἐγ-

2169 1652 2490 1721 χειρίζουσι.
2533 1652 2644 1706 Καὶ
2677 1651 2930 1721 χαίρουσι
2969 1651 3128 1705 τοῦτο
3169 1650 3482 1714 ποιοῦντες,
3533 1651 3633 1703 καὶ
3677 1649 3785 1719 ούχ

2171 1736 2427 1807 ἡγοῦνται
2455 1736 2660 1806 ζημίαν
2677 1731 2819 1789 εἶναι
2840 1736 2902 1790 τὸ
2931 1737 3236 1808 γινόμενονο
3267 1735 3383 1789 ἀλλ’
3404 1733 3647 1805 δρῶντες
3677 1734 3786 1804 τὴν

2171 1819 2450 1890 θυγατέρα
2475 1819 2856 1890 ἀπαγομένην,
2893 1821 2954 1872 οὐ
2985 1818 3272 1891 συνηθείας
3314 1817 3648 1889 μέμνηνται,
3677 1818 3787 1869 οὐκ

2172 1903 2451 1970 ἀλγοῦσιν,
2487 1903 2548 1956 ού
2579 1902 2887 1968 δάκνονται,
2924 1903 3062 1957 ἀλλά
3090 1903 3185 1958 καὶ
3215 1901 3601 1973 εὐχαριστοῦσι
3621 1939 3641 1961 ,
3689 1901 3788 1952 καὶ

2172 1988 2337 2058 εὐχῆς
2387 1987 2548 2059 ἔργον
2588 1981 2729 2042 εἶναι
2781 1987 3066 2058 νομίξουσι
3114 1987 3175 2040 τὸ
3211 1987 3309 2039 καὶ
3353 1984 3453 2056 τὴν
3490 1983 3790 2054 θυγατέρα

2176 2072 2300 2125 ἰδεῖν
2331 2072 2429 2142 τῆς
2453 2072 2630 2134 οίκίας
2655 2070 3024 2142 ἐξαγομένην,
3068 2070 3162 2124 καὶ
3203 2069 3374 2123 πολλά
3405 2069 3520 2139 μετ’
3553 2068 3788 2137 ἐκείνης

2179 2156 2455 2226 χρήματα.
2483 2153 2670 2208 Ταῦτα
2697 2151 2790 2208 οῦν
2824 2154 3042 2209 ἅπαντα
3069 2155 3330 2224 ἐννοήσας
3359 2153 3387 2205 6
3427 2150 3665 2213 Παῦλος,
3700 2151 3788 2203 δτι

2173 2239 2301 2301 τοὺς
2335 2240 2514 2307 γονεῖς
2535 2239 2764 2307 ἀφέντες
2796 2239 3098 2308 ἀμφότεροι
3123 2235 3378 2305 ἀλλήλοις
3407 2232 3787 2304 συνδεσμοῦν-

2176 2340 2284 2380 ται.
2326 2322 2422 2375 καὶ
2454 2322 2648 2393 χρόνου
2671 2321 2937 2374 τοσούτου
2980 2319 3272 2390 συνηθείας
3299 2321 3332 2389 ἡ
3353 2318 3472 2370 τότε
3508 2316 3788 2386 συντυχία

2175 2406 2624 2477 τυραννικωτέρα
2660 2406 2872 2473 γίνεται
2896 2443 2910 2465 ,
2954 2404 3051 2456 καὶ
3094 2401 3358 2465 συνιδὼν,
3390 2401 3472 2454 δτι
3507 2402 3608 2454 ούκ
3661 2400 3786 2452 ἔστι

2176 2489 2336 2543 τοῦτο
2368 2487 2731 2560 ἀνθρώπινον,
2765 2487 2880 2541 ἀλλ’
2914 2489 2943 2539 6
2971 2485 3104 2548 Θεὸς
3132 2485 3262 2548 τοὺς
3303 2483 3510 2555 ἔρωτας
3543 2481 3784 2546 τούτους

2178 2572 2578 2642 ἐγκατέσπειρε
2599 2613 2614 2636 ,
2652 2571 2748 2624 καὶ
2786 2571 2913 2633 τοὺς
2946 2568 3257 2630 ἐκδιδόντας
3283 2567 3378 2620 καὶ
3407 2565 3533 2629 τοῦς
3564 2566 3785 2619 ἐκδιδο-

2183 2657 2378 2727 μένους
2407 2655 2545 2726 μετά
2561 2657 2736 2725 χαρᾶς
2758 2653 2918 2706 τοῦτο
2945 2654 3117 2704 ποιεῖν
3140 2646 3542 2720 παρεσκεύασε,
3576 2665 3653 2716 φη
3665 2649 3749 2700 σίν
3767 2665 3782 2677 ·

2187 2738 2256 2792 Τὸ
2279 2737 2621 2807 μυστήριον
2663 2736 2840 2790 τοῦτο
2873 2733 3030 2804 μέγα
3059 2733 3216 2785 ἐστί.
3256 2732 3366 2785 Kal
3406 2729 3664 2800 καθάπερ
3689 2730 3788 2782 ἐπὶ

2178 2822 2287 2874 τῶν
2320 2821 2546 2885 παίδων,
2574 2821 2636 2873 τὸ
2662 2817 2868 2872 παιδίον
2894 2816 3085 2887 τεχθὲν
3112 2815 3222 2868 ἀπὸ
3249 2813 3350 2883 τῆς
3374 2813 3547 2880 ὅψεως
3573 2811 3786 2875 εὐθέως

2182 2904 2470 2957 ἐπίσταται
2507 2904 2634 2966 τοὺς
2667 2904 2846 2970 γονεῖς
2877 2901 2939 2953 οῦ
2974 2898 3377 2969 φθεγγόμενον·
3406 2893 3548 2948 οὕτω
3580 2893 3648 2964 δὴ
3685 2896 3787 2948 καὶ

2181 2987 2414 3059 νυμφίος
2445 2987 2541 3040 καὶ
2565 2985 2776 3056 νύμφη,
2802 2982 3018 3046 οὐδενὸς
3041 2981 3388 3048 συνάγοντος,
3401 2977 3613 3040 οὐδενὸς
3640 2993 3786 3047 παρ-

2182 3067 2466 3132 αινοῦντος
2492 3068 2589 3122 καὶ
2614 3065 3099 3138 συμϐουλεύοντος,
3129 3063 3240 3116 ἀπὸ
3271 3062 3370 3132 τῆς
3401 3061 3577 3129 ὅψεως
3610 3059 3784 3128 ἀλλή-

2182 3151 2296 3214 λοις
2325 3150 2748 3222 συμπλέκονται.
2781 3144 2915 3202 Εἶτα
2957 3147 3082 3204 ἰδὼν
3112 3147 3194 3200 ὃτι
3238 3146 3332 3198 καὶ
3381 3143 3478 3196 ἐπὶ⁵
3514 3141 3608 3194 τοῦ
3650 3143 3786 3213 Χρι-

2185 3233 2312 3287 στοῦ
2340 3234 2502 3287 τοῦτο
2533 3233 2772 3302 ἐγένετο,
2791 3233 2883 3286 καὶ
2901 3233 2996 3284 ἐπὶ
3018 3229 3122 3300 τῆς
3153 3227 3482 3297 Ἐκκλησίας
3518 3223 3784 3295 μάλιστα,

2185 3318 2459 3388 ἐξεπλάγη
2488 3317 2582 3370 καὶ
2630 3316 2934 3386 ἐθαύμασε.
2982 3313 3107 3375 Πῶς
3147 3307 3241 3365 οῦν
3276 3309 3370 3362 ἐπὶ¹
3407 3307 3503 3360 τοῦ
3539 3305 3782 3378 Χριστοῦ

2188 3403 2282 3458 καὶ¹
2311 3403 2410 3472 τῆς
2449 3401 2778 3472 Ἐκκλησίας
2819 3399 2978 3452 τοῦτο
3006 3398 3257 3465 ἐγένετο;
3291 3393 3560 3461 Καθάπερ
3587 3391 3618 3444 6
3641 3407 3780 3458 τομ-

2187 3487 2308 3556 φίος
2335 3486 2427 3539 τὸν
2454 3485 2668 3556 πατέρα
2723 3485 2881 3552 ἀφεὶς
2935 3480 3072 3554 πρὸς
3126 3478 3226 3550 τὴν
3271 3477 3490 3546 νύμφην
3540 3474 3783 3545 ἔρχεται,

2187 3568 2330 3622 οὕτω
2359 3568 2453 3621 καὶ
2490 3571 2520 3622 6
2549 3567 2786 3639 Χριστὸς
2813 3565 2906 3618 τὸν
2937 3563 3204 3634 πατρικὸν
3235 3559 3427 3632 θρόνον
3453 3558 3615 3626 ἀφεὶς
3647 3557 3784 3625 πρὸς

2187 3653 2286 3723 τὴν
2339 3651 2559 3723 νύμφην
2584 3647 2778 3721 ἦλθεν
2816 3649 2916 3720 οὐχ
2954 3648 3104 3719 ἡμᾶς
3165 3646 3276 3700 άνω
3331 3642 3620 3707 ἐκάλεσεν,
3667 3639 3786 3693 ἀλλ’

2189 3737 2351 3798 αὐτὸς
2381 3736 2520 3806 πρὸς
2549 3737 2697 3806 ἡμᾶς
2729 3732 3087 3805 παρεγένετο.
3115 3730 3287 3782 ’Ὅταν
3327 3726 3385 3781 δὲ
3420 3723 3667 3793 ἀκούσης
3699 3723 3784 3776 δτι

2190 3820 2390 3890 ἀφῆκε.
2425 3820 2500 3890 μὴ
2534 3819 2867 3888 μετάστασιν
2901 3817 3122 3886 νοήσῃς.
3154 3811 3296 3867 ἀλλὰ
3333 3807 3782 3890 συγκατάδασινλο

2193 3885 2546 3972 καὶ-γάρνκαῖ
2567 3899 2686 3970 μεθ’
2726 3898 2886 3970 ἡμῶν
2911 3885 3008 3962 ὢν,
3044 3885 3179 3966 μετὰ
3205 3892 3300 3947 τοῦ
3330 3890 3543 3961 Πατρὸς
3567 3885 3656 3960 ἦν.
3686 3888 3787 3942 Διά

2190 3985 2351 4040 τοῦτὸ
2383 4001 2515 4054 φησι
2533 3999 2546 4013 °
2579 3983 2650 4038 Τὸ
2673 3981 3015 4053 μυστήριον
3043 3978 3222 4034 τοῦτο
3244 3977 3400 4047 μέγα
3425 3975 3580 4028 ἐστί.
3623 3974 3789 4041 Μέγα

2197 4070 2296 4141 μέν
2324 4070 2442 4122 ἐστι
2482 4066 2579 4121 καὶ
2617 4067 2712 4120 ἐπὶ
2745 4063 3056 4135 ἀνθρώπων
3089 4063 3375 4132 γινόμενον
3399 4079 3410 4091 ·
3445 4060 3573 4112 ὅταν
3601 4057 3661 4110 δὲ
3692 4058 3787 4111 Exn

2194 4157 2274 4218 εἰς
2307 4153 2398 4207 τὸν
2423 4150 2662 4222 Χριστὸν
2686 4151 2780 4203 καὶ
2805 4150 2884 4212 εἰς
2919 4147 3018 4217 τὴν
3053 4145 3382 4215 Ἐκκλησίαν
3401 4142 3533 4198 αὐτὸ
3555 4142 3791 4212 συμϐαῖ-

2195 4255 2306 4300 νον,
2351 4236 2474 4289 τότε
2519 4232 2918 4304 ἐκπλήττομαι,
2972 4232 3094 4283 τότε
3143 4226 3429 4298 θαυμάζω.
3475 4225 3573 4278 Διά
3629 4223 3792 4278 τοῦτο

2198 4318 2391 4381 εἰπὼν,
2428 4317 2498 4371 Τὸ
2521 4313 2865 4387 μυστήριον
2890 4310 3068 4367 τοῦτο
3089 4310 3245 4380 μέγα
3269 4308 3459 4373 ἐστίν,
3483 4308 3788 4376 ἐπήγαγεν·

2210 4403 2359 4472 Ἐγὼ
2379 4399 2449 4453 δὲ
2468 4399 2648 4468 λέγω,
2673 4401 2762 4464 είς
2791 4396 2898 4450 τὸν
2935 4393 3216 4464 Χριστὸν,
3255 4391 3354 4446 καί
3387 4393 3476 4457 εἰς
3502 4389 3620 4458 τὴν
3660 4391 3793 4444 Ἑκ-

2199 4485 2485 4554 κλησίαν.
2536 4481 2708 4546 Εἰδὼς
2759 4480 2940 4534 τοίνυν
2993 4479 3180 4550 ἡλίκον
3231 4474 3528 4547 μυστήριόν
3581 4475 3732 4526 ἐστιν
3764 4475 3792 4524 ὁ

2198 4570 2398 4640 γάμος,
2418 4566 2510 4620 καὶ
2534 4564 2724 4634 ἡλίκου
2753 4563 3082 4632 πράγματος
3107 4559 3297 4622 τύπος,
3323 4557 3397 4627 μὴ
3417 4557 3628 4618 ἁπλῶς,
3658 4554 3791 4640 μηᾷ

2197 4638 2456 4720 ώς-ἐτυχε
2496 4648 2626 4720 περί⁵
2654 4645 2843 4700 τούτου
2875 4643 3157 4715 βουλεύου,
3207 4641 3342 4713 μηδέ
3376 4641 3678 4714 χρημάτων
3703 4638 3792 4691 εὐ-

2201 4735 2398 4805 πορίαν
2423 4732 2576 4802 ζήτει
2605 4729 2815 4799 μέλλων
2840 4726 3073 4796 ἄγεσθαι
3106 4725 3346 4796 νύμφην.
3376 4724 3455 4777 Οὐ
3490 4723 3601 4794 γὰρ
3624 4737 3796 4789 καπη-

2201 4819 2370 4880 λείαν,
2405 4814 2542 4870 ἀλλά
2580 4813 2696 4884 βίου
2740 4811 3024 4867 κοινωνίαν
3061 4805 3204 4864 εἶναι
3252 4809 3345 4861 τὸν
3380 4807 3559 4878 γάμον
3595 4807 3676 4859 δεῖ
3712 4821 3796 4858 νο-

2252 4902 2408 4966 ίζειν.

2207 4920 2408 4972 μιςειν.
3297 4969 3302 4972 Ι

2275 4982 2427 5056 [217]
2448 4983 2510 5036 δ’.
2540 4978 2649 5035 Καὶ
2670 4976 2776 5049 γὰρ
2797 4975 3005 5030 πολλῶν
3025 4973 3230 5044 ηκουσα
3248 4971 3532 5056 λεγόντων,
3559 4969 3620 5024 '0
3651 4969 3796 5056 δεῖνα

2206 5052 2582 5138 εὐπορώτερος
2600 5065 2822 5134 γέγονεν
2841 5063 2950 5116 ἀπὸ
2964 5060 3058 5114 τοῦ
3073 5059 3270 5130 γάμου,
3299 5057 3469 5127 πένης
3489 5054 3584 5108 ὢν·
3613 5052 3796 5138 ἐπειδὴ

2205 5135 2438 5220 γυναῖκα
2481 5135 2715 5220 εὔπορον
2749 5145 2933 5206 ἔλαϐε,
2971 5145 3197 5198 πλουτεί
3240 5141 3334 5194 καὶ
3359 5140 3544 5211 τρυφᾷ
3580 5136 3700 5191 νῦν.
3732 5135 3796 5190 Τί

2207 5232 2406 5302 λέγεις,
2426 5231 2681 5303 ἄνθρωπε
2701 5247 2716 5295 ;
2740 5229 2850 5284 ἀπὸ
2871 5226 3130 5296 γυναικὸς
3161 5222 3465 5292 κερδαίνειν
3489 5221 3795 5303 ἐπιθυμεῖς,

2209 5301 2302 5370 καί
2330 5316 2432 5370 οὐκ
2478 5301 2730 5386 αἰσχύνῃ,
2786 5312 2908 5365 ούδέ
2941 5309 3236 5380 ἐρυθριᾷς;
3292 5305 3416 5358 οὐδὲ
3450 5306 3531 5368 εἰς
3558 5302 3656 5374 τὴν
3695 5301 3798 5386 γῆν

2210 5398 2455 5474 καταδύῃ
2509 5385 2785 5458 τοιούτους
2829 5393 3037 5465 κερδῶν
3083 5389 3360 5460 ἐπιζητῶν
3393 5389 3657 5460 τρόπους;
3707 5385 3800 5438 καὶ

2215 5483 2314 5538 ποῦ
2366 5471 2542 5536 ταῦτα
2598 5481 2793 5552 ἀνδρὸς
2842 5480 2910 5532 τὰ
2963 5478 3222 5548 ρήματα;
3281 5473 3541 5535 Ιύναικὸς
3579 5471 3637 5524 ἐν
3683 5471 3800 5552 ἐστι

2215 5567 2395 5636 μόνον,
2427 5565 2494 5619 τά
2522 5551 2894 5634 συλλεγόμενα
2934 5558 3340 5630 διαφυλάττειν,
3381 5556 3480 5617 τὰς
3508 5551 3800 5636 προσόδους

2211 5633 2508 5722 διατηρεῖν,
2533 5649 2630 5719 τῆς
2650 5633 2830 5709 οἰκίας
2853 5641 3253 5714 ἐπιμελεῖσθαιο
3281 5639 3374 5692 καὶ
3397 5639 3508 5708 γὰρ
3530 5636 3619 5722 διὰ
3639 5633 3803 5722 τοῦτο

2216 5715 2390 5805 αὐτὴν
2442 5715 2638 5786 ἔδωκεν
2693 5733 2722 5782 6
2759 5727 2926 5790 Θεὸς,
2973 5727 3060 5779 ἳνα
3108 5726 3166 5776 ἐν
3202 5722 3414 5784 τούτοις
3462 5715 3802 5805 ἡμῖν-βοηθῆ

531 5808 646 5876 τὴν
689 5812 934 5882 μητέρα,
988 5813 1084 5867 καί
1139 5799 1740 5885 ἀποσκιιιλιίηθήσεται
1799 5819 1950 5887 πρὸς
1999 5818 2114 5886 τὴν
2225 5799 2362 5890 μετᾶ
2383 5816 2487 5870 τῶν
2521 5813 2985 5869 ἅλλωνάπάντων.
3031 5807 3247 5876 Ἐπειδὴ
3277 5805 3387 5875 γὰρ
3427 5805 3516 5858 τὸν
3555 5802 3666 5874 βίον
3707 5799 3798 5853 τὸν
