  <div class='ocr_page' id='page_1' title='image "/cluster/home/n/w/nwhite01/storage/ocr_20150623/51:no.3:pt.1/coo.31924054869502/232.png"; bbox 0 0 4006 6420; ppageno 0'>
   <div class='ocr_carea' id='block_1_1' title="bbox 340 457 449 512">
    <p class='ocr_par' dir='ltr' id='par_1_1' title="bbox 340 457 449 512">
     <span class='ocr_line' id='line_1_1' title="bbox 340 457 449 512; baseline 0.009 -1"><span class='ocrx_word' id='word_1_1' title='bbox 340 457 449 512; x_wconf 64' lang='grc' dir='ltr'><strong>ΗΞ)</strong></span> 
     </span>
    </p>
   </div>
   <div class='ocr_carea' id='block_1_2' title="bbox 341 572 1939 644">
    <p class='ocr_par' dir='ltr' id='par_1_2' title="bbox 341 572 1939 644">
     <span class='ocr_line' id='line_1_2' title="bbox 341 572 1939 644; baseline 0.001 -17"><span class='ocrx_word' id='word_1_2' title='bbox 341 572 706 640; x_wconf 88' lang='lat' dir='ltr'><strong>frustrabitur,</strong></span> <span class='ocrx_word' id='word_1_3' title='bbox 728 573 871 643; x_wconf 89' lang='lat' dir='ltr'><strong>quod</strong></span> <span class='ocrx_word' id='word_1_4' title='bbox 901 582 1117 644; x_wconf 94' lang='lat' dir='ltr'><strong>propter</strong></span> <span class='ocrx_word' id='word_1_5' title='bbox 1142 572 1233 629; x_wconf 91' lang='lat' dir='ltr'><strong>Dei</strong></span> <span class='ocrx_word' id='word_1_6' title='bbox 1266 573 1509 629; x_wconf 90' lang='lat' dir='ltr'><strong>timorem</strong></span> <span class='ocrx_word' id='word_1_7' title='bbox 1541 582 1744 628; x_wconf 88' lang='lat' dir='ltr'><strong>tantum</strong></span> <span class='ocrx_word' id='word_1_8' title='bbox 1770 572 1939 628; x_wconf 88' lang='lat' dir='ltr'><strong>mole-</strong></span> 
     </span>
    </p>
   </div>
   <div class='ocr_carea' id='block_1_3' title="bbox 340 665 1935 737">
    <p class='ocr_par' dir='ltr' id='par_1_3' title="bbox 340 665 1935 737">
     <span class='ocr_line' id='line_1_3' title="bbox 340 665 1935 737; baseline 0 -18"><span class='ocrx_word' id='word_1_9' title='bbox 340 670 564 719; x_wconf 83' lang='lat' dir='ltr'><strong>stiarum</strong></span> <span class='ocrx_word' id='word_1_10' title='bbox 583 666 922 730; x_wconf 72' lang='lat' dir='ltr'><strong>sustinueris,</strong></span> <span class='ocrx_word' id='word_1_11' title='bbox 936 674 991 720; x_wconf 89' lang='lat' dir='ltr'><strong>et</strong></span> <span class='ocrx_word' id='word_1_12' title='bbox 1014 679 1280 720; x_wconf 88' lang='lat' dir='ltr'><strong>morosam</strong></span> <span class='ocrx_word' id='word_1_13' title='bbox 1305 665 1554 720; x_wconf 80' lang='lat' dir='ltr'><strong>feminam</strong></span> <span class='ocrx_word' id='word_1_14' title='bbox 1574 681 1730 737; x_wconf 80' lang='lat' dir='ltr'><strong>aequo</strong></span> <span class='ocrx_word' id='word_1_15' title='bbox 1755 670 1935 720; x_wconf 84' lang='lat' dir='ltr'><strong>animo</strong></span> 
     </span>
    </p>
   </div>
   <div class='ocr_carea' id='block_1_4' title="bbox 342 756 1938 829">
    <p class='ocr_par' dir='ltr' id='par_1_4' title="bbox 342 756 1938 829">
     <span class='ocr_line' id='line_1_4' title="bbox 342 756 1938 829; baseline 0.002 -20"><span class='ocrx_word' id='word_1_16' title='bbox 342 756 551 822; x_wconf 87' lang='lat' dir='ltr'><strong>tuleris,</strong></span> <span class='ocrx_word' id='word_1_17' title='bbox 580 765 637 812; x_wconf 88' lang='lat' dir='ltr'><strong>et</strong></span> <span class='ocrx_word' id='word_1_18' title='bbox 662 758 962 812; x_wconf 86' lang='lat' dir='ltr'><strong>membrum</strong></span> <span class='ocrx_word' id='word_1_19' title='bbox 994 767 1140 813; x_wconf 91' lang='lat' dir='ltr'><strong>tuum</strong></span> <span class='ocrx_word' id='word_1_20' title='bbox 1168 767 1477 814; x_wconf 88' lang='lat' dir='ltr'><strong>constanter</strong></span> <span class='ocrx_word' id='word_1_21' title='bbox 1501 759 1804 829; x_wconf 90' lang='lat' dir='ltr'><strong>pertuleris.</strong></span> <span class='ocrx_word' id='word_1_22' title='bbox 1840 758 1938 812; x_wconf 80' lang='lat' dir='ltr'><strong>Est</strong></span> 
     </span>
    </p>
   </div>
   <div class='ocr_carea' id='block_1_5' title="bbox 342 850 1935 917">
    <p class='ocr_par' dir='ltr' id='par_1_5' title="bbox 342 850 1935 917">
     <span class='ocr_line' id='line_1_5' title="bbox 342 850 1935 917; baseline 0.001 -14"><span class='ocrx_word' id='word_1_23' title='bbox 342 850 486 903; x_wconf 88' lang='lat' dir='ltr'><strong>enim</strong></span> <span class='ocrx_word' id='word_1_24' title='bbox 532 865 668 904; x_wconf 83' lang='lat' dir='ltr'><strong>uxor</strong></span> <span class='ocrx_word' id='word_1_25' title='bbox 711 850 1012 905; x_wconf 85' lang='lat' dir='ltr'><strong>membrum</strong></span> <span class='ocrx_word' id='word_1_26' title='bbox 1050 862 1290 906; x_wconf 91' lang='lat' dir='ltr'><strong>nostrum</strong></span> <span class='ocrx_word' id='word_1_27' title='bbox 1329 852 1720 917; x_wconf 84' lang='lat' dir='ltr'><strong>necessarium;</strong></span> <span class='ocrx_word' id='word_1_28' title='bbox 1751 861 1806 906; x_wconf 89' lang='lat' dir='ltr'><strong>et</strong></span> <span class='ocrx_word' id='word_1_29' title='bbox 1834 852 1935 906; x_wconf 83' lang='lat' dir='ltr'><strong>hoc</strong></span> 
     </span>
    </p>
   </div>
   <div class='ocr_carea' id='block_1_6' title="bbox 344 941 1937 1010">
    <p class='ocr_par' dir='ltr' id='par_1_6' title="bbox 344 941 1937 1010">
     <span class='ocr_line' id='line_1_6' title="bbox 344 941 1937 1010; baseline 0.004 -20"><span class='ocrx_word' id='word_1_30' title='bbox 344 941 686 1007; x_wconf 90' lang='lat' dir='ltr'><strong>potissimum</strong></span> <span class='ocrx_word' id='word_1_31' title='bbox 711 942 926 997; x_wconf 82' lang='lat' dir='ltr'><strong>nomine</strong></span> <span class='ocrx_word' id='word_1_32' title='bbox 954 942 1181 997; x_wconf 90' lang='lat' dir='ltr'><strong>debetur</strong></span> <span class='ocrx_word' id='word_1_33' title='bbox 1203 944 1250 997; x_wconf 88' lang='lat' dir='ltr'><strong>ei</strong></span> <span class='ocrx_word' id='word_1_34' title='bbox 1281 944 1668 998; x_wconf 90' lang='lat' dir='ltr'><strong>benevolentia.</strong></span> <span class='ocrx_word' id='word_1_35' title='bbox 1697 943 1850 1010; x_wconf 84' lang='lat' dir='ltr'><strong>Quod</strong></span> <span class='ocrx_word' id='word_1_36' title='bbox 1882 954 1937 997; x_wconf 78' lang='lat' dir='ltr'><strong>ct</strong></span> 
     </span>
    </p>
   </div>
   <div class='ocr_carea' id='block_1_7' title="bbox 343 1030 1936 1103">
    <p class='ocr_par' dir='ltr' id='par_1_7' title="bbox 343 1030 1936 1103">
     <span class='ocr_line' id='line_1_7' title="bbox 343 1030 1936 1103; baseline 0.003 -20"><span class='ocrx_word' id='word_1_37' title='bbox 343 1030 543 1084; x_wconf 88' lang='lat' dir='ltr'><strong>Paulus</strong></span> <span class='ocrx_word' id='word_1_38' title='bbox 568 1031 651 1084; x_wconf 91' lang='lat' dir='ltr'><strong>his</strong></span> <span class='ocrx_word' id='word_1_39' title='bbox 679 1031 857 1086; x_wconf 84' lang='lat' dir='ltr'><strong>verbis</strong></span> <span class='ocrx_word' id='word_1_40' title='bbox 883 1034 1152 1103; x_wconf 63' lang='lat' dir='ltr'><strong>praecipit:</strong></span> <span class='ocrx_word' id='word_1_41' title='bbox 1175 1033 1264 1088; x_wconf 93' lang='lat' dir='ltr'><strong>Sic</strong></span> <span class='ocrx_word' id='word_1_42' title='bbox 1293 1034 1470 1089; x_wconf 84' lang='lat' dir='ltr'><strong>debent</strong></span> <span class='ocrx_word' id='word_1_43' title='bbox 1495 1036 1587 1089; x_wconf 78' lang='lat' dir='ltr'><strong>viri</strong></span> <span class='ocrx_word' id='word_1_44' title='bbox 1613 1051 1733 1089; x_wconf 87' lang='lat' dir='ltr'><strong>suas</strong></span> <span class='ocrx_word' id='word_1_45' title='bbox 1755 1051 1936 1088; x_wconf 76' lang='lat' dir='ltr'><strong>uxores</strong></span> 
     </span>
    </p>
   </div>
   <div class='ocr_carea' id='block_1_8' title="bbox 342 1122 1935 1197">
    <p class='ocr_par' dir='ltr' id='par_1_8' title="bbox 342 1122 1935 1197">
     <span class='ocr_line' id='line_1_8' title="bbox 342 1122 1935 1197; baseline 0.003 -23"><span class='ocrx_word' id='word_1_46' title='bbox 342 1122 556 1193; x_wconf 78' lang='lat' dir='ltr'><strong>diligere</strong></span> <span class='ocrx_word' id='word_1_47' title='bbox 605 1124 733 1177; x_wconf 85' lang='lat' dir='ltr'><strong>sicut</strong></span> <span class='ocrx_word' id='word_1_48' title='bbox 776 1126 984 1194; x_wconf 86' lang='lat' dir='ltr'><strong>propria</strong></span> <span class='ocrx_word' id='word_1_49' title='bbox 1025 1141 1263 1196; x_wconf 87' lang='lat' dir='ltr'><strong>corpora.</strong></span> <span class='ocrx_word' id='word_1_50' title='bbox 1310 1125 1475 1180; x_wconf 84' lang='lat' dir='ltr'><strong>Nemo</strong></span> <span class='ocrx_word' id='word_1_51' title='bbox 1520 1128 1655 1182; x_wconf 87' lang='lat' dir='ltr'><strong>enim</strong></span> <span class='ocrx_word' id='word_1_52' title='bbox 1699 1143 1935 1197; x_wconf 83' lang='lat' dir='ltr'><strong>umquam</strong></span> 
     </span>
    </p>
   </div>
   <div class='ocr_carea' id='block_1_9' title="bbox 340 1216 1935 1290">
    <p class='ocr_par' dir='ltr' id='par_1_9' title="bbox 340 1216 1935 1290">
     <span class='ocr_line' id='line_1_9' title="bbox 340 1216 1935 1290; baseline 0.003 -22"><span class='ocrx_word' id='word_1_53' title='bbox 340 1231 487 1268; x_wconf 79' lang='lat' dir='ltr'><strong>suam</strong></span> <span class='ocrx_word' id='word_1_54' title='bbox 506 1232 711 1270; x_wconf 85' lang='lat' dir='ltr'><strong>carnem</strong></span> <span class='ocrx_word' id='word_1_55' title='bbox 737 1216 855 1270; x_wconf 86' lang='lat' dir='ltr'><strong>odio</strong></span> <span class='ocrx_word' id='word_1_56' title='bbox 876 1217 1067 1285; x_wconf 86' lang='lat' dir='ltr'><strong>halmit,</strong></span> <span class='ocrx_word' id='word_1_57' title='bbox 1090 1219 1179 1272; x_wconf 81' lang='lat' dir='ltr'><strong>sed</strong></span> <span class='ocrx_word' id='word_1_58' title='bbox 1208 1220 1364 1271; x_wconf 81' lang='lat' dir='ltr'><strong>nutrit</strong></span> <span class='ocrx_word' id='word_1_59' title='bbox 1393 1229 1437 1273; x_wconf 88' lang='lat' dir='ltr'><strong>et</strong></span> <span class='ocrx_word' id='word_1_60' title='bbox 1467 1223 1612 1290; x_wconf 79' lang='lat' dir='ltr'><strong>[over</strong></span> <span class='ocrx_word' id='word_1_61' title='bbox 1624 1220 1790 1285; x_wconf 80' lang='lat' dir='ltr'><strong>illam,</strong></span> <span class='ocrx_word' id='word_1_62' title='bbox 1809 1221 1935 1274; x_wconf 88' lang='lat' dir='ltr'><strong>sicut</strong></span> 
     </span>
    </p>
   </div>
   <div class='ocr_carea' id='block_1_10' title="bbox 342 1303 1934 1381">
    <p class='ocr_par' dir='ltr' id='par_1_10' title="bbox 342 1303 1934 1381">
     <span class='ocr_line' id='line_1_10' title="bbox 342 1303 1934 1381; baseline 0.004 -23"><span class='ocrx_word' id='word_1_63' title='bbox 342 1315 391 1358; x_wconf 83' lang='lat' dir='ltr'><strong>et</strong></span> <span class='ocrx_word' id='word_1_64' title='bbox 432 1303 663 1360; x_wconf 80' lang='lat' dir='ltr'><strong>Christus</strong></span> <span class='ocrx_word' id='word_1_65' title='bbox 696 1305 1007 1373; x_wconf 80' lang='lat' dir='ltr'><strong>Ecclesium,</strong></span> <span class='ocrx_word' id='word_1_66' title='bbox 1042 1310 1282 1379; x_wconf 80' lang='lat' dir='ltr'><strong>quoniam</strong></span> <span class='ocrx_word' id='word_1_67' title='bbox 1325 1310 1546 1363; x_wconf 85' lang='lat' dir='ltr'><strong>membra</strong></span> <span class='ocrx_word' id='word_1_68' title='bbox 1579 1328 1753 1366; x_wconf 88' lang='lat' dir='ltr'><strong>sumus</strong></span> <span class='ocrx_word' id='word_1_69' title='bbox 1791 1313 1934 1381; x_wconf 87' lang='lat' dir='ltr'><strong>ejus-</strong></span> 
     </span>
    </p>
   </div>
   <div class='ocr_carea' id='block_1_11' title="bbox 340 1395 1964 1472">
    <p class='ocr_par' dir='ltr' id='par_1_11' title="bbox 340 1395 1964 1472">
     <span class='ocr_line' id='line_1_11' title="bbox 340 1395 1964 1472; baseline 0 -24"><span class='ocrx_word' id='word_1_70' title='bbox 340 1395 457 1451; x_wconf 80' lang='lat' dir='ltr'><strong>dem</strong></span> <span class='ocrx_word' id='word_1_71' title='bbox 487 1399 734 1469; x_wconf 81' lang='lat' dir='ltr'><strong>corporis,</strong></span> <span class='ocrx_word' id='word_1_72' title='bbox 760 1413 826 1452; x_wconf 79' lang='lat' dir='ltr'><strong>ea;</strong></span> <span class='ocrx_word' id='word_1_73' title='bbox 846 1415 997 1454; x_wconf 88' lang='lat' dir='ltr'><strong>carne</strong></span> <span class='ocrx_word' id='word_1_74' title='bbox 1020 1400 1132 1470; x_wconf 87' lang='lat' dir='ltr'><strong>ejus</strong></span> <span class='ocrx_word' id='word_1_75' title='bbox 1168 1411 1214 1454; x_wconf 89' lang='lat' dir='ltr'><strong>et</strong></span> <span class='ocrx_word' id='word_1_76' title='bbox 1244 1401 1439 1455; x_wconf 81' lang='lat' dir='ltr'><strong>ossibus</strong></span> <span class='ocrx_word' id='word_1_77' title='bbox 1453 1395 1964 1472; x_wconf 61' lang='lat' dir='ltr'><strong>ejus(Ep.5.Q8-50).</strong></span> 
     </span>
    </p>
   </div>
   <div class='ocr_carea' id='block_1_12' title="bbox 418 1485 1937 1561">
    <p class='ocr_par' dir='ltr' id='par_1_12' title="bbox 418 1485 1937 1561">
     <span class='ocr_line' id='line_1_12' title="bbox 418 1485 1937 1561; baseline -0.007 -14"><span class='ocrx_word' id='word_1_78' title='bbox 418 1493 652 1547; x_wconf 76' lang='lat' dir='ltr'><strong>Ecclesia</strong></span> <span class='ocrx_word' id='word_1_79' title='bbox 680 1509 796 1548; x_wconf 88' lang='lat' dir='ltr'><strong>cum</strong></span> <span class='ocrx_word' id='word_1_80' title='bbox 832 1491 935 1544; x_wconf 76' lang='lat' dir='ltr'><strong>Eva</strong></span> <span class='ocrx_word' id='word_1_81' title='bbox 964 1491 1171 1545; x_wconf 86' lang='lat' dir='ltr'><strong>collata.</strong></span> <span class='ocrx_word' id='word_1_82' title='bbox 1193 1519 1267 1530; x_wconf 84' lang='lat'><strong>-</strong></span> <span class='ocrx_word' id='word_1_83' title='bbox 1288 1488 1551 1561; x_wconf 78' lang='lat' dir='ltr'><strong>[Magnum</strong></span> <span class='ocrx_word' id='word_1_84' title='bbox 1582 1487 1666 1540; x_wconf 90' lang='lat' dir='ltr'><strong>hic</strong></span> <span class='ocrx_word' id='word_1_85' title='bbox 1693 1485 1937 1540; x_wconf 88' lang='lat' dir='ltr'><strong>subindi-</strong></span> 
     </span>
    </p>
   </div>
   <div class='ocr_carea' id='block_1_13' title="bbox 345 1578 1939 1652">
    <p class='ocr_par' dir='ltr' id='par_1_13' title="bbox 345 1578 1939 1652">
     <span class='ocr_line' id='line_1_13' title="bbox 345 1578 1939 1652; baseline -0.004 -15"><span class='ocrx_word' id='word_1_86' title='bbox 345 1583 491 1637; x_wconf 78' lang='lat' dir='ltr'><strong>cavit</strong></span> <span class='ocrx_word' id='word_1_87' title='bbox 525 1582 836 1652; x_wconf 86' lang='lat' dir='ltr'><strong>mysterium</strong></span> <span class='ocrx_word' id='word_1_88' title='bbox 859 1622 874 1647; x_wconf 91' lang='lat'><strong>,</strong></span> <span class='ocrx_word' id='word_1_89' title='bbox 907 1581 1123 1643; x_wconf 91' lang='lat' dir='ltr'><strong>dicens,</strong></span> <span class='ocrx_word' id='word_1_90' title='bbox 1154 1578 1237 1633; x_wconf 76' lang='lat' dir='ltr'><strong>Ea;</strong></span> <span class='ocrx_word' id='word_1_91' title='bbox 1270 1579 1503 1632; x_wconf 80' lang='lat' dir='ltr'><strong>carnibus</strong></span> <span class='ocrx_word' id='word_1_92' title='bbox 1540 1578 1649 1648; x_wconf 84' lang='lat' dir='ltr'><strong>ejus</strong></span> <span class='ocrx_word' id='word_1_93' title='bbox 1676 1587 1721 1630; x_wconf 89' lang='lat' dir='ltr'><strong>et</strong></span> <span class='ocrx_word' id='word_1_94' title='bbox 1747 1578 1939 1631; x_wconf 85' lang='lat' dir='ltr'><strong>ossibus</strong></span> 
     </span>
    </p>
   </div>
   <div class='ocr_carea' id='block_1_14' title="bbox 346 1668 1939 1747">
    <p class='ocr_par' dir='ltr' id='par_1_14' title="bbox 346 1668 1939 1747">
     <span class='ocr_line' id='line_1_14' title="bbox 346 1668 1939 1747; baseline -0.005 -19"><span class='ocrx_word' id='word_1_95' title='bbox 346 1675 458 1744; x_wconf 76' lang='lat' dir='ltr'><strong>ejus</strong></span> <span class='ocrx_word' id='word_1_96' title='bbox 488 1672 615 1747; x_wconf 66' lang='lat'><strong>(11).]</strong></span> <span class='ocrx_word' id='word_1_97' title='bbox 650 1672 800 1729; x_wconf 89' lang='lat' dir='ltr'><strong>Sicut</strong></span> <span class='ocrx_word' id='word_1_98' title='bbox 837 1674 978 1728; x_wconf 88' lang='lat' dir='ltr'><strong>enim</strong></span> <span class='ocrx_word' id='word_1_99' title='bbox 1023 1674 1150 1733; x_wconf 87' lang='lat' dir='ltr'><strong>Eva,</strong></span> <span class='ocrx_word' id='word_1_100' title='bbox 1188 1671 1376 1741; x_wconf 85' lang='lat' dir='ltr'><strong>inquit,</strong></span> <span class='ocrx_word' id='word_1_101' title='bbox 1422 1686 1488 1724; x_wconf 81' lang='lat' dir='ltr'><strong>ex</strong></span> <span class='ocrx_word' id='word_1_102' title='bbox 1538 1670 1703 1723; x_wconf 88' lang='lat' dir='ltr'><strong>latere</strong></span> <span class='ocrx_word' id='word_1_103' title='bbox 1750 1668 1939 1723; x_wconf 85' lang='lat' dir='ltr'><strong>Adami</strong></span> 
     </span>
    </p>
   </div>
   <div class='ocr_carea' id='block_1_15' title="bbox 350 1760 1943 1838">
    <p class='ocr_par' dir='ltr' id='par_1_15' title="bbox 350 1760 1943 1838">
     <span class='ocr_line' id='line_1_15' title="bbox 350 1760 1943 1838; baseline -0.004 -16"><span class='ocrx_word' id='word_1_104' title='bbox 350 1768 567 1838; x_wconf 87' lang='lat' dir='ltr'><strong>prodiit,</strong></span> <span class='ocrx_word' id='word_1_105' title='bbox 603 1768 674 1822; x_wconf 87' lang='lat' dir='ltr'><strong>ita</strong></span> <span class='ocrx_word' id='word_1_106' title='bbox 700 1776 755 1822; x_wconf 91' lang='lat' dir='ltr'><strong>et</strong></span> <span class='ocrx_word' id='word_1_107' title='bbox 784 1781 882 1821; x_wconf 93' lang='lat' dir='ltr'><strong>nos</strong></span> <span class='ocrx_word' id='word_1_108' title='bbox 912 1780 943 1821; x_wconf 91' lang='lat' dir='ltr'><strong>e</strong></span> <span class='ocrx_word' id='word_1_109' title='bbox 967 1765 1165 1821; x_wconf 83' lang='lat' dir='ltr'><strong>Christi</strong></span> <span class='ocrx_word' id='word_1_110' title='bbox 1194 1765 1380 1819; x_wconf 84' lang='lat' dir='ltr'><strong>latere.</strong></span> <span class='ocrx_word' id='word_1_111' title='bbox 1412 1761 1522 1817; x_wconf 85' lang='lat' dir='ltr'><strong>Hoc</strong></span> <span class='ocrx_word' id='word_1_112' title='bbox 1546 1762 1686 1815; x_wconf 87' lang='lat' dir='ltr'><strong>enim</strong></span> <span class='ocrx_word' id='word_1_113' title='bbox 1714 1770 1823 1823; x_wconf 84' lang='lat' dir='ltr'><strong>est.</strong></span> <span class='ocrx_word' id='word_1_114' title='bbox 1858 1760 1943 1815; x_wconf 79' lang='lat' dir='ltr'><strong>Ea:</strong></span> 
     </span>
    </p>
   </div>
   <div class='ocr_carea' id='block_1_16' title="bbox 351 1856 1940 1931">
    <p class='ocr_par' dir='ltr' id='par_1_16' title="bbox 351 1856 1940 1931">
     <span class='ocr_line' id='line_1_16' title="bbox 351 1856 1940 1931; baseline -0.004 -17"><span class='ocrx_word' id='word_1_115' title='bbox 351 1876 507 1915; x_wconf 85' lang='lat' dir='ltr'><strong>carne</strong></span> <span class='ocrx_word' id='word_1_116' title='bbox 530 1861 641 1931; x_wconf 85' lang='lat' dir='ltr'><strong>ejus</strong></span> <span class='ocrx_word' id='word_1_117' title='bbox 659 1869 708 1914; x_wconf 87' lang='lat' dir='ltr'><strong>et</strong></span> <span class='ocrx_word' id='word_1_118' title='bbox 733 1861 928 1914; x_wconf 82' lang='lat' dir='ltr'><strong>ossibus</strong></span> <span class='ocrx_word' id='word_1_119' title='bbox 955 1861 1065 1929; x_wconf 90' lang='lat' dir='ltr'><strong>ejus</strong></span> <span class='ocrx_word' id='word_1_120' title='bbox 1092 1857 1241 1931; x_wconf 87' lang='lat' dir='ltr'><strong>(Gen.</strong></span> <span class='ocrx_word' id='word_1_121' title='bbox 1261 1857 1321 1913; x_wconf 77' lang='grc'><strong>2.</strong></span> <span class='ocrx_word' id='word_1_122' title='bbox 1342 1857 1459 1926; x_wconf 69' lang='lat'><strong>21).</strong></span> <span class='ocrx_word' id='word_1_123' title='bbox 1492 1856 1595 1911; x_wconf 86' lang='lat' dir='ltr'><strong>Sed</strong></span> <span class='ocrx_word' id='word_1_124' title='bbox 1631 1857 1794 1911; x_wconf 78' lang='lat' dir='ltr'><strong>Evam</strong></span> <span class='ocrx_word' id='word_1_125' title='bbox 1824 1856 1940 1924; x_wconf 92' lang='lat' dir='ltr'><strong>qni-</strong></span> 
     </span>
    </p>
   </div>
   <div class='ocr_carea' id='block_1_17' title="bbox 350 1948 1946 2021">
    <p class='ocr_par' dir='ltr' id='par_1_17' title="bbox 350 1948 1946 2021">
     <span class='ocr_line' id='line_1_17' title="bbox 350 1948 1946 2021; baseline -0.006 -13"><span class='ocrx_word' id='word_1_126' title='bbox 350 1954 474 2008; x_wconf 87' lang='lat' dir='ltr'><strong>dem</strong></span> <span class='ocrx_word' id='word_1_127' title='bbox 500 1968 532 2008; x_wconf 90' lang='lat' dir='ltr'><strong>e</strong></span> <span class='ocrx_word' id='word_1_128' title='bbox 561 1952 728 2007; x_wconf 81' lang='lat' dir='ltr'><strong>latere</strong></span> <span class='ocrx_word' id='word_1_129' title='bbox 757 1952 946 2007; x_wconf 86' lang='lat' dir='ltr'><strong>Adami</strong></span> <span class='ocrx_word' id='word_1_130' title='bbox 976 1958 1285 2021; x_wconf 75' lang='lat' dir='ltr'><strong>prognatam</strong></span> <span class='ocrx_word' id='word_1_131' title='bbox 1315 1950 1514 2004; x_wconf 87' lang='lat' dir='ltr'><strong>scimus</strong></span> <span class='ocrx_word' id='word_1_132' title='bbox 1539 1964 1759 2013; x_wconf 89' lang='lat' dir='ltr'><strong>omnes,</strong></span> <span class='ocrx_word' id='word_1_133' title='bbox 1788 1959 1841 2003; x_wconf 92' lang='lat' dir='ltr'><strong>et</strong></span> <span class='ocrx_word' id='word_1_134' title='bbox 1864 1948 1946 2001; x_wconf 85' lang='lat' dir='ltr'><strong>di-</strong></span> 
     </span>
    </p>
   </div>
   <div class='ocr_carea' id='block_1_18' title="bbox 351 2041 1941 2115">
    <p class='ocr_par' dir='ltr' id='par_1_18' title="bbox 351 2041 1941 2115">
     <span class='ocr_line' id='line_1_18' title="bbox 351 2041 1941 2115; baseline -0.003 -17"><span class='ocrx_word' id='word_1_135' title='bbox 351 2055 499 2101; x_wconf 87' lang='lat' dir='ltr'><strong>serte</strong></span> <span class='ocrx_word' id='word_1_136' title='bbox 526 2045 629 2100; x_wconf 92' lang='lat' dir='ltr'><strong>hoc</strong></span> <span class='ocrx_word' id='word_1_137' title='bbox 659 2045 710 2099; x_wconf 91' lang='lat' dir='ltr'><strong>in</strong></span> <span class='ocrx_word' id='word_1_138' title='bbox 741 2043 1015 2115; x_wconf 77' lang='lat' dir='ltr'><strong>Scriptura</strong></span> <span class='ocrx_word' id='word_1_139' title='bbox 1042 2044 1252 2114; x_wconf 88' lang='lat' dir='ltr'><strong>legitur,</strong></span> <span class='ocrx_word' id='word_1_140' title='bbox 1274 2042 1413 2112; x_wconf 88' lang='lat' dir='ltr'><strong>quod</strong></span> <span class='ocrx_word' id='word_1_141' title='bbox 1437 2041 1719 2096; x_wconf 84' lang='lat' dir='ltr'><strong>immiserit</strong></span> <span class='ocrx_word' id='word_1_142' title='bbox 1746 2042 1796 2094; x_wconf 91' lang='lat' dir='ltr'><strong>in</strong></span> <span class='ocrx_word' id='word_1_143' title='bbox 1819 2057 1941 2096; x_wconf 90' lang='lat' dir='ltr'><strong>eum</strong></span> 
     </span>
    </p>
   </div>
   <div class='ocr_carea' id='block_1_19' title="bbox 353 2135 1944 2207">
    <p class='ocr_par' dir='ltr' id='par_1_19' title="bbox 353 2135 1944 2207">
     <span class='ocr_line' id='line_1_19' title="bbox 353 2135 1944 2207; baseline -0.003 -14"><span class='ocrx_word' id='word_1_144' title='bbox 353 2152 638 2207; x_wconf 90' lang='lat' dir='ltr'><strong>soporem,</strong></span> <span class='ocrx_word' id='word_1_145' title='bbox 679 2146 733 2193; x_wconf 88' lang='lat' dir='ltr'><strong>et</strong></span> <span class='ocrx_word' id='word_1_146' title='bbox 763 2147 1007 2206; x_wconf 79' lang='lat' dir='ltr'><strong>exempta</strong></span> <span class='ocrx_word' id='word_1_147' title='bbox 1037 2152 1138 2191; x_wconf 92' lang='lat' dir='ltr'><strong>una</strong></span> <span class='ocrx_word' id='word_1_148' title='bbox 1170 2152 1202 2190; x_wconf 90' lang='lat' dir='ltr'><strong>e</strong></span> <span class='ocrx_word' id='word_1_149' title='bbox 1244 2139 1411 2191; x_wconf 88' lang='lat' dir='ltr'><strong>costis</strong></span> <span class='ocrx_word' id='word_1_150' title='bbox 1449 2135 1566 2204; x_wconf 92' lang='lat' dir='ltr'><strong>ejus</strong></span> <span class='ocrx_word' id='word_1_151' title='bbox 1602 2136 1944 2190; x_wconf 72' lang='lat' dir='ltr'><strong>a-diticaverit</strong></span> 
     </span>
    </p>
   </div>
   <div class='ocr_carea' id='block_1_20' title="bbox 354 2226 1943 2299">
    <p class='ocr_par' dir='ltr' id='par_1_20' title="bbox 354 2226 1943 2299">
     <span class='ocr_line' id='line_1_20' title="bbox 354 2226 1943 2299; baseline -0.003 -15"><span class='ocrx_word' id='word_1_152' title='bbox 354 2230 633 2287; x_wconf 86' lang='lat' dir='ltr'><strong>mulierem</strong></span> <span class='ocrx_word' id='word_1_153' title='bbox 662 2247 677 2284; x_wconf 92' lang='lat'><strong>:</strong></span> <span class='ocrx_word' id='word_1_154' title='bbox 708 2229 849 2299; x_wconf 89' lang='lat' dir='ltr'><strong>quod</strong></span> <span class='ocrx_word' id='word_1_155' title='bbox 877 2238 1053 2283; x_wconf 88' lang='lat' dir='ltr'><strong>autem</strong></span> <span class='ocrx_word' id='word_1_156' title='bbox 1083 2228 1321 2284; x_wconf 80' lang='lat' dir='ltr'><strong>Ecclesia</strong></span> <span class='ocrx_word' id='word_1_157' title='bbox 1350 2243 1381 2282; x_wconf 93' lang='lat' dir='ltr'><strong>e</strong></span> <span class='ocrx_word' id='word_1_158' title='bbox 1410 2226 1603 2282; x_wconf 87' lang='lat' dir='ltr'><strong>Christi</strong></span> <span class='ocrx_word' id='word_1_159' title='bbox 1633 2228 1799 2282; x_wconf 89' lang='lat' dir='ltr'><strong>latere</strong></span> <span class='ocrx_word' id='word_1_160' title='bbox 1831 2236 1943 2280; x_wconf 88' lang='lat' dir='ltr'><strong>orta</strong></span> 
     </span>
    </p>
   </div>
   <div class='ocr_carea' id='block_1_21' title="bbox 355 2318 1949 2390">
    <p class='ocr_par' dir='ltr' id='par_1_21' title="bbox 355 2318 1949 2390">
     <span class='ocr_line' id='line_1_21' title="bbox 355 2318 1949 2390; baseline -0.004 -15"><span class='ocrx_word' id='word_1_161' title='bbox 355 2323 446 2388; x_wconf 90' lang='lat' dir='ltr'><strong>sit,</strong></span> <span class='ocrx_word' id='word_1_162' title='bbox 484 2321 749 2376; x_wconf 81' lang='lat' dir='ltr'><strong>undenam</strong></span> <span class='ocrx_word' id='word_1_163' title='bbox 789 2322 996 2375; x_wconf 85' lang='lat' dir='ltr'><strong>discere</strong></span> <span class='ocrx_word' id='word_1_164' title='bbox 1044 2320 1357 2390; x_wconf 90' lang='lat' dir='ltr'><strong>possumus?</strong></span> <span class='ocrx_word' id='word_1_165' title='bbox 1404 2319 1513 2373; x_wconf 93' lang='lat' dir='ltr'><strong>lloc</strong></span> <span class='ocrx_word' id='word_1_166' title='bbox 1555 2334 1765 2389; x_wconf 89' lang='lat' dir='ltr'><strong>quoque</strong></span> <span class='ocrx_word' id='word_1_167' title='bbox 1806 2318 1949 2373; x_wconf 84' lang='lat' dir='ltr'><strong>Scri-</strong></span> 
     </span>
    </p>
   </div>
   <div class='ocr_carea' id='block_1_22' title="bbox 353 2410 1944 2484">
    <p class='ocr_par' dir='ltr' id='par_1_22' title="bbox 353 2410 1944 2484">
     <span class='ocr_line' id='line_1_22' title="bbox 353 2410 1944 2484; baseline -0.004 -16"><span class='ocrx_word' id='word_1_168' title='bbox 353 2422 513 2484; x_wconf 82' lang='lat' dir='ltr'><strong>ptura</strong></span> <span class='ocrx_word' id='word_1_169' title='bbox 560 2412 780 2469; x_wconf 90' lang='lat' dir='ltr'><strong>indicat.</strong></span> <span class='ocrx_word' id='word_1_170' title='bbox 835 2413 1122 2482; x_wconf 81' lang='lat' dir='ltr'><strong>Postquam</strong></span> <span class='ocrx_word' id='word_1_171' title='bbox 1169 2412 1312 2466; x_wconf 90' lang='lat' dir='ltr'><strong>enim</strong></span> <span class='ocrx_word' id='word_1_172' title='bbox 1360 2410 1604 2465; x_wconf 84' lang='lat' dir='ltr'><strong>Christus</strong></span> <span class='ocrx_word' id='word_1_173' title='bbox 1640 2412 1692 2463; x_wconf 89' lang='lat' dir='ltr'><strong>in</strong></span> <span class='ocrx_word' id='word_1_174' title='bbox 1732 2425 1944 2464; x_wconf 80' lang='lat' dir='ltr'><strong>crucem</strong></span> 
     </span>
    </p>
   </div>
   <div class='ocr_carea' id='block_1_23' title="bbox 357 2500 1945 2572">
    <p class='ocr_par' dir='ltr' id='par_1_23' title="bbox 357 2500 1945 2572">
     <span class='ocr_line' id='line_1_23' title="bbox 357 2500 1945 2572; baseline -0.004 -13"><span class='ocrx_word' id='word_1_175' title='bbox 357 2505 599 2559; x_wconf 88' lang='lat' dir='ltr'><strong>sublatus</strong></span> <span class='ocrx_word' id='word_1_176' title='bbox 623 2513 673 2559; x_wconf 92' lang='lat' dir='ltr'><strong>et</strong></span> <span class='ocrx_word' id='word_1_177' title='bbox 704 2504 896 2558; x_wconf 82' lang='lat' dir='ltr'><strong>afﬁxus</strong></span> <span class='ocrx_word' id='word_1_178' title='bbox 919 2503 1209 2572; x_wconf 77' lang='lat' dir='ltr'><strong>exspiravit</strong></span> <span class='ocrx_word' id='word_1_179' title='bbox 1229 2544 1242 2565; x_wconf 89' lang='lat'><strong>,</strong></span> <span class='ocrx_word' id='word_1_180' title='bbox 1273 2503 1527 2556; x_wconf 77' lang='lat' dir='ltr'><strong>Accedens</strong></span> <span class='ocrx_word' id='word_1_181' title='bbox 1565 2518 1694 2555; x_wconf 88' lang='lat' dir='ltr'><strong>unus</strong></span> <span class='ocrx_word' id='word_1_182' title='bbox 1731 2500 1945 2553; x_wconf 78' lang='lat' dir='ltr'><strong>militum</strong></span> 
     </span>
    </p>
   </div>
   <div class='ocr_carea' id='block_1_24' title="bbox 358 2592 1944 2667">
    <p class='ocr_par' dir='ltr' id='par_1_24' title="bbox 358 2592 1944 2667">
     <span class='ocr_line' id='line_1_24' title="bbox 358 2592 1944 2667; baseline -0.003 -19"><span class='ocrx_word' id='word_1_183' title='bbox 358 2596 575 2667; x_wconf 80' lang='lat' dir='ltr'><strong>pupugit</strong></span> <span class='ocrx_word' id='word_1_184' title='bbox 601 2596 731 2649; x_wconf 89' lang='lat' dir='ltr'><strong>latus</strong></span> <span class='ocrx_word' id='word_1_185' title='bbox 757 2596 915 2660; x_wconf 86' lang='lat' dir='ltr'><strong>illius,</strong></span> <span class='ocrx_word' id='word_1_186' title='bbox 951 2606 1000 2649; x_wconf 86' lang='lat' dir='ltr'><strong>et</strong></span> <span class='ocrx_word' id='word_1_187' title='bbox 1027 2595 1146 2649; x_wconf 72' lang='lat' dir='ltr'><strong>exiit</strong></span> <span class='ocrx_word' id='word_1_188' title='bbox 1176 2594 1294 2647; x_wconf 75' lang='lat' dir='ltr'><strong>inde</strong></span> <span class='ocrx_word' id='word_1_189' title='bbox 1311 2594 1519 2663; x_wconf 80' lang='lat' dir='ltr'><strong>sanguis</strong></span> <span class='ocrx_word' id='word_1_190' title='bbox 1540 2602 1585 2646; x_wconf 85' lang='lat' dir='ltr'><strong>et</strong></span> <span class='ocrx_word' id='word_1_191' title='bbox 1606 2610 1736 2662; x_wconf 83' lang='lat' dir='ltr'><strong>aqua</strong></span> <span class='ocrx_word' id='word_1_192' title='bbox 1766 2592 1944 2661; x_wconf 87' lang='lat' dir='ltr'><strong>(Joan.</strong></span> 
     </span>
    </p>
   </div>
   <div class='ocr_carea' id='block_1_25' title="bbox 360 2685 1948 2759">
    <p class='ocr_par' dir='ltr' id='par_1_25' title="bbox 360 2685 1948 2759">
     <span class='ocr_line' id='line_1_25' title="bbox 360 2685 1948 2759; baseline -0.003 -17"><span class='ocrx_word' id='word_1_193' title='bbox 360 2688 450 2744; x_wconf 73' lang='grc'><strong>19.</strong></span> <span class='ocrx_word' id='word_1_194' title='bbox 482 2688 575 2759; x_wconf 77' lang='grc'><strong>54)</strong></span> <span class='ocrx_word' id='word_1_195' title='bbox 609 2705 623 2741; x_wconf 91' lang='lat'><strong>:</strong></span> <span class='ocrx_word' id='word_1_196' title='bbox 655 2695 710 2743; x_wconf 88' lang='lat' dir='ltr'><strong>et</strong></span> <span class='ocrx_word' id='word_1_197' title='bbox 737 2703 801 2743; x_wconf 83' lang='lat' dir='ltr'><strong>ex</strong></span> <span class='ocrx_word' id='word_1_198' title='bbox 831 2688 918 2741; x_wconf 89' lang='lat' dir='ltr'><strong>illa</strong></span> <span class='ocrx_word' id='word_1_199' title='bbox 944 2702 1080 2757; x_wconf 87' lang='lat' dir='ltr'><strong>aqua</strong></span> <span class='ocrx_word' id='word_1_200' title='bbox 1104 2695 1157 2741; x_wconf 90' lang='lat' dir='ltr'><strong>et</strong></span> <span class='ocrx_word' id='word_1_201' title='bbox 1185 2687 1442 2756; x_wconf 86' lang='lat' dir='ltr'><strong>sanguine</strong></span> <span class='ocrx_word' id='word_1_202' title='bbox 1468 2694 1573 2740; x_wconf 87' lang='lat' dir='ltr'><strong>teta</strong></span> <span class='ocrx_word' id='word_1_203' title='bbox 1606 2694 1815 2739; x_wconf 83' lang='lat' dir='ltr'><strong>constat</strong></span> <span class='ocrx_word' id='word_1_204' title='bbox 1846 2685 1948 2738; x_wconf 84' lang='lat' dir='ltr'><strong>Ee-</strong></span> 
     </span>
    </p>
   </div>
   <div class='ocr_carea' id='block_1_26' title="bbox 358 2776 1951 2851">
    <p class='ocr_par' dir='ltr' id='par_1_26' title="bbox 358 2776 1951 2851">
     <span class='ocr_line' id='line_1_26' title="bbox 358 2776 1951 2851; baseline -0.004 -16"><span class='ocrx_word' id='word_1_205' title='bbox 358 2781 544 2836; x_wconf 86' lang='lat' dir='ltr'><strong>elesia.</strong></span> <span class='ocrx_word' id='word_1_206' title='bbox 576 2781 751 2836; x_wconf 85' lang='lat' dir='ltr'><strong>Testis</strong></span> <span class='ocrx_word' id='word_1_207' title='bbox 780 2790 863 2836; x_wconf 86' lang='lat' dir='ltr'><strong>est</strong></span> <span class='ocrx_word' id='word_1_208' title='bbox 892 2781 1006 2851; x_wconf 86' lang='lat' dir='ltr'><strong>ipse</strong></span> <span class='ocrx_word' id='word_1_209' title='bbox 1031 2780 1215 2835; x_wconf 87' lang='lat' dir='ltr'><strong>dicens</strong></span> <span class='ocrx_word' id='word_1_210' title='bbox 1242 2797 1257 2833; x_wconf 90' lang='lat'><strong>:</strong></span> <span class='ocrx_word' id='word_1_211' title='bbox 1282 2776 1402 2832; x_wconf 88' lang='lat' dir='ltr'><strong>Nisi</strong></span> <span class='ocrx_word' id='word_1_212' title='bbox 1426 2779 1538 2850; x_wconf 90' lang='lat' dir='ltr'><strong>quis</strong></span> <span class='ocrx_word' id='word_1_213' title='bbox 1566 2787 1771 2831; x_wconf 87' lang='lat' dir='ltr'><strong>renatus</strong></span> <span class='ocrx_word' id='word_1_214' title='bbox 1800 2777 1951 2848; x_wconf 81' lang='lat' dir='ltr'><strong>fuerit</strong></span> 
     </span>
    </p>
   </div>
   <div class='ocr_carea' id='block_1_27' title="bbox 357 2869 1949 2944">
    <p class='ocr_par' dir='ltr' id='par_1_27' title="bbox 357 2869 1949 2944">
     <span class='ocr_line' id='line_1_27' title="bbox 357 2869 1949 2944; baseline -0.004 -17"><span class='ocrx_word' id='word_1_215' title='bbox 357 2888 424 2927; x_wconf 67' lang='lat' dir='ltr'><strong>ac</strong></span> <span class='ocrx_word' id='word_1_216' title='bbox 447 2888 580 2942; x_wconf 82' lang='lat' dir='ltr'><strong>aqua</strong></span> <span class='ocrx_word' id='word_1_217' title='bbox 600 2880 645 2925; x_wconf 91' lang='lat' dir='ltr'><strong>et</strong></span> <span class='ocrx_word' id='word_1_218' title='bbox 672 2873 875 2944; x_wconf 82' lang='lat' dir='ltr'><strong>spiritu,</strong></span> <span class='ocrx_word' id='word_1_219' title='bbox 907 2888 1008 2925; x_wconf 83' lang='lat' dir='ltr'><strong>non</strong></span> <span class='ocrx_word' id='word_1_220' title='bbox 1036 2880 1196 2941; x_wconf 84' lang='lat' dir='ltr'><strong>potest</strong></span> <span class='ocrx_word' id='word_1_221' title='bbox 1224 2871 1434 2924; x_wconf 86' lang='lat' dir='ltr'><strong>introire</strong></span> <span class='ocrx_word' id='word_1_222' title='bbox 1466 2870 1519 2922; x_wconf 83' lang='lat' dir='ltr'><strong>in</strong></span> <span class='ocrx_word' id='word_1_223' title='bbox 1552 2885 1763 2939; x_wconf 86' lang='lat' dir='ltr'><strong>regnum</strong></span> <span class='ocrx_word' id='word_1_224' title='bbox 1799 2869 1949 2921; x_wconf 78' lang='lat' dir='ltr'><strong>ccc/o-</strong></span> 
     </span>
    </p>
   </div>
   <div class='ocr_carea' id='block_1_28' title="bbox 358 2961 1950 3038">
    <p class='ocr_par' dir='ltr' id='par_1_28' title="bbox 358 2961 1950 3038">
     <span class='ocr_line' id='line_1_28' title="bbox 358 2961 1950 3038; baseline -0.003 -19"><span class='ocrx_word' id='word_1_225' title='bbox 358 2982 475 3019; x_wconf 84' lang='lat' dir='ltr'><strong>rum</strong></span> <span class='ocrx_word' id='word_1_226' title='bbox 519 2965 713 3038; x_wconf 81' lang='lat' dir='ltr'><strong>(Joan.</strong></span> <span class='ocrx_word' id='word_1_227' title='bbox 747 2967 798 3021; x_wconf 81' lang='lat'><strong>3.</strong></span> <span class='ocrx_word' id='word_1_228' title='bbox 833 2966 909 3034; x_wconf 86' lang='lat'><strong>5)</strong></span> <span class='ocrx_word' id='word_1_229' title='bbox 941 2984 954 3017; x_wconf 95' lang='lat'><strong>:</strong></span> <span class='ocrx_word' id='word_1_230' title='bbox 987 2963 1298 3035; x_wconf 80' lang='lat' dir='ltr'><strong>sanguinem</strong></span> <span class='ocrx_word' id='word_1_231' title='bbox 1328 2971 1504 3018; x_wconf 89' lang='lat' dir='ltr'><strong>autem</strong></span> <span class='ocrx_word' id='word_1_232' title='bbox 1533 2962 1763 3031; x_wconf 82' lang='lat' dir='ltr'><strong>appellat</strong></span> <span class='ocrx_word' id='word_1_233' title='bbox 1790 2961 1950 3030; x_wconf 87' lang='lat' dir='ltr'><strong>spiri-</strong></span> 
     </span>
    </p>
   </div>
   <div class='ocr_carea' id='block_1_29' title="bbox 361 3052 1951 3126">
    <p class='ocr_par' dir='ltr' id='par_1_29' title="bbox 361 3052 1951 3126">
     <span class='ocr_line' id='line_1_29' title="bbox 361 3052 1951 3126; baseline -0.005 -15"><span class='ocrx_word' id='word_1_234' title='bbox 361 3068 494 3112; x_wconf 89' lang='lat' dir='ltr'><strong>tum.</strong></span> <span class='ocrx_word' id='word_1_235' title='bbox 547 3057 614 3111; x_wconf 85' lang='lat' dir='ltr'><strong>Et</strong></span> <span class='ocrx_word' id='word_1_236' title='bbox 658 3057 929 3111; x_wconf 75' lang='lat' dir='ltr'><strong>nascimur</strong></span> <span class='ocrx_word' id='word_1_237' title='bbox 965 3056 1178 3126; x_wconf 72' lang='lat' dir='ltr'><strong>qu‘dem</strong></span> <span class='ocrx_word' id='word_1_238' title='bbox 1223 3070 1317 3125; x_wconf 88' lang='lat' dir='ltr'><strong>per</strong></span> <span class='ocrx_word' id='word_1_239' title='bbox 1358 3069 1549 3124; x_wconf 91' lang='lat' dir='ltr'><strong>aquam</strong></span> <span class='ocrx_word' id='word_1_240' title='bbox 1597 3052 1951 3121; x_wconf 85' lang='lat' dir='ltr'><strong>baptismatis,</strong></span> 
     </span>
    </p>
   </div>
   <div class='ocr_carea' id='block_1_30' title="bbox 360 3143 1954 3218">
    <p class='ocr_par' dir='ltr' id='par_1_30' title="bbox 360 3143 1954 3218">
     <span class='ocr_line' id='line_1_30' title="bbox 360 3143 1954 3218; baseline -0.004 -16"><span class='ocrx_word' id='word_1_241' title='bbox 360 3149 556 3203; x_wconf 88' lang='lat' dir='ltr'><strong>alimur</strong></span> <span class='ocrx_word' id='word_1_242' title='bbox 582 3156 756 3202; x_wconf 91' lang='lat' dir='ltr'><strong>autem</strong></span> <span class='ocrx_word' id='word_1_243' title='bbox 791 3165 884 3218; x_wconf 87' lang='lat' dir='ltr'><strong>per</strong></span> <span class='ocrx_word' id='word_1_244' title='bbox 910 3148 1243 3217; x_wconf 85' lang='lat' dir='ltr'><strong>sanguinem.</strong></span> <span class='ocrx_word' id='word_1_245' title='bbox 1290 3145 1452 3199; x_wconf 68' lang='lat' dir='ltr'><strong>Vides</strong></span> <span class='ocrx_word' id='word_1_246' title='bbox 1491 3143 1759 3214; x_wconf 91' lang='lat' dir='ltr'><strong>quomodo</strong></span> <span class='ocrx_word' id='word_1_247' title='bbox 1786 3144 1954 3197; x_wconf 82' lang='lat' dir='ltr'><strong>simus</strong></span> 
     </span>
    </p>
   </div>
   <div class='ocr_carea' id='block_1_31' title="bbox 360 3236 1955 3311">
    <p class='ocr_par' dir='ltr' id='par_1_31' title="bbox 360 3236 1955 3311">
     <span class='ocr_line' id='line_1_31' title="bbox 360 3236 1955 3311; baseline -0.005 -14"><span class='ocrx_word' id='word_1_248' title='bbox 360 3256 430 3297; x_wconf 76' lang='lat' dir='ltr'><strong>ex</strong></span> <span class='ocrx_word' id='word_1_249' title='bbox 458 3255 620 3296; x_wconf 83' lang='lat' dir='ltr'><strong>carne</strong></span> <span class='ocrx_word' id='word_1_250' title='bbox 647 3240 783 3311; x_wconf 85' lang='lat' dir='ltr'><strong>ejus,</strong></span> <span class='ocrx_word' id='word_1_251' title='bbox 816 3250 872 3296; x_wconf 92' lang='lat' dir='ltr'><strong>et</strong></span> <span class='ocrx_word' id='word_1_252' title='bbox 899 3257 965 3296; x_wconf 84' lang='lat' dir='ltr'><strong>ex</strong></span> <span class='ocrx_word' id='word_1_253' title='bbox 992 3240 1202 3295; x_wconf 90' lang='lat' dir='ltr'><strong>ossibus</strong></span> <span class='ocrx_word' id='word_1_254' title='bbox 1241 3239 1377 3308; x_wconf 89' lang='lat' dir='ltr'><strong>ejus,</strong></span> <span class='ocrx_word' id='word_1_255' title='bbox 1422 3239 1546 3291; x_wconf 90' lang='lat' dir='ltr'><strong>dum</strong></span> <span class='ocrx_word' id='word_1_256' title='bbox 1591 3253 1654 3292; x_wconf 85' lang='lat' dir='ltr'><strong>ex</strong></span> <span class='ocrx_word' id='word_1_257' title='bbox 1696 3236 1955 3306; x_wconf 86' lang='lat' dir='ltr'><strong>sanguine</strong></span> 
     </span>
    </p>
   </div>
   <div class='ocr_carea' id='block_1_32' title="bbox 360 3324 1955 3401">
    <p class='ocr_par' dir='ltr' id='par_1_32' title="bbox 360 3324 1955 3401">
     <span class='ocr_line' id='line_1_32' title="bbox 360 3324 1955 3401; baseline -0.006 -14"><span class='ocrx_word' id='word_1_258' title='bbox 360 3332 455 3387; x_wconf 90' lang='lat' dir='ltr'><strong>illo</strong></span> <span class='ocrx_word' id='word_1_259' title='bbox 479 3340 534 3387; x_wconf 90' lang='lat' dir='ltr'><strong>et</strong></span> <span class='ocrx_word' id='word_1_260' title='bbox 557 3347 693 3401; x_wconf 87' lang='lat' dir='ltr'><strong>aqua</strong></span> <span class='ocrx_word' id='word_1_261' title='bbox 722 3340 831 3385; x_wconf 92' lang='lat' dir='ltr'><strong>tum</strong></span> <span class='ocrx_word' id='word_1_262' title='bbox 860 3331 1162 3394; x_wconf 85' lang='lat' dir='ltr'><strong>nascimur,</strong></span> <span class='ocrx_word' id='word_1_263' title='bbox 1193 3341 1304 3383; x_wconf 88' lang='lat' dir='ltr'><strong>tum</strong></span> <span class='ocrx_word' id='word_1_264' title='bbox 1329 3328 1557 3383; x_wconf 86' lang='lat' dir='ltr'><strong>alimur?</strong></span> <span class='ocrx_word' id='word_1_265' title='bbox 1604 3326 1671 3380; x_wconf 86' lang='lat' dir='ltr'><strong>Et</strong></span> <span class='ocrx_word' id='word_1_266' title='bbox 1697 3324 1955 3396; x_wconf 81' lang='lat' dir='ltr'><strong>quemad-</strong></span> 
     </span>
    </p>
   </div>
   <div class='ocr_carea' id='block_1_33' title="bbox 362 3416 1947 3482">
    <p class='ocr_par' dir='ltr' id='par_1_33' title="bbox 362 3416 1947 3482">
     <span class='ocr_line' id='line_1_33' title="bbox 362 3416 1947 3482; baseline -0.006 -4"><span class='ocrx_word' id='word_1_267' title='bbox 362 3423 579 3480; x_wconf 89' lang='lat' dir='ltr'><strong>modum</strong></span> <span class='ocrx_word' id='word_1_268' title='bbox 602 3423 806 3478; x_wconf 81' lang='lat' dir='ltr'><strong>Adamo</strong></span> <span class='ocrx_word' id='word_1_269' title='bbox 823 3423 1124 3478; x_wconf 83' lang='lat' dir='ltr'><strong>dormiente</strong></span> <span class='ocrx_word' id='word_1_270' title='bbox 1147 3421 1338 3475; x_wconf 84' lang='lat' dir='ltr'><strong>mulier</strong></span> <span class='ocrx_word' id='word_1_271' title='bbox 1355 3429 1436 3474; x_wconf 86' lang='lat' dir='ltr'><strong>est</strong></span> <span class='ocrx_word' id='word_1_272' title='bbox 1456 3419 1688 3482; x_wconf 89' lang='lat' dir='ltr'><strong>condita,</strong></span> <span class='ocrx_word' id='word_1_273' title='bbox 1713 3418 1788 3471; x_wconf 89' lang='lat' dir='ltr'><strong>sic</strong></span> <span class='ocrx_word' id='word_1_274' title='bbox 1809 3416 1947 3469; x_wconf 88' lang='lat' dir='ltr'><strong>Chri-</strong></span> 
     </span>
    </p>
   </div>
   <div class='ocr_carea' id='block_1_34' title="bbox 360 3508 1956 3580">
    <p class='ocr_par' dir='ltr' id='par_1_34' title="bbox 360 3508 1956 3580">
     <span class='ocr_line' id='line_1_34' title="bbox 360 3508 1956 3580; baseline -0.006 -10"><span class='ocrx_word' id='word_1_275' title='bbox 360 3523 447 3570; x_wconf 90' lang='lat' dir='ltr'><strong>sto</strong></span> <span class='ocrx_word' id='word_1_276' title='bbox 475 3525 685 3570; x_wconf 91' lang='lat' dir='ltr'><strong>mortuo</strong></span> <span class='ocrx_word' id='word_1_277' title='bbox 711 3513 843 3569; x_wconf 90' lang='lat' dir='ltr'><strong>facta</strong></span> <span class='ocrx_word' id='word_1_278' title='bbox 881 3524 963 3568; x_wconf 85' lang='lat' dir='ltr'><strong>est</strong></span> <span class='ocrx_word' id='word_1_279' title='bbox 998 3512 1232 3569; x_wconf 84' lang='lat' dir='ltr'><strong>Ecclesia</strong></span> <span class='ocrx_word' id='word_1_280' title='bbox 1264 3527 1331 3567; x_wconf 80' lang='lat' dir='ltr'><strong>ex</strong></span> <span class='ocrx_word' id='word_1_281' title='bbox 1368 3511 1482 3580; x_wconf 86' lang='lat' dir='ltr'><strong>ejus</strong></span> <span class='ocrx_word' id='word_1_282' title='bbox 1512 3511 1699 3566; x_wconf 88' lang='lat' dir='ltr'><strong>latere.</strong></span> <span class='ocrx_word' id='word_1_283' title='bbox 1740 3508 1797 3563; x_wconf 71' lang='grc' dir='ltr'>Νι</span> <span class='ocrx_word' id='word_1_284' title='bbox 1819 3524 1850 3563; x_wconf 94' lang='lat' dir='ltr'><strong>c</strong></span> <span class='ocrx_word' id='word_1_285' title='bbox 1888 3510 1956 3562; x_wconf 88' lang='lat' dir='ltr'><strong>ob</strong></span> 
     </span>
    </p>
   </div>
   <div class='ocr_carea' id='block_1_35' title="bbox 364 3601 1954 3672">
    <p class='ocr_par' dir='ltr' id='par_1_35' title="bbox 364 3601 1954 3672">
     <span class='ocr_line' id='line_1_35' title="bbox 364 3601 1954 3672; baseline -0.007 -13"><span class='ocrx_word' id='word_1_286' title='bbox 364 3606 481 3660; x_wconf 74' lang='lat' dir='ltr'><strong>lucc</strong></span> <span class='ocrx_word' id='word_1_287' title='bbox 518 3614 718 3659; x_wconf 90' lang='lat' dir='ltr'><strong>tantum</strong></span> <span class='ocrx_word' id='word_1_288' title='bbox 759 3605 986 3659; x_wconf 85' lang='lat' dir='ltr'><strong>amanda</strong></span> <span class='ocrx_word' id='word_1_289' title='bbox 1024 3613 1110 3659; x_wconf 89' lang='lat' dir='ltr'><strong>est</strong></span> <span class='ocrx_word' id='word_1_290' title='bbox 1145 3618 1301 3669; x_wconf 79' lang='lat' dir='ltr'><strong>uxor,</strong></span> <span class='ocrx_word' id='word_1_291' title='bbox 1337 3601 1478 3672; x_wconf 90' lang='lat' dir='ltr'><strong>quod</strong></span> <span class='ocrx_word' id='word_1_292' title='bbox 1517 3601 1817 3654; x_wconf 85' lang='lat' dir='ltr'><strong>membrum</strong></span> <span class='ocrx_word' id='word_1_293' title='bbox 1856 3617 1954 3652; x_wconf 79' lang='lat' dir='ltr'><strong>no-</strong></span> 
     </span>
    </p>
   </div>
   <div class='ocr_carea' id='block_1_36' title="bbox 361 3690 1954 3764">
    <p class='ocr_par' dir='ltr' id='par_1_36' title="bbox 361 3690 1954 3764">
     <span class='ocr_line' id='line_1_36' title="bbox 361 3690 1954 3764; baseline -0.006 -12"><span class='ocrx_word' id='word_1_294' title='bbox 361 3706 532 3752; x_wconf 90' lang='lat' dir='ltr'><strong>strnm</strong></span> <span class='ocrx_word' id='word_1_295' title='bbox 571 3706 682 3761; x_wconf 88' lang='lat' dir='ltr'><strong>est,</strong></span> <span class='ocrx_word' id='word_1_296' title='bbox 729 3706 783 3752; x_wconf 91' lang='lat' dir='ltr'><strong>et</strong></span> <span class='ocrx_word' id='word_1_297' title='bbox 825 3712 894 3750; x_wconf 83' lang='lat' dir='ltr'><strong>ex</strong></span> <span class='ocrx_word' id='word_1_298' title='bbox 941 3694 1096 3750; x_wconf 88' lang='lat' dir='ltr'><strong>nobis</strong></span> <span class='ocrx_word' id='word_1_299' title='bbox 1140 3693 1399 3764; x_wconf 82' lang='lat' dir='ltr'><strong>originem</strong></span> <span class='ocrx_word' id='word_1_300' title='bbox 1451 3692 1653 3758; x_wconf 87' lang='lat' dir='ltr'><strong>habuit,</strong></span> <span class='ocrx_word' id='word_1_301' title='bbox 1695 3690 1787 3746; x_wconf 88' lang='lat' dir='ltr'><strong>sed</strong></span> <span class='ocrx_word' id='word_1_302' title='bbox 1835 3692 1954 3758; x_wconf 86' lang='lat' dir='ltr'><strong>quia</strong></span> 
     </span>
    </p>
   </div>
   <div class='ocr_carea' id='block_1_37' title="bbox 364 3782 1956 3859">
    <p class='ocr_par' dir='ltr' id='par_1_37' title="bbox 364 3782 1956 3859">
     <span class='ocr_line' id='line_1_37' title="bbox 364 3782 1956 3859; baseline -0.005 -16"><span class='ocrx_word' id='word_1_303' title='bbox 364 3791 535 3859; x_wconf 82' lang='lat' dir='ltr'><strong>legem</strong></span> <span class='ocrx_word' id='word_1_304' title='bbox 565 3790 725 3844; x_wconf 89' lang='lat' dir='ltr'><strong>etiam</strong></span> <span class='ocrx_word' id='word_1_305' title='bbox 754 3804 919 3859; x_wconf 90' lang='lat' dir='ltr'><strong>super</strong></span> <span class='ocrx_word' id='word_1_306' title='bbox 940 3787 1041 3842; x_wconf 90' lang='lat' dir='ltr'><strong>hoc</strong></span> <span class='ocrx_word' id='word_1_307' title='bbox 1074 3788 1210 3842; x_wconf 88' lang='lat' dir='ltr'><strong>Dens</strong></span> <span class='ocrx_word' id='word_1_308' title='bbox 1236 3787 1439 3854; x_wconf 87' lang='lat' dir='ltr'><strong>statuit,</strong></span> <span class='ocrx_word' id='word_1_309' title='bbox 1475 3786 1551 3841; x_wconf 89' lang='lat' dir='ltr'><strong>sic</strong></span> <span class='ocrx_word' id='word_1_310' title='bbox 1578 3785 1782 3848; x_wconf 85' lang='lat' dir='ltr'><strong>dicens,</strong></span> <span class='ocrx_word' id='word_1_311' title='bbox 1824 3782 1956 3837; x_wconf 80' lang='lat' dir='ltr'><strong>Pro-</strong></span> 
     </span>
    </p>
   </div>
   <div class='ocr_carea' id='block_1_38' title="bbox 364 3874 1958 3950">
    <p class='ocr_par' dir='ltr' id='par_1_38' title="bbox 364 3874 1958 3950">
     <span class='ocr_line' id='line_1_38' title="bbox 364 3874 1958 3950; baseline -0.005 -16"><span class='ocrx_word' id='word_1_312' title='bbox 364 3891 538 3950; x_wconf 73' lang='lat' dir='ltr'><strong>pterea</strong></span> <span class='ocrx_word' id='word_1_313' title='bbox 563 3880 808 3949; x_wconf 83' lang='lat' dir='ltr'><strong>relinquet</strong></span> <span class='ocrx_word' id='word_1_314' title='bbox 836 3879 985 3933; x_wconf 87' lang='lat' dir='ltr'><strong>homo</strong></span> <span class='ocrx_word' id='word_1_315' title='bbox 1015 3888 1209 3950; x_wconf 80' lang='lat' dir='ltr'><strong>patrem</strong></span> <span class='ocrx_word' id='word_1_316' title='bbox 1244 3895 1392 3933; x_wconf 88' lang='lat' dir='ltr'><strong>suum</strong></span> <span class='ocrx_word' id='word_1_317' title='bbox 1429 3886 1474 3930; x_wconf 83' lang='lat' dir='ltr'><strong>et</strong></span> <span class='ocrx_word' id='word_1_318' title='bbox 1501 3885 1711 3929; x_wconf 84' lang='lat' dir='ltr'><strong>matrem</strong></span> <span class='ocrx_word' id='word_1_319' title='bbox 1732 3917 1746 3939; x_wconf 92' lang='lat'><strong>,</strong></span> <span class='ocrx_word' id='word_1_320' title='bbox 1780 3886 1823 3928; x_wconf 89' lang='lat' dir='ltr'><strong>et</strong></span> <span class='ocrx_word' id='word_1_321' title='bbox 1865 3874 1958 3927; x_wconf 84' lang='lat' dir='ltr'><strong>ad-</strong></span> 
     </span>
    </p>
   </div>
   <div class='ocr_carea' id='block_1_39' title="bbox 362 3967 1955 4041">
    <p class='ocr_par' dir='ltr' id='par_1_39' title="bbox 362 3967 1955 4041">
     <span class='ocr_line' id='line_1_39' title="bbox 362 3967 1955 4041; baseline -0.006 -13"><span class='ocrx_word' id='word_1_322' title='bbox 362 3973 571 4029; x_wconf 56' lang='lat' dir='ltr'><strong>haerebit</strong></span> <span class='ocrx_word' id='word_1_323' title='bbox 599 3973 747 4027; x_wconf 73' lang='lat' dir='ltr'><strong>uxori</strong></span> <span class='ocrx_word' id='word_1_324' title='bbox 771 3988 910 4038; x_wconf 63' lang='lat' dir='ltr'><strong>suae,</strong></span> <span class='ocrx_word' id='word_1_325' title='bbox 943 3981 990 4025; x_wconf 90' lang='lat' dir='ltr'><strong>et</strong></span> <span class='ocrx_word' id='word_1_326' title='bbox 1019 3981 1162 4025; x_wconf 85' lang='lat' dir='ltr'><strong>erunt</strong></span> <span class='ocrx_word' id='word_1_327' title='bbox 1192 3971 1294 4024; x_wconf 88' lang='lat' dir='ltr'><strong>duo</strong></span> <span class='ocrx_word' id='word_1_328' title='bbox 1316 3971 1369 4023; x_wconf 87' lang='lat' dir='ltr'><strong>in</strong></span> <span class='ocrx_word' id='word_1_329' title='bbox 1394 3986 1546 4023; x_wconf 84' lang='lat' dir='ltr'><strong>carne</strong></span> <span class='ocrx_word' id='word_1_330' title='bbox 1576 3985 1675 4022; x_wconf 88' lang='lat' dir='ltr'><strong>una</strong></span> <span class='ocrx_word' id='word_1_331' title='bbox 1704 3968 1721 4041; x_wconf 91' lang='lat'>(</span> <span class='ocrx_word' id='word_1_332' title='bbox 1745 3967 1870 4022; x_wconf 78' lang='lat' dir='ltr'><strong>Cen.</strong></span> <span class='ocrx_word' id='word_1_333' title='bbox 1900 3967 1955 4020; x_wconf 71' lang='grc'><strong>2.</strong></span> 
     </span>
    </p>
   </div>
   <div class='ocr_carea' id='block_1_40' title="bbox 363 4060 1959 4136">
    <p class='ocr_par' dir='ltr' id='par_1_40' title="bbox 363 4060 1959 4136">
     <span class='ocr_line' id='line_1_40' title="bbox 363 4060 1959 4136; baseline -0.004 -17"><span class='ocrx_word' id='word_1_334' title='bbox 363 4063 479 4136; x_wconf 69' lang='grc'><strong>24).</strong></span> <span class='ocrx_word' id='word_1_335' title='bbox 505 4063 635 4119; x_wconf 81' lang='lat' dir='ltr'><strong>Nam</strong></span> <span class='ocrx_word' id='word_1_336' title='bbox 655 4064 776 4119; x_wconf 91' lang='lat' dir='ltr'><strong>ideo</strong></span> <span class='ocrx_word' id='word_1_337' title='bbox 794 4061 947 4118; x_wconf 90' lang='lat' dir='ltr'><strong>nobis</strong></span> <span class='ocrx_word' id='word_1_338' title='bbox 969 4062 1105 4116; x_wconf 88' lang='lat' dir='ltr'><strong>hanc</strong></span> <span class='ocrx_word' id='word_1_339' title='bbox 1135 4063 1302 4133; x_wconf 88' lang='lat' dir='ltr'><strong>legem</strong></span> <span class='ocrx_word' id='word_1_340' title='bbox 1334 4061 1530 4117; x_wconf 87' lang='lat' dir='ltr'><strong>Paulus</strong></span> <span class='ocrx_word' id='word_1_341' title='bbox 1550 4061 1694 4131; x_wconf 85' lang='lat' dir='ltr'><strong>legit,</strong></span> <span class='ocrx_word' id='word_1_342' title='bbox 1711 4073 1761 4111; x_wconf 90' lang='grc' dir='ltr'><strong>ιιι</strong></span> <span class='ocrx_word' id='word_1_343' title='bbox 1787 4060 1959 4113; x_wconf 88' lang='lat' dir='ltr'><strong>modis</strong></span> 
     </span>
    </p>
   </div>
   <div class='ocr_carea' id='block_1_41' title="bbox 364 4151 1956 4221">
    <p class='ocr_par' dir='ltr' id='par_1_41' title="bbox 364 4151 1956 4221">
     <span class='ocr_line' id='line_1_41' title="bbox 364 4151 1956 4221; baseline -0.004 -11"><span class='ocrx_word' id='word_1_344' title='bbox 364 4155 617 4210; x_wconf 87' lang='lat' dir='ltr'><strong>omnibus</strong></span> <span class='ocrx_word' id='word_1_345' title='bbox 645 4169 743 4210; x_wconf 89' lang='lat' dir='ltr'><strong>nos</strong></span> <span class='ocrx_word' id='word_1_346' title='bbox 767 4154 832 4209; x_wconf 87' lang='lat' dir='ltr'><strong>ad</strong></span> <span class='ocrx_word' id='word_1_347' title='bbox 866 4155 1007 4208; x_wconf 91' lang='lat' dir='ltr'><strong>hunc</strong></span> <span class='ocrx_word' id='word_1_348' title='bbox 1028 4168 1264 4207; x_wconf 86' lang='lat' dir='ltr'><strong>amorem</strong></span> <span class='ocrx_word' id='word_1_349' title='bbox 1298 4152 1659 4221; x_wconf 88' lang='lat' dir='ltr'><strong>compelleret.</strong></span> <span class='ocrx_word' id='word_1_350' title='bbox 1714 4152 1805 4205; x_wconf 89' lang='lat' dir='ltr'><strong>llic</strong></span> <span class='ocrx_word' id='word_1_351' title='bbox 1829 4151 1956 4204; x_wconf 87' lang='lat' dir='ltr'><strong>mihi</strong></span> 
     </span>
    </p>
   </div>
   <div class='ocr_carea' id='block_1_42' title="bbox 362 4241 1960 4313">
    <p class='ocr_par' dir='ltr' id='par_1_42' title="bbox 362 4241 1960 4313">
     <span class='ocr_line' id='line_1_42' title="bbox 362 4241 1960 4313; baseline -0.004 -13"><span class='ocrx_word' id='word_1_352' title='bbox 362 4244 646 4301; x_wconf 87' lang='lat' dir='ltr'><strong>considera</strong></span> <span class='ocrx_word' id='word_1_353' title='bbox 687 4244 1002 4313; x_wconf 88' lang='lat' dir='ltr'><strong>sapientiam</strong></span> <span class='ocrx_word' id='word_1_354' title='bbox 1051 4243 1446 4312; x_wconf 84' lang='lat' dir='ltr'><strong>apostolicam:</strong></span> <span class='ocrx_word' id='word_1_355' title='bbox 1486 4257 1590 4295; x_wconf 92' lang='lat' dir='ltr'><strong>non</strong></span> <span class='ocrx_word' id='word_1_356' title='bbox 1638 4242 1779 4295; x_wconf 86' lang='lat' dir='ltr'><strong>enim</strong></span> <span class='ocrx_word' id='word_1_357' title='bbox 1830 4241 1960 4295; x_wconf 62' lang='lat' dir='ltr'><strong>solis</strong></span> 
     </span>
    </p>
   </div>
   <div class='ocr_carea' id='block_1_43' title="bbox 363 4333 1959 4405">
    <p class='ocr_par' dir='ltr' id='par_1_43' title="bbox 363 4333 1959 4405">
     <span class='ocr_line' id='line_1_43' title="bbox 363 4333 1959 4405; baseline -0.005 -12"><span class='ocrx_word' id='word_1_358' title='bbox 363 4337 562 4393; x_wconf 76' lang='lat' dir='ltr'><strong>divinis</strong></span> <span class='ocrx_word' id='word_1_359' title='bbox 582 4346 672 4391; x_wconf 91' lang='lat' dir='ltr'><strong>aut</strong></span> <span class='ocrx_word' id='word_1_360' title='bbox 696 4337 824 4393; x_wconf 86' lang='lat' dir='ltr'><strong>solis</strong></span> <span class='ocrx_word' id='word_1_361' title='bbox 846 4336 1092 4391; x_wconf 81' lang='lat' dir='ltr'><strong>humanis</strong></span> <span class='ocrx_word' id='word_1_362' title='bbox 1118 4335 1320 4405; x_wconf 78' lang='lat' dir='ltr'><strong>legibus</strong></span> <span class='ocrx_word' id='word_1_363' title='bbox 1350 4349 1447 4389; x_wconf 90' lang='lat' dir='ltr'><strong>nos</strong></span> <span class='ocrx_word' id='word_1_364' title='bbox 1478 4333 1676 4388; x_wconf 88' lang='lat' dir='ltr'><strong>inducit</strong></span> <span class='ocrx_word' id='word_1_365' title='bbox 1696 4333 1761 4386; x_wconf 89' lang='lat' dir='ltr'><strong>ad</strong></span> <span class='ocrx_word' id='word_1_366' title='bbox 1785 4350 1959 4386; x_wconf 89' lang='lat' dir='ltr'><strong>aman-</strong></span> 
     </span>
    </p>
   </div>
   <div class='ocr_carea' id='block_1_44' title="bbox 364 4424 1962 4498">
    <p class='ocr_par' dir='ltr' id='par_1_44' title="bbox 364 4424 1962 4498">
     <span class='ocr_line' id='line_1_44' title="bbox 364 4424 1962 4498; baseline -0.003 -16"><span class='ocrx_word' id='word_1_367' title='bbox 364 4428 466 4482; x_wconf 88' lang='lat' dir='ltr'><strong>das</strong></span> <span class='ocrx_word' id='word_1_368' title='bbox 494 4429 769 4498; x_wconf 75' lang='lat' dir='ltr'><strong>corninges,</strong></span> <span class='ocrx_word' id='word_1_369' title='bbox 799 4426 892 4483; x_wconf 88' lang='lat' dir='ltr'><strong>sed</strong></span> <span class='ocrx_word' id='word_1_370' title='bbox 919 4426 1125 4481; x_wconf 78' lang='lat' dir='ltr'><strong>mixtim</strong></span> <span class='ocrx_word' id='word_1_371' title='bbox 1155 4426 1394 4495; x_wconf 85' lang='lat' dir='ltr'><strong>utrisque</strong></span> <span class='ocrx_word' id='word_1_372' title='bbox 1427 4443 1441 4479; x_wconf 89' lang='lat'><strong>:</strong></span> <span class='ocrx_word' id='word_1_373' title='bbox 1474 4435 1529 4479; x_wconf 89' lang='lat' dir='ltr'><strong>ut</strong></span> <span class='ocrx_word' id='word_1_374' title='bbox 1559 4424 1816 4480; x_wconf 88' lang='lat' dir='ltr'><strong>sublimes</strong></span> <span class='ocrx_word' id='word_1_375' title='bbox 1842 4425 1962 4494; x_wconf 88' lang='lat' dir='ltr'><strong>qui-</strong></span> 
     </span>
    </p>
   </div>
   <div class='ocr_carea' id='block_1_45' title="bbox 368 4515 1958 4589">
    <p class='ocr_par' dir='ltr' id='par_1_45' title="bbox 368 4515 1958 4589">
     <span class='ocr_line' id='line_1_45' title="bbox 368 4515 1958 4589; baseline -0.006 -15"><span class='ocrx_word' id='word_1_376' title='bbox 368 4520 495 4574; x_wconf 91' lang='lat' dir='ltr'><strong>dem</strong></span> <span class='ocrx_word' id='word_1_377' title='bbox 518 4519 617 4573; x_wconf 90' lang='lat' dir='ltr'><strong>viri</strong></span> <span class='ocrx_word' id='word_1_378' title='bbox 642 4536 703 4574; x_wconf 85' lang='lat' dir='ltr'><strong>ac</strong></span> <span class='ocrx_word' id='word_1_379' title='bbox 728 4515 1080 4589; x_wconf 87' lang='lat' dir='ltr'><strong>philosophici</strong></span> <span class='ocrx_word' id='word_1_380' title='bbox 1102 4517 1271 4587; x_wconf 87' lang='lat' dir='ltr'><strong>magis</strong></span> <span class='ocrx_word' id='word_1_381' title='bbox 1295 4525 1609 4571; x_wconf 72' lang='lat' dir='ltr'><strong>moveantur</strong></span> <span class='ocrx_word' id='word_1_382' title='bbox 1632 4516 1958 4579; x_wconf 70' lang='lat' dir='ltr'><strong>rmlestilms,</strong></span> 
     </span>
    </p>
   </div>
   <div class='ocr_carea' id='block_1_46' title="bbox 367 4607 1962 4667">
    <p class='ocr_par' dir='ltr' id='par_1_46' title="bbox 367 4607 1962 4667">
     <span class='ocr_line' id='line_1_46' title="bbox 367 4607 1962 4667; baseline -0.005 -1"><span class='ocrx_word' id='word_1_383' title='bbox 367 4611 611 4666; x_wconf 91' lang='lat' dir='ltr'><strong>inﬁrmos</strong></span> <span class='ocrx_word' id='word_1_384' title='bbox 649 4621 828 4666; x_wconf 89' lang='lat' dir='ltr'><strong>autem</strong></span> <span class='ocrx_word' id='word_1_385' title='bbox 873 4620 926 4667; x_wconf 83' lang='lat' dir='ltr'><strong>et</strong></span> <span class='ocrx_word' id='word_1_386' title='bbox 968 4611 1198 4666; x_wconf 88' lang='lat' dir='ltr'><strong>humiles</strong></span> <span class='ocrx_word' id='word_1_387' title='bbox 1247 4608 1484 4662; x_wconf 89' lang='lat' dir='ltr'><strong>naturale</strong></span> <span class='ocrx_word' id='word_1_388' title='bbox 1528 4608 1729 4661; x_wconf 90' lang='lat' dir='ltr'><strong>amoris</strong></span> <span class='ocrx_word' id='word_1_389' title='bbox 1775 4607 1962 4659; x_wconf 78' lang='lat' dir='ltr'><strong>inrita-</strong></span> 
     </span>
    </p>
   </div>
   <div class='ocr_carea' id='block_1_47' title="bbox 367 4701 1962 4775">
    <p class='ocr_par' dir='ltr' id='par_1_47' title="bbox 367 4701 1962 4775">
     <span class='ocr_line' id='line_1_47' title="bbox 367 4701 1962 4775; baseline -0.004 -15"><span class='ocrx_word' id='word_1_390' title='bbox 367 4714 607 4760; x_wconf 87' lang='lat' dir='ltr'><strong>mentum</strong></span> <span class='ocrx_word' id='word_1_391' title='bbox 636 4705 802 4775; x_wconf 85' lang='lat' dir='ltr'><strong>magis</strong></span> <span class='ocrx_word' id='word_1_392' title='bbox 831 4714 1061 4759; x_wconf 82' lang='lat' dir='ltr'><strong>moveat.</strong></span> <span class='ocrx_word' id='word_1_393' title='bbox 1110 4702 1235 4758; x_wconf 82' lang='lat' dir='ltr'><strong>Ideo</strong></span> <span class='ocrx_word' id='word_1_394' title='bbox 1262 4703 1488 4772; x_wconf 91' lang='lat' dir='ltr'><strong>primum</strong></span> <span class='ocrx_word' id='word_1_395' title='bbox 1516 4718 1543 4753; x_wconf 89' lang='lat' dir='ltr'><strong>a</strong></span> <span class='ocrx_word' id='word_1_396' title='bbox 1571 4701 1767 4755; x_wconf 80' lang='lat' dir='ltr'><strong>Christi</strong></span> <span class='ocrx_word' id='word_1_397' title='bbox 1798 4704 1962 4755; x_wconf 76' lang='lat' dir='ltr'><strong>bene-</strong></span> 
     </span>
    </p>
   </div>
   <div class='ocr_carea' id='block_1_48' title="bbox 369 4792 1963 4864">
    <p class='ocr_par' dir='ltr' id='par_1_48' title="bbox 369 4792 1963 4864">
     <span class='ocr_line' id='line_1_48' title="bbox 369 4792 1963 4864; baseline -0.003 -14"><span class='ocrx_word' id='word_1_398' title='bbox 369 4796 504 4851; x_wconf 88' lang='lat' dir='ltr'><strong>ﬁciis</strong></span> <span class='ocrx_word' id='word_1_399' title='bbox 531 4795 830 4851; x_wconf 88' lang='lat' dir='ltr'><strong>doctrinam</strong></span> <span class='ocrx_word' id='word_1_400' title='bbox 863 4798 998 4851; x_wconf 89' lang='lat' dir='ltr'><strong>hanc</strong></span> <span class='ocrx_word' id='word_1_401' title='bbox 1026 4796 1208 4864; x_wconf 89' lang='lat' dir='ltr'><strong>incipit</strong></span> <span class='ocrx_word' id='word_1_402' title='bbox 1237 4796 1314 4850; x_wconf 90' lang='lat' dir='ltr'><strong>sic</strong></span> <span class='ocrx_word' id='word_1_403' title='bbox 1341 4794 1522 4848; x_wconf 77' lang='lat' dir='ltr'><strong>dicens</strong></span> <span class='ocrx_word' id='word_1_404' title='bbox 1542 4834 1557 4857; x_wconf 93' lang='lat'><strong>,</strong></span> <span class='ocrx_word' id='word_1_405' title='bbox 1597 4792 1802 4862; x_wconf 81' lang='lat' dir='ltr'><strong>Diligitc</strong></span> <span class='ocrx_word' id='word_1_406' title='bbox 1836 4810 1963 4845; x_wconf 74' lang='lat' dir='ltr'><strong>um-</strong></span> 
     </span>
    </p>
   </div>
   <div class='ocr_carea' id='block_1_49' title="bbox 367 4887 1957 4956">
    <p class='ocr_par' dir='ltr' id='par_1_49' title="bbox 367 4887 1957 4956">
     <span class='ocr_line' id='line_1_49' title="bbox 367 4887 1957 4956; baseline -0.003 -12"><span class='ocrx_word' id='word_1_407' title='bbox 367 4906 451 4944; x_wconf 84' lang='lat' dir='ltr'><strong>res</strong></span> <span class='ocrx_word' id='word_1_408' title='bbox 478 4900 666 4944; x_wconf 83' lang='lat' dir='ltr'><strong>vestras</strong></span> <span class='ocrx_word' id='word_1_409' title='bbox 684 4931 699 4953; x_wconf 89' lang='lat'><strong>,</strong></span> <span class='ocrx_word' id='word_1_410' title='bbox 728 4890 860 4943; x_wconf 81' lang='lat' dir='ltr'><strong>sicut</strong></span> <span class='ocrx_word' id='word_1_411' title='bbox 883 4900 929 4944; x_wconf 85' lang='lat' dir='ltr'><strong>et</strong></span> <span class='ocrx_word' id='word_1_412' title='bbox 956 4890 1184 4944; x_wconf 81' lang='lat' dir='ltr'><strong>Christus</strong></span> <span class='ocrx_word' id='word_1_413' title='bbox 1212 4890 1389 4944; x_wconf 76' lang='lat' dir='ltr'><strong>dilexit</strong></span> <span class='ocrx_word' id='word_1_414' title='bbox 1416 4887 1696 4941; x_wconf 74' lang='lat' dir='ltr'><strong>Ecclesium</strong></span> <span class='ocrx_word' id='word_1_415' title='bbox 1729 4887 1744 4956; x_wconf 96' lang='lat'>(</span> <span class='ocrx_word' id='word_1_416' title='bbox 1769 4887 1957 4955; x_wconf 75' lang='lat' dir='ltr'><strong>Ephes.</strong></span> 
     </span>
    </p>
   </div>
   <div class='ocr_carea' id='block_1_50' title="bbox 367 4977 1959 5052">
    <p class='ocr_par' dir='ltr' id='par_1_50' title="bbox 367 4977 1959 5052">
     <span class='ocr_line' id='line_1_50' title="bbox 367 4977 1959 5052; baseline -0.006 -14"><span class='ocrx_word' id='word_1_417' title='bbox 367 4984 424 5038; x_wconf 88' lang='lat'><strong>5.</strong></span> <span class='ocrx_word' id='word_1_418' title='bbox 478 4981 597 5052; x_wconf 72' lang='lat'><strong>25);</strong></span> <span class='ocrx_word' id='word_1_419' title='bbox 654 4981 846 5037; x_wconf 89' lang='lat' dir='ltr'><strong>deinde</strong></span> <span class='ocrx_word' id='word_1_420' title='bbox 895 4998 1080 5037; x_wconf 88' lang='lat' dir='ltr'><strong>rursus</strong></span> <span class='ocrx_word' id='word_1_421' title='bbox 1133 4982 1270 5036; x_wconf 88' lang='lat' dir='ltr'><strong>idem</strong></span> <span class='ocrx_word' id='word_1_422' title='bbox 1316 4981 1423 5051; x_wconf 86' lang='lat' dir='ltr'><strong>agit</strong></span> <span class='ocrx_word' id='word_1_423' title='bbox 1473 4979 1717 5033; x_wconf 79' lang='lat' dir='ltr'><strong>human&#39;s</strong></span> <span class='ocrx_word' id='word_1_424' title='bbox 1745 4977 1959 5031; x_wconf 83' lang='lat' dir='ltr'><strong>rali0ni-</strong></span> 
     </span>
    </p>
   </div>
   <div class='ocr_carea' id='block_1_51' title="bbox 368 5070 1957 5140">
    <p class='ocr_par' dir='ltr' id='par_1_51' title="bbox 368 5070 1957 5140">
     <span class='ocr_line' id='line_1_51' title="bbox 368 5070 1957 5140; baseline -0.004 -14"><span class='ocrx_word' id='word_1_425' title='bbox 368 5072 472 5126; x_wconf 86' lang='lat' dir='ltr'><strong>bus</strong></span> <span class='ocrx_word' id='word_1_426' title='bbox 505 5089 518 5125; x_wconf 92' lang='lat'><strong>:</strong></span> <span class='ocrx_word' id='word_1_427' title='bbox 552 5072 642 5127; x_wconf 87' lang='lat' dir='ltr'><strong>Sic</strong></span> <span class='ocrx_word' id='word_1_428' title='bbox 667 5073 844 5126; x_wconf 85' lang='lat' dir='ltr'><strong>debent</strong></span> <span class='ocrx_word' id='word_1_429' title='bbox 875 5074 969 5127; x_wconf 79' lang='lat' dir='ltr'><strong>uiri</strong></span> <span class='ocrx_word' id='word_1_430' title='bbox 1000 5090 1119 5127; x_wconf 86' lang='lat' dir='ltr'><strong>suas</strong></span> <span class='ocrx_word' id='word_1_431' title='bbox 1146 5089 1328 5126; x_wconf 68' lang='lat' dir='ltr'><strong>uxores</strong></span> <span class='ocrx_word' id='word_1_432' title='bbox 1365 5072 1592 5140; x_wconf 76' lang='lat' dir='ltr'><strong>diligere,</strong></span> <span class='ocrx_word' id='word_1_433' title='bbox 1619 5080 1674 5122; x_wconf 87' lang='lat' dir='ltr'><strong>ut</strong></span> <span class='ocrx_word' id='word_1_434' title='bbox 1702 5085 1793 5121; x_wconf 85' lang='lat' dir='ltr'><strong>sua</strong></span> <span class='ocrx_word' id='word_1_435' title='bbox 1822 5070 1957 5137; x_wconf 81' lang='lat' dir='ltr'><strong>ipso-</strong></span> 
     </span>
    </p>
   </div>
   <div class='ocr_carea' id='block_1_52' title="bbox 366 5159 1964 5235">
    <p class='ocr_par' dir='ltr' id='par_1_52' title="bbox 366 5159 1964 5235">
     <span class='ocr_line' id='line_1_52' title="bbox 366 5159 1964 5235; baseline -0.003 -19"><span class='ocrx_word' id='word_1_436' title='bbox 366 5179 486 5216; x_wconf 84' lang='lat' dir='ltr'><strong>rum</strong></span> <span class='ocrx_word' id='word_1_437' title='bbox 505 5180 718 5233; x_wconf 86' lang='lat' dir='ltr'><strong>corpora</strong></span> <span class='ocrx_word' id='word_1_438' title='bbox 748 5163 967 5233; x_wconf 76' lang='lat' dir='ltr'><strong>(Ephcs.</strong></span> <span class='ocrx_word' id='word_1_439' title='bbox 994 5164 1048 5219; x_wconf 83' lang='lat'><strong>5.</strong></span> <span class='ocrx_word' id='word_1_440' title='bbox 1079 5163 1194 5235; x_wconf 70' lang='lat'><strong>28),</strong></span> <span class='ocrx_word' id='word_1_441' title='bbox 1237 5163 1429 5217; x_wconf 86' lang='lat' dir='ltr'><strong>deinde</strong></span> <span class='ocrx_word' id='word_1_442' title='bbox 1470 5177 1678 5215; x_wconf 87' lang='lat' dir='ltr'><strong>rursum</strong></span> <span class='ocrx_word' id='word_1_443' title='bbox 1717 5160 1780 5213; x_wconf 83' lang='lat' dir='ltr'><strong>ad</strong></span> <span class='ocrx_word' id='word_1_444' title='bbox 1810 5159 1964 5213; x_wconf 72' lang='lat' dir='ltr'><strong>Chri-</strong></span> 
     </span>
    </p>
   </div>
   <div class='ocr_carea' id='block_1_53' title="bbox 366 5255 1963 5322">
    <p class='ocr_par' dir='ltr' id='par_1_53' title="bbox 366 5255 1963 5322">
     <span class='ocr_line' id='line_1_53' title="bbox 366 5255 1963 5322; baseline -0.003 -12"><span class='ocrx_word' id='word_1_445' title='bbox 366 5264 513 5310; x_wconf 85' lang='lat' dir='ltr'><strong>stum</strong></span> <span class='ocrx_word' id='word_1_446' title='bbox 546 5257 831 5310; x_wconf 87' lang='lat' dir='ltr'><strong>revertitur</strong></span> <span class='ocrx_word' id='word_1_447' title='bbox 861 5275 874 5311; x_wconf 90' lang='lat'><strong>:</strong></span> <span class='ocrx_word' id='word_1_448' title='bbox 905 5256 1155 5322; x_wconf 83' lang='lat' dir='ltr'><strong>Quoniam</strong></span> <span class='ocrx_word' id='word_1_449' title='bbox 1187 5255 1406 5307; x_wconf 84' lang='lat' dir='ltr'><strong>membra</strong></span> <span class='ocrx_word' id='word_1_450' title='bbox 1443 5270 1618 5307; x_wconf 86' lang='lat' dir='ltr'><strong>smnus</strong></span> <span class='ocrx_word' id='word_1_451' title='bbox 1656 5269 1717 5305; x_wconf 83' lang='lat' dir='ltr'><strong>ea:</strong></span> <span class='ocrx_word' id='word_1_452' title='bbox 1754 5268 1963 5321; x_wconf 84' lang='lat' dir='ltr'><strong>corpore</strong></span> 
     </span>
    </p>
   </div>
   <div class='ocr_carea' id='block_1_54' title="bbox 368 5344 1961 5418">
    <p class='ocr_par' dir='ltr' id='par_1_54' title="bbox 368 5344 1961 5418">
     <span class='ocr_line' id='line_1_54' title="bbox 368 5344 1961 5418; baseline -0.003 -16"><span class='ocrx_word' id='word_1_453' title='bbox 368 5349 505 5418; x_wconf 85' lang='lat' dir='ltr'><strong>ejus,</strong></span> <span class='ocrx_word' id='word_1_454' title='bbox 533 5358 579 5402; x_wconf 86' lang='lat' dir='ltr'><strong>et</strong></span> <span class='ocrx_word' id='word_1_455' title='bbox 601 5364 665 5401; x_wconf 81' lang='lat' dir='ltr'><strong>ca:</strong></span> <span class='ocrx_word' id='word_1_456' title='bbox 688 5365 839 5402; x_wconf 79' lang='lat' dir='ltr'><strong>carne</strong></span> <span class='ocrx_word' id='word_1_457' title='bbox 865 5349 994 5418; x_wconf 88' lang='lat' dir='ltr'><strong>ejus,</strong></span> <span class='ocrx_word' id='word_1_458' title='bbox 1018 5357 1065 5400; x_wconf 86' lang='lat' dir='ltr'><strong>et</strong></span> <span class='ocrx_word' id='word_1_459' title='bbox 1091 5364 1153 5401; x_wconf 69' lang='lat' dir='ltr'><strong>ex</strong></span> <span class='ocrx_word' id='word_1_460' title='bbox 1177 5348 1286 5418; x_wconf 87' lang='lat' dir='ltr'><strong>ejus</strong></span> <span class='ocrx_word' id='word_1_461' title='bbox 1307 5347 1502 5399; x_wconf 78' lang='lat' dir='ltr'><strong>ossibus</strong></span> <span class='ocrx_word' id='word_1_462' title='bbox 1533 5344 1637 5415; x_wconf 82' lang='lat' dir='ltr'><strong>(Ib.</strong></span> <span class='ocrx_word' id='word_1_463' title='bbox 1672 5360 1716 5397; x_wconf 85' lang='grc' dir='ltr'><strong>υ.</strong></span> <span class='ocrx_word' id='word_1_464' title='bbox 1742 5345 1855 5411; x_wconf 79' lang='grc'><strong>50);</strong></span> <span class='ocrx_word' id='word_1_465' title='bbox 1898 5359 1961 5398; x_wconf 86' lang='lat' dir='ltr'><strong>ac</strong></span> 
     </span>
    </p>
   </div>
   <div class='ocr_carea' id='block_1_55' title="bbox 368 5436 1961 5503">
    <p class='ocr_par' dir='ltr' id='par_1_55' title="bbox 368 5436 1961 5503">
     <span class='ocr_line' id='line_1_55' title="bbox 368 5436 1961 5503; baseline -0.004 -7"><span class='ocrx_word' id='word_1_466' title='bbox 368 5454 583 5496; x_wconf 79' lang='lat' dir='ltr'><strong>rursum</strong></span> <span class='ocrx_word' id='word_1_467' title='bbox 624 5440 689 5495; x_wconf 86' lang='lat' dir='ltr'><strong>ad</strong></span> <span class='ocrx_word' id='word_1_468' title='bbox 732 5441 991 5494; x_wconf 82' lang='lat' dir='ltr'><strong>lnttnauas</strong></span> <span class='ocrx_word' id='word_1_469' title='bbox 1022 5441 1255 5494; x_wconf 76' lang='lat' dir='ltr'><strong>rationes</strong></span> <span class='ocrx_word' id='word_1_470' title='bbox 1286 5439 1454 5498; x_wconf 80' lang='lat' dir='ltr'><strong>redit,</strong></span> <span class='ocrx_word' id='word_1_471' title='bbox 1491 5436 1764 5503; x_wconf 80' lang='lat' dir='ltr'><strong>PrOpterea</strong></span> <span class='ocrx_word' id='word_1_472' title='bbox 1806 5436 1961 5489; x_wconf 87' lang='lat' dir='ltr'><strong>relm-</strong></span> 
     </span>
    </p>
   </div>
   <div class='ocr_carea' id='block_1_56' title="bbox 368 5526 1960 5604">
    <p class='ocr_par' dir='ltr' id='par_1_56' title="bbox 368 5526 1960 5604">
     <span class='ocr_line' id='line_1_56' title="bbox 368 5526 1960 5604; baseline -0.004 -20"><span class='ocrx_word' id='word_1_473' title='bbox 368 5540 489 5599; x_wconf 76' lang='lat' dir='ltr'><strong>quet</strong></span> <span class='ocrx_word' id='word_1_474' title='bbox 521 5531 668 5585; x_wconf 91' lang='lat' dir='ltr'><strong>homo</strong></span> <span class='ocrx_word' id='word_1_475' title='bbox 693 5542 886 5604; x_wconf 81' lang='lat' dir='ltr'><strong>patrem</strong></span> <span class='ocrx_word' id='word_1_476' title='bbox 922 5546 1067 5584; x_wconf 74' lang='lat' dir='ltr'><strong>smmi</strong></span> <span class='ocrx_word' id='word_1_477' title='bbox 1107 5540 1152 5584; x_wconf 88' lang='lat' dir='ltr'><strong>et</strong></span> <span class='ocrx_word' id='word_1_478' title='bbox 1187 5540 1417 5595; x_wconf 85' lang='lat' dir='ltr'><strong>matrem,</strong></span> <span class='ocrx_word' id='word_1_479' title='bbox 1445 5538 1493 5581; x_wconf 89' lang='lat' dir='ltr'><strong>et</strong></span> <span class='ocrx_word' id='word_1_480' title='bbox 1517 5526 1788 5581; x_wconf 75' lang='lat' dir='ltr'><strong>aditwrebil</strong></span> <span class='ocrx_word' id='word_1_481' title='bbox 1817 5527 1960 5579; x_wconf 74' lang='lat' dir='ltr'><strong>uxori</strong></span> 
     </span>
    </p>
   </div>
   <div class='ocr_carea' id='block_1_57' title="bbox 370 5618 1956 5693">
    <p class='ocr_par' dir='ltr' id='par_1_57' title="bbox 370 5618 1956 5693">
     <span class='ocr_line' id='line_1_57' title="bbox 370 5618 1956 5693; baseline -0.005 -17"><span class='ocrx_word' id='word_1_482' title='bbox 370 5636 482 5677; x_wconf 76' lang='lat' dir='ltr'><strong>stuc</strong></span> <span class='ocrx_word' id='word_1_483' title='bbox 507 5619 615 5693; x_wconf 80' lang='lat' dir='ltr'><strong>(Ib.</strong></span> <span class='ocrx_word' id='word_1_484' title='bbox 640 5636 689 5675; x_wconf 81' lang='lat' dir='ltr'><strong>tt.</strong></span> <span class='ocrx_word' id='word_1_485' title='bbox 717 5622 834 5693; x_wconf 67' lang='lat'><strong>&#39;51);</strong></span> <span class='ocrx_word' id='word_1_486' title='bbox 865 5623 1104 5691; x_wconf 71' lang='lat' dir='ltr'><strong>lectaque</strong></span> <span class='ocrx_word' id='word_1_487' title='bbox 1132 5621 1230 5676; x_wconf 85' lang='lat' dir='ltr'><strong>hac</strong></span> <span class='ocrx_word' id='word_1_488' title='bbox 1256 5623 1369 5690; x_wconf 77' lang='lat' dir='ltr'><strong>lege</strong></span> <span class='ocrx_word' id='word_1_489' title='bbox 1397 5639 1407 5673; x_wconf 90' lang='lat'><strong>:</strong></span> <span class='ocrx_word' id='word_1_490' title='bbox 1436 5618 1751 5689; x_wconf 66' lang='lat' dir='ltr'><strong>.‘llysterium,</strong></span> <span class='ocrx_word' id='word_1_491' title='bbox 1773 5618 1956 5686; x_wconf 81' lang='lat' dir='ltr'><strong>inquit,</strong></span> 
     </span>
    </p>
   </div>
   <div class='ocr_carea' id='block_1_58' title="bbox 362 5713 1306 5793">
    <p class='ocr_par' dir='ltr' id='par_1_58' title="bbox 362 5713 1306 5793">
     <span class='ocr_line' id='line_1_58' title="bbox 362 5713 1306 5793; baseline 0.015 -28"><span class='ocrx_word' id='word_1_492' title='bbox 362 5713 460 5765; x_wconf 77' lang='lat' dir='ltr'><strong>hoc</strong></span> <span class='ocrx_word' id='word_1_493' title='bbox 494 5730 733 5787; x_wconf 84' lang='lat' dir='ltr'><strong>magnum</strong></span> <span class='ocrx_word' id='word_1_494' title='bbox 762 5727 835 5770; x_wconf 82' lang='lat' dir='ltr'><strong>est</strong></span> <span class='ocrx_word' id='word_1_495' title='bbox 871 5714 891 5785; x_wconf 86' lang='lat'>(</span> <span class='ocrx_word' id='word_1_496' title='bbox 915 5713 1057 5768; x_wconf 82' lang='lat' dir='ltr'><strong>Ibid.</strong></span> <span class='ocrx_word' id='word_1_497' title='bbox 1112 5735 1160 5776; x_wconf 72' lang='grc' dir='ltr'><strong>ιν.</strong></span> <span class='ocrx_word' id='word_1_498' title='bbox 1192 5722 1306 5793; x_wconf 76' lang='grc'><strong>52).</strong></span> 
     </span>
    </p>
   </div>
   <div class='ocr_carea' id='block_1_59' title="bbox 431 5821 1959 5898">
    <p class='ocr_par' dir='ltr' id='par_1_59' title="bbox 431 5821 1959 5898">
     <span class='ocr_line' id='line_1_59' title="bbox 431 5821 1959 5898; baseline 0.015 -31"><span class='ocrx_word' id='word_1_499' title='bbox 431 5821 503 5898; x_wconf 60' lang='grc' dir='ltr'>(ει)</span> <span class='ocrx_word' id='word_1_500' title='bbox 538 5830 785 5898; x_wconf 45' lang='lat' dir='ltr'><strong>racemum</strong></span> <span class='ocrx_word' id='word_1_501' title='bbox 812 5827 998 5875; x_wconf 81' lang='lat' dir='ltr'><strong>uncinis</strong></span> <span class='ocrx_word' id='word_1_502' title='bbox 1021 5826 1324 5885; x_wconf 68' lang='lat' dir='ltr'><strong>clauduntur,</strong></span> <span class='ocrx_word' id='word_1_503' title='bbox 1347 5843 1440 5879; x_wconf 84' lang='lat' dir='ltr'><strong>non</strong></span> <span class='ocrx_word' id='word_1_504' title='bbox 1465 5837 1577 5879; x_wconf 77' lang='lat' dir='ltr'><strong>sunt</strong></span> <span class='ocrx_word' id='word_1_505' title='bbox 1602 5833 1648 5880; x_wconf 91' lang='lat' dir='ltr'><strong>in</strong></span> <span class='ocrx_word' id='word_1_506' title='bbox 1672 5838 1959 5898; x_wconf 66' lang='lat' dir='ltr'><strong>Greeco,scd</strong></span> 
     </span>
    </p>
   </div>
   <div class='ocr_carea' id='block_1_60' title="bbox 362 5882 865 5949">
    <p class='ocr_par' dir='ltr' id='par_1_60' title="bbox 362 5882 865 5949">
     <span class='ocr_line' id='line_1_60' title="bbox 362 5882 865 5949; baseline -0.002 -13"><span class='ocrx_word' id='word_1_507' title='bbox 362 5885 434 5936; x_wconf 72' lang='grc' dir='ltr'>ιω</span> <span class='ocrx_word' id='word_1_508' title='bbox 457 5882 580 5947; x_wconf 80' lang='lat' dir='ltr'><strong>legit</strong></span> <span class='ocrx_word' id='word_1_509' title='bbox 603 5882 865 5949; x_wconf 79' lang='lat' dir='ltr'><strong>tntcrprcs.</strong></span> 
     </span>
    </p>
   </div>
   <div class='ocr_carea' id='block_1_61' title="bbox 1311 456 2631 528">
    <p class='ocr_par' dir='ltr' id='par_1_61' title="bbox 1311 456 2631 528">
     <span class='ocr_line' id='line_1_61' title="bbox 1311 456 2631 528; baseline 0.005 -14"><span class='ocrx_word' id='word_1_510' title='bbox 1311 458 1586 528; x_wconf 74' lang='lat' dir='ltr'><strong>QUALES</strong></span> <span class='ocrx_word' id='word_1_511' title='bbox 1626 456 1976 514; x_wconf 64' lang='lat' dir='ltr'><strong>DUCENDE</strong></span> <span class='ocrx_word' id='word_1_512' title='bbox 2016 458 2167 515; x_wconf 71' lang='lat' dir='ltr'><strong>SINT</strong></span> <span class='ocrx_word' id='word_1_513' title='bbox 2209 462 2500 523; x_wconf 81' lang='lat' dir='ltr'><strong>UXORES.</strong></span> <span class='ocrx_word' id='word_1_514' title='bbox 2545 468 2631 524; x_wconf 89' lang='grc' dir='ltr'><strong>ΙΙΙ.</strong></span> 
     </span>
    </p>
   </div>
   <div class='ocr_carea' id='block_1_62' title="bbox 3500 470 3632 543">
    <p class='ocr_par' dir='ltr' id='par_1_62' title="bbox 3500 470 3632 543">
     <span class='ocr_line' id='line_1_62' title="bbox 3500 470 3632 543; baseline 0.061 -21"><span class='ocrx_word' id='word_1_515' title='bbox 3500 536 3507 543; x_wconf 29' lang='grc' dir='ltr'>η</span> <span class='ocrx_word' id='word_1_516' title='bbox 3528 470 3632 529; x_wconf 73' lang='lat'><strong>250</strong></span> 
     </span>
    </p>
   </div>
   <div class='ocr_carea' id='block_1_63' title="bbox 2118 568 3634 656">
    <p class='ocr_par' dir='ltr' id='par_1_63' title="bbox 2118 568 3634 656">
     <span class='ocr_line' id='line_1_63' title="bbox 2118 568 3634 656; baseline 0.014 -35"><span class='ocrx_word' id='word_1_517' title='bbox 2118 568 2420 626; x_wconf 84' lang='lat' dir='ltr'><strong>Parentibus</strong></span> <span class='ocrx_word' id='word_1_518' title='bbox 2448 574 2767 643; x_wconf 70' lang='lat' dir='ltr'><strong>prie/&#39;ereuda</strong></span> <span class='ocrx_word' id='word_1_519' title='bbox 2794 590 2939 629; x_wconf 74' lang='lat' dir='ltr'><strong>uxor.</strong></span> <span class='ocrx_word' id='word_1_520' title='bbox 2969 607 3038 616; x_wconf 91' lang='lat'><strong>——</strong></span> <span class='ocrx_word' id='word_1_521' title='bbox 3066 577 3345 645; x_wconf 84' lang='lat' dir='ltr'><strong>Quomodo</strong></span> <span class='ocrx_word' id='word_1_522' title='bbox 3385 599 3634 656; x_wconf 79' lang='lat' dir='ltr'><strong>magnum</strong></span> 
     </span>
    </p>
   </div>
   <div class='ocr_carea' id='block_1_64' title="bbox 2043 660 3634 745">
    <p class='ocr_par' dir='ltr' id='par_1_64' title="bbox 2043 660 3634 745">
     <span class='ocr_line' id='line_1_64' title="bbox 2043 660 3634 745; baseline 0.012 -32"><span class='ocrx_word' id='word_1_523' title='bbox 2043 669 2152 726; x_wconf 87' lang='lat' dir='ltr'><strong>est,</strong></span> <span class='ocrx_word' id='word_1_524' title='bbox 2181 660 2268 715; x_wconf 89' lang='lat' dir='ltr'><strong>dic</strong></span> <span class='ocrx_word' id='word_1_525' title='bbox 2305 662 2435 717; x_wconf 90' lang='lat' dir='ltr'><strong>mihi</strong></span> <span class='ocrx_word' id='word_1_526' title='bbox 2461 664 2486 717; x_wconf 88' lang='lat'><strong>?</strong></span> <span class='ocrx_word' id='word_1_527' title='bbox 2523 664 2674 729; x_wconf 84' lang='lat' dir='ltr'><strong>Quod</strong></span> <span class='ocrx_word' id='word_1_528' title='bbox 2708 665 2852 735; x_wconf 83' lang='lat' dir='ltr'><strong>virgo</strong></span> <span class='ocrx_word' id='word_1_529' title='bbox 2878 680 3145 722; x_wconf 88' lang='lat' dir='ltr'><strong>asservata</strong></span> <span class='ocrx_word' id='word_1_530' title='bbox 3178 674 3322 726; x_wconf 79' lang='lat' dir='ltr'><strong>ornni</strong></span> <span class='ocrx_word' id='word_1_531' title='bbox 3354 685 3595 745; x_wconf 89' lang='lat' dir='ltr'><strong>tempore</strong></span> <span class='ocrx_word' id='word_1_532' title='bbox 3620 720 3634 743; x_wconf 93' lang='lat'><strong>,</strong></span> 
     </span>
    </p>
   </div>
   <div class='ocr_carea' id='block_1_65' title="bbox 2044 760 3637 834">
    <p class='ocr_par' dir='ltr' id='par_1_65' title="bbox 2044 760 3637 834">
     <span class='ocr_line' id='line_1_65' title="bbox 2044 760 3637 834; baseline 0.013 -28"><span class='ocrx_word' id='word_1_533' title='bbox 2044 767 2303 821; x_wconf 82' lang='lat' dir='ltr'><strong>sponsum</strong></span> <span class='ocrx_word' id='word_1_534' title='bbox 2348 771 2638 826; x_wconf 87' lang='lat' dir='ltr'><strong>numquam</strong></span> <span class='ocrx_word' id='word_1_535' title='bbox 2683 771 2807 813; x_wconf 87' lang='lat' dir='ltr'><strong>ante</strong></span> <span class='ocrx_word' id='word_1_536' title='bbox 2836 760 3004 814; x_wconf 89' lang='lat' dir='ltr'><strong>visum</strong></span> <span class='ocrx_word' id='word_1_537' title='bbox 3037 778 3159 816; x_wconf 84' lang='lat' dir='ltr'><strong>mox</strong></span> <span class='ocrx_word' id='word_1_538' title='bbox 3189 781 3217 817; x_wconf 91' lang='lat' dir='ltr'><strong>a</strong></span> <span class='ocrx_word' id='word_1_539' title='bbox 3247 766 3412 834; x_wconf 89' lang='lat' dir='ltr'><strong>prima</strong></span> <span class='ocrx_word' id='word_1_540' title='bbox 3443 769 3532 825; x_wconf 89' lang='lat' dir='ltr'><strong>die</strong></span> <span class='ocrx_word' id='word_1_541' title='bbox 3558 771 3637 827; x_wconf 91' lang='lat' dir='ltr'><strong>sic</strong></span> 
     </span>
    </p>
   </div>
   <div class='ocr_carea' id='block_1_66' title="bbox 2044 843 3635 924">
    <p class='ocr_par' dir='ltr' id='par_1_66' title="bbox 2044 843 3635 924">
     <span class='ocr_line' id='line_1_66' title="bbox 2044 843 3635 924; baseline 0.012 -28"><span class='ocrx_word' id='word_1_542' title='bbox 2044 843 2346 911; x_wconf 82' lang='lat' dir='ltr'><strong>desiderat,</strong></span> <span class='ocrx_word' id='word_1_543' title='bbox 2371 855 2426 901; x_wconf 90' lang='lat' dir='ltr'><strong>et</strong></span> <span class='ocrx_word' id='word_1_544' title='bbox 2453 859 2596 902; x_wconf 89' lang='lat' dir='ltr'><strong>amat</strong></span> <span class='ocrx_word' id='word_1_545' title='bbox 2625 858 2893 920; x_wconf 87' lang='lat' dir='ltr'><strong>tamquam</strong></span> <span class='ocrx_word' id='word_1_546' title='bbox 2926 867 3120 922; x_wconf 86' lang='lat' dir='ltr'><strong>corpus</strong></span> <span class='ocrx_word' id='word_1_547' title='bbox 3163 856 3434 924; x_wconf 88' lang='lat' dir='ltr'><strong>proprium</strong></span> <span class='ocrx_word' id='word_1_548' title='bbox 3467 878 3480 913; x_wconf 89' lang='lat'><strong>:</strong></span> <span class='ocrx_word' id='word_1_549' title='bbox 3512 877 3635 914; x_wconf 88' lang='lat' dir='ltr'><strong>rur-</strong></span> 
     </span>
    </p>
   </div>
   <div class='ocr_carea' id='block_1_67' title="bbox 2049 936 3638 1022">
    <p class='ocr_par' dir='ltr' id='par_1_67' title="bbox 2049 936 3638 1022">
     <span class='ocr_line' id='line_1_67' title="bbox 2049 936 3638 1022; baseline 0.013 -36"><span class='ocrx_word' id='word_1_550' title='bbox 2049 951 2164 988; x_wconf 86' lang='lat' dir='ltr'><strong>sum</strong></span> <span class='ocrx_word' id='word_1_551' title='bbox 2198 936 2279 990; x_wconf 90' lang='lat' dir='ltr'><strong>vir</strong></span> <span class='ocrx_word' id='word_1_552' title='bbox 2300 953 2457 1007; x_wconf 89' lang='lat' dir='ltr'><strong>quam</strong></span> <span class='ocrx_word' id='word_1_553' title='bbox 2483 955 2769 1010; x_wconf 90' lang='lat' dir='ltr'><strong>numquam</strong></span> <span class='ocrx_word' id='word_1_554' title='bbox 2801 943 2961 1010; x_wconf 90' lang='lat' dir='ltr'><strong>vidit,</strong></span> <span class='ocrx_word' id='word_1_555' title='bbox 2998 960 3286 1017; x_wconf 88' lang='lat' dir='ltr'><strong>numquam</strong></span> <span class='ocrx_word' id='word_1_556' title='bbox 3331 951 3638 1022; x_wconf 89' lang='lat' dir='ltr'><strong>alloqnntns</strong></span> 
     </span>
    </p>
   </div>
   <div class='ocr_carea' id='block_1_68' title="bbox 2045 1031 3638 1108">
    <p class='ocr_par' dir='ltr' id='par_1_68' title="bbox 2045 1031 3638 1108">
     <span class='ocr_line' id='line_1_68' title="bbox 2045 1031 3638 1108; baseline 0.012 -28"><span class='ocrx_word' id='word_1_557' title='bbox 2045 1036 2160 1091; x_wconf 88' lang='lat' dir='ltr'><strong>est,</strong></span> <span class='ocrx_word' id='word_1_558' title='bbox 2210 1044 2331 1082; x_wconf 85' lang='lat' dir='ltr'><strong>mox</strong></span> <span class='ocrx_word' id='word_1_559' title='bbox 2374 1045 2401 1083; x_wconf 88' lang='lat' dir='ltr'><strong>a</strong></span> <span class='ocrx_word' id='word_1_560' title='bbox 2445 1031 2614 1100; x_wconf 88' lang='lat' dir='ltr'><strong>prima</strong></span> <span class='ocrx_word' id='word_1_561' title='bbox 2657 1032 2745 1088; x_wconf 90' lang='lat' dir='ltr'><strong>die</strong></span> <span class='ocrx_word' id='word_1_562' title='bbox 2777 1033 2989 1103; x_wconf 60' lang='lat' dir='ltr'><strong>praefert</strong></span> <span class='ocrx_word' id='word_1_563' title='bbox 3016 1039 3226 1093; x_wconf 70' lang='lat' dir='ltr'><strong>caneris</strong></span> <span class='ocrx_word' id='word_1_564' title='bbox 3251 1043 3535 1108; x_wconf 89' lang='lat' dir='ltr'><strong>onmibus,</strong></span> <span class='ocrx_word' id='word_1_565' title='bbox 3583 1057 3638 1099; x_wconf 91' lang='lat' dir='ltr'><strong>et</strong></span> 
     </span>
    </p>
   </div>
   <div class='ocr_carea' id='block_1_69' title="bbox 2045 1118 3635 1199">
    <p class='ocr_par' dir='ltr' id='par_1_69' title="bbox 2045 1118 3635 1199">
     <span class='ocr_line' id='line_1_69' title="bbox 2045 1118 3635 1199; baseline 0.011 -29"><span class='ocrx_word' id='word_1_566' title='bbox 2045 1118 2231 1172; x_wconf 79' lang='lat' dir='ltr'><strong>amicis</strong></span> <span class='ocrx_word' id='word_1_567' title='bbox 2257 1131 2310 1174; x_wconf 91' lang='lat' dir='ltr'><strong>et</strong></span> <span class='ocrx_word' id='word_1_568' title='bbox 2342 1121 2688 1177; x_wconf 87' lang='lat' dir='ltr'><strong>familiaribus</strong></span> <span class='ocrx_word' id='word_1_569' title='bbox 2710 1165 2723 1189; x_wconf 92' lang='lat'><strong>,</strong></span> <span class='ocrx_word' id='word_1_570' title='bbox 2757 1125 2987 1196; x_wconf 90' lang='lat' dir='ltr'><strong>denique</strong></span> <span class='ocrx_word' id='word_1_571' title='bbox 3018 1128 3147 1197; x_wconf 87' lang='lat' dir='ltr'><strong>ipsis</strong></span> <span class='ocrx_word' id='word_1_572' title='bbox 3174 1132 3499 1199; x_wconf 89' lang='lat' dir='ltr'><strong>parentibus.</strong></span> <span class='ocrx_word' id='word_1_573' title='bbox 3532 1134 3635 1187; x_wconf 83' lang='lat' dir='ltr'><strong>Pa-</strong></span> 
     </span>
    </p>
   </div>
   <div class='ocr_carea' id='block_1_70' title="bbox 2047 1211 3635 1293">
    <p class='ocr_par' dir='ltr' id='par_1_70' title="bbox 2047 1211 3635 1293">
     <span class='ocr_line' id='line_1_70' title="bbox 2047 1211 3635 1293; baseline 0.013 -32"><span class='ocrx_word' id='word_1_574' title='bbox 2047 1220 2227 1265; x_wconf 88' lang='lat' dir='ltr'><strong>rentes</strong></span> <span class='ocrx_word' id='word_1_575' title='bbox 2256 1211 2416 1278; x_wconf 91' lang='lat' dir='ltr'><strong>item,</strong></span> <span class='ocrx_word' id='word_1_576' title='bbox 2448 1214 2492 1267; x_wconf 87' lang='lat' dir='ltr'><strong>si</strong></span> <span class='ocrx_word' id='word_1_577' title='bbox 2519 1229 2615 1283; x_wconf 89' lang='lat' dir='ltr'><strong>per</strong></span> <span class='ocrx_word' id='word_1_578' title='bbox 2644 1216 2799 1269; x_wconf 90' lang='lat' dir='ltr'><strong>aliam</strong></span> <span class='ocrx_word' id='word_1_579' title='bbox 2831 1232 3046 1273; x_wconf 86' lang='lat' dir='ltr'><strong>causam</strong></span> <span class='ocrx_word' id='word_1_580' title='bbox 3073 1220 3342 1278; x_wconf 79' lang='lat' dir='ltr'><strong>auferatur</strong></span> <span class='ocrx_word' id='word_1_581' title='bbox 3362 1226 3443 1279; x_wconf 87' lang='lat' dir='ltr'><strong>eis</strong></span> <span class='ocrx_word' id='word_1_582' title='bbox 3471 1240 3635 1293; x_wconf 68' lang='lat' dir='ltr'><strong>petu-</strong></span> 
     </span>
    </p>
   </div>
   <div class='ocr_carea' id='block_1_71' title="bbox 2048 1301 3634 1387">
    <p class='ocr_par' dir='ltr' id='par_1_71' title="bbox 2048 1301 3634 1387">
     <span class='ocr_line' id='line_1_71' title="bbox 2048 1301 3634 1387; baseline 0.012 -34"><span class='ocrx_word' id='word_1_583' title='bbox 2048 1301 2163 1366; x_wconf 88' lang='lat' dir='ltr'><strong>nia,</strong></span> <span class='ocrx_word' id='word_1_584' title='bbox 2192 1301 2437 1358; x_wconf 87' lang='lat' dir='ltr'><strong>dolenter</strong></span> <span class='ocrx_word' id='word_1_585' title='bbox 2467 1305 2643 1361; x_wconf 87' lang='lat' dir='ltr'><strong>ferttnt</strong></span> <span class='ocrx_word' id='word_1_586' title='bbox 2666 1349 2680 1373; x_wconf 92' lang='lat'><strong>,</strong></span> <span class='ocrx_word' id='word_1_587' title='bbox 2729 1318 2784 1363; x_wconf 89' lang='lat' dir='ltr'><strong>et</strong></span> <span class='ocrx_word' id='word_1_588' title='bbox 2812 1310 2863 1363; x_wconf 91' lang='lat' dir='ltr'><strong>in</strong></span> <span class='ocrx_word' id='word_1_589' title='bbox 2883 1310 2972 1380; x_wconf 90' lang='lat' dir='ltr'><strong>jus</strong></span> <span class='ocrx_word' id='word_1_590' title='bbox 3003 1312 3217 1367; x_wconf 86' lang='lat' dir='ltr'><strong>trahunt</strong></span> <span class='ocrx_word' id='word_1_591' title='bbox 3243 1332 3365 1369; x_wconf 87' lang='lat' dir='ltr'><strong>eutn</strong></span> <span class='ocrx_word' id='word_1_592' title='bbox 3392 1318 3480 1387; x_wconf 90' lang='lat' dir='ltr'><strong>qui</strong></span> <span class='ocrx_word' id='word_1_593' title='bbox 3508 1318 3634 1373; x_wconf 88' lang='lat' dir='ltr'><strong>abs-</strong></span> 
     </span>
    </p>
   </div>
   <div class='ocr_carea' id='block_1_72' title="bbox 2050 1393 3637 1473">
    <p class='ocr_par' dir='ltr' id='par_1_72' title="bbox 2050 1393 3637 1473">
     <span class='ocr_line' id='line_1_72' title="bbox 2050 1393 3637 1473; baseline 0.011 -28"><span class='ocrx_word' id='word_1_594' title='bbox 2050 1393 2166 1446; x_wconf 89' lang='lat' dir='ltr'><strong>tulit</strong></span> <span class='ocrx_word' id='word_1_595' title='bbox 2199 1412 2212 1449; x_wconf 89' lang='lat'><strong>:</strong></span> <span class='ocrx_word' id='word_1_596' title='bbox 2245 1393 2443 1449; x_wconf 89' lang='lat' dir='ltr'><strong>homini</strong></span> <span class='ocrx_word' id='word_1_597' title='bbox 2485 1406 2663 1453; x_wconf 90' lang='lat' dir='ltr'><strong>autem</strong></span> <span class='ocrx_word' id='word_1_598' title='bbox 2716 1415 2861 1470; x_wconf 69' lang='lat' dir='ltr'><strong>smpe</strong></span> <span class='ocrx_word' id='word_1_599' title='bbox 2916 1419 3201 1473; x_wconf 89' lang='lat' dir='ltr'><strong>numquam</strong></span> <span class='ocrx_word' id='word_1_600' title='bbox 3255 1417 3379 1462; x_wconf 87' lang='lat' dir='ltr'><strong>ante</strong></span> <span class='ocrx_word' id='word_1_601' title='bbox 3430 1409 3543 1464; x_wconf 88' lang='lat' dir='ltr'><strong>viso</strong></span> <span class='ocrx_word' id='word_1_602' title='bbox 3584 1420 3637 1464; x_wconf 92' lang='lat' dir='ltr'><strong>et</strong></span> 
     </span>
    </p>
   </div>
   <div class='ocr_carea' id='block_1_73' title="bbox 2048 1484 3635 1554">
    <p class='ocr_par' dir='ltr' id='par_1_73' title="bbox 2048 1484 3635 1554">
     <span class='ocr_line' id='line_1_73' title="bbox 2048 1484 3635 1554; baseline 0.012 -18"><span class='ocrx_word' id='word_1_603' title='bbox 2048 1484 2228 1553; x_wconf 85' lang='lat' dir='ltr'><strong>ignoto</strong></span> <span class='ocrx_word' id='word_1_604' title='bbox 2253 1486 2415 1541; x_wconf 86' lang='lat' dir='ltr'><strong>etiam</strong></span> <span class='ocrx_word' id='word_1_605' title='bbox 2444 1487 2624 1543; x_wconf 90' lang='lat' dir='ltr'><strong>dotem</strong></span> <span class='ocrx_word' id='word_1_606' title='bbox 2672 1505 2772 1544; x_wconf 87' lang='lat' dir='ltr'><strong>una</strong></span> <span class='ocrx_word' id='word_1_607' title='bbox 2804 1506 2924 1545; x_wconf 90' lang='lat' dir='ltr'><strong>cum</strong></span> <span class='ocrx_word' id='word_1_608' title='bbox 2959 1493 3062 1547; x_wconf 89' lang='lat' dir='ltr'><strong>ﬁlia</strong></span> <span class='ocrx_word' id='word_1_609' title='bbox 3092 1495 3410 1552; x_wconf 85' lang='lat' dir='ltr'><strong>luculentam</strong></span> <span class='ocrx_word' id='word_1_610' title='bbox 3441 1499 3494 1554; x_wconf 91' lang='lat' dir='ltr'><strong>in</strong></span> <span class='ocrx_word' id='word_1_611' title='bbox 3521 1516 3635 1554; x_wconf 87' lang='lat' dir='ltr'><strong>ma-</strong></span> 
     </span>
    </p>
   </div>
   <div class='ocr_carea' id='block_1_74' title="bbox 2049 1577 3640 1656">
    <p class='ocr_par' dir='ltr' id='par_1_74' title="bbox 2049 1577 3640 1656">
     <span class='ocr_line' id='line_1_74' title="bbox 2049 1577 3640 1656; baseline 0.009 -26"><span class='ocrx_word' id='word_1_612' title='bbox 2049 1592 2149 1631; x_wconf 89' lang='lat' dir='ltr'><strong>nus</strong></span> <span class='ocrx_word' id='word_1_613' title='bbox 2174 1577 2323 1632; x_wconf 86' lang='lat' dir='ltr'><strong>dant.</strong></span> <span class='ocrx_word' id='word_1_614' title='bbox 2375 1578 2538 1650; x_wconf 90' lang='lat' dir='ltr'><strong>quue</strong></span> <span class='ocrx_word' id='word_1_615' title='bbox 2584 1581 2809 1638; x_wconf 88' lang='lat' dir='ltr'><strong>libenter</strong></span> <span class='ocrx_word' id='word_1_616' title='bbox 2853 1583 3078 1650; x_wconf 90' lang='lat' dir='ltr'><strong>faciunt,</strong></span> <span class='ocrx_word' id='word_1_617' title='bbox 3121 1602 3294 1656; x_wconf 89' lang='lat' dir='ltr'><strong>neque</strong></span> <span class='ocrx_word' id='word_1_618' title='bbox 3339 1603 3398 1643; x_wconf 87' lang='lat' dir='ltr'><strong>se</strong></span> <span class='ocrx_word' id='word_1_619' title='bbox 3441 1589 3640 1646; x_wconf 86' lang='lat' dir='ltr'><strong>damno</strong></span> 
     </span>
    </p>
   </div>
   <div class='ocr_carea' id='block_1_75' title="bbox 2046 1668 3638 1739">
    <p class='ocr_par' dir='ltr' id='par_1_75' title="bbox 2046 1668 3638 1739">
     <span class='ocr_line' id='line_1_75' title="bbox 2046 1668 3638 1739; baseline 0.011 -18"><span class='ocrx_word' id='word_1_620' title='bbox 2046 1668 2187 1722; x_wconf 88' lang='lat' dir='ltr'><strong>afﬁci</strong></span> <span class='ocrx_word' id='word_1_621' title='bbox 2216 1670 2555 1738; x_wconf 86' lang='lat' dir='ltr'><strong>existimant;</strong></span> <span class='ocrx_word' id='word_1_622' title='bbox 2587 1673 2681 1727; x_wconf 89' lang='lat' dir='ltr'><strong>sed</strong></span> <span class='ocrx_word' id='word_1_623' title='bbox 2715 1675 2954 1731; x_wconf 82' lang='lat' dir='ltr'><strong>videntes</strong></span> <span class='ocrx_word' id='word_1_624' title='bbox 2983 1677 3175 1733; x_wconf 83' lang='lat' dir='ltr'><strong>abduci</strong></span> <span class='ocrx_word' id='word_1_625' title='bbox 3198 1678 3363 1734; x_wconf 90' lang='lat' dir='ltr'><strong>ﬁliam</strong></span> <span class='ocrx_word' id='word_1_626' title='bbox 3387 1697 3493 1736; x_wconf 90' lang='lat' dir='ltr'><strong>non</strong></span> <span class='ocrx_word' id='word_1_627' title='bbox 3524 1699 3638 1739; x_wconf 78' lang='lat' dir='ltr'><strong>me-</strong></span> 
     </span>
    </p>
   </div>
   <div class='ocr_carea' id='block_1_76' title="bbox 2052 1761 3638 1844">
    <p class='ocr_par' dir='ltr' id='par_1_76' title="bbox 2052 1761 3638 1844">
     <span class='ocr_line' id='line_1_76' title="bbox 2052 1761 3638 1844; baseline 0.011 -31"><span class='ocrx_word' id='word_1_628' title='bbox 2052 1761 2324 1816; x_wconf 89' lang='lat' dir='ltr'><strong>minerunt</strong></span> <span class='ocrx_word' id='word_1_629' title='bbox 2362 1766 2797 1833; x_wconf 88' lang='lat' dir='ltr'><strong>consuetudinis,</strong></span> <span class='ocrx_word' id='word_1_630' title='bbox 2830 1784 2935 1823; x_wconf 92' lang='lat' dir='ltr'><strong>non</strong></span> <span class='ocrx_word' id='word_1_631' title='bbox 2958 1769 3170 1836; x_wconf 89' lang='lat' dir='ltr'><strong>dolent,</strong></span> <span class='ocrx_word' id='word_1_632' title='bbox 3203 1786 3308 1825; x_wconf 89' lang='lat' dir='ltr'><strong>non</strong></span> <span class='ocrx_word' id='word_1_633' title='bbox 3340 1784 3638 1844; x_wconf 71' lang='lat' dir='ltr'><strong>anguntur,</strong></span> 
     </span>
    </p>
   </div>
   <div class='ocr_carea' id='block_1_77' title="bbox 2050 1854 3644 1937">
    <p class='ocr_par' dir='ltr' id='par_1_77' title="bbox 2050 1854 3644 1937">
     <span class='ocr_line' id='line_1_77' title="bbox 2050 1854 3644 1937; baseline 0.008 -28"><span class='ocrx_word' id='word_1_634' title='bbox 2050 1854 2142 1909; x_wconf 90' lang='lat' dir='ltr'><strong>sed</strong></span> <span class='ocrx_word' id='word_1_635' title='bbox 2188 1857 2385 1925; x_wconf 86' lang='lat' dir='ltr'><strong>gratias</strong></span> <span class='ocrx_word' id='word_1_636' title='bbox 2413 1869 2573 1927; x_wconf 87' lang='lat' dir='ltr'><strong>agunt</strong></span> <span class='ocrx_word' id='word_1_637' title='bbox 2603 1860 2821 1929; x_wconf 85' lang='lat' dir='ltr'><strong>insuper</strong></span> <span class='ocrx_word' id='word_1_638' title='bbox 2844 1903 2857 1927; x_wconf 92' lang='lat'><strong>,</strong></span> <span class='ocrx_word' id='word_1_639' title='bbox 2891 1872 2946 1916; x_wconf 88' lang='lat' dir='ltr'><strong>et</strong></span> <span class='ocrx_word' id='word_1_640' title='bbox 2974 1878 3086 1917; x_wconf 89' lang='lat' dir='ltr'><strong>rem</strong></span> <span class='ocrx_word' id='word_1_641' title='bbox 3136 1865 3423 1933; x_wconf 89' lang='lat' dir='ltr'><strong>optabilem</strong></span> <span class='ocrx_word' id='word_1_642' title='bbox 3455 1876 3644 1937; x_wconf 90' lang='lat' dir='ltr'><strong>putant</strong></span> 
     </span>
    </p>
   </div>
   <div class='ocr_carea' id='block_1_78' title="bbox 2052 1946 3646 2030">
    <p class='ocr_par' dir='ltr' id='par_1_78' title="bbox 2052 1946 3646 2030">
     <span class='ocr_line' id='line_1_78' title="bbox 2052 1946 3646 2030; baseline 0.009 -31"><span class='ocrx_word' id='word_1_643' title='bbox 2052 1946 2213 2001; x_wconf 90' lang='lat' dir='ltr'><strong>ﬁliam</strong></span> <span class='ocrx_word' id='word_1_644' title='bbox 2240 1964 2271 2003; x_wconf 90' lang='lat' dir='ltr'><strong>e</strong></span> <span class='ocrx_word' id='word_1_645' title='bbox 2301 1949 2461 2003; x_wconf 91' lang='lat' dir='ltr'><strong>domo</strong></span> <span class='ocrx_word' id='word_1_646' title='bbox 2481 1965 2601 2004; x_wconf 87' lang='lat' dir='ltr'><strong>eum</strong></span> <span class='ocrx_word' id='word_1_647' title='bbox 2632 1953 2796 2006; x_wconf 89' lang='lat' dir='ltr'><strong>multa</strong></span> <span class='ocrx_word' id='word_1_648' title='bbox 2827 1954 3017 2009; x_wconf 86' lang='lat' dir='ltr'><strong>abduci</strong></span> <span class='ocrx_word' id='word_1_649' title='bbox 3052 1957 3293 2024; x_wconf 89' lang='lat' dir='ltr'><strong>pecunia.</strong></span> <span class='ocrx_word' id='word_1_650' title='bbox 3336 1959 3460 2013; x_wconf 66' lang='grc' dir='ltr'><strong>ΙΙωο</strong></span> <span class='ocrx_word' id='word_1_651' title='bbox 3488 1961 3646 2030; x_wconf 87' lang='lat' dir='ltr'><strong>igitur</strong></span> 
     </span>
    </p>
   </div>
   <div class='ocr_carea' id='block_1_79' title="bbox 2051 2040 3645 2116">
    <p class='ocr_par' dir='ltr' id='par_1_79' title="bbox 2051 2040 3645 2116">
     <span class='ocr_line' id='line_1_79' title="bbox 2051 2040 3645 2116; baseline 0.008 -24"><span class='ocrx_word' id='word_1_652' title='bbox 2051 2040 2227 2092; x_wconf 91' lang='lat' dir='ltr'><strong>onmia</strong></span> <span class='ocrx_word' id='word_1_653' title='bbox 2278 2041 2472 2095; x_wconf 79' lang='lat' dir='ltr'><strong>Paulus</strong></span> <span class='ocrx_word' id='word_1_654' title='bbox 2512 2043 2888 2112; x_wconf 74' lang='lat' dir='ltr'><strong>considerans,</strong></span> <span class='ocrx_word' id='word_1_655' title='bbox 2935 2046 3076 2114; x_wconf 86' lang='lat' dir='ltr'><strong>quod</strong></span> <span class='ocrx_word' id='word_1_656' title='bbox 3110 2049 3416 2116; x_wconf 90' lang='lat' dir='ltr'><strong>parentibus</strong></span> <span class='ocrx_word' id='word_1_657' title='bbox 3445 2053 3645 2106; x_wconf 85' lang='lat' dir='ltr'><strong>relictis</strong></span> 
     </span>
    </p>
   </div>
   <div class='ocr_carea' id='block_1_80' title="bbox 2050 2131 3643 2210">
    <p class='ocr_par' dir='ltr' id='par_1_80' title="bbox 2050 2131 3643 2210">
     <span class='ocr_line' id='line_1_80' title="bbox 2050 2131 3643 2210; baseline 0.009 -29"><span class='ocrx_word' id='word_1_658' title='bbox 2050 2131 2209 2182; x_wconf 87' lang='lat' dir='ltr'><strong>ambo</strong></span> <span class='ocrx_word' id='word_1_659' title='bbox 2234 2131 2332 2183; x_wconf 88' lang='lat' dir='ltr'><strong>sibi</strong></span> <span class='ocrx_word' id='word_1_660' title='bbox 2366 2133 2563 2185; x_wconf 88' lang='lat' dir='ltr'><strong>rnntnis</strong></span> <span class='ocrx_word' id='word_1_661' title='bbox 2587 2133 2879 2203; x_wconf 77' lang='lat' dir='ltr'><strong>jnngaptur</strong></span> <span class='ocrx_word' id='word_1_662' title='bbox 2899 2136 3149 2201; x_wconf 78' lang='lat' dir='ltr'><strong>nexibus,</strong></span> <span class='ocrx_word' id='word_1_663' title='bbox 3178 2153 3478 2210; x_wconf 90' lang='lat' dir='ltr'><strong>novumque</strong></span> <span class='ocrx_word' id='word_1_664' title='bbox 3510 2156 3643 2195; x_wconf 88' lang='lat' dir='ltr'><strong>con-</strong></span> 
     </span>
    </p>
   </div>
   <div class='ocr_carea' id='block_1_81' title="bbox 2052 2221 3642 2302">
    <p class='ocr_par' dir='ltr' id='par_1_81' title="bbox 2052 2221 3642 2302">
     <span class='ocr_line' id='line_1_81' title="bbox 2052 2221 3642 2302; baseline 0.009 -29"><span class='ocrx_word' id='word_1_665' title='bbox 2052 2221 2275 2275; x_wconf 90' lang='lat' dir='ltr'><strong>sortium</strong></span> <span class='ocrx_word' id='word_1_666' title='bbox 2308 2223 2563 2292; x_wconf 90' lang='lat' dir='ltr'><strong>majorem</strong></span> <span class='ocrx_word' id='word_1_667' title='bbox 2587 2227 2806 2295; x_wconf 90' lang='lat' dir='ltr'><strong>antiqua</strong></span> <span class='ocrx_word' id='word_1_668' title='bbox 2828 2229 3217 2284; x_wconf 88' lang='lat' dir='ltr'><strong>consuetudine</strong></span> <span class='ocrx_word' id='word_1_669' title='bbox 3247 2231 3352 2284; x_wconf 88' lang='lat' dir='ltr'><strong>vim</strong></span> <span class='ocrx_word' id='word_1_670' title='bbox 3376 2233 3603 2302; x_wconf 90' lang='lat' dir='ltr'><strong>accipiat</strong></span> <span class='ocrx_word' id='word_1_671' title='bbox 3629 2254 3642 2287; x_wconf 92' lang='lat'><strong>:</strong></span> 
     </span>
    </p>
   </div>
   <div class='ocr_carea' id='block_1_82' title="bbox 2052 2313 3639 2394">
    <p class='ocr_par' dir='ltr' id='par_1_82' title="bbox 2052 2313 3639 2394">
     <span class='ocr_line' id='line_1_82' title="bbox 2052 2313 3639 2394; baseline 0.009 -29"><span class='ocrx_word' id='word_1_672' title='bbox 2052 2313 2596 2385; x_wconf 85' lang='lat' dir='ltr'><strong>animadvertensque</strong></span> <span class='ocrx_word' id='word_1_673' title='bbox 2624 2334 2729 2370; x_wconf 91' lang='lat' dir='ltr'><strong>non</strong></span> <span class='ocrx_word' id='word_1_674' title='bbox 2754 2334 2874 2372; x_wconf 83' lang='lat' dir='ltr'><strong>esse</strong></span> <span class='ocrx_word' id='word_1_675' title='bbox 2903 2318 3004 2374; x_wconf 92' lang='lat' dir='ltr'><strong>hoc</strong></span> <span class='ocrx_word' id='word_1_676' title='bbox 3027 2320 3315 2375; x_wconf 88' lang='lat' dir='ltr'><strong>humanum</strong></span> <span class='ocrx_word' id='word_1_677' title='bbox 3347 2325 3639 2394; x_wconf 85' lang='lat' dir='ltr'><strong>negotium.</strong></span> 
     </span>
    </p>
   </div>
   <div class='ocr_carea' id='block_1_83' title="bbox 2050 2406 3646 2486">
    <p class='ocr_par' dir='ltr' id='par_1_83' title="bbox 2050 2406 3646 2486">
     <span class='ocr_line' id='line_1_83' title="bbox 2050 2406 3646 2486; baseline 0.009 -28"><span class='ocrx_word' id='word_1_678' title='bbox 2050 2406 2145 2460; x_wconf 87' lang='lat' dir='ltr'><strong>sed</strong></span> <span class='ocrx_word' id='word_1_679' title='bbox 2190 2406 2446 2461; x_wconf 91' lang='lat' dir='ltr'><strong>divinitus</strong></span> <span class='ocrx_word' id='word_1_680' title='bbox 2490 2424 2703 2462; x_wconf 63' lang='lat' dir='ltr'><strong>artiores</strong></span> <span class='ocrx_word' id='word_1_681' title='bbox 2749 2410 2881 2464; x_wconf 89' lang='lat' dir='ltr'><strong>tales</strong></span> <span class='ocrx_word' id='word_1_682' title='bbox 2934 2412 3130 2477; x_wconf 86' lang='lat' dir='ltr'><strong>inseri,</strong></span> <span class='ocrx_word' id='word_1_683' title='bbox 3166 2424 3222 2469; x_wconf 90' lang='lat' dir='ltr'><strong>nt</strong></span> <span class='ocrx_word' id='word_1_684' title='bbox 3247 2426 3424 2485; x_wconf 78' lang='lat' dir='ltr'><strong>nupta:</strong></span> <span class='ocrx_word' id='word_1_685' title='bbox 3456 2419 3565 2486; x_wconf 89' lang='lat' dir='ltr'><strong>pari</strong></span> <span class='ocrx_word' id='word_1_686' title='bbox 3592 2431 3646 2474; x_wconf 86' lang='lat' dir='ltr'><strong>et</strong></span> 
     </span>
    </p>
   </div>
   <div class='ocr_carea' id='block_1_84' title="bbox 2053 2496 3649 2567">
    <p class='ocr_par' dir='ltr' id='par_1_84' title="bbox 2053 2496 3649 2567">
     <span class='ocr_line' id='line_1_84' title="bbox 2053 2496 3649 2567; baseline 0.008 -18"><span class='ocrx_word' id='word_1_687' title='bbox 2053 2496 2373 2551; x_wconf 86' lang='lat' dir='ltr'><strong>tradentium</strong></span> <span class='ocrx_word' id='word_1_688' title='bbox 2403 2507 2457 2552; x_wconf 93' lang='lat' dir='ltr'><strong>ct</strong></span> <span class='ocrx_word' id='word_1_689' title='bbox 2499 2500 2871 2567; x_wconf 88' lang='lat' dir='ltr'><strong>accipientium</strong></span> <span class='ocrx_word' id='word_1_690' title='bbox 2905 2518 3023 2558; x_wconf 89' lang='lat' dir='ltr'><strong>cum</strong></span> <span class='ocrx_word' id='word_1_691' title='bbox 3058 2503 3236 2558; x_wconf 67' lang='lat' dir='ltr'><strong>laetitia</strong></span> <span class='ocrx_word' id='word_1_692' title='bbox 3267 2505 3545 2566; x_wconf 84' lang='lat' dir='ltr'><strong>eloccntur</strong></span> <span class='ocrx_word' id='word_1_693' title='bbox 3567 2518 3649 2563; x_wconf 85' lang='lat' dir='ltr'><strong>at-</strong></span> 
     </span>
    </p>
   </div>
   <div class='ocr_carea' id='block_1_85' title="bbox 2050 2590 3646 2669">
    <p class='ocr_par' dir='ltr' id='par_1_85' title="bbox 2050 2590 3646 2669">
     <span class='ocr_line' id='line_1_85' title="bbox 2050 2590 3646 2669; baseline 0.01 -31"><span class='ocrx_word' id='word_1_694' title='bbox 2050 2602 2155 2656; x_wconf 88' lang='lat' dir='ltr'><strong>que</strong></span> <span class='ocrx_word' id='word_1_695' title='bbox 2204 2597 2583 2653; x_wconf 84' lang='lat' dir='ltr'><strong>assumantur,</strong></span> <span class='ocrx_word' id='word_1_696' title='bbox 2633 2590 2964 2661; x_wconf 82' lang='lat' dir='ltr'><strong>Mysterium,</strong></span> <span class='ocrx_word' id='word_1_697' title='bbox 3021 2596 3223 2663; x_wconf 88' lang='lat' dir='ltr'><strong>inquit,</strong></span> <span class='ocrx_word' id='word_1_698' title='bbox 3273 2600 3369 2650; x_wconf 89' lang='lat' dir='ltr'><strong>hoc</strong></span> <span class='ocrx_word' id='word_1_699' title='bbox 3409 2616 3646 2669; x_wconf 88' lang='lat' dir='ltr'><strong>magnum</strong></span> 
     </span>
    </p>
   </div>
   <div class='ocr_carea' id='block_1_86' title="bbox 2052 2678 3643 2756">
    <p class='ocr_par' dir='ltr' id='par_1_86' title="bbox 2052 2678 3643 2756">
     <span class='ocr_line' id='line_1_86' title="bbox 2052 2678 3643 2756; baseline 0.009 -26"><span class='ocrx_word' id='word_1_700' title='bbox 2052 2687 2145 2731; x_wconf 83' lang='lat' dir='ltr'><strong>est.</strong></span> <span class='ocrx_word' id='word_1_701' title='bbox 2178 2678 2246 2732; x_wconf 87' lang='lat' dir='ltr'><strong>Et</strong></span> <span class='ocrx_word' id='word_1_702' title='bbox 2272 2680 2409 2733; x_wconf 86' lang='lat' dir='ltr'><strong>sicut</strong></span> <span class='ocrx_word' id='word_1_703' title='bbox 2447 2696 2638 2736; x_wconf 90' lang='lat' dir='ltr'><strong>recens</strong></span> <span class='ocrx_word' id='word_1_704' title='bbox 2678 2693 2832 2737; x_wconf 89' lang='lat' dir='ltr'><strong>natus</strong></span> <span class='ocrx_word' id='word_1_705' title='bbox 2864 2683 3156 2740; x_wconf 87' lang='lat' dir='ltr'><strong>infantulus</strong></span> <span class='ocrx_word' id='word_1_706' title='bbox 3182 2688 3435 2756; x_wconf 80' lang='lat' dir='ltr'><strong>adSpectu</strong></span> <span class='ocrx_word' id='word_1_707' title='bbox 3466 2691 3643 2744; x_wconf 87' lang='lat' dir='ltr'><strong>statim</strong></span> 
     </span>
    </p>
   </div>
   <div class='ocr_carea' id='block_1_87' title="bbox 2054 2771 3646 2843">
    <p class='ocr_par' dir='ltr' id='par_1_87' title="bbox 2054 2771 3646 2843">
     <span class='ocr_line' id='line_1_87' title="bbox 2054 2771 3646 2843; baseline 0.009 -22"><span class='ocrx_word' id='word_1_708' title='bbox 2054 2778 2305 2837; x_wconf 89' lang='lat' dir='ltr'><strong>parentes</strong></span> <span class='ocrx_word' id='word_1_709' title='bbox 2330 2772 2590 2841; x_wconf 84' lang='lat' dir='ltr'><strong>agnoscit,</strong></span> <span class='ocrx_word' id='word_1_710' title='bbox 2627 2771 2931 2843; x_wconf 74' lang='lat' dir='ltr'><strong>priusquam</strong></span> <span class='ocrx_word' id='word_1_711' title='bbox 2973 2777 3108 2830; x_wconf 87' lang='lat' dir='ltr'><strong>sciat</strong></span> <span class='ocrx_word' id='word_1_712' title='bbox 3152 2792 3309 2832; x_wconf 88' lang='lat' dir='ltr'><strong>voces</strong></span> <span class='ocrx_word' id='word_1_713' title='bbox 3343 2779 3505 2835; x_wconf 87' lang='lat' dir='ltr'><strong>edere</strong></span> <span class='ocrx_word' id='word_1_714' title='bbox 3535 2798 3547 2834; x_wconf 90' lang='lat'><strong>:</strong></span> <span class='ocrx_word' id='word_1_715' title='bbox 3578 2782 3646 2835; x_wconf 87' lang='lat' dir='ltr'><strong>ita</strong></span> 
     </span>
    </p>
   </div>
   <div class='ocr_carea' id='block_1_88' title="bbox 2052 2867 3650 2938">
    <p class='ocr_par' dir='ltr' id='par_1_88' title="bbox 2052 2867 3650 2938">
     <span class='ocr_line' id='line_1_88' title="bbox 2052 2867 3650 2938; baseline 0.009 -25"><span class='ocrx_word' id='word_1_716' title='bbox 2052 2875 2185 2914; x_wconf 88' lang='lat' dir='ltr'><strong>sane</strong></span> <span class='ocrx_word' id='word_1_717' title='bbox 2210 2870 2265 2914; x_wconf 91' lang='lat' dir='ltr'><strong>et</strong></span> <span class='ocrx_word' id='word_1_718' title='bbox 2286 2875 2514 2930; x_wconf 85' lang='lat' dir='ltr'><strong>sponsus</strong></span> <span class='ocrx_word' id='word_1_719' title='bbox 2538 2879 2599 2916; x_wconf 92' lang='lat' dir='ltr'><strong>ac</strong></span> <span class='ocrx_word' id='word_1_720' title='bbox 2629 2879 2847 2933; x_wconf 88' lang='lat' dir='ltr'><strong>sponsa,</strong></span> <span class='ocrx_word' id='word_1_721' title='bbox 2870 2867 3081 2921; x_wconf 89' lang='lat' dir='ltr'><strong>nemine</strong></span> <span class='ocrx_word' id='word_1_722' title='bbox 3105 2879 3405 2938; x_wconf 88' lang='lat' dir='ltr'><strong>sequestro,</strong></span> <span class='ocrx_word' id='word_1_723' title='bbox 3435 2874 3650 2927; x_wconf 82' lang='lat' dir='ltr'><strong>nomine</strong></span> 
     </span>
    </p>
   </div>
   <div class='ocr_carea' id='block_1_89' title="bbox 2054 2949 3647 3026">
    <p class='ocr_par' dir='ltr' id='par_1_89' title="bbox 2054 2949 3647 3026">
     <span class='ocr_line' id='line_1_89' title="bbox 2054 2949 3647 3026; baseline 0.01 -23"><span class='ocrx_word' id='word_1_724' title='bbox 2054 2949 2331 3007; x_wconf 82' lang='lat' dir='ltr'><strong>hortatore</strong></span> <span class='ocrx_word' id='word_1_725' title='bbox 2353 2993 2367 3018; x_wconf 91' lang='lat'><strong>,</strong></span> <span class='ocrx_word' id='word_1_726' title='bbox 2398 2954 2570 3021; x_wconf 89' lang='lat' dir='ltr'><strong>primo</strong></span> <span class='ocrx_word' id='word_1_727' title='bbox 2598 2955 2774 3008; x_wconf 88' lang='lat' dir='ltr'><strong>statim</strong></span> <span class='ocrx_word' id='word_1_728' title='bbox 2825 2954 3083 3026; x_wconf 85' lang='lat' dir='ltr'><strong>adspectu</strong></span> <span class='ocrx_word' id='word_1_729' title='bbox 3133 2961 3483 3017; x_wconf 86' lang='lat' dir='ltr'><strong>conciliantur</strong></span> <span class='ocrx_word' id='word_1_730' title='bbox 3509 2964 3647 3019; x_wconf 86' lang='lat' dir='ltr'><strong>invi-</strong></span> 
     </span>
    </p>
   </div>
   <div class='ocr_carea' id='block_1_90' title="bbox 2054 3046 3652 3128">
    <p class='ocr_par' dir='ltr' id='par_1_90' title="bbox 2054 3046 3652 3128">
     <span class='ocr_line' id='line_1_90' title="bbox 2054 3046 3652 3128; baseline 0.008 -30"><span class='ocrx_word' id='word_1_731' title='bbox 2054 3060 2195 3099; x_wconf 90' lang='lat' dir='ltr'><strong>cem.</strong></span> <span class='ocrx_word' id='word_1_732' title='bbox 2241 3046 2295 3100; x_wconf 92' lang='lat' dir='ltr'><strong>ld</strong></span> <span class='ocrx_word' id='word_1_733' title='bbox 2326 3061 2447 3102; x_wconf 92' lang='lat' dir='ltr'><strong>cum</strong></span> <span class='ocrx_word' id='word_1_734' title='bbox 2474 3050 2526 3101; x_wconf 91' lang='lat' dir='ltr'><strong>in</strong></span> <span class='ocrx_word' id='word_1_735' title='bbox 2579 3047 2794 3103; x_wconf 91' lang='lat' dir='ltr'><strong>Christo</strong></span> <span class='ocrx_word' id='word_1_736' title='bbox 2842 3050 3006 3104; x_wconf 91' lang='lat' dir='ltr'><strong>etiam</strong></span> <span class='ocrx_word' id='word_1_737' title='bbox 3052 3051 3550 3128; x_wconf 83' lang='lat' dir='ltr'><strong>animadvertisset,</strong></span> <span class='ocrx_word' id='word_1_738' title='bbox 3599 3068 3652 3111; x_wconf 87' lang='lat' dir='ltr'><strong>et</strong></span> 
     </span>
    </p>
   </div>
   <div class='ocr_carea' id='block_1_91' title="bbox 2057 3140 3647 3216">
    <p class='ocr_par' dir='ltr' id='par_1_91' title="bbox 2057 3140 3647 3216">
     <span class='ocr_line' id='line_1_91' title="bbox 2057 3140 3647 3216; baseline 0.008 -24"><span class='ocrx_word' id='word_1_739' title='bbox 2057 3140 2356 3208; x_wconf 72' lang='lat' dir='ltr'><strong>praesertim</strong></span> <span class='ocrx_word' id='word_1_740' title='bbox 2395 3140 2445 3194; x_wconf 93' lang='lat' dir='ltr'><strong>in</strong></span> <span class='ocrx_word' id='word_1_741' title='bbox 2477 3141 2710 3195; x_wconf 76' lang='lat' dir='ltr'><strong>Ecclesia</strong></span> <span class='ocrx_word' id='word_1_742' title='bbox 2730 3183 2745 3207; x_wconf 93' lang='lat'><strong>,</strong></span> <span class='ocrx_word' id='word_1_743' title='bbox 2775 3157 2879 3196; x_wconf 89' lang='lat' dir='ltr'><strong>non</strong></span> <span class='ocrx_word' id='word_1_744' title='bbox 2911 3143 3028 3197; x_wconf 87' lang='lat' dir='ltr'><strong>sine</strong></span> <span class='ocrx_word' id='word_1_745' title='bbox 3054 3153 3273 3213; x_wconf 88' lang='lat' dir='ltr'><strong>stupore</strong></span> <span class='ocrx_word' id='word_1_746' title='bbox 3299 3146 3527 3216; x_wconf 91' lang='lat' dir='ltr'><strong>quodam</strong></span> <span class='ocrx_word' id='word_1_747' title='bbox 3550 3149 3647 3204; x_wconf 85' lang='lat' dir='ltr'><strong>ad-</strong></span> 
     </span>
    </p>
   </div>
   <div class='ocr_carea' id='block_1_92' title="bbox 2055 3230 3645 3302">
    <p class='ocr_par' dir='ltr' id='par_1_92' title="bbox 2055 3230 3645 3302">
     <span class='ocr_line' id='line_1_92' title="bbox 2055 3230 3645 3302; baseline 0.007 -20"><span class='ocrx_word' id='word_1_748' title='bbox 2055 3230 2279 3285; x_wconf 90' lang='lat' dir='ltr'><strong>miratus</strong></span> <span class='ocrx_word' id='word_1_749' title='bbox 2327 3240 2431 3285; x_wconf 90' lang='lat' dir='ltr'><strong>est.</strong></span> <span class='ocrx_word' id='word_1_750' title='bbox 2490 3230 2768 3298; x_wconf 86' lang='lat' dir='ltr'><strong>Quomodo</strong></span> <span class='ocrx_word' id='word_1_751' title='bbox 2817 3233 2975 3302; x_wconf 84' lang='lat' dir='ltr'><strong>igitur</strong></span> <span class='ocrx_word' id='word_1_752' title='bbox 3002 3234 3051 3287; x_wconf 91' lang='lat' dir='ltr'><strong>in</strong></span> <span class='ocrx_word' id='word_1_753' title='bbox 3080 3234 3295 3290; x_wconf 89' lang='lat' dir='ltr'><strong>Christo</strong></span> <span class='ocrx_word' id='word_1_754' title='bbox 3324 3247 3379 3292; x_wconf 89' lang='lat' dir='ltr'><strong>et</strong></span> <span class='ocrx_word' id='word_1_755' title='bbox 3406 3237 3645 3293; x_wconf 86' lang='lat' dir='ltr'><strong>Ecclesia</strong></span> 
     </span>
    </p>
   </div>
   <div class='ocr_carea' id='block_1_93' title="bbox 2056 3323 3646 3399">
    <p class='ocr_par' dir='ltr' id='par_1_93' title="bbox 2056 3323 3646 3399">
     <span class='ocr_line' id='line_1_93' title="bbox 2056 3323 3646 3399; baseline 0.005 -23"><span class='ocrx_word' id='word_1_756' title='bbox 2056 3323 2194 3378; x_wconf 91' lang='lat' dir='ltr'><strong>idem</strong></span> <span class='ocrx_word' id='word_1_757' title='bbox 2225 3324 2446 3395; x_wconf 85' lang='lat' dir='ltr'><strong>contigit</strong></span> <span class='ocrx_word' id='word_1_758' title='bbox 2465 3325 2487 3376; x_wconf 91' lang='lat'><strong>?</strong></span> <span class='ocrx_word' id='word_1_759' title='bbox 2504 3325 2648 3379; x_wconf 86' lang='lat' dir='ltr'><strong>Sicut</strong></span> <span class='ocrx_word' id='word_1_760' title='bbox 2672 3341 2899 3393; x_wconf 88' lang='lat' dir='ltr'><strong>sponsus</strong></span> <span class='ocrx_word' id='word_1_761' title='bbox 2919 3326 3105 3381; x_wconf 88' lang='lat' dir='ltr'><strong>relicto</strong></span> <span class='ocrx_word' id='word_1_762' title='bbox 3132 3337 3279 3396; x_wconf 87' lang='lat' dir='ltr'><strong>patre</strong></span> <span class='ocrx_word' id='word_1_763' title='bbox 3303 3327 3369 3382; x_wconf 90' lang='lat' dir='ltr'><strong>ad</strong></span> <span class='ocrx_word' id='word_1_764' title='bbox 3396 3343 3646 3399; x_wconf 87' lang='lat' dir='ltr'><strong>sp0nsam</strong></span> 
     </span>
    </p>
   </div>
   <div class='ocr_carea' id='block_1_94' title="bbox 2059 3414 3653 3486">
    <p class='ocr_par' dir='ltr' id='par_1_94' title="bbox 2059 3414 3653 3486">
     <span class='ocr_line' id='line_1_94' title="bbox 2059 3414 3653 3486; baseline 0.005 -19"><span class='ocrx_word' id='word_1_765' title='bbox 2059 3423 2339 3485; x_wconf 88' lang='lat' dir='ltr'><strong>properat,</strong></span> <span class='ocrx_word' id='word_1_766' title='bbox 2370 3415 2439 3468; x_wconf 90' lang='lat' dir='ltr'><strong>ita</strong></span> <span class='ocrx_word' id='word_1_767' title='bbox 2471 3425 2524 3467; x_wconf 87' lang='lat' dir='ltr'><strong>et</strong></span> <span class='ocrx_word' id='word_1_768' title='bbox 2555 3414 2798 3470; x_wconf 86' lang='lat' dir='ltr'><strong>Christus</strong></span> <span class='ocrx_word' id='word_1_769' title='bbox 2830 3417 3014 3469; x_wconf 88' lang='lat' dir='ltr'><strong>relicto</strong></span> <span class='ocrx_word' id='word_1_770' title='bbox 3046 3425 3266 3485; x_wconf 84' lang='lat' dir='ltr'><strong>paterno</strong></span> <span class='ocrx_word' id='word_1_771' title='bbox 3296 3418 3430 3472; x_wconf 91' lang='lat' dir='ltr'><strong>solio</strong></span> <span class='ocrx_word' id='word_1_772' title='bbox 3450 3461 3465 3486; x_wconf 93' lang='lat'><strong>,</strong></span> <span class='ocrx_word' id='word_1_773' title='bbox 3508 3423 3653 3475; x_wconf 84' lang='lat' dir='ltr'><strong>venit</strong></span> 
     </span>
    </p>
   </div>
   <div class='ocr_carea' id='block_1_95' title="bbox 2056 3508 3650 3581">
    <p class='ocr_par' dir='ltr' id='par_1_95' title="bbox 2056 3508 3650 3581">
     <span class='ocr_line' id='line_1_95' title="bbox 2056 3508 3650 3581; baseline 0.006 -22"><span class='ocrx_word' id='word_1_774' title='bbox 2056 3508 2123 3561; x_wconf 83' lang='lat' dir='ltr'><strong>ad</strong></span> <span class='ocrx_word' id='word_1_775' title='bbox 2168 3522 2416 3576; x_wconf 87' lang='lat' dir='ltr'><strong>sponsam</strong></span> <span class='ocrx_word' id='word_1_776' title='bbox 2451 3523 2464 3559; x_wconf 92' lang='lat'><strong>:</strong></span> <span class='ocrx_word' id='word_1_777' title='bbox 2495 3523 2599 3561; x_wconf 91' lang='lat' dir='ltr'><strong>non</strong></span> <span class='ocrx_word' id='word_1_778' title='bbox 2647 3523 2745 3562; x_wconf 93' lang='lat' dir='ltr'><strong>nos</strong></span> <span class='ocrx_word' id='word_1_779' title='bbox 2787 3510 3027 3563; x_wconf 86' lang='lat' dir='ltr'><strong>evocavit</strong></span> <span class='ocrx_word' id='word_1_780' title='bbox 3063 3509 3127 3563; x_wconf 91' lang='lat' dir='ltr'><strong>ad</strong></span> <span class='ocrx_word' id='word_1_781' title='bbox 3155 3525 3379 3579; x_wconf 84' lang='lat' dir='ltr'><strong>supera,</strong></span> <span class='ocrx_word' id='word_1_782' title='bbox 3412 3513 3505 3566; x_wconf 86' lang='lat' dir='ltr'><strong>sed</strong></span> <span class='ocrx_word' id='word_1_783' title='bbox 3537 3513 3650 3581; x_wconf 84' lang='lat' dir='ltr'><strong>ipse</strong></span> 
     </span>
    </p>
   </div>
   <div class='ocr_carea' id='block_1_96' title="bbox 2056 3600 3648 3669">
    <p class='ocr_par' dir='ltr' id='par_1_96' title="bbox 2056 3600 3648 3669">
     <span class='ocr_line' id='line_1_96' title="bbox 2056 3600 3648 3669; baseline 0.006 -17"><span class='ocrx_word' id='word_1_784' title='bbox 2056 3601 2195 3653; x_wconf 92' lang='lat' dir='ltr'><strong>ultro</strong></span> <span class='ocrx_word' id='word_1_785' title='bbox 2223 3600 2288 3653; x_wconf 90' lang='lat' dir='ltr'><strong>ad</strong></span> <span class='ocrx_word' id='word_1_786' title='bbox 2337 3615 2435 3654; x_wconf 88' lang='lat' dir='ltr'><strong>nos</strong></span> <span class='ocrx_word' id='word_1_787' title='bbox 2463 3601 2695 3654; x_wconf 80' lang='lat' dir='ltr'><strong>advenit.</strong></span> <span class='ocrx_word' id='word_1_788' title='bbox 2745 3601 2876 3655; x_wconf 89' lang='lat' dir='ltr'><strong>Cum</strong></span> <span class='ocrx_word' id='word_1_789' title='bbox 2919 3610 3094 3655; x_wconf 88' lang='lat' dir='ltr'><strong>autem</strong></span> <span class='ocrx_word' id='word_1_790' title='bbox 3130 3604 3415 3658; x_wconf 72' lang='lat' dir='ltr'><strong>advvntum</strong></span> <span class='ocrx_word' id='word_1_791' title='bbox 3462 3606 3648 3669; x_wconf 87' lang='lat' dir='ltr'><strong>audis.</strong></span> 
     </span>
    </p>
   </div>
   <div class='ocr_carea' id='block_1_97' title="bbox 2059 3690 3644 3766">
    <p class='ocr_par' dir='ltr' id='par_1_97' title="bbox 2059 3690 3644 3766">
     <span class='ocr_line' id='line_1_97' title="bbox 2059 3690 3644 3766; baseline 0.004 -24"><span class='ocrx_word' id='word_1_792' title='bbox 2059 3704 2163 3743; x_wconf 91' lang='lat' dir='ltr'><strong>non</strong></span> <span class='ocrx_word' id='word_1_793' title='bbox 2216 3690 2621 3759; x_wconf 87' lang='lat' dir='ltr'><strong>migrationem,</strong></span> <span class='ocrx_word' id='word_1_794' title='bbox 2676 3691 2768 3745; x_wconf 90' lang='lat' dir='ltr'><strong>sed</strong></span> <span class='ocrx_word' id='word_1_795' title='bbox 2819 3693 3316 3760; x_wconf 87' lang='lat' dir='ltr'><strong>attemperationem</strong></span> <span class='ocrx_word' id='word_1_796' title='bbox 3364 3694 3644 3766; x_wconf 82' lang='lat' dir='ltr'><strong>intellige:</strong></span> 
     </span>
    </p>
   </div>
   <div class='ocr_carea' id='block_1_98' title="bbox 2057 3781 3647 3848">
    <p class='ocr_par' dir='ltr' id='par_1_98' title="bbox 2057 3781 3647 3848">
     <span class='ocr_line' id='line_1_98' title="bbox 2057 3781 3647 3848; baseline 0.003 -14"><span class='ocrx_word' id='word_1_797' title='bbox 2057 3797 2181 3835; x_wconf 88' lang='lat' dir='ltr'><strong>nam</strong></span> <span class='ocrx_word' id='word_1_798' title='bbox 2222 3781 2383 3836; x_wconf 90' lang='lat' dir='ltr'><strong>etiam</strong></span> <span class='ocrx_word' id='word_1_799' title='bbox 2435 3797 2554 3835; x_wconf 91' lang='lat' dir='ltr'><strong>cum</strong></span> <span class='ocrx_word' id='word_1_800' title='bbox 2595 3782 2868 3836; x_wconf 79' lang='lat' dir='ltr'><strong>nobiseum</strong></span> <span class='ocrx_word' id='word_1_801' title='bbox 2901 3792 3076 3848; x_wconf 88' lang='lat' dir='ltr'><strong>esset,</strong></span> <span class='ocrx_word' id='word_1_802' title='bbox 3130 3797 3253 3837; x_wconf 92' lang='lat' dir='ltr'><strong>cum</strong></span> <span class='ocrx_word' id='word_1_803' title='bbox 3307 3785 3463 3840; x_wconf 86' lang='lat' dir='ltr'><strong>Patre</strong></span> <span class='ocrx_word' id='word_1_804' title='bbox 3511 3797 3647 3843; x_wconf 90' lang='lat' dir='ltr'><strong>erat.</strong></span> 
     </span>
    </p>
   </div>
   <div class='ocr_carea' id='block_1_99' title="bbox 2056 3874 3645 3950">
    <p class='ocr_par' dir='ltr' id='par_1_99' title="bbox 2056 3874 3645 3950">
     <span class='ocr_line' id='line_1_99' title="bbox 2056 3874 3645 3950; baseline 0.004 -22"><span class='ocrx_word' id='word_1_805' title='bbox 2056 3875 2392 3945; x_wconf 86' lang='lat' dir='ltr'><strong>Quapropter</strong></span> <span class='ocrx_word' id='word_1_806' title='bbox 2429 3876 2636 3945; x_wconf 89' lang='lat' dir='ltr'><strong>inquit:</strong></span> <span class='ocrx_word' id='word_1_807' title='bbox 2669 3874 2970 3947; x_wconf 82' lang='lat' dir='ltr'><strong>Mysterium</strong></span> <span class='ocrx_word' id='word_1_808' title='bbox 3011 3878 3104 3930; x_wconf 87' lang='lat' dir='ltr'><strong>hoc</strong></span> <span class='ocrx_word' id='word_1_809' title='bbox 3130 3889 3201 3931; x_wconf 86' lang='lat' dir='ltr'><strong>est</strong></span> <span class='ocrx_word' id='word_1_810' title='bbox 3242 3896 3500 3950; x_wconf 84' lang='lat' dir='ltr'><strong>magnum.</strong></span> <span class='ocrx_word' id='word_1_811' title='bbox 3533 3882 3645 3935; x_wconf 81' lang='lat' dir='ltr'><strong>Ma-</strong></span> 
     </span>
    </p>
   </div>
   <div class='ocr_carea' id='block_1_100' title="bbox 2055 3967 3648 4037">
    <p class='ocr_par' dir='ltr' id='par_1_100' title="bbox 2055 3967 3648 4037">
     <span class='ocr_line' id='line_1_100' title="bbox 2055 3967 3648 4037; baseline 0.004 -17"><span class='ocrx_word' id='word_1_812' title='bbox 2055 3982 2219 4035; x_wconf 82' lang='lat' dir='ltr'><strong>gnum</strong></span> <span class='ocrx_word' id='word_1_813' title='bbox 2262 3982 2390 4021; x_wconf 90' lang='lat' dir='ltr'><strong>sane</strong></span> <span class='ocrx_word' id='word_1_814' title='bbox 2431 3967 2589 4021; x_wconf 87' lang='lat' dir='ltr'><strong>etiam</strong></span> <span class='ocrx_word' id='word_1_815' title='bbox 2622 3967 2759 4037; x_wconf 89' lang='lat' dir='ltr'><strong>apud</strong></span> <span class='ocrx_word' id='word_1_816' title='bbox 2789 3968 3065 4033; x_wconf 89' lang='lat' dir='ltr'><strong>homines;</strong></span> <span class='ocrx_word' id='word_1_817' title='bbox 3097 3968 3191 4023; x_wconf 87' lang='lat' dir='ltr'><strong>sed</strong></span> <span class='ocrx_word' id='word_1_818' title='bbox 3232 3985 3352 4025; x_wconf 90' lang='lat' dir='ltr'><strong>cum</strong></span> <span class='ocrx_word' id='word_1_819' title='bbox 3396 3971 3551 4026; x_wconf 87' lang='lat' dir='ltr'><strong>video</strong></span> <span class='ocrx_word' id='word_1_820' title='bbox 3594 3974 3648 4027; x_wconf 89' lang='lat' dir='ltr'><strong>in</strong></span> 
     </span>
    </p>
   </div>
   <div class='ocr_carea' id='block_1_101' title="bbox 2055 4058 3648 4132">
    <p class='ocr_par' dir='ltr' id='par_1_101' title="bbox 2055 4058 3648 4132">
     <span class='ocr_line' id='line_1_101' title="bbox 2055 4058 3648 4132; baseline 0.004 -19"><span class='ocrx_word' id='word_1_821' title='bbox 2055 4058 2323 4113; x_wconf 89' lang='lat' dir='ltr'><strong>Christum</strong></span> <span class='ocrx_word' id='word_1_822' title='bbox 2350 4073 2561 4129; x_wconf 90' lang='lat' dir='ltr'><strong>quoque</strong></span> <span class='ocrx_word' id='word_1_823' title='bbox 2578 4069 2632 4113; x_wconf 91' lang='lat' dir='ltr'><strong>et</strong></span> <span class='ocrx_word' id='word_1_824' title='bbox 2661 4059 2955 4114; x_wconf 85' lang='lat' dir='ltr'><strong>Eeclesiam</strong></span> <span class='ocrx_word' id='word_1_825' title='bbox 2982 4061 3120 4115; x_wconf 88' lang='lat' dir='ltr'><strong>idem</strong></span> <span class='ocrx_word' id='word_1_826' title='bbox 3150 4073 3455 4132; x_wconf 84' lang='lat' dir='ltr'><strong>competere</strong></span> <span class='ocrx_word' id='word_1_827' title='bbox 3474 4106 3490 4132; x_wconf 91' lang='lat'><strong>,</strong></span> <span class='ocrx_word' id='word_1_828' title='bbox 3537 4075 3648 4119; x_wconf 86' lang='lat' dir='ltr'><strong>tum</strong></span> 
     </span>
    </p>
   </div>
   <div class='ocr_carea' id='block_1_102' title="bbox 2055 4149 3645 4220">
    <p class='ocr_par' dir='ltr' id='par_1_102' title="bbox 2055 4149 3645 4220">
     <span class='ocr_line' id='line_1_102' title="bbox 2055 4149 3645 4220; baseline 0.006 -18"><span class='ocrx_word' id='word_1_829' title='bbox 2055 4159 2201 4203; x_wconf 90' lang='lat' dir='ltr'><strong>certe</strong></span> <span class='ocrx_word' id='word_1_830' title='bbox 2226 4149 2485 4203; x_wconf 91' lang='lat' dir='ltr'><strong>miraculo</strong></span> <span class='ocrx_word' id='word_1_831' title='bbox 2515 4151 2589 4205; x_wconf 88' lang='lat' dir='ltr'><strong>rei</strong></span> <span class='ocrx_word' id='word_1_832' title='bbox 2615 4150 2811 4205; x_wconf 89' lang='lat' dir='ltr'><strong>reddor</strong></span> <span class='ocrx_word' id='word_1_833' title='bbox 2839 4153 3114 4207; x_wconf 86' lang='lat' dir='ltr'><strong>attonitus.</strong></span> <span class='ocrx_word' id='word_1_834' title='bbox 3150 4155 3506 4220; x_wconf 80' lang='lat' dir='ltr'><strong>Quamobrem</strong></span> <span class='ocrx_word' id='word_1_835' title='bbox 3525 4173 3645 4212; x_wconf 90' lang='lat' dir='ltr'><strong>cum</strong></span> 
     </span>
    </p>
   </div>
   <div class='ocr_carea' id='block_1_103' title="bbox 2055 4239 3646 4316">
    <p class='ocr_par' dir='ltr' id='par_1_103' title="bbox 2055 4239 3646 4316">
     <span class='ocr_line' id='line_1_103' title="bbox 2055 4239 3646 4316; baseline 0.005 -23"><span class='ocrx_word' id='word_1_836' title='bbox 2055 4239 2312 4305; x_wconf 73' lang='lat' dir='ltr'><strong>dixisset,</strong></span> <span class='ocrx_word' id='word_1_837' title='bbox 2348 4239 2647 4311; x_wconf 82' lang='lat' dir='ltr'><strong>Mysterium</strong></span> <span class='ocrx_word' id='word_1_838' title='bbox 2673 4242 2767 4296; x_wconf 88' lang='lat' dir='ltr'><strong>hoc</strong></span> <span class='ocrx_word' id='word_1_839' title='bbox 2813 4253 3049 4314; x_wconf 79' lang='lat' dir='ltr'><strong>ntagnum</strong></span> <span class='ocrx_word' id='word_1_840' title='bbox 3078 4254 3184 4311; x_wconf 87' lang='lat' dir='ltr'><strong>est,</strong></span> <span class='ocrx_word' id='word_1_841' title='bbox 3227 4247 3455 4316; x_wconf 89' lang='lat' dir='ltr'><strong>subjecit</strong></span> <span class='ocrx_word' id='word_1_842' title='bbox 3480 4262 3599 4301; x_wconf 77' lang='lat' dir='ltr'><strong>mox</strong></span> <span class='ocrx_word' id='word_1_843' title='bbox 3637 4268 3646 4300; x_wconf 96' lang='lat'><strong>:</strong></span> 
     </span>
    </p>
   </div>
   <div class='ocr_carea' id='block_1_104' title="bbox 2062 4330 3648 4412">
    <p class='ocr_par' dir='ltr' id='par_1_104' title="bbox 2062 4330 3648 4412">
     <span class='ocr_line' id='line_1_104' title="bbox 2062 4330 3648 4412; baseline 0.005 -26"><span class='ocrx_word' id='word_1_844' title='bbox 2062 4330 2172 4403; x_wconf 83' lang='lat' dir='ltr'><strong>Ego</strong></span> <span class='ocrx_word' id='word_1_845' title='bbox 2195 4342 2364 4388; x_wconf 89' lang='lat' dir='ltr'><strong>autem</strong></span> <span class='ocrx_word' id='word_1_846' title='bbox 2390 4336 2503 4389; x_wconf 87' lang='lat' dir='ltr'><strong>dico</strong></span> <span class='ocrx_word' id='word_1_847' title='bbox 2522 4336 2574 4389; x_wconf 88' lang='lat' dir='ltr'><strong>in</strong></span> <span class='ocrx_word' id='word_1_848' title='bbox 2595 4335 2796 4390; x_wconf 90' lang='lat' dir='ltr'><strong>Christo</strong></span> <span class='ocrx_word' id='word_1_849' title='bbox 2823 4346 2869 4391; x_wconf 88' lang='lat' dir='ltr'><strong>et</strong></span> <span class='ocrx_word' id='word_1_850' title='bbox 2887 4340 2940 4391; x_wconf 89' lang='lat' dir='ltr'><strong>in</strong></span> <span class='ocrx_word' id='word_1_851' title='bbox 2967 4336 3195 4392; x_wconf 81' lang='lat' dir='ltr'><strong>Ecclesia</strong></span> <span class='ocrx_word' id='word_1_852' title='bbox 3217 4338 3431 4411; x_wconf 78' lang='lat' dir='ltr'><strong>(Ep/tes.</strong></span> <span class='ocrx_word' id='word_1_853' title='bbox 3451 4342 3503 4396; x_wconf 85' lang='lat'><strong>5.</strong></span> <span class='ocrx_word' id='word_1_854' title='bbox 3535 4342 3648 4412; x_wconf 74' lang='lat'><strong>52).</strong></span> 
     </span>
    </p>
   </div>
   <div class='ocr_carea' id='block_1_105' title="bbox 2060 4426 3645 4503">
    <p class='ocr_par' dir='ltr' id='par_1_105' title="bbox 2060 4426 3645 4503">
     <span class='ocr_line' id='line_1_105' title="bbox 2060 4426 3645 4503; baseline 0.007 -26"><span class='ocrx_word' id='word_1_855' title='bbox 2060 4426 2240 4496; x_wconf 87' lang='lat' dir='ltr'><strong>Itaque</strong></span> <span class='ocrx_word' id='word_1_856' title='bbox 2269 4443 2391 4483; x_wconf 91' lang='lat' dir='ltr'><strong>cum</strong></span> <span class='ocrx_word' id='word_1_857' title='bbox 2414 4429 2553 4483; x_wconf 82' lang='lat' dir='ltr'><strong>scias</strong></span> <span class='ocrx_word' id='word_1_858' title='bbox 2580 4439 2838 4499; x_wconf 88' lang='lat' dir='ltr'><strong>quantum</strong></span> <span class='ocrx_word' id='word_1_859' title='bbox 2860 4431 2930 4483; x_wconf 91' lang='lat' dir='ltr'><strong>sit</strong></span> <span class='ocrx_word' id='word_1_860' title='bbox 2957 4431 3008 4484; x_wconf 92' lang='lat' dir='ltr'><strong>in</strong></span> <span class='ocrx_word' id='word_1_861' title='bbox 3035 4431 3283 4500; x_wconf 87' lang='lat' dir='ltr'><strong>conjugio</strong></span> <span class='ocrx_word' id='word_1_862' title='bbox 3310 4434 3645 4503; x_wconf 87' lang='lat' dir='ltr'><strong>mysterium,</strong></span> 
     </span>
    </p>
   </div>
   <div class='ocr_carea' id='block_1_106' title="bbox 2057 4519 3644 4589">
    <p class='ocr_par' dir='ltr' id='par_1_106' title="bbox 2057 4519 3644 4589">
     <span class='ocr_line' id='line_1_106' title="bbox 2057 4519 3644 4589; baseline 0.003 -16"><span class='ocrx_word' id='word_1_863' title='bbox 2057 4527 2112 4573; x_wconf 92' lang='lat' dir='ltr'><strong>et</strong></span> <span class='ocrx_word' id='word_1_864' title='bbox 2130 4519 2313 4588; x_wconf 88' lang='lat' dir='ltr'><strong>quanti</strong></span> <span class='ocrx_word' id='word_1_865' title='bbox 2338 4519 2502 4588; x_wconf 87' lang='lat' dir='ltr'><strong>ﬁgura</strong></span> <span class='ocrx_word' id='word_1_866' title='bbox 2524 4521 2744 4589; x_wconf 82' lang='lat' dir='ltr'><strong>negotii,</strong></span> <span class='ocrx_word' id='word_1_867' title='bbox 2774 4534 2879 4573; x_wconf 90' lang='lat' dir='ltr'><strong>non</strong></span> <span class='ocrx_word' id='word_1_868' title='bbox 2912 4529 3115 4574; x_wconf 89' lang='lat' dir='ltr'><strong>temere</strong></span> <span class='ocrx_word' id='word_1_869' title='bbox 3142 4520 3210 4576; x_wconf 89' lang='lat' dir='ltr'><strong>de</strong></span> <span class='ocrx_word' id='word_1_870' title='bbox 3237 4523 3339 4576; x_wconf 92' lang='lat' dir='ltr'><strong>hoc</strong></span> <span class='ocrx_word' id='word_1_871' title='bbox 3373 4522 3607 4578; x_wconf 90' lang='lat' dir='ltr'><strong>delibera</strong></span> <span class='ocrx_word' id='word_1_872' title='bbox 3630 4567 3644 4587; x_wconf 88' lang='lat'><strong>,</strong></span> 
     </span>
    </p>
   </div>
   <div class='ocr_carea' id='block_1_107' title="bbox 2057 4613 3647 4683">
    <p class='ocr_par' dir='ltr' id='par_1_107' title="bbox 2057 4613 3647 4683">
     <span class='ocr_line' id='line_1_107' title="bbox 2057 4613 3647 4683; baseline 0.004 -20"><span class='ocrx_word' id='word_1_873' title='bbox 2057 4625 2229 4681; x_wconf 90' lang='lat' dir='ltr'><strong>neque</strong></span> <span class='ocrx_word' id='word_1_874' title='bbox 2249 4614 2505 4668; x_wconf 85' lang='lat' dir='ltr'><strong>ducturus</strong></span> <span class='ocrx_word' id='word_1_875' title='bbox 2521 4627 2793 4683; x_wconf 90' lang='lat' dir='ltr'><strong>sponsam,</strong></span> <span class='ocrx_word' id='word_1_876' title='bbox 2815 4613 3159 4679; x_wconf 86' lang='lat' dir='ltr'><strong>pecuniarum</strong></span> <span class='ocrx_word' id='word_1_877' title='bbox 3177 4613 3539 4669; x_wconf 86' lang='lat' dir='ltr'><strong>accessionem</strong></span> <span class='ocrx_word' id='word_1_878' title='bbox 3562 4633 3647 4670; x_wconf 87' lang='lat' dir='ltr'><strong>re-</strong></span> 
     </span>
    </p>
   </div>
   <div class='ocr_carea' id='block_1_108' title="bbox 2058 4702 3649 4777">
    <p class='ocr_par' dir='ltr' id='par_1_108' title="bbox 2058 4702 3649 4777">
     <span class='ocr_line' id='line_1_108' title="bbox 2058 4702 3649 4777; baseline 0 -16"><span class='ocrx_word' id='word_1_879' title='bbox 2058 4708 2223 4776; x_wconf 78' lang='lat' dir='ltr'><strong>Spice.</strong></span> <span class='ocrx_word' id='word_1_880' title='bbox 2256 4705 2371 4759; x_wconf 89' lang='lat' dir='ltr'><strong>Non</strong></span> <span class='ocrx_word' id='word_1_881' title='bbox 2402 4704 2542 4758; x_wconf 90' lang='lat' dir='ltr'><strong>enim</strong></span> <span class='ocrx_word' id='word_1_882' title='bbox 2572 4703 2890 4769; x_wconf 82' lang='lat' dir='ltr'><strong>negotiatio,</strong></span> <span class='ocrx_word' id='word_1_883' title='bbox 2918 4702 3011 4757; x_wconf 89' lang='lat' dir='ltr'><strong>sed</strong></span> <span class='ocrx_word' id='word_1_884' title='bbox 3041 4703 3161 4757; x_wconf 78' lang='lat' dir='ltr'><strong>vita:</strong></span> <span class='ocrx_word' id='word_1_885' title='bbox 3204 4704 3433 4762; x_wconf 81' lang='lat' dir='ltr'><strong>Societas</strong></span> <span class='ocrx_word' id='word_1_886' title='bbox 3458 4708 3649 4777; x_wconf 78' lang='lat' dir='ltr'><strong>conju~</strong></span> 
     </span>
    </p>
   </div>
   <div class='ocr_carea' id='block_1_109' title="bbox 2057 4796 2772 4870">
    <p class='ocr_par' dir='ltr' id='par_1_109' title="bbox 2057 4796 2772 4870">
     <span class='ocr_line' id='line_1_109' title="bbox 2057 4796 2772 4870; baseline -0.006 -19"><span class='ocrx_word' id='word_1_887' title='bbox 2057 4802 2200 4870; x_wconf 86' lang='lat' dir='ltr'><strong>gium</strong></span> <span class='ocrx_word' id='word_1_888' title='bbox 2229 4796 2641 4854; x_wconf 78' lang='lat' dir='ltr'><strong>existimandum</strong></span> <span class='ocrx_word' id='word_1_889' title='bbox 2673 4806 2772 4850; x_wconf 90' lang='lat' dir='ltr'><strong>est.</strong></span> 
     </span>
    </p>
   </div>
   <div class='ocr_carea' id='block_1_110' title="bbox 2131 4889 3649 4953">
    <p class='ocr_par' dir='ltr' id='par_1_110' title="bbox 2131 4889 3649 4953">
     <span class='ocr_line' id='line_1_110' title="bbox 2131 4889 3649 4953; baseline 0.001 -7"><span class='ocrx_word' id='word_1_890' title='bbox 2131 4892 2185 4947; x_wconf 73' lang='grc'><strong>4.</strong></span> <span class='ocrx_word' id='word_1_891' title='bbox 2220 4891 2410 4953; x_wconf 76' lang='lat' dir='ltr'><strong>Mulier</strong></span> <span class='ocrx_word' id='word_1_892' title='bbox 2434 4899 2602 4943; x_wconf 82' lang='lat' dir='ltr'><strong>creata</strong></span> <span class='ocrx_word' id='word_1_893' title='bbox 2631 4898 2685 4942; x_wconf 88' lang='lat' dir='ltr'><strong>ut</strong></span> <span class='ocrx_word' id='word_1_894' title='bbox 2713 4889 2987 4942; x_wconf 70' lang='lat' dir='ltr'><strong>auxilietnr</strong></span> <span class='ocrx_word' id='word_1_895' title='bbox 3013 4889 3140 4943; x_wconf 73' lang='lat' dir='ltr'><strong>uiro.</strong></span> <span class='ocrx_word' id='word_1_896' title='bbox 3181 4920 3253 4930; x_wconf 89' lang='lat'><strong>——-</strong></span> <span class='ocrx_word' id='word_1_897' title='bbox 3290 4891 3481 4947; x_wconf 82' lang='lat' dir='ltr'><strong>Multos</strong></span> <span class='ocrx_word' id='word_1_898' title='bbox 3504 4894 3649 4949; x_wconf 88' lang='lat' dir='ltr'><strong>enim</strong></span> 
     </span>
    </p>
   </div>
   <div class='ocr_carea' id='block_1_111' title="bbox 2061 4980 3655 5053">
    <p class='ocr_par' dir='ltr' id='par_1_111' title="bbox 2061 4980 3655 5053">
     <span class='ocr_line' id='line_1_111' title="bbox 2061 4980 3655 5053; baseline 0.001 -15"><span class='ocrx_word' id='word_1_899' title='bbox 2061 4983 2240 5041; x_wconf 90' lang='lat' dir='ltr'><strong>audivi</strong></span> <span class='ocrx_word' id='word_1_900' title='bbox 2269 4982 2546 5051; x_wconf 86' lang='lat' dir='ltr'><strong>dicentes,</strong></span> <span class='ocrx_word' id='word_1_901' title='bbox 2584 4981 2673 5036; x_wconf 90' lang='lat' dir='ltr'><strong>llle</strong></span> <span class='ocrx_word' id='word_1_902' title='bbox 2698 4980 3002 5050; x_wconf 89' lang='lat' dir='ltr'><strong>opulentior</strong></span> <span class='ocrx_word' id='word_1_903' title='bbox 3054 4990 3174 5050; x_wconf 89' lang='lat' dir='ltr'><strong>post</strong></span> <span class='ocrx_word' id='word_1_904' title='bbox 3220 4984 3432 5053; x_wconf 83' lang='lat' dir='ltr'><strong>nuptias</strong></span> <span class='ocrx_word' id='word_1_905' title='bbox 3485 4985 3655 5040; x_wconf 83' lang='lat' dir='ltr'><strong>factus</strong></span> 
     </span>
    </p>
   </div>
   <div class='ocr_carea' id='block_1_112' title="bbox 2063 5075 3649 5144">
    <p class='ocr_par' dir='ltr' id='par_1_112' title="bbox 2063 5075 3649 5144">
     <span class='ocr_line' id='line_1_112' title="bbox 2063 5075 3649 5144; baseline -0.003 -10"><span class='ocrx_word' id='word_1_906' title='bbox 2063 5086 2180 5143; x_wconf 89' lang='lat' dir='ltr'><strong>est,</strong></span> <span class='ocrx_word' id='word_1_907' title='bbox 2208 5093 2330 5133; x_wconf 86' lang='lat' dir='ltr'><strong>cum</strong></span> <span class='ocrx_word' id='word_1_908' title='bbox 2361 5075 2547 5131; x_wconf 88' lang='lat' dir='ltr'><strong>fuisset</strong></span> <span class='ocrx_word' id='word_1_909' title='bbox 2579 5090 2778 5144; x_wconf 84' lang='lat' dir='ltr'><strong>pauper</strong></span> <span class='ocrx_word' id='word_1_910' title='bbox 2806 5086 2997 5139; x_wconf 81' lang='lat' dir='ltr'><strong>antea;</strong></span> <span class='ocrx_word' id='word_1_911' title='bbox 3029 5089 3169 5127; x_wconf 91' lang='lat' dir='ltr'><strong>nunc</strong></span> <span class='ocrx_word' id='word_1_912' title='bbox 3199 5077 3355 5128; x_wconf 83' lang='lat' dir='ltr'><strong>dtu-ta</strong></span> <span class='ocrx_word' id='word_1_913' title='bbox 3385 5093 3548 5130; x_wconf 74' lang='lat' dir='ltr'><strong>uxore</strong></span> <span class='ocrx_word' id='word_1_914' title='bbox 3574 5077 3649 5130; x_wconf 90' lang='lat' dir='ltr'><strong>di-</strong></span> 
     </span>
    </p>
   </div>
   <div class='ocr_carea' id='block_1_113' title="bbox 2060 5167 3653 5239">
    <p class='ocr_par' dir='ltr' id='par_1_113' title="bbox 2060 5167 3653 5239">
     <span class='ocr_line' id='line_1_113' title="bbox 2060 5167 3653 5239; baseline 0.001 -17"><span class='ocrx_word' id='word_1_915' title='bbox 2060 5172 2166 5225; x_wconf 87' lang='lat' dir='ltr'><strong>vite</strong></span> <span class='ocrx_word' id='word_1_916' title='bbox 2195 5178 2252 5225; x_wconf 89' lang='lat' dir='ltr'><strong>ct</strong></span> <span class='ocrx_word' id='word_1_917' title='bbox 2292 5170 2407 5239; x_wconf 90' lang='lat' dir='ltr'><strong>ipse</strong></span> <span class='ocrx_word' id='word_1_918' title='bbox 2451 5168 2559 5238; x_wconf 86' lang='lat' dir='ltr'><strong>agit</strong></span> <span class='ocrx_word' id='word_1_919' title='bbox 2609 5168 2660 5221; x_wconf 93' lang='lat' dir='ltr'><strong>in</strong></span> <span class='ocrx_word' id='word_1_920' title='bbox 2692 5167 2922 5221; x_wconf 90' lang='lat' dir='ltr'><strong>deliciis.</strong></span> <span class='ocrx_word' id='word_1_921' title='bbox 2952 5167 3090 5234; x_wconf 86' lang='lat' dir='ltr'><strong>Quid</strong></span> <span class='ocrx_word' id='word_1_922' title='bbox 3118 5167 3227 5231; x_wconf 90' lang='lat' dir='ltr'><strong>ais,</strong></span> <span class='ocrx_word' id='word_1_923' title='bbox 3264 5167 3402 5222; x_wconf 88' lang='lat' dir='ltr'><strong>bone</strong></span> <span class='ocrx_word' id='word_1_924' title='bbox 3430 5169 3556 5222; x_wconf 85' lang='lat' dir='ltr'><strong>vir?</strong></span> <span class='ocrx_word' id='word_1_925' title='bbox 3586 5185 3653 5223; x_wconf 74' lang='lat' dir='ltr'><strong>ex</strong></span> 
     </span>
    </p>
   </div>
   <div class='ocr_carea' id='block_1_114' title="bbox 2061 5257 3654 5329">
    <p class='ocr_par' dir='ltr' id='par_1_114' title="bbox 2061 5257 3654 5329">
     <span class='ocr_line' id='line_1_114' title="bbox 2061 5257 3654 5329; baseline -0.003 -14"><span class='ocrx_word' id='word_1_926' title='bbox 2061 5278 2228 5317; x_wconf 72' lang='lat' dir='ltr'><strong>nitore</strong></span> <span class='ocrx_word' id='word_1_927' title='bbox 2254 5261 2447 5316; x_wconf 90' lang='lat' dir='ltr'><strong>lucrari</strong></span> <span class='ocrx_word' id='word_1_928' title='bbox 2478 5258 2627 5329; x_wconf 90' lang='lat' dir='ltr'><strong>cupis</strong></span> <span class='ocrx_word' id='word_1_929' title='bbox 2647 5302 2661 5327; x_wconf 94' lang='lat'><strong>,</strong></span> <span class='ocrx_word' id='word_1_930' title='bbox 2693 5269 2747 5313; x_wconf 89' lang='lat' dir='ltr'><strong>et</strong></span> <span class='ocrx_word' id='word_1_931' title='bbox 2784 5274 2888 5312; x_wconf 90' lang='lat' dir='ltr'><strong>non</strong></span> <span class='ocrx_word' id='word_1_932' title='bbox 2937 5258 3211 5314; x_wconf 88' lang='lat' dir='ltr'><strong>erubescis</strong></span> <span class='ocrx_word' id='word_1_933' title='bbox 3237 5257 3262 5310; x_wconf 89' lang='lat'><strong>?</strong></span> <span class='ocrx_word' id='word_1_934' title='bbox 3293 5274 3395 5311; x_wconf 91' lang='lat' dir='ltr'><strong>non</strong></span> <span class='ocrx_word' id='word_1_935' title='bbox 3428 5273 3536 5327; x_wconf 81' lang='lat' dir='ltr'><strong>pra:</strong></span> <span class='ocrx_word' id='word_1_936' title='bbox 3564 5274 3654 5328; x_wconf 86' lang='lat' dir='ltr'><strong>pu-</strong></span> 
     </span>
    </p>
   </div>
   <div class='ocr_carea' id='block_1_115' title="bbox 2060 5350 3659 5416">
    <p class='ocr_par' dir='ltr' id='par_1_115' title="bbox 2060 5350 3659 5416">
     <span class='ocr_line' id='line_1_115' title="bbox 2060 5350 3659 5416; baseline -0.004 -8"><span class='ocrx_word' id='word_1_937' title='bbox 2060 5354 2190 5408; x_wconf 89' lang='lat' dir='ltr'><strong>dore</strong></span> <span class='ocrx_word' id='word_1_938' title='bbox 2216 5353 2315 5407; x_wconf 90' lang='lat' dir='ltr'><strong>sub</strong></span> <span class='ocrx_word' id='word_1_939' title='bbox 2343 5361 2536 5407; x_wconf 88' lang='lat' dir='ltr'><strong>terram</strong></span> <span class='ocrx_word' id='word_1_940' title='bbox 2569 5361 2619 5406; x_wconf 89' lang='lat' dir='ltr'><strong>te</strong></span> <span class='ocrx_word' id='word_1_941' title='bbox 2647 5352 2798 5406; x_wconf 78' lang='lat' dir='ltr'><strong>abdis</strong></span> <span class='ocrx_word' id='word_1_942' title='bbox 2833 5350 3015 5404; x_wconf 89' lang='lat' dir='ltr'><strong>talium</strong></span> <span class='ocrx_word' id='word_1_943' title='bbox 3056 5350 3320 5402; x_wconf 89' lang='lat' dir='ltr'><strong>lucrornm</strong></span> <span class='ocrx_word' id='word_1_944' title='bbox 3353 5357 3611 5416; x_wconf 87' lang='lat' dir='ltr'><strong>appetens</strong></span> <span class='ocrx_word' id='word_1_945' title='bbox 3636 5350 3659 5402; x_wconf 89' lang='lat'><strong>?</strong></span> 
     </span>
    </p>
   </div>
   <div class='ocr_carea' id='block_1_116' title="bbox 2062 5437 3654 5503">
    <p class='ocr_par' dir='ltr' id='par_1_116' title="bbox 2062 5437 3654 5503">
     <span class='ocr_line' id='line_1_116' title="bbox 2062 5437 3654 5503; baseline -0.006 -5"><span class='ocrx_word' id='word_1_946' title='bbox 2062 5444 2298 5498; x_wconf 82' lang='lat' dir='ltr'><strong>lneccinc</strong></span> <span class='ocrx_word' id='word_1_947' title='bbox 2327 5452 2452 5497; x_wconf 87' lang='lat' dir='ltr'><strong>sunt</strong></span> <span class='ocrx_word' id='word_1_948' title='bbox 2472 5443 2632 5497; x_wconf 88' lang='lat' dir='ltr'><strong>verba</strong></span> <span class='ocrx_word' id='word_1_949' title='bbox 2654 5442 2748 5495; x_wconf 90' lang='lat' dir='ltr'><strong>viri</strong></span> <span class='ocrx_word' id='word_1_950' title='bbox 2773 5441 2796 5492; x_wconf 87' lang='lat'><strong>?</strong></span> <span class='ocrx_word' id='word_1_951' title='bbox 2826 5439 3061 5493; x_wconf 84' lang='lat' dir='ltr'><strong>Mulieris</strong></span> <span class='ocrx_word' id='word_1_952' title='bbox 3088 5453 3248 5490; x_wconf 89' lang='lat' dir='ltr'><strong>unum</strong></span> <span class='ocrx_word' id='word_1_953' title='bbox 3277 5446 3360 5491; x_wconf 90' lang='lat' dir='ltr'><strong>est</strong></span> <span class='ocrx_word' id='word_1_954' title='bbox 3379 5437 3613 5493; x_wconf 91' lang='lat' dir='ltr'><strong>oflicium</strong></span> <span class='ocrx_word' id='word_1_955' title='bbox 3638 5480 3654 5503; x_wconf 88' lang='lat'><strong>,</strong></span> 
     </span>
    </p>
   </div>
   <div class='ocr_carea' id='block_1_117' title="bbox 2061 5529 3650 5608">
    <p class='ocr_par' dir='ltr' id='par_1_117' title="bbox 2061 5529 3650 5608">
     <span class='ocr_line' id='line_1_117' title="bbox 2061 5529 3650 5608; baseline -0.006 -17"><span class='ocrx_word' id='word_1_956' title='bbox 2061 5548 2119 5591; x_wconf 91' lang='lat' dir='ltr'><strong>ut</strong></span> <span class='ocrx_word' id='word_1_957' title='bbox 2145 5547 2291 5608; x_wconf 88' lang='lat' dir='ltr'><strong>parta</strong></span> <span class='ocrx_word' id='word_1_958' title='bbox 2315 5536 2599 5600; x_wconf 83' lang='lat' dir='ltr'><strong>custodiat,</strong></span> <span class='ocrx_word' id='word_1_959' title='bbox 2632 5542 2690 5587; x_wconf 90' lang='lat' dir='ltr'><strong>ut</strong></span> <span class='ocrx_word' id='word_1_960' title='bbox 2713 5540 2993 5587; x_wconf 63' lang='lat' dir='ltr'><strong>conservet</strong></span> <span class='ocrx_word' id='word_1_961' title='bbox 3024 5529 3223 5584; x_wconf 84' lang='lat' dir='ltr'><strong>reditus</strong></span> <span class='ocrx_word' id='word_1_962' title='bbox 3245 5569 3258 5591; x_wconf 87' lang='lat'><strong>,</strong></span> <span class='ocrx_word' id='word_1_963' title='bbox 3285 5537 3338 5582; x_wconf 89' lang='lat' dir='ltr'><strong>et</strong></span> <span class='ocrx_word' id='word_1_964' title='bbox 3367 5536 3516 5582; x_wconf 88' lang='lat' dir='ltr'><strong>curet</strong></span> <span class='ocrx_word' id='word_1_965' title='bbox 3537 5544 3650 5583; x_wconf 88' lang='lat' dir='ltr'><strong>rem</strong></span> 
     </span>
    </p>
   </div>
   <div class='ocr_carea' id='block_1_118' title="bbox 2062 5619 3651 5685">
    <p class='ocr_par' dir='ltr' id='par_1_118' title="bbox 2062 5619 3651 5685">
     <span class='ocr_line' id='line_1_118' title="bbox 2062 5619 3651 5685; baseline -0.005 -2"><span class='ocrx_word' id='word_1_966' title='bbox 2062 5630 2407 5684; x_wconf 84' lang='lat' dir='ltr'><strong>domesticam</strong></span> <span class='ocrx_word' id='word_1_967' title='bbox 2437 5647 2448 5681; x_wconf 94' lang='lat'><strong>:</strong></span> <span class='ocrx_word' id='word_1_968' title='bbox 2481 5640 2600 5679; x_wconf 91' lang='lat' dir='ltr'><strong>nam</strong></span> <span class='ocrx_word' id='word_1_969' title='bbox 2641 5623 2842 5677; x_wconf 89' lang='lat' dir='ltr'><strong>idcirco</strong></span> <span class='ocrx_word' id='word_1_970' title='bbox 2866 5637 2984 5674; x_wconf 89' lang='lat' dir='ltr'><strong>eam</strong></span> <span class='ocrx_word' id='word_1_971' title='bbox 3014 5621 3153 5675; x_wconf 85' lang='lat' dir='ltr'><strong>Deus</strong></span> <span class='ocrx_word' id='word_1_972' title='bbox 3181 5620 3354 5685; x_wconf 85' lang='lat' dir='ltr'><strong>dedit,</strong></span> <span class='ocrx_word' id='word_1_973' title='bbox 3388 5628 3445 5674; x_wconf 90' lang='lat' dir='ltr'><strong>ut</strong></span> <span class='ocrx_word' id='word_1_974' title='bbox 3473 5619 3571 5674; x_wconf 90' lang='lat' dir='ltr'><strong>hac</strong></span> <span class='ocrx_word' id='word_1_975' title='bbox 3600 5637 3651 5675; x_wconf 90' lang='grc' dir='ltr'><strong>ιιι</strong></span> 
     </span>
    </p>
   </div>
   <div class='ocr_carea' id='block_1_119' title="bbox 2060 5710 3653 5778">
    <p class='ocr_par' dir='ltr' id='par_1_119' title="bbox 2060 5710 3653 5778">
     <span class='ocr_line' id='line_1_119' title="bbox 2060 5710 3653 5778; baseline -0.006 -5"><span class='ocrx_word' id='word_1_976' title='bbox 2060 5736 2116 5776; x_wconf 89' lang='lat' dir='ltr'><strong>re</strong></span> <span class='ocrx_word' id='word_1_977' title='bbox 2138 5721 2262 5776; x_wconf 91' lang='lat' dir='ltr'><strong>etin</strong></span> <span class='ocrx_word' id='word_1_978' title='bbox 2283 5718 2491 5774; x_wconf 59' lang='lat' dir='ltr'><strong>caeteris</strong></span> <span class='ocrx_word' id='word_1_979' title='bbox 2523 5713 2676 5769; x_wconf 88' lang='lat' dir='ltr'><strong>nobis</strong></span> <span class='ocrx_word' id='word_1_980' title='bbox 2702 5712 2772 5767; x_wconf 90' lang='lat' dir='ltr'><strong>sit</strong></span> <span class='ocrx_word' id='word_1_981' title='bbox 2795 5710 3013 5764; x_wconf 81' lang='lat' dir='ltr'><strong>auxilio.</strong></span> <span class='ocrx_word' id='word_1_982' title='bbox 3057 5711 3316 5778; x_wconf 84' lang='lat' dir='ltr'><strong>Quoniam</strong></span> <span class='ocrx_word' id='word_1_983' title='bbox 3359 5710 3501 5764; x_wconf 85' lang='lat' dir='ltr'><strong>enim</strong></span> <span class='ocrx_word' id='word_1_984' title='bbox 3547 5711 3653 5765; x_wconf 83' lang='lat' dir='ltr'><strong>vita</strong></span> 
     </span>
    </p>
   </div>
   <div class='ocr_carea' id='block_1_120' title="bbox 2060 5801 3652 5873">
    <p class='ocr_par' dir='ltr' id='par_1_120' title="bbox 2060 5801 3652 5873">
     <span class='ocr_line' id='line_1_120' title="bbox 2060 5801 3652 5873; baseline -0.009 -4"><span class='ocrx_word' id='word_1_985' title='bbox 2060 5816 2173 5869; x_wconf 77' lang='lat' dir='ltr'><strong>hcc</strong></span> <span class='ocrx_word' id='word_1_986' title='bbox 2205 5819 2383 5866; x_wconf 85' lang='lat' dir='ltr'><strong>nostra</strong></span> <span class='ocrx_word' id='word_1_987' title='bbox 2416 5826 2445 5865; x_wconf 89' lang='lat' dir='ltr'><strong>e</strong></span> <span class='ocrx_word' id='word_1_988' title='bbox 2475 5806 2679 5863; x_wconf 87' lang='lat' dir='ltr'><strong>duobus</strong></span> <span class='ocrx_word' id='word_1_989' title='bbox 2710 5811 2952 5867; x_wconf 82' lang='lat' dir='ltr'><strong>constat,</strong></span> <span class='ocrx_word' id='word_1_990' title='bbox 2984 5820 3011 5856; x_wconf 66' lang='grc' dir='ltr'><strong>ετ</strong></span> <span class='ocrx_word' id='word_1_991' title='bbox 3041 5805 3195 5858; x_wconf 80' lang='lat' dir='ltr'><strong>rebus</strong></span> <span class='ocrx_word' id='word_1_992' title='bbox 3230 5801 3445 5873; x_wconf 64' lang='lat' dir='ltr'><strong>privatis</strong></span> <span class='ocrx_word' id='word_1_993' title='bbox 3477 5803 3528 5849; x_wconf 68' lang='lat' dir='ltr'><strong>tl</strong></span> <span class='ocrx_word' id='word_1_994' title='bbox 3550 5808 3652 5862; x_wconf 76' lang='grc' dir='ltr'>ιιιι·</span> 
     </span>
    </p>
   </div>
  </div>
