4006 6422
407 432 502 487 251

414 552 597 617 blieis,
624 566 779 608 suam
808 550 1016 620 utrique
1046 557 1251 619 partem
1283 548 1422 602 Deus
1448 546 1723 614 attribuit,
1771 546 2003 603 femineo

414 642 631 710 quidem
658 641 843 712 generi
868 654 1052 694 curam
1079 638 1154 692 rei
1175 636 1486 692 domestica:
1504 677 1520 700 .
1543 636 1671 692 viris
1694 648 1873 692 autem
1906 653 2004 692 ne-

414 734 558 802 gotia
606 731 813 800 publica
835 771 850 795 ,
881 728 1111 784 forensia
1133 770 1149 794 ,
1167 727 1368 798 judicia
1394 728 1660 783 senatoria
1677 769 1693 795 ,
1719 728 1965 784 militaria
1985 769 2002 796 ,

413 838 606 881 cii-tera
631 825 861 893 denique
882 824 1081 876 omnia.
1109 821 1223 876 Non
1246 830 1420 891 potest
1444 821 1635 877 mulier
1659 821 1867 876 hastam
1897 830 2007 876 tor-

413 932 583 986 quere
607 923 700 968 aut
721 914 944 984 jaculari
969 913 1262 983 spiculum;
1284 912 1378 967 sed
1405 914 1581 968 colum
1611 921 1785 983 potest
1820 928 2006 967 sume-

416 1023 496 1073 re,
518 1017 573 1063 et
602 1009 761 1062 telam
784 1016 986 1071 texere,
1017 1016 1074 1060 ct
1100 1017 1291 1060 caetera
1315 1007 1527 1077 negotia
1547 1004 1837 1061 domestica
1854 1006 2005 1061 obire

413 1099 645 1171 egregie.
675 1097 790 1152 Non
822 1105 997 1166 potest
1022 1097 1073 1151 in
1103 1106 1292 1151 senatu
1321 1098 1639 1152 sententiam
1667 1098 1878 1160 dicere;
1908 1097 2003 1152 scd

416 1203 590 1261 potest
617 1192 684 1246 de
714 1207 771 1246 re
811 1190 1053 1244 familiari
1100 1190 1241 1245 ferre
1263 1190 1618 1255 sententiam,
1641 1198 1697 1244 et
1719 1206 1862 1259 saepe
1891 1205 2004 1244 me.

415 1285 515 1338 lius
540 1300 698 1353 quam
730 1283 950 1337 maritus
992 1283 1265 1351 prospexit
1305 1282 1466 1337 rebus
1512 1282 1840 1337 domesticis.
1886 1282 2000 1338 Non

416 1386 592 1446 potest
618 1376 997 1431 administrare
1027 1374 1263 1444 publica;
1298 1375 1391 1430 sed
1422 1374 1640 1445 pulchre
1667 1385 1841 1444 potest
1867 1375 2003 1431 edu-

413 1484 537 1523 care
578 1467 807 1533 liberos,
853 1483 973 1538 qua:
999 1466 1214 1536 quidem
1258 1467 1519 1537 prmcipna
1564 1476 1647 1523 est
1688 1469 1999 1537 possessio:

414 1568 588 1629 potest
614 1559 924 1613 ancillarum
953 1556 1232 1613 malefacta
1257 1558 1689 1627 deprehendere,
1721 1570 1775 1613 ct
1804 1561 1855 1613 in
1884 1560 2002 1615 offi-

411 1652 497 1707 cio
538 1651 814 1705 continere
861 1649 1151 1717 familiam,
1207 1650 1339 1705 alias
1381 1655 1694 1706 securitates
1747 1653 2003 1708 exhibere

414 1742 604 1796 marito
632 1740 888 1810 illumque
917 1741 1144 1797 liberare
1169 1741 1547 1808 sollicitudine,
1567 1743 1695 1797 dum
1726 1743 1836 1812 ipsa
1858 1744 2001 1799 domi

411 1843 564 1889 curat
589 1849 803 1902 penum,
833 1832 1145 1898 laniﬁcium,
1170 1832 1439 1897 culinam,
1468 1833 1717 1888 decorem
1753 1836 1999 1900 vestium,

415 1942 716 1996 (31‘!chqu
765 1942 937 1996 neque
983 1926 1179 1981 decora
1235 1926 1492 1992 maribus,
1526 1942 1696 1997 neque
1721 1927 1927 1994 facilia,
1958 1929 2003 1983 si

410 2018 512 2073 sibi
557 2018 642 2070 illa
669 2032 929 2086 usurpare
958 2015 1241 2070 volui-rint.
1274 2016 1363 2070 Est
1388 2017 1530 2073 enim
1570 2029 1624 2073 et
1674 2018 1776 2072 boc
1811 2018 2004 2073 divina:

415 2109 793 2177 providentiae,
839 2106 981 2177 quod
1024 2107 1071 2161 is
1097 2107 1187 2177 qui
1213 2108 1265 2160 in
1311 2107 1603 2177 majoribus
1652 2110 1879 2180 negotiis
1921 2119 2003 2165 est

416 2201 594 2265 utilis,
628 2200 679 2254 in
707 2196 1000 2253 minoribus
1044 2182 1310 2266 reperitur
1329 2196 1589 2264 deterior,
1619 2207 1673 2252 ut
1704 2199 2000 2254 necessaria

411 2292 481 2346 sit
510 2291 790 2345 mulierum
817 2304 1003 2359 opera.
1026 2286 1082 2344 Si
1108 2289 1253 2343 enim
1280 2289 1332 2343 in
1363 2290 1601 2359 utrisque
1623 2291 1703 2345 vir
1727 2289 2004 2360 praecelle-

413 2393 495 2438 ret
515 2423 532 2447 ,
565 2381 720 2437 facile
741 2390 1177 2436 contemneretur
1195 2396 1365 2451 genus
1392 2380 1681 2435 femineum
1709 2399 1722 2433 :
1746 2393 1932 2436 contra
1958 2382 2002 2435 si

412 2474 467 2528 in
498 2471 953 2542 praistantioribus
985 2469 1156 2539 major
1182 2478 1327 2524 esset
1356 2485 1483 2524 usus
1528 2470 1840 2539 mulierum,
1888 2471 1995 2540 ple-

414 2580 498 2618 na:
523 2571 705 2618 essent
734 2562 1034 2616 insolentia.
1084 2559 1442 2628 Quamobrem
1470 2577 1576 2615 non
1614 2562 1883 2617 commisit
1910 2563 2000 2617 uni

414 2664 669 2724 utraque,
702 2668 768 2707 ne
797 2651 1018 2705 alterius
1043 2650 1255 2721 generis
1281 2650 1519 2706 deterior
1566 2652 1723 2707 ﬁeret
1763 2653 2004 2709 conditio

411 2758 471 2802 ut
495 2744 876 2814 supervacanei
913 2762 925 2795 :
960 2758 1058 2797 nec
1102 2752 1277 2797 tamen
1307 2757 1374 2797 ex
1412 2759 1565 2813 atquo
1589 2743 1861 2799 distribuit
1883 2744 2005 2798 ofti-

410 2836 491 2890 cia
512 2875 528 2900 ,
562 2852 630 2891 ne
672 2828 814 2889 inter
842 2843 1079 2902 aequatos
1118 2832 1322 2888 bonore
1353 2834 1587 2887 oriretur
1612 2833 1678 2887 de
1707 2835 2004 2903 prinCipatu

415 2925 713 2990 contentio,
736 2923 996 2978 uxoribus
1015 2939 1120 2976 non
1147 2923 1485 2992 dignantibus
1501 2923 1632 2976 viris
1659 2923 2003 2994 pra-rogativa

418 3016 614 3071 cedere
666 3031 679 3068 :
730 3013 822 3066 sed
855 3026 960 3081 quo
984 3022 1038 3065 ct
1081 3011 1382 3065 concordiae
1413 3020 1467 3065 et
1506 3011 1955 3082 decorem-05pm
1980 3044 2007 3055 .-

413 3117 528 3174 ret,
557 3106 627 3161 ita
650 3104 839 3160 ordine
859 3117 983 3156 suas
1001 3103 1193 3171 cuique
1213 3094 1688 3155 sexuifunctiones
1704 3101 2003 3168 distribuit,

415 3210 473 3254 ut
517 3197 701 3252 utilior
742 3208 807 3248 ac
844 3192 1011 3262 magis
1050 3194 1351 3250 necessaria
1379 3206 1500 3261 pars
1528 3191 1645 3247 viro
1667 3193 1964 3264 obtingeret
1987 3234 2007 3263 ,

417 3291 589 3344 minor
627 3294 808 3343 autem
841 3292 895 3340 et
932 3282 1425 3348 inferiorfeminai;
1453 3291 1508 3337 et
1531 3282 1618 3337 ille
1637 3284 1851 3354 quidem
1883 3302 2011 3355 pro-

414 3394 532 3454 pter
562 3380 889 3452 praicipuum
917 3375 998 3429 sui
1027 3390 1181 3430 usum
1205 3376 1356 3428 tieret
1377 3372 1725 3441 honorabilis,
1751 3375 1866 3432 lucc
1883 3392 2010 3430 vero

415 3485 633 3547 propter
662 3472 846 3526 viliora
870 3469 1160 3523 ministeria
1183 3476 1367 3523 contra
1396 3468 1677 3540 conjugem
1702 3485 1809 3523 non
1836 3470 2009 3525 insur-

412 3574 582 3637 geret.

484 3655 613 3711 Sola
655 3655 812 3709 vinus
848 3663 896 3707 et
936 3668 1133 3706 morum
1169 3652 1390 3721 probitas
1442 3651 1494 3704 in
1524 3667 1681 3706 uxore
1710 3654 2003 3722 qita'reudit.

418 3747 605 3804 Uxoris
621 3746 788 3800 divitis
804 3743 1341 3799 incommorla.—-il:ec
1362 3743 1521 3814 igitur
1547 3760 1733 3799 omnes
1743 3762 1864 3800 cum
1877 3746 2011 3800 scia-

413 3857 554 3907 mus,
587 3855 749 3894 unum
786 3847 987 3891 tinuum
1006 3850 1329 3906 quatramus.
1350 3849 1541 3903 nempe
1560 3836 1806 3890 virtutem
1824 3837 2008 3904 animi,

412 3945 466 3989 et
492 3947 698 3987 morum
720 3929 987 4000 egregiam
1009 3927 1152 3981 indtl
1174 3943 1263 3991 -m,
1284 3936 1342 3980 ut
1360 3942 1487 3995 pace
1506 3927 1763 3993 fruamur,
1787 3938 1841 3982 et
1861 3928 2012 3983 oble-

416 4035 623 4076 rtemur
648 4020 933 4076 concordia
961 4026 1315 4087 perpetuaque
1342 4018 1726 4073 benevolentia.
1747 4019 1845 4087 Qui
1868 4022 2010 4075 enim

414 4114 636 4167 divitem
657 4110 808 4165 duxit
834 4124 1051 4162 uxorem
1073 4149 1088 4173 ,
1116 4109 1385 4162 dominam
1414 4112 1582 4180 magis
1610 4112 1711 4167 sibi
1737 4114 2009 4182 quaisitit,

418 4219 575 4273 quam
604 4201 906 4270 conjugt‘m.
935 4199 1066 4253 Cum
1085 4199 1225 4252 enim
1242 4208 1296 4252 et
1310 4199 1510 4269 absque
1532 4201 1634 4255 hoc
1656 4204 1906 4259 mulieres
1930 4205 2010 4258 in-

418 4293 578 4365 genio
604 4291 837 4361 superbo
857 4290 958 4342 sint
980 4289 1304 4357 honorisque
1330 4289 1543 4358 cupido,
1575 4291 1619 4344 si
1646 4308 1775 4360 opes
1800 4308 2013 4364 quoque

420 4386 747 4440 accesserint
765 4425 779 4447 ,
819 4379 1089 4452 quomodo
1117 4389 1277 4435 erunt
1305 4382 1509 4436 maritis
1540 4382 1888 4439 tolerabiles?
1912 4385 2011 4455 Qui

419 4486 598 4530 autent
641 4473 902 4545 a-qualcm
943 4471 1131 4536 duxit,
1159 4478 1253 4524 aut
1283 4471 1472 4541 opibus
1498 4470 1599 4526 sibi
1629 4473 1918 4543 imparem,
1949 4476 2014 4531 iis

419 4566 735 4634 adjuirieem
777 4563 927 4620 duxit
962 4571 1018 4619 et
1060 4563 1296 4627 sociam,
1338 4572 1394 4618 et
1418 4565 1597 4619 omnia
1624 4565 1762 4620 bona
1790 4569 1900 4624 suis
1931 4569 2015 4623 iii-

421 4661 575 4714 duxit
619 4658 841 4712 aedibus.
895 4655 1010 4726 Ipsa
1061 4657 1204 4711 enim
1256 4659 1583 4727 paupertatis
1626 4662 1919 4717 necessitas
1962 4663 2011 4717 ei

428 4749 746 4820 persuadet,
780 4760 834 4801 ut
864 4749 1111 4803 maritum
1137 4748 1279 4802 colat
1310 4748 1479 4804 modis
1505 4750 1753 4807 omnibus
1773 4794 1788 4818 ,
1816 4752 2014 4809 cedens

425 4842 501 4896 illi
548 4848 604 4896 et
645 4841 946 4910 obsequens
989 4853 1083 4908 per
1120 4840 1300 4894 omnia
1343 4857 1357 4894 :
1394 4842 1576 4911 sicque
1613 4845 1970 4899 conte.itionis
1995 4885 2013 4913 ,

425 4937 588 4999 νῆιν,
637 4931 964 4995 insnlentiae,
1009 4931 1455 4985 contumeliarmn
1498 4933 1719 4988 niate‘ria
1767 4936 2011 4991 tollitur:

428 5027 573 5095 pacis
597 5033 774 5077 autem
800 5065 816 5089 ,
843 5022 1161 5089 Concordia),
1187 5022 1488 5077 dilectionis
1509 5039 1907 5096 consensusque
1926 5042 2015 5081 ac-

420 5118 566 5172 cedit
616 5115 905 5169 vinculum.
953 5114 1063 5169 Pax
1123 5115 1282 5184 igitur
1322 5125 1377 5169 et
1412 5115 1645 5185 jucunda
1685 5119 2014 5173 consuetudo

421 5207 711 5281 quaerenda
755 5216 864 5270 est,
913 5220 1017 5258 non
1059 5206 1297 5273 pecunia.
1333 5204 1388 5258 In
1415 5205 1516 5259 hoc
1542 5205 1736 5261 factum
1765 5216 1850 5263 est
1876 5225 2011 5263 con-

420 5304 617 5373 iugiqu
638 5341 655 5367 ,
687 5315 790 5354 non
820 5309 876 5352 ut
903 5298 1033 5352 rixis
1060 5298 1213 5366 plena
1245 5299 1314 5352 sit
1338 5299 1527 5352 domus
1549 5309 1603 5353 et
1625 5301 1728 5355 bell
1752 5320 1762 5350 ι
1783 5344 1797 5366 ,
1826 5317 1927 5355 non
1956 5311 2012 5355 ut

420 5395 541 5449 tites
584 5393 760 5446 adsint
800 5400 855 5446 et
899 5389 1204 5453 contentio,
1249 5403 1353 5443 non
1398 5399 1453 5443 ut
1482 5392 1680 5446 mutuis
1709 5391 2014 5446 laboremus

416 5484 673 5547 dissitliis,
697 5492 752 5538 et
774 5483 854 5538 sic
884 5482 1124 5536 vivamus
1155 5491 1213 5534 ut
1242 5479 1365 5534 vitae
1395 5480 1586 5535 ticdeat
1619 5499 1631 5534 :
1665 5481 1756 5536 scd
1783 5493 1840 5536 ut
1867 5483 2011 5536 frua-

419 5594 539 5631 mur
561 5576 858 5648 adjutorio,
881 5584 936 5629 ct
976 5583 1184 5642 portum
1213 5572 1502 5626 habeamus
1523 5613 1538 5638 ,
1564 5573 1823 5643 refugium
1858 5585 2018 5645 atque

417 5670 665 5721 solatium
689 5706 704 5731 ,
733 5682 839 5735 quo
867 5664 1036 5719 levius
1066 5663 1300 5719 feramus
1329 5664 1664 5719 incommoda
1690 5704 1706 5729 ,
1741 5676 1904 5734 utque
1926 5666 2016 5733 ju-

418 5757 606 5809 cundis
649 5757 831 5809 uxoris
869 5769 1172 5809 recreemur
1200 5754 1495 5823 colloquiis.
1524 5754 1663 5820 Quot
1688 5755 1880 5810 divites
1907 5755 2001 5809 dii-

420 5847 524 5899 uis
561 5845 823 5916 opulentis
870 5842 1152 5911 uxoribus,
1188 5857 1247 5899 re
1276 5853 1426 5899 aucta
1455 5844 1764 5899 exciderunt
1792 5860 1824 5900 a
1853 5844 2011 5900 voiu-.

1121 433 1181 490 S.
1220 432 1498 491 JOANNIS
1533 431 2011 491 CIIBYSOSTOMI
2049 432 2369 491 ARCUIEP.
2409 434 2938 497 CONSTANTINOP.

3589 449 3712 507 252

2112 557 2260 619 ptate
2290 550 2594 605 concordia:
2614 593 2629 616 ,
2662 568 2732 608 ne
2761 568 2945 608 mensa
2975 555 3189 625 quidem
3220 569 3437 616 vacante
3464 578 3494 616 a
3524 568 3715 633 quoti-

2108 638 2282 695 dianis
2307 641 2495 710 pugnis
2512 650 2567 696 ct
2587 644 3063 700 contentionibus?
3088 658 3218 718 quot
3239 666 3501 720 pauperes
3524 654 3716 710 ductis

2112 730 2276 784 etiam
2302 732 2707 801 pauperioribus
2732 735 2915 790 vivunt
2940 737 2994 791 in
3015 754 3176 809 pace,
3200 751 3255 795 et
3274 742 3560 800 admodum
3590 747 3716 803 lteti

2108 822 2275 876 solent
2323 821 2464 877 hunc
2504 824 2802 893 aspiciunt;
2834 827 3027 883 divites
3053 841 3241 886 contra
3267 835 3513 890 omnibus
3537 837 3714 892 afﬂu-

2106 919 2262 966 entes
2284 911 2493 966 deliciis
2513 953 2526 973 .
2564 925 2782 984 propter
2807 931 3004 973 uxores
3028 920 3190 974 vitam
3220 937 3442 978 exesam
3467 924 3677 982 habent
3693 967 3714 992 ,

2106 1013 2162 1059 et
2200 1015 2427 1060 mortem
2472 1006 2609 1060 votis
2646 1010 2949 1078 expetunt?
2991 1011 3128 1067 adeo
3170 1015 3314 1070 nulla
3339 1027 3423 1071 est
3449 1021 3716 1087 pecunia-

2106 1113 2225 1152 rum
2266 1099 2494 1164 utilitas,
2534 1100 2635 1155 nisi
2674 1100 2726 1155 in
2770 1104 2963 1157 bonam
3004 1104 3236 1162 animam
3285 1109 3586 1166 inciderint.
3635 1112 3713 1168 Et

2105 1188 2232 1257 quid
2257 1204 2394 1260 opus
2421 1201 2505 1245 est
2530 1191 2599 1247 de
2619 1206 2750 1261 pace
2777 1193 2920 1264 loqui
2946 1207 3001 1250 ct
3027 1198 3310 1253 concordia
3332 1242 3349 1267 ,
3376 1203 3588 1271 quando
3615 1206 3711 1259 di-

2108 1281 2295 1334 tiorem
2339 1281 2558 1338 duxisse
2597 1298 2992 1354 nonnumquam
3038 1286 3107 1342 ad
3156 1291 3407 1358 pecunias
3433 1295 3713 1361 parandas

2106 1369 2204 1425 fuit
2228 1371 2601 1428 obstaculum?
2628 1374 2715 1429 Fit
2732 1376 2875 1430 enim
2905 1376 3170 1433 interdum
3193 1391 3252 1434 ut
3270 1382 3360 1450 qui
3384 1392 3548 1437 totam
3568 1384 3713 1439 sub-

2106 1464 2356 1521 stantiam
2388 1465 2440 1519 in
2465 1467 2776 1523 accessione
2800 1468 2941 1524 dotis
2967 1472 3168 1526 uxoria:
3194 1473 3512 1540 contribuit,
3536 1478 3712 1546 paulo

2107 1565 2227 1625 post
2266 1557 2338 1613 ob
2385 1557 2724 1613 immaturum
2769 1560 3015 1631 conjugis
3057 1562 3262 1618 obitum
3307 1574 3470 1620 totam
3515 1566 3709 1623 dotem

2107 1664 2393 1703 numerare
2434 1658 2658 1721 cogatur
2680 1650 2930 1707 amnibus
2960 1670 2974 1706 :
3003 1662 3058 1708 et
3082 1656 3531 1723 quemadmodum
3558 1673 3709 1712 nau-

2106 1741 2234 1810 fragi
2275 1750 2494 1796 enatant
2529 1741 2673 1797 nudo
2710 1758 2936 1813 corpore
2958 1786 2974 1810 ,
3013 1747 3084 1800 ita
3113 1753 3171 1802 et
3198 1746 3285 1802 hic
3314 1757 3436 1818 post
3460 1758 3538 1804 tot
3559 1764 3707 1806 eon-

2109 1833 2406 1899 trntiones,
2442 1834 2620 1901 rixas,
2655 1834 2774 1891 lites
2802 1845 2859 1892 et
2881 1836 3101 1907 injurias
3125 1854 3269 1910 a‘gre
3296 1850 3507 1897 tueatur
3533 1842 3711 1899 liber-

2107 1934 2268 1979 tatem
2308 1925 2566 1994 corporis.
2615 1926 2678 1981 Et
2704 1927 2843 1983 sicut
2870 1928 3198 1987 insatiabiles
3227 1934 3581 2002 negotiatores
3608 1952 3711 1991 re-

2108 2015 2246 2084 pleta
2291 2016 2408 2069 navi
2451 2016 2745 2072 innumeris
2784 2019 3044 2085 sarcinis,
3080 2030 3137 2076 et
3171 2023 3439 2093 congestis
3464 2024 3713 2094 pluribus

2106 2123 2264 2177 quam
2312 2108 2533 2177 perferri
2574 2110 2780 2178 possint
2818 2111 3102 2178 oneribus,
3134 2127 3312 2168 merso
3341 2114 3552 2185 navigio
3576 2130 3713 2186 per-

2106 2199 2237 2252 dunt
2282 2198 2460 2253 omnia
2493 2215 2509 2252 :
2541 2199 2612 2253 ita
2654 2208 2710 2254 et
2735 2201 2824 2267 qui
2853 2216 3159 2271 priegraves
3185 2202 3380 2272 opibus
3405 2216 3712 2275 sequuntur

2107 2290 2317 2357 nuptias
2338 2330 2355 2354 ,
2384 2289 2510 2343 dum
2538 2290 2797 2359 majorem
2821 2306 2916 2361 per
2939 2292 3244 2361 conjugium
3274 2293 3490 2364 adipisci
3514 2311 3574 2351 se
3601 2311 3711 2366 pu-

2108 2389 2218 2434 tant
2247 2379 2631 2448 substantiam,
2669 2381 2920 2436 amittunt
2955 2392 3008 2438 et
3048 2397 3166 2437 eam
3189 2421 3208 2449 ,
3246 2399 3365 2453 qua:
3396 2385 3544 2454 prius
3570 2385 3715 2456 ipsis

2106 2471 2314 2533 fuerat;
2343 2472 2481 2527 sicut
2510 2474 2653 2526 enim
2677 2472 2785 2528 illic
2811 2474 2969 2529 unius
2993 2474 3187 2529 ﬂuctus
3213 2474 3414 2544 impetu
3434 2477 3585 2532 navis
3601 2492 3711 2547 op-

2110 2563 2353 2631 primitur
2383 2580 2397 2617 :
2430 2562 2509 2618 sic
2528 2572 2583 2619 ct
2602 2561 2690 2618 hic
2711 2563 2992 2619 immatura
3018 2579 3165 2619 mors
3186 2565 3427 2636 conjugis
3450 2582 3715 2637 superve-

2108 2654 2261 2709 nicns
2276 2670 2398 2709 cum
2426 2671 2592 2710 uxore
2614 2656 2775 2712 etiam
2805 2672 2920 2713 rem
2946 2673 3163 2715 omnem
3188 2661 3371 2731 eripit.

2179 2745 2233 2800 5.
2284 2744 2412 2801 Hinc
2451 2745 2613 2815 igitur
2634 2749 2813 2803 omnia
2837 2749 3135 2819 cogitantes
3165 2765 3275 2806 non
3302 2753 3553 2822 pecunias
3574 2768 3708 2824 spe-

2108 2843 2314 2889 ctemus
2335 2875 2352 2902 ,
2379 2836 2474 2891 sed
2495 2837 2811 2906 probitatem
2835 2879 2850 2904 ,
2872 2836 3205 2895 honestatem
3226 2881 3243 2907 ,
3266 2850 3321 2896 et
3343 2842 3705 2911 prudentiam.

2104 2926 2300 2981 Mulier
2344 2927 2489 2982 enim
2534 2927 2791 2995 cordata,
2841 2932 3099 3000 probata,
3141 2932 3424 2998 modesta,
3466 2935 3538 2988 sit
3578 2936 3710 2991 licet

2112 3033 2312 3089 panper
2328 3061 2344 3086 ,
2374 3028 2742 3090 paupertatem
2763 3021 3098 3101 commorﬁus
3118 3022 3253 3079 feret
3276 3041 3435 3095 quam
3456 3025 3705 3080 divitias:

2108 3109 2248 3163 sicut
2287 3119 2473 3165 contra
2518 3126 2730 3167 morosa
2756 3151 2777 3177 ,
2814 3113 3181 3180 contentiosa,
3220 3124 3277 3168 et
3309 3115 3705 3184 intemperans,

2111 3200 2317 3254 etiamsi
2350 3201 2591 3271 ingentes
2617 3200 2898 3257 thesauros
2921 3203 2974 3256 in
2995 3203 3200 3258 mdibus
3226 3203 3495 3271 inveniat,
3518 3208 3709 3275 quavis

2114 3291 2342 3359 procella
2364 3291 2522 3347 citius
2547 3306 2641 3346 eos
2666 3292 2921 3361 dissipat,
2947 3293 3300 3365 maritumque
3318 3306 3371 3350 et
3393 3306 3708 3366 paupertate

2112 3392 2165 3435 et
2195 3382 2487 3436 innumeris
2513 3382 3157 3439 involvitcalainitatibus.
3179 3384 3295 3439 Non
3318 3386 3476 3456 igitur
3493 3386 3708 3442 divitias

2112 3488 2451 3542 «put-ramus,
2486 3471 2582 3528 sed
2621 3488 2741 3544 quae
2784 3484 3077 3545 prtesentes
3116 3474 3398 3533 facultates
3431 3477 3707 3549 dispenset

2112 3565 2414 3619 couunode.

2184 3654 2288 3708 Cur
2325 3630 2609 3710 institutum
2651 3658 2805 3728 fuerit
2842 3658 3157 3730 conjuginm.
3215 3658 3521 3728 Exemplum
3544 3660 3707 3715 Abra-

2114 3739 2252 3793 Iiami
2281 3739 2390 3806 [ilio
2414 3757 2507 3795 suo
2540 3757 2751 3795 uxorem
2774 3744 3065 3813 querentis.
3096 3772 3168 3782 —
3195 3745 3333 3807 Ante
3356 3745 3535 3798 omnia
3561 3744 3709 3801 disce

2115 3850 2360 3904 quaenam
2388 3833 2547 3890 fuerit
2567 3850 2725 3891 causa
2751 3836 3007 3906 conjugii,
3028 3844 3084 3890 et
3101 3837 3451 3906 quamobrem
3479 3837 3531 3891 in
3557 3852 3705 3892 com-

2116 3943 2329 3982 munem
2361 3928 2521 3981 vitam
2550 3927 2909 3983 introductum
2930 3928 3018 3995 sit,
3042 3944 3142 3985 nec
3160 3929 3445 4000 quid-piam
3465 3931 3709 4001 requiras

2115 4019 2367 4089 amplius.
2409 4017 2539 4084 Qua:
2578 4019 2734 4089 igitur
2771 4018 2868 4074 fuit
2895 4034 3054 4074 causa
3081 4020 3348 4090 conjugii,
3373 4032 3424 4074 et
3452 4036 3551 4075 cur
3576 4020 3702 4078 illud

2116 4108 2298 4163 datum
2339 4119 2417 4161 est
2459 4107 2756 4163 divinitus?
2781 4109 2919 4164 Audi
2951 4109 3170 4164 Paulum
3199 4111 3496 4175 dicentem,
3531 4110 3610 4163 Ad
3632 4112 3708 4164 ei-

2115 4199 2296 4252 tandns
2334 4209 2502 4252 autem
2539 4200 2865 4254 scortationes
2891 4201 3098 4271 quisque
3130 4218 3275 4255 suam
3299 4218 3506 4255 mairem
3528 4201 3706 4254 habeat

2122 4292 2198 4359 (l.
2229 4289 2344 4344 Cor.
2382 4291 2435 4344 7.
2462 4290 2539 4360 2).
2585 4290 2701 4345 Non
2744 4291 2915 4357 dixit,
2963 4291 3030 4346 Ut
3057 4293 3284 4347 evitetur
3311 4302 3624 4361 paupertas,
3652 4302 3708 4346 ct

2121 4392 2373 4451 parentur
2409 4381 2608 4437 divitiae
2655 4400 2670 4438 :
2713 4383 2809 4438 sed
2838 4382 3001 4452 quid?
3027 4382 3095 4439 Ut
3122 4380 3503 4438 scortationem
3533 4383 3702 4440 evite-

2118 4487 2268 4535 mus,
2316 4481 2374 4526 ut
2417 4473 2761 4528 moderemur
2804 4474 3333 4543 concupiscentiam,
3381 4483 3441 4529 ut
3469 4476 3705 4529 vivamus

2119 4564 2329 4631 sobrie,
2378 4576 2436 4618 ut
2476 4565 2585 4620 Deo
2625 4566 2930 4634 placeamus
2966 4566 3202 4621 contenti
3243 4582 3410 4622 uxore
3447 4567 3700 4638 pr0pria:

2121 4654 2222 4710 lioc
2268 4657 2424 4711 nobis
2465 4657 2620 4712 afl'ert
2666 4657 3005 4728 conjugium,
3057 4657 3143 4712 hic
3189 4658 3305 4727 ejus
3345 4658 3705 4724 fructus,boc

2123 4747 2246 4802 inde
2272 4749 2476 4802 lucrum
2503 4758 2605 4803 est.
2633 4748 2773 4803 Cave
2802 4747 2963 4818 igitur
2987 4748 3200 4803 omissis
3225 4749 3520 4817 potioribus
3538 4758 3706 4804 secte-

2123 4838 2197 4892 ris
2224 4854 2343 4909 qua:
2372 4840 2596 4893 minoris
2619 4848 2744 4893 sunt
2772 4838 2930 4908 pretii
2954 4857 2968 4893 :
3001 4855 3152 4895 mens
3182 4840 3324 4895 enim
3351 4840 3531 4894 sobria
3557 4840 3704 4909 longe

2124 4940 2341 4998 praestat
2366 4929 2585 4986 divitiis.
2618 4930 2728 4986 Hoc
2754 4931 2895 4984 enim
2928 4947 3091 4986 unum
3117 4931 3169 4985 in
3192 4931 3442 5002 conjiigio
3466 4942 3705 5001 spectan-

2118 5023 2243 5076 dum
2272 5034 2353 5077 est
2381 5024 2611 5078 maxime
2632 5065 2648 5088 ,
2676 5033 2732 5076 ut
2762 5033 3037 5092 peccatum
3069 5023 3382 5093 effugiamus
3400 5064 3416 5088 ,
3440 5035 3494 5077 ut
3513 5025 3704 5077 immu-

2121 5130 2215 5169 nes
2257 5115 2425 5170 siinus
2466 5130 2496 5169 a
2538 5114 2954 5170 scortationibus
2998 5132 3012 5169 :
3051 5117 3101 5168 in
3134 5117 3232 5167 hoc
3256 5114 3562 5184 qua-renda:
3588 5124 3708 5167 sunt

2123 5205 2319 5275 nuptia:
2343 5246 2359 5272 ,
2389 5215 2445 5259 ut
2472 5206 2538 5259 ad
2571 5208 2730 5259 vitam
2758 5205 2946 5276 pudice
2967 5205 3262 5276 degendam
3290 5219 3391 5259 nos
3417 5204 3701 5274 adjuvent:

2121 5298 2262 5366 quod
2292 5297 2361 5351 ita
2389 5297 2602 5351 demum
2634 5296 2866 5351 futurum
2894 5306 2974 5351 est
2999 5338 3016 5362 ,
3042 5298 3085 5350 si
3116 5296 3234 5350 talis
3252 5311 3449 5366 sponsa
3477 5296 3706 5364 contige-

2122 5388 2219 5454 rit,
2251 5404 2369 5458 quze
2394 5387 2460 5442 ad
2491 5388 2554 5456 pi.
2577 5396 2767 5452 tatem,
2800 5386 2867 5440 ad
2894 5387 3297 5457 temperantiam
3319 5398 3371 5440 et
3393 5386 3704 5455 probitatem

2122 5494 2220 5533 nos
2249 5493 2493 5548 magnam
2526 5478 2728 5549 redigat
2788 5478 3042 5548 Corporis
3069 5479 3210 5532 enim
3244 5478 3585 5547 pulchritudo
3607 5476 3704 5530 nisi

2120 5570 2457 5637 conjunctam
2502 5569 2695 5623 habeat
2729 5570 2977 5625 virtutem
3022 5568 3216 5634 animi,
3249 5568 3447 5640 poterit
3495 5568 3705 5638 quidem

2124 5662 2373 5716 maritum
2418 5677 2588 5730 usque
2624 5660 2691 5715 ad
2717 5661 2904 5716 decem
2930 5671 3022 5715 aut
3051 5660 3265 5730 viginti,
3294 5659 3576 5729 trigintave
3596 5657 3705 5711 dies

2120 5768 2347 5823 capere,
2404 5752 2496 5806 sed
2542 5752 2785 5807 eamdem
2833 5754 2942 5808 vim
2989 5770 3095 5808 non
3135 5751 3398 5808 obtinebit
3448 5750 3703 5812 ulterius,

2119 5845 2261 5915 quod
2305 5844 2626 5901 incentivum
2673 5846 2803 5902 illud
2845 5850 3043 5904 amoris
3089 5854 3340 5903 vanescat
3368 5843 3576 5902 detecta
3600 5856 3704 5896 ma-
