4006 6446
260 390 355 446 253

254 506 351 559 litia
381 518 394 569 ;
421 508 475 555 at
496 513 615 570 qua:
645 497 807 552 animi
840 494 1040 564 pollent
1066 492 1463 562 pulchritudine
1483 533 1497 556 ,
1522 506 1627 561 quo
1653 489 1820 559 magis

256 592 497 664 temporis
540 603 791 661 processu
840 586 1249 657 generositatem
1296 599 1445 638 suam
1485 582 1818 652 approbant,

256 694 394 741 tanto
428 680 622 737 acriori
651 679 863 734 ﬂamma
894 685 1056 732 urunt
1085 676 1398 731 maritorum
1447 686 1681 744 pectora.
1713 674 1822 727 lloc

252 786 396 846 pacto
426 773 511 828 ubi
541 771 741 827 fervida
783 778 838 824 et
866 780 1118 838 germana
1163 767 1457 821 innascitur
1501 764 1823 821 benevolen-

250 869 335 930 tia,
364 879 520 920 omne
542 861 711 932 stupri
741 874 910 931 genus
935 859 1165 923 exsulat,
1190 867 1246 912 et
1270 859 1350 913 sic
1372 857 1570 912 amanti
1599 871 1818 910 uxorem

246 971 312 1012 ne
350 957 403 1011 in
445 962 680 1010 mentem
709 950 924 1021 quidem
952 950 1095 1003 venit
1121 948 1367 1021 voluptas
1406 948 1506 1002 nisi
1552 947 1820 1016 legitima,

250 1045 544 1103 immanenti
573 1018 846 1097 amoribus
876 1040 1138 1111 propriis,
1180 1049 1235 1094 et
1266 1018 1367 1108 per,
1388 1037 1689 1106 pudicitiam
1729 1051 1816 1091 ea-

247 1138 404 1206 ptanti
447 1135 683 1190 favorem
713 1134 944 1189 ctelestis
984 1132 1253 1197 numinis,
1288 1131 1438 1201 cujus
1478 1130 1729 1200 auspiciis
1767 1140 1824 1184 et

248 1226 606 1283 benevolentia
635 1227 778 1282 inter
799 1225 1055 1295 conjuges
1084 1224 1152 1279 sit
1180 1231 1457 1293 perpetua,
1492 1231 1546 1276 et
1575 1222 1689 1292 ejus
1719 1237 1822 1291 ope

243 1321 636 1375 administretur
661 1333 749 1373 res
776 1317 1091 1372 domestica.
1118 1315 1208 1371 Sic
1234 1330 1432 1370 uxores
1471 1314 1572 1368 sibi
1615 1329 1823 1384 quzerc—

240 1414 358 1467 bant
402 1411 561 1483 prisci
596 1411 668 1465 illi
695 1411 890 1464 virtute
920 1408 1162 1473 nobiles,
1195 1406 1508 1477 praeclaram
1547 1405 1710 1477 animi
1742 1406 1821 1458 in-

241 1505 409 1558 dolem
451 1502 503 1556 in
549 1502 628 1556 cis
667 1508 1008 1570 spectantes,
1061 1514 1166 1553 non
1212 1497 1552 1567 pecuniarum
1589 1497 1818 1564 cepiam,

240 1593 375 1663 quod
408 1593 476 1647 ita
504 1608 627 1647 esse
660 1600 719 1645 ut
745 1591 854 1646 dixi
887 1606 993 1644 uno
1021 1589 1266 1659 exemplo
1294 1588 1631 1644 indicabitur.
1659 1588 1821 1641 Abra-

242 1686 414 1738 Iunnus
428 1685 546 1754 jam
572 1683 741 1738 senior
771 1690 1112 1752 provectwque
1135 1680 1298 1734 aetatis
1324 1680 1452 1733 dixit
1475 1694 1616 1733 servo
1638 1678 1822 1749 majori

237 1777 411 1829 domus
433 1792 562 1842 sucu,
584 1775 671 1845 qui
692 1782 906 1844 prteemt
927 1774 1034 1844 ejus
1056 1771 1285 1826 erunibus
1310 1771 1652 1843 facultatibus,
1683 1770 1824 1825 Pone

240 1882 436 1921 manum
482 1875 625 1920 tuam
660 1865 828 1919 subter
866 1868 1033 1935 femur
1075 1880 1277 1925 meum,
1305 1874 1360 1916 ut
1385 1864 1616 1931 adiurem
1655 1873 1703 1917 te
1732 1879 1825 1932 per

240 1956 508 2010 Dominum
532 1954 700 2010 Deum
720 1955 832 2009 caeli
860 1964 906 2009 et
936 1964 1083 2008 terra:
1103 1993 1118 2018 ,
1152 1964 1206 2006 ut
1235 1969 1335 2007 non
1365 1954 1588 2023 accipias
1615 1970 1823 2007 uxorem

243 2051 346 2118 ﬁlio
384 2066 495 2103 meo
535 2047 688 2102 Isaac
730 2049 793 2101 de
821 2048 1024 2116 ﬁliabus
1051 2046 1459 2100 Cltanana'orum
1482 2087 1497 2110 ,
1528 2047 1661 2099 inter
1699 2059 1823 2116 quos

236 2141 421 2208 habito,
442 2141 534 2195 sed
553 2140 621 2193 ad
641 2149 821 2193 terram
838 2155 1000 2192 meam
1018 2138 1102 2191 ubi
1117 2147 1264 2191 natus
1278 2154 1409 2199 sum,
1426 2146 1470 2190 et
1483 2137 1552 2190 ad
1566 2139 1822 2207 cognatio-

237 2248 344 2284 nem
371 2248 535 2284 meam
557 2230 915 2300 proﬁciscaris,
936 2237 980 2284 et
1006 2228 1124 2281 inde
1142 2245 1350 2281 uxorem
1367 2228 1474 2297 ﬁlio
1499 2244 1609 2281 meo
1642 2226 1823 2295 capias

236 2323 255 2390 (
278 2321 404 2376 Gen.
429 2322 524 2376 24.
561 2322 658 2376 1-4
678 2319 722 2393 ).
752 2320 941 2376 Viden‘
963 2320 1090 2390 justi
1122 2319 1279 2389 hujus
1307 2319 1558 2373 virtutem
1578 2360 1594 2385 ,
1626 2329 1822 2387 quanta

234 2428 357 2466 cura
403 2412 607 2483 nuptiis
651 2411 1017 2481 prospexerit?
1043 2410 1160 2465 Non
1189 2410 1332 2465 enim
1365 2410 1603 2464 adhibuit
1633 2409 1823 2478 [tel'dU°

233 2503 424 2558 ctrices
456 2502 805 2557 mulierculas
826 2544 840 2566 ,
869 2511 925 2556 ut
954 2518 1094 2556 nunc
1124 2501 1210 2565 lit,
1243 2516 1417 2571 neque
1439 2500 1707 2569 pronubas
1731 2511 1823 2555 aut

236 2612 361 2651 auus
390 2598 662 2670 garrulas,
691 2597 788 2656 sed
824 2595 1031 2651 buttqu
1058 2610 1158 2655 suo
1187 2594 1458 2649 commisit
1508 2593 1611 2648 hoc
1654 2608 1818 2663 nego-

236 2698 361 2750 tium
386 2715 400 2753 :
425 2696 572 2767 quod
597 2712 772 2767 ipsum
797 2710 1046 2767 magnum
1081 2695 1294 2765 pietatis
1320 2687 1637 2764 patriarchae
1665 2705 1824 2763 argu-

235 2799 466 2842 ntellluttt
496 2798 617 2854 est,
647 2788 788 2858 quod
832 2797 938 2841 tam
984 2787 1123 2841 bene
1155 2786 1383 2841 instituit
1426 2785 1678 2839 famulum
1707 2825 1721 2846 ,
1765 2793 1823 2839 ut

232 2881 418 2950 dignus
445 2883 623 2947 ﬁeret,
646 2881 733 2936 cui
754 2880 1065 2936 crederetur
1089 2879 1194 2935 tale
1221 2878 1593 2934 ministerium.
1623 2877 1823 2933 Deinde

232 2975 505 3029 mulierem
547 2974 738 3043 qutcrit
769 2989 874 3027 non
908 2973 1198 3027 formosam
1229 2981 1321 3025 aut
1349 2970 1588 3036 divitem,
1613 2969 1706 3024 sed
1730 2985 1823 3040 ge-

233 3067 434 3121 nerosis
477 3066 725 3121 moribus
756 3065 1028 3135 praeditam
1062 3081 1074 3116 :
1108 3074 1163 3119 et
1191 3063 1292 3119 hac
1329 3064 1396 3118 de
1438 3077 1597 3117 causa
1645 3063 1821 3116 homi-

231 3172 347 3211 nem
393 3158 550 3227 jubet
595 3166 703 3210 tam
749 3155 1091 3225 longinquam
1136 3154 1617 3224 peregrinationem
1654 3152 1824 3207 susci-

230 3262 373 3315 pere.
401 3247 562 3303 Nunc
580 3246 947 3316 contemplare
971 3255 1028 3300 et
1048 3244 1229 3298 famuli
1259 3254 1491 3298 mentem
1517 3244 1782 3314 egregiam
1805 3261 1818 3296 :

229 3351 332 3393 non
359 3339 507 3394 enim
549 3337 723 3393 dixit:
755 3336 892 3402 Quid
934 3335 1040 3391 hoc
1070 3336 1143 3390 rei
1176 3336 1298 3389 est?
1331 3343 1408 3388 tot
1436 3345 1562 3389 sunt
1601 3334 1821 3403 propin-

228 3445 347 3500 qua:
388 3440 619 3501 gentes,
672 3439 749 3483 tot
791 3429 843 3481 in
884 3428 961 3482 eis
999 3428 1119 3480 ﬁliae
1149 3426 1404 3481 nobilium
1434 3435 1488 3480 et
1518 3426 1818 3490 illustrium,

226 3522 493 3591 simulque
522 3519 894 3590 praedivitum;
925 3528 979 3572 et
1007 3531 1060 3571 tu
1093 3532 1181 3572 me
1213 3516 1378 3570 mittis
1409 3517 1461 3569 in
1491 3525 1687 3570 terram
1717 3526 1822 3569 tam

229 3611 383 3681 longe
411 3611 682 3675 dissitam,
716 3610 781 3664 ad
805 3611 1018 3679 ignotos
1044 3608 1290 3662 homines
1316 3626 1328 3661 :
1352 3623 1510 3676 quem
1543 3607 1652 3661 illic
1672 3622 1821 3660 com-

227 3701 475 3769 pellabo?
511 3700 637 3771 quis
684 3715 771 3754 me
819 3698 1113 3768 agnoscet?
1151 3697 1278 3767 quid
1328 3697 1373 3752 si
1426 3697 1644 3751 insidias
1693 3696 1822 3749 mihi

227 3795 484 3848 struant?
512 3792 642 3862 quid
670 3791 715 3846 si
741 3798 1001 3847 conentur
1042 3788 1326 3859 decipere?
1365 3787 1495 3841 nihil
1541 3787 1682 3840 eniin
1724 3786 1822 3840 ho-

226 3887 365 3955 spite
392 3888 571 3956 magis
611 3884 826 3955 injuriis
853 3883 1176 3952 expositum.
1205 3881 1347 3935 Nihil
1382 3881 1487 3934 tale
1530 3880 1663 3934 dixit
1690 3897 1702 3933 :
1730 3878 1824 3934 sed

229 3978 404 4032 missis
428 3977 630 4032 talibus
651 3973 1081 4045 cogitationibus,
1106 3971 1248 4042 quod
1268 3972 1499 4026 maxime
1519 3978 1825 4040 suspectum

224 4083 347 4121 esse.
369 4078 609 4138 poterat,
642 4067 941 4135 suSpicatus
970 4073 1073 4132 est,
1103 4065 1219 4119 sine
1247 4063 1670 4118 contradictione
1694 4061 1825 4117 obe-

225 4159 418 4224 diens,
475 4158 786 4214 necessaria
843 4168 1019 4211 tamen
1081 4156 1497 4226 interrogatione
1549 4154 1828 4209 declarans

223 4266 375 4305 suam
426 4250 790 4319 prudentiam.
819 4248 956 4314 Quid
996 4248 1155 4318 igitur
1191 4255 1274 4302 est
1311 4246 1452 4316 quod
1485 4246 1829 4316 interrogavit

223 4341 509 4396 dominum
528 4342 553 4394 ’ἔ
582 4340 644 4396 Si
683 4339 937 4404 noluerit,
967 4339 1169 4409 inquit,
1199 4339 1380 4392 mulier
1405 4338 1573 4391 venire
1597 4353 1826 4401 mecum,

223 4436 481 4506 numquid
522 4434 763 4488 reducere
797 4432 952 4487 debeo
982 4427 1157 4501 'ﬁlium
1194 4441 1338 4485 tuum
1382 4431 1450 4484 ad
1488 4430 1742 4500 regionem
1769 4445 1833 4484 ea:

222 4540 322 4593 qua
353 4541 595 4596 egressus
620 4541 673 4579 es
702 4523 854 4592 (Gen.
878 4524 967 4577 24.
1000 4522 1105 4594 5)?
1134 4521 1429 4591 Respondit
1456 4520 1828 4574 Abrahamus:

222 4615 358 4672 Cave
401 4616 680 4687 nequando
720 4615 933 4668 reducas
974 4615 1138 4683 ﬁlium
1178 4628 1344 4666 meum
1387 4611 1528 4665 illuc.
1581 4610 1832 4665 Dominus

222 4709 369 4763 Deus
398 4709 520 4764 caeli
552 4718 597 4762 et
627 4717 794 4771 terrae,
823 4706 908 4778 qui
932 4707 1048 4759 tulit
1077 4721 1155 4758 me
1184 4706 1246 4757 de
1275 4704 1426 4757 domo
1458 4703 1616 4771 patris
1640 4702 1756 4767 mei,
1787 4711 1832 4754 et

222 4801 287 4854 de
318 4811 462 4854 terra
494 4798 776 4852 nativitatis
807 4813 950 4858 metu.
979 4797 1063 4865 qui
1091 4797 1330 4866 loquutus
1357 4802 1427 4847 est
1457 4793 1583 4845 milii
1611 4802 1655 4846 et
1675 4793 1832 4861 jura—

223 4894 329 4956 rit,
366 4892 552 4944 dicens
571 4933 584 4952 ,
615 4889 728 4943 Tibi
758 4890 888 4942 dabo
918 4899 1101 4940 terram
1130 4888 1261 4940 hanc
1296 4897 1340 4940 et
1368 4886 1545 4939 semini
1574 4894 1658 4937 tuo
1678 4924 1691 4947 ,
1725 4886 1834 4954 ipse

222 4983 395 5037 mittet
416 4981 666 5053 angelth
686 4996 835 5033 suum
860 4995 1032 5033 corum
1058 4993 1123 5044 te,
1147 4980 1234 5049 qui
1257 4978 1351 5031 iter
1377 4987 1518 5031 tuum
1540 4993 1836 5047 prosperum

224 5074 385 5144 faciet
414 5070 531 5141 (Ib.
566 5087 613 5124 υ.
642 5071 696 5126 6.
730 5070 811 5141 7).
844 5069 1029 5125 Viden‘
1058 5070 1155 5124 viri
1188 5069 1389 5123 ﬁdem?
1416 5067 1532 5122 Non
1562 5068 1838 5122 advocavit

223 5166 481 5228 amicos,
523 5172 618 5217 aut
654 5172 948 5234 cognatos,
996 5177 1101 5216 non
1140 5161 1301 5215 alium
1344 5175 1699 5231 quemquam,
1744 5158 1835 5213 sed

227 5255 405 5309 Dicunt
455 5254 702 5324 adjunxit
740 5255 791 5309 ei
833 5264 1172 5323 ecqueStrum
1216 5260 1271 5307 ct
1316 5254 1609 5306 comitem:
1640 5259 1695 5306 et
1734 5266 1840 5320 quo

225 5345 405 5415 magis
436 5345 683 5398 ultimum
714 5345 936 5398 adderet
956 5342 1175 5408 famulo,
1206 5357 1310 5397 non
1339 5343 1651 5413 simpliciter
1670 5341 1836 5397 dixit:

224 5437 498 5492 Dominus
534 5434 672 5490 Deus
700 5436 809 5490 caeli
838 5445 884 5490 et
913 5446 1060 5489 terra:
1082 5451 1100 5487 :
1124 5435 1216 5490 sed
1244 5435 1539 5504 subjunxit.
1572 5433 1671 5501 Qui
1698 5450 1839 5489 suin-

224 5529 329 5597 psit
360 5544 445 5581 me
473 5545 503 5580 e
519 5528 671 5580 domo
694 5530 853 5597 patris
884 5529 997 5581 mei.
1021 5527 1342 5591 Recordare,
1362 5526 1551 5595 inquit,
1574 5526 1843 5595 quomodo

227 5630 443 5672 tantam
480 5620 970 5688 peregrinationem
994 5618 1344 5687 suscepimus,
1365 5617 1635 5686 quomodo
1656 5617 1844 5671 relicto

224 5711 352 5765 solo
384 5710 576 5780 patrio
604 5712 865 5781 majorem
894 5709 1032 5780 apud
1068 5719 1282 5763 exteros
1305 5708 1611 5764 felicitatem
1637 5707 1844 5761 inveni-

227 5821 353 5860 mus
385 5823 398 5859 :
434 5805 719 5875 quomodo
766 5820 885 5874 quae
930 5802 1276 5874 impossibilia
1324 5801 1661 5869 videbantur,
1709 5801 1844 5855 tacta

1275 376 1550 444 QUALES
1590 374 1937 431 DUCENIUE
1977 376 2128 431 SINT
2171 377 2466 435 UXORES.
2509 380 2598 436 Ill.

3416 396 3519 451 '23!

1930 501 2051 543 sunt
2076 492 2371 559 possibilia.
2394 493 2502 549 Nec
2526 494 2630 550 hoc
2654 496 2827 551 solum
2858 500 2912 553 in
2934 511 3167 558 mentem
3189 505 3238 559 ei
3264 522 3522 564 revocans

1929 579 2081 645 dixit,
2131 580 2231 648 Qui
2264 586 2476 653 sumpsit
2503 602 2582 639 me
2619 602 2649 638 e
2689 586 2839 641 domo
2875 592 3035 658 patris
3062 594 3193 662 mei,
3222 598 3316 653 sed
3359 601 3519 655 etiam

1927 671 2067 740 quod
2110 672 2405 728 debitorem
2455 675 2619 731 Deum
2663 678 2876 734 habeat.
2921 679 3187 754 Obligavit
3227 703 3288 743 se
3331 692 3525 756 nobis,

1929 762 2132 832 inquit;
2166 763 2279 835 ipse
2312 765 2576 832 pollicitus
2602 778 2683 822 est
2716 778 2911 825 terram
2944 772 3080 828 hanc
3110 777 3241 833 mihi
3272 794 3333 835 se
3360 781 3520 837 datu-

1928 869 2045 956 rum
2075 866 2129 910 et
2160 872 2284 912 meo
2333 860 2545 914 semini.
2576 861 2915 933 Quapmpter
2941 869 3152 924 etiamsi
3184 887 3282 928 nos
3322 876 3524 948 indigni

1929 951 2117 1012 simus,
2149 957 2296 1003 certe
2328 965 2395 1004 ne
2428 951 2713 1019 promissio
2740 954 2831 1009 fiat
2853 956 3024 1023 irrita,
3056 961 3212 1017 nobis
3235 964 3435 1031 aderit,
3466 980 3523 1023 et

1929 1048 2119 1093 cuncta
2165 1056 2284 1109 quae
2324 1042 2715 1100 destinavimus
2762 1048 2952 1105 reddet
2988 1051 3193 1119 facilia,
3221 1065 3274 1111 et
3298 1059 3362 1112 ad
3387 1061 3521 1116 elle—

1928 1137 2109 1272 tr3tnml,
2156 1132 2366 1199 qualem
2420 1144 2701 1204 optamus,
2748 1139 3021 1208 perducet.
3054 1143 3146 1199 llis
3181 1147 3338 1203 dictis
3376 1151 3519 1208 misit

1948 1232 2071 1272 antu
2098 1236 2207 1272 um.

1948 1232 2207 1272 amulum.

2013 1308 2221 1365 Famuli
2272 1312 2491 1369 Abrahae
2551 1317 2798 1373 laudatio.
2874 1320 3213 1393 llospitalitas
3275 1329 3518 1386 bonorum

1927 1418 2099 1457 causa.
2122 1436 2194 1445 —-
2222 1407 2316 1462 Ille
2345 1410 2430 1464 tibi
2464 1414 2709 1480 pervenit
2744 1416 2900 1483 illuc,
2940 1434 3045 1473 non
3074 1421 3201 1477 adiit
3242 1424 3407 1479 ullum
3451 1443 3519 1482 ex

1927 1494 2152 1559 civibus,
2183 1513 2289 1551 non
2314 1498 2619 1570 alloquutus
2641 1516 2720 1558 est
2751 1506 3016 1575 homines,
3042 1528 3148 1565 non
3173 1517 3520 1585 compellavit

1929 1584 2177 1641 mulieres
2209 1606 2223 1643 :
2250 1589 2346 1644 sed
2380 1592 2500 1647 vide
2530 1609 2687 1662 quam
2717 1596 2854 1652 bona
2885 1599 3010 1665 fide,
3042 1618 3199 1672 quem
3235 1584 3521 1678 acceperat

1927 1686 2299 1745 sequestrum,
2342 1682 2594 1746 retinnit,
2629 1696 2825 1752 pnctcr
2859 1704 2981 1743 eum
3018 1693 3306 1761 appellavit
3346 1699 3519 1752 nemi-

1930 1782 2083 1833 nem;
2117 1778 2173 1823 et
2200 1780 2347 1825 stans
2376 1775 2570 1837 oravit,
2598 1774 2663 1828 Et
2693 1779 2786 1845 ait,
2810 1778 3019 1835 Domine
3045 1782 3184 1838 Deus
3212 1787 3405 1841 domini
3424 1793 3522 1844 mei

1928 1858 2209 1951 {lbra/rami
2235 1901 2249 1923 ,
2282 1864 2351 1916 sis
2381 1865 2505 1917 mihi
2532 1866 2683 1919 hodie
2720 1885 2942 1937 praesens
2969 1890 3030 1926 ac
3070 1877 3317 1946 propitius
3350 1878 3517 1951 (Gen.

1928 1948 2017 2040 24.
2056 1950 2142 2019 l9.)
2175 1968 2186 2004 :
2219 1968 2320 2007 nec
2345 1954 2519 2018 dixit,
2568 1957 2790 2013 Domine
2838 1961 2975 2016 Deus
3016 1978 3167 2020 meus
3193 1984 3205 2019 ;
3229 1968 3324 2022 scd
3354 1948 3522 2040 quid?

1932 2039 2147 2095 Domine
2175 2041 2311 2097 Deus
2335 2045 2528 2099 domini
2554 2048 2648 2099 mei
2674 2049 2967 2105 Abralmmi.
3004 2053 3225 2110 Etiamsi
3254 2073 3354 2128 ego
3374 2039 3523 2130 abie-

1929 2140 2046 2185 ctus
2073 2132 2195 2197 sim,
2228 2135 2419 2204 inquit,
2450 2148 2499 2192 ct
2537 2138 2752 2194 humilis
2777 2184 2791 2208 ,
2822 2155 2968 2197 certe
2998 2144 3185 2199 hermn
3218 2163 3394 2203 meum
3426 2168 3522 2220 pro

1930 2236 2015 2276 me
2062 2223 2271 2292 allego:
2303 2244 2408 2281 non
2454 2230 2597 2283 enim
2650 2231 2819 2295 mihi,
2869 2234 2961 2288 sed
3007 2236 3081 2288 illi
3128 2236 3522 2296 tninistraturus

1929 2314 2032 2369 huc
2061 2319 2179 2371 \‘elll
2210 2335 2222 2369 :
2259 2319 2398 2373 illius
2432 2322 2591 2390 igitur
2623 2324 2832 2378 virtutis
2859 2339 3107 2396 respectu
3128 2339 3351 2387 conatus
3373 2348 3523 2389 meos

1929 2406 2074 2475 adjtu
2089 2422 2137 2460 a.

1998 2502 2050 2552 b‘.
2087 2500 2287 2556 Deinde
2325 2518 2392 2557 ne
2435 2514 2588 2572 putes
2616 2521 2737 2559 cum
2777 2516 3045 2578 tamquam
3082 2509 3320 2566 debitum
3362 2529 3522 2583 repe-

1931 2598 2063 2652 tere,
2095 2591 2216 2644 audi
2248 2609 2364 2659 qua:
2390 2605 2685 2663 sequuntur
2720 2614 2731 2648 :
2766 2596 2830 2649 Et
2862 2602 2944 2667 fac
2971 2601 3367 2656 misericordiam
3404 2622 3521 2658 cum

1929 2680 2131 2733 domino
2161 2698 2266 2734 ntro
2298 2684 2552 2737 Abraham
2574 2685 2592 2757 (
2612 2685 2740 2740 Gen.
2766 2687 2855 2741 24.
2883 2688 2999 2759 12).
3029 2689 3251 2746 Etiamsi
3294 2693 3521 2763 plurima

1926 2788 2232 2843 exstarent,
2265 2776 2461 2848 inquit,
2492 2786 2679 2830 nostra
2709 2781 2900 2834 merita
2924 2822 2936 2841 ,
2967 2799 3215 2853 rogamus
3257 2796 3432 2843 tamen
3465 2806 3519 2851 ut

1930 2880 2014 2924 tua
2046 2886 2144 2925 nos
2173 2887 2357 2927 serves
2382 2874 2572 2942 gratia,
2609 2884 2772 2929 totum
2806 2891 2859 2932 ut
2888 2878 3210 2936 beneficium
3242 2892 3518 2950 acceptum

1931 2962 2187 3026 ferentes,
2221 2978 2324 3017 non
2355 2973 2410 3017 ut
2440 2965 2703 3019 dehitmn.
2731 2968 2791 3022 Et
2816 2971 2941 3039 quid
2972 2974 3065 3027 tibi
3094 2979 3370 3044 postulas?
3396 2974 3527 3029 Ecce

1929 3071 2021 3124 ego
2053 3066 2149 3117 sto,
2186 3057 2385 3124 inquit,
2412 3074 2569 3127 prope
2603 3061 2790 3129 fontem
2820 3078 3000 3130 aqum,
3034 3075 3080 3117 et
3109 3066 3235 3134 lilia:
3270 3071 3525 3125 habitato-

1928 3164 2042 3200 rum
2069 3149 2283 3202 civitalis
2308 3150 2625 3219 egredientur
2661 3152 2730 3204 ad
2770 3154 3100 3209 ltiiuriendam
3128 3175 3331 3228 aquam.
3349 3160 3525 3231 Igitur

1930 3241 2098 3309 puella
2120 3241 2198 3291 cui
2228 3241 2403 3293 dixero
2429 3257 2447 3293 :
2471 3241 2646 3295 Pratbe
2667 3244 2900 3313 hydriam
2918 3257 3055 3300 tuam
3079 3258 3133 3300 ut
3155 3250 3341 3317 bibam,
3365 3263 3413 3305 et
3435 3254 3526 3306 illa

1926 3332 2260 3402 responderit,
2292 3333 2434 3399 Bibe,
2458 3335 2576 3402 quin
2597 3345 2643 3387 et
2665 3336 2869 3390 camelis
2888 3338 2987 3391 tuis
3007 3338 3136 3392 dabo
3162 3352 3334 3410 potum
3360 3358 3378 3395 :
3406 3343 3522 3411 ipsa

1926 3434 1998 3477 est
2024 3440 2172 3493 quam
2196 3426 2497 3494 prwparasli
2521 3440 2661 3478 servo
2686 3435 2771 3479 tuo
2795 3425 2822 3478 1
2829 3444 2947 3481 sane
2966 3470 2980 3493 ,
3009 3437 3056 3482 et
3083 3448 3173 3499 per
3201 3431 3296 3485 hoc
3329 3449 3521 3504 cogno-

1928 3531 2084 3576 scam,
2104 3516 2239 3583 quod
2260 3517 2433 3586 feceris
2454 3516 2849 3571 misericordiam
2866 3535 2983 3572 cum
3000 3520 3120 3574 hero
3140 3538 3249 3575 meo
3266 3524 3523 3578 Abraham

1934 3606 2084 3678 (Gen.
2105 3606 2193 3660 24.
2221 3608 2303 3661 15.
2330 3606 2579 3676 M).Vide
2597 3608 2909 3677 sapientiam
2927 3610 3129 3678 famuli,
3142 3616 3300 3683 quale
3316 3616 3523 3685 signum

1931 3706 2110 3766 ponat.
2134 3696 2249 3750 Non
2271 3697 2424 3759 dixit,
2446 3699 2499 3751 Si
2524 3714 2681 3766 quam
2705 3701 2889 3755 videro
2910 3702 3070 3757 mulis
3102 3717 3425 3774 carpentove
3444 3708 3525 3762 in-

1930 3790 2073 3855 vehi,
2096 3792 2570 3859 eunuchortnnque
2600 3805 2788 3859 agmen
2818 3801 2937 3860 post
2964 3806 3024 3847 se
3052 3793 3298 3863 trahere,
3331 3804 3386 3850 et
3426 3813 3527 3851 nu-

1931 3896 2197 3936 merosum
2232 3881 2564 3945 famulitium,
2593 3882 2819 3951 puellam
2849 3892 3006 3937 aetate
3026 3899 3087 3939 ac
3110 3884 3278 3940 forma
3309 3886 3522 3957 ﬂorida,

1931 3990 2048 4029 eam
2068 3975 2375 4044 prmparasti
2392 3984 2480 4029 tuo
2500 3973 2722 4039 famulo;
2737 3975 2828 4029 sed
2847 3976 3005 4046 quid?
3022 3976 3115 4031 Cui
3129 3978 3306 4033 dixero
3326 3980 3530 4036 :Prwbe

1932 4067 2171 4138 hydriam
2194 4077 2350 4134 tuam,
2383 4077 2436 4120 ut
2462 4068 2646 4121 bibam.
2675 4067 2815 4134 Quid
2840 4070 2970 4138 agis,
3002 4069 3141 4125 bone
3166 4072 3288 4125 vir?
3310 4073 3529 4127 Adeone

1932 4158 2090 4212 vilem
2119 4156 2252 4212 hero
2281 4167 2370 4211 tuo
2399 4160 2595 4227 quaeris
2624 4159 2904 4230 conjugem
2927 4202 2943 4227 ,
2987 4172 3237 4231 aquatum
3279 4165 3494 4220 missam
3513 4206 3528 4228 ,

1935 4259 1990 4303 et
2015 4264 2134 4319 qum
2162 4258 2216 4303 te
2244 4249 2441 4319 alloqui
2474 4249 2679 4319 potest?
2707 4251 2902 4316 Etiam,
2936 4251 3139 4322 inquit:
3164 4254 3359 4308 missus
3387 4256 3534 4311 enim

1934 4354 2051 4393 sum
2080 4354 2185 4393 non
2213 4339 2553 4407 pecuniosam
2581 4350 2671 4394 aut
2699 4339 2928 4394 nobilem
2949 4380 2966 4406 ,
2996 4341 3089 4396 sed
3115 4342 3353 4397 moribus
3384 4343 3532 4413 inge-

1936 4430 2056 4485 nuis
2102 4430 2375 4499 praeditam
2419 4445 2681 4497 quaerere.
2735 4430 2910 4485 Multa:
2950 4446 3093 4500 saepe
3135 4447 3201 4486 ex
3246 4433 3362 4487 istis
3408 4449 3531 4504 qua:

1936 4530 2186 4590 aquatum
2217 4522 2496 4575 mittuntur
2519 4563 2534 4588 ,
2589 4522 2638 4575 in
2678 4521 2907 4576 solidum
2935 4522 3185 4577 virtutem
3216 4524 3528 4593 possident:

1937 4612 2057 4664 alia:
2084 4620 2267 4665 contra
2301 4611 2354 4663 in
2387 4611 2680 4680 magniﬁcis
2705 4610 3012 4666 desidentes
3038 4612 3262 4681 tedibus,
3292 4615 3529 4686 ignavis-

1940 4703 2092 4755 sima:
2115 4709 2239 4754 sunt
2263 4710 2317 4754 et
2340 4701 2666 4755 deterrimte.
2694 4702 2761 4756 Et
2782 4702 2869 4771 qui
2901 4702 3008 4757 scis
3031 4702 3169 4758 hanc
3191 4719 3312 4760 esse
3340 4709 3535 4764 virtute

1946 4790 2259 4860 prteditam?
2287 4791 2328 4844 E
2354 4790 2507 4860 signo
2527 4833 2541 4856 ,
2576 4791 2745 4861 inquit
2771 4833 2783 4856 ,
2810 4792 2951 4861 quod
2983 4793 3111 4847 dixi.
3142 4793 3210 4849 Et
3248 4796 3406 4865 quale
3432 4798 3536 4855 hoc

1942 4883 2151 4935 virtutis
2181 4883 2387 4952 signum
2419 4883 2535 4937 est?
2583 4883 2942 4939 lndubitatum
2981 4895 3037 4940 et
3080 4888 3391 4943 maximum.
3438 4892 3533 4948 Est

1941 4977 2083 5029 enim
2115 4974 2494 5045 hospitalitatis
2533 4976 2742 5046 signum
2773 4978 3152 5033 certissimum.
3199 4980 3290 5037 Sic
3332 4983 3530 5053 igitur,

1943 5068 2043 5122 etsi
2076 5082 2181 5121 non
2212 5067 2414 5121 eisdem
2444 5067 2657 5134 verbis,
2689 5067 2958 5138 loquitur:
2984 5068 3131 5123 Illam
3163 5087 3345 5140 quaero
3374 5074 3537 5143 virgi-

1947 5175 2106 5225 nem,
2147 5173 2267 5227 quae
2294 5168 2400 5212 tam
2445 5157 2723 5227 hospitalis
2749 5166 2870 5224 est,
2910 5169 2968 5214 ut
3012 5161 3250 5226 nullum,
3280 5170 3538 5231 quantum

1950 5259 2143 5319 potest,
2178 5260 2389 5305 recuset
2416 5250 2794 5305 ministerium.
2827 5250 2992 5320 quue
3022 5266 3126 5305 non
3160 5259 3363 5306 temere
3386 5267 3539 5320 quae-

1950 5342 2037 5402 rit,
2068 5340 2161 5395 sed
2190 5341 2311 5411 quia
2339 5342 2390 5394 in
2422 5341 2500 5396 eis
2530 5340 2705 5397 fuerat
2724 5340 2980 5397 educatus
3002 5340 3238 5406 aedibus,
3267 5340 3541 5410 inquibus

1952 5435 2182 5488 maxime
2232 5434 2509 5489 colebatur
2560 5434 2932 5505 hospitalitas:
2961 5441 3085 5486 ante
3128 5433 3305 5485 omnia
3361 5445 3541 5487 mores

1951 5527 2142 5595 quaerit
2167 5526 2415 5580 berorum
2438 5541 2655 5581 suorum
2679 5524 2917 5578 moribus
2934 5522 3263 5589 consimiles,
3285 5522 3542 5577 ducturus

1953 5633 2203 5688 sponsam
2237 5618 2290 5671 in
2320 5618 2461 5672 sedes
2487 5625 2732 5687 patentes
2759 5613 3077 5684 hospitibus.
3118 5612 3209 5668 Sic
3247 5628 3375 5684 ergo
3399 5611 3544 5682 cogi-

1958 5708 2102 5762 tabat
2133 5725 2145 5759 :
2174 5722 2242 5761 ne
2270 5723 2371 5776 qua
2413 5708 2524 5759 rixa
2551 5705 2753 5757 oriatur
2783 5704 2921 5756 inter
2946 5702 3114 5772 ipsam
3142 5710 3197 5757 et
3219 5702 3537 5772 coniugem,

1953 5801 2080 5855 dum
2112 5797 2337 5852 maritus
2356 5809 2451 5850 sua
2483 5793 2709 5864 benigne
2732 5793 3109 5858 communicat,
3139 5793 3192 5847 in
3217 5793 3319 5849 hoc
3337 5806 3365 5845 a
3388 5797 3541 5862 patre
