4006 6434
450 369 558 425 255

453 502 557 542 non
589 483 824 555 degener
849 523 864 545 ,
894 491 949 535 et
979 479 1214 548 hospites
1242 477 1380 530 ultro
1407 477 1666 537 invitatis;
1709 473 1822 527 lucc
1849 481 2035 525 contra

452 595 562 648 prae
595 577 755 631 nimia
784 571 1104 642 parcitnonia
1133 569 1182 623 id
1211 578 1375 633 vetat,
1404 576 1458 622 et
1489 584 1592 619 non
1619 567 1862 626 sustinet,
1899 574 1952 616 ut
1982 563 2041 616 fit

449 673 507 725 in
539 671 806 740 plerisque
834 665 1110 724 domibus;
1151 662 1260 730 jam
1307 675 1448 714 nunc
1476 659 1704 727 experiri
1735 658 1853 710 volo
1881 673 2038 726 quam

453 761 732 832 hospitalis
790 759 858 812 sit
901 774 916 812 :
955 751 1382 824 quandoquidem
1442 749 1784 815 hoSpitalitati
1825 763 2038 800 onmem

453 864 686 908 nostram
742 847 1046 902 felicitatem
1101 843 1380 897 debemus.
1438 840 1540 894 Per
1594 839 1731 892 hanc
1785 852 2039 907 sponsum

453 945 622 1013 ipsntn
653 939 814 993 lterus
851 941 1214 1003 consequutus
1243 943 1362 997 est,
1409 947 1504 1001 per
1535 931 1670 983 hanc
1700 940 1847 1000 pater
1874 929 2041 983 factus

451 1043 567 1097 est,
599 1031 820 1084 vitulum
853 1029 1136 1092 mactavit,
1183 1035 1237 1079 et
1266 1024 1470 1091 accepit
1517 1023 1771 1085 tiliolum,
1817 1020 2039 1074 farinam

452 1124 783 1177 l'crmentavit
805 1162 819 1185 ,
853 1129 906 1173 et
934 1126 1127 1188 quanta
1156 1115 1430 1170 stellarum
1463 1123 1544 1166 est
1567 1153 1581 1174 ,
1619 1121 1817 1166 tantum
1863 1112 2044 1165 multi-

451 1215 686 1269 tudinem
718 1219 968 1281 uepotum
1013 1208 1060 1262 ei
1098 1209 1236 1260 Deus
1264 1214 1345 1258 est
1378 1203 1664 1273 pollicitus.
1697 1202 1920 1268 Quando
1948 1203 2044 1271 igi-

451 1319 538 1363 tur
561 1306 688 1361 ltinc
713 1304 891 1359 omnia
921 1303 1056 1356 bona
1085 1299 1408 1354 induxerunt
1432 1296 1482 1349 in
1505 1306 1744 1348 nostram
1766 1295 2039 1359 familiam,

452 1400 588 1453 hanc
623 1398 872 1451 virtutem
917 1392 1130 1462 requiro
1172 1398 1298 1443 ante
1337 1388 1536 1440 omnia.
1588 1386 1701 1440 Non
1750 1385 1852 1440 hoc
1899 1385 2040 1440 enim

449 1487 886 1549 consideremus,
936 1481 1073 1551 quod
1115 1481 1275 1533 homo
1304 1495 1495 1548 aquam
1530 1477 1915 1548 postulaverit,
1949 1475 2042 1530 sed

450 1579 591 1649 quod
632 1576 916 1630 admodum
949 1573 1224 1641 hospitalis
1255 1571 1322 1623 sit
1351 1569 1550 1632 animi,
1588 1583 1690 1620 nou
1712 1567 1886 1621 solum
1913 1565 2042 1620 dare

447 1669 588 1741 quod
616 1669 842 1738 petitur,
880 1666 972 1719 sed
1006 1665 1142 1717 ultro
1175 1661 1369 1716 oll‘erre
1403 1661 1649 1729 amplius.
1703 1657 1768 1711 Et
1811 1659 2032 1720 accidit,

452 1762 621 1831 inquit
641 1802 655 1822 ,
701 1769 753 1811 ut
783 1758 1074 1826 priusquam
1103 1756 1146 1806 is
1173 1754 1324 1822 ﬁnem
1352 1751 1590 1818 loquendi
1618 1749 1831 1820 faceret,
1865 1749 2038 1818 prodi-

449 1861 523 1905 ret
565 1850 788 1904 Rebecca
827 1863 894 1900 ea:
937 1843 1124 1916 Oppido
1162 1840 1332 1912 (Gen.
1363 1841 1450 1894 2i.
1485 1841 1550 1894 15
1575 1840 1614 1907 ).
1659 1837 2040 1907 Prophetarum

452 1943 579 1998 illud
604 1942 690 1995 hic
721 1939 993 2007 impletum
1014 1946 1096 1989 est
1120 1952 1133 1988 :
1158 1933 1338 1987 Adhuc
1363 1934 1595 1999 loquente
1619 1940 1665 1983 te
1691 1930 1878 1992 dicant,
1913 1928 2044 1981 Ecce

451 2037 629 2088 adsum
677 2031 830 2101 (Hes.
871 2029 961 2084 58.
1012 2024 1088 2101 9).
1137 2025 1298 2081 Tales
1345 2035 1467 2077 sunt
1519 2025 1778 2076 [umorum
1823 2036 2039 2089 preces:

455 2136 580 2180 ante
609 2124 768 2178 finem
792 2135 974 2175 earum
1007 2118 1246 2173 sentiunt
1272 2115 1523 2168 anlllllSSt‘.
1543 2113 1706 2166 Deum
1733 2110 2039 2180 prepitinm.

453 2223 590 2290 Ergo
621 2230 674 2272 ιιι
719 2231 927 2287 quoque
964 2229 1184 2266 uxorem
1231 2210 1486 2263 ducturus
1531 2223 1634 2259 non
1675 2203 1947 2274 confugias
1975 2203 2041 2256 ad

451 2309 714 2373 homines,
746 2305 914 2361 autad
940 2305 1190 2358 mulieres
1207 2309 1468 2368 qtnestum
1494 2297 1748 2351 facientes
1772 2312 1834 2350 ex
1857 2296 2044 2348 alienis

452 2400 788 2459 infortuniis,
841 2407 896 2452 et
944 2395 1075 2450 nihil
1123 2393 1264 2448 aliud
1305 2402 1605 2462 quaerentes
1634 2403 1790 2455 qnam
1825 2397 1878 2440 nt
1915 2387 2043 2455 ipsa:

449 2509 627 2562 opera:
673 2489 972 2544 mercedezn
1021 2484 1388 2554 capiautzsed
1431 2484 1496 2535 ad
1545 2483 1706 2535 Deum
1750 2477 2036 2549 c0nfugito.

449 2583 565 2638 Non
595 2580 898 2651 gratrabitur
941 2593 1061 2632 esse
1105 2585 1226 2629 tuus
1269 2573 1558 2643 pronubas.
1602 2570 1771 2639 Ipsius
1801 2578 1883 2622 est
1913 2583 2042 2638 pro-

448 2676 631 2731 miSsio
657 2693 670 2727 :
699 2673 918 2740 Quwrite
959 2685 1169 2739 regnum
1209 2666 1466 2728 ctelorum,
1507 2673 1553 2716 et
1580 2663 1686 2716 hth
1713 2662 1881 2714 omnia
1905 2661 2044 2730 adji-

448 2768 640 2819 cientur
663 2763 797 2817 vobis
824 2759 1013 2832 (Matth
1062 2759 1115 2812 6.
1139 2759 1249 2826 55).
1276 2755 1352 2809 Ne
1376 2755 1548 2816 dicas,
1575 2751 1845 2822 quomodo
1874 2751 2038 2804 Deum

449 2856 632 2912 videre
683 2850 936 2923 possunt?
984 2850 1070 2919 qni
1117 2861 1330 2916 possum
1375 2842 1573 2897 habere
1612 2857 1733 2895 cum
1777 2855 1842 2893 eo
1870 2839 2041 2895 collo-

452 2947 632 3016 quium
659 2985 675 3011 ,
715 2953 770 2996 et
809 2944 1140 3008 interrogare
1168 2935 1448 2990 cominus?
1481 2933 1712 2988 lnfidelis
1743 2932 1857 2985 tunc
1882 2931 2042 2984 verba

451 3045 577 3091 sunt
619 3035 833 3088 animae.
865 3031 1050 3085 Potest
1075 3028 1217 3082 enim
1248 3026 1386 3080 Deus
1415 3035 1470 3079 et
1511 3023 1710 3092 absque
1734 3038 1862 3076 voce
1886 3021 2043 3090 quid-

450 3128 576 3200 quid
599 3127 712 3180 vult
732 3141 762 3179 e
788 3123 1012 3194 vestigio
1031 3119 1324 3176 conﬁcere:
1340 3117 1479 3188 quod
1505 3117 1592 3172 hic
1611 3130 1821 3186 quoque
1845 3114 2040 3169 factum

453 3230 555 3276 est.
587 3219 716 3272 Nam
744 3226 798 3271 et
823 3216 924 3270 iste
951 3227 1050 3268 nec
1080 3226 1268 3266 vocem
1297 3209 1455 3263 ullam
1482 3207 1711 3272 audivit,
1753 3222 1852 3261 ttec
1882 3207 2042 3259 visio-

450 3328 573 3368 nem
605 3309 753 3371 vidit,
783 3306 875 3363 sed
901 3305 965 3360 ad
992 3305 1190 3360 fontem
1213 3310 1361 3356 stans
1381 3316 1444 3356 ac
1463 3310 1730 3370 precatus,
1760 3300 2041 3354 confestim

449 3401 560 3457 voti
593 3413 816 3468 compos
847 3396 1014 3450 tinctus
1041 3404 1146 3448 est.
1176 3391 1408 3455 Accidit,
1440 3390 1631 3460 inquit,
1663 3399 1716 3442 ut
1752 3390 2041 3459 priusquam

455 3495 606 3560 ﬁnem
637 3488 874 3559 loquendi
909 3486 1115 3555 faceret,
1149 3484 1374 3538 Rebecca
1413 3483 1637 3551 prodiret
1661 3491 1861 3552 gestans
1881 3498 2042 3551 aqua-

452 3587 552 3637 lem
571 3584 625 3636 in
646 3580 888 3643 humeris,
915 3578 1023 3648 ﬁlia
1048 3575 1310 3630 Bathuelis
1329 3590 1357 3627 e
1379 3573 1581 3627 .llelcha
1611 3573 1874 3642 progeniti,
1903 3573 2043 3642 virgo

452 3675 599 3730 ualde
634 3675 877 3745 formosa,
917 3672 1056 3740 uirgo
1095 3679 1141 3722 et
1179 3669 1284 3721 viro
1324 3666 1581 3736 incognita
1653 3663 1803 3736 (Gen.
1828 3665 1918 3718 ΕΗ.
1952 3665 2039 3718 15.

453 3765 565 3837 16).
596 3763 732 3832 Quid
775 3761 900 3816 mihi
945 3775 1128 3814 narras
1157 3757 1604 3828 pulchritudinem
1646 3755 1928 3823 corporis?
1977 3754 2042 3809 Ut

451 3859 628 3913 discas
654 3856 913 3924 insignem
941 3853 1055 3922 ejus
1085 3851 1413 3920 pudicitiam,
1449 3858 1506 3901 ut
1525 3849 1698 3902 discas
1724 3847 1887 3900 animi
1922 3847 2039 3914 pnl-

451 3945 834 4004 ehritudinem.
865 3941 1214 4010 Suspicieuda
1256 3955 1484 4007 namque
1519 3952 1605 3991 res
1633 3949 1712 3991 cSt
1744 3937 1852 4004 ipsa
1888 3937 2043 4005 pudi-

451 4039 575 4092 citia
601 4077 617 4100 ,
657 4035 752 4090 sed
798 4033 968 4101 magis
996 4032 1154 4085 etiam
1187 4031 1232 4084 si
1262 4029 1545 4097 conjuncta
1586 4027 1652 4079 sit
1682 4042 1804 4080 cum
1835 4027 2042 4096 egregia

461 4129 660 4199 spwie.
709 4127 846 4180 Hinc
885 4133 969 4178 est
1007 4122 1146 4192 quod
1186 4123 1253 4176 de
1295 4119 1493 4189 lesejh
1540 4121 1693 4173 nobis
1737 4130 2044 4173 narraturus

458 4223 682 4292 ejusque
712 4216 1062 4286 temperantia
1085 4257 1100 4280 ,
1155 4213 1407 4282 priefatus
1443 4222 1525 4264 est
1567 4211 1635 4264 de
1677 4212 1816 4264 illius
1853 4210 2043 4264 eximia

455 4311 849 4385 pulchritudine
869 4306 1130 4376 corporis,
1153 4305 1338 4359 dicens
1366 4302 1658 4356 formosum
1680 4301 1863 4364 fuisse,
1888 4316 2040 4368 ηενρ-

453 4417 651 4478 ctuque
679 4413 885 4476 gratum
918 4411 972 4455 et
1013 4399 1064 4453 in
1115 4399 1231 4467 ipso
1257 4395 1388 4450 ﬂore
1417 4391 1854 4463 pulchritudinis,
1887 4404 2046 4460 atque

459 4504 528 4556 ita
568 4501 782 4556 demum
823 4494 1096 4566 subiunxit
1125 4493 1190 4547 de
1213 4490 1422 4560 juvenis
1449 4487 1818 4556 temperantia,
1847 4485 2046 4540 docens

458 4594 598 4664 quod
635 4593 819 4647 forma:
857 4591 1051 4645 decore
1087 4603 1191 4642 non
1238 4587 1306 4640 sit
1345 4598 1473 4638 usus
1499 4584 1563 4637 ad
1595 4583 1863 4636 lasciviam
1891 4582 2042 4650 (Gen.

459 4688 546 4741 59.
592 4683 670 4754 6).
704 4682 1122 4750 Haudquaquam
1165 4679 1307 4733 enim
1339 4673 1678 4745 pulchritudo
1707 4672 2046 4726 seortationis

460 4790 620 4830 causa
653 4787 866 4840 semper
895 4780 1008 4835 est,
1041 4770 1177 4822 sicut
1220 4781 1320 4820 nec
1344 4764 1654 4820 deformitas
1682 4763 2043 4817 continentiie.

460 4864 636 4920 Multa:
652 4863 796 4918 enim
815 4861 1051 4914 illustres
1069 4859 1257 4928 insigni
1276 4857 1456 4926 specie
1472 4855 1711 4924 corporis
1731 4854 2046 4908 illustriores

459 4960 614 5012 facta;
658 4966 780 5010 sunt
823 4969 917 5023 per
961 4951 1266 5022 pudicitiam
1301 4967 1314 5001 :
1347 4947 1466 5002 alia:
1514 4946 1647 5001 facie
1698 4957 1878 5015 turpes
1931 4955 2045 4998 lur-

461 5050 666 5119 piorem
728 5046 958 5098 animam
1017 5041 1215 5110 stupris
1265 5039 1675 5094 sordidaverunt
1733 5035 2044 5090 innumeris.

463 5138 756 5206 lltrobique
784 5149 942 5188 causa
973 5143 1056 5186 est
1099 5129 1427 5198 prepositnm
1472 5126 1668 5192 animi,
1717 5141 1822 5179 non
1860 5135 2045 5178 natura

456 5233 720 5301 Corporis.

528 5326 579 5378 7.
595 5322 700 5378 Cur
721 5320 798 5376 bis
825 5318 1041 5390 appellet
1066 5315 1303 5385 uirginem
1321 5312 1612 5366 Ilebeccam.
1631 5341 1698 5350 ——
1715 5310 1823 5364 Nec
1848 5320 2047 5363 temere

457 5431 574 5469 eam
610 5413 690 5467 bis
717 5410 949 5479 appellat
995 5407 1275 5475 virginem.
1317 5404 1451 5456 Cum
1484 5402 1625 5455 enim
1650 5400 1758 5468 jam
1788 5399 2043 5461 dixisset,

469 5504 623 5574 Virgo
660 5512 766 5555 erat
788 5543 802 5562 ,
854 5498 1123 5567 subjunin
1151 5513 1164 5549 :
1198 5494 1352 5563 l'irqo
1383 5501 1488 5546 erat
1511 5533 1524 5553 ,
1567 5502 1611 5544 et
1639 5492 1744 5542 viro
1771 5491 2044 5560 incognita.

459 5593 720 5662 Quoniam
763 5592 903 5646 enim
945 5590 1122 5641 multa:
1163 5586 1395 5653 virgines
1442 5596 1636 5649 corpus
1685 5582 2046 5648 incorruptum

460 5695 771 5745 servantes,
818 5681 1048 5733 animam
1097 5678 1292 5730 habent
1347 5676 1554 5744 plenam
1609 5673 2044 5740 intemperantia,

463 5781 708 5847 tuusque
743 5771 952 5824 turbam
987 5777 1281 5821 amatorum
1313 5766 1612 5832 attrahunt,
1657 5776 1710 5820 ct
1749 5763 2048 5817 incscantes

1207 361 1260 416 S.
1303 359 1578 416 JOtNNIS
1615 355 2086 412 CilRYSOSTOMl
2128 355 2443 414 ARCHIEP.
2485 357 3018 414 CONSTANTINOP.

3635 367 3752 425 9'56

2152 473 2336 526 oculos
2357 474 2609 543 jnvemnn
2643 477 2694 528 in
2726 475 2948 530 insidias
2983 493 3078 532 eos
3106 480 3341 544 trahunt,
3370 492 3531 550 atque
3557 485 3624 537 ad
3655 489 3751 538 ha-

2150 565 2326 616 rathra
2373 564 2678 632 pelliciunt,
2734 566 3026 622 ostendens
3068 568 3242 625 Moses
3284 573 3426 643 quod
3474 577 3592 628 lnee
3637 592 3758 629 non

2151 656 2290 722 talis,
2319 656 2414 710 sed
2443 666 2548 710 tam
2575 657 2755 711 animo
2785 674 2943 727 quam
2966 674 3191 728 corpore
3215 664 3360 732 virgo
3381 662 3561 732 fuerit,
3585 666 3754 730 dixit,

2160 744 2313 816 Virgo
2339 758 2466 812 erat,
2499 759 2545 800 ct
2575 747 2681 801 uiro
2715 749 2992 818 incognita.
3026 750 3258 805 Tametsi
3292 756 3483 809 multas
3514 757 3765 811 habebas

2149 839 2459 893 occasiones
2481 880 2496 904 ,
2548 855 2644 908 per
2672 855 2803 908 quas
2832 856 2861 894 a
2890 843 3017 896 viris
3043 857 3488 914 cognosceretur:
3514 851 3756 919 primunt

2147 930 2391 998 corporis
2433 931 2913 998 pulchritudinem;
2950 932 3147 988 deinde
3178 937 3394 990 modum
3425 940 3709 994 ministerii
3736 981 3757 1005 ,

2149 1037 2255 1088 quo
2287 1021 2524 1090 perfnugi
2555 1030 2638 1074 est
2657 1022 2833 1076 solita.
2867 1022 2922 1077 Si
2951 1024 3092 1078 enim
3118 1025 3168 1078 in
3193 1025 3426 1081 thalamo
3448 1029 3761 1085 desedisset

2149 1120 2406 1180 perpetuo
2425 1151 2438 1174 ,
2473 1112 2609 1165 sicut
2640 1113 2807 1166 nostri
2841 1115 3098 1184 temporis
3127 1116 3354 1186 virgines
3373 1161 3388 1184 ,
3435 1136 3530 1175 nec
3560 1120 3752 1174 forum

2148 1203 2401 1265 adiisset,
2451 1219 2548 1257 nec
2581 1203 2779 1257 exisset
2827 1213 3101 1273 paternam
3142 1207 3358 1262 domum
3379 1251 3394 1273 ,
3426 1213 3562 1264 nulla
3596 1224 3761 1266 esset

2151 1294 2265 1346 laus
2285 1334 2299 1356 ,
2341 1293 2386 1346 si
2413 1293 2684 1347 diceretur
2724 1295 2839 1348 viro
2881 1297 3166 1366 incognita.
3195 1297 3330 1353 Cum
3360 1310 3532 1355 autem
3557 1302 3764 1356 videas

2151 1397 2270 1435 eam
2303 1382 2474 1436 forum
2515 1394 2728 1450 petere,
2757 1385 3099 1455 quotidieque
3127 1387 3242 1457 cogi
3269 1400 3515 1459 aquatum
3546 1391 3626 1446 ire
3653 1407 3762 1446 se-

2152 1471 2284 1536 mel,
2316 1471 2397 1526 bis
2421 1482 2512 1527 aut
2540 1475 2763 1543 smpius,
2799 1485 2958 1545 atque
2998 1477 3069 1530 ita
3113 1494 3331 1533 manere
3358 1481 3470 1535 viro
3498 1483 3763 1552 incogni-

2152 1572 2294 1630 tam,
2343 1579 2403 1619 ea
2435 1580 2562 1619 vero
2593 1565 2708 1620 laus
2747 1575 2830 1620 est
2861 1583 2965 1621 non
2999 1569 3238 1623 minima.
3267 1570 3400 1624 Cum
3432 1573 3572 1627 enim
3608 1592 3764 1628 non-

2148 1669 2436 1724 numquam
2463 1656 2702 1724 aceidat,
2749 1669 2804 1711 ut
2848 1674 2970 1712 raro
3009 1659 3176 1714 forum
3211 1672 3395 1730 petens
3422 1664 3589 1734 virgo,
3639 1682 3760 1721 nec

2149 1745 2382 1801 formosa
2407 1789 2422 1812 ,
2457 1758 2510 1801 et
2534 1750 2784 1802 comitata
2815 1751 3024 1806 ancillis
3050 1753 3270 1822 aliquot,
3301 1756 3504 1810 amittat
3530 1773 3762 1811 morum

2149 1837 2432 1905 puritatem
2463 1840 2514 1892 in
2543 1839 2805 1908 ejusmodi
2825 1843 3226 1911 evagationibus
3253 1847 3402 1900 :hzec
3419 1862 3533 1916 quze
3555 1849 3764 1916 quoti-

2148 1928 2236 1982 die
2266 1929 2378 1983 sola
2407 1933 2634 1999 prodite
2658 1934 2892 2002 paternis
2917 1935 3141 2002 sedibus,
3168 1936 3328 2008 idque
3353 1954 3455 1992 non
3484 1940 3532 1994 in
3561 1939 3760 1995 forum

2151 2029 2378 2087 tantum,
2412 2023 2503 2076 sed
2533 2034 2782 2093 aquatum
2814 2024 2879 2078 ad
2913 2026 3134 2091 fontem,
3165 2043 3273 2096 quo
3301 2039 3356 2082 et
3383 2029 3511 2084 alios
3540 2033 3767 2084 multus

2151 2114 2440 2166 convenire
2488 2126 2570 2168 est
2615 2131 2868 2175 necesse.
2915 2132 2981 2169 an
3026 2135 3127 2172 non
3161 2135 3350 2187 magna
3392 2121 3767 2176 admiratione

2149 2203 2306 2272 digna
2335 2205 2455 2257 est?
2483 2207 2677 2274 quippe
2698 2207 2850 2275 cujus
2875 2209 3117 2275 probitati
3143 2225 3314 2279 neque
3336 2212 3502 2265 cribri
3522 2229 3552 2265 e
3572 2213 3763 2266 dOIIIu

2149 2295 2344 2358 exitus,
2373 2311 2544 2364 neque
2572 2298 2782 2366 egregia
2809 2297 2986 2350 vultus
3015 2299 3205 2365 forma,
3239 2317 3408 2371 neque
3435 2302 3768 2370 frequentes

2146 2386 2402 2455 juvenum
2435 2403 2713 2454 occursus,
2739 2405 2912 2458 neque
2937 2390 3080 2444 aliud
3109 2392 3420 2462 quidquam,
3449 2395 3768 2450 detrimen-

2151 2489 2260 2533 tum
2304 2479 2465 2533 ulluin
2509 2481 2695 2534 afferat
2723 2522 2739 2546 ,
2782 2482 2907 2535 dmn
2955 2493 3059 2537 tam
3104 2488 3284 2539 animo
3332 2502 3484 2556 quam
3517 2504 3764 2559 corpore

2151 2583 2327 2628 servat
2355 2573 2659 2643 pudicitiam
2693 2574 3020 2644 diligentius,
3051 2593 3208 2647 quam
3238 2595 3356 2647 quze
3388 2595 3674 2648 numquam
3717 2598 3758 2636 ο

2149 2681 2406 2736 gynazceo
2445 2679 2503 2718 se
2532 2665 2802 2734 proferunt
2827 2709 2842 2730 ,
2875 2668 3028 2736 plane
3059 2669 3174 2722 talis
3201 2671 3410 2738 qualem
3439 2671 3632 2725 Paulus
3659 2688 3767 2727 re-

2151 2758 2316 2826 quirit
2343 2756 2522 2810 dicens
2541 2797 2557 2821 ,
2597 2755 2664 2811 Ut
2693 2759 2757 2812 sit
2799 2771 2975 2812 sancta
3004 2776 3215 2828 corpore
3239 2771 3286 2814 et
3314 2763 3490 2830 spiritu
3516 2763 3561 2833 (l
3579 2802 3593 2817 .
3619 2763 3760 2818 Cor.

2149 2848 2200 2901 7.
2229 2848 2361 2910 5i)?
2389 2845 2515 2901 Cum
2544 2849 2698 2918 igitur
2725 2849 2792 2901 ad
2829 2853 3018 2920 fontem
3044 2849 3398 2916 descendisset,
3421 2853 3632 2922 jamque
3659 2870 3761 2905 re—

2153 2940 2288 3008 pleta
2315 2939 2497 3008 hydria
2522 2951 2868 3004 reverteretur,
2894 2959 3161 2996 occurrens
3187 2945 3233 2996 ei
3257 2961 3428 2998 seruus
3447 2947 3545 2998 ait:
3563 2944 3764 3000 Prtebe

2149 3031 2272 3083 mihi
2302 3030 2589 3098 pauxillum
2626 3042 2771 3100 petits
2807 3033 2868 3085 de
2912 3044 2997 3085 tua
3036 3033 3238 3104 hydria.
3282 3034 3408 3099 Quae
3447 3037 3715 3106 respondit
3738 3081 3758 3102 ,

2152 3119 2275 3174 Bibe
2303 3163 2317 3180 ,
2369 3119 2604 3186 domine;
2655 3124 2977 3193 celeriterque
3020 3124 3254 3193 deposuit
3307 3126 3537 3196 hydriam
3592 3145 3765 3197 super

2147 3213 2320 3265 ulnam
2363 3227 2545 3272 suam,
2599 3223 2646 3265 et
2699 3215 2914 3282 praebuit
2965 3215 3009 3268 ei
3061 3215 3220 3268 donec
3266 3217 3510 3270 desineret
3554 3218 3754 3273 bibere.

2150 3303 2369 3372 Moxque
2397 3302 2499 3365 ait,
2535 3302 2703 3356 Etiam
2736 3305 2940 3358 camelis
2974 3306 3073 3359 tuis
3102 3306 3356 3372 hauriam,
3383 3308 3542 3361 donec
3570 3325 3757 3362 omnes

2148 3395 2336 3450 bibunt.
2371 3398 2738 3464 Festinansque
2763 3395 2921 3461 e/Tusa
2951 3413 3084 3468 aqua
3107 3399 3158 3451 iu
3185 3401 3381 3452 alveum
3410 3402 3544 3454 unde
3570 3411 3754 3468 potum

2147 3501 2416 3557 sumerent,
2446 3490 2666 3544 accurrit
2697 3488 2764 3541 ad
2792 3499 3030 3558 puteum,
3070 3499 3124 3541 ut
3171 3491 3396 3544 hauriret
3429 3509 3614 3561 aquam
3655 3510 3756 3545 ca-

2153 3584 2295 3636 melis
2322 3583 2551 3636 omnibus
2580 3580 2729 3648 (Gen.
2761 3579 2848 3633 2i.
2876 3580 3080 3651 16-20).

2215 3673 2261 3726 11
2268 3675 2547 3742 ospimlitas
2569 3683 2612 3725 et
2636 3673 2876 3724 modestia
2896 3671 3149 3726 Rebeccae.
3180 3672 3297 3726 Non
3316 3690 3380 3727 ea:
3394 3685 3600 3743 sumptu
3615 3677 3756 3730 esti-

2148 3764 2336 3816 manda
2392 3764 2730 3831 hospitalitas.
2756 3793 2827 3801 —
2869 3761 3052 3831 Magna
3100 3764 3433 3833 hospitalitas
3478 3764 3688 3819 feminm
3727 3811 3745 3832 ,

2151 3870 2339 3923 ιιι-εμπ
2382 3853 2678 3918 modestia,
2708 3861 2763 3906 nt
2801 3867 2863 3907 ex
2893 3853 3056 3921 ipsius
3083 3863 3188 3906 tam
3221 3854 3376 3908 dictis
3402 3872 3561 3925 quam
3591 3856 3750 3911 factis

2149 3957 2224 3999 est
2272 3947 2640 4012 εωηςμὶι-ιιιιιη.
2669 3943 2852 3997 Viden‘
2881 3944 3149 4012 quomodo
3192 3960 3288 4000 nec
3329 3946 3609 4001 modestiae
3649 3949 3751 4001 ho-

2149 4038 2410 4106 Spitalitas
2464 4037 2672 4097 obfuit.
2725 4051 2824 4090 nec
2876 4035 3218 4104 hospitalitati
3267 4038 3561 4094 modestia?
3591 4040 3749 4106 Quod

2149 4129 2288 4180 enim
2321 4144 2424 4180 non
2457 4129 2600 4195 prior
2637 4126 2900 4190 occurrit,
2937 4142 3035 4180 nec
3063 4128 3349 4195 appellavit
3389 4129 3601 4195 virum,
3643 4131 3751 4185 hoc

2152 4215 2248 4270 fuit
2271 4216 2546 4270 modesdic
2579 4233 2592 4268 :
2623 4231 2830 4270 rursum
2859 4215 3000 4284 quod
3026 4216 3092 4269 ad
3127 4219 3383 4286 pestnlata
3407 4234 3515 4274 non
3545 4222 3746 4283 renuit,

2151 4325 2322 4376 neque
2347 4309 2558 4375 negavit
2583 4323 2640 4361 se
2672 4307 2961 4371 facturam,
2996 4306 3097 4361 hoc
3123 4323 3328 4378 magna:
3362 4309 3751 4380 hospitalitatis

2149 4418 2212 4456 ac
2241 4402 2581 4454 humanitatis
2613 4401 2712 4454 fuit
2735 4400 2988 4454 oflicimn.
3021 4400 3092 4456 Ut
3119 4401 3261 4455 enim
3290 4402 3630 4472 impudenter
3660 4404 3747 4458 fe-

2150 4495 2344 4556 cisset,
2375 4494 2418 4546 si
2465 4493 2608 4561 prior
2651 4492 2966 4546 occurrisset
2992 4533 3007 4558 ,
3037 4500 3090 4546 et
3118 4493 3257 4546 ultro
3293 4495 3612 4562 appellasset
3645 4497 3749 4549 lin-

2153 4583 2352 4636 minem
2383 4599 2398 4634 :
2433 4583 2500 4634 ita
2534 4581 2880 4634 inhumanum
2909 4592 3025 4635 erat
3053 4591 3106 4636 et
3138 4583 3442 4646 barbarum,
3474 4586 3516 4637 si
3550 4601 3744 4654 regan-

2153 4675 2218 4725 tis
2253 4673 2411 4726 Verba
2455 4674 2754 4738 repulisset.
2797 4672 2945 4725 Nunc
2983 4689 3110 4726 vero
3147 4684 3392 4726 neutrum
3439 4676 3559 4729 lecit
3597 4698 3608 4731 :
3649 4692 3748 4731 nec

2153 4764 2426 4816 modestia!
2451 4763 2628 4816 studio
2652 4763 2998 4832 hospitalitati
3024 4763 3211 4827 defuit,
3239 4781 3337 4819 nec
3367 4765 3754 4835 hospitalitatis

2151 4868 2274 4906 cura
2311 4852 2519 4907 laudem
2553 4852 2886 4906 verecundia:
2931 4854 3033 4906 sibi
3075 4855 3303 4916 minuit,
3338 4857 3433 4910 sed
3467 4866 3754 4926 utramque

2153 4947 2400 4996 virtutem
2439 4945 2695 5012 integram
2736 4942 3001 5006 obtinuit,
3025 4944 3352 4999 declarandi)
3378 4961 3529 5000 suam
3561 4950 3755 5000 mode—

2152 5038 2307 5088 stiam
2334 5076 2347 5097 ,
2376 5034 2499 5088 dntu
2536 5033 2707 5101 rogari
2735 5045 3005 5100 exspectat
3033 5052 3047 5098 ;
3078 5036 3264 5089 miram
3297 5053 3427 5090 vero
3460 5040 3750 5108 hospitali-

2153 5138 2348 5186 tatem,
2381 5127 2506 5180 dum
2553 5135 2734 5194 rogata
2781 5128 2897 5181 sine
2946 5142 3092 5180 mora
3147 5128 3477 5197 obsequitur.
3533 5130 3753 5182 Etenim

2151 5234 2374 5272 suinmze
2407 5217 2781 5285 hospitalitatis
2821 5217 2950 5281 fuit,
2985 5234 3087 5270 non
3121 5218 3281 5271 modo
3305 5235 3426 5287 qua:
3452 5221 3757 5288 postulavit

2151 5309 2364 5362 dedisse
2389 5348 2404 5374 ,
2443 5306 2537 5362 sed
2585 5307 2744 5360 etiam
2778 5308 3053 5376 plusquam
3088 5309 3176 5363 ille
3220 5310 3371 5378 petiit
3410 5311 3751 5365 exhibuisse.

2153 5400 2260 5455 Nec
2306 5399 2467 5453 refert
2518 5399 2656 5468 quod
2722 5415 2857 5469 aqua
2902 5409 3024 5453 erat
3065 5416 3184 5468 qua!
3231 5400 3556 5456 offerebatur
3587 5424 3601 5457 :
3631 5413 3756 5457 tum

2153 5492 2293 5543 enim
2349 5489 2485 5543 hanc
2523 5489 2688 5542 solam
2720 5489 2924 5544 habuit.
2957 5489 3259 5556 [lostiitales
3299 5501 3474 5545 autem
3519 5507 3620 5548 non
3666 5509 3756 5545 ex

2155 5590 2366 5647 sumptu
2393 5579 2645 5632 censendi
2677 5589 2842 5642 sunt,
2884 5579 2974 5632 sed
3015 5595 3080 5632 ex
3127 5578 3494 5644 facultatibus;
3534 5583 3766 5651 quando

2159 5675 2294 5725 Dens
2314 5688 2435 5725 eum
2477 5674 2636 5727 etiam
2677 5672 2893 5734 laudat,
2925 5673 3012 5742 qui
3043 5673 3186 5726 dedit
3230 5675 3434 5743 frigida:
3459 5676 3706 5744 poculum
3735 5723 3760 5740 ,

2156 5774 2204 5815 et
2237 5779 2354 5816 eam
2373 5805 2385 5829 ,
2419 5779 2536 5833 rpite
2562 5761 2696 5816 duos
2721 5777 2891 5817 {ereos
2937 5766 3167 5819 minutos
3193 5765 3420 5833 obtulit,
3447 5768 3518 5820 ait
3550 5773 3763 5820 contu-
