4006 6432
526 344 630 400 $57

531 473 618 513 σιν
635 470 657 492 ο
689 456 813 511 ἐπεὶ
845 458 938 512 καὶ
963 457 1056 510 τὸν
1095 458 1352 530 ποτήριον
1376 459 1535 514 δόντα
1557 460 1768 533 ψυχροῦ
1791 463 1821 515 6
1841 462 1985 528 ’Θεὸς
2010 466 2112 519 ἐπ-

1247 350 1309 407 S.
1345 352 1627 407 IOANNIS
1667 353 2153 415 CHRYSGSTOMI
2191 356 2509 417 ARCHIFP.
2537 357 3090 414 CONSTANTINOP.
3678 365 3765 421 133

2224 469 2408 550 θανεν
2426 466 2653 533 αὐτήν;
2674 466 2785 519 Kal
2808 466 3019 536 σχῆμα,
3050 468 3144 521 καὶ
3170 466 3425 539 βάδισμα,
3448 472 3536 527 καὶ
3554 473 3764 550 βλίμμλ.

527 542 712 612 ῄνεσε,
729 540 825 593 καὶ
844 541 941 610 τὴν
965 538 1061 623 δύο
1084 541 1255 594 λεπτά
1285 541 1703 596 καταϐαλοῦσαν
1720 544 1937 598 πάντων
1951 545 2113 601 πλέον
2218 549 2313 602 καὶ
2342 550 2520 621 ῥῆμα,
2552 551 2649 604 καὶ
2672 550 2851 603 πάντα
2871 550 3120 620 ἀκριϐῶς
3146 538 3422 623 ἐξήταζεν,
3447 538 3665 614 ἀπὺ-τῶν

528 622 993 694 καταδεδληκέναι
1027 622 1157 694 ἐφη,
1190 624 1379 697 ἐπειδὴ
1413 626 1624 690 πάντα,
1655 626 1801 696 άπερ
1826 625 1963 698 εἶχε,
1992 629 2112 683 τότε

528 704 845 759 κατέϐαλεν.
905 703 1063 758 Οῦτω
1124 706 1218 759 καὶ
1268 706 1408 779 αὕτη
1465 708 1675 773 τούτοις
1724 709 1816 763 τὸν
1867 710 2112 780 γενναῖον

528 792 733 844 ἐκεῖνον
776 788 1047 856 ἐξένισεν,
1082 785 1159 844 ὧν
1189 791 1341 843 οὐδὲν
1372 786 1484 863 εἶχε
1530 793 1692 848 πλέον
1736 795 1885 866 αὐτῷ
1936 814 2111 869 παρα-

526 877 693 944 σχεῖν.
724 873 840 944 οὐχ
874 874 1063 939 ἁπλῶς
1098 875 1157 928 δὲ
1193 876 1517 946 πρόσκειται
1548 878 1631 941 τὸ,
1680 880 1977 943 Ἕσπευσε,
2015 881 2109 934 καὶ

523 957 746 1027 ἔδραμε,
781 957 876 1009 καὶ
898 957 999 1010 ὅσα
1022 956 1271 1025 τοιαῦτα,
1301 959 1417 1012 ἀλλ’
1447 959 1535 1013 ἵνα
1564 962 1743 1032 μάθῃς
1773 962 1872 1033 τὴν
1905 962 2108 1033 προθυ-

524 1049 674 1118 μίαν,
722 1047 842 1118 μεθ’
882 1043 952 1119 ἦς
978 1048 1155 1101 ἐποίει
1200 1049 1264 1103 τὸ
1294 1054 1552 1123 πρᾶγμα,
1589 1054 1690 1106 οὐκ
1724 1054 1952 1117 ἄκουσα,
1986 1056 2108 1109 οὐδέ

519 1132 974 1205 ἀναγκαζομένη,
1024 1133 1147 1187 οὐδὲ
1215 1134 1676 1207 δυσχεραίνουσα,
1742 1137 1861 1191 οὐδέ
1903 1139 2108 1206 ἀγανα-

519 1218 743 1271 κτοῦσα.
800 1217 912 1271 Kal
949 1218 1032 1272 ὅτι
1081 1218 1143 1271 οὐ
1196 1220 1394 1292 μικρὸν
1430 1220 1589 1274 τοῦτό
1644 1224 1782 1287 ἐστι,
1846 1222 2107 1287 πολλάκις

518 1301 787 1372 παριόντα
824 1300 949 1355 τινὰ
998 1302 1191 1372 στῆναι
1231 1302 1427 1374 μικρὸν
1479 1305 1765 1375 ῂτήσαμεν
1805 1306 1931 1376 δᾷδα
1977 1323 2107 1359 κατ-

517 1386 731 1457 έχοντα,
761 1385 850 1440 ἴνα
875 1384 1124 1457 ἅψωμεν,
1156 1386 1191 1458 ἢ
1225 1386 1370 1458 ὕδωρ
1403 1388 1761 1459 βαστάζοντα,
1794 1389 1935 1442 ὥστε
1969 1392 2106 1445 ἀπο-

517 1470 682 1533 πιεῖν,
707 1469 801 1523 καὶ
829 1469 931 1522 οὐκ
958 1468 1238 1541 ἠνέσχετο,
1270 1470 1384 1524 ἀλλ’
1412 1472 1771 1544 ἐδυσχέρανεν
1790 1488 1803 1502 ·
1837 1472 2021 1543 ἐκείνη
2048 1473 2104 1527 δὲ

516 1553 578 1606 οὐ
615 1552 777 1623 μόνον
806 1552 1101 1607 ἀπέκλινεν
1129 1553 1281 1625 αὐτῷ
1315 1556 1412 1627 τὴν
1437 1556 1627 1627 ὑδρίαν
1645 1596 1660 1620 ,
1702 1557 1839 1611 ἀλλά
1864 1558 1960 1610 καὶ
1986 1560 2105 1622 ταῖς

516 1635 788 1706 καμήλοις
817 1636 1021 1700 πάσαις
1051 1636 1371 1709 ὑδρεύσατο,
1409 1640 1568 1694 πόνον
1592 1640 1844 1695 τοσοῦτον
1876 1643 2105 1712 ἀνασχο-

520 1719 680 1790 μένη,
710 1719 807 1773 καὶ
834 1717 984 1792 [224]
1010 1720 1110 1792 τὴν
1133 1721 1242 1775 ἀπὸ
1265 1721 1359 1776 τοῦ
1383 1722 1632 1793 σώματος
1653 1723 1996 1796 λειτουργίαν
2022 1726 2102 1790 είς

515 1801 615 1874 τὴν
634 1801 940 1873 φιλοξενίαν
957 1802 1347 1872 εἰσενεγκοῦσα
1365 1804 1504 1875 μετά
1525 1805 1727 1876 πολλῆς
1747 1807 2099 1879 προσηνείαςθ

514 1886 580 1939 οὐ
618 1884 729 1957 γὰρ
769 1883 832 1938 τὸ
874 1885 1099 1956 ποιῆσαι
1152 1885 1332 1957 μόνον,
1381 1886 1520 1941 ἀλλά
1557 1889 1653 1941 καὶ
1689 1888 1751 1941 τὸ
1782 1889 2099 1960 προθύμως,

516 1970 790 2023 δείκνυσιν
814 1968 985 2041 αὐτῆς
1014 1968 1113 2040 τὴν
1144 1969 1375 2041 ἀρετήν·
1409 1970 1599 2042 κύριον
1630 1971 1788 2025 καλεί
1816 1971 2105 2044 ἄνθρωπον

517 2053 740 2123 ἀγνῶτα
776 2053 880 2107 οιαὶ
908 2054 1030 2106 τότε
1076 2054 1320 2123 φανέντα
1361 2055 1596 2128 πρῶτον.
1642 2058 1754 2111 Καὶ
1794 2057 2045 2129 καθάπερ
2077 2058 2104 2110 6

516 2137 980 2209 mbaﬂhcaz‘nﬁ;
1012 2136 1265 2209 Ἀϐραάμ
1287 2138 1389 2193 οὐκ
1413 2138 1603 2211 ἠρώτα
1628 2142 1755 2204 τοὺς
1781 2142 2101 2214 παριόντας,

515 2221 674 2285 Τίνες
707 2221 767 2275 τέ
808 2222 954 2286 ἐστε,
989 2222 1091 2275 καὶ
1123 2221 1325 2290 πόθεν;
1360 2226 1457 2277 καὶ
1493 2225 1596 2279 ποῦ
1632 2226 1963 2297 πορεύεσθε;
2010 2229 2105 2282 καὶ

515 2305 680 2358 πόθεν
708 2304 917 2374 ἠκατες
949 2304 1065 2359 ἀλλ’
1099 2303 1288 2370 ἁπλῶς
1315 2307 1414 2379 τὴν
1443 2307 1747 2377 φιλοξενίαν
1772 2308 2099 2381 ἐκαρποῦτοο

512 2384 658 2441 οὕτω
687 2387 780 2440 καὶ
809 2386 948 2458 αὕτη
977 2388 1078 2442 οὐκ
1105 2383 1249 2454 εἷπε,
1272 2388 1367 2453 Τίς
1394 2385 1464 2457 εἷ,
1497 2392 1591 2445 καὶ
1622 2390 1809 2455 πόθεν,
1840 2394 1934 2447 καὶ
1960 2394 2104 2457 τίνος

512 2472 699 2526 ἕνεκεν
729 2472 1150 2544 παραγέγονας;
1181 2473 1319 2527 ἀλλὰ
1356 2476 1770 2548 καρπωσαμένη
1806 2477 1905 2548 τὴν
1941 2478 2103 2530 εὐπο-

516 2557 639 2627 ρίαν
676 2556 776 2628 τῆς
811 2556 1142 2627 φιλοξενίας,
1173 2557 1243 2611 τά
1275 2557 1506 2629 περιττά
1539 2558 1719 2613 πάντα
1748 2558 1951 2630 ἀφῆκε.
1994 2560 2104 2614 Kal

514 2640 625 2711 γὰρ
649 2641 700 2693 οί
728 2640 1074 2713 μαργαρίτας
1094 2640 1414 2712 ὠνούμενοι,
1437 2642 1532 2695 καὶ
1553 2642 1776 2714 χρυσίον
1801 2642 2106 2714 λαμϐάνον-

513 2742 625 2790 τες,
659 2724 717 2779 ἒν
748 2724 910 2778 τοῦτο
949 2724 1173 2797 ζητοῦσι
1208 2726 1405 2796 μόνον,
1436 2727 1587 2789 ὅπως
1619 2727 1956 2798 κερδαίνοιεν
1996 2728 2106 2782 άπὸ

514 2808 625 2862 τῶν
653 2808 887 2880 ἐχόντων
910 2807 979 2862 τὰ
1003 2808 1107 2881 χιρή
1116 2825 1281 2880 ματα.
1307 2809 1407 2879 οὐχ
1431 2810 1580 2872 ὅπως
1601 2810 1799 2874 αὐτοὺς
1817 2813 2107 2883 περιεργά-

519 2907 728 2947 υοιντο·
769 2891 866 2946 καὶ
906 2890 1046 2963 αὕτη
1075 2891 1246 2945 τοῦτο
1284 2892 1442 2962 μόνον
1475 2891 1659 2964 ζητεῖ,
1699 2894 1847 2957 ὅπως
1885 2894 2104 2966 δέξηται

516 2973 743 3044 τὸνοτῆς
776 2973 1083 3043 φιλοξενίας
1102 2975 1359 3045 καρπὸν,
1385 2975 1536 3040 ὅπως
1573 2975 1729 3030 λάϐοι
1772 2978 1864 3030 τὸν
1914 2979 2105 3047 μισθὸν

517 3054 945 3127 άπηρτισμένον.
981 3056 1137 3128 ’ᾙδει
1168 3056 1330 3110 τοῦτο
1364 3058 1579 3127 σαφῶς,
1613 3060 1696 3112 ὃτι
1734 3061 1763 3113 ὁ
1803 3059 1952 3124 ξένος
1999 3061 2104 3133 μά-

516 3140 676 3193 λιστα
706 3139 928 3193 πάντων
963 3137 1314 3210 αἰσχύνεται·
1358 3140 1449 3195 διά
1492 3141 1653 3195 τοῦτο
1691 3142 1861 3198 δεῖται
1909 3145 2107 3216 πολλῆς

516 3225 617 3292 της
645 3220 1067 3293 φιλοφροσύνης,
1100 3222 1196 3275 καὶ
1227 3223 1660 3295 ἀπεριεργάστου
1688 3226 1788 3297 τῆς
1821 3228 2106 3299 σωφροσύ-

517 3323 644 3376 νης·
678 3306 746 3361 ἂν
775 3306 953 3360 τοίνυν
987 3305 1273 3377 μέλλωμεν
1304 3308 1467 3361 αὐτὸν
1505 3309 1970 3383 περιεργάζεσθαι
2012 3312 2106 3366 καὶ

516 3391 994 3461 πολυπραγμονεῖν
1015 3430 1032 3455 ,
1080 3389 1230 3443 ὀκνεῖ
1278 3391 1372 3444 καὶ
1420 3392 1729 3457 ἀναδύεται,
1775 3394 1871 3448 καὶ
1926 3395 2107 3467 ἀηδῶς

517 3471 902 3544 προσέρχεται.
962 3474 1063 3527 Διά
1103 3473 1264 3527 τοῦτο
1307 3475 1428 3528 οὐδὲ
1470 3474 1611 3547 αὐτη
1649 3476 1807 3531 τοῦτο
1848 3480 2105 3548 ἐποίησεν

515 3568 612 3621 ἐπὶ
633 3567 849 3630 τούτου,
878 3566 1001 3620 οὐδὲ
1024 3566 1118 3620 ἐπὶ
1146 3566 1256 3621 τῶν
1287 3567 1455 3634 ξένων
1476 3572 1509 3624 ὁ
1531 3570 1795 3643 κηδεστὴς
1816 3573 1853 3623 ὁ
1875 3575 2101 3646 ταύτης,

517 3663 605 3718 ἴνα
640 3662 718 3733 μὴ
753 3663 852 3733 τὴν
885 3661 1059 3735 θήραν
1092 3663 1410 3736 ἀποσοϐήσῃ
1432 3681 1446 3695 ·
1489 3666 1605 3719 ἀλλ’
1635 3668 1936 3739 ἐθεράπευε
1978 3672 2103 3736 τοὺς

518 3753 813 3825 παριόντας
860 3753 1055 3822 μόνον,
1092 3757 1187 3811 καὶ
1223 3752 1608 3828 καρπούμενος
1639 3763 1705 3816 δι’
1742 3762 1923 3815 αὐτῶν
1968 3763 2104 3835 ὅπερ

517 3845 786 3911 ἐϐούλετο,
816 3846 987 3908 οὕτως
1008 3845 1208 3910 αὐτοὺς
1237 3848 1538 3920 ἐξέπεμπε.

576 3964 654 4026 η’.
669 3956 772 4010 Διά
789 3958 947 4011 τοῦτο
966 3958 1059 4011 καὶ
1086 3959 1351 4028 ἀγγέλους
1381 3962 1510 4015 ποτὲ
1534 3960 1843 4027 ὑπεδέξατο·
1865 3966 1940 4031 ὡς
1966 3967 2019 4021 εἴ
2041 3986 2103 4037 γε

516 4048 955 4119 περιειργάζετο,
986 4048 1276 4121 ἠλαττώθη
1305 4051 1373 4105 ἂν
1398 4051 1548 4124 αὐτῷ
1573 4054 1601 4106 6
1629 4053 1980 4126 ἐπικείμενος
2010 4077 2101 4129 μισ

519 4139 665 4202 αθός.
705 4138 815 4191 Kal
829 4138 951 4210 ,γὰρ
988 4139 1347 4219 θαυμάζομεν
1378 4142 1562 4208 αὐτὸν,
1588 4146 1688 4217 οὐχ
1717 4147 1798 4200 ὅτι
1837 4151 2103 4219 amem;

518 4229 836 4297 ὑπεδέξατο,
870 4229 986 4284 ἀλλ’
1024 4231 1107 4285 ὅτι
1147 4233 1360 4301 ἀγνοῶν
1394 4235 1708 4300 ὑπεδέξατο.
1752 4241 1815 4294 Εἰ
1853 4243 1950 4313 μὲν
1994 4246 2103 4319 γὰρ

517 4322 674 4387 εἰδὼς
693 4322 1083 4395 ἐθεράπευσεν,
1098 4325 1252 4379 οὐδὲν
1272 4325 1587 4398 θαυμαστὸν
1607 4330 1801 4397 ἐποίει,
1823 4335 1926 4404 τῆς
1946 4336 2104 4402 ἀξίας

515 4417 623 4472 τῶν
651 4415 1178 4488 ὐποδεχθέντωνκαὶ
1212 4417 1298 4471 τὸν
1328 4419 1536 4491 σφόδρα
1562 4418 1761 4477 λίθινον
1796 4427 1890 4479 καὶ
1915 4429 2100 4505 ἀπηνῆ

516 4510 1035 4586 καταναγκαζούσης
1059 4512 1444 4586 φιλάνθρωπον
1469 4514 1841 4583 γενέσθαικαὶ
1868 4522 2096 4595 ἣμεροψ

515 4607 575 4658 τὸ
607 4605 665 4659 δέ
697 4605 1017 4675 θαυμαστὸν
1048 4606 1209 4660 τοῦτο
1242 4602 1343 4678 ἦν,
1369 4606 1465 4663 *ὅτι
1487 4606 1680 4673 ⁴όδίτας
1709 4612 1867 4677 τινάς
1901 4617 2101 4685 αὐτοὺς

514 4694 656 4753 εἶναι
691 4697 960 4768 νομίζων,
1008 4698 1279 4769 τοσαύτην
1318 4699 1411 4751 ἐπ’
1443 4698 1630 4766 αὐτοῖς
1657 4702 1971 4771 ἐπεδείξατο
2003 4711 2103 4783 τὴν

518 4788 831 4859 θεραπείαν.
866 4789 1115 4861 Τοσαύτη
1149 4791 1245 4844 καὶ
1278 4789 1416 4863 αὕτη
1450 4786 1519 4862 ἦν
1542 4810 1555 4824 ·
1588 4794 1690 4849 οὐκ
1721 4791 1861 4853 οἶδεν
1894 4800 1980 4866 τίς
2010 4799 2099 4875 ἦν,

515 4879 637 4933 οὐδὲ
667 4881 756 4933 ἐπὶ
784 4880 837 4933 τί
864 4881 1216 4951 παρεγένετο,
1240 4881 1361 4935 οὐδὲ
1389 4883 1471 4937 δτι
1494 4884 1665 4958 αὐτὴν
1692 4895 2100 4967 μνηστευσόμε-

515 4990 606 5037 νος
630 4970 816 5045 ἦλθεν,
836 4974 972 5028 ἀλλά
996 4974 1144 5038 ξένον
1168 4977 1291 5031 τινά
1312 4978 1406 5032 καὶ
1431 4978 1710 5052 ὁδοιπόρον
1731 4984 1974 5057 ἐνόμισε.
2002 4992 2102 5045 Διά

514 5063 673 5118 τοῦτο
710 5064 912 5135 μείζων
939 5068 1077 5139 αὐτῇ
1105 5073 1133 5124 ὁ
1169 5070 1359 5141 μισθὸς
1389 5073 1489 5143 τῆς
1519 5074 1828 5142 φιλοξενίας
1868 5080 2099 5148 ἐγίνετο,

514 5156 596 5209 ὅτι
642 5156 736 5210 τὸν
779 5156 1075 5229 οὐδαμόθεν
1130 5161 1263 5215 ὄντα
1312 5164 1589 5236 γνώριμον
1640 5169 1780 5239 μετά
1830 5171 2103 5245 τοσαύτης

517 5250 814 5318 ὑπεδέξατο
840 5251 1074 5319 εὐνοίας,
1105 5253 1243 5326 ὁμοῦ
1270 5256 1365 5311 καὶ
1389 5256 1489 5328 τὴν
1533 5263 1887 5335 σωφροσύνην
1914 5266 2103 5339 διατη-

416 5366 421 5369 λ
519 5341 706 5412 ροῦσα.
757 5343 892 5397 Οὐδὲ
934 5343 1046 5417 γὰρ
1090 5347 1483 5418 ἀναισχύντως,
1533 5352 1654 5405 οὐδέ
1700 5355 1943 5426 ἰταμῶς,
1978 5358 2101 5414 οὔτε

514 5432 919 5503 ἀναγκάζουσα,
943 5436 1067 5492 οὔτε
1086 5439 1437 5512 ὀργιζομένη,
1471 5440 1606 5496 ἀλλά
1642 5445 1783 5515 μετά
1806 5449 1906 5517 τῆς
1933 5467 2104 5522 προσ-

515 5525 756 5597 ηκούσης
807 5529 1138 5601 σεμνότητος
1169 5533 1326 5587 τοῦτο
1379 5535 1570 5588 ἐποίει.
1625 5536 1794 5592 Τοῦτο
1827 5541 1934 5611 γάρ
1973 5544 2105 5598 αὐτὸ

515 5618 734 5687 ᾐνίξατο
756 5619 786 5670 6
809 5620 1050 5694 Μωῦσῆς
1076 5624 1271 5693 λέγων’
1305 5627 1368 5680 ’Ὁ
1387 5627 1456 5681 δὲ
1476 5628 1787 5699 ἅνθρωπος
1813 5635 2104 5705 κατεμάν-

513 5712 698 5761 θανεν
731 5708 963 5779 αὐτὴν,
997 5714 1097 5767 καὶ
1128 5719 1479 5785 παρεσιώπα
1513 5722 1620 5777 τοῦ
1650 5722 1891 5793 γνῶναι,
1921 5729 1974 5780 ελ
2002 5730 2101 5782 εὑ-

508 5796 716 5852 ὼδωονε
749 5803 959 5870 Κύριος
986 5804 1104 5873 τὴν
1129 5806 1272 5861 ὁδὸν
1295 5811 1502 5868 αὑτοῦ.
1537 5812 1601 5867 Τί
1627 5816 1763 5882 ἐστι,
1802 5819 2102 5887 Κατεμάν-

2217 632 2478 702 σώματος
2529 634 2851 703 κινημάτων
2895 634 2993 705 τὴν
3030 635 3145 702 ἕξιν
3178 636 3279 707 τῆς
3319 637 3492 709 ψυχῆς
3519 657 3768 713 καταμαν-

2216 714 2412 769 θάνων.
2440 716 2552 769 Καὶ
2577 716 2699 771 οὐδὲ
2728 716 2943 781 τούτοις
2967 718 3213 790 ἠρκέσθη
3259 721 3435 789 μόνον,
3462 722 3590 778 ἀλλά
3609 724 3765 782 δευτέο

2216 814 2314 868 ραν
2348 799 2615 868 προσάγει
2659 800 2877 871 πεῖραν.
2925 802 3149 872 Ἐπειδὴ
3182 803 3288 873 γὰρ
3324 804 3567 859 ἐπότισεν
3606 809 3768 873 αὐτὸν,

2210 880 2310 932 οὐκ
2338 878 2469 952 ἔστη
2502 881 2669 953 μέχρι
2698 879 2914 947 τούτου,
2955 884 3071 937 ἀλλ’
3104 875 3259 938 εἶπεν
3293 886 3463 957 αὐτῇ,
3500 890 3656 957 Τίνος
3685 896 3772 948 θυ-

2210 962 2395 1033 γάτηρ
2443 961 2516 1030 εἴ,
2558 964 2923 1035 ἀνάγγειλόν
2964 986 3103 1037 μοι,
3137 969 3235 1022 καί
3274 972 3323 1022 εὶ
3352 969 3483 1023 ἐστι
3517 976 3667 1041 παρὰ
3706 976 3773 1042 τῷ

2207 1048 2388 1115 πατρί
2415 1062 2532 1103 σου
2569 1052 2755 1114 τόπος
2785 1049 2892 1104 τοῦ
2933 1051 3307 1117 enata/150m;
3337 1053 3402 1105 Τί
3444 1050 3533 1107 οὖν
3575 1058 3769 1129 ἐκείνη;

2219 1130 2587 1196 ’Λνεξικάκως
2627 1133 2723 1186 καὶ
2769 1133 2962 1204 πράως
2990 1137 3086 1189 καὶ
3123 1136 3216 1190 τὸν
3261 1138 3474 1208 πατέρα
3523 1135 3656 1206 εἷπε,
3693 1145 3773 1198 καὶ

2207 1212 2308 1278 οὐκ
2333 1213 2706 1284 ἠγανάκτησε,
2730 1214 2988 1284 λέγουσα⁶
3003 1219 3075 1270 Σὺ
3097 1217 3155 1270 δέ
3179 1235 3261 1281 τις
3280 1212 3333 1271 εἷ
3352 1220 3382 1270 6
3404 1220 3765 1292 πολυπραγμο-

2210 1295 2338 1357 νῶν,
2386 1296 2481 1349 καὶ
2516 1295 2731 1367 ζητῶν,
2777 1298 2872 1352 καὶ
2902 1298 3002 1369 τὴν
3041 1300 3221 1352 οὶκίαν
3265 1302 3769 1375 περιεργαζόμενος;

2208 1374 2344 1429 άλλά
2370 1378 2421 1430 τί
2442 1394 2456 1443 ;
2487 1378 2762 1448 Θυγάτηρ
2784 1381 3065 1446 Βαθουήλ
3094 1384 3211 1450 ειμι
3231 1382 3348 1452 ἐγὼ
3371 1384 3508 1438 υἱοῦ
3534 1374 3770 1455 Μελχᾶς.

2208 1459 2283 1513 ὃν
2316 1460 2525 1515 ἔτεκεν
2558 1462 2639 1527 τῷ
2672 1464 2914 1533 Ναχώρο
2969 1464 3068 1517 καί
3107 1465 3304 1534 ἄχυρα
3346 1469 3445 1522 καί
3485 1468 3630 1541 [225]
3666 1488 3784 1540 χορ-

2206 1542 2480 1611 τάσματα
2524 1545 2726 1599 πολλὰ
2752 1545 2889 1613 παρ’
2928 1546 3075 1615 ἡμῖν
3094 1587 3108 1610 ,
3142 1549 3238 1601 καὶ
3272 1550 3456 1615 τόπος
3492 1552 3594 1605 τοῦ
3618 1569 3772 1607 κατα-

2206 1625 2416 1680 λῦσαι.
2467 1627 2678 1700 Ὠσπερ
2724 1628 2818 1682 ἐπὶ
2859 1628 2953 1682 τοῦ
3007 1629 3235 1696 ὓδατος,
3285 1632 3449 1687 πλέον
3491 1628 3564 1687 ὧν
3598 1636 3772 1706 ᾔτησεν

2208 1708 2408 1761 ἔδωκεν
2433 1725 2446 1739 ⁸
2472 1711 2502 1763 6
2527 1711 2626 1780 μὲν
2660 1710 2770 1781 γὰρ
2812 1715 2960 1764 πιεῖν
3000 1712 3175 1784 ᾔτησε
3212 1714 3401 1785 μόνον,
3425 1718 3459 1787 ἡ
3486 1716 3541 1770 δέ
3580 1719 3663 1771 καὶ
3690 1718 3773 1782 τὰς

2206 1790 2486 1859 καμήλους
2516 1792 2789 1863 ὑπέσχετο
2813 1794 3076 1860 ποτίζειν,
3102 1796 3198 1850 καὶ
3222 1797 3477 1851 ἐπότισεν
3497 1817 3510 1830 ·
3536 1800 3668 1854 οὕτω
3692 1802 3775 1856 καὶ

2206 1870 2441 1927 ἐνταῦθα
2466 1888 2479 1903 ·
2515 1873 2683 1938 αὐτὸς
2711 1874 2880 1929 τόπον
2919 1876 3092 1947 ᾔτησε
3124 1879 3319 1948 μόνον,
3350 1882 3384 1950 ὴ
3420 1881 3478 1935 δὲ
3505 1883 3593 1936 καὶ
3617 1883 3775 1953 ἄχυρα

2207 1953 2300 2006 καὶ
2327 1955 2683 2027 χορτάσματα
2718 1958 2814 2011 καὶ
2840 1958 2978 2013 ἄλλα
3008 1959 3201 2020 πολλὰ.
3231 1962 3324 2016 διά
3351 1964 3555 2017 τούτων
3583 1967 3774 2020 πάντων

2207 2038 2371 2091 αὐτὸν
2416 2040 2832 2111 ἐκκαλουμένη,
2865 2042 2960 2096 καὶ
3004 2042 3143 2114 πρὸς
3189 2042 3289 2115 τὴν
3333 2047 3512 2101 οίκίαν
3544 2048 3771 2111 ἕλκουσα,

2209 2119 2295 2171 ἵνα
2333 2119 2423 2172 τὸν
2466 2121 2567 2192 τῆς
2604 2122 2911 2190 φιλοξενίας
2955 2124 3323 2197 καρπώσηται
3366 2129 3579 2199 μισθόν.
3612 2131 3775 2187 Ταῦτα

2203 2199 2262 2284 δέ
2298 2201 2372 2273 μὴ
2410 2203 2706 2274 παρέργως
2754 2206 2892 2277 μηδὲ
2920 2206 3108 2271 ἁπλῶς
3144 2208 3460 2281 ἀκούωμεν,
3488 2211 3601 2266 ἀλλ’
3644 2215 3773 2284 ἡμᾶς

2205 2282 2405 2347 αὐτοὺς
2428 2284 2551 2338 καθ’
2579 2288 2806 2351 ἐαυτοὺς
2834 2288 3274 2354 ἐννοοῦντες,καὶ
3292 2292 3504 2358 τούτοις
3524 2282 3774 2364 παραδάλυ

2204 2365 2408 2433 λοντες,
2459 2366 2638 2432 οῦτως
2685 2371 2948 2443 εἰσόμεθα
2986 2373 3087 2444 τὴν
3124 2374 3330 2447 ἀρετὴν
3375 2377 3478 2446 τῆς
3518 2379 3769 2446 γυναικός.

2206 2449 2475 2516 Πολλάκις
2529 2451 2664 2522 γοῦν
2721 2454 3035 2526 γνωρίμους
3101 2457 3260 2521 τινὰς
3320 2459 3417 2512 καὶ
3468 2448 3773 2531 ἐπιτηδείους

2206 2533 2596 2606 ὑποδεχόμενοι
2634 2535 3097 2608 δυσχεραίνομεν,
3145 2539 3252 2593 κᾶν
3293 2541 3426 2611 μίαν
3464 2542 3498 2611 ἢ
3538 2542 3775 2615 δευτέραν

2205 2616 2420 2689 ἡμέραν
2482 2619 2912 2691 ἐνδιατρίψωσι,
2968 2621 3353 2693 βαρυνόμεθα·
3406 2624 3546 2698 αὕτη
3593 2628 3646 2681 δὲ
3692 2628 3772 2682 τὸν

2205 2700 2424 2769 ἀγνῶτα
2449 2701 2547 2755 καὶ
2589 2702 2737 2767 ξένον
2776 2705 2915 2776 μετά
2942 2706 3146 2777 πολλῆς
3189 2708 3271 2770 είς
3303 2709 3407 2780 τὴν
3445 2711 3620 2765 οίκίαν
3645 2708 3773 2767 εἷλκε

2204 2783 2307 2853 τῆς
2335 2783 2670 2857 προθυμίας,
2701 2789 2797 2841 καὶ
2825 2787 3001 2842 ταῦτα
3024 2789 3125 2843 οὐκ
3149 2789 3301 2861 αὐτῷ
3337 2792 3520 2861 μόνον,
3545 2793 3671 2847 ἀλλά
3693 2796 3773 2848 καὶ

2207 2868 2478 2938 καμήλοις
2527 2871 2819 2943 τοσαύταις
2871 2872 3142 2943 μέλλουσα
3190 2875 3458 2946 παρέξειν
3500 2877 3595 2949 τὴν
3635 2879 3774 2949 θερα-

2207 2951 2387 3004 πείαν.
2438 2951 2658 3023 Ἐπειδὴ
2703 2953 2760 3008 δὲ
2801 2953 3019 3024 εἰσῆλθε
3040 2994 3055 3020 ,
3090 2956 3285 3010 σκόπει
3318 2957 3571 3013 ἐντεῦθεν
3599 2961 3775 3031 μᾶλλον

2206 3033 2372 3086 αὐτοῦ
2402 3032 2501 3105 τὴν
2547 3034 2785 3091 σύνεσιν.
2837 3037 2925 3102 Ὠς
2952 3039 3061 3108 γὰρ
3111 3039 3399 3114 παρέθηκε
3433 3047 3621 3113 φαγεῖν
3644 3046 3776 3111 αὐτῷ

2205 3114 2426 3187 ἄρτους,
2458 3116 2625 3187 φησίν
2646 3134 2658 3147 ·
2696 3121 2779 3173 υὺ
2799 3117 2890 3189 μὴ
2916 3118 3105 3191 φάγω,
3139 3120 3252 3188 ἕως
3283 3122 3431 3180 ὅτου
3456 3125 3694 3194 λαλήσω
3713 3129 3772 3181 τά

2204 3196 2444 3266 ῥήματά
2461 3216 2603 3268 μου.

2277 3279 2430 3346 Εἶδες
2458 3282 2575 3347 πῶς
2605 3279 2675 3355 ἦν
2704 3285 3025 3358 ἐγρηγορὼς
3054 3288 3149 3343 καὶ
3180 3290 3410 3361 νήφων;
3439 3291 3588 3358 Εῐτα,
3611 3292 3774 3362 ἐπειδὴ

2207 3373 2382 3425 εἰπεῖν
2425 3373 2768 3445 ἐπέτρεψαν,
2826 3377 3025 3449 ἴδωμεν
3074 3380 3194 3445 πῶς
3239 3384 3433 3449 αὐτοῖς
3476 3386 3770 3455 διαλέγεται.

2206 3458 2352 3536 τΑρα
2383 3464 2552 3518 ταῦτα
2583 3462 2704 3520 εἶπε
2736 3468 2872 3539 πρὸς
2905 3470 3104 3535 αὐτοὺς
3129 3471 3199 3526 τὰ
3229 3474 3479 3546 ῥήματα,
3506 3478 3584 3530 δτι
3606 3477 3773 3532 δεσπό-

2205 3570 2306 3625 την
2337 3554 2450 3626 ἐχοι
2478 3559 2755 3629 περιφανῆ
2783 3560 2879 3614 καὶ⁵
2910 3560 3185 3634 λαμπρὸν,
3211 3566 3366 3639 παρά
3391 3569 3608 3623 πάντων
3625 3568 3772 3640 τιμώ-

2210 3661 2391 3733 μενον,
2437 3647 2641 3717 πολλῆς
2671 3649 2825 3720 παρὰ
2858 3650 2968 3704 τῶν
3000 3654 3285 3726 ἐγχωρίων
3333 3660 3624 3733 προεδρίας
3659 3662 3775 3712 ἀπορ

2206 3732 2471 3800 λαύοντας
2506 3737 2681 3791 καίτοι
2708 3756 2772 3808 γε
2808 3740 2968 3813 εἴπερ
2992 3742 3245 3799 ἐδούλετο
3269 3748 3448 3801 ταῦτα
3478 3752 3663 3818 εἰπεῖν,
3688 3750 3772 3805 οὐκ

2206 3825 2272 3882 ἂν
2295 3828 2564 3899 ὴπόρησε’
2595 3833 2689 3884 καὶ
2720 3832 2830 3904 γάρ
2861 3836 2919 3887 ἐν
2942 3835 3093 3901 τάξει
3123 3836 3389 3907 βασιλέως
3419 3843 3579 3895 αὐτὸν
3598 3844 3643 3894 οί
3671 3844 3771 3894 ἐπι-

2207 3916 2396 3988 χώριοι
2427 3919 2653 3990 ἐτίμων.
2702 3923 2841 3975 Ἀλλ’
2875 3925 3027 3995 ὅμως
3052 3926 3205 3980 οὐδὲν
3233 3930 3442 3984 τούτων
3469 3928 3634 3995 εἶπεν,
3656 3930 3769 3985 ἀλλὰ

2205 4008 2275 4061 τά
2316 4008 2634 4081 ἀνθρώπινα
2676 4014 2849 4068 ταῦτα
2894 4017 3071 4084 ἀφεὶς,
3112 4019 3223 4072 ἀπὸ
3261 4022 3363 4093 τῆς
3389 4024 3594 4077 ἀνωθεν
3633 4025 3769 4078 αὐτὸν

2208 4095 2381 4165 ῥοπῆς
2410 4097 2718 4170 ἐκόσμησεν
2752 4101 2906 4154 οὕτω
2943 4102 3117 4172 λέγων
3144 4122 3156 4135 ·
3191 4107 3339 4174 Παῖς
3401 4111 3641 4181 Ἀϐραὰμ
3675 4109 3772 4178 ἐγώ

2205 4190 2350 4257 εἰμι·
2386 4190 2601 4256 Κύριος
2639 4192 2942 4261 εὐλόγησε
2975 4193 3084 4248 τὸν
3126 4197 3339 4265 κύριόν
3374 4218 3498 4269 μου
3540 4200 3768 4270 σφόδρα,

2206 4279 2302 4331 καὶ
2346 4279 2553 4348 ὑψώθη
2575 4319 2590 4345 ,
2644 4282 2742 4336 καί
2774 4282 2999 4339 ἔδωκεν
3045 4288 3208 4353 αὐτῷ
3247 4292 3546 4357 πρόϐατα,
3577 4293 3666 4346 καί
3685 4292 3772 4360 μόλ’

2205 4384 2421 4437 σχους,
2454 4369 2552 4423 καὶ
2600 4373 2897 4440 χρυσίον,
2933 4376 3033 4429 καὶ
3065 4377 3373 4448 ἀργύριον.
3428 4382 3534 4435 Τὸν
3570 4380 3771 4436 πλοῦτον

2130 4504 2137 4513 .
2203 4453 2380 4523 εἶπεν,
2405 4460 2503 4531 οὐχ
2529 4460 2616 4514 ἵνα
2638 4461 2871 4534 εὔπορον
2904 4465 3052 4537 δείξῃ
3076 4468 3227 4534 ὄντα,
3255 4470 3375 4524 ἀλλ’
3411 4472 3499 4525 ἵνα
3529 4471 3767 4541 φιλόθεον·

2203 4548 2265 4602 οὐ
2292 4549 2403 4622 γὰρ
2439 4551 2548 4604 ἀπὸ
2578 4552 2672 4605 τοῦ
2715 4554 3038 4626 κεκτῆσθαι,
3063 4557 3180 4612 ἀλλ’
3206 4560 3315 4613 ἀπὸ
3348 4561 3445 4615 τοῦ
3476 4561 3620 4633 παρὰ
3652 4560 3772 4614 Θεοῦ

2204 4640 2380 4695 ταῦτα
2417 4642 2580 4695 αὐτὸν
2619 4644 2900 4716 είληφέναι
2945 4649 3295 4720 ἐγκωμιάσαι
3341 4651 3621 4721 βούλεται·
3670 4648 3772 4706 εἶτα

2207 4732 2336 4804 περὶ
2368 4731 2462 4784 τοῦ
2494 4735 2730 4804 νυμφίου
2768 4735 3180 4808 διαλεγόμενος·
3222 4742 3334 4795 Καὶ
3367 4744 3538 4801 ἔτεκε
3573 4746 3769 4817 Σάρῤας

2207 4821 2246 4887 ἠ
2276 4821 2433 4890 γυνὴ
2465 4823 2572 4879 τοῦ
2601 4827 2811 4894 κυρίου
2842 4845 2981 4897 μου,
3015 4830 3149 4883 υἱόν
3186 4831 3295 4885 ἕνα
3341 4834 3423 4901 τῷ
3468 4838 3647 4907 κυρίῳ
3668 4854 3775 4906 μου

2198 4914 2350 4982 μετὰ
2384 4913 2451 4967 τό
2474 4914 2731 4985 γηρᾶσαι
2758 4920 2966 4972 αὐτόν.
3010 4919 3275 4977 Ἐνταῦθά
3305 4941 3399 4993 μοι
3429 4928 3525 4980 καὶ
3553 4928 3641 4981 τὸν
3666 4926 3773 4997 τρό-

2204 5020 2306 5058 πον
2331 5003 2439 5058 τῶν
2466 5004 2670 5060 ὠδίνων
2701 5008 2940 5079 ᾐνίξατο,
2971 5010 3184 5077 δεικνὺς
3211 5015 3294 5067 ὅτι
3320 5016 3416 5069 καὶ
3448 5020 3477 5071 ὁ
3502 5019 3656 5081 τόκος
3679 5014 3772 5071 ἀπὸ

2203 5097 2303 5166 τῆς
2330 5094 2423 5150 τοῦ
2464 5097 2600 5151 Θεοῦ
2642 5100 2832 5170 γέγονε
2873 5104 3132 5173 προνοίας
3161 5106 3262 5177 τῆς
3293 5108 3430 5180 πρὸς
3462 5112 3682 5175 ἐκεῖνον,
3717 5108 3770 5163 οὐ

2204 5187 2347 5242 κατά
2384 5188 2598 5257 φύσεως
2625 5191 2969 5251 ἀκολουθίαν.
3013 5198 3123 5250 Kal
3158 5198 3222 5251 σὺ
3254 5201 3435 5255 τοίνυν
3463 5203 3530 5256 ἄν
3556 5221 3613 5257 τε
3653 5219 3773 5271 νυμ-

2204 5280 2345 5349 φίον,
2379 5279 2445 5334 ἄν
2477 5298 2538 5334 τε
2572 5282 2793 5355 νύμφην
2826 5286 3113 5360 ἐπιζητῇς,
3155 5289 3322 5343 ταῦτα
3351 5292 3460 5365 πρὸ
3484 5294 3590 5348 τῶν
3617 5293 3772 5349 ἄλλων

2204 5371 2380 5442 ζήτει,
2412 5374 2460 5425 εί
2492 5373 2750 5447 θεοφιλής
2774 5379 2944 5442 ἐστιν,
2973 5381 3024 5432 εί
3053 5380 3252 5453 πολλῆς
3285 5381 3495 5437 ἄνωθεν
3530 5382 3772 5438 ἀπολαύει

2201 5462 2304 5531 τῆς
2337 5463 2570 5528 εὐνοίας.
2604 5467 2701 5519 Ἂν
2739 5467 2848 5540 γὰρ
2877 5470 3062 5525 ἐκεῖνα
3089 5466 3144 5545 ᾖ,
3179 5473 3276 5526 καὶ
3304 5472 3371 5527 τά
3400 5473 3537 5530 ἄλλα
3566 5475 3770 5528 ἕπεται·

2202 5552 2406 5607 τούτων
2442 5554 2502 5608 δὲ
2547 5555 2648 5610 οὐκ
2684 5557 2877 5622 ὄντων,
2915 5561 3022 5616 κᾶν
3056 5563 3195 5631 μετὰ
3237 5564 3442 5634 πολλῆς
3475 5567 3574 5637 τῆς
3608 5564 3772 5625 ἀδείας

2204 5643 2390 5710 αὐτοῖς
2415 5646 2634 5720 ὑπάρχῃ
2657 5649 2727 5703 τὰ
2753 5650 3003 5721 βιωτικά,
3027 5654 3218 5726 κέρδος
3241 5657 3413 5710 οὐδέν.
3440 5654 3575 5712 Εἶτα
3601 5659 3682 5711 ἵνα
3703 5655 3769 5726 μὴ

2205 5736 2424 5804 λέγωσι,
2453 5738 2607 5803 Τίνος
2650 5737 2743 5796 οὖν
2796 5743 2985 5799 ἕνεκεν
3036 5745 3295 5817 οὐδεμίαν
3334 5747 3445 5802 τῶν
3481 5747 3769 5820 ἐπιχωρίων

2207 5823 2363 5879 ἔλαϐε
2412 5829 2712 5899 γυναικῶν;
2773 5834 3018 5902 Ὤρκισέ
3072 5852 3189 5906 με,
3232 5838 3385 5914 φησὶ,
3437 5839 3660 5911 λέγων·
3698 5832 3770 5886 Οὺ
