4006 6410
241 389 340 446 237

245 506 362 559 lisse
388 501 508 573 plus
535 504 807 569 omnibus,
836 502 959 572 quia
993 511 1160 557 totum
1189 499 1330 568 quod
1364 498 1547 552 habuit
1571 495 1818 566 conjece-

245 603 321 649 rat
348 592 556 666 (Matth.
581 593 668 648 10.
698 593 803 659 42;
831 591 958 645 Luc.
985 591 1075 645 2|.
1098 591 1242 660 2-4).
1268 589 1356 644 Sic
1380 599 1434 643 et
1467 588 1564 642 ista
1613 586 1695 640 his
1721 586 1818 640 bo-

245 698 366 739 num
405 683 552 738 illum
588 684 762 737 virum
803 681 1013 751 excepit
1058 681 1248 743 xeniis,
1291 694 1410 748 qua:
1447 677 1559 732 sola
1605 685 1713 730 tum
1753 675 1818 728 ad

244 789 452 828 manum
497 773 738 827 aderant.
777 771 887 826 Nec
927 783 1128 825 temere
1156 768 1392 823 additum
1422 776 1504 822 est
1527 808 1541 828 ,
1573 765 1711 835 quod
1745 765 1818 818 fe-

243 864 440 918 stinans
463 862 720 927 cucurrit,
751 871 806 916 et
833 861 1048 927 similia,
1077 860 1171 914 sed
1202 869 1260 913 ut
1290 858 1551 927 intelligas
1577 871 1692 912 eam
1720 855 1822 908 ala-

243 956 402 1010 criter
427 955 615 1010 fecisse
640 954 817 1008 omnia
840 994 854 1016 ,
884 968 988 1007 non
1019 968 1162 1021 aegre
1205 966 1267 1004 ac
1291 951 1546 1021 gravatim
1565 989 1578 1013 ,
1612 963 1710 1002 nec
1736 948 1820 1000 in-

243 1047 400 1100 vitam
442 1057 494 1099 et
542 1054 742 1099 coactae
782 1044 1031 1097 similem.
1061 1043 1129 1096 Et
1172 1056 1240 1096 ne
1290 1041 1343 1095 id
1392 1055 1612 1109 parvum
1639 1048 1817 1109 putes,

245 1152 386 1206 saepe
413 1136 641 1204 aliquem
673 1143 1082 1205 prmtereuntem
1111 1132 1434 1204 rogavimus,
1462 1139 1521 1185 ut
1552 1129 1822 1199 paulisper

243 1227 459 1297 gradum
495 1227 708 1281 sisteret
728 1267 743 1289 ,
770 1225 1158 1292 summissaque
1193 1239 1288 1277 sua
1325 1222 1437 1277 face
1467 1231 1702 1276 nostram
1733 1234 1824 1276 ac-

245 1319 510 1383 conderet,
535 1329 627 1372 aut
648 1333 676 1373 a
702 1318 976 1388 bajulante
996 1332 1183 1386 aquam
1207 1317 1455 1386 petiimus
1474 1323 1532 1368 ut
1555 1314 1820 1368 modicum

247 1410 362 1463 inde
387 1409 569 1463 bibere
599 1409 785 1464 liceret
817 1426 830 1462 :
861 1424 958 1463 nec
987 1408 1036 1462 id
1067 1407 1244 1462 facere
1268 1406 1550 1470 sustinuit,
1580 1403 1674 1460 sed
1706 1403 1824 1457 tulit

245 1501 501 1569 graviter:
525 1498 640 1555 haec
667 1508 845 1553 autem
871 1513 978 1552 non
1009 1499 1170 1552 modo
1198 1497 1462 1551 summisit
1481 1495 1529 1550 ei
1555 1494 1820 1566 hydriam,

246 1591 333 1645 sed
352 1591 568 1644 carnalis
583 1591 744 1645 etiam
763 1591 1008 1644 omnibus
1023 1604 1210 1658 aquam
1231 1585 1635 1649 hausitaﬂ'atim,
1658 1584 1823 1638 labori

247 1697 346 1736 non
378 1698 623 1751 parcens,
649 1692 703 1736 et
722 1697 820 1736 suo
845 1697 1070 1750 corpore
1097 1680 1436 1751 hospitalitati
1460 1680 1681 1743 comiter
1701 1678 1826 1732 sub-

246 1773 478 1826 serviens
513 1790 525 1824 :
561 1787 665 1826 non
693 1773 836 1826 enim
867 1771 1060 1826 factum
1091 1771 1192 1825 hoc
1221 1772 1423 1837 solum,
1454 1786 1635 1824 verum
1661 1770 1822 1824 etiam

245 1863 487 1916 alacritas
532 1862 780 1931 adjuncta
806 1863 1053 1916 virtutem
1084 1862 1270 1931 puella:
1308 1862 1540 1926 indicat,
1565 1877 1683 1930 quae
1723 1861 1824 1914 ho-

247 1951 435 2004 minem
474 1951 710 2020 ignotum
759 1961 814 2006 ct
844 1961 953 2006 tum
993 1954 1220 2022 primum
1255 1954 1426 2008 visum
1470 1961 1624 2007 vocat
1649 1951 1825 2006 domi-

249 2057 388 2094 nmn.
423 2041 481 2094 Et
525 2043 663 2096 sicut
691 2042 1028 2096 Abrahamus
1069 2043 1234 2112 ipsius
1265 2058 1418 2098 socer
1444 2052 1826 2112 prtetereuntes

249 2147 346 2185 non
375 2134 685 2202 interrogat,
719 2136 934 2203 quinam
969 2134 1075 2188 sint
1111 2144 1162 2189 et
1199 2134 1421 2203 cnjates,
1453 2148 1626 2204 quove
1652 2135 1753 2188 iter
1775 2141 1828 2187 et

248 2222 380 2276 unde
419 2224 652 2289 faciant,
683 2225 778 2278 sed
827 2225 1140 2294 simpliciter
1186 2224 1529 2294 hospitalitati
1569 2225 1660 2278 dat
1693 2239 1826 2293 ope-

248 2329 353 2368 ram
383 2331 396 2367 :
423 2315 493 2368 ita
520 2324 574 2369 ct
599 2315 712 2370 haec
735 2330 838 2369 non
867 2317 1186 2381 sciscitatur,
1204 2315 1323 2384 quis
1352 2329 1413 2370 es
1435 2323 1488 2369 et
1516 2315 1699 2369 unde?
1720 2330 1824 2385 qua

249 2403 312 2459 de
339 2420 496 2460 causa
541 2406 734 2460 venis?
775 2406 868 2460 sed
915 2407 1284 2476 hospitalitatis
1308 2423 1436 2477 opes
1465 2421 1824 2478 congregans,

250 2519 349 2557 non
374 2506 455 2559 est
471 2499 680 2560 curiosa
702 2506 1036 2560 exterarum.
1063 2499 1270 2560 Etenim
1298 2498 1574 2574 gentmarii
1602 2507 1652 2558 et
1677 2513 1831 2556 num-

251 2596 448 2650 mularii
492 2597 595 2651 hoc
633 2612 796 2651 unum
825 2605 1054 2665 curant,
1090 2607 1149 2651 ut
1191 2597 1395 2651 lucrum
1423 2595 1636 2665 eapiant
1671 2609 1736 2650 ex
1765 2595 1830 2650 iis

251 2705 363 2743 cum
394 2691 587 2759 quibus
616 2691 952 2760 negotiantur
972 2731 987 2755 ,
1026 2705 1208 2759 parum
1239 2688 1448 2742 solliciti
1482 2687 1667 2756 quales
1710 2694 1828 2739 tan-

253 2780 364 2832 dem
397 2780 472 2834 illi
502 2780 611 2833 sint
641 2798 653 2833 :
689 2781 766 2835 sic
793 2779 908 2834 lucc
934 2780 1105 2835 solum
1137 2780 1187 2834 id
1215 2779 1438 2848 quzerit,
1471 2787 1527 2833 ut
1551 2777 1829 2846 hospitali-

254 2873 368 2926 tatis
413 2873 642 2926 fructum
671 2872 877 2941 capiat,
906 2880 1069 2941 utque
1097 2870 1322 2925 solidam
1365 2869 1481 2938 ejus
1529 2868 1830 2923 mercedem

257 2963 529 3031 percipiat.
566 2963 707 3017 Bene
747 2963 950 3017 sciebat
990 2962 1253 3030 hospitem
1299 2959 1529 3014 maxime
1573 2973 1834 3013 verecun-

253 3055 369 3108 dum
391 3069 536 3120 esse,
566 3055 789 3124 ideoque
818 3069 1058 3123 magnam
1085 3053 1133 3108 ei
1155 3053 1459 3107 comitatem
1480 3051 1832 3106 exhibendam

253 3159 365 3200 esse
402 3155 454 3200 et
485 3145 802 3200 modestiam
843 3160 949 3199 non
975 3145 1240 3199 curiosam
1274 3161 1287 3197 :
1319 3142 1460 3213 quod
1489 3144 1532 3196 si
1567 3141 1634 3197 de
1677 3142 1835 3196 rebus

255 3235 364 3305 ejus
416 3247 793 3306 percontemur
857 3235 1180 3299 immodice,
1216 3234 1553 3304 tergiversari
1607 3249 1727 3287 eum
1782 3245 1836 3287 et

257 3329 508 3395 gravatim
538 3325 818 3381 accedere.
848 3325 1185 3396 Quapropter
1208 3340 1381 3395 neque
1407 3324 1523 3379 hrec
1546 3339 1606 3380 se
1639 3324 1709 3378 ita
1746 3339 1838 3394 ge-

257 3419 324 3472 rit
359 3434 484 3489 erga
525 3419 670 3473 illum
691 3461 707 3486 ,
734 3433 909 3488 neque
947 3419 1064 3487 ejus
1103 3433 1258 3473 socer
1282 3417 1548 3472 Abraham
1578 3432 1700 3487 erga
1742 3417 1839 3471 ho-

259 3511 446 3580 spites,
478 3528 549 3566 ne
581 3512 660 3566 sic
706 3512 1040 3566 venationem
1081 3526 1233 3566 suam
1258 3510 1592 3565 absterreat:
1623 3509 1716 3565 sed
1742 3525 1840 3565 eu-

259 3603 380 3659 ratis
422 3604 858 3672 przetereuntium
902 3604 1216 3674 corporibus
1268 3612 1323 3659 et
1369 3602 1696 3673 obsequutus
1740 3617 1839 3659 suo

257 3694 451 3760 animo,
483 3696 562 3750 sic
588 3709 682 3750 eos
709 3694 944 3750 dimittit.

327 3786 378 3840 8.
421 3786 538 3840 Hoc
589 3795 742 3854 pacto
795 3787 955 3841 etiam
1011 3786 1230 3858 angelos
1269 3784 1555 3856 aliquando
1596 3785 1838 3854 excepit,

258 3876 392 3932 circa
422 3892 558 3944 quos
588 3877 631 3932 si
655 3876 840 3933 fuisset
860 3877 1155 3942 curiosior,
1179 3893 1284 3932 non
1307 3892 1492 3948 parum
1523 3875 1840 3931 decessisset

260 3970 489 4025 mercedi
518 3970 632 4038 ejus
659 3969 851 4024 debitas
873 3969 1022 4042 (Gen.
1049 3971 1161 4039 18).
1193 3970 1534 4026 Admiramur
1553 3971 1693 4024 enim
1719 3985 1840 4024 eum

262 4076 362 4114 non
389 4061 532 4131 quod
561 4063 835 4131 exceperit
860 4063 1079 4132 angelos
1101 4104 1114 4126 ,
1145 4062 1239 4117 sed
1277 4062 1417 4132 quod
1458 4063 1698 4117 nesciens
1724 4077 1845 4117 esse

262 4151 509 4219 angelos,
539 4152 834 4221 exceperit.
865 4152 976 4207 Nec
1015 4153 1154 4207 enim
1196 4151 1494 4208 mirandum
1536 4153 1578 4207 si
1614 4152 1845 4221 prudens

261 4255 322 4292 ac
363 4241 540 4295 sciens
597 4250 876 4298 tractasset
918 4258 1012 4299 eos
1054 4243 1314 4305 comiter.
1349 4259 1572 4313 quorum
1619 4242 1847 4314 dignitas

263 4332 600 4398 quantumvis
631 4332 863 4388 immane
907 4341 1089 4402 pectus
1116 4347 1179 4387 ac
1204 4348 1422 4387 saxeum
1446 4334 1513 4388 ad
1541 4333 1844 4388 humanita-

268 4432 369 4476 tem
395 4423 880 4494 benignitatemque
902 4434 1080 4494 posset
1105 4440 1296 4496 cogere
1326 4442 1340 4480 :
1367 4425 1460 4480 sed
1489 4426 1590 4481 hoc
1610 4435 1849 4482 meretur

265 4513 704 4580 admirationem,
737 4514 878 4586 quod
906 4516 1137 4570 viatores
1180 4516 1419 4585 vulgares
1453 4526 1597 4571 ratus
1643 4525 1845 4570 tantum

268 4603 488 4660 honoris
511 4607 590 4660 eis
612 4605 817 4662 habuit.
848 4606 991 4661 Talis
1019 4616 1132 4660 erat
1160 4607 1274 4660 hzec
1302 4623 1512 4677 quoque
1536 4624 1549 4659 ε
1578 4607 1850 4662 nesciebat

270 4693 536 4750 hominem
568 4697 809 4766 quisnam
841 4704 1003 4762 esset,
1030 4706 1121 4750 aut
1147 4711 1365 4751 curnam
1392 4697 1647 4764 venisset,
1677 4712 1850 4766 neque

269 4787 406 4853 quod
435 4787 814 4842 conciliaturas
839 4797 983 4842 esset
1011 4788 1175 4856 ipsius
1205 4786 1446 4857 nuptias,
1473 4787 1566 4841 sed
1592 4788 1848 4843 viatorem

269 4892 431 4931 unum
459 4878 688 4948 aliquem
720 4879 938 4948 putabat
981 4887 1036 4933 et
1074 4878 1360 4948 hospitem.
1392 4875 1596 4941 Idcirco
1642 4878 1855 4934 uberior

269 4969 316 5021 ei
341 4967 730 5039 hospitalitatis
759 4984 965 5024 merces
992 4969 1247 5039 contingit
1269 5011 1284 5033 ,
1309 4968 1450 5038 quod
1477 4969 1648 5023 modis
1675 4969 1852 5022 omni-

271 5057 369 5112 bus
397 5060 631 5127 ignotnm
664 5067 805 5113 unua
836 5068 1156 5129 proseqnuta
1184 5060 1254 5114 sit
1291 5059 1658 5114 benevolentia
1678 5100 1693 5124 ,
1736 5075 1854 5112 ser—

274 5158 395 5203 vata
438 5151 645 5204 interim
672 5161 726 5206 et
765 5151 1046 5207 modestia.
1076 5150 1256 5220 Neque
1285 5153 1426 5204 enim
1459 5149 1658 5214 effrena
1688 5158 1856 5204 teme-

273 5239 463 5307 ritate,
507 5257 680 5310 neque
723 5242 828 5296 vim
871 5240 1102 5296 afferens
1149 5251 1239 5295 aut
1275 5239 1726 5295 stomachabunda
1755 5240 1857 5294 hoc

276 5329 532 5396 faciebat,
561 5331 656 5388 sed
697 5347 818 5387 cum
855 5331 1052 5387 decoro
1093 5333 1164 5386 ita
1191 5341 1247 5385 ut
1277 5347 1371 5401 par
1399 5339 1535 5385 erat.
1575 5331 1685 5384 lloc
1714 5330 1853 5385 enim

278 5423 449 5491 ipsum
481 5423 653 5479 Moses
690 5424 988 5479 subindicat
1038 5424 1120 5479 his
1162 5425 1338 5479 verbis
1365 5441 1377 5477 :
1409 5423 1508 5477 Ille
1536 5434 1703 5477 autem
1732 5440 1855 5478 con-

278 5512 614 5582 templabatur
647 5531 759 5569 eam
788 5516 968 5568 tacitus
987 5555 1003 5578 ,
1028 5515 1154 5568 scire
1177 5516 1346 5568 volens
1375 5525 1541 5568 utrum
1564 5530 1858 5584 prosperum

279 5603 373 5655 iter
411 5619 554 5658 suum
603 5607 796 5676 fecisset
830 5605 1074 5660 Dominus
1109 5603 1274 5675 (Gen.
1303 5604 1392 5659 24.
1425 5605 1541 5676 2|).
1567 5603 1704 5672 Quid
1743 5616 1857 5668 est,

279 5693 723 5765 Contemplabatur
739 5715 848 5752 eant
862 5697 888 5750 .’
906 5697 969 5752 Et
989 5695 1246 5760 habitum,
1265 5705 1319 5749 et
1338 5694 1624 5758 incessum,
1643 5703 1697 5748 et
1717 5707 1863 5763 aspe-

281 5797 448 5850 ctum,
471 5798 524 5844 et
548 5790 729 5853 verba,
754 5788 930 5843 omnia
952 5787 1178 5856 denique
1199 5785 1480 5858 diligenter
1500 5785 1856 5849 examiuabat,

1183 384 1476 453 'QUALES
1516 381 1857 438 DUCENDAS
1897 378 2048 434 SINT
2092 378 2383 435 UXORES.
2426 378 2512 432 Ill.

3400 379 3503 435 238

1927 507 1995 547 ex
2042 494 2280 562 corporis
2323 493 2561 562 gestibus
2612 490 2972 548 habitudinem
3025 493 3188 547 animi
3232 493 3502 564 colligens.

1925 583 2034 639 Nec
2060 583 2143 638 his
2181 593 2492 650 contentus,
2539 585 2762 638 alterum
2807 585 3232 653 experimentum
3267 585 3502 641 adhibet.

1925 677 2161 744 Accepto
2200 677 2342 730 enim
2386 676 2455 730 ab
2489 691 2550 731 ea
2589 686 2716 746 potu
2765 691 2871 730 non
2903 677 3142 741 destitit,
3175 678 3268 732 sed
3319 694 3507 749 rogare

1927 766 2130 835 pergit:
2160 764 2318 836 Cujus
2345 782 2396 820 es
2417 767 2558 834 ﬁlia,
2598 767 2768 819 indica
2797 766 2922 820 mihi
2948 783 2967 820 :
2993 776 3130 821 estne
3156 770 3208 820 in
3237 767 3387 821 domo
3415 785 3507 839 ραι

1925 858 2015 911 tris
2038 858 2110 910 tui
2133 857 2272 913 locus
2299 875 2396 927 quo
2427 859 2616 927 possim
2645 858 2889 912 divertere
2922 859 3076 929 (Gen.
3097 859 3187 914 24.
3215 858 3347 930 23)?
3371 859 3504 926 Quid

1925 948 2014 1001 illa
2039 948 2105 1002 ad
2136 949 2289 1004 lucc?
2314 950 2580 1005 Patienter
2605 965 2669 1005 ac
2698 961 2973 1005 mansuete
2999 967 3152 1005 suum
3185 960 3387 1021 patrem
3423 953 3506 1006 in-

1925 1038 2089 1093 dicat.
2120 1039 2234 1094 Non
2267 1039 2399 1094 dixit
2429 1039 2822 1109 indignabunda
2850 1058 2862 1094 :
2896 1041 2973 1095 Tu
3009 1055 3136 1095 vero
3163 1042 3282 1110 quis
3314 1056 3371 1096 es
3401 1051 3506 1096 tam

1925 1133 2168 1188 curiosus
2209 1141 2547 1201 percontator
2588 1132 2748 1188 etiam
2787 1133 2854 1188 de
2897 1134 3095 1187 nostris
3121 1132 3363 1200 :edibus;
3413 1135 3504 1188 sed

1925 1221 2092 1291 quid?
2120 1221 2258 1275 Filia
2282 1239 2393 1276 sum
2420 1221 2678 1277 Bal/melis
2703 1223 2798 1292 ﬁlii
2833 1222 3064 1280 Melchat.
3094 1241 3239 1294 quem
3277 1223 3508 1281 Nar/tori

1927 1313 2138 1382 peperit.
2177 1311 2454 1367 Palearum
2493 1330 2689 1384 quoque
2711 1323 2756 1367 et
2781 1315 2901 1384 [mni
2930 1315 3066 1384 apud
3103 1332 3194 1368 nos
3220 1324 3291 1369 est
3332 1315 3506 1384 copia,

1926 1413 1972 1457 et
2017 1404 2157 1458 locus
2193 1405 2262 1458 ad
2304 1405 2649 1459 diuertendum
2683 1403 2804 1476 (Ib.
2835 1422 2884 1459 υ.
2928 1405 3018 1460 24.
3047 1406 3160 1474 25).
3190 1405 3339 1459 Sicut
3387 1413 3510 1458 ante

1927 1511 2116 1566 aquam
2159 1497 2357 1566 petenti
2387 1497 2664 1566 plusquam
2693 1507 2934 1566 posceret
2971 1497 3160 1550 obtulit
3191 1513 3204 1550 :
3238 1512 3356 1549 nam
3385 1510 3505 1549 cum

1928 1589 2019 1643 ille
2045 1599 2226 1656 potum
2254 1589 2352 1642 sibi
2376 1590 2473 1643 soli
2507 1589 2764 1658 petiisset,
2796 1589 2954 1642 etiam
2980 1587 3196 1642 camelis
3225 1601 3283 1641 se
3314 1585 3509 1656 pra-bi-

1930 1690 2100 1736 turam
2132 1690 2214 1736 est
2252 1682 2489 1752 pollicita
2510 1723 2523 1744 ,
2551 1690 2606 1736 et
2633 1683 2812 1750 utique
2836 1680 3060 1750 prcebttit
3088 1697 3101 1734 :
3133 1680 3210 1734 sic
3233 1679 3392 1732 etiam
3426 1677 3511 1731 hic

1927 1772 2218 1841 requirenti
2241 1772 2604 1826 tantummodo
2623 1771 2991 1835 diversorium,
3017 1771 3234 1839 insuper
3256 1769 3322 1824 de
3349 1769 3512 1838 paleis

1928 1876 1991 1916 ac
2019 1861 2161 1916 {ceno
2199 1862 2489 1932 prospicit,
2522 1861 2695 1931 deque
2731 1861 2847 1915 aliis
2882 1861 3061 1915 multis
3081 1903 3096 1924 ,
3125 1861 3365 1915 alliciens
3391 1875 3510 1913 eum

1929 1950 2013 2005 his
2039 1952 2309 2018 omnibus,
2338 1960 2392 2006 et
2427 1950 2645 2005 domum
2677 1949 2992 2019 pertrahens
3017 1991 3032 2016 ,
3061 1957 3117 2002 ut
3144 1948 3513 2018 hospitalitatis

1930 2041 2157 2097 fructum
2186 2052 2239 2097 et
2268 2042 2567 2097 mercedem
2596 2043 2786 2111 capiat.
2820 2041 2941 2095 llaec
2968 2051 3144 2095 autem
3185 2055 3289 2094 non
3319 2040 3510 2098 obiter.

1931 2148 2102 2202 neque
2141 2133 2470 2203 negligenter
2490 2133 2786 2197 audiamus,
2819 2131 2912 2186 sed
2952 2131 3311 2200 nosmetipsos
3339 2133 3514 2185 consi-

1931 2221 2212 2288 derantes,
2243 2222 2309 2276 ad
2353 2221 2456 2277 hoc
2496 2222 2796 2292 exemplum
2839 2221 3177 2277 conferamus
3209 2239 3223 2275 :
3256 2221 3333 2276 sic
3370 2219 3512 2274 enim

1933 2315 2290 2384 intelligemus
2309 2315 2560 2370 virtutem
2588 2315 2743 2384 hujus
2765 2314 2996 2369 feminas.
3024 2313 3399 2383 Smpenumero
3419 2327 3515 2366 no-

1934 2413 2015 2460 tus
2051 2405 2257 2474 aliquos
2297 2414 2352 2460 et
2377 2405 2707 2460 necessarios
2735 2404 3060 2474 excipientes
3086 2417 3226 2473 aegre
3253 2401 3474 2457 ferimus
3499 2443 3512 2464 ,

1932 2508 2309 2572 ctgravamur,
2339 2501 2382 2555 si
2413 2515 2577 2555 unum
2619 2508 2710 2554 aut
2748 2498 2974 2553 alterum
3019 2498 3160 2552 diem
3202 2496 3513 2551 commorati

1933 2593 2131 2648 fuerint
2160 2610 2174 2660 ;
2208 2592 2323 2648 haec
2351 2601 2529 2648 autem
2555 2591 2792 2662 ignotum
2815 2598 2868 2644 et
2889 2589 3150 2658 hospitem
3186 2602 3372 2658 magna
3400 2586 3516 2640 ala-

1933 2688 2122 2740 critate
2151 2685 2366 2740 domum
2420 2682 2712 2754 pertraxit,
2760 2680 3058 2752 praesertim
3099 2692 3220 2732 cum
3264 2692 3370 2731 non
3416 2675 3516 2745 ipsi

1933 2779 2032 2833 Soli
2058 2821 2073 2845 ,
2096 2778 2190 2833 sed
2221 2785 2299 2831 tot
2322 2775 2543 2832 camelis
2570 2773 2729 2830 etiam
2750 2771 2966 2826 offerret
2991 2783 3172 2824 curam
3197 2775 3252 2823 et
3276 2767 3517 2820 ministe-

1935 2871 2093 2924 rium.
2123 2870 2406 2939 Postquam
2449 2875 2628 2922 autem
2681 2865 3037 2932 introgressus
3083 2870 3166 2915 est
3209 2858 3516 2928 hospitium,

1930 2962 2040 3032 jam
2064 2961 2229 3031 magis
2256 2958 2535 3015 considera
2563 2955 2699 3012 servi
2723 2953 3077 3024 prudentiam.
3102 2949 3354 3021 Apposita
3377 2948 3518 3002 enim

1937 3068 2120 3108 mensa
2140 3094 2154 3118 ,
2181 3051 2369 3122 inquit,
2401 3049 2522 3104 Non
2557 3048 2697 3115 prius
2725 3045 2889 3100 cibum
2922 3043 3120 3113 capiam
3153 3057 3303 3107 quam
3347 3039 3527 3108 loquar

1937 3145 2083 3200 verba
2105 3161 2216 3199 mea
2244 3143 2394 3212 (Gen.
2426 3141 2517 3196 24.
2543 3140 2658 3211 55).
2685 3137 2822 3194 Vide
2848 3151 3005 3208 quam
3039 3133 3262 3204 vigilans
3286 3131 3440 3187 fuerit
3470 3141 3523 3185 et

1938 3237 2149 3292 sobrius
2164 3235 2187 3289 ?

2012 3325 2290 3379 Abrahami
2314 3323 2551 3395 potentia.
2580 3320 2706 3376 Cum
2741 3329 2930 3390 quanta
2973 3317 3218 3387 sapientia
3259 3331 3290 3368 a
3331 3315 3524 3383 famulo

1941 3417 2191 3471 laudetur.
2245 3414 2349 3469 Deo
2396 3413 2599 3481 auspice
2636 3427 2749 3478 qua:
2791 3411 2922 3479 ﬁunt
2961 3409 3081 3462 bene
3121 3405 3412 3460 succedunt.
3451 3434 3523 3444 —-—

1943 3506 2144 3563 Deinde
2174 3515 2452 3576 postquam
2484 3503 2798 3574 permissum
2826 3508 2908 3556 est
2930 3499 2980 3555 ei
3005 3499 3183 3554 dicere
3208 3539 3222 3565 ,
3249 3497 3520 3551 videamus

1941 3597 2208 3668 quomodo
2232 3597 2348 3651 illos
2369 3594 2674 3665 alloquitur.
2691 3592 2828 3647 Num
2852 3592 2951 3646 ista
2970 3589 3129 3645 verba
3153 3588 3217 3643 ad
3239 3603 3338 3644 eos
3357 3587 3526 3644 dixit:

1943 3688 2138 3743 Herum
2165 3701 2224 3742 se
2248 3686 2444 3740 habere
2471 3686 2729 3739 illustrem
2755 3691 2810 3738 et
2837 3680 3193 3752 splendidum,
3211 3679 3524 3734 honoratum

1943 3781 2010 3835 ab
2036 3779 2303 3843 omnibus,
2329 3777 2500 3831 virum
2526 3789 2732 3845 magna:
2758 3773 3088 3828 auctoritatis
3111 3771 3248 3842 apud
3275 3773 3417 3826 cives
3439 3787 3524 3826 rc-

1943 3871 2118 3942 gionis
2142 3911 2156 3933 ,
2188 3870 2240 3923 in
2266 3884 2368 3938 qua
2397 3879 2505 3922 tum
2535 3865 2792 3936 degeret?
2817 3863 3052 3918 Tametsi
3083 3871 3321 3932 poterat,
3353 3863 3396 3916 si
3430 3877 3524 3914 vo-

1950 3964 2175 4029 luisset,
2209 3963 2324 4016 luec
2349 3977 2474 4015 vere
2497 3960 2676 4013 dicere
2703 3974 2717 4010 :
2751 3957 2948 4012 etenim
2973 3965 3236 4023 tamquam
3266 3969 3353 4008 res
3379 3953 3525 4008 colc-

1948 4058 2102 4112 batur
2129 4055 2196 4108 ab
2220 4053 2336 4123 ejus
2360 4051 2589 4106 nationis
2620 4048 2940 4104 hominibus.
2985 4047 3232 4101 Attamen
3269 4046 3397 4100 nihil
3429 4047 3529 4100 ho-

1947 4163 2064 4202 rum
2092 4147 2263 4212 dixit,
2296 4145 2389 4201 sed
2419 4145 2631 4198 omissis
2659 4143 2794 4209 istis,
2821 4156 2941 4212 qucc
2970 4139 3110 4210 apud
3139 4139 3384 4194 homines
3407 4148 3533 4193 sunt

1950 4242 2002 4296 in
2029 4241 2217 4311 pretio,
2241 4255 2268 4293 a
2293 4239 2474 4294 divino
2498 4253 2618 4292 eum
2651 4236 2830 4292 favore
2854 4232 3194 4288 commendat
3217 4231 3303 4287 his
3325 4230 3531 4286 verbis:

1953 4331 2066 4404 Ego
2094 4330 2318 4386 Abraha:
2354 4345 2543 4384 servus.
2593 4327 2836 4381 Dominus
2882 4325 3133 4378 benedixit
3179 4323 3384 4376 domino
3426 4337 3535 4374 meo

1952 4423 2117 4489 valde,
2145 4421 2488 4490 exattatusque
2515 4427 2605 4481 est,
2636 4427 2679 4471 et
2710 4417 2845 4470 dedit
2871 4417 2916 4468 ei
2945 4431 3057 4468 oves
3087 4421 3133 4467 et
3161 4413 3326 4477 bores,
3353 4427 3537 4479 argen-

1954 4524 2055 4570 tum
2080 4523 2125 4566 et
2152 4528 2333 4564 aurum
2365 4509 2525 4578 (Gen.
2551 4509 2640 4561 24.
2667 4507 2754 4560 54.
2785 4506 2853 4559 55
2876 4505 2915 4575 ).
2949 4503 3165 4557 Divitias
3190 4501 3305 4570 ejus
3332 4515 3537 4554 memn-

1955 4611 2073 4667 rat,
2102 4616 2208 4657 non
2233 4610 2290 4653 ut
2317 4598 2624 4667 epulentum
2651 4637 2666 4662 ,
2697 4594 2788 4649 sed
2829 4602 2886 4648 ut
2922 4592 3065 4662 pium
3097 4605 3215 4644 esse
3244 4589 3532 4651 ostendat,

1958 4695 2058 4748 hoc
2085 4692 2296 4745 nomine
2321 4687 2542 4742 laudans
2570 4685 2713 4757 quod
2742 4701 2771 4738 a
2817 4685 2925 4738 Deo
2952 4682 3066 4736 haec
3095 4679 3401 4750 acceperit,
3431 4695 3540 4733 non

1955 4782 2098 4853 quod
2127 4790 2388 4835 tantarum
2420 4791 2598 4832 rerum
2639 4776 2711 4830 sit
2748 4775 3020 4829 dominus.
3063 4771 3263 4828 Deinde
3308 4771 3542 4841 loquitur

1957 4876 2022 4929 tle
2049 4887 2247 4942 sponso
2276 4887 2288 4922 :
2321 4869 2388 4923 Et
2409 4867 2600 4940 peperit
2639 4865 2800 4928 Sara,
2852 4881 2982 4918 umor
3007 4863 3196 4916 doniiui
3225 4861 3354 4927 mei,
3381 4861 3543 4927 ﬁlium

1959 4967 2161 5020 domino
2188 4980 2296 5016 meo
2312 4964 2424 5031 jam
2451 4959 2558 5014 seni
2583 4957 2739 5029 (Gen.
2765 4957 2854 5011 2b.
2885 4956 3000 5027 56).
3028 4955 3126 5011 Hic,
3147 4964 3200 5010 et
3227 4965 3408 5023 partus
3438 4968 3545 5006 mo-

1959 5059 2085 5113 dum
2114 5054 2432 5119 subindicat,
2464 5052 2662 5108 docens
2687 5049 2827 5120 quod
2853 5056 2906 5102 et
2935 5056 3117 5118 partus
3141 5045 3187 5099 ei
3215 5045 3390 5100 divina
3422 5058 3549 5110 pro-

1961 5147 2193 5204 videntia
2223 5157 2510 5199 concessus
2551 5142 2659 5209 sit,
2701 5155 2806 5194 non
2845 5147 3047 5192 natura:
3083 5135 3290 5190 ordine.
3319 5135 3458 5201 Ergo
3492 5140 3548 5184 tu

1963 5252 2172 5310 quoque
2202 5234 2314 5290 sive
2347 5249 2624 5304 sponsum,
2653 5232 2765 5284 sive
2791 5243 3038 5298 sponsam
3069 5240 3298 5296 quan'as,
3331 5223 3434 5276 hoc
3459 5223 3544 5275 in-

1963 5329 2114 5399 quire
2153 5337 2276 5381 ante
2323 5325 2498 5379 omnia
2526 5366 2541 5391 ,
2582 5323 2720 5382 sitne
2763 5320 2962 5374 amicus
3008 5317 3152 5399 Deo,
3207 5329 3278 5399 an
3323 5311 3545 5399 multam

1965 5393 2176 5467 sursum
2208 5410 2448 5464 obtineat
2475 5405 2918 5462 benevolentiam.
2952 5399 3006 5452 Si
3037 5397 3175 5450 cnim
3206 5394 3319 5448 inec
3347 5393 3544 5453 adsint.

1966 5511 2353 5575 consequenter
2391 5511 2442 5556 et
2479 5500 2581 5554 alia
2612 5515 2625 5550 :
2655 5498 2734 5551 sin
2774 5505 2948 5547 autem
2986 5487 3192 5553 desint,
3223 5485 3430 5542 etiamsi
3461 5501 3550 5539 res

1970 5596 2238 5654 familiaris
2264 5593 2472 5648 abunde
2500 5593 2774 5658 suppetat,
2803 5581 2935 5637 nihil
2967 5578 3221 5649 proderit.
3257 5577 3455 5631 Deinde
3483 5592 3550 5629 ne

1969 5691 2148 5746 audiat
2167 5689 2234 5743 ab
2259 5688 2354 5745 eis.
2384 5685 2492 5739 Cur
2520 5683 2676 5751 igitur
2701 5677 2894 5731 nullam
2927 5671 3226 5740 indigenam
3250 5673 3302 5724 in
3329 5684 3542 5723 uxorem

1973 5782 2206 5852 accipit?
2240 5777 2500 5842 Adiurnrit
2531 5789 2642 5832 me,
2675 5769 2840 5840 inquit
2868 5809 2883 5834 ,
2911 5766 3142 5820 dmniuus
3177 5781 3319 5820 meus
3347 5765 3550 5826 dicens.
