4006 6470
479 374 588 429 259

482 491 600 545 Non
625 493 841 563 accipies
863 506 1066 545 umorem
1087 491 1194 558 ﬁlio
1216 506 1324 544 meo
1344 507 1407 544 ex.
1425 492 1625 559 ﬁliabus
1641 490 2067 559 Cltauanworum,

479 588 566 639 sed
590 586 665 638 ud’
682 584 887 638 domum
913 584 1071 650 patris
1095 600 1189 636 nter
1220 584 1556 653 proﬁcisceris
1581 626 1595 647 ,
1627 595 1673 639 et
1700 587 1762 640 de
1796 587 1928 640 tribu
1959 604 2069 640 mea

474 676 691 744 accipies
718 690 925 728 uxorem
955 673 1063 741 ﬁlio
1088 690 1197 727 meo
1228 674 1378 743 (Gen.
1396 674 1487 731 26.
1510 676 1597 730 ὖΊ.
1631 676 1743 744 58).
1767 676 1870 733 Sed
1891 693 1955 731 ne
1985 689 2067 731 to-

482 778 589 819 tam
631 764 906 819 historiam
949 763 1002 818 in
1048 764 1281 819 medimn
1318 764 1602 821 afferentes
1644 767 1852 822 molesti
1884 767 2067 823 vidca-

473 871 612 917 mur,
644 854 710 908 ad
733 854 890 913 tinem
923 862 1279 917 transeamus.
1304 852 1439 911 Cum
1459 856 1601 911 enim
1629 856 1916 920 retulisset,
1939 873 2069 925 quo-

476 949 634 1002 modo
677 949 743 1003 ad
783 949 979 1003 fontem
1023 949 1325 1004 adstiterit.
1371 949 1494 1018 quid
1525 965 1554 1003 a
1595 951 1766 1019 puella
1807 950 2064 1018 petierit,

472 1038 741 1108 quomodo
781 1039 871 1095 illa
913 1040 1031 1109 plus
1073 1056 1229 1109 quam
1264 1040 1485 1109 petitum
1510 1050 1653 1095 esset
1679 1039 1906 1104 dederit,
1933 1055 2069 1110 quo-

477 1130 637 1185 modo
666 1131 804 1185 Deus
836 1131 1099 1185 mediator
1126 1131 1301 1205 fuerit,
1329 1145 1559 1201 eumque
1581 1131 1761 1193 onmia
1787 1131 2070 1202 diligenter

477 1220 795 1286 nuntiasset,
828 1221 1094 1275 sermonis
1124 1221 1281 1276 tinem
1315 1220 1456 1275 fecit.
1486 1220 1579 1276 His
1603 1222 1852 1277 omnibus
1876 1221 2070 1276 auditis

476 1312 550 1366 illi
598 1328 703 1367 non
748 1314 978 1383 amplius
1025 1312 1451 1379 dubitaverunt,
1502 1329 1675 1385 neque
1724 1313 2071 1383 neglexerunt

475 1417 610 1469 rem,
643 1403 735 1458 sed
775 1404 925 1469 quasi
952 1404 1211 1458 divinitus
1241 1404 1508 1470 instincti,
1542 1405 1659 1459 sine
1685 1419 1833 1459 mora
1862 1402 1912 1459 ci
1944 1419 2067 1473 pro-

476 1495 741 1550 miserunt
777 1496 960 1551 tiliam.
1004 1495 1519 1566 ReSpondentosque
1549 1496 1729 1550 Laban
1760 1505 1808 1551 et
1851 1495 2070 1550 Bathucl

477 1586 725 1641 dixerunt
757 1604 771 1640 :
806 1585 1111 1641 Mandatum
1149 1586 1244 1640 hoc
1282 1602 1534 1657 egressum
1575 1599 1646 1640 est
1690 1603 1722 1639 a
1761 1585 1870 1640 Deo
1898 1604 1917 1640 :
1945 1585 2071 1641 Ideo

478 1692 579 1731 non
614 1692 880 1746 possumus
922 1687 1022 1732 tua:
1066 1677 1392 1748 postulationi
1437 1678 1793 1732 contradicere.
1846 1675 1924 1730 En
1965 1675 2069 1731 Re-

475 1766 624 1819 becca
643 1807 658 1832 ,
688 1765 809 1820 tolle
829 1782 940 1821 eam
964 1776 1011 1821 et
1041 1784 1279 1837 propera,
1309 1777 1357 1821 et
1384 1768 1449 1824 sit
1479 1784 1608 1826 uxor
1633 1767 1825 1822 domini
1851 1768 1946 1832 tui,
1977 1769 2073 1822 sic-

479 1864 534 1907 ut
568 1854 802 1924 loquutus
826 1866 899 1910 est
945 1855 1190 1911 Dominus
1222 1854 1388 1929 (Gen.
1416 1858 1508 1912 24.
1536 1858 1625 1912 50.
1654 1858 1715 1913 5|
1740 1856 1780 1927 ).
1810 1858 1940 1925 Quis
1967 1874 2070 1911 non

480 1947 920 2017 obstupesceret?
945 1949 1065 2020 quis
1089 1964 1194 2005 non
1221 1949 1599 2015 admiraretur,
1626 1961 1822 2021 quanta
1852 1951 2074 2022 impedi-

485 2047 662 2092 menta
696 2038 843 2094 brevi
873 2040 1131 2111 temporis
1153 2050 1425 2096 momento
1451 2043 1657 2098 sublata
1682 2042 1832 2098 sint?
1860 2043 2071 2099 Etenim

481 2130 565 2185 vel
592 2132 732 2203 quod
756 2132 951 2204 hospes
971 2142 1108 2200 erat,
1134 2134 1217 2188 vel
1243 2134 1383 2203 quod
1412 2149 1619 2201 servus,
1649 2136 1731 2190 vel
1757 2135 1899 2205 quod
1925 2136 2074 2206 igno-

484 2231 574 2276 tus
594 2263 611 2287 ,
640 2221 723 2277 vel
753 2222 894 2291 quod
925 2223 1143 2294 longum
1170 2232 1315 2280 esset
1342 2223 1549 2280 itineris
1581 2226 1914 2281 intervallum
1939 2266 1956 2291 ,
1989 2227 2074 2282 vel

478 2311 622 2382 quod
653 2328 752 2368 nec
780 2300 957 2381 Socer,
990 2329 1091 2370 nec
1119 2329 1349 2385 sponsus
1373 2355 1388 2381 ,
1430 2331 1603 2387 neque
1631 2317 1766 2373 alius
1790 2333 1857 2372 ex
1886 2332 2072 2373 eorum

482 2405 802 2469 necessariis
842 2416 999 2487 notus
1040 2415 1156 2462 erat
1179 2449 1195 2474 ,
1224 2406 1414 2463 horum
1446 2409 1869 2480 unumquodque
1896 2424 1990 2480 per
2014 2424 2074 2466 se

474 2494 612 2553 satis
630 2506 745 2550 erat
767 2496 1154 2566 impedimenti,
1177 2499 1462 2571 quominus
1484 2499 1587 2554 hoc
1610 2500 1931 2565 connubium
1953 2515 2076 2554 suc-

477 2583 702 2639 cederet
738 2603 751 2638 :
782 2595 1016 2642 attamen
1045 2587 1160 2643 haec
1186 2589 1433 2648 universa
1464 2588 1639 2645 facilia
1666 2602 1792 2646 sunt
1822 2590 2028 2646 reddita
2051 2630 2068 2657 ,

479 2685 534 2728 et
563 2674 703 2730 haud
733 2691 888 2741 secus
913 2693 1072 2749 quam
1103 2680 1149 2734 si
1180 2689 1337 2736 notus
1367 2690 1533 2748 esset,
1562 2680 1933 2757 babitaretque
1953 2698 2075 2755 pro-

482 2779 549 2832 pe
569 2807 584 2831 ,
614 2776 670 2821 et
698 2777 861 2824 totam
892 2778 1105 2826 aetatem
1135 2786 1258 2827 cum
1288 2773 1368 2833 eis
1395 2783 1638 2843 versatus
1667 2774 1895 2845 fuisset,
1922 2792 2072 2832 com-

482 2857 742 2913 niserunt
765 2873 1019 2929 sponsam
1042 2862 1160 2932 ejus
1188 2862 1309 2918 ﬁdei
1328 2905 1343 2929 ,
1371 2863 1471 2925 hac
1501 2864 1570 2929 de
1597 2881 1780 2935 causa,
1809 2868 1951 2938 quod
1980 2884 2067 2923 au-

482 2949 631 3016 spice
664 2949 775 3017 Deo
803 2964 892 3009 res
920 2954 1194 3024 agebatur.
1221 2954 1367 3017 Sicut
1391 2957 1535 3013 enim
1564 2960 1609 3012 si
1639 2958 1764 3027 quid
1791 2974 1857 3013 eo
1885 2974 2073 3030 parum

480 3039 697 3095 favente
723 3042 1117 3121 aggrediamur,
1139 3047 1346 3102 etiamsi
1364 3049 1543 3103 omnia
1564 3053 1670 3103 sint
1695 3050 1846 3121 plana
1873 3059 1927 3106 et
1948 3048 2076 3107 faci-

487 3132 554 3186 lia
579 3174 593 3196 ,
630 3136 910 3204 voragines
935 3145 989 3192 et
1016 3137 1258 3194 salebras
1283 3148 1339 3195 et
1365 3139 1671 3197 innumeras
1701 3141 2073 3199 frustrationes

480 3221 658 3277 obiter
681 3221 1002 3294 oﬂ‘endimus
1036 3242 1050 3279 :
1078 3226 1158 3281 sic
1184 3227 1371 3282 eodem
1398 3242 1661 3298 praesente
1686 3240 1740 3285 et
1768 3230 2073 3305 adjuvante,

480 3310 603 3364 lii-et
628 3313 805 3366 omnia
834 3329 953 3383 qua:
984 3314 1241 3372 habemus
1264 3331 1376 3388 prae
1404 3319 1648 3387 manibus
1667 3360 1685 3388 ,
1713 3320 1820 3375 sint
1846 3319 2074 3392 impedi-

481 3401 716 3469 tissima,
752 3406 906 3474 plana
936 3406 1070 3465 ﬁunt
1095 3416 1150 3463 et
1187 3406 1385 3464 facilia.
1421 3409 1563 3466 Nihil
1605 3412 1763 3481 igitur
1792 3413 1876 3469 vel
1907 3414 2072 3469 facia-

482 3507 623 3557 mus,
652 3497 733 3549 vel
763 3496 1034 3563 dicamus,
1068 3500 1165 3554 nisi
1197 3500 1441 3559 invocato
1465 3502 1715 3571 Numine,
1743 3514 1800 3560 ut
1832 3521 1917 3562 res
1941 3522 2074 3577 quas

484 3595 773 3643 tractamus
800 3589 1027 3659 dirigat,
1058 3601 1113 3646 ut
1138 3591 1228 3647 ille
1255 3590 1401 3647 fecit.

552 3675 606 3731 9.
646 3678 800 3733 Nunc
862 3682 1157 3747 videamus,
1209 3695 1490 3755 postquam
1535 3702 1653 3742 eam
1695 3691 1923 3759 accepit,
1967 3705 2074 3761 quo

480 3777 637 3837 pacto
671 3770 896 3827 adornet
928 3774 1158 3842 nuptias.
1202 3775 1338 3830 Num
1372 3778 1633 3848 cymbala,
1676 3779 1903 3847 fistulas,
1944 3782 2075 3837 cho-

480 3874 621 3927 reas,
655 3870 927 3939 tympana,
959 3864 1115 3919 tibias
1158 3881 1340 3922 secum
1378 3870 1556 3933 traxit,
1599 3870 1939 3940 reliquasque
1980 3886 2076 3939 ap-

481 3962 698 4021 paratus
724 3956 972 4023 Species?
998 3956 1136 4011 Nihil
1168 3957 1380 4023 hornm,
1417 3959 1511 4014 sed
1542 3960 1627 4015 illa
1656 3961 1769 4017 sola
1800 3971 2073 4031 assumpta

479 4042 627 4109 abiit,
661 4043 961 4102 deducente
998 4058 1054 4100 et
1091 4050 1380 4103 coniitante
1425 4050 1636 4120 angelo.
1682 4067 1843 4122 quem
1889 4052 2071 4118 herus,

474 4131 607 4188 dum
662 4133 915 4190 famulum
957 4151 988 4191 e
1018 4135 1181 4193 domo
1217 4140 1527 4204 dimitteret,
1571 4157 1673 4194 una
1723 4142 1857 4197 mitti
1907 4158 1937 4197 a
1966 4144 2075 4198 Deo

474 4227 704 4297 supplex
756 4228 1152 4297 impetraverat.
1201 4233 1375 4301 Atque
1412 4231 1484 4288 ita
1528 4231 1822 4288 ducebatur
1874 4249 2071 4302 sponsa

482 4315 644 4372 nullis
673 4315 815 4372 tibiis
842 4306 895 4373 et
917 4318 1136 4383 citharis
1161 4318 1546 4385 occinentibus,
1595 4322 1690 4378 sed
1721 4324 2014 4380 innumeris
2043 4341 2073 4381 a

480 4408 595 4464 Deo
619 4417 779 4478 caput
799 4419 984 4469 ornata
1018 4408 1498 4477 benedictionibus,
1542 4415 1657 4468 vice
1697 4427 1911 4468 corona:
1952 4431 2072 4485 pre-

480 4498 717 4554 tiosioris
746 4500 934 4567 quovis
961 4498 1283 4559 diademate.
1319 4501 1620 4558 Ducebatur
1639 4511 1819 4560 autem
1847 4521 1955 4562 non
1972 4523 2072 4562 au-

479 4592 609 4645 ratis
646 4591 839 4647 amicta
873 4592 1128 4661 vestibus,
1160 4593 1252 4648 sed
1293 4605 1480 4650 ornata
1519 4595 1804 4665 modestia,
1852 4574 2070 4669 pietaie,

483 4674 1475 4755 hospiLaliTate,ezeterisquevirtutibus
1485 4687 1753 4749 omnibus.
1773 4689 2074 4754 Ducebatur

480 4786 590 4826 non
616 4772 669 4826 in
695 4783 948 4847 carpento
982 4786 1275 4841 camerato,
1295 4787 1385 4832 aut
1409 4788 1665 4851 apparatu
1686 4778 1865 4850 aliquo
1885 4781 2067 4849 simili,

478 4860 575 4914 sed
631 4862 838 4916 camelo
888 4863 1142 4918 insidens.
1188 4863 1321 4941 Nam
1368 4875 1562 4934 praeter
1601 4868 1826 4924 virtutes
1881 4872 2065 4939 animi,

478 4950 645 5008 etiam
675 4966 898 5023 corpora
939 4954 1202 5033 virginum
1233 4955 1360 5011 olim
1390 4957 1590 5026 optima
1617 4958 1834 5015 fuerunt
1864 4962 2068 5017 habitu-

478 5042 626 5103 dine.
656 5040 775 5098 Non
815 5043 958 5097 enim
1004 5030 1086 5113 sic
1110 5045 1475 5105 educabantur
1512 5063 1541 5103 a
1571 5050 1850 5118 matribus,
1901 5061 1959 5106 ut
2000 5052 2059 5107 fit

481 5134 662 5201 hodie,
688 5137 879 5192 crebra
908 5134 1048 5192 inter
1075 5150 1345 5208 unguenta
1370 5147 1427 5195 et
1448 5139 1658 5208 balnea,
1691 5140 1871 5199 fucum
1900 5152 1957 5199 et
1988 5143 2066 5214 pi-

479 5236 717 5297 gmenta,
745 5226 803 5282 in
829 5227 1079 5286 mollibus
1105 5227 1450 5297 indumentis,
1479 5233 1704 5304 aliisque
1731 5234 2066 5305 corruptela-

478 5336 603 5376 rum
646 5320 821 5377 modis
869 5319 1168 5387 innumeris
1189 5362 1205 5388 ,
1249 5321 1443 5393 quibus
1464 5322 1591 5379 fiant
1614 5324 1889 5397 plusquam
1911 5326 2068 5383 decet

478 5409 764 5466 mollicula:
816 5427 830 5464 :
891 5410 989 5466 sed
1038 5410 1212 5466 modis
1258 5410 1506 5479 omnibus
1551 5412 1683 5469 dura
1726 5424 1838 5472 erat
1883 5430 2067 5483 earum

474 5500 747 5567 educatio.
797 5501 1158 5568 Quamobrem
1210 5512 1264 5559 et
1312 5503 1555 5574 corporis
1600 5503 1775 5559 nativa
1806 5503 2069 5573 florebant

485 5588 917 5660 pulchritudine,
955 5593 1116 5649 nullis
1155 5593 1353 5667 adjutus
1387 5595 1625 5651 externis
1668 5596 1943 5652 lenociniis
1965 5638 1979 5663 ,
2015 5608 2068 5652 et

483 5681 796 5739 valetudine
821 5698 975 5754 atque
1004 5685 1140 5741 felici
1163 5703 1225 5743 ac
1251 5689 1416 5743 forma
1450 5687 1782 5751 fruebantur,
1814 5690 1957 5744 nulla
1987 5689 2068 5745 in-

471 5770 704 5847 festante
739 5774 1087 5848 a-gritudine,
1124 5778 1470 5850 ablegataquc
1511 5780 1656 5837 onmi
1688 5779 1929 5837 mollitie.
1959 5781 2062 5837 La-

1201 376 1257 430 S.
1298 375 1573 432 JOANNIS
1610 375 2083 435 CHRYSOSTOMI
2128 374 2442 431 ARCHIEP.
2482 370 3020 430 CONSTANTINUP.

3656 372 3754 426 250

2177 493 2338 547 bores
2386 492 2529 546 enim
2558 500 2612 545 et
2642 505 2806 560 epera
2833 529 2848 553 ,
2890 489 3085 559 quibus
3119 490 3511 544 exercebantur
3533 526 3551 554 ,
3581 487 3753 547 varia,

2173 585 2485 652 languorem
2514 598 2727 637 omnem
2756 582 3049 651 pellebant,
3080 582 3244 636 robur
3266 589 3449 637 autem
3474 589 3529 634 et
3559 579 3757 643 sanita-

2176 685 2281 730 tem
2313 684 2476 729 tutam
2495 675 2574 730 eis
2599 673 2976 739 conciliabant,
3001 673 3402 742 reddebantque
3425 680 3577 729 tanta
3593 673 3755 741 magis

2175 768 2379 822 maritis
2397 776 2577 838 gratas
2605 775 2661 821 et
2687 766 2948 825 amabiles
2974 785 2987 820 :
3018 766 3098 821 sic
3124 767 3267 825 enim
3305 780 3411 820 non
3447 764 3624 825 solum
3646 779 3763 819 eor-

2175 874 2328 928 pora,
2384 857 2483 913 sed
2514 866 2569 913 et
2617 857 2781 912 animi
2838 857 2890 911 in
2942 856 3132 912 melius
3178 854 3551 925 proficiebant.
3607 852 3763 911 Vecut

2175 951 2334 1019 igitur
2379 949 2586 1004 camelo
2631 955 2914 1018 postquam
2988 947 3055 1001 ad
3117 947 3440 1001 destinatam
3496 943 3763 1014 regionem

2178 1040 2442 1112 pervenit,
2462 1039 2686 1095 sublatis
2709 1040 2892 1108 procul
2921 1039 3090 1093 oculis
3106 1038 3238 1094 vidit
3256 1038 3522 1101 lsaacum,
3546 1052 3768 1106 moxque

2173 1147 2201 1193 τί
2232 1134 2439 1188 camelo
2471 1132 2692 1189 desiliit.
2727 1130 2893 1188 Vides
2918 1131 3079 1186 robur
3103 1130 3127 1185 Ἰ
3155 1129 3303 1186 vides
3328 1130 3531 1184 bonam
3560 1126 3765 1183 habitu-

2175 1224 2404 1305 dinem?
2433 1225 2475 1278 Α
2506 1223 2714 1279 camelo
2761 1222 2978 1278 desiliit.
3020 1222 3246 1277 Tantum
3293 1221 3367 1276 illi
3414 1220 3615 1277 virium
3670 1233 3765 1273 una

2173 1330 2297 1377 cum
2331 1314 2588 1369 modestia
2618 1323 2919 1384 supererat.
2947 1313 3014 1369 Et
3041 1313 3113 1366 ait
3142 1311 3207 1371 ad
3238 1326 3454 1369 servum
3489 1328 3503 1363 :
3532 1308 3660 1375 Quis
3696 1320 3765 1362 cst

2172 1406 2261 1461 ille
2307 1406 2457 1460 homo
2501 1406 2585 1475 qui
2628 1420 2926 1475 progressus
2961 1415 3034 1460 est
3079 1404 3133 1457 in
3169 1402 3455 1470 campum?
3491 1399 3765 1468 Respondit

2173 1513 2343 1559 smus
2370 1512 2390 1551 :
2417 1494 2539 1565 Ipse
2570 1505 2643 1551 est
2685 1496 2919 1549 dominus
2948 1511 3107 1550 meus.
3166 1493 3293 1547 Tum
3321 1492 3413 1546 illa
3443 1492 3621 1546 testim
3649 1490 3761 1558 pal-

2181 1587 2303 1642 liolo
2331 1597 2533 1655 sumpto
2560 1603 2613 1640 se
2648 1586 2882 1654 obnupsit
2899 1583 3051 1656 (Gen.
3076 1584 3167 1640 ‘24.
3190 1583 3306 1653 65).
3330 1581 3575 1637 Observa
3599 1581 3768 1634 omnia

2176 1678 2356 1733 testari
2404 1677 2522 1746 ejus
2566 1676 2883 1745 modestiam
2901 1715 2921 1745 ,
2946 1690 3105 1747 quam
3143 1675 3347 1744 pudens
3374 1681 3495 1727 erat
3524 1687 3590 1727 ac
3620 1686 3766 1727 vere-

2173 1769 2368 1829 cunda.
2417 1768 2483 1823 Et
2538 1770 2730 1841 accepit
2775 1785 2888 1823 eam
2927 1785 3137 1824 uxorem
3194 1768 3366 1832 Isaac,
3412 1768 3688 1835 dilexitque
3719 1766 3767 1819 in

2176 1868 2371 1914 tantum
2422 1867 2478 1914 ut
2526 1860 2702 1923 leniret
2747 1859 2973 1917 dolorem
2998 1900 3013 1923 ,
3055 1861 3140 1929 qui
3187 1860 3266 1915 illi
3306 1875 3371 1914 ex
3398 1869 3567 1912 morte
3602 1855 3769 1913 Sarra:

2182 1951 2361 2009 multis
2389 1951 2642 2009 acciderat
2679 1950 2698 2020 (
2729 1949 2859 2017 Gen.
2887 1950 2976 2006 24-
3000 1951 3066 2007 67
3085 1952 3125 2021 ).
3159 1950 3282 2005 [late
3310 1964 3418 2006 non
3464 1960 3668 2004 temere
3693 1948 3768 2002 di-

2175 2054 2389 2109 cuntur,
2416 2042 2556 2113 quod
2596 2043 2842 2099 dilexerit
2868 2058 2991 2098 eam
3021 2083 3038 2107 ,
3069 2042 3317 2113 quodque
3361 2056 3466 2113 pro
3514 2039 3767 2096 solamine

2182 2135 2357 2195 luctus
2385 2133 2650 2197 habuerit,
2680 2133 2775 2193 sed
2805 2142 2863 2189 ut
2887 2132 3084 2196 discas,
3111 2132 3305 2200 quibus
3332 2129 3500 2186 rebus
3534 2130 3624 2183 illa
3654 2144 3762 2182 ma-

2176 2225 2339 2280 ritum
2386 2225 2442 2280 in
2479 2238 2719 2279 amorem
2765 2223 2849 2278 sui
2891 2222 3168 2292 pellexerit
3192 2262 3207 2285 ,
3238 2234 3371 2291 quas
3399 2219 3568 2277 domo
3597 2232 3766 2272 secum

2180 2314 2455 2370 attulerat.
2487 2312 2620 2381 Quis
2638 2314 2782 2369 enim
2812 2312 2974 2368 talem
3025 2326 3132 2366 non
3178 2310 3458 2365 adamarat
3477 2351 3494 2374 ,
3524 2318 3630 2365 tam
3657 2322 3766 2364 mo-

2179 2404 2390 2461 destam
2409 2445 2426 2472 ,
2458 2413 2565 2461 tam
2592 2403 2898 2466 honestam,
2922 2412 3029 2456 tam
3069 2400 3388 2471 hospitalem
3412 2441 3430 2466 ,
3463 2400 3763 2461 humanam,

2180 2507 2236 2552 et
2264 2497 2574 2565 amabilem,
2602 2495 2793 2552 fortem
2817 2495 2997 2550 animo
3018 2503 3076 2549 et
3099 2491 3325 2551 validam
3347 2491 3619 2560 corpore?
3645 2489 3761 2544 Hac

2178 2588 2335 2655 dixi,
2365 2598 2426 2644 ut
2454 2603 2562 2653 non
2601 2588 2827 2653 audiatis
2857 2594 3061 2641 tantum
3082 2627 3098 2651 ,
3128 2592 3219 2639 aut
3252 2583 3453 2643 auditis
3484 2581 3765 2652 applauda-

2178 2683 2247 2738 tis
2278 2723 2294 2748 ,
2326 2682 2423 2737 sed
2458 2689 2516 2741 ut
2541 2682 2701 2735 etiam
2722 2677 3068 2736 mmulemini.
3102 2675 3171 2731 Et
3197 2684 3375 2745 patres
3402 2672 3623 2745 quidem
3644 2687 3762 2743 pro-

2182 2772 2476 2837 videntiam
2523 2770 2842 2843 patriarchae.
2886 2767 3188 2833 imitamini,
3243 2782 3347 2837 qua
3409 2781 3544 2821 usus
3588 2774 3669 2820 est
3715 2763 3762 2818 in

2184 2865 2421 2936 paranda
2458 2879 2626 2920 uxore
2646 2861 2922 2933 simplici,
2956 2875 3067 2917 non
3092 2858 3348 2930 pecunias
3371 2873 3644 2928 quarens,
3663 2873 3761 2912 non

2178 2955 2520 3027 splendorem
2563 2955 2777 3026 generis
2799 2994 2815 3021 ,
2845 2968 2952 3008 non
2999 2950 3452 3022 pulchritudinem
3489 2949 3758 3020 corporis,

2179 3061 2286 3102 non
2317 3044 2464 3101 aliud
2494 3044 2782 3116 quidquam
2813 3050 3012 3115 pratter
3029 3041 3451 3113 generositatem
3476 3040 3659 3095 animi.

2252 3135 2521 3203 Quomodo
2550 3135 2838 3191 erudienda
2864 3134 2988 3204 [ilia
3010 3150 3043 3199 ᾳ
3069 3132 3333 3188 matribus.
3365 3162 3441 3173 —
3461 3131 3574 3187 Vos
3595 3139 3759 3186 autem

2178 3239 2377 3285 matres
2404 3269 2421 3297 ,
2450 3228 2573 3285 date
2616 3242 2835 3298 operam
2879 3236 2936 3287 ut
2967 3225 3034 3283 ad
3083 3226 3225 3280 hunc
3262 3224 3484 3279 modum
3531 3222 3756 3279 ettiicetis

2177 3331 2389 3379 vestras
2432 3318 2588 3381 tilias.
2638 3317 2807 3374 Porro
2848 3317 3032 3388 sponsi
3081 3315 3172 3386 qui
3235 3329 3330 3379 eas
3370 3312 3587 3368 ducturi
3623 3322 3755 3375 sunt,

2177 3413 2376 3471 ducant
2406 3427 2528 3468 cum
2557 3411 2838 3467 honestate
2875 3410 3034 3467 simili
3061 3451 3076 3476 ,
3102 3409 3529 3475 exterminantes
3558 3407 3715 3465 risum
3736 3445 3751 3467 ,

2177 3505 2444 3575 choreas,
2477 3502 2857 3573 turpiloquium
2882 3542 2897 3567 ,
2945 3500 3152 3556 fistulas
3177 3538 3194 3565 ,
3215 3499 3373 3555 tibias
3397 3537 3413 3563 ,
3445 3497 3755 3553 diabolicum

2178 3596 2327 3661 illum
2364 3604 2677 3666 apparatum
2714 3603 2770 3651 et
2806 3594 3015 3664 reliqua
3054 3590 3362 3663 bujusmodi
3386 3630 3403 3657 ,
3448 3602 3755 3660 semperque

2178 3690 2488 3744 invocantes
2522 3688 2687 3742 Deum
2713 3727 2729 3752 ,
2770 3694 2829 3741 ut
2879 3685 3146 3741 mediator
3187 3683 3329 3738 adsit
3371 3681 3639 3747 actionum
3668 3694 3754 3733 no-

2177 3789 2413 3833 strarum
2458 3777 2723 3832 omnium.
2775 3775 2834 3831 Si
2887 3775 3029 3831 enim
3085 3787 3173 3828 res
3217 3781 3427 3827 nostras
3470 3769 3573 3825 hoc
3615 3778 3753 3840 pacto

2176 3867 2622 3939 disposuerimus,
2650 3865 2854 3921 nullum
2881 3863 3171 3918 divortium
3197 3864 3319 3925 crit,
3347 3859 3496 3915 nulla
3521 3856 3751 3913 adulterii

2179 3958 2435 4028 snSpicio,
2458 3965 2550 4011 aut
2578 3956 2792 4010 occasio
2821 3954 3124 4025 zelotypia»,
3170 3966 3277 4006 non
3323 3951 3456 4013 rixa,
3491 3964 3599 4005 non
3636 3961 3751 4001 con-

2180 4049 2370 4113 tentio,
2394 4047 2487 4102 sed
2513 4047 2676 4103 multa
2701 4045 2943 4100 fruemur
2964 4058 3093 4114 pace
3109 4085 3124 4108 ,
3149 4043 3420 4114 multaque
3457 4039 3748 4101 concordia,

2177 4153 2206 4191 a
2234 4138 2427 4207 quibus
2474 4151 2582 4192 non
2627 4135 2855 4191 aberunt
2900 4135 3124 4189 virtutes
3168 4142 3401 4186 canem.
3442 4130 3595 4189 Sicut
3619 4128 3748 4184 enim

2179 4244 2346 4284 uxore
2380 4245 2409 4284 a
2456 4228 2648 4284 marito
2676 4226 2973 4283 dissidente
3019 4224 3150 4281 nihil
3193 4224 3309 4279 sani
3334 4232 3416 4279 est
3444 4222 3499 4277 in
3528 4222 3746 4284 :edihus,

2177 4319 2385 4375 etiamsi
2415 4318 2647 4395 alioquin
2679 4332 2768 4374 res
2810 4330 2994 4373 eorum
3042 4313 3281 4371 secundo
3308 4313 3554 4370 ferantur
3588 4311 3744 4366 flatu:

2180 4411 2251 4469 ita
2293 4411 2419 4473 dum
2468 4425 2569 4480 pax
2616 4406 2884 4465 constabit
2931 4416 2984 4462 et
3023 4404 3312 4461 concordia
3339 4445 3353 4469 ,
3386 4404 3519 4458 nihil
3541 4404 3638 4458 erit
3676 4401 3746 4454 in-

2177 4516 2362 4568 suave,
2392 4500 2600 4560 etiamsi
2643 4497 2882 4570 quotidie
2920 4503 3276 4566 tempestates
3318 4494 3564 4550 accidant
3591 4490 3744 4561 pluri-

2178 4610 2301 4649 mae.
2349 4593 2405 4648 Si
2454 4593 2558 4647 hoc
2605 4591 2765 4646 modo
2807 4589 3233 4647 conciliabuntur
3262 4589 3486 4658 nuptiae,
3515 4583 3745 4656 perfacile

2178 4684 2472 4755 poterimus
2517 4683 2584 4738 ad
2613 4683 2865 4739 virtutem
2902 4680 3133 4737 educare
3197 4680 3417 4736 liberos.
3473 4678 3573 4734 Ubi
3615 4676 3742 4734 enim

2175 4783 2350 4830 mater
2373 4782 2481 4829 tam
2513 4773 2739 4829 honesta
2779 4770 2963 4834 fuerit,
3016 4784 3080 4826 ac
3129 4769 3311 4825 sobria
3334 4809 3351 4835 ,
3380 4770 3628 4838 omnique
3651 4765 3744 4819 vir-

2177 4877 2287 4924 tute
2329 4866 2570 4939 praedita,
2598 4864 2839 4936 profecto
2876 4863 3127 4919 maritum
3154 4860 3424 4918 desiderio
3461 4861 3545 4915 sui
3586 4857 3745 4927 capiet

2173 4972 2236 5012 ac
2262 4956 2563 5020 devinciet;
2592 4965 2752 5025 atque
2782 4956 2853 5009 ita
2884 4952 3102 5008 habebit
3142 4966 3266 5007 eum
3292 4951 3525 5006 alacrem
3554 4949 3741 5017 adjuto-

2171 5062 2286 5103 rem
2316 5048 2365 5100 in
2397 5045 2648 5101 curandis
2676 5054 2835 5114 atque
2859 5040 3199 5098 instituendis
3218 5038 3593 5095 communibus
3619 5037 3740 5091 libe-

2174 5139 2249 5195 ris
2276 5118 2580 5213 ;simulque
2619 5138 2782 5193 Deum
2810 5135 2878 5191 ad
2921 5132 3354 5209 prospiciendum
3378 5133 3458 5188 eis
3483 5127 3738 5185 attrahat:

2172 5247 2282 5303 quo
2307 5231 2579 5302 aspirante
2620 5238 2726 5283 tam
2754 5227 2996 5283 honestat
3020 5224 3467 5282 administrationi
3507 5217 3741 5277 domesti-

2172 5338 2273 5388 cas,
2299 5331 2352 5379 et
2378 5329 2668 5393 exercente
2713 5335 3002 5391 puerorum
3053 5318 3286 5384 animos,
3333 5316 3510 5370 omnia
3541 5311 3740 5384 posthac

2169 5412 2404 5484 jucmtda
2435 5419 2595 5466 erunt
2620 5419 2676 5466 et
2708 5410 2899 5473 felicia,
2933 5409 3093 5464 rebus
3124 5417 3231 5471 tam
3260 5406 3399 5462 bene
3423 5400 3736 5475 compositis,

2170 5516 2226 5562 et
2267 5505 2331 5559 iis
2356 5505 2447 5576 qui
2472 5513 2706 5575 praesunt
2744 5503 2824 5561 sic
2851 5500 3056 5571 aﬂ‘ectis
3088 5518 3102 5557 :
3143 5500 3446 5572 poteritque
3474 5492 3736 5564 unusquis-

2171 5612 2274 5668 que
2301 5612 2404 5652 una
2442 5612 2565 5652 cum
2604 5610 2704 5651 sua
2747 5593 2931 5663 domo,
2973 5592 3223 5651 videlicet
3264 5606 3465 5656 uxore,
3496 5587 3664 5645 liberis
3682 5596 3738 5635 ac

2173 5687 2405 5755 famulis,
2433 5696 2489 5743 et
2519 5694 2836 5758 prtesentem
2871 5686 3035 5741 vitam
3077 5698 3266 5740 secure
3297 5695 3549 5753 peragere
3570 5721 3583 5743 ,
3609 5686 3659 5733 et
3676 5672 3733 5729 ad

2174 5780 2429 5836 cmlorttm
2460 5794 2682 5853 regnum
2710 5777 2994 5850 pervenire
3018 5795 3033 5832 :
3060 5792 3179 5847 qua
3205 5775 3357 5833 nobis
3386 5772 3624 5846 omnibus
3649 5774 3731 5837 per
