4006 6420
553 376 652 432 εις

558 509 648 547 σαι
680 490 816 558 βίον,
863 490 957 545 καὶ
1000 490 1080 553 είς
1125 488 1221 558 τὴν
1267 487 1376 543 τῶν
1411 487 1660 561 οὐρανῶν
1703 485 1979 557 βασιλείαν
2015 488 2130 542 sia-

558 574 751 629 ελθεῖν·
778 570 847 647 ἦς
865 573 1069 642 γένοιτο
1088 570 1295 634 πάντας
1323 572 1468 640 ἡμᾶς
1497 572 1794 641 ἐπιτυχεῖν,
1826 570 2010 642 χάριτι
2033 571 2128 625 καὶ

560 656 935 729 φιλανθρωπίᾳ
956 653 1052 708 τοῦ
1075 654 1278 726 Κυρίου
1319 654 1477 724 ἡμῶν
1520 654 1696 725 Ἰησοῦ
1719 652 1980 721 Χριστοῦ,
2007 652 2127 725 μεθ’

1209 400 1265 453 s.
1305 398 1589 456 JOANNIS
1624 390 2116 452 cnnvsos'rout
2143 389 2466 449 ARCHIEP.
2501 385 3052 448 CONSTANTINOP.

2232 480 2297 543 οὗ
2322 487 2403 561 τῷ
2425 486 2601 560 Πατρὶ
2623 486 2771 553 δόξα,
2802 486 2897 541 καὶ⁵
2922 486 3147 559 κράτος,
3176 485 3273 538 σὺν
3291 484 3367 555 τῷ
3397 483 3534 554 ἀγίφ
3554 480 3641 537 καὶ
3660 481 3770 546 ζωο-

2235 568 2375 641 ποιῷ
2401 570 2702 641 Πνεύματι,
2724 570 2820 623 νῦν
2845 570 2942 624 καὶ
2968 568 3079 633 ἀεὶ,
3110 568 3206 621 καὶ
3229 569 3308 631 είς
3329 569 3449 629 τοὺς
3477 564 3663 630 αἰῶνας
3677 566 3772 624 τῶν

2235 654 2466 709 αἰώνων.
2510 654 2703 725 Ἀμήν.

580 884 3754 926 εξἭξ

1446 1187 1829 1250 MONITUM
1873 1188 1981 1249 AD
2028 1187 2450 1253 HOMILIAM
2502 1190 2586 1252 IN
2635 1190 2906 1269 ILLUD,

631 1390 704 1446 De
729 1405 875 1447 anno
893 1405 1005 1463 quo
1029 1392 1145 1448 haec
1176 1392 1360 1449 habita
1387 1403 1472 1451 est
1499 1395 1694 1451 concio
1716 1394 1855 1451 nihil
1884 1395 2186 1453 habemus:
2220 1407 2410 1455 aestate
2439 1398 2623 1455 solum
2658 1399 3097 1471 pronuntiatam,
3140 1412 3197 1459 et
3246 1402 3337 1461 die
3368 1413 3493 1475 post
3520 1402 3776 1463 Romilium

557 1505 615 1561 in
645 1513 896 1561 sanctum
927 1503 1179 1561 Barlaam
1211 1505 1534 1578 insequente
1560 1524 1629 1565 ex
1657 1507 2037 1581 ϐίη-γεοειοωί
2067 1510 2230 1568 dictis
2262 1510 2497 1568 eruitur.
2529 1511 2649 1569 Sub
2676 1514 2896 1570 initium
2928 1530 3165 1587 namque
3189 1516 3305 1572 ait:
3346 1515 3435 1573 Ita
3472 1528 3522 1574 et
3555 1536 3642 1591 ego
3665 1521 3780 1576 hanc

559 1613 687 1667 anni
726 1622 1086 1684 tempestatem
1116 1616 1348 1671 maxime
1378 1615 1584 1689 diligo;
1613 1634 1720 1675 non
1750 1620 1877 1690 quia
1902 1618 2119 1676 liberati
2151 1637 2334 1678 sumus
2362 1624 2554 1694 hieme,
2595 1642 2687 1681 nec
2726 1626 2869 1697 quod
2912 1637 3096 1682 testate
3135 1630 3512 1700 perfruamur;
3548 1632 3633 1687 sed
3671 1636 3779 1705 quis

558 1731 751 1785 adsunt
782 1732 1092 1803 spirituales
1126 1744 1333 1803 portus,
1364 1734 1456 1805 qui
1488 1749 1581 1789 nos
1638 1735 1938 1808 frequenter
1981 1739 2271 1810 excipiunt,
2312 1740 2437 1811 [esti
2468 1758 2648 1812 nempe
2678 1751 2982 1797 sanctorum
3011 1754 3307 1815 martyrum
3334 1744 3467 1801 dies.
3509 1744 3574 1802 Et
3615 1749 3778 1818 paucis

559 1842 899 1915 interpositis
927 1864 943 1902 :
983 1846 1186 1903 Harum
1216 1850 1451 1904 omnium
1479 1866 1567 1907 vos
1588 1860 1744 1907 testes
1771 1854 1917 1921 estis,
1948 1856 2039 1926 qui
2061 1857 2117 1912 in
2140 1858 2518 1916 certaminibus
2550 1859 2690 1915 beati
2725 1859 2989 1915 Barlaam
3016 1862 3129 1916 lteri
3154 1861 3405 1917 ablectati
3424 1903 3442 1930 ,
3469 1872 3517 1919 et
3543 1879 3651 1918 cum
3675 1880 3777 1917 ma-

558 1977 662 2036 gna
697 1964 1086 2041 tranquillitate
1123 1967 1176 2023 in
1217 1969 1333 2035 eius
1370 1980 1580 2044 portum
1620 1972 1962 2045 festinantes,
1999 1976 2339 2034 saecularium
2378 1995 2632 2035 curarum
2669 1978 2993 2051 salsuginem
3031 1980 3290 2036 uoluistis.
3341 1970 3635 2040 Antiochiai
3666 1997 3777 2038 vero

580 2245 1083 2263 *~-.-.—.-o

1348 2462 1522 2550 ΕΙΣ
1559 2462 1708 2549 ΤΟ
1743 2458 2560 2551 ΑΠΟΣΤΟΛΠίοΝ
2614 2466 3023 2557 ΡΗΤΟΝ⁶

543 2629 630 2687 οὺ
660 2630 813 2688 θέλω
847 2628 1004 2702 ὑμᾶς
1033 2629 1297 2700 ἀγνοεῖν,
1331 2629 1602 2701 ἀδελφοὶ,
1643 2627 1732 2683 ὅτι
1772 2630 1828 2683 οἱ
1873 2625 2127 2696 πατέρες
2168 2624 2339 2696 ἡμῶν
2359 2632 2580 2700 πάντες
2609 2636 2726 2690 ὑπὸ
2760 2635 2875 2706 τὴν
2901 2636 3165 2709 νεφέλην
3191 2635 3381 2710 ἦσαν,
3436 2641 3532 2695 καί
3572 2610 3766 2710 πάντες

1732 2720 1829 2774 διὰ
1857 2718 1969 2789 τῆς
1993 2714 2316 2787 θαλάσσης
2343 2721 2614 2792 διῆλθον.

612 2989 679 3037 α’.
713 2983 779 3037 Oi
802 2976 996 3036 ναῦται
1019 2980 1175 3035 τοῦτο
1215 2977 1449 3050 μάλιστα
1473 2978 1685 3048 φιλοῦσι
1722 2977 1817 3032 τοῦ
1847 2977 2120 3045 πελάγους

540 3068 602 3121 τὺ
630 3065 812 3138 μέρος,
828 3065 964 3135 ὅπερ
991 3062 1057 3116 ἂν
1086 3060 1268 3131 λιμέσι
1298 3063 1523 3125 πυκνοῖς
1552 3061 1646 3115 καὶ
1671 3052 1856 3131 νήσοὶς
1877 3060 2122 3132 διειλημ-

544 3149 705 3220 μένον
822 3146 896 3201 Τδ
921 3146 1017 3217 μὲν
1039 3144 1146 3217 γὰρ
1174 3145 1430 3214 ἀλίμενον
1465 3144 1721 3213 πέλαγος,
1752 3143 1855 3198 κάν
1880 3142 2119 3215 γαλήνην

540 3231 659 3305 ἔχῃ,
702 3230 871 3284 πολὺν
896 3227 1125 3299 παρέχει
1154 3229 1268 3291 τοῖς
1307 3226 1531 3281 πλέουσι
1569 3226 1663 3280 τὸν
1700 3227 1901 3297 τρόμον
1924 3240 1938 3255 ⁸
1990 3224 2119 3279 ἔνθα

538 3316 595 3368 δὲ
621 3314 688 3369 ἂν
717 3306 853 3367 ὦσιν
879 3312 1059 3382 ὅρμοι,
1096 3310 1191 3363 καὶ
1224 3310 1412 3373 ἀκταὶ,
1455 3311 1551 3363 καὶ
1578 3308 1818 3378 αἰγιαλοὶ
1848 3308 2110 3379 πανταχό-

539 3399 632 3450 θεν
651 3395 1021 3465 ἐκτεταμένοι,
1048 3390 1188 3462 μετά
1210 3390 1411 3463 πολλῆς
1433 3392 1654 3446 πλέουσι
1678 3392 1779 3463 τῆς
1798 3390 2113 3460 ἀσφαλείας.

542 3479 659 3533 Κᾶν
686 3477 796 3548 γὰρ
822 3475 992 3548 βραχὺ
1026 3474 1394 3546 διεγερθεῖσαν
1419 3476 1518 3545 τὴν
1541 3474 1814 3529 θάλασσαν
1847 3473 2016 3539 ίδωσι,
2048 3472 2115 3525 δι’

538 3562 719 3630 ὀλίγου
746 3560 846 3631 τὴν
867 3557 1189 3629 καταφυγὴν
1220 3556 1452 3629 ἔχοντες,
1486 3558 1748 3629 ταχίστην
1777 3558 1870 3611 καὶ
1895 3556 2114 3610 εὔκολον

539 3644 646 3698 τῶν
668 3641 1027 3712 ἐπικειμένων
1050 3640 1233 3694 κακῶν
1254 3640 1571 3712 ἀπαλλαγὴν
1596 3640 1862 3713 εὕρασθαι
1883 3640 2115 3694 δύναιντ’

538 3729 624 3782 ἄν.
676 3727 773 3780 Διά
812 3725 876 3796 δὴ
912 3724 1104 3789 ταῦτα,
1135 3724 1235 3795 ούχ
1259 3725 1389 3779 ὅταν
1419 3725 1648 3797 πλησίον
1683 3725 1903 3797 λιμένος
1953 3722 2117 3777 ἐλαύ-

538 3826 669 3865 νωσι
704 3810 885 3880 μόνον,
914 3807 1048 3863 ἀλλά
1075 3806 1180 3862 κάν
1202 3808 1486 3879 πόρρωθεν
1514 3802 1638 3872 ὦσι,
1669 3808 1872 3879 πολλὴν
1893 3808 1988 3863 καὶ
2008 3806 2115 3860 ἀπὺ

535 3893 635 3965 τῆς
671 3892 845 3963 ὄψεως
871 3891 1075 3962 ταύτης
1118 3891 1462 3964 παράκλησιν
1486 3892 1749 3963 δέχονται.
1792 3892 1866 3944 Οὐ
1896 3890 2005 3962 γὰρ
2038 3889 2116 3954 ὡς

538 3981 725 4047 ἔτυχεν
777 3976 957 4030 αὐτῶν
993 3974 1094 4038 τὰς
1148 3974 1327 4045 ψυχάς
1375 3975 1713 4028 ἀνακτᾶσθαι
1769 3975 1980 4043 πέφυκε
2019 3973 2114 4026 καὶ

536 4060 697 4130 ὅρους
722 4058 933 4131 κορυφὴ
963 4057 1261 4129 φαινομένη
1291 4056 1595 4128 πόρρωθεν,
1625 4057 1718 4111 καὶ
1751 4048 1958 4120 καπνὸς
1987 4056 2115 4110 ἀνα-

538 4139 822 4213 θρώσκων,
847 4142 942 4195 καὶ
964 4139 1249 4209 προϐάτων
1281 4140 1506 4211 ποίμνια
1528 4138 1681 4211 παρά
1708 4139 1806 4211 τὴν
1835 4138 2113 4211 ὑπώρειαν

535 4224 830 4296 νεμόμενα.
878 4222 1126 4278 Ἐπειδὰν
1165 4223 1223 4275 δὲ
1260 4222 1354 4276 καὶ
1381 4224 1461 4285 εἰς
1497 4222 1629 4276 αὐτὸ
1665 4221 1760 4276 τοῦ
1798 4222 2016 4293 λιμένος
2050 4221 2113 4274 τὸ

535 4307 713 4379 στόμα
745 4307 996 4373 ἔλθωσιν,
1032 4304 1324 4376 ὁλόκληρον
1357 4304 1695 4375 καρποῦνται
1726 4305 1826 4376 τὴν
1854 4303 2115 4375 εὐφροσύ-

533 4408 654 4463 νην.
686 4388 839 4463 [229]
866 4389 1000 4444 Τότε
1033 4387 1144 4459 γὰρ
1173 4388 1267 4442 καὶ
1304 4385 1498 4457 κώπην
1531 4385 1899 4449 ἀποτίθενται,
1923 4387 2018 4439 καὶ
2042 4384 2113 4439 τὰ

535 4474 765 4546 σώματα
786 4473 890 4528 ὑπὸ
913 4473 1013 4545 τῆς
1034 4472 1212 4545 ἅλμης
1233 4470 1663 4545 τεταριχευμένα
1686 4470 1938 4541 ποτίμοις
1960 4486 2110 4541 περι-

533 4558 819 4624 κλύζουσιν
853 4558 1028 4621 ὕδασι,
1052 4559 1144 4612 καὶ
1174 4559 1254 4621 είς
1277 4557 1368 4611 τὸν
1393 4556 1639 4625 αἰγιαλὸν
1667 4555 1995 4621 ἐξελθόντες,
2018 4554 2113 4607 καὶ

534 4644 598 4712 τῇ
634 4643 705 4711 γῇ
760 4643 952 4713 μικρὸν
1001 4642 1359 4713 ὁμιλήσαντες
1416 4643 1643 4711 γυμνοῖς
1686 4641 1800 4704 τοῖς
1853 4638 2108 4709 σώμασι,

535 4726 716 4778 πᾶσαν
744 4722 838 4793 ti];
870 4724 980 4778 ἀπὸ
1013 4726 1111 4795 τῆς
1143 4725 1421 4789 ναυτιλίας
1450 4724 1801 4779 ἀποτίθενται
1828 4722 2108 4776 ταλαιπω-

538 4808 678 4877 ρίαν.
717 4808 926 4879 Ὅσπερ
953 4804 1044 4861 οὖν
1084 4811 1282 4863 ἐκεῖνοι
1319 4809 1478 4863 τοῦτο
1510 4809 1745 4880 μάλιστα
1784 4807 1884 4877 τῆς
1910 4806 2110 4860 θαλάσ-

535 4908 635 4961 σης
660 4891 992 4955 ἀσπάζονται
1029 4892 1089 4944 τὸ
1114 4893 1281 4963 μέρος
1312 4892 1400 4945 διά
1421 4891 1520 4954 τὰς
1547 4891 1758 4954 πυκνὰς
1785 4889 1987 4952 ταύτας
2014 4889 2110 4941 καὶ

534 4975 778 5042 συνεχεῖς
811 4975 1175 5037 ἀναπαύσεις·
1229 4974 1370 5028 οὕτω
1410 4973 1475 5046 δὴ
1499 4975 1594 5028 καὶ
1623 4973 1734 5043 ἐγὼ
1759 4972 1964 5043 ταύτην
2000 4971 2107 5042 μά-

531 5055 688 5110 λιστα
716 5057 853 5126 φιλῶ
882 5062 982 5129 τὴν
1012 5058 1183 5128 ὥραν,
1215 5060 1316 5111 οὐκ
1347 5058 1534 5129 ἐπειδὴ
1563 5057 1831 5129 χειμῶνος
1860 5057 2106 5127 ἀπηλλά-

530 5138 731 5211 γμεθα,
764 5140 885 5193 οὐδὲ
921 5140 1109 5211 ἐπειδὴ
1155 5140 1346 5212 θέρους
1370 5140 1737 5211 ἀπολαύομεν,
1763 5140 1998 5212 ζεφύρου
2029 5140 2107 5193 λιο

529 5223 674 5297 γυρά
708 5224 985 5288 πνέοντος,
1016 5223 1133 5278 ἀλλ’
1186 5224 1374 5296 ἐπειδὴ
1416 5224 1541 5286 τοὺς
1584 5225 1987 5296 πνευματικοὺς
2024 5223 2107 5277 λι-

530 5310 700 5377 μένας
755 5308 952 5380 ἔχομεν
997 5307 1238 5379 συνεχῶς
1285 5306 1695 5376 διαδεχομένους
1750 5309 1897 5377 ἡμᾶς
1921 5345 1937 5370 ,
1998 5305 2108 5361 τῶν

528 5392 699 5461 ἀγίων
735 5392 1029 5465 μαρτύρων
1060 5392 1204 5462 λέγω
1242 5391 1342 5456 τάς
1380 5391 1735 5464 πανηγύρεις.
1778 5390 1855 5444 Ού
1887 5391 1995 5462 γὰρ
2017 5391 2108 5445 οὔ-

525 5493 633 5543 τως
666 5479 715 5530 oi.
751 5477 968 5548 λιμένες
1011 5478 1323 5549 πλωτῆρας,
1358 5474 1432 5539 ὡς
1475 5475 1532 5527 ai
1564 5472 1673 5526 τῶν
1700 5474 1873 5543 ἁγίων
1898 5474 2104 5528 τούτων

526 5562 711 5628 ἑορταὶ
757 5562 882 5624 τοὺς
912 5563 1137 5625 πιστοὺς
1173 5559 1514 5617 ἀνακτᾶσθαι
1551 5557 1880 5627 πεφύκασιν.
1932 5558 2105 5611 Ἐκεί-

526 5660 649 5708 νους
675 5645 773 5715 μὲν
792 5645 900 5716 γὰρ
921 5644 1218 5701 θαλαττίων
1239 5644 1498 5717 κυμάτων
1515 5643 1748 5716 ἐμϐολῆς
1775 5643 1868 5697 καὶ
1887 5642 2104 5714 ἐρεσίας

531 5730 746 5799 μακρᾶς
777 5728 1175 5784 ἀπαλλάττουσι
1201 5731 1436 5800 λιμένες·
1472 5730 1598 5794 τοὺς
1623 5729 1667 5783 δ’
1694 5729 1775 5792 είς
1796 5729 2104 5800 πανήγυριν

534 5809 822 5879 μαρτύρων
886 5812 1240 5873 ἀπαντῶντας
1302 5813 1623 5884 πνευμάτων
1689 5812 1940 5883 πονηρῶν
2008 5812 2098 5864 καὶ

2220 2977 2566 3052 ἀκαθάρτων,
2614 2980 2891 3055 λογισμῶν
2922 2983 3162 3052 ἀτόπων,
3201 2983 3407 3058 πολλῆς
3435 2987 3532 3057 τῆς
3561 2990 3616 3041 ὲν

2220 3064 2511 3134 γινομένης
2531 3064 2719 3137 ζάλης,
2744 3067 2777 3136 ἡ
2803 3066 2910 3120 τῶν
2930 3065 3099 3136 ἀγίων
3123 3069 3312 3139 μνήμη
3331 3070 3541 3124 τούτων
3562 3070 3767 3143 ἐξαρπά-

2220 3145 2334 3209 ζειν
2363 3145 2541 3201 εἴωθε.
2594 3148 2713 3203 Κᾶν
2744 3151 2809 3203 ὲκ
2839 3148 2949 3203 τῶν
2987 3149 3298 3213 πολιτικῶν,
3331 3151 3440 3207 κάν
3470 3154 3536 3206 ὲκ
3570 3152 3668 3207 τῶν
3701 3156 3765 3207 οί·

2221 3228 2429 3283 κιακῶν
2461 3231 2801 3302 πραγμάτων
2829 3231 3067 3302 ἀθυμίαν
3100 3233 3221 3287 τινά
3257 3234 3645 3307 ἐπισυρόμενος
3667 3238 3762 3289 εἰσ-

2218 3312 2368 3386 έλθῃ,
2407 3315 2587 3367 πᾶσαν
2635 3315 2803 3384 αὐτὴν
2843 3315 3197 3384 ἀποθέμενος,
3243 3316 3423 3381 οὕτως
3464 3319 3656 3381 ἄπεισι,
3684 3319 3762 3372 καὶ

2220 3398 2366 3468 ῥᾴων
2393 3398 2601 3466 γίνεται
2629 3398 2725 3452 καὶ
2750 3403 3076 3470 κουφότερος
3095 3438 3109 3463 ,
3155 3398 3503 3473 ούχὶ,κώπην
3539 3401 3762 3456 ἀποτιθέ-

2221 3495 2402 3548 μενος,
2443 3479 2563 3533 οὐδὲ
2609 3481 2810 3535 οἰάκων
2850 3481 3287 3552 ἐξανιστάμενος.
3327 3483 3471 3538 ἀλλά
3495 3485 3555 3538 τὸ
3591 3484 3763 3537 δυσδά-

2220 3577 2449 3615 στακτον
2493 3563 2588 3615 καὶ
2636 3563 2875 3617 ποικΰων
2917 3563 3016 3634 τῆς
3062 3562 3321 3635 βιωτικῆς
3362 3565 3539 3637 λύπης
3573 3567 3762 3637 φορτίον

2215 3644 2444 3700 διαλύων
2468 3689 2484 3713 ,
2534 3647 2628 3701 καὶ
2673 3647 2877 3719 πολλὴν
2920 3649 2986 3717 τῇ
3031 3646 3178 3719 ψυχῇ
3229 3648 3519 3719 δεχόμενος
3556 3649 3646 3720 τὴν
3687 3649 3762 3702 εὐ-

2218 3728 2508 3798 φροσύνην.
2559 3731 2670 3784 Καὶ
2712 3729 2918 3783 τούτων
2943 3729 3195 3784 ἀπάντων
3224 3732 3503 3804 μάρτυρες
3531 3734 3691 3802 ὑμεῖς,
3717 3734 3759 3784 oi

2213 3812 2326 3873 τοῖς
2379 3811 2566 3875 ἄθλοις
2618 3812 2713 3866 τοῦ
2772 3812 3043 3884 μακαρίου
3098 3811 3369 3883 Βαρλαάμ
3431 3814 3555 3884 χθὲς
3598 3817 3760 3884 έντρυ-

2216 3894 2502 3963 φήσαντες,
2527 3895 2621 3949 καὶ
2650 3894 2787 3965 μετά
2813 3894 3014 3965 πολλῆς
3031 3894 3131 3967 τῆς
3150 3894 3333 3959 ἀδείας
3361 3899 3446 3960 είς
3470 3898 3557 3950 τὸν
3575 3899 3756 3950 ἐκείνου

2215 3976 2605 4048 σκιρτήσαντες
2643 3976 2835 4049 λιμένα
2858 3989 2885 4019 ι
2909 4017 2926 4042 ,
2971 3977 3066 4031 καὶ
3118 3978 3218 4049 τὴν
3249 3978 3433 4051 ἀλμην
3470 3980 3575 4033 τῶν
3605 3980 3760 4051 βιωτι-

2214 4056 2328 4112 κῶν
2378 4060 2675 4130 φροντίδων
2719 4060 3173 4130 ἀπολουσάμενοι,
3221 4061 3317 4115 καὶ
3366 4063 3557 4132 κοῦφοι
3601 4061 3757 4114 οἴκαδε

2213 4139 2322 4193 ἀπὸ
2362 4140 2472 4195 τῶν
2501 4142 2709 4196 ἐκείνου
2740 4141 3094 4214 διηγημάτων
3131 4144 3603 4214 ἀναχωρήσαντες.
3638 4142 3757 4195 Ἀλλ’

2217 4221 2326 4275 ίδοὺ
2365 4223 2459 4275 καὶ
2486 4224 2689 4294 ἐτέρων
2715 4224 3009 4296 μαρτύρων
3037 4225 3394 4296 προσελαύνει
3427 4228 3584 4281 πάλιν
3608 4226 3755 4292 πανή-

2211 4319 2389 4375 γυρις.
2427 4308 2571 4369 Ἕως
2592 4305 2658 4359 ἀν
2676 4303 2769 4360 οὖν
2796 4309 2876 4370 εἰς
2895 4306 2985 4360 τὸν
3004 4306 3226 4362 ἐκείνων
3251 4307 3447 4379 λιμένα
3471 4309 3754 4378 φθάσωμεν,

2212 4388 2343 4457 φέρε
2381 4388 2444 4461 δὴ
2481 4389 2848 4461 μιμησὼμεθα
2884 4390 3013 4454 τοὺς
3043 4388 3335 4462 πλωτῆρας
3355 4408 3371 4423 ο
3404 4392 3501 4446 καὶ
3533 4390 3756 4460 καθάπερ

2210 4472 2406 4527 ἐκεῖνοι
2436 4473 2499 4526 τὸ
2538 4473 2771 4543 πέλαγος
2801 4473 3055 4537 πλέοντες
3084 4472 3289 4545 ᾄδουσι,
3322 4477 3391 4547 τῇ
3429 4475 3537 4546 ᾠδῇ
3565 4475 3651 4527 τὸν
3675 4472 3757 4525 πό-

2210 4572 2299 4610 νον
2332 4556 2831 4628 παραμυθούμενοι·
2856 4555 3000 4610 οῦτω
3023 4557 3088 4628 δὴ
3118 4557 3214 4610 καὶ
3246 4557 3428 4628 ἡμεῖς,
3464 4559 3565 4622 ἕως
3586 4558 3661 4621 είς
3679 4556 3757 4609 τὸν

2209 4638 2433 4694 ἐκείνων
2454 4638 2747 4711 φθάσωμεν
2766 4639 2979 4710 λιμένα,
2995 4638 3187 4708 λόγους
3208 4640 3362 4705 τινάς
3383 4639 3756 4712 πνευματικοὺς

2208 4721 2345 4793 πρὸς
2372 4720 2634 4793 ἀλλήλους
2665 4723 2998 4793 κινήσωμεν,
3029 4721 3123 4775 τὸν
3150 4723 3421 4793 μακάριον
3452 4723 3654 4777 Παῦλον
3669 4721 3753 4790 τῆς

2208 4804 2378 4877 καλῆς
2421 4803 2626 4875 ταύτης
2670 4804 2887 4876 ὁμιλίας
2937 4805 3184 4876 ἡγεμόνα
3236 4807 3621 4879 ποιησάμενοι,
3674 4803 3756 4857 καὶ

2206 4888 2382 4959 ἥνπερ
2417 4886 2483 4941 ἂν
2526 4881 2687 4951 αὑτὸς
2721 4887 2950 4961 κελεύῃ,
2992 4888 3198 4960 ταύτην
3241 4889 3498 4960 ἑπόμενοι
3515 4889 3565 4945 δ.
3612 4887 3754 4942 Ποίαν

2205 4965 2299 5023 οὖν
2326 4969 2550 5025 ἔπεσθαι
2585 4970 2828 5036 κελεύεις
2876 4971 2988 5042 Τὴν
3018 4970 3105 5025 διὰ
3131 4972 3231 5043 τῆς
3272 4973 3499 5043 ἐρήμου,
3544 4972 3633 5026 καὶ
3662 4969 3755 5023 τῶν

2205 5053 2323 5107 ἐκεῖ
2360 5051 2685 5124 συμϐάντων
2713 5052 3006 5124 θαυμάτων
3041 5054 3179 5107 ὁδόν.
3227 5056 3337 5109 Καὶ
3374 5055 3484 5127 γὰρ
3510 5053 3754 5125 ἠκούσατε

2208 5136 2447 5209 σήμερον
2478 5137 2645 5192 αὐτοῦ
2676 5137 2927 5208 βοῶντος,
2966 5138 3061 5191 καὶ
3092 5138 3373 5209 λέγοντος·
3418 5143 3502 5195 Οὐ
3538 5137 3678 5194 θέλω
3696 5133 3751 5189 δὲ

2205 5218 2356 5288 ὑμᾶς
2391 5220 2631 5289 ἀγνοεῖν
2648 5259 2664 5284 ,
2717 5220 2966 5290 ἀδελφοὶ
2982 5260 2998 5285 ,
3050 5220 3141 5275 ὅτι
3190 5225 3245 5276 οι
3303 5223 3553 5291 πατέρες
3607 5214 3756 5288 ἡμῶν

2204 5300 2427 5368 πάντες
2456 5301 2576 5356 ὑπὸ
2624 5302 2739 5371 τὴν
2772 5303 3041 5373 νεφέλην
3082 5298 3265 5375 ἦσαν,
3307 5305 3406 5359 καὶ
3432 5303 3645 5367 πάντες
3671 5297 3754 5352 διὰ

2204 5384 2313 5453 τῆς
2334 5385 2654 5453 θαλάσσης
2681 5384 2955 5455 διῆλθον.
2978 5387 3078 5441 καί
3105 5388 3327 5455 πάντες
3350 5389 3439 5454 είς
3465 5387 3570 5440 τὸν
3599 5381 3751 5439 Ηωῦ·

2205 5468 2331 5536 σῆν
2369 5471 2770 5524 ἐϐαπτίσαντο
2793 5509 2808 5533 ,
2851 5469 2959 5523 παὶ
3000 5470 3223 5535 πάντες
3274 5470 3340 5524 τὸ
3377 5468 3526 5524 αὐτὸ
3565 5464 3751 5535 βρῶμα

2205 5552 2610 5622 πνευματικὸν
2638 5554 2884 5623 ἔφαγον,
2934 5555 3034 5608 καί
3073 5554 3297 5622 πάντες
3331 5553 3396 5608 τὸ
3442 5552 3584 5607 αὐτὸ
3613 5548 3750 5617 πόμα

2269 5693 2293 5723 ⁸
2319 5693 2427 5757 Duo
2448 5707 2565 5741 mss.
2612 5693 2793 5757 λιμένα,
2825 5692 2956 5744 Εάὶιί
2995 5695 3218 5757 λειμῶνα.
3253 5695 3475 5745 Priorem
3515 5689 3749 5742 lectionem

2205 5756 2458 5817 postulare
2485 5757 2644 5803 series
2675 5755 2885 5817 videtur.

2267 5816 2295 5856 ι)
2317 5817 2423 5868 Duo
2457 5828 2571 5865 mss.
2598 5818 2676 5864 καὶ
2703 5816 2822 5880 ⁴ᾗπερ
2855 5818 2967 5865 ἄν...
2990 5816 3136 5880 ταύτῃ
3166 5817 3397 5881 ἑπόμενοι.
