4006 6420
163 403 249 461 2H
408 440 415 445 ι
951 398 1015 453 IN
1057 396 1309 453 DICTUM
1349 394 1575 459 PAULI,
1616 392 1795 449 ΝΟιο
1835 389 1964 445 VOS
2000 386 2372 451 IGNORMIE,
2414 382 2563 440 E'l‘C.

165 527 396 589 gratiam,
419 512 820 583 benignitatem,
848 521 902 564 ct
938 508 1355 563 misericordiam
1399 523 1547 562 suam
1598 521 1730 560 con-

164 608 304 664 cedat
333 607 589 662 Dominus
618 611 798 657 uoster
817 602 971 657 Jcsus
987 599 1254 664 Christus,
1271 613 1394 652 cum
1423 613 1529 667 quo
1547 596 1690 650 Patri
1713 637 1728 660 ,

166 695 415 765 simulque
438 692 658 763 Spiritui
688 690 895 747 vivilico
926 698 981 744 et
1003 697 1192 743 sancto
1210 687 1400 757 gloria,
1421 684 1728 755 imperium,

3314 368 3419 422 242

1841 516 1895 563 et
1940 506 2130 569 bonor,
2163 515 2300 555 nunc
2325 508 2380 554 et
2407 505 2715 566 semper,ct
2742 495 2793 549 in
2835 490 3029 548 eruenta
3071 478 3414 547 sucularum.

1843 599 2034 652 Amen.

189 924 3390 962 mw

873 1258 1092 1321 NOLO
1136 1257 1292 1319 VOS
1332 1254 1780 1330 IGNORARE‘,
1829 1253 2230 1326 FRATRES,
2275 1251 2531 1325 QUOD,
2576 1266 2710 1312 ιτα.

185 1469 409 1524 habitam
442 1466 615 1523 fuisse
634 1465 719 1519 vel
751 1463 876 1519 inde
908 1463 1099 1534 liquet,
1131 1464 1279 1534 quod
1314 1462 1458 1520 dicta
1492 1465 1566 1519 sit
1599 1475 1725 1536 post
1757 1463 1956 1521 festum
1987 1464 2163 1520 sancti
2199 1461 2490 1527 Barlaami,
2520 1459 2823 1517 Antiochia:
2854 1457 3124 1516 celebrari
3156 1458 3373 1515 solitum
3396 1492 3425 1520 ,ι

185 1593 240 1636 ut
273 1581 449 1637 videas
475 1580 531 1635 in
566 1577 768 1634 Monito
793 1578 861 1633 ad
896 1577 1187 1633 Homiliam
1216 1579 1268 1633 in
1304 1587 1554 1636 sanctum
1584 1578 1931 1635 Barlaamum
1966 1578 2127 1633 Tom.
2165 1579 2232 1632 ll.
2267 1576 2642 1651 Chrysostomi
2681 1589 2880 1646 scopus
2912 1582 2991 1631 est
3019 1575 3421 1638 demonstrare,

188 1696 342 1753 resin
389 1696 561 1752 veteri
590 1694 730 1768 Lege
759 1704 910 1751 actas
938 1694 1243 1750 futurarum
1280 1710 1462 1751 rerum
1496 1697 1943 1767 praedictionibus
1977 1696 2135 1751 ﬁdem
2170 1695 2348 1750 facere
2374 1711 2387 1748 :
2418 1707 2649 1763 esseque
2680 1692 2803 1746 illas
2840 1704 3024 1745 rerum
3075 1687 3198 1743 novi
3224 1686 3421 1742 Testa-

189 1810 342 1863 menti
367 1816 551 1880 typum
572 1818 627 1865 et
651 1810 922 1865 umbram.
955 1806 1311 1875 Marcionem,
1343 1808 1699 1864 Manichtcum
1744 1818 1798 1864 ct
1837 1809 2065 1864 Paulum
2105 1806 2521 1862 Samosatenum
2565 1804 2741 1859 obiter
2773 1802 3122 1873 perstringit,
3150 1809 3204 1856 et
3231 1807 3424 1870 postu—

191 1925 305 1980 latis
332 1924 384 1978 in
409 1925 517 1981 line
543 1933 860 1981 sanctorum
896 1924 1151 1995 precibus
1183 1925 1462 1981 homiliam
1504 1925 1729 1980 claudit.

255 2034 441 2091 Incerti
471 2034 980 2105 interpretationem
1007 2032 1278 2102 Latinam,
1314 2042 1503 2103 utpote
1530 2050 1639 2092 non
1669 2040 1999 2097 accuratam,
2031 2032 2342 2102 rejecimus,
2371 2043 2678 2093 novamque
2705 2028 3035 2098 paravimus.

186 2260 1441 2287 Μ

1458 2275 2188 2288 -ο--ο--η--α-ῳ-ο
2209 2274 3388 2291 α--ι-Μ-ά-

1096 2681 1207 2754 11v
1247 2679 1999 2755 APOSTOLICUM
2047 2640 2488 2766 DICTUM,

179 2845 322 2893 10ιο
365 2848 471 2894 νος
512 2849 862 2905 IGNORABE,
910 2850 1216 2905 FRATRES,
1262 2850 1432 2903 QUOD
1463 2851 1699 2895 ωσι-ηε
1740 2851 1964 2895 Νοετιιι
2007 2851 2214 2895 ΟΜΝΕΒ
2260 2850 2376 2893 SUB
2408 2848 2573 2892 NUBB
2605 2846 2921 2899 FUB-ﬂUNT,
2969 2843 3283 2889 ΕΤΟΜΝΕΩ
3313 2844 3446 2887 Plit-

1074 2948 1249 2994 uans
1298 2951 1743 2995 'rnmsmnun'r
1788 2932 2046 3012 (t.Cor.
2096 2933 2193 2993 10.
2242 2934 2271 2992 1
2310 2931 2328 3011 )
2377 2929 2496 3009 (a).

242 3158 288 3212 l.
325 3157 505 3214 Nautes
534 3175 657 3215 eam
685 3160 847 3215 maris
869 3169 1073 3229 partem
1105 3161 1355 3217 libentius
1378 3162 1736 3233 frequentant,

179 3263 284 3317 qua:
308 3250 485 3307 multis
512 3251 758 3322 portibus
778 3252 1070 3324 insulisque
1096 3255 1350 3309 instructa
1380 3265 1482 3311 est.
1517 3256 1743 3327 Pelagus

179 3338 306 3393 enim
326 3342 582 3409 portubus
609 3344 942 3405 destitutum,
970 3344 1129 3398 etiam
1162 3345 1450 3414 tranquillo
1474 3354 1737 3415 tempore,

180 3428 383 3487 multum
426 3433 619 3488 incutit
656 3434 1025 3504 navigantibus
1069 3443 1398 3491 tremorem:
1429 3437 1520 3492 ubi
1561 3448 1739 3495 autem

180 3532 350 3587 portus
375 3534 429 3579 et
453 3525 635 3581 littora
664 3526 1034 3598 undecumque
1059 3536 1261 3597 patent,
1283 3543 1404 3585 cum
1431 3545 1622 3601 magna
1653 3545 1741 3586 se-

179 3613 382 3669 curitate
403 3618 671 3686 navigant.
708 3617 923 3672 Etiamsi
947 3619 1090 3673 enim
1115 3635 1261 3674 mare
1281 3621 1611 3690 aliquantum
1639 3638 1741 3677 sre-

178 3704 279 3759 vire
327 3707 561 3776 videant,
619 3724 744 3764 cum
790 3710 845 3764 in
886 3712 1132 3782 proximo
1180 3713 1438 3783 refugium
1491 3713 1739 3782 habeant,

180 3806 404 3866 prompte
433 3797 696 3868 facileque
720 3810 941 3869 possunt
962 3802 1031 3858 ab
1059 3803 1377 3859 instantibus
1400 3806 1654 3874 periculis
1679 3808 1744 3861 li-

180 3880 353 3940 berari.
386 3886 687 3959 Eapropter
705 3906 810 3946 non
839 3892 998 3947 modo
1021 3909 1141 3948 cum
1171 3910 1335 3965 prepe
1361 3905 1572 3965 portum
1593 3908 1741 3965 sunt,

179 3973 260 4027 sed
286 3976 487 4033 etiamsi
532 3981 720 4049 procul
762 3982 890 4049 sint,
936 3997 966 4037 a
1007 3984 1124 4039 solo
1151 3994 1334 4054 portus
1373 3996 1590 4056 aspectu
1629 4004 1745 4043 ma-

178 4074 322 4129 gnam
340 4068 758 4125 consolationem
784 4072 1070 4141 accipiunt.
1102 4074 1216 4129 Non
1240 4077 1381 4130 enim
1412 4093 1596 4147 parum
1624 4078 1744 4134 illos

182 4168 404 4211 recreare
449 4161 631 4216 solent
667 4163 927 4217 montium
967 4166 1241 4220 cacumina
1271 4169 1454 4236 procul
1499 4169 1630 4236 visa,
1663 4170 1743 4224 fu-

179 4259 289 4301 mus
313 4250 587 4317 exsiliens,
635 4259 692 4307 et
735 4255 913 4308 ovium
938 4269 1129 4325 greges
1172 4256 1238 4310 ad
1265 4258 1414 4313 littus
1438 4268 1739 4329 pascentes.

180 4333 362 4394 Verum
399 4341 489 4397 ubi
523 4342 591 4397 ad
630 4353 815 4413 portus
858 4346 1153 4415 ingressum
1182 4348 1536 4420 devenerunt,
1585 4353 1742 4424 plena

179 4424 413 4484 fruuntur
440 4431 646 4487 laetitia.
674 4433 824 4490 Tunc
850 4436 993 4491 enim
1022 4446 1077 4493 et
1118 4452 1325 4494 remum
1352 4440 1649 4513 deponunt,
1690 4455 1746 4500 et

177 4530 387 4588 corpora
449 4523 719 4594 salsugine
789 4525 1032 4581 confecta
1089 4529 1406 4597 potabilibus
1472 4533 1744 4589 oblectant

176 4612 334 4678 aquis,
363 4622 416 4668 et
440 4614 509 4669 ad
548 4616 698 4671 littus
734 4618 955 4688 egressi,
986 4618 1038 4673 in
1066 4634 1313 4689 terraque
1356 4622 1512 4676 nudis
1546 4639 1742 4693 corpo-

180 4701 316 4757 ribus
341 4706 669 4777 aliquantum
698 4720 995 4777 versantes,
1024 4711 1296 4766 nauticum
1335 4727 1496 4769 omne
1527 4716 1740 4771 taedium

177 4791 453 4861 deponunt.
483 4797 944 4864 Quemadmodum
975 4802 1134 4871 igitur
1154 4802 1227 4857 illi
1264 4818 1383 4858 eam
1425 4805 1589 4859 maris
1618 4820 1739 4875 par-

180 4891 276 4938 tem
302 4885 550 4945 libentius
587 4891 979 4961 amplexantur,
1011 4894 1080 4950 ob
1103 4894 1407 4965 frequentes
1435 4897 1551 4952 illas
1578 4909 1634 4954 et
1655 4913 1742 4953 as-

176 4973 345 5034 siduas
376 4982 740 5038 recreationes
768 4999 784 5037 :
816 4984 887 5038 ita
923 4993 979 5040 et
1010 5000 1110 5057 ego
1135 4985 1274 5042 banc
1298 4988 1422 5042 anni
1454 4999 1743 5059 tempesta-

177 5076 274 5123 tem
308 5074 538 5129 maxime
564 5075 747 5146 diligo,
784 5072 890 5131 nun
918 5080 1042 5147 quia
1083 5079 1290 5135 liberati
1328 5096 1513 5136 sumus
1544 5082 1740 5150 hieme,

175 5173 266 5215 nec
281 5163 421 5232 quod
455 5174 643 5222 testate
679 5166 919 5223 l'ruamur
948 5169 1186 5241 zephyro
1229 5171 1464 5227 suaviter
1499 5173 1739 5240 amante,

173 5250 257 5304 sed
283 5254 400 5322 quia
426 5254 619 5311 adsunt
638 5258 941 5326 spirituales
968 5268 1171 5329 portus,
1202 5262 1292 5331 qui
1318 5278 1413 5316 nos
1439 5264 1745 5334 frequenter

173 5344 466 5415 excipiunt,
512 5348 630 5404 l'csti
676 5366 867 5420 nempe
909 5360 1221 5408 sanctorum
1260 5364 1557 5424 martyrum
1601 5356 1740 5412 dies.

173 5431 276 5485 Non
312 5435 454 5490 enim
501 5450 691 5507 portus
733 5440 954 5510 perinde
1003 5451 1209 5509 nautas,
1259 5452 1419 5512 atque
1468 5444 1583 5498 dies
1624 5445 1741 5500 festi

170 5543 462 5596 sanctorum
481 5538 672 5595 horum
700 5541 885 5597 ﬁdeles
911 5548 1156 5595 recreare
1179 5541 1371 5596 solent.
1396 5542 1521 5597 illos
1543 5545 1741 5613 quippe

171 5636 195 5674 a
234 5622 482 5682 ﬂuctuum
542 5630 741 5701 impetu
789 5639 843 5686 et
881 5632 1130 5685 diuturna
1170 5632 1516 5701 remigatione
1558 5643 1741 5703 portus

172 5712 414 5783 liberant;
445 5719 544 5775 hos
570 5733 749 5777 autem
778 5722 845 5776 ad
889 5730 1181 5792 martyrum
1224 5721 1617 5779 solemnitatem
1649 5740 1735 5781 ac-

226 5829 296 5893 (a)
328 5834 499 5884 Collata
525 5850 633 5886 cutn
658 5846 761 5888 Mss.
787 5836 1077 5887 Colbertinis
1096 5836 1189 5886 970
1213 5842 1265 5886 et
1287 5837 1429 5888 5038.

1852 3161 2125 3225 cedentes,
2163 3175 2192 3214 a
2223 3160 2464 3215 violenta
2487 3174 2579 3228 per
2607 3158 2871 3230 malignos
2902 3159 3246 3229 impurosque
3273 3154 3433 3225 spiri-

1850 3260 1952 3313 tus,
1987 3265 2186 3322 perque
2229 3250 2487 3306 absnrdas
2516 3245 2867 3320 cogitatioites
2906 3249 2958 3303 in
3000 3249 3181 3302 animo
3204 3245 3431 3301 excitata

1851 3351 2193 3413 tempestate,
2228 3350 2537 3396 sanctorum
2575 3341 2829 3394 tuetnoria
2859 3338 3044 3408 eripit.
3073 3337 3197 3392 Sive
3225 3335 3345 3404 quis
3365 3349 3428 3389 ex

1850 3434 2093 3503 publicis,
2124 3433 2238 3487 sive
2283 3447 2346 3486 ex
2375 3431 2593 3501 privatis
2636 3431 2862 3500 negotiis
2902 3443 3134 3484 interere
3159 3435 3433 3482 contracto

1849 3526 1952 3581 huc
2005 3523 2366 3596 ingrediatur,
2419 3523 2510 3578 illo
2553 3537 2771 3592 prorsus
2822 3521 3065 3591 deposito
3111 3518 3430 3580 revertitur,

1846 3629 2006 3688 atque
2035 3616 2338 3686 expeditior
2358 3615 2629 3684 leviorque
2654 3615 2783 3682 abit,
2809 3630 2914 3668 non
2944 3614 3117 3683 posito
3143 3627 3310 3675 remo,
3337 3625 3433 3664 nec

1849 3710 2047 3765 relictis
2073 3708 2470 3778 gubernaculis,
2501 3707 2594 3761 sed
2623 3721 2847 3761 excussa
2875 3705 2960 3761 illa
2991 3719 3217 3760 onerosa
3251 3704 3427 3757 varia-

1846 3816 1951 3872 que
1996 3800 2266 3857 saecularis
2310 3799 2537 3855 tristitiae
2587 3798 2814 3863 sarcina,
2869 3797 3145 3867 multaque
3191 3793 3429 3863 repletus

1847 3896 2009 3949 animi
2055 3894 2257 3949 laetitia.
2295 3893 2496 3948 [lorum
2544 3891 2780 3945 omnium
2816 3905 2909 3943 vos
2951 3897 3115 3945 testes
3145 3887 3297 3951 estis,
3338 3888 3427 3954 qui

1848 3987 1902 4042 in
1931 3986 2316 4043 certaminibus
2355 3985 2495 4039 beati
2539 3983 2781 4038 Barlaam
2827 3981 2941 4037 beri
2973 3980 3050 4053 (α)
3082 3977 3352 4043 Oblectati,
3381 3987 3435 4032 et

1848 4094 1968 4135 cum
2005 4094 2195 4148 magna
2228 4077 2612 4147 tranquillitate
2639 4075 2689 4129 in
2719 4074 2836 4145 ejus
2860 4081 3068 4144 portum
3096 4070 3426 4130 festinantes,

1850 4171 2181 4226 saecularium
2220 4184 2469 4224 curarum
2515 4167 2834 4238 salsuginem
2863 4165 3127 4231 abluistis,
3155 4174 3315 4235 atque
3342 4178 3436 4217 auo

1847 4262 1973 4319 ditis
1999 4262 2068 4317 de
2115 4263 2207 4317 illo
2249 4262 2610 4328 sermonibus,
2659 4260 2807 4315 leves
2850 4266 2904 4313 ct
2943 4257 3175 4328 expediti
3216 4257 3434 4311 domum

1851 4342 2170 4409 recessisﬁs.
2201 4357 2271 4407 At
2294 4367 2422 4409 ecce
2451 4354 2553 4407 alia
2585 4361 2878 4424 martyrum
2919 4350 3124 4406 accedit
3145 4348 3430 4404 festivitas.

1850 4444 2030 4499 Donec
2060 4444 2220 4513 igitur
2238 4443 2304 4497 ad
2326 4443 2538 4497 illorum
2564 4452 2774 4512 portum
2800 4440 3147 4510 appellamus,
3180 4454 3278 4508 age
3298 4452 3430 4495 nau-

1850 4546 1929 4591 tas
1959 4536 2261 4602 imitemur;
2293 4545 2349 4591 et
2375 4536 2511 4590 sicut
2553 4535 2627 4589 illi
2670 4533 2977 4604 navigantes
3011 4533 3063 4586 in
3092 4530 3282 4603 pelago
3305 4545 3435 4586 can-

1848 4635 1983 4695 tant,
2018 4636 2175 4682 cantu
2204 4627 2439 4681 laborem
2488 4626 2777 4682 sedantes:
2810 4624 2881 4678 ita
2921 4630 2976 4679 et
3015 4637 3114 4679 nos
3154 4621 3328 4678 donec
3367 4621 3437 4680 ad

1850 4716 2062 4771 illorum
2090 4726 2300 4786 portum
2331 4716 2685 4786 appellamus,
2723 4714 3027 4784 spirituales
3055 4712 3311 4784 quosdam
3346 4714 3431 4769 in-

1850 4818 1933 4863 ter
1985 4823 2083 4863 nos
2125 4809 2463 4864 conferamus
2507 4823 2805 4873 sermones,
2850 4807 3010 4863 beato
3060 4806 3229 4863 Paulo
3271 4806 3433 4878 hujus.

1850 4899 2052 4970 pulchri
2089 4899 2334 4969 colloquii
2364 4899 2499 4954 duce
2526 4898 2837 4966 constituto,
2870 4906 2930 4958 ut
2955 4913 3099 4966 eum,
3131 4913 3232 4968 qua
3257 4898 3432 4967 jusse-

1848 4990 1918 5044 rit
1936 4989 2029 5044 ille
2053 4989 2159 5054 via,
2183 5005 2488 5060 sequamur.
2511 4989 2750 5055 Quanam
2778 5004 2939 5059 porro
2965 4988 3117 5060 sequi
3139 4988 3218 5045 via
3240 4988 3430 5060 jubet?

1850 5083 1952 5138 Per
1983 5082 2250 5137 desertum
2278 5091 2334 5137 et
2366 5097 2460 5151 per
2485 5081 2760 5146 miracula,
2792 5097 2912 5153 qua:
2937 5079 3044 5137 illic
3067 5081 3423 5155 contigerunt.

1850 5173 2060 5229 Etenim
2084 5174 2307 5230 audistis
2336 5174 2484 5229 illum
2512 5174 2672 5230 hodie
2693 5173 2772 5229 sic
2790 5175 3109 5233 clamantem
3140 5191 3155 5230 :
3185 5171 3324 5228 Nolo
3345 5189 3430 5226 vos

1847 5265 2101 5336 ignorare,
2142 5265 2346 5335 fratres,
2381 5264 2518 5333 quod
2561 5277 2730 5335 patres
2763 5267 2922 5321 nostri
2956 5282 3127 5321 omnes
3171 5265 3263 5319 sub
3301 5266 3432 5317 nube

1848 5357 2071 5426 fuerunt,
2114 5367 2160 5410 et
2188 5373 2360 5412 onmes
2399 5374 2488 5428 per
2536 5374 2675 5425 mare
2704 5359 3029 5422 transierunt,
3076 5366 3122 5410 et
3168 5371 3339 5409 omnes
3379 5356 3430 5407 in

1850 5448 2077 5519 Moysem
2108 5449 2350 5520 baptismi
2377 5459 2514 5516 sunt,
2547 5460 2595 5505 et
2618 5466 2789 5504 omnes
2822 5449 3045 5503 eamdem
3080 5463 3245 5502 escam
3274 5448 3427 5517 spiri-

1847 5540 2035 5593 tualem
2079 5541 2420 5605 comederunt,
2478 5548 2525 5593 et
2575 5555 2746 5593 omnes
2791 5538 3019 5592 eumdem
3069 5546 3243 5608 potum
3274 5520 3426 5607 spiri-

1849 5632 2034 5686 tualem
2062 5631 2309 5689 biberunt.
2338 5631 2577 5685 Bibebant
2628 5631 2759 5684 em'm
2809 5630 2871 5684 de
2922 5630 3175 5704 spirituali
3204 5639 3429 5699 sequente

1850 5735 2026 5793 petra;
2053 5734 2193 5793 petra
2219 5733 2384 5777 autent
2421 5733 2528 5777 erat
2553 5722 2802 5778 Christus.
2838 5721 2947 5778 Sed
2982 5740 3081 5778 non
3118 5722 3173 5776 iu
3199 5722 3427 5792 pluribus

1910 5837 1983 5901 (ιι)
2016 5840 2101 5889 Die
2126 5838 2418 5902 [antecedenti
2440 5839 2505 5891 de
2530 5845 2675 5891 Beato
2698 5838 2908 5892 Barlaam
2926 5840 3426 5893 fueratconrionatus.
