4006 6476
492 404 604 465 eis
1205 402 1238 456 ε

487 527 667 570 eorum
717 516 1078 586 bcneplacitum
1107 517 1202 587 fuit
1255 517 1357 570 De.)
1383 532 1401 569 :
1429 515 1667 587 prostrati
1710 516 1839 568 enim
1881 524 1992 568 sunt
2029 515 2080 567 in

503 605 718 660 deserto.
766 603 887 658 llrec
926 616 1091 658 autem
1118 606 1297 675 ﬁgura:
1337 607 1496 659 nostri
1525 609 1686 676 fuere,
1717 614 1770 656 ut
1800 621 1902 658 non
1929 604 2084 657 simus

508 696 910 765 concupiscentes
934 697 1202 764 mulorum,
1223 699 1352 750 sicut
1377 707 1423 752 et
1444 698 1521 750 illi
1545 697 1974 764 concupiverunt;
2001 712 2087 748 ne-

509 805 602 853 que
625 786 912 842 idololatrat
934 789 1112 855 simus,
1144 789 1270 843 sicut
1299 789 1506 859 quidam
1544 787 1769 848 illorum,
1803 787 1932 840 sicut
1957 786 2086 840 scri-

1301 400 1584 458 JOANNIS
1619 398 2090 462 CHRYSOSTOMI
2130 403 2450 464 ARCHIEP.
2489 401 3037 461 CONSTANTINOP.

515 892 662 946 ptum
693 891 770 934 est
793 895 809 932 :
836 879 980 934 Sedit
1008 880 1232 948 populus
1259 877 1580 932 manducare
1604 887 1652 931 et
1686 877 1876 943 bibere,
1896 886 1946 931 et
1977 892 2092 931 sur-

519 979 766 1022 rexerunt
800 969 998 1022 ludere.
1033 967 1214 1037 Neque
1244 967 1584 1036 fornicemur,
1617 968 1751 1020 sicut
1782 967 1994 1034 quidam
2024 969 2095 1021 il—

517 1059 688 1112 lorum
707 1058 958 1128 fornicati
981 1069 1126 1120 sunt,
1143 1068 1189 1112 et
1215 1058 1513 1112 ceciderunt
1531 1076 1634 1112 uno
1659 1059 1760 1122 die,
1785 1059 1970 1128 viginti
1991 1060 2096 1112 tria

515 1150 710 1206 millia.
731 1149 908 1219 Neque
928 1159 1179 1202 tentemus
1198 1149 1484 1212 Christum,
1504 1151 1638 1202 sicut
1654 1149 1866 1219 quidam
1880 1150 2092 1202 illorum

515 1251 863 1302 tentaverunt,
887 1251 935 1294 et
956 1258 988 1294 a
1005 1240 1329 1307 serpentibus
1351 1242 1634 1310 perierunt.
1662 1239 1843 1309 Neque
1863 1256 2094 1293 murmu-

513 1348 710 1396 remns,
730 1333 866 1386 sicut
889 1333 1107 1402 quidam
1130 1332 1344 1385 illorum
1364 1342 1843 1393 murmuraverunt,
1863 1341 1908 1383 et
1932 1331 2094 1398 perie-

511 1434 633 1478 runt
663 1423 728 1477 ab
757 1424 1161 1478 exterminatore
1183 1421 1227 1493 (Ι
1259 1423 1381 1476 Cor.
1410 1423 1496 1477 10.
1519 1425 1677 1488 1-1ος
1713 1423 1881 1475 Exod.
1907 1422 1993 1475 52.
2010 1421 2086 1491 6).

517 1515 780 1571 Videntur
796 1515 1018 1585 quidem
1051 1515 1474 1569 haecmanil'esta
1510 1529 1664 1581 esse;
1685 1516 1780 1568 sed
1802 1515 2092 1586 diligenter

517 1606 919 1662 advertentibus
966 1605 1352 1668 dubitationem
1391 1604 1619 1664 alierum
1663 1620 1772 1661 non
1809 1606 2105 1676 vulgarem.

518 1695 732 1770 Etenim
762 1698 931 1768 primo
959 1699 1240 1769 quteritur,
1267 1713 1363 1753 cur
1389 1705 1600 1752 veteres
1639 1706 1902 1752 memoret
1937 1697 2109 1753 histo-

519 1789 627 1841 rias
653 1805 666 1840 :
697 1799 752 1842 et
792 1803 894 1858 qua
933 1788 1331 1857 consequentia,
1373 1803 1493 1842 cum
1541 1787 1610 1840 de
1661 1787 1725 1840 iis
1766 1787 2107 1858 disputasset,

519 1893 640 1945 quae
668 1877 823 1931 idolis
851 1886 973 1931 sunt
999 1878 1292 1943 immolata,
1324 1877 1376 1930 in
1406 1875 1545 1929 hanc
1581 1875 1826 1930 inciderit
1849 1876 2109 1930 narratio-

523 1983 669 2034 nem,
699 1983 759 2021 ea
788 1969 1016 2023 aﬂ‘crens
1039 1968 1090 2022 in
1121 1968 1373 2035 medium,
1404 1982 1523 2037 quae
1551 1968 1600 2021 in
1634 1967 1849 2020 deserto
1877 1968 2114 2037 contige-

524 2067 667 2113 runt.
697 2058 880 2129 Neque
906 2060 1050 2128 enim
1094 2069 1296 2115 temere
1333 2059 1415 2114 vel
1467 2057 1686 2115 fortuito
1723 2071 1850 2112 casu
1901 2067 2114 2113 sanctus

525 2151 617 2206 ille
641 2151 895 2221 loquitur,
933 2152 1027 2206 sed
1063 2168 1184 2207 cmn
1218 2167 1407 2222 magna
1433 2151 1834 2221 consequentia,
1874 2159 1928 2205 et
1953 2165 2114 2205 accu-

523 2251 692 2296 ratam
739 2258 954 2312 semper
1005 2253 1181 2298 servat
1229 2243 1495 2297 dictorum
1542 2243 1966 2296 consonantiam.
2011 2241 2118 2296 Cur

523 2349 652 2406 ergo
691 2344 745 2390 et
782 2335 924 2390 unde
959 2336 1009 2390 in
1054 2336 1192 2390 hanc
1222 2335 1407 2390 incidit
1458 2334 1771 2389 historiam?
1808 2334 2120 2403 lncrepabat

524 2449 640 2502 eos,
657 2435 749 2504 qui
774 2439 975 2488 temere
1005 2439 1060 2486 et
1083 2431 1198 2485 sine
1215 2434 1461 2485 examine
1484 2428 1548 2482 ad
1574 2429 1712 2482 idola
1742 2427 2116 2497 ingredieban-

527 2537 634 2595 tur,
668 2525 842 2596 deque
883 2528 1082 2596 polluta
1120 2541 1307 2585 mensa
1331 2522 1710 2596 degustabant,
1759 2528 1918 2590 atque
1945 2519 2118 2574 idolo-

527 2621 677 2692 thyla
727 2621 1144 2691 contingebant:
1173 2631 1225 2676 et
1270 2635 1392 2675 cum
1439 2615 1762 2675 ostendisset
1798 2617 1949 2687 ipsos
1984 2612 2122 2670 hinc

527 2709 726 2779 duplici
745 2709 940 2766 damno
968 2711 1132 2780 affici,
1163 2727 1282 2767 cum
1311 2719 1367 2765 et
1412 2710 1637 2766 infirmis
1682 2709 2002 2764 ofl'cudiculo
2030 2724 2118 2764 es-

529 2810 670 2867 sent,
702 2810 757 2856 et
782 2802 881 2873 ipsi
913 2803 1215 2858 da-monum
1242 2802 1526 2873 participes
1552 2809 1734 2857 essent
1758 2815 1774 2854 :
1799 2810 1851 2855 ct
1879 2815 2000 2856 cum
2029 2815 2126 2869 per

529 2891 784 2961 prmdicta
828 2894 958 2949 satis
987 2895 1194 2950 illorum
1208 2895 1418 2948 animos
1445 2893 1793 2960 coercuisset,
1817 2893 2118 2948 docuisset-

531 2998 657 3051 que,
687 2992 938 3052 0portere
963 2985 1174 3040 fidelem
1204 3001 1309 3039 non
1353 3001 1448 3039 sua
1477 2995 1678 3038 tantum
1706 2984 1994 3054 respicere,
2030 2984 2123 3038 sed

535 3071 695 3125 etiam
731 3087 816 3137 ea,
844 3087 963 3142 qua:
1008 3075 1237 3130 aliorum
1279 3075 1567 3130 multorum
1607 3088 1747 3140 sunt,
1783 3075 2126 3145 volensipsis

539 3161 784 3217 timorem
808 3164 1028 3229 addere,
1058 3174 1266 3220 veteres
1292 3165 1542 3220 historias
1564 3176 1965 3220 commemorat.
1994 3167 2127 3234 Quia

539 3257 682 3310 enim
711 3255 783 3310 illi
807 3257 971 3312 altum
998 3258 1295 3328 sapiebant,
1325 3267 1508 3328 utpote
1536 3257 1743 3323 fideles,
1777 3268 1829 3312 et
1853 3259 1920 3312 ab
1945 3274 2128 3314 errore

540 3347 770 3412 liberati,
813 3356 974 3417 atque
1019 3349 1295 3404 scientiam
1342 3351 1634 3419 assequuti,
1684 3359 1739 3404 et
1782 3348 2125 3404 ineliabilium

540 3439 1242 3518 mysteriorum‘participes
1281 3440 1475 3504 cfl'ccti,
1513 3439 1581 3494 ad
1612 3455 1943 3510 regnumque
1967 3441 2132 3496 caelo-

541 3545 660 3584 rum
689 3531 858 3584 vocati
892 3548 906 3586 :
939 3531 1216 3587 declarare
1235 3532 1418 3586 volens
1444 3547 1628 3587 eorum
1660 3533 1859 3586 nullam
1889 3548 2009 3588 esse
2031 3534 2136 3587 uti-

543 3621 762 3684 litatcm,
814 3622 914 3675 nisi
956 3623 1169 3678 adesset
1214 3623 1320 3676 vita
1356 3631 1512 3678 tantre
1557 3624 1742 3694 gratiae
1782 3639 2040 3691 consona,
2067 3639 2133 3680 ex

546 3715 713 3770 veteri
744 3714 962 3770 historia
989 3717 1132 3785 ipsos
1159 3717 1354 3771 erudit.

621 3803 674 3859 2.
705 3805 808 3880 Cur
836 3805 1032 3860 Paulus
1072 3806 1134 3861 de
1171 3809 1331 3878 pomis
1359 3819 1683 3877 peccatorum
1705 3807 1912 3878 loquens
1950 3807 2137 3862 Veteris

549 3896 853 3953 Testamenti
893 3900 1052 3954 verbis
1093 3909 1268 3952 utatur
1298 3901 1465 3970 potius
1500 3917 1654 3971 quam
1683 3899 1836 3953 Novi.
1863 3898 2136 3954 Prwterita

545 3998 682 4059 gesta
703 3990 989 4059 futurarum
1019 3990 1426 4060 prredirtionibus
1451 3991 1602 4059 ﬁdem
1626 3991 1837 4061 faciunt.
1856 4020 1927 4031 -—
1946 3991 2015 4044 At
2037 3989 2137 4044 hoc

550 4080 719 4145 ipsum
770 4081 966 4133 multas
1011 4080 1386 4149 complectitur
1432 4081 1772 4150 qumstiones.
1805 4080 1912 4135 Cur
1936 4095 2040 4134 non
2071 4096 2135 4134 ex

550 4168 726 4224 verbis
751 4169 946 4223 Christi
967 4173 1020 4226 in
1041 4173 1330 4246 Evangelio
1353 4171 1538 4240 positis
1559 4186 1680 4226 cum
1709 4171 1836 4240 ipsis
1857 4170 2093 4240 disputet
2117 4171 2140 4224 ?

551 4275 648 4312 cur
671 4275 774 4313 non
797 4259 1095 4330 gehennam
1124 4271 1405 4324 memoret,
1435 4275 1539 4314 non
1560 4260 1806 4314 tenebras
1823 4263 2137 4326 exteriores,

555 4365 659 4404 non
686 4361 1006 4405 venenatum
1033 4366 1266 4406 vermem
1286 4391 1300 4415 ,
1343 4369 1449 4407 non
1481 4353 1689 4406 νίηουΙεὶ
1715 4361 1970 4424 perpetua
1991 4394 2005 4416 ,
2035 4367 2140 4406 non

553 4444 726 4513 ignem
757 4452 997 4514 paratum
1024 4442 1236 4497 diabolo
1263 4451 1317 4496 et
1344 4443 1546 4513 angelis
1568 4442 1702 4512 ejus,
1720 4458 1826 4496 non
1853 4441 2143 4497 stridorem

553 4535 790 4590 dentium
812 4577 826 4600 ,
859 4544 910 4590 et
937 4535 1037 4590 alia
1066 4534 1442 4589 inenarrabilia
1467 4533 1764 4605 supplicia?
1788 4532 1844 4588 Si
1870 4532 2010 4587 enim
2041 4541 2146 4586 ter-

553 4641 675 4682 rere
699 4627 892 4689 voluit.
920 4642 947 4680 a
975 4626 1309 4697 gravioribus
1335 4626 1385 4681 id
1415 4623 1714 4680 faciendum
1745 4624 2011 4694 oportuit,
2037 4638 2144 4676 non

559 4723 734 4770 autem
764 4717 828 4771 ab
858 4718 921 4772 iis
940 4759 955 4783 ,
981 4733 1100 4786 qua:
1145 4718 1197 4771 in
1229 4717 1443 4773 deserto
1467 4717 1823 4786 contigerunt.
1854 4713 1933 4769 Illi
1965 4713 2108 4768 enim
2129 4752 2144 4780 ,

556 4807 767 4863 etiamsi
799 4809 938 4877 plexi
969 4811 1106 4874 sint,
1140 4816 1196 4862 at
1236 4809 1448 4864 mitiore
1497 4818 1552 4864 et
1593 4818 1932 4877 temporanea
1957 4818 2144 4875 poena,

557 4911 715 4969 atque
745 4913 846 4952 una
875 4909 1077 4954 tantum
1105 4900 1222 4963 die;
1243 4899 1295 4952 hi
1327 4898 1808 4954 autemimmortali
1831 4911 1894 4952 ac
1912 4894 2142 4966 graviori

560 5000 685 5046 sunt
713 4990 974 5059 supplicio
1000 4991 1287 5059 plectendi.
1329 4990 1436 5045 Cur
1456 5006 1582 5061 ergo
1612 4991 1730 5044 illos
1762 5006 1866 5043 non
1898 5005 1961 5042 ex
2000 4989 2146 5042 hisce

561 5081 783 5145 terruit,
815 5095 986 5149 neque
1011 5079 1210 5133 Christi
1249 5081 1387 5135 dicta
1431 5081 1869 5134 commemoravit
1894 5080 1917 5132 ?
1938 5078 2153 5133 Poterat

563 5175 706 5228 enim
738 5173 844 5227 illis
885 5172 1066 5227 dicere
1086 5212 1101 5237 ,
1148 5173 1282 5226 Nolo
1310 5187 1407 5227 vos
1451 5174 1696 5242 ignorare
1716 5215 1730 5237 ,
1765 5171 1954 5226 fratres
1977 5210 1992 5234 ,
2021 5186 2154 5239 quas

566 5269 710 5338 leges
739 5264 986 5321 Christus
1012 5263 1250 5334 posuerit
1278 5264 1361 5330 iis,
1405 5264 1494 5334 qui
1540 5279 1661 5318 cum
1693 5264 1849 5318 tidem
1893 5261 2151 5323 habeart,

565 5359 725 5414 vitam
775 5367 956 5412 tamen
1010 5355 1268 5425 optimam
1317 5369 1422 5408 uou
1471 5353 1743 5408 exhibent.
1807 5352 2015 5406 Etenim
2061 5366 2180 5404 eos-

565 5451 757 5512 etiam,
808 5451 897 5519 qui
949 5447 1202 5502 miracula
1257 5443 1541 5516 patrabant
1577 5453 1632 5498 et
1676 5442 1969 5514 prophetia:
2012 5443 2155 5495 dono

570 5543 874 5612 fulgebant,
907 5541 1131 5596 exclusit
1160 5555 1190 5592 a
1235 5553 1401 5610 regno
1423 5536 1675 5592 cmlorum
1696 5577 1710 5601 ,
1738 5535 1923 5590 dicens
1958 5551 1970 5588 :
2004 5533 2154 5586 Multi

568 5637 732 5690 dicent
755 5634 877 5687 mihi
902 5635 956 5687 in
977 5634 1058 5686 die
1077 5633 1199 5699 illa,
1234 5631 1482 5698 Domine,
1512 5629 1758 5693 Domine,
1788 5644 1954 5682 nonne
1979 5629 2031 5680 in
2060 5643 2152 5679 no-

573 5728 705 5779 mine
729 5737 812 5778 tuo
835 5725 1084 5778 dwmouia
1104 5725 1340 5794 ejecimus
1362 5767 1375 5786 ,
1401 5735 1444 5778 et
1473 5725 1526 5777 in
1547 5723 1748 5777 nomine
1771 5734 1856 5775 tuo
1880 5720 2152 5792 praplteta-

576 5816 764 5877 cimus,
785 5825 831 5867 et
870 5814 1082 5867 virtutes
1115 5813 1588 5884 multasfecimus?
1620 5815 1684 5870 Et
1713 5825 1833 5870 tunc
1867 5814 2150 5884 conﬁtebor

1125 5977 1157 6000 4

3665 402 3761 457 ΞΜ

2188 522 2285 586 eis,
2305 520 2544 574 Recedite
2565 537 2598 572 a
2616 535 2714 578 me.
2738 535 2841 571 non
2864 517 2982 570 noui
3013 531 3124 580 vos,
3147 519 3238 586 qui
3262 514 3563 585 operamini
3582 514 3762 568 iniam-

2196 621 2356 666 tatem
2391 611 2604 680 (Matth.
2630 610 2681 665 7.
2700 608 2790 662 22.
2813 607 2928 675 25).
2963 605 3026 658 Et
3049 606 3290 676 virgines
3308 619 3539 675 quoque
3571 619 3676 657 non
3704 604 3766 658 de

2189 703 2294 757 fide
2314 711 2368 757 et
2387 701 2737 771 dogmatibus
2761 713 3018 769 arguens.
3040 698 3134 753 sed
3169 697 3238 752 de
3271 710 3538 766 perversa
3569 696 3700 757 vita,
3719 705 3768 750 et

2188 793 2592 848 inhumanitate
2615 800 2668 844 et
2691 791 3042 855 crudelitate,
3064 789 3299 844 exclusit
3331 804 3362 842 e
3395 789 3642 841 thalamo
3671 802 3766 838 nu-

2185 887 2338 957 ptiali
2359 883 2578 957 (Matth.
2599 883 2692 936 25.
2721 881 2943 950 10-12);
2971 881 3126 934 illum
3149 895 3278 933 vero
3298 879 3393 947 qui
3418 876 3664 932 sordidis
3689 877 3768 930 in-

2195 978 2356 1032 dutus
2385 983 2504 1030 erat
2527 975 2796 1037 vestibus,
2841 974 2962 1028 ideo
2991 974 3224 1029 vinctum
3265 972 3427 1043 ejecit
3460 971 3678 1042 (Matth.
3700 971 3784 1025 2!.

2201 1068 2256 1120 ll
2290 1095 2319 1106 -
2347 1065 2439 1134 l3)
2471 1081 2484 1117 :
2515 1079 2622 1118 non
2647 1063 2789 1133 quod
2816 1063 3064 1134 dogmata
3087 1073 3230 1118 recta
3268 1077 3375 1117 non
3436 1071 3674 1128 teneret,
3703 1060 3786 1117 sed

2197 1157 2340 1225 quod
2361 1156 2522 1210 vitam
2555 1155 2826 1209 sordidam
2852 1165 2905 1209 et
2936 1156 3198 1223 impuram
3223 1155 3456 1224 egisset;
3489 1153 3610 1208 illos
3635 1153 3751 1206 item
3770 1193 3786 1218 ,

2199 1263 2333 1317 quos
2363 1247 2552 1302 abduci
2580 1246 2740 1314 jussit
2767 1246 2819 1299 in
2849 1246 3025 1315 ignem
3060 1254 3302 1314 paratum
3327 1244 3549 1298 diabolo
3573 1252 3628 1296 et
3649 1256 3791 1311 ange-

2202 1338 2268 1391 lis
2311 1338 2427 1406 ejus
2469 1335 2682 1406 (Matth.
2713 1335 2806 1391 ‘25.
2863 1336 2979 1405 41),
3034 1350 3138 1389 non
3171 1343 3456 1402 propterea
3491 1332 3582 1386 illo
3625 1332 3788 1395 misit,

2204 1428 2346 1498 quod
2385 1443 2418 1482 a
2469 1427 2573 1494 tide
2617 1426 2978 1490 excidissent,
3021 1424 3113 1479 sed
3143 1423 3281 1494 quod
3328 1423 3531 1488 nullius
3559 1436 3793 1490 umquam

2207 1520 2415 1576 miserti
2445 1529 2648 1575 essent.
2685 1517 2812 1572 ﬂare
2855 1517 3034 1570 omnia
3074 1523 3128 1571 et
3153 1514 3346 1569 similia
3374 1526 3797 1568 commemorare

2209 1621 2438 1682 poterat,
2467 1627 2529 1665 ac
2552 1610 2766 1674 dicere,
2797 1607 2932 1662 Nolo
2980 1622 3078 1661 vos
3125 1607 3374 1675 ignorare
3399 1645 3416 1670 ,
3451 1605 3678 1666 fratres,
3710 1601 3797 1656 bos

2211 1717 2400 1757 omnes
2428 1702 2747 1773 baptismum
2771 1714 2891 1755 esse
2929 1705 3288 1767 consequutos
3323 1704 3379 1750 et
3428 1695 3796 1765 mysteriorum

2215 1793 2498 1866 participes
2522 1791 2742 1847 cll‘ectos
2758 1832 2772 1853 ,
2801 1789 3022 1843 multam
3065 1786 3380 1843 exhibuisse
3405 1784 3573 1840 fidem
3593 1825 3609 1849 ,
3635 1784 3799 1838 scien-

2216 1887 2342 1941 liam
2371 1886 2622 1940 habuisse
2654 1883 2980 1954 perfectam;
3002 1880 3097 1934 sed
3123 1879 3246 1949 quia
3273 1879 3440 1931 vitam
3473 1875 3596 1932 fidei
3620 1889 3801 1930 conso-

2218 1998 2340 2036 nam
2373 1996 2478 2036 non
2508 1980 2881 2042 instituerunt,
2908 1991 2940 2030 a
2968 1989 3136 2044 regno
3155 1973 3450 2036 exclusos,
3484 1980 3540 2025 et
3568 1969 3672 2038 igni
3702 1980 3801 2022 tra-

2217 2074 2356 2128 ditos
2387 2072 2568 2126 fuisse.
2609 2070 2719 2125 Cur
2757 2082 2886 2138 ergo
2914 2065 3031 2120 hazc
3069 2079 3174 2119 non
3201 2063 3362 2127 dixit,
3398 2061 3499 2116 sed
3530 2062 3613 2114 his
3641 2058 3803 2114 missis

2219 2162 2470 2218 omnibus
2491 2203 2506 2227 ,
2539 2161 2618 2216 sic
2644 2160 2896 2230 loquutus
2924 2165 3038 2211 est:
3075 2153 3212 2208 Nolo
3239 2163 3407 2206 autem
3433 2166 3524 2205 vos
3553 2152 3801 2219 ignorare,

2220 2259 2426 2325 fratres,
2454 2251 2591 2323 quod
2616 2259 2784 2320 patres
2810 2247 2968 2301 nostri
2994 2261 3164 2299 omnes
3200 2243 3292 2297 sub
3333 2242 3468 2296 nube
3495 2245 3724 2312 fuerunt,
3755 2247 3803 2291 et

2223 2361 2283 2399 ea
2316 2355 2776 2406 commemorans,
2805 2354 2926 2407 qua:
2955 2335 3021 2391 ad
3049 2335 3287 2406 Moyscm
3317 2331 3670 2402 spectabant,
3699 2342 3806 2397 qua:

2225 2437 2290 2490 ad
2319 2436 2542 2507 gratiam
2572 2431 2915 2503 pertinebant
2943 2428 3156 2484 tacuit?
3181 2425 3298 2481 Non
3327 2435 3541 2480 temere
3570 2437 3666 2478 nec
3701 2421 3805 2475 sine

2226 2540 2388 2579 causa
2417 2525 2496 2578 sic
2520 2524 2662 2592 agit;
2695 2520 2861 2575 multa
2899 2518 3096 2589 quippe
3137 2516 3398 2586 sapientia
3451 2514 3640 2582 plenus
3684 2518 3804 2566 erat.

2225 2615 2332 2672 Sed
2362 2631 2455 2669 cur
2478 2650 2494 2675 ,
2518 2624 2600 2694 ,οι
2643 2621 2862 2682 propter
2880 2608 3006 2679 quid
3042 2608 3066 2661 ἲ
3097 2607 3310 2662 Duabus
3332 2605 3489 2660 hisee
3517 2604 3587 2694 de
3611 2601 3801 2664 causis;

2230 2717 2286 2768 ut
2312 2692 2570 2767 videlicet
2597 2703 2720 2758 illos
2747 2709 3017 2772 tangeret,
3044 2695 3319 2763 simulque
3342 2692 3682 2761 ostenderet,
3707 2708 3806 2754 ma-

2227 2817 2386 2872 gnam
2410 2814 2531 2855 esse
2561 2796 2935 2868 cognationem
2965 2793 3130 2850 Vetus
3155 2793 3295 2848 inter
3313 2802 3368 2848 et
3397 2791 3608 2847 Novum
3635 2791 3805 2845 Testa-

2232 2901 2492 2947 mentum.
2523 2889 2786 2957 Quoniam
2813 2887 2957 2942 enim
2990 2884 3143 2939 multi
3171 2892 3326 2949 sunt,
3371 2882 3466 2952 qui
3507 2896 3606 2936 nec
3628 2879 3806 2951 gehen-

2234 3001 2356 3040 nam
2379 2998 2478 3038 nec
2499 2980 2818 3052 supplicium
2837 2992 2957 3032 esse
2984 2983 3201 3045 putant,
3229 2973 3324 3030 sed
3351 2981 3634 3027 autumant
3658 2971 3805 3024 Deum

2233 3076 2584 3146 simpliciter,
2629 3081 2690 3127 ut
2730 3081 2931 3126 metum
2961 3077 3016 3122 et
3067 3066 3480 3137 temperantiam
3525 3064 3803 3125 induceret,

2235 3167 2351 3222 haec
2375 3168 2756 3221 comminatum
2778 3175 2930 3224 esse,
2959 3173 3196 3214 vermem
3227 3156 3590 3211 immortalem
3609 3196 3623 3220 ,
3653 3155 3804 3223 ignem

2237 3255 2758 3325 inexstinguibilem;
2789 3251 3038 3307 tenebras
3064 3249 3396 3314 exteriores,
3431 3247 3530 3302 sed
3558 3261 3658 3301 non
3702 3258 3807 3312 pos-

2235 3356 2360 3403 sunt
2406 3345 2693 3417 praeteritis
2751 3343 2910 3398 fidem
2938 3355 3156 3412 negare.
3188 3340 3322 3394 Nam
3341 3355 3465 3408 quae
3507 3340 3640 3392 facta
3669 3344 3803 3397 sunt,

2237 3457 2344 3512 quo
2393 3451 2547 3510 pacto
2601 3437 2721 3508 quis
2777 3436 2959 3491 dicere
2997 3434 3170 3504 possit
3217 3448 3324 3487 non
3372 3431 3513 3486 facta
3554 3428 3714 3486 esse?
3751 3426 3807 3479 lis

2238 3537 2436 3607 quippe
2464 3549 2583 3602 qua:
2613 3546 2720 3586 non
2754 3530 2888 3595 visa,
2918 3543 3016 3582 nec
3043 3527 3094 3581 in
3127 3541 3262 3595 opus
3291 3523 3483 3579 educta
3503 3530 3652 3583 sunt,
3676 3519 3805 3572 multi

2240 3643 2344 3680 non
2373 3625 2636 3688 credunt;
2665 3624 2730 3678 iis
2757 3631 2932 3675 autem
2957 3634 3076 3689 qua:
3107 3617 3243 3672 facta
3281 3625 3406 3670 sunt
3425 3656 3441 3681 ,
3492 3625 3548 3670 et
3573 3613 3635 3666 ad
3668 3612 3804 3663 finem

2241 3717 2488 3782 deducta,
2521 3712 2860 3784 quantumvis
2888 3723 3173 3781 perversos
3202 3717 3257 3762 et
3281 3706 3560 3776 improbus
3582 3703 3694 3774 quis
3714 3699 3808 3753 fue-

2242 3812 2341 3877 rit,
2375 3825 2443 3865 ne
2481 3807 2696 3879 quidem
2725 3807 2770 3862 si
2794 3805 2957 3870 velit,
2988 3802 3185 3874 poterit
3218 3800 3378 3856 ﬁdem
3403 3811 3618 3869 negare.
3660 3793 3734 3848 Ab
3754 3791 3808 3845 iis

2243 3918 2405 3975 ergo,
2451 3916 2570 3971 quae
2597 3901 2650 3955 in
2681 3897 2929 3955 confesso
2965 3894 3105 3965 apud
3133 3907 3322 3948 omnes
3358 3901 3518 3956 sunt,
3549 3895 3722 3959 utpote
3747 3883 3810 3937 fa-

2244 4002 2330 4048 cta
2355 4035 2368 4056 ,
2394 4006 2618 4061 quorum
2655 3989 2813 4044 etiam
2843 3985 3080 4054 reliquitn
3109 3991 3360 4047 manent,
3404 3981 3519 4035 vult
3544 3993 3633 4034 eos
3655 3976 3718 4030 de
3739 3987 3808 4026 re-

2245 4093 2333 4139 cto
2365 4083 2456 4137 Dei
2491 4080 2692 4151 judicio
2719 4078 2836 4133 ﬁeri
2865 4075 3159 4137 certiores;
3189 4087 3253 4128 ac
3281 4072 3324 4126 si
3351 4071 3558 4127 diceret
3593 4085 3606 4121 :
3643 4067 3694 4120 Si
3721 4077 3808 4117 non

2246 4184 2402 4246 putas
2421 4189 2540 4230 esse
2563 4171 2860 4242 gehennam
2876 4209 2890 4233 ,
2938 4181 3111 4236 neque
3136 4179 3347 4234 poenam
3367 4204 3382 4227 ,
3431 4176 3606 4233 neque
3632 4152 3809 4254 suppli-

2249 4266 2390 4321 cium
2409 4307 2427 4332 ,
2457 4263 2550 4320 sed
2581 4264 2749 4317 Deum
2779 4259 2976 4315 frustra
2999 4255 3380 4311 comminatum
3402 4267 3524 4307 esse
3540 4293 3554 4317 ,
3575 4253 3808 4320 przeterila

2249 4369 2531 4430 repetens,
2580 4355 2770 4410 futuris
2813 4353 2974 4408 etiam
3021 4349 3204 4404 crede.
3239 4347 3297 4402 Si
3323 4346 3465 4400 enim
3514 4345 3559 4398 is
3601 4342 3706 4410 ipse
3744 4341 3810 4390 est

2254 4451 2393 4507 Deus
2413 4492 2426 4515 ,
2457 4448 2545 4519 qui
2575 4457 2631 4502 et
2664 4443 2931 4515 praeterita
2967 4450 3020 4496 et
3047 4438 3325 4509 praesentia
3355 4436 3653 4504 diSpeusat;
3684 4431 3810 4484 item-

2253 4558 2357 4613 que
2386 4557 2447 4598 ea
2475 4556 2593 4610 qua:
2620 4538 2719 4592 sub
2746 4533 2926 4590 Veteri
2961 4533 3122 4600 Lege,
3153 4540 3206 4584 et
3234 4544 3295 4583 ea
3323 4541 3442 4597 quae
3474 4526 3526 4578 in
3552 4531 3682 4577 statu
3708 4532 3810 4613 gra-

2254 4609 2343 4691 tiae
2363 4677 2377 4699 ,
2409 4634 2547 4688 sicut
2586 4644 2772 4686 revera
2817 4626 2956 4682 idem
2985 4633 3038 4677 et
3065 4622 3180 4693 ipse
3199 4631 3280 4676 εει
3301 4660 3317 4685 ,
3349 4633 3450 4688 qua
3488 4615 3686 4671 ratione
3714 4609 3811 4662 illos

2257 4726 2478 4799 quidem
2529 4728 2816 4793 peccantes
2840 4714 3119 4784 castigavit
3145 4722 3200 4768 et
3243 4709 3417 4780 pmnis
3444 4703 3704 4799 subjecit,
3732 4708 3813 4799 nos

2255 4787 2383 4874 vero
2404 4817 2492 4887 qui
2515 4787 2692 4885 paria,
2714 4812 2822 4866 imo
2852 4809 3020 4863 multo
3047 4803 3290 4875 graviora
3321 4799 3662 4858 admisimus,
3682 4787 3812 4887 inulv

2259 4919 2344 4965 tos
2368 4883 2600 4964 dimittet
2617 4906 2640 4957 ?
2657 4905 2850 4972 Qumro
2871 4900 3051 4972 igitur,
3075 4911 3254 4951 annon
3275 4892 3443 4949 Judzei
3461 4883 3692 4944 fornicati
3711 4885 3813 4978 sunt

2259 5013 2314 5059 ct
2356 5001 2494 5072 plexi
2537 4998 2704 5053 sunt?
2731 5008 2908 5050 annon
2953 4992 3454 5047 murmuraverunt,
3493 4989 3548 5036 et
3587 4972 3812 5072 supplicio

2260 5067 2386 5151 sunt
2410 5090 2584 5148 all‘ecti
2611 5091 2633 5145 ‘l
2659 5089 2716 5144 ld
2746 5084 2987 5142 confiteri
3030 5093 3252 5136 necesse
3277 5085 3377 5132 est.
3420 5067 3687 5140 Quomodo
3708 5071 3813 5151 ergo

2260 5184 2350 5260 qui
2382 5186 2504 5240 illos
2548 5182 2725 5237 afl‘ecit
2748 5194 2902 5249 paena
2925 5218 2940 5242 ,
2969 5186 3021 5230 te
3053 5175 3198 5244 paria
3221 5184 3408 5224 ausum
3431 5159 3705 5260 praeteribit

2263 5248 2391 5336 sane
2413 5292 2519 5332 non
2552 5285 2634 5330 est
2663 5248 2854 5328 rationi
2904 5281 3200 5323 consonum
3221 5265 3259 5317 ι.
3295 5264 3363 5315 At
3412 5260 3498 5313 hic
3527 5271 3623 5310 non
3650 5248 3812 5304 dedidi

2264 5369 2500 5439 poenas?
2539 5365 2664 5421 Ideo
2712 5363 2947 5418 maxime
2988 5357 3148 5412 crede
3198 5352 3498 5424 gehennam
3547 5346 3812 5439 essentth

2263 5435 2584 5533 supplicium
2608 5501 2622 5525 ,
2656 5457 2776 5528 quia
2823 5454 2910 5508 hic
2950 5467 3056 5507 non
3113 5446 3307 5503 dedisti
3341 5458 3542 5514 pmnas.
3575 5435 3676 5493 Nisi
3695 5435 3810 5486 ellll“

2267 5555 2492 5626 posthac
2532 5549 2746 5622 aliquod
2795 5544 3115 5616 supplicium
3165 5541 3398 5596 futurum
3440 5543 3614 5598 esset,
3645 5533 3811 5593 nequa-

2329 5693 2348 5723 ε
2383 5691 2524 5738 eam.
2551 5700 2600 5736 tn
2623 5687 2847 5748 margine
2869 5683 2978 5732 haec
3000 5675 3300 5748 addilgjuos
3322 5666 3810 5748 ηιιῑάβυξηῖριζῆξεζὲξξξ

2267 5759 2374 5802 cata
2384 5719 2863 5815 “Ezé'c‘iei-‘é.‘i'{3s”é£}’o
2873 5719 3105 5808 'iiiiuiziis'
3114 5719 3457 5799 institutam;
3472 5719 3613 5783 multo
3624 5719 3820 5790 ’φαιιὶοω

2268 5821 2373 5864 sunt
2399 5809 2507 5864 reos
2531 5824 2622 5862 non
2646 5809 2872 5875 plectere.
