4006 6476
365 416 469 470 243

369 523 769 596 πνευματικὸν
792 525 986 578 ἔπιον.
1030 524 1280 576 ’Ἐπινον
1299 523 1411 593 γὰρ
1437 525 1507 578 ἐκ
1541 524 1940 593 πνευματικῆς

363 608 825 675 ἀκολουθούσης
851 605 1091 675 πέτρας,
1118 606 1157 672 ἠ
1185 607 1254 659 δὲ
1279 606 1466 673 πέτρα
1496 603 1577 676 ἦν
1604 610 1638 660 d
1669 608 1941 675 Χριστός.

378 694 530 746 Ἀλλ’
556 693 668 745 οὐκ
699 690 769 742 ἐν
803 689 929 755 τοῖς
967 690 1249 743 πλείοσιν
1285 686 1485 742 αὐτῶν
1530 689 1867 755 εὐδόκησεν
1914 691 1947 742 ὀ

368 776 513 839 Θεός
531 793 544 805 ·
572 770 1074 838 κατεστρώθησαν
1101 771 1209 839 γὰρ
1235 770 1304 823 ἐν
1323 769 1399 838 τῇ
1426 770 1640 840 ἐρήμῳ.
1671 770 1863 825 Ταῦτα
1880 770 1950 824 δέ

364 858 541 911 τύποι
584 853 755 924 ’ἡμῶν
793 851 1192 921 ἐγενήθησαν,
1241 855 1330 918 εἷς
1368 853 1435 906 τὸ
1478 852 1564 922 μὴ
1597 848 1752 907 εἶναι
1790 851 1951 922 ἡμᾶς

362 936 734 1006 ἐπιθυμητὰς
766 935 986 999 κακῶν,
1022 934 1215 1000 καθὼς
1246 935 1512 990 κάκεῖνοι
1536 936 1945 1005 ἐπεθύμησαν·

360 1020 519 1088 μηδέ
535 1017 972 1085 εἰδωλολάτραις
1008 1018 1300 1084 γίνεσθαι,
1326 1016 1517 1084 καθώς
1541 1035 1699 1082 τινες
1726 1018 1947 1077 αὐτῶν,

361 1103 571 1172 ὥσπερ
611 1101 960 1171 τέγριιπταν
1015 1098 1332 1155 Ἐκάθισεν
1355 1103 1388 1154 ό
1417 1101 1565 1166 λαὸς
1590 1100 1821 1170 φαγεῖν,
1850 1099 1949 1153 καί

362 1184 719 1251 ἀνέστησαν
736 1182 843 1236 τοῦ
871 1180 1117 1242 παίζειν.
1151 1180 1317 1248 Μηδέ
1339 1183 1737 1250 πορνεύωιιεν,
1760 1183 1951 1247 καθώς

362 1283 527 1332 τινες
549 1263 751 1322 αὐτῶν
780 1262 935 1335 [250]
961 1264 1362 1330 ἐπόρνευσαν,
1387 1266 1483 1317 καὶ
1506 1264 1734 1319 ἔπεσον
1755 1265 1825 1317 ἐν
1841 1262 1951 1334 μιᾷ

361 1348 578 1417 ἡμέρᾳ.
609 1346 960 1415 εἰκοσιτρεῖς
988 1345 1276 1416 χιλιάδες.
1322 1347 1492 1414 Μηδέ
1521 1346 1952 1416 ἐκπειράζωμεν

364 1433 476 1486 τὸν
495 1430 773 1499 Χριστὸν,
813 1428 1008 1494 καθώς
1036 1445 1197 1494 τινες
1239 1429 1437 1484 αὐτῶν
1468 1431 1820 1498 ἐπείρασαν,
1850 1429 1950 1483 καί

362 1515 490 1572 ὑπὸ
528 1514 646 1568 τῶν
706 1513 901 1581 ὄφεων
942 1512 1276 1567 ἀπώλοντο.
1343 1513 1509 1580 Μηδὲ
1560 1512 1947 1584 γογγύζωμεν,

361 1597 563 1663 καθώς
585 1613 746 1661 τινες
763 1592 962 1649 αὐτῶν
981 1595 1345 1664 ἐγόγγυσαν.
1372 1596 1471 1650 καὶ
1499 1596 1810 1650 ἀπώλοντο
1830 1594 1950 1650 ὑπὸ

363 1683 479 1737 τοῦ
508 1677 888 1748 ὀλοθρευτοῦ.
920 1678 1032 1731 Καὶ
1058 1679 1205 1731 δοκεῖ
1233 1681 1332 1749 μὲν
1360 1676 1498 1732 εἶναι
1531 1680 1679 1749 σαφῆ
1709 1680 1776 1732 τὰ
1804 1677 1952 1746 λεγό-

368 1782 533 1834 μενα,
561 1762 789 1833 παρέχει
819 1761 877 1814 δέ
919 1777 1041 1814 τινα
1086 1761 1410 1833 διαπόρησιν
1455 1763 1516 1815 οὐ
1556 1761 1653 1832 τὴν
1681 1760 1951 1830 τυχοῦσαν

361 1851 482 1911 τοῖς
515 1846 862 1918 προσέχουσι.
910 1843 1023 1897 Καὶ
1066 1844 1175 1914 γὰρ
1222 1845 1371 1909 ἀξιον
1416 1845 1648 1915 ζητῆσαι
1693 1844 1908 1916 πρῶτον
1934 1883 1949 1909 ,

361 1931 517 1993 τίνος
571 1930 757 1982 ἐνεκεν
804 1927 905 1991 τὰς
950 1926 1186 1990 παλαιὰς
1250 1927 1416 1991 αὐτὸς
1489 1929 1893 1998 ἐμνημόνευσεν
1924 1939 1950 1968 ι

368 2012 636 2083 ἱστορίας,
663 2012 728 2064 ἐκ
754 2011 912 2073 ποίας
946 2010 1265 2074 ἀκολουθίας
1295 2012 1424 2082 περί
1451 2011 1814 2064 εἰδωλοθύτων
1840 2010 1955 2062 δια-

361 2096 662 2166 λεγόμενος
707 2095 788 2156 εἰς
825 2091 1034 2163 ταύτην
1074 2092 1296 2146 ἐνέπεσε
1325 2095 1424 2163 τὴν
1457 2092 1727 2164 διήγησιν,
1756 2093 1824 2146 τά
1861 2093 1954 2146 ἐπὶ

361 2181 474 2249 τῆς
505 2179 715 2250 ἐρήμου
758 2175 941 2247 φέρων
983 2178 1064 2239 είς
1107 2176 1292 2246 μέσον.
1348 2176 1424 2229 Οὐ
1453 2176 1563 2248 γὰρ
1588 2177 1794 2241 ἁπλῶς,
1830 2177 1954 2230 ούδέ

361 2264 447 2328 ὡς
479 2262 689 2332 ἔτυχεν,
713 2263 743 2314 ὁ
779 2260 1048 2331 μακάριος
1079 2261 1287 2323 ἐκεῖνος
1313 2260 1630 2329 φθέγγεται,
1660 2260 1796 2313 ἀλλά
1819 2259 1956 2330 μετὰ

365 2345 574 2415 πολλῆς
595 2344 695 2414 τῆς
725 2341 1049 2406 ἀκολουθίας
1087 2343 1182 2396 καὶ
1214 2342 1420 2413 ἀκριϐῆ
1452 2343 1723 2413 διατηρῶν
1754 2358 1958 2396 παντα-

365 2427 474 2500 χοῦ
505 2429 614 2481 τῶν
637 2426 729 2481 ὑπ’
762 2423 929 2480 αὐτοῦ
956 2423 1264 2495 λεγομένων
1292 2425 1391 2495 τὴν
1426 2425 1764 2495 συμφωνίαν.
1798 2425 1957 2487 Τίνος

362 2508 469 2566 οὖν
506 2510 714 2571 ἐνεκεν,
754 2508 849 2561 καὶ
881 2507 1045 2560 πόθεν
1074 2509 1155 2570 εἰς
1181 2507 1387 2578 ταύτην
1421 2508 1646 2561 ἐνέπεσε
1676 2508 1774 2579 τὴν
1810 2508 1953 2560 ίστο-

366 2596 533 2668 ρίαν;
578 2592 840 2663 Ἐπετίμα
870 2594 984 2656 τοῖς
1010 2591 1197 2656 ἀπλῶς
1238 2593 1333 2645 καὶ
1373 2591 1743 2657 ἀνεξετάστως
1781 2593 1861 2654 εἰς
1889 2591 1958 2645 τὰ

365 2678 568 2732 εῖδωλα
592 2674 842 2741 εἰσιοῦσι,
866 2676 959 2728 καί
983 2675 1182 2744 μιαρᾶς
1205 2674 1629 2742 ἀπογενομένοις
1653 2674 1954 2746 τραπέζης,

365 2764 470 2817 καὶ
504 2758 870 2817 εἰδωλοθύτων
898 2757 1247 2826 ἁπτομένοιςο
1284 2759 1379 2810 καί
1415 2755 1616 2822 δείξας,
1651 2759 1734 2811 ὅτι
1761 2757 1956 2827 διπλῆν

365 2845 486 2899 ἀπὸ
530 2842 625 2897 τοῦ
678 2843 1004 2911 πράγματος
1051 2839 1385 2909 ὑπομένουσι
1435 2838 1639 2910 βλάϐην
1661 2880 1674 2903 ,
1724 2838 1847 2903 τούς
1897 2856 1957 2891 τε

364 2927 622 2989 ἀσθενεῖς
664 2925 1012 2995 πλήττοντες,
1047 2925 1143 2977 καὶ
1192 2923 1347 2977 αὐτοὶ
1392 2924 1642 2977 κοινωνοὶ
1683 2923 1958 2993 δαιμόνων

365 3013 670 3082 γινόμενοι,
693 3008 788 3063 καὶ
817 3006 1177 3070 καταστείλας
1205 3007 1385 3061 αὐτῶν
1420 3006 1621 3071 ἱκανῶς
1653 3006 1721 3060 τὰ
1752 3007 1956 3076 φρονή-

371 3111 522 3165 ματα
550 3093 638 3146 διά
664 3090 773 3144 τῶν
805 3088 1112 3160 ἔμπροσθεν
1147 3089 1475 3160 εἰρημένων,
1515 3090 1609 3142 καὶ
1639 3088 1955 3150 παιδεύσας,

366 3179 456 3232 ὅτι
483 3179 566 3230 δεῖ
592 3174 683 3228 τὸν
718 3171 908 3226 πιστὸν
938 3171 1013 3242 μὴ
1039 3173 1101 3224 τὸ
1125 3170 1321 3224 ἑαυτοῦ
1355 3171 1572 3241 βλέπειν
1607 3172 1788 3243 μόνον,
1824 3171 1960 3224 άλλά

370 3262 471 3315 καὶ
503 3260 565 3312 τὸ
592 3257 702 3311 τῶν
730 3254 962 3317 πολλῶν,
999 3254 1324 3325 βουλόμενος
1350 3255 1536 3318 αὐτοῖς
1568 3256 1835 3308 ἐπιτεῖναι
1870 3255 1961 3306 τὸν

368 3342 574 3412 φόϐον,
612 3338 858 3395 παλαιῶν
895 3337 1094 3398 αὐτοὺς
1126 3338 1537 3408 ἀναμιμνήσκει
1581 3337 1957 3409 διηγημάτων,

386 3425 606 3495 Ἐπειδὴ
643 3422 755 3493 γὰρ
789 3423 986 3476 ἐκεῖνοι
1021 3419 1165 3489 μέγα
1196 3421 1477 3492 ἐφρόνουν,
1511 3420 1587 3484 ώς
1616 3421 1821 3480 πιστοὶ,
1865 3421 1961 3473 καὶ

369 3509 584 3577 πλάνης
613 3502 1041 3571 ἀπαλλαγέντες,
1070 3502 1166 3556 καὶ
1203 3502 1457 3571 γνώσεως
1506 3502 1957 3568 καταξιωθέντες,

369 3591 472 3645 καὶ
500 3589 607 3642 τῶν
656 3587 986 3661 ἀπορρήτων
1022 3587 1453 3658 κοινωνήσαντες
1497 3585 1833 3657 μυστηρίων,
1866 3587 1961 3638 καὶ

371 3674 516 3745 πρὸς
546 3669 823 3743 βασιλείαν
850 3668 1095 3738 οὐρανῶν
1121 3669 1434 3739 κληθέντες,
1462 3670 1631 3736 δεῖξαι
1666 3669 1854 3730 θέλων,
1879 3670 1960 3723 ὅτι

368 3755 580 3810 τούτων
619 3753 811 3823 ὄφελος
843 3752 1023 3812 οὐδὲν,
1054 3751 1121 3806 ἀν
1172 3753 1247 3824 μὴ
1298 3753 1542 3807 πολιτεία
1591 3755 1768 3823 προσῇ
1822 3771 1961 3823 συμ-

372 3838 629 3909 φωνοῦσα
660 3838 727 3907 τῇ
752 3834 989 3906 τοσαύτη
1011 3834 1222 3906 χάριτι,
1256 3837 1321 3890 ἐκ
1347 3836 1581 3899 παλαιᾶς
1606 3836 1803 3898 αὐτοὺς
1830 3852 1960 3888 παι-

371 3920 519 3975 δεύει
552 3919 813 3990 ἱστορίας.

449 4003 516 4074 β’.
532 4001 694 4055 ’Λλλά
725 4002 820 4054 καὶ
843 3999 999 4053 τοῦτο
1026 3999 1158 4053 αὐτὸ
1189 3998 1350 4053 πάλιν
1379 3998 1578 4068 πολλῆς
1604 3998 1764 4069 γέμει
1793 3999 1963 4071 ζητή-

376 4104 535 4149 σεως.
572 4086 728 4148 Τίνος
761 4085 948 4137 ἐνεκεν
984 4083 1085 4136 ούκ
1116 4082 1227 4136 ἀπὸ
1250 4082 1361 4136 τῶν
1383 4084 1479 4135 τοῦ
1506 4081 1743 4153 Χριστοῦ
1779 4082 1960 4153 ῥημά-

374 4186 486 4222 των
524 4170 710 4231 αὐτοῖς
736 4166 1043 4235 διαλέγεται
1084 4164 1192 4217 τῶν
1225 4167 1283 4218 ἐν
1309 4165 1628 4235 Εύαγγελίῳ
1667 4166 1958 4234 κειμένων,

374 4251 498 4306 οὐδὲ
522 4252 744 4321 γεέννης
772 4250 968 4314 αὐτοὺς
999 4251 1425 4321 ἀναμιμνήσκει,
1457 4250 1552 4303 καὶ
1578 4249 1801 4312 σκότους
1832 4249 1962 4313 ἐξω-

375 4336 559 4407 τέρου,
594 4335 688 4387 καὶ
720 4332 1000 4403 σκώληκος
1030 4332 1261 4397 ἰοϐόλου,
1298 4334 1393 4386 καὶ⁷
1414 4331 1631 4403 δεσμῶν
1654 4332 1958 4398 ἀθανάτων,

377 4418 476 4472 καὶ
523 4417 693 4487 πυρὸς
738 4415 833 4470 τοῦ
867 4415 1272 4486 ἡτοιμασμένον
1323 4413 1400 4484 τῷ
1443 4414 1675 4484 διαϐόλῳ
1725 4414 1961 4478 καὶτοῖς

378 4502 630 4570 ἀγγέλοις
658 4499 846 4564 αὐτοῦ,
876 4501 971 4553 καὶ
1010 4499 1105 4553 τοῦ
1161 4498 1408 4569 βρυγμοῦ
1450 4499 1561 4551 τῶν
1589 4500 1836 4562 ὀδόντων,
1870 4500 1963 4552 καὶ

378 4586 488 4638 τῶν
512 4584 684 4637 ἄλλων
706 4584 811 4636 τῶν
826 4582 1154 4655 ἀπορρήτων
1172 4581 1445 4634 κολάσεων
1464 4596 1479 4644 ;
1511 4582 1573 4633 Εἰ
1596 4582 1705 4653 γὰρ
1726 4583 1963 4651 φοϐῆσαι

376 4666 651 4730 ἐϐούλετο,
693 4665 800 4718 ἀπὸ
833 4667 940 4718 τῶν
974 4665 1236 4734 μειζόνων
1260 4662 1421 4715 τοῦτο
1447 4663 1673 4732 ποιῆσαι
1701 4663 1828 4728 ἔδει,
1861 4666 1962 4717 οὐκ

378 4750 492 4805 ἀπὸ
509 4750 620 4804 τῶν
648 4750 707 4802 ἐν
733 4752 801 4820 τῇ
833 4749 1045 4821 ἐρήμῳ.
1088 4748 1316 4801 Ἐκεῖνοι
1349 4746 1448 4817 μὲν
1482 4746 1611 4816 γὰρ,
1648 4749 1696 4800 εἰ
1725 4749 1820 4801 καὶ
1843 4749 1966 4800 ἐκο-

375 4832 678 4904 λάσθησαν,
712 4833 826 4886 ἀλλ’
855 4830 1205 4902 ἡμερώτερον
1245 4832 1339 4883 καί
1372 4830 1744 4899 προσκαίρως,
1775 4830 1871 4883 καὶ
1904 4831 1963 4883 ἐν

373 4917 567 4987 ἡμέρᾳ
596 4917 694 4987 μιᾷ
712 4933 726 4946 ’
778 4910 934 4969 οὗτοι
957 4915 1014 4968 δὲ
1042 4915 1287 4968 ἀθάνατα
1319 4913 1571 4983 μέλλουσι
1603 4912 1960 4984 τιμωρεῖσθαι

375 5000 477 5053 καὶ
517 4998 893 5070 χαλεπώτερα.
946 4997 1104 5061 Τίνος
1144 4993 1236 5050 οὖν
1278 4996 1462 5049 ’ένεκεν
1510 4997 1717 5050 ἐκεῖθεν
1765 4998 1963 5061 αὐτοὺς

375 5081 668 5151 ἐφόϐησεν,
697 5081 820 5134 οὐδὲ
846 5080 1121 5151 ἀνέμνησε
1148 5080 1256 5132 τῶν
1281 5080 1375 5132 τοῦ
1401 5080 1637 5144 Χριστοῦ
1663 5079 1960 5149 ρημάτων;

380 5164 493 5217 Καὶ
522 5165 631 5236 γὰρ
674 5163 908 5235 ἠδύνατο
957 5162 1137 5230 λέγειν
1183 5162 1320 5233 πρὸς
1354 5164 1552 5226 αὐτούς
1573 5180 1588 5194 ο
1626 5163 1701 5215 Οὐ
1737 5163 1875 5216 θέλω
1906 5163 1963 5215 δέ

378 5247 523 5316 ὑμᾶς
555 5248 793 5316 ἀγνοεῖν,
836 5245 1076 5313 ἀδελφοὶ,
1127 5247 1269 5307 οἴους
1313 5247 1343 5298 ὁ
1384 5245 1616 5319 Χριστὸς
1663 5245 1826 5315 ἔθηκε
1872 5245 1963 5299 νό-

382 5345 518 5399 μους
544 5331 672 5402 περὶ
701 5330 808 5383 τῶν
841 5328 1024 5383 πίστιν
1053 5329 1150 5398 μὲν
1179 5328 1411 5399 ἐχόντων
1436 5368 1451 5389 ,
1492 5328 1604 5399 βίον
1647 5328 1703 5380 δὲ
1744 5328 1963 5400 ἄριστον

377 5413 481 5464 οὐκ
517 5411 1001 5481 ἐπιδεικνυμένων.
1043 5411 1157 5465 Καὶ
1193 5411 1300 5481 γὰρ
1339 5410 1594 5480 θαύματα
1630 5412 1966 5481 ποιήσαντας

383 5494 723 5566 ἀνθρώπους,
754 5496 849 5550 καὶ
881 5495 1216 5566 προφητείαν
1246 5494 1718 5563 ἐπιδεικνυμένους
1744 5492 1963 5558 ἐξέϐαλε

378 5578 478 5645 τῆς
510 5579 787 5647 βασιλείας
817 5579 926 5631 τῶν
957 5576 1224 5648 οὐρανῶν,
1253 5576 1458 5644 λέγων*
1494 5576 1721 5631 Πολλοὶ
1755 5577 1964 5643 ἐροῦσι

375 5677 478 5729 μοι
508 5663 577 5715 ἐν
601 5663 804 5729 ἐκείνῃ
839 5661 913 5729 τῇ
934 5660 1145 5729 ἡμέρᾳ,
1188 5661 1385 5728 Κύριε,
1420 5662 1615 5729 Κύριε,
1655 5662 1725 5715 οὐ
1759 5658 1838 5726 τῷ
1874 5659 1966 5724 σῷ

380 5742 627 5812 ὀνόματι
650 5744 929 5814 δαιμόνια
949 5742 1334 5812 ἐξεϐάλομεν,
1359 5742 1458 5796 καί
1485 5742 1566 5806 τῷ
1603 5743 1693 5809 σῷ
1720 5745 1964 5814 ὀνόματι

441 5854 468 5885 ⁸
486 5848 601 5900 Duo
616 5863 734 5901 mss.
757 5854 841 5907 τῆς
861 5847 1065 5904 παλαιᾶς
1091 5846 1260 5903 αὐτοὺς
1282 5846 1561 5910 ἀνέμνησεν.

1224 413 1292 469 IN
1318 415 1577 473 DICTUM
1610 412 1838 482 PAULI,
1866 412 2051 468 ΝΟΜ.)
2085 411 2223 469 VOS
2259 413 2635 484 IGNORARE,
2668 416 2824 475 ETC.

3523 415 3588 469 2ιί
3603 414 3629 467 1

2052 524 2601 592 προεφητεύσαμεν.
2636 526 2734 578 καὶ
2770 523 3055 593 δυνάμεις
3079 482 3313 588 παίλὰς
3344 524 3635 593 ἐποιήσα-

2044 621 2197 674 μεν;
2229 606 2339 658 Καὶ
2374 606 2507 659 τότε
2547 608 2905 676 ὁμολογήσω
2945 608 3169 673 αὐτοῖς,
3207 608 3491 675 Ὑπάγετε
3528 609 3631 663 ἀπ’

2048 688 2219 756 ἐμοῦ,
2243 691 2354 742 οὐκ
2376 687 2507 742 οἶδα
2536 690 2709 758 ὑμᾶς,
2736 693 2789 743 οἱ
2810 691 3181 760 ἐργαζόμενοι
3204 690 3320 758 τὴν
3351 692 3628 760 ἀνομίαν.

2052 772 2162 824 Καὶ
2186 772 2285 834 τὰς
2308 772 2607 842 παρθένους
2627 773 2683 825 δέ
2709 774 2805 842 οὐχ
2830 774 2968 846 ὑπὲρ
2998 774 3234 836 πίστεως
3267 774 3512 843 ἐγκαλῶν
3536 776 3632 830 καὶ

2049 853 2354 925 δογμάτων,
2394 855 2509 908 ἀλλ’
2559 857 2699 925 ὐπέρ
2751 856 2901 927 [251]
2957 857 3072 927 βίου
3106 857 3506 929 διεφθαρμένου
3540 862 3633 913 καὶ

2049 937 2446 1007 ἀπανθρωπίας
2508 939 2602 991 καί
2654 939 2968 1010 ὠμότητος,
3016 941 3308 993 ἀπέκλεισε
3354 942 3447 993 τοῦ
3494 958 3631 1011 νυμ-

2052 1021 2261 1091 φῶνοςο
2298 1023 2393 1077 καὶ
2427 1022 2517 1076 τὸν
2550 1023 2619 1076 τὰ
2656 1023 2878 1094 ῥυπαρά
2921 1024 3268 1095 ἐνδεδυμένον
3316 1024 3525 1094 ἱμάτια,
3546 1023 3635 1076 διά

2049 1103 2207 1158 τοῦτο
2253 1105 2536 1176 δεδεμένον
2568 1104 2843 1170 ἐξέϐαλεν,
2894 1108 2992 1159 οὐκ
3027 1105 3214 1177 ἐπειδὴ
3258 1106 3503 1176 δόγματα
3535 1106 3635 1158 οὐκ

2052 1182 2194 1257 εἶχεν
2222 1188 2378 1258 ὀρθὰ,
2410 1188 2526 1241 ἀλλ’
2554 1189 2741 1260 ἐπειδὴ
2771 1189 2887 1258 βίον
2912 1188 3155 1260 ῥυπαρὸν
3186 1190 3277 1242 καὶ
3299 1188 3630 1261 ἀκάθαρτον·

2053 1271 2145 1322 καὶ
2186 1269 2281 1333 οὓς
2328 1270 2613 1323 ἐκέλευσεν
2645 1272 2726 1334 είς
2750 1270 2812 1325 τὸ
2858 1270 2966 1342 πῦρ
3010 1270 3372 1340 ἀπενεχθῆναι
3394 1272 3461 1342 ςιὸ
3485 1274 3634 1342 ἡτοι-

2056 1330 2332 1422 μασμένον
2377 1353 2454 1424 τῷ
2496 1330 2726 1423 διαϐόλω
2770 1330 3001 1412 καὶτοῖς
3034 1330 3286 1422 ἀγγέλοις
3336 1330 3521 1417 αύτοῦ,
3571 1354 3633 1406 οὐ

2052 1434 2140 1487 διὰ
2181 1434 2340 1488 τοῦτο
2386 1434 2631 1507 ἐπεμψεν
2675 1438 2811 1496 ἐκεῖ,
2850 1435 3036 1507 ἐπειδὴ
3081 1437 3179 1506 τῆς
3227 1437 3463 1498 πίστεως
3492 1431 3635 1506 ἦσαν

2053 1517 2491 1581 ἐκπεπτωκότες,
2517 1517 2632 1570 ἀλλ’
2664 1517 2854 1587 ἐπειδὴ
2879 1517 3134 1571 οὐδέποτε
3158 1519 3345 1572 οὐδένα
3373 1519 3632 1588 ἠλέησαν.

2053 1600 2269 1654 Τούτων
2296 1600 2513 1655 πάντων
2545 1603 2637 1655 καὶ
2660 1603 2769 1655 τῶν
2813 1601 3069 1655 τοιούτων
3095 1604 3286 1665 αὐτοὺς
3324 1602 3636 1672 ἀναμνῆσαι

2052 1683 2282 1752 ἠδύνατο
2305 1728 2321 1751 ,
2372 1686 2466 1738 καὶ
2509 1687 2683 1738 εἰπεῖν
2704 1702 2717 1717 ο
2767 1685 2841 1738 Οὐ
2896 1685 3033 1738 θέλω
3082 1685 3138 1738 δέ
3191 1687 3336 1756 ὑμᾶς
3382 1686 3594 1753 ἀγνοεῖν
3617 1726 3634 1753 ,

2054 1768 2310 1837 ἀδελφοὶ,
2358 1769 2440 1822 ὅτι
2474 1762 2620 1821 οὗτοι
2653 1768 2851 1833 πάντες
2886 1770 2979 1821 καί
3009 1768 3384 1839 βαπτίσματος
3423 1769 3633 1839 ἔτυχον,

2054 1850 2150 1903 καὶ
2206 1850 2518 1921 μυστηρίων
2584 1850 2985 1921 ἐκοινώνησαν,
3048 1852 3143 1904 καὶ
3201 1852 3383 1904 πίστιν
3438 1851 3638 1921 πολλὴν

2054 1934 2413 1998 ἐπεδείξαντο,
2445 1935 2541 1986 καὶ
2592 1932 2794 2000 γνῶσιν
2838 1929 2983 2003 εἶχον
3027 1934 3474 2005 ἀπηρτισμένην·
3522 1934 3639 1987 ἀλλ’

2055 2015 2241 2085 ἐπειδὴ
2285 2017 2398 2085 βίον
2431 2017 2490 2068 οὐ
2527 2015 2801 2086 παρέσχον
2834 2019 2901 2086 τῇ
2954 2016 3133 2068 πίστει
3169 2017 3465 2086 συνᾴδοντα
3486 2058 3500 2080 ,
3534 2018 3636 2084 τῆς

2058 2095 2332 2166 βασιλείας
2365 2097 2733 2168 ἐξεϐλήθησαν
2754 2137 2768 2161 ,
2805 2099 2900 2150 καὶ
2943 2098 3022 2167 τῷ
3055 2099 3190 2168 πυρὶ
3237 2097 3636 2170 παρεδόθησαν.

2057 2180 2212 2245 Τίνος
2240 2178 2333 2235 οῦν
2358 2181 2548 2233 ἕνεκεν
2592 2180 2653 2232 οὐ
2687 2179 2861 2233 ταῦτα
2892 2177 3066 2238 εἶπεν.
3098 2181 3232 2235 ἀλλὰ
3260 2184 3433 2236 ταῦτα
3463 2182 3641 2237 πάντα

2056 2265 2236 2332 ἀφεὶς,
2266 2263 2408 2317 οὕτω
2437 2261 2553 2327 πώς
2587 2279 2772 2334 φησιν·
2811 2265 2892 2317 Οὐ
2916 2263 3070 2318 θέλω
3095 2263 3163 2316 δέ
3190 2263 3345 2332 ὑμᾶς
3374 2264 3637 2333 ἀγνοεῖν,

2055 2345 2306 2415 ἁδελφοί
2327 2387 2342 2411 ,
2389 2345 2479 2399 ὅτι
2526 2348 2580 2399 οί
2613 2346 2866 2414 πατέρες
2916 2345 3087 2414 ἡμῶν
3120 2344 3347 2412 πάντες
3374 2345 3497 2406 ὑπὸ
3522 2346 3642 2414 τὴν
3670 2349 3687 2375 ⁸

2056 2429 2322 2498 νεφέλην
2346 2425 2526 2498 ἦσαν,
2558 2429 2654 2482 καί
2679 2428 2788 2482 τῶν
2812 2430 3092 2493 Μωῦσέως
3113 2430 3311 2492 αὐτοὺς
3337 2431 3642 2502 ἀναμιμνή-

2059 2531 2225 2579 σκων,
2247 2515 2316 2566 τὰ
2338 2513 2432 2566 ἐπὶ
2456 2513 2556 2582 τῆς
2585 2516 2804 2584 χάριτος
2825 2512 2961 2576 τέως
2989 2515 3249 2583 σιγήσας;
3289 2514 3401 2583 Οὐχ
3427 2513 3637 2581 ἁπλῶς,

2056 2596 2177 2650 ούδέ
2215 2596 2343 2650 ἄνευ
2393 2594 2552 2663 λόγου
2596 2595 2741 2658 τινὸς
2772 2595 2933 2647 τοῦτο
2959 2598 3134 2649 ποιεῖ·
3184 2594 3384 2666 πολλῆς
3410 2596 3518 2668 γάρ
3549 2614 3640 2651 σο-

2057 2678 2187 2746 φίας
2204 2674 2274 2748 ἦν
2300 2677 2731 2749 πεπληρωμένος
2749 2717 2763 2731 .
2805 2676 2967 2730 Ἀλλά
2989 2677 3042 2730 τί
3068 2677 3291 2747 δήποτε,
3318 2679 3412 2731 καὶ
3435 2678 3525 2732 διὰ
3548 2679 3636 2745 τίς

2058 2762 2214 2812 Δυοῖν
2237 2760 2401 2813 ἕνεκα
2418 2758 2650 2812 τούτων·
2684 2758 2820 2829 ὁμοῦ
2841 2776 2897 2812 τε
2927 2759 3105 2812 αὐτῶν
3148 2758 3466 2830 βουλόμενος
3506 2761 3640 2815 καθ-

2059 2840 2297 2910 άψασθαι
2335 2840 2555 2911 μᾶλλον,
2589 2842 2685 2894 καὶ
2722 2842 2894 2907 δεῖξαι
2938 2841 3039 2911 τῆς
3081 2841 3322 2906 Παλαιᾶς
3368 2843 3641 2914 Διαθήκης

2060 2923 2197 2992 πρὸς
2247 2923 2347 2990 τὴν
2392 2923 2597 2991 Καινὴν
2656 2923 2855 2994 πολλὴν
2920 2919 3085 2976 οὖσαν
3139 2924 3239 2995 τὴν
3298 2926 3640 2994 συγγένειαν.

2073 3004 2290 3075 Ἐπειδὴ
2318 3005 2428 3075 γὰρ
2457 3004 2643 3057 πολλοὶ
2666 3005 2776 3057 τῶν
2806 3004 3126 3074 ἀνθρώπων,
3156 3008 3205 3059 οί
3234 3006 3332 3076 μὲν
3352 3010 3419 3079 τῇ
3448 3007 3644 3080 γεέννῃ

2060 3086 2426 3150 διαπιστοῦσι,
2457 3088 2553 3140 καὶ
2578 3089 2699 3141 οὐδὲ
2731 3082 2871 3140 εἶναι
2900 3088 3119 3141 κόλασιν
3147 3089 3478 3158 νομίζουσιν,
3506 3091 3644 3145 ἀλλὰ

2060 3171 2153 3225 τὸν
2181 3171 2314 3225 Θεὸν
2344 3170 2530 3233 ἁπλῶς
2560 3171 2744 3223 ἐνεκεν
2767 3170 2932 3239 φόϐου
2963 3171 3057 3223 καὶ
3088 3172 3466 3240 σωφρονισμοῦ
3491 3171 3645 3227 ταῦτ’

2063 3254 2444 3325 ἠπειληκέναι,
2491 3252 2750 3324 σκώληκα
2792 3253 2884 3306 τὸν
2929 3252 3303 3322 ἀτελεύτητον,
3346 3255 3408 3307 τὸ
3439 3254 3552 3326 πῦρ
3584 3255 3645 3308 τὸ

2063 3338 2344 3401 ἄσϐεστον,
2378 3337 2441 3390 τὸ
2483 3337 2673 3399 σκότος
2704 3336 2766 3388 τὸ
2797 3335 3078 3406 ἐξώτερον,
3111 3340 3222 3399 tot;
3258 3336 3315 3390 δὲ
3346 3337 3648 3408 παρελθοῦ-

2065 3438 2149 3473 σιν
2176 3420 2277 3473 οὐκ
2305 3420 2517 3489 ἔχουσιν
2551 3419 2866 3488 ἀπιστῆσαι.
2918 3419 2998 3471 Τά
3029 3418 3136 3488 γὰρ
3162 3419 3509 3487 γεγενημένα
3527 3419 3645 3483 πῶς

2061 3503 2127 3554 ἄν
2159 3519 2241 3565 τις
2287 3501 2503 3554 δύναιτο
2550 3499 2727 3567 λέγειν
2783 3501 2857 3569 μὴ
2909 3500 3197 3566 γενέσθαι;
3252 3501 3373 3563 Τοῖς
3406 3501 3506 3570 μὲν
3534 3499 3643 3572 γὰρ

2061 3585 2272 3638 οὐδέπω
2297 3586 2564 3652 φανεῖσιν,
2596 3583 2716 3636 οὐδέ
2750 3585 2828 3646 είς
2860 3582 3020 3652 ἔργον
3045 3582 3350 3648 ἐξελθοῦσίν
3376 3586 3481 3637 εἰσι
3516 3585 3644 3638 πολ-

2062 3667 2145 3720 λοὶ
2177 3669 2227 3720 οί
2253 3666 2680 3728 διαπιστοῦντες,
2724 3668 2837 3728 τοῖς
2869 3665 2924 3717 δέ
2952 3666 3340 3736 γεγενημένοις
3374 3667 3467 3720 καὶ
3493 3667 3645 3731 τέλος

2061 3751 2328 3821 εἰληφόσι,
2356 3749 2457 3802 κᾶν
2482 3749 2737 3819 μυριάκις
2756 3765 2839 3810 τις
2860 3748 3148 3811 ἀνεύθυνος
3170 3744 3203 3823 ᾖ
3233 3749 3328 3803 καὶ⁵
3350 3749 3641 3821 ἀγνώμων,

2061 3831 2206 3894 οῦτε,
2238 3834 2288 3885 εἰ
2324 3831 2628 3903 βουληθείη,
2679 3830 2962 3900 δυνήσεταί
2999 3846 3130 3882 ποτε
3184 3833 3453 3887 ἀπιστεῖν.
3511 3834 3645 3888 ’Δπὸ

2060 3918 2169 3969 τῶν
2202 3915 2408 3985 σφόδρα
2446 3912 2897 3983 ὡμολογημένων,
2940 3912 3035 3965 καὶ
3070 3913 3227 3975 τέλος
3264 3912 3516 3982 ἐχόντων,
3549 3918 3645 3969 καὶ

2063 3993 2138 4054 ὧν
2177 3998 2348 4052 πολλὰ
2378 3997 2532 4065 μένει
2560 3995 2629 4049 τὰ
2654 3996 2901 4065 λείψανα,
2935 3994 3182 4065 βούλεται
3214 3996 3410 4060 αὐτοὺς
3435 3998 3643 4051 πιστώ-

2066 4082 2258 4136 σασθαι
2287 4081 2417 4152 περί
2453 4079 2551 4150 τῆς
2594 4077 2689 4132 τοῦ
2726 4078 2861 4131 Θεοῦ
2902 4077 3317 4149 δικαιοκρισίας,
3360 4082 3645 4152 μονονουχὶ

2062 4165 2234 4233 λέγων
2255 4183 2267 4195 ο
2303 4166 2368 4217 Εἰ
2398 4162 2472 4233 μὴ
2498 4162 2735 4233 νομίζεις
2765 4156 2902 4214 εἶναι
2933 4162 3177 4229 γέενναν,
3213 4162 3348 4233 μηδέ
3372 4163 3640 4232 τιμωρίαν

2063 4249 2162 4303 καὶ
2202 4247 2457 4309 κόλασιν,
2499 4245 2612 4299 ἀλλ’
2645 4245 2830 4308 ἁπλῶς
2862 4246 2951 4298 τὸν
2993 4244 3125 4297 Θεὸν
3165 4244 3544 4315 ἠπειληκέναι,
3573 4245 3645 4298 τά

2065 4330 2405 4403 παρελθόντα
2434 4329 2928 4400 ἀναλογισάμενος,
2975 4329 3069 4383 καὶ
3097 4331 3209 4390 τοῖς
3246 4328 3498 4399 μέλλουσι
3549 4329 3643 4381 πί-

2066 4433 2240 4470 στευε.
2290 4416 2352 4469 Εἰ
2377 4414 2486 4486 γὰρ
2524 4416 2552 4467 ὁ
2591 4413 2753 4476 αὐτός
2795 4415 2910 4464 ἐστι
2951 4411 3101 4474 Θεὸς,
3130 4413 3157 4464 ό
3184 4412 3276 4464 καὶ
3304 4411 3373 4464 τὰ
3405 4412 3644 4482 πρότερα

2046 4501 2159 4563 ’καὶ
2187 4499 2258 4552 τὰ
2281 4498 2376 4552 νῦν
2406 4496 2726 4567 οἰκονομῶν,
2758 4496 2852 4547 καὶ
2888 4494 2956 4545 τέι
2999 4495 3091 4545 ἐπὶ
3123 4494 3221 4562 τῆς
3247 4493 3512 4557 Παλαιᾶς,
3549 4496 3645 4549 καὶ

2064 4583 2133 4636 τὰ
2161 4584 2254 4635 ἐπὶ
2293 4581 2391 4650 τῆς
2435 4581 2679 4649 χάριτος,
2724 4576 2912 4645 ὥσπερ
2953 4571 3045 4628 οῦν
3088 4576 3181 4627 καὶ
3214 4574 3361 4627 ἐστιν
3392 4577 3420 4628 ὁ
3458 4577 3640 4641 αὐτὸς,

2065 4668 2216 4719 ποῖον
2246 4663 2313 4717 ἂν
2339 4664 2451 4733 ἔχοι
2479 4662 2666 4728 λόγον,
2708 4657 2948 4719 ἐκείνους
2984 4657 3081 4727 μὲν
3111 4659 3518 4728 ἁμαρτάνοντας
3547 4679 3641 4714 κο-

2062 4748 2224 4802 λάσαι
2263 4746 2358 4800 καὶ
2391 4741 2841 4815 τιμωρήσασθαι,
2870 4742 3015 4810 ἡμᾶς
3041 4741 3100 4794 δέ
3124 4741 3314 4806 ταῦτα,
3338 4744 3432 4797 καὶ
3466 4744 3644 4815 πολλῷ

2063 4828 2419 4902 χαλεπώτερα
2439 4826 2659 4879 ἐκείνων
2683 4823 2970 4885 πταίοντας
2991 4824 3368 4897 ἀτιμωρήτους
3392 4827 3605 4896 ἀφεῖναι
3624 4847 3643 4895 ;

2077 4910 2297 4984 Ἐρωτῶ
2318 4909 2495 4962 τοίνυν
2515 4924 2530 4939 '
2561 4907 2892 4977 ἐπόρνευσαν
2941 4906 2992 4959 οί
3041 4906 3302 4971 Ἰουδαῖοι,
3332 4909 3425 4962 καὶ
3457 4911 3646 4966 ἐκολάε⁸

2067 4994 2307 5067 σθησαν;
2369 4992 2672 5060 ἐγόγγυσαν
2699 5030 2713 5048 ,
2766 4990 2860 5067 καὶ
2906 4989 3362 5061 ἐτιμωρήθησανς
3406 4991 3644 5064 ’Δνάγκη

2026 5086 2041 5103 ‘
2066 5078 2214 5132 πᾶσα
2235 5074 2582 5146 ὁμολογῆσαι.
2608 5072 2730 5134 Πῶς
2753 5066 2844 5123 οῦν
2864 5072 2891 5123 ὀ
2908 5072 3359 5144 τιμωρησάμενος
3380 5074 3642 5139 ἐκείνους,

2068 5160 2128 5213 σὲ
2156 5158 2227 5212 τὰ
2267 5158 2405 5212 αὐτά
2436 5153 2718 5226 τολμῶντα
2766 5153 3105 5224 παρόψεται;
3161 5156 3274 5208 Οὐκ
3319 5156 3384 5209 ἂν
3420 5157 3531 5226 ἔχοι
3560 5156 3646 5209 λό-

2064 5260 2159 5311 γον
2180 5243 2230 5296 b.
2291 5239 2430 5293 Ἀλλ’
2474 5239 2575 5291 οὐκ
2609 5235 2816 5299 ἔδωκας
2856 5236 3010 5307 δίκην
3042 5236 3307 5303 ἐνταῦθα;
3353 5238 3451 5290 Διά
3488 5239 3648 5291 τοῦτο

2069 5321 2301 5392 μάλιστα
2330 5320 2550 5371 πίστευε
2578 5315 2802 5384 γέενναν
2835 5311 2975 5367 εἶναι
3020 5315 3114 5367 καὶ
3163 5315 3381 5367 κόλασιν
3402 5354 3415 5376 ,
3456 5315 3647 5387 ἐπειδὴ

2064 5404 2220 5476 δίκην
2267 5400 2500 5456 ἐνταῦθα
2533 5401 2633 5452 οὐκ
2679 5397 2905 5460 ἔδωκας.
2958 5396 3020 5448 Εἰ
3059 5395 3166 5464 γὰρ
3196 5395 3273 5465 μὴ
3313 5394 3508 5465 ἔμελλέ
3559 5413 3647 5460 τις

2065 5486 2390 5541 ἀποκεῖσθαι
2437 5482 2574 5554 μετὰ
2603 5481 2776 5534 ταῦτα
2803 5476 3061 5548 τιμωρία,
3102 5478 3201 5528 οὐκ
3244 5476 3309 5532 ἂν
3349 5478 3417 5531 τὰ
3460 5478 3642 5533 αὐτάο

2127 5604 2156 5645 δ
2188 5602 2340 5654 savil.
2368 5601 2416 5650 in
2434 5611 2585 5659 marg.
2613 5594 2747 5645 addit
2780 5593 2983 5648 ἐκείνους
3023 5592 3105 5699 μὲν
3124 5594 3475 5655 ἁμαρτάνοντας
3499 5597 3648 5646 κολά-

2127 5684 2144 5699 η.
2191 5669 2317 5699 επιτρ
2338 5665 2386 5699 xz
2409 5658 2579 5699 mnta-
2612 5656 2768 5699 καίτοι
2787 5655 2950 5699 πολλῶ
2991 5670 3022 5699 α
3042 5655 3277 5699 σγοὸτεοα
3303 5655 3648 5699 ἐργασαμένους

2066 5683 2168 5724 σαι,
2191 5669 2318 5728 ἡμᾶς
2338 5665 2391 5712 δὲ
2409 5655 2579 5717 ταῦτα,
2612 5656 2768 5704 καίτοι
2787 5655 2950 5716 πολλῷ
2991 5655 3277 5718 αἱσχρότερα
3303 5655 3649 5718 ἐργασαμέγσυς

2102 5727 2113 5744 ς
2214 5729 2229 5744 ς
2254 5728 2265 5740 .
2286 5741 2350 5744 an

2065 5729 2415 5835 ωοκῼὲἓῖξᾶ.
2428 5780 2667 5841 Sicyecte
2684 5776 2792 5841 god.
2808 5789 2951 5837 unus,
2969 5776 3108 5837 cujus
3126 5773 3416 5838 scripturam
3435 5778 3649 5841 vulgata:

2066 5847 2278 5902 τοιαῦτα,
2302 5838 2660 5893 substituimus.
2688 5834 2817 5887 EDIT.
