4006 6476
312 418 426 474 965

316 551 477 607 quam
506 534 692 593 eadem
711 548 830 605 quae
849 533 921 588 illi
945 533 1149 603 priores
1173 547 1356 597 ausus,
1382 532 1580 587 inultus
1599 532 1907 588 mansisses.

317 630 399 683 Tu
437 643 567 700 ergo
605 628 650 682 si
675 625 979 698 quempiam
1009 622 1427 694 deprehenderis
1455 624 1669 679 mollem
1689 666 1704 690 ,
1735 623 1912 678 disso-

323 721 525 784 lutum,
553 717 886 787 multamque
936 714 1210 771 lasciviam
1242 714 1583 771 exhibentem
1606 756 1621 782 ,
1655 715 1741 784 qui
1772 714 1916 769 dicat

322 810 447 877 tibi,
499 809 627 865 Haec
669 817 794 862 sunt
843 806 1066 873 fabulm;
1113 821 1220 862 non
1250 817 1334 862 est
1361 807 1712 878 supplicium,
1743 821 1916 877 neque

321 904 602 975 gehenna,
634 901 728 958 sed
760 901 901 956 Deus
944 900 1059 955 hzec
1085 899 1281 955 frustra
1315 900 1545 955 terrendi
1576 914 1735 954 causa
1764 915 1915 954 com-

322 996 554 1051 minatus
584 1003 698 1061 est,
743 993 1010 1064 responde
1052 993 1127 1047 illi
1158 1010 1173 1047 :
1205 992 1411 1060 Homo,
1438 1009 1543 1047 non
1570 993 1745 1048 credis
1775 992 1915 1047 futu-

320 1087 399 1143 ris
416 1128 435 1155 ,
474 1087 600 1158 quia
627 1100 733 1141 non
766 1094 1053 1156 apparent,
1080 1100 1253 1155 neque
1278 1084 1330 1139 in
1355 1085 1534 1139 medio
1557 1085 1639 1139 vel
1665 1084 1763 1139 sub
1784 1099 1916 1139 ocu-

325 1178 391 1233 lis
421 1187 545 1232 sunt
573 1176 857 1232 constituta
887 1191 902 1230 :
928 1190 1055 1230 num
1083 1184 1236 1246 potes
1266 1174 1423 1230 fidem
1451 1189 1645 1246 negare
1667 1174 1765 1241 iis,
1799 1190 1917 1245 qme

324 1268 462 1324 facta
492 1268 761 1338 finemque
788 1268 977 1322 sortita
1006 1267 1176 1321 sunt?
1201 1266 1387 1337 Cogita
1416 1266 1704 1322 Sodomam
1731 1274 1785 1322 et
1811 1267 1919 1322 Go-

324 1359 781 1431 motbam.Regio
808 1360 898 1413 illa
945 1360 1089 1414 nulla
1119 1360 1220 1414 alia
1245 1360 1314 1414 de
1351 1373 1509 1414 causa
1559 1371 1734 1415 tantas
1773 1360 1919 1415 dedit

327 1465 545 1521 ranas,
569 1465 730 1521 quam
757 1450 898 1521 quod
930 1451 1120 1505 incolas
1141 1450 1257 1521 ejus
1288 1451 1499 1507 illicitos
1547 1453 1719 1507 coitus
1766 1451 1918 1507 indu-

324 1550 517 1595 xerunt
541 1582 558 1608 ,
582 1541 991 1613 illegitimosque
1020 1556 1253 1609 amores,
1284 1557 1347 1598 ae
1375 1550 1578 1597 natura:
1606 1544 1749 1613 leges
1776 1543 1920 1599 radi-

321 1632 460 1685 citus
498 1631 895 1687 subverterunt.
940 1631 1050 1700 Qua
1082 1631 1240 1702 igitur
1269 1634 1477 1689 ratione
1509 1633 1620 1689 fieri
1651 1635 1819 1705 possit
1864 1644 1920 1690 ut

322 1723 468 1779 Deus
506 1722 646 1779 idem
677 1723 791 1795 ipse
824 1739 967 1779 nunc
1012 1725 1101 1794 qui
1145 1733 1271 1780 tunc
1314 1735 1463 1790 erat,
1489 1725 1610 1781 illos
1638 1736 1920 1796 peccantes

319 1815 445 1871 sine
483 1814 634 1871 venia
688 1815 959 1886 punierit,
1004 1823 1056 1872 te
1104 1833 1231 1872 vero
1270 1819 1358 1888 qui
1388 1828 1506 1889 post
1537 1817 1656 1873 illos
1685 1813 1918 1889 peccasti

321 1917 379 1964 et
418 1907 624 1978 majore
660 1906 850 1979 dignus
890 1922 950 1964 es
987 1909 1219 1973 ultione,
1261 1910 1382 1979 quia
1420 1910 1642 1980 gratiam
1699 1909 1920 1965 sortitus

320 2016 407 2067 es,
427 2015 598 2072 neque
625 1999 837 2055 illorum
858 2001 1119 2071 supplicio
1139 2001 1472 2069 emendatus,
1495 2002 1720 2056 inultum
1741 2001 1919 2056 sinat?

398 2095 452 2150 5.
487 2093 740 2148 Probatur
758 2096 990 2149 eumdem
1012 2111 1120 2150 esse
1148 2093 1283 2149 Novi
1309 2113 1370 2149 ac
1402 2094 1590 2151 Veteris
1620 2094 1921 2151 Testamenti

322 2184 514 2240 Deum.
541 2215 616 2226 —
645 2185 876 2256 Ideoque
907 2186 1135 2251 Paulus,
1170 2185 1428 2241 nihildum
1467 2186 1535 2242 de
1557 2187 1801 2258 gehenna
1843 2187 1922 2242 l0-

321 2287 561 2348 qttutus,
608 2278 732 2349 quia
781 2278 951 2334 futura
996 2294 1024 2331 a
1055 2278 1238 2333 multis
1270 2294 1373 2332 non
1403 2279 1727 2344 creduntur,
1759 2279 1826 2333 ab
1856 2279 1921 2334 iis

323 2384 447 2439 qua:
471 2369 583 2440 jam
606 2370 972 2439 contigerant,
1005 2377 1059 2424 et
1101 2369 1293 2439 quibus
1321 2370 1395 2424 illi
1425 2370 1581 2424 lidetn
1614 2370 1917 2438 habebant,

324 2461 477 2530 ipsos
497 2460 714 2516 erudire
742 2460 878 2515 vult.
919 2460 1143 2517 Etiamsi
1191 2460 1334 2516 enim
1366 2459 1539 2515 futura
1600 2461 1919 2515 terribiliora

321 2552 464 2619 sint,
493 2551 838 2623 popularibus
877 2559 1059 2606 tamen
1100 2553 1368 2622 prmterita
1399 2560 1523 2606 sunt
1548 2551 1916 2618 credibiliora,

320 2651 381 2698 et
405 2642 524 2699 bzec
551 2643 670 2714 plus
695 2658 854 2713 quam
885 2643 975 2698 illa
1000 2643 1192 2699 terrori
1213 2653 1337 2699 sunt
1359 2643 1507 2713 ipsis.
1541 2642 1744 2699 Idcirco
1769 2658 1835 2699 ex
1859 2643 1923 2698 iis

321 2744 703 2802 argumentum
735 2742 1025 2801 mutuatur,
1048 2734 1242 2803 quibus
1272 2749 1339 2788 ne
1366 2733 1787 2803 impudentiores
1807 2734 1924 2803 qui-

322 2823 450 2879 detn
470 2822 628 2878 fidem
647 2840 840 2894 negare
861 2834 1119 2893 possunt:
1142 2824 1301 2880 simul
1318 2833 1494 2878 autem
1512 2833 1566 2880 et
1587 2824 1840 2880 Marcioni
1868 2832 1926 2879 et

325 2916 624 2971 Manichaee
648 2927 705 2972 et
733 2918 796 2972 iis
825 2917 915 2986 qui
942 2918 1053 2986 pari
1096 2917 1285 2972 morbo
1334 2916 1682 2983 laborabant,
1710 2900 1923 2970 letalem

326 3007 525 3077 infligit
548 3009 776 3078 plagam.
798 3010 854 3066 Si
885 3010 1027 3064 enim
1051 3026 1157 3065 non
1184 3019 1267 3065 est
1293 3010 1431 3065 idem
1459 3010 1665 3065 Veteris
1685 3011 1773 3081 qui
1792 3010 1921 3065 Novi

326 3100 662 3157 Tcstamenti
694 3102 833 3157 Deus
854 3145 867 3166 ,
893 3103 982 3172 qui
1007 3113 1061 3157 et
1088 3103 1174 3157 illa
1197 3104 1420 3166 monuit,
1450 3114 1503 3157 et
1529 3103 1667 3158 hanc
1698 3104 1922 3157 formam

332 3193 629 3248 traditurus
669 3201 818 3261 erat,
851 3194 1047 3250 frustra
1077 3195 1204 3250 mihi
1238 3196 1340 3251 hoc
1377 3196 1540 3261 dicis,
1574 3212 1607 3250 ο
1647 3196 1840 3261 Paule,
1872 3207 1928 3250 et

327 3285 539 3339 nullum
561 3284 897 3340 auditoribus
919 3285 1165 3340 timorem
1192 3286 1404 3341 incutis.
1427 3286 1560 3341 Nam
1581 3296 1754 3355 potest
1775 3289 1819 3340 is
1837 3288 1926 3357 qui

328 3375 483 3430 audit
515 3376 699 3430 dicere
740 3393 753 3428 :
787 3374 842 3431 Si
870 3377 1006 3431 alius
1036 3377 1158 3443 ille,
1188 3377 1325 3431 alius
1383 3378 1468 3432 hic
1508 3378 1648 3432 Deus
1680 3388 1759 3433 est
1794 3396 1807 3431 :
1845 3380 1929 3433 hic

328 3477 485 3523 certe
511 3483 618 3521 non
649 3468 942 3523 secundum
982 3468 1123 3523 illius
1146 3468 1467 3524 sententiam
1506 3469 1766 3539 judicabit
1785 3510 1799 3535 ,
1829 3485 1927 3523 ne-

330 3574 442 3628 que
488 3558 675 3613 iisdem
708 3559 1098 3629 obtentperabit
1143 3560 1365 3630 legibus.
1394 3560 1529 3628 Quid
1568 3561 1710 3615 enim
1743 3562 1788 3616 si
1822 3562 1929 3616 [)eo

334 3648 551 3704 Veteris
578 3649 738 3720 Legis
767 3652 938 3705 vismn
970 3659 1054 3706 est
1096 3666 1284 3706 omnes
1327 3653 1551 3722 punire,
1592 3667 1725 3722 quas
1754 3654 1931 3707 larvas

334 3740 572 3810 profers,
596 3743 723 3812 quid
754 3752 925 3797 terres
952 3741 1172 3796 iAlium
1202 3742 1376 3797 habeo
1393 3742 1702 3808 Dominum,
1729 3743 1816 3813 qui
1846 3758 1932 3798 me

330 3832 669 3904 indicaturus
690 3843 793 3889 est.
820 3833 1003 3905 Itaque
1024 3835 1068 3888 si
1114 3834 1248 3888 alius
1278 3832 1466 3888 fuisset
1508 3834 1751 3901 Veteris,
1794 3835 1933 3889 alius

342 3924 511 3981 Nova:
536 3925 695 3997 Legis
713 3968 729 3993 ,
756 3926 952 3981 Paulus
977 3937 1163 3982 contra
1184 3968 1199 3994 ,
1223 3941 1381 3997 quam
1412 3926 1655 3991 volebat,
1678 3924 1892 3981 fecisset
1916 3943 1928 3978 :

337 4034 449 4073 non
479 4020 638 4074 modo
665 4021 806 4075 enim
836 4034 941 4074 non
971 4019 1247 4075 terruisset
1273 4018 1569 4074 auditorem
1589 4059 1605 4086 ,
1636 4018 1732 4074 sed
1759 4019 1925 4073 etiam

335 4114 409 4169 ab
427 4115 570 4169 omni
595 4115 837 4185 angustia
862 4124 918 4169 et
946 4123 1088 4168 metu
1112 4114 1416 4179 liberasset,
1434 4113 1574 4184 quod
1597 4128 1754 4168 nemo
1775 4128 1934 4182 quan-

339 4209 466 4263 tivis
490 4209 679 4279 pretii,
710 4210 872 4264 etiam
918 4209 1176 4278 insipiens
1219 4207 1442 4271 fecerit,
1490 4206 1684 4261 nedum
1736 4206 1935 4260 Paulus

342 4314 491 4357 tanta
528 4303 718 4371 plenus
737 4302 1016 4372 sapientia.
1052 4300 1204 4357 Unde
1235 4300 1409 4370 palam
1434 4308 1518 4354 est
1541 4280 1788 4354 eun’idem
1815 4312 1938 4353 esse

344 4394 544 4461 Deum,
577 4393 743 4463 quiet
776 4392 993 4448 Judwos
1017 4391 1072 4447 in
1099 4406 1282 4447 eremo
1304 4391 1623 4461 prostravit,
1655 4402 1710 4446 et
1746 4388 1814 4445 de
1836 4405 1934 4445 no-

340 4485 428 4541 bis
467 4500 562 4541 eos
589 4484 800 4540 ulturus
843 4495 955 4552 est,
996 4484 1087 4555 qui
1136 4483 1493 4553 peccaverint.
1540 4481 1725 4551 Neque
1753 4481 1934 4547 enim,

344 4574 448 4630 nisi
479 4589 617 4629 unus
643 4582 789 4630 esset
818 4573 894 4647 (id
922 4575 1116 4628 iterum
1144 4573 1311 4644 dico),
1342 4588 1438 4642 per
1482 4588 1545 4627 ea
1582 4587 1703 4643 quae
1751 4571 1876 4626 olim
1907 4586 1937 4624 a

345 4681 408 4722 se
433 4675 581 4737 gesta
607 4675 763 4734 sunt,
794 4666 860 4721 de
898 4666 1091 4720 futuris
1138 4666 1298 4719 etiam
1348 4679 1447 4719 nos
1504 4673 1764 4730 terreret;
1814 4663 1937 4733 quia

342 4769 529 4816 autem
570 4759 710 4815 idem
741 4761 857 4830 ipse
890 4768 973 4814 est
996 4799 1011 4824 ,
1043 4757 1289 4828 supplicii
1317 4756 1806 4827 exspectationem,
1852 4752 1939 4809 cui

344 4853 640 4909 contradici
660 4853 877 4923 nequit,
910 4852 1041 4923 ipsis
1072 4849 1318 4917 induxit,
1362 4848 1653 4904 ostendens
1693 4856 1940 4902 metuen—

344 4947 474 5002 dum
500 4945 1002 5016 formidandumque
1026 4959 1168 5001 esse.
1197 4943 1298 5012 Qui
1346 4942 1487 4997 enim
1519 4950 1700 5011 patres
1727 4952 1942 4995 nostros

349 5051 639 5112 peccantes
664 5041 807 5096 ultus
836 5048 957 5106 est,
987 5054 1093 5093 non
1140 5037 1324 5107 utique
1367 5035 1521 5090 nobis
1564 5041 1744 5104 parcet
1796 5032 1943 5101 paria

350 5134 716 5205 peccantibus.
762 5132 882 5187 .lam
922 5145 1102 5202 operte
1151 5130 1381 5200 pretium
1422 5128 1581 5184 fuerit.
1623 5125 1941 5198 principium

348 5226 674 5281 narrationis
700 5232 948 5294 repetere
968 5264 984 5289 ,
1010 5233 1066 5278 et
1089 5223 1229 5277 dicta
1261 5222 1466 5292 singula
1492 5236 1615 5277 cum
1657 5219 1806 5275 omni
1849 5233 1942 5272 ac-

347 5316 630 5373 curatione
653 5316 982 5371 examinare.
1006 5313 1146 5368 Nolo
1166 5323 1333 5367 autem
1352 5329 1438 5366 vos
1461 5315 1718 5383 ignorare,
1737 5314 1940 5381 fratres.

352 5406 651 5477 Discipulos
681 5418 839 5462 vocat
860 5406 1088 5471 fratres;
1115 5420 1220 5460 non
1246 5404 1520 5474 dignitatis
1538 5444 1554 5469 ,
1582 5402 1676 5457 sed
1708 5401 1945 5456 caritatis

350 5499 572 5553 nomine
621 5499 770 5568 ipsos
813 5498 1163 5568 compellans.
1217 5495 1434 5551 Sciebat
1489 5495 1670 5559 enim,
1702 5494 1945 5562 apprime

351 5590 535 5659 utique
551 5590 790 5656 sciebat,
820 5591 943 5645 huic
964 5588 1307 5660 appellationi
1331 5587 1539 5656 aequale
1563 5586 1694 5640 nihil
1717 5600 1838 5642 esse
1854 5625 1870 5651 ,
1891 5592 1947 5640 et

350 5680 640 5735 maximam
663 5679 937 5750 dignitatis
965 5680 1195 5748 speciem
1217 5718 1234 5743 ,
1273 5678 1505 5747 speciem
1536 5692 1657 5732 esse
1681 5676 1941 5731 caritatis.

352 5771 466 5826 lloc
492 5781 671 5826 autem
702 5772 850 5841 prius
877 5783 931 5826 et
960 5786 1061 5825 uos
1111 5768 1403 5823 imitemur.
1460 5767 1681 5821 Etiamsi
1727 5766 1944 5837 quidam

353 5873 601 5917 nostrum
629 5861 784 5917 valde
836 5862 1116 5917 inferiores
1144 5858 1281 5925 sint,
1317 5860 1461 5928 ipsos
1507 5858 1788 5916 ministerii
1842 5874 1939 5914 no-

1179 414 1244 470 IN
1284 413 1537 472 DlCTUM
1578 414 1802 472 PAULI.
1829 414 2012 472 ΝΟιο
2051 415 2179 474 VOS
2219 417 2589 488 IGNORARE,
2634 421 2785 480 ETC.

3502 431 3608 486 2ίὸ

2024 534 2167 594 mine
2193 537 2592 607 compellemus,
2613 555 2717 592 non
2747 540 2918 594 soluat
2947 540 3165 607 liberos,
3195 541 3287 597 sed
3317 543 3473 596 etiam
3499 558 3612 596 ser-

2020 639 2146 690 vos;
2175 640 2279 680 non
2307 628 2479 683 solum
2500 629 2711 698 divites,
2735 630 2827 686 sed
2850 634 3007 685 etiam
3037 648 3297 702 pauperes
3323 651 3336 687 :
3366 635 3607 704 quando-

2022 715 2235 784 quidem
2283 725 2338 772 et
2382 717 2580 775 Paulus
2618 735 2725 774 non
2756 721 2927 776 solum
2956 721 3354 778 Corinthiorum
3383 723 3609 791 divites,

2022 805 2221 864 liberos
2249 819 2301 864 et
2328 813 2646 881 cormpicuos
2675 823 2728 868 et
2754 814 2997 884 nobiles,
3028 816 3124 872 sed
3166 817 3327 872 etiam
3382 820 3614 885 privatos

2022 901 2445 971 etdomestieos,
2469 915 2522 961 et
2544 921 2736 962 omnes
2763 907 3223 964 iudism-iminatitn
3255 911 3351 966 hac
3368 911 3609 982 appella-

2025 990 2167 1045 tione
2216 991 2512 1049 houoravit.
2564 995 2695 1050 Nam
2720 996 2771 1050 in
2821 997 3035 1053 Christo
3061 998 3185 1054 Jesu
3225 1015 3396 1070 neque
3425 1014 3612 1056 servus

2022 1094 2197 1151 neque
2226 1082 2377 1149 liber,
2402 1100 2506 1138 non
2531 1084 2784 1142 barbarus
2802 1127 2817 1153 ,
2838 1104 2942 1143 non
2973 1089 3170 1161 Scytha
3194 1132 3212 1157 ,
3235 1106 3340 1144 non
3361 1092 3598 1160 sapiens,

2026 1187 2201 1243 neque
2226 1175 2483 1245 insipiens
2505 1177 2649 1248 (Gal.
2675 1181 2728 1235 5.
2757 1180 2828 1235 28
2855 1181 2897 1252 ),
2926 1181 3019 1237 sed
3048 1182 3223 1236 omnis
3245 1182 3513 1237 sareularis
3531 1183 3615 1237 di-

2022 1265 2239 1334 guitatis
2295 1267 2626 1337 inmqualitas
2663 1271 2870 1326 sublata
2926 1281 3024 1329 est.
3075 1272 3275 1343 Ecquid
3324 1274 3515 1328 mirum
3559 1275 3604 1330 si

2026 1354 2221 1410 Paulus
2245 1371 2535 1414 conservos
2560 1361 2639 1415 sic
2666 1362 3029 1432 appellaverit,
3047 1364 3258 1434 quando
3280 1373 3335 1419 et
3360 1365 3627 1420 Dominus-

2023 1447 2138 1516 cjus
2156 1458 2397 1502 naturam
2429 1459 2663 1505 nostram
2692 1453 2769 1507 sic
2786 1455 3011 1519 vocavit,
3038 1454 3120 1508 his
3142 1454 3319 1509 verbis
3342 1473 3355 1510 :
3376 1452 3616 1508 Narrabo

2028 1555 2209 1593 nomen
2241 1550 2382 1594 tuum
2412 1543 2656 1612 fratribus
2682 1545 2823 1610 meis,
2851 1545 2905 1599 in
2936 1545 3100 1601 medio
3123 1543 3368 1600 Ecclesz
3395 1544 3615 1600 laudabo

2025 1643 2073 1687 te
2099 1631 2267 1704 (l’sal.
2289 1633 2381 1688 2|.
2410 1634 2501 1707 25)
2530 1637 2553 1687 ’ἒ
2587 1635 2771 1706 Neque
2803 1648 3005 1693 tantum
3046 1653 3143 1693 nos
3174 1638 3366 1693 fratres
3384 1639 3615 1703 vocavit,

2025 1724 2117 1779 sed
2145 1734 2198 1779 et
2218 1726 2332 1796 ipse
2362 1723 2528 1782 frater
2564 1743 2686 1783 esse
2707 1739 2888 1784 noster
2909 1730 3076 1784 Voluit
3094 1771 3109 1795 ,
3137 1740 3191 1784 et
3217 1744 3340 1784 vere
3368 1727 3465 1782 fuit
3491 1743 3613 1782 cum

2026 1831 2243 1872 carnem
2294 1829 2531 1873 nostram
2588 1821 2792 1887 induit,
2841 1835 2898 1877 et
2925 1831 3135 1876 natura:
3164 1830 3361 1876 nostra:
3398 1834 3622 1875 consors

2028 1910 2197 1964 factus
2248 1920 2350 1965 est.
2403 1910 2556 1977 Quod
2608 1912 2777 1982 ipsum
2806 1914 3080 1969 admirans
3122 1914 3319 1969 Paulus
3363 1912 3619 1968 dicebat:

2030 2001 2151 2057 Non
2179 2003 2313 2057 enim
2335 2005 2542 2075 angelos
2570 2006 2903 2077 apprehendit
2927 2006 3100 2075 Deus,
3127 2007 3215 2063 sed
3253 2023 3425 2063 semen
3462 2007 3626 2060 Abru-

2026 2091 2107 2147 Itaz
2128 2094 2494 2165 apprehendit;
2526 2097 2662 2150 unde
2699 2097 2869 2153 debuit
2913 2115 3004 2169 per
3029 2099 3199 2152 omnia
3225 2098 3465 2170 fratribus
3490 2098 3623 2152 assi-

2025 2187 2197 2240 milari
2222 2185 2418 2260 (Hebr.
2449 2188 2505 2242 2.
2548 2188 2634 2244 16.
2679 2190 2803 2260 17).
2836 2189 2904 2244 ΕΙ.
2932 2206 3142 2245 rursum
3170 2208 3183 2244 :
3221 2190 3475 2257 Quoniam
3508 2204 3626 2242 vero

2026 2277 2173 2348 pueri
2199 2278 2626 2349 participaverunt
2653 2280 2795 2334 carni
2819 2288 2865 2334 et
2885 2280 3157 2351 sanguini,
3179 2279 3414 2335 similiter
3449 2289 3494 2332 et
3517 2278 3624 2347 ipse

2027 2371 2348 2441 participavit
2373 2370 2551 2425 iisdem
2567 2372 2691 2438 ipsis
2722 2370 2882 2441 (Ibid.
2907 2387 2956 2424 υ.
2984 2371 3093 2441 M).

2103 2458 2334 2514 Proximi
2357 2460 2559 2516 honeste
2583 2461 2940 2532 compellandi.
2962 2459 3228 2515 Transitus
3255 2477 3344 2530 per
3359 2475 3497 2513 mare
3520 2459 3624 2513 Ru-

2027 2550 2170 2604 brum
2201 2550 2437 2621 baptismi
2459 2561 2629 2622 typus.
2659 2581 2731 2592 --
2761 2551 2886 2607 llaec
2919 2566 3083 2622 porro
3115 2551 3294 2606 omnia
3320 2549 3624 2613 audientes,

2026 2642 2383 2712 arrOgantiatn
2410 2684 2423 2705 ,
2455 2640 2645 2697 fastum
2669 2651 2724 2697 et
2767 2643 3069 2712 superbiam
3096 2642 3388 2713 quamlibet
3411 2657 3476 2696 ex
3512 2642 3627 2694 aui-

2030 2732 2131 2787 mis
2162 2732 2357 2787 nostris
2383 2733 2722 2789 eliminemus
2772 2751 2786 2788 :
2816 2732 2869 2788 id
2911 2748 3120 2788 summo
3150 2731 3327 2787 studio
3354 2744 3626 2794 curemus,

2029 2830 2087 2878 ut
2113 2822 2355 2892 obsequii
2386 2832 2440 2878 et
2486 2823 2708 2879 honoris
2760 2824 3067 2879 nominibus
3116 2824 3387 2892 proximos
3414 2829 3627 2877 nostros

2030 2914 2435 2983 contpellemus.
2462 2914 2611 2970 Licet
2641 2916 2783 2970 enim
2805 2916 2907 2970 hoc
2934 2914 3167 2970 officium
3201 2913 3345 2984 parvi
3367 2912 3625 2967 momenti

2030 3020 2151 3058 esse
2181 3004 2444 3069 videatur,
2475 3020 2663 3076 magna
2707 3015 2881 3060 tamen
2908 3006 3050 3075 parit
3075 3005 3213 3059 bona
3242 3021 3256 3057 :
3282 3002 3630 3074 quemadmo-

2030 3096 2156 3151 dum
2186 3104 2240 3151 et
2265 3099 2568 3166 Oppositum
2592 3098 2784 3151 multas
2814 3096 3141 3161 inimicitias,
3174 3096 3295 3150 lites
3323 3102 3377 3150 et
3406 3105 3627 3148 conten-

2035 3190 2208 3244 tiones
2235 3190 2550 3260 plerumque
2577 3191 2800 3258 peperit.
2833 3188 3017 3259 Neque
3046 3187 3147 3243 hoc
3172 3184 3511 3241 solummodo
3539 3184 3624 3238 di-

2032 3289 2197 3346 ctum,
2230 3281 2325 3335 sed
2354 3282 2513 3335 etiam
2543 3281 2671 3335 illttd
2716 3279 2859 3350 quod
2890 3280 3149 3349 sequitur,
3192 3293 3380 3348 magna
3401 3290 3623 3331 accura-

2035 3374 2182 3429 tione
2234 3374 2566 3429 excutiamus
2625 3392 2640 3428 :
2700 3388 2872 3441 neque
2928 3372 3071 3426 enim
3130 3370 3257 3424 illud
3310 3370 3426 3424 sine
3470 3383 3630 3422 causa

2036 3465 2231 3534 posuit.
2260 3464 2394 3518 Cum
2425 3464 2568 3518 enim
2587 3463 2828 3529 dixisset,
2861 3461 2996 3515 Nolo
3023 3476 3111 3514 vos
3134 3460 3388 3531 ignorare,
3409 3462 3630 3527 fratres;

2033 3557 2248 3626 adjecit,
2303 3555 2454 3621 Quod
2501 3566 2669 3626 patres
2711 3555 2866 3608 nostri
2897 3570 3066 3607 omnes
3100 3567 3242 3607 :non
3293 3550 3446 3616 dixit,
3489 3537 3630 3619 quod

2034 3649 2228 3713 Judaei,
2261 3665 2437 3719 neque
2470 3649 2524 3714 ii,
2555 3648 2645 3717 qui
2676 3663 2741 3702 ex
2771 3646 3006 3719 Egypto
3031 3645 3233 3715 egressi
3257 3643 3505 3708 fuerant;
3533 3641 3629 3696 sed

2036 3740 2196 3811 quid?
2224 3739 2406 3795 Patres
2434 3740 2594 3793 nostri
2637 3756 2844 3805 omnes;
2875 3738 3034 3792 simul
3063 3752 3211 3790 suam
3240 3734 3499 3790 exhibens
3532 3733 3633 3786 hu-

2036 3831 2339 3895 militatem,
2369 3844 2489 3884 cum
2526 3843 2710 3883 eorum
2756 3829 3127 3897 cognationem
3162 3840 3267 3880 nou
3314 3824 3633 3893 dedignatus

2037 3930 2140 3988 est,
2162 3922 2263 3977 etsi
2289 3928 2493 3974 tantum
2536 3922 2781 3988 superior
2804 3919 2997 3972 virtute
3023 3934 3038 3983 ;
3066 3924 3121 3971 et
3150 3913 3509 3984 impudentem
3537 3928 3635 3967 eo-

2037 4031 2156 4070 rum
2177 4014 2411 4084 linguam
2438 4028 2718 4078 coercens,
2742 4012 2833 4081 qui
2867 4011 3108 4066 Veterem
3130 4008 3325 4079 Legem
3347 4007 3636 4062 criminan-

2040 4119 2148 4163 tur.
2189 4107 2374 4177 Neque
2412 4106 2555 4161 enim
2587 4106 2633 4161 si
2684 4104 2889 4160 odisset
2933 4104 3098 4170 illam,
3154 4100 3638 4155 honorabilioribus

2040 4201 2184 4255 illaut
2215 4199 2519 4255 nominibus
2554 4206 3052 4261 commemorasset,
3081 4209 3200 4250 cum
3231 4194 3309 4248 illi
3332 4207 3520 4247 omnes
3545 4193 3635 4261 qui

2044 4300 2168 4348 tunc
2218 4291 2463 4346 vixerant
2516 4288 2872 4345 criminationi
2921 4298 3105 4343 essent
3152 4285 3391 4342 obnoxii.
3430 4283 3636 4338 Omnes.

2041 4385 2224 4457 Neque
2246 4383 2375 4440 illud
2405 4392 2607 4438 temere
2641 4381 2835 4451 posuit,
2870 4379 3076 4445 Omnes,
3116 4392 3292 4448 neque
3315 4389 3636 4445 supervaca-

2045 4492 2166 4541 nee,
2200 4475 2295 4531 sed
2340 4489 2530 4545 magna
2568 4487 2690 4529 cum
2732 4471 3016 4541 sapientia.
3060 4468 3244 4538 Neque
3297 4482 3419 4522 cum
3470 4465 3638 4521 semel

2045 4570 2289 4634 dixisset,
2333 4566 2382 4620 id
2435 4573 2616 4636 postea
2666 4563 2861 4627 tacuit;
2892 4561 2984 4616 sed
3011 4568 3066 4615 et
3104 4559 3185 4614 bis
3208 4569 3263 4613 et
3295 4568 3375 4613 ter
3403 4566 3458 4612 et
3494 4572 3640 4626 smpe

2047 4657 2430 4731 pronuntiavit,
2471 4664 2531 4710 ut
2571 4654 2780 4709 ediscas
2819 4652 2966 4707 illum
2995 4665 3100 4705 nou
3132 4648 3491 4720 perfunctorie
3536 4647 3639 4701 hoc

2046 4751 2353 4824 protulisse.
2385 4747 2519 4802 Cum
2543 4745 2766 4800 dixisset
2785 4742 2949 4807 enim,
2975 4741 3126 4809 Quod
3155 4750 3322 4811 patres
3344 4738 3504 4793 nostri
3523 4753 3638 4791 om-

2047 4862 2134 4900 nes
2155 4843 2246 4899 sub
2276 4842 2405 4896 nube
2433 4843 2660 4911 fuerunt,
2705 4835 2920 4906 adjecit,
2952 4833 3016 4888 Et
3057 4849 3229 4888 onmes
3251 4848 3341 4903 per
3368 4846 3506 4884 mare
3531 4826 3641 4882 Ru-

2048 4936 2195 4990 brum
2217 4933 2544 4995 transierunt,
2571 4938 2619 4983 et
2642 4944 2813 4983 omnes
2837 4928 2892 4981 in
2922 4925 2980 4980 Μ
2983 4941 3155 4997 oysem
3175 4924 3569 4994 baptizatisunt,
3593 4929 3642 4975 et

2048 5044 2221 5083 omnes
2246 5024 2470 5079 eamdem
2495 5037 2661 5077 escam
2687 5018 3001 5090 spiritualem
3024 5016 3370 5081 comederunt,
3397 5023 3441 5069 et
3465 5028 3639 5068 omnes

2048 5118 2275 5174 eumdem
2309 5126 2481 5188 potum
2501 5112 2818 5184 spiritualem
2859 5111 3104 5166 biberunt.
3136 5107 3342 5165 Audisti
3378 5106 3644 5177 quomodo

2050 5226 2194 5281 smpe
2225 5208 2375 5275 illud,
2411 5206 2619 5272 Omnes,
2651 5202 2930 5274 posuerit?
2958 5201 3109 5270 Quod
3133 5213 3468 5270 nequaquam
3492 5197 3643 5252 fecis-

2050 5312 2153 5366 set,
2178 5300 2278 5355 nisi
2321 5313 2572 5368 magnum
2598 5296 2721 5363 quid
2761 5303 2814 5348 et
2843 5292 3085 5348 mirabile
3114 5290 3424 5361 mysterium
3454 5285 3642 5340 subiu-

2050 5398 2230 5453 dicare
2259 5394 2534 5450 voluisset.
2570 5390 2626 5447 Si
2673 5391 2814 5443 enim
2846 5385 3156 5451 simpliciter
3194 5378 3484 5451 posuisset,
3511 5377 3642 5431 satis

2051 5499 2166 5548 erat
2212 5489 2264 5544 id
2305 5485 2469 5543 semel
2514 5484 2714 5538 dictum
2760 5489 2940 5549 postea
2970 5484 3166 5537 tacere,
3220 5480 3276 5525 et
3303 5471 3381 5526 sic
3413 5467 3640 5524 dicere:

2051 5583 2203 5652 Quod
2257 5592 2433 5650 patres
2463 5574 2629 5630 nostri
2657 5582 2845 5624 omnes
2882 5565 2978 5620 sub
3014 5563 3153 5617 nube
3191 5561 3422 5652 fuerunt.
3468 5566 3523 5614 et
3549 5572 3646 5628 per

2054 5650 2201 5729 mare
2246 5668 2593 5725 transierunt,
2632 5671 2685 5715 et
2731 5660 2780 5712 in
2810 5656 3044 5727 Moysetn
3102 5650 3353 5720 baptizati
3391 5656 3517 5704 sunt
3540 5686 3559 5713 ,
3589 5655 3642 5701 et

2053 5763 2297 5820 eamdem
2326 5771 2502 5813 escam
2555 5749 2881 5822 spiritualem
2913 5742 3280 5806 comederunt,
3311 5749 3366 5796 et
3394 5737 3642 5794 eumdem

2057 5862 2237 5925 potum
2260 5845 2586 5919 spiritualem
2604 5842 2870 5898 biberunt.
2896 5836 3045 5894 Nunc
3064 5842 3241 5889 autem
3263 5847 3371 5890 non
3399 5832 3469 5886 ita
3488 5829 3643 5895 dixit,
