4006 6480
417 391 522 445 247

411 509 505 563 sed
555 507 623 561 ad
659 506 865 577 singula
914 514 1065 568 gesta
1111 503 1256 565 illud,
1306 501 1513 564 Omnes,
1558 500 1835 565 adjiciens,
1894 512 1998 549 non

415 611 634 665 parvam
660 596 817 650 nobis
842 594 1119 648 sententia:
1148 607 1257 646 sum
1278 590 1496 659 januam
1542 588 1772 657 aperuit,
1802 596 1856 639 ut
1885 585 2003 651 ejus

412 686 725 758 sapientiam
749 683 1170 748 consideremus,
1203 678 1310 735 Cur
1335 694 1465 749 ergo
1488 678 1626 733 hanc
1664 691 1850 731 vocem
1900 674 2005 728 frc-

413 788 637 847 qnenter
663 774 892 844 repetit?
920 772 989 829 Ut
1016 771 1262 826 ostendat
1287 785 1534 840 magnam
1569 783 1690 823 esse
1716 766 1872 835 Legis
1900 765 2003 819 Ve—

418 869 546 922 teris
571 882 689 920 cum
734 865 878 919 Nova
932 863 1328 934 cognationem,
1387 869 1441 914 et
1470 859 1558 913 illa
1610 857 1771 911 fuisse
1814 857 2005 909 horum

416 957 632 1025 ﬁguram
657 996 672 1018 ,
705 963 761 1009 et
793 954 1092 1008 futurorum
1122 953 1387 1006 umbram.
1425 951 1598 1018 Atque
1626 948 1849 1017 primum
1881 945 2006 1000 hinc

414 1047 815 1101 consonantiam
868 1045 1121 1100 ostendit.
1171 1042 1395 1098 Volebat
1443 1042 1584 1096 enim
1639 1040 2008 1094 demonstrare

412 1137 572 1204 quod,
604 1135 1052 1206 quemadmodum
1084 1135 1135 1188 in
1166 1132 1401 1188 Ecclesia
1434 1147 1540 1186 non
1590 1140 1673 1186 est
1717 1128 2006 1184 discrimen

413 1227 552 1280 inter
571 1242 786 1281 servum
817 1234 871 1281 et
895 1225 1147 1287 liberum,
1177 1239 1352 1293 neque
1398 1223 1540 1276 inter
1570 1222 1908 1290 peregrinum
1956 1226 2011 1272 et

413 1317 603 1376 civem.
632 1332 815 1371 senem
848 1324 903 1371 et
931 1318 1210 1384 juvenem,
1241 1315 1537 1384 sapientem
1561 1323 1615 1366 et
1647 1312 2008 1380 insipientem,

416 1408 681 1477 privatum
711 1418 766 1462 ct
796 1408 1114 1478 principem,
1145 1406 1423 1461 mulierem
1451 1414 1505 1460 et
1543 1405 1734 1469 virum,
1768 1402 1860 1458 sed
1891 1419 2009 1456 om-

416 1498 499 1551 nis
525 1506 657 1553 tetas
678 1507 731 1551 et
754 1497 1006 1566 dignitas,
1040 1506 1198 1566 atque
1237 1502 1465 1565 uterque
1494 1509 1654 1549 sexus
1682 1492 1928 1546 similiter
1957 1493 2010 1546 in

419 1587 661 1641 eamdem
692 1587 836 1640 illam
866 1602 1123 1656 aquarum
1148 1585 1405 1657 piscinam
1433 1584 1783 1648 descendunt,
1814 1598 1879 1637 ac
1901 1581 2014 1637 site

420 1690 516 1731 rex
531 1676 644 1730 sive
668 1675 950 1730 mendicus
970 1676 1156 1731 eadem
1180 1675 1482 1745 expiatione
1498 1672 1773 1728 fruuntur:
1796 1672 1846 1727 id
1869 1671 2012 1742 quod

418 1777 502 1823 est
554 1768 843 1822 maximum
875 1776 1073 1822 nostra:
1119 1767 1409 1823 nobilitatis
1435 1774 1827 1835 argumentum,
1873 1763 2014 1833 quod

421 1857 581 1912 simili
615 1859 775 1912 modo
813 1857 1116 1913 mendicum
1145 1872 1209 1912 ac
1238 1873 1470 1928 purpura
1501 1857 1749 1911 vestitum
1797 1855 1862 1909 ad
1895 1871 2013 1927 my-

420 1950 584 2004 steria
635 1948 978 2004 admittamus
1008 1991 1023 2015 ,
1078 1959 1237 2018 atque
1283 1948 1334 2002 in
1385 1947 1757 2018 mysteriorum
1810 1948 2016 2002 ratione

425 2038 557 2091 nihil
580 2036 667 2092 hic
696 2037 815 2107 plus
842 2037 932 2091 illo
958 2036 1153 2092 habeat
1183 2056 1197 2092 :
1226 2037 1305 2091 sic
1325 2047 1375 2092 et
1412 2038 1464 2091 in
1502 2036 1679 2091 Veteri
1696 2035 1835 2106 Lege
1863 2036 2013 2103 illud,

427 2128 634 2191 Omnes,
666 2128 977 2198 frequenter
1005 2129 1196 2198 posuit.
1242 2127 1424 2198 Neque
1460 2128 1601 2183 enim
1623 2127 1803 2182 dicere
1830 2137 2004 2197 potes,

424 2219 658 2291 Moysem
684 2233 783 2288 per
825 2218 1058 2283 aridam,
1094 2217 1311 2273 Judzeos
1353 2232 1481 2272 vero
1528 2233 1623 2288 per
1648 2208 1796 2273 mare
1840 2225 2017 2272 trans-

425 2309 619 2378 ivisse;
644 2325 819 2380 neque
842 2311 1130 2380 opulentos
1157 2325 1251 2381 per
1281 2309 1419 2365 hanc
1446 2310 1607 2376 viam,
1640 2324 1902 2380 pauperes
1924 2324 2020 2379 per

424 2403 608 2470 aliam,
630 2417 806 2473 neque
830 2404 1080 2459 mulieres
1115 2403 1221 2457 sub
1242 2417 1386 2469 aere,
1410 2403 1554 2457 viros
1592 2402 1692 2456 sub
1718 2402 1890 2467 nube;
1923 2401 2018 2458 sed

423 2508 612 2548 omnes
635 2508 736 2564 per
764 2509 931 2562 mare,
955 2496 1055 2551 sub
1082 2495 1223 2551 nube
1238 2508 1448 2559 omnes,
1472 2506 1526 2550 et
1556 2496 1609 2549 in
1633 2495 1870 2567 Moysem
1903 2511 2020 2549 0m-

430 2600 547 2641 nes.
593 2585 854 2653 Quoniam
897 2587 1039 2643 enim
1086 2588 1338 2642 transitus
1378 2587 1464 2642 ille
1491 2586 1652 2643 futuri
1683 2587 2019 2658 baptismatis

427 2689 583 2749 typus
613 2686 729 2733 erat
750 2719 765 2744 ,
813 2678 915 2734 hoc
946 2681 1177 2751 primum
1205 2695 1301 2748 per
1328 2677 1549 2749 ﬁguram
1579 2679 1811 2748 exprimi
1855 2694 2019 2749 opor-

425 2769 542 2834 tuit,
572 2784 764 2840 nempe
788 2785 975 2826 omnes
991 2771 1302 2826 eorumdem
1322 2781 1599 2827 consortes
1626 2771 1811 2837 fuisse,
1828 2787 2020 2842 quem-

425 2860 711 2915 admodum
740 2871 795 2918 et
824 2861 911 2919 hic
938 2877 1127 2918 omnes
1146 2864 1334 2919 eadem
1361 2865 1637 2934 a~qualitcr
1678 2866 2018 2936 participant.

430 2950 502 3004 Et
545 2951 816 3020 quomodo
837 2962 1033 3021 potest,
1089 2954 1318 3023 inquies,
1366 2954 1494 3008 illud
1536 2955 1872 3023 pm‘smttium
1903 2970 2023 3011 csse

428 3040 624 3112 typus?
646 3041 700 3098 Si
731 3044 880 3112 prius
900 3044 1150 3100 didiceris
1177 3045 1303 3115 quid
1330 3047 1401 3100 sit
1431 3057 1608 3117 typus,
1637 3046 1764 3116 quid
1796 3047 2018 3114 veritas,

431 3138 556 3184 tunc
584 3131 675 3184 tibi
700 3131 922 3200 hujusce
948 3133 1024 3187 rei
1045 3134 1307 3188 rationem
1337 3134 1572 3188 reddam.

503 3221 557 3274 4.
593 3220 878 3276 Discrinl‘en
933 3225 1065 3277 inter
1120 3225 1351 3278 umbram
1394 3235 1441 3279 et
1484 3226 1760 3280 veritatem.
1793 3258 1862 3266 —
1887 3228 2022 3296 Quid

432 3311 588 3380 igitur
629 3320 711 3367 est
758 3314 965 3384 umbra,
1005 3325 1059 3369 et
1092 3316 1220 3386 quid
1271 3316 1504 3371 veritas?
1534 3318 1665 3386 Age,
1716 3333 2022 3373 sermonem

430 3403 495 3457 ad
526 3404 782 3475 imagines
823 3406 1232 3474 transferamus,
1278 3423 1411 3478 quas
1461 3410 1693 3477 pictores
1731 3408 2021 3464 delineant.

432 3494 619 3550 Vidisti
649 3513 796 3567 smpe
818 3498 1213 3568 imperatoriam
1237 3501 1522 3571 imaginem
1543 3501 1775 3555 emrnleo
1805 3503 2022 3555 tinctam

433 3587 648 3650 colore;
679 3585 872 3641 deinde
899 3603 1029 3643 vero
1052 3590 1310 3658 pictorem
1336 3591 1484 3644 albas
1508 3591 1678 3645 lineas
1717 3591 2021 3659 ducentem,

434 3684 492 3729 et
518 3675 901 3744 Imperatorem
945 3678 1342 3749 depingentem,
1393 3688 1449 3735 et
1492 3681 1684 3735 solium
1733 3682 2022 3750 imperato-

437 3766 594 3834 rium,
621 3777 676 3822 et
696 3782 863 3838 equos
896 3769 1191 3837 adstantes,
1228 3780 1284 3826 et
1325 3773 1580 3827 satellites
1608 3781 1662 3827 et
1686 3774 1894 3828 vinctos
1925 3774 2025 3827 ho-

436 3865 546 3911 stes
573 3866 731 3927 atque
772 3858 1038 3915 subactos.
1087 3863 1339 3915 Attamen
1378 3875 1497 3915 cum
1543 3862 1692 3916 vides
1722 3861 1836 3917 hate
1888 3863 2026 3917 deli-

438 3956 593 4003 neata
625 3957 679 4004 et
718 3949 1050 4015 admnbrata,
1096 3968 1270 4022 neque
1297 3960 1464 4006 totum
1496 3953 1621 4019 scis,
1651 3967 1824 4023 neque
1860 3963 2025 4008 totum

439 4041 653 4111 ignoras
682 4059 699 4097 :
745 4041 839 4096 sed
871 4042 1141 4098 hominem
1193 4045 1334 4115 pingi
1364 4054 1418 4099 et
1445 4060 1639 4115 equum
1666 4046 1891 4101 obscure
1935 4062 2026 4102 co-

438 4133 685 4201 gnoscis;
738 4134 908 4202 qualis
932 4150 1061 4190 vero
1106 4136 1177 4190 sit
1205 4137 1496 4205 imperator
1530 4145 1586 4192 et
1629 4137 1797 4207 qualis
1836 4137 2023 4206 iustis,

442 4238 548 4276 non
584 4224 654 4277 ita
688 4227 961 4293 perspicue
991 4229 1287 4297 cognoscis,
1312 4229 1482 4283 donec
1502 4230 1761 4285 accedens
1786 4233 2026 4287 colorum

440 4312 637 4365 veritas
651 4312 1116 4369 visumcsrtiorem
1146 4315 1321 4369 faciat.
1335 4316 1482 4371 Sicut
1501 4319 1660 4387 igitur
1698 4320 1747 4372 in
1771 4320 1860 4374 illa
1893 4322 2027 4375 ima—

441 4402 564 4471 giae
593 4417 697 4457 non
719 4405 888 4474 exigis
915 4413 1083 4460 totum
1113 4416 1239 4461 ante
1264 4408 1502 4461 colorum
1524 4409 1836 4475 veritatem;
1869 4413 1962 4466 sed
1985 4412 2028 4467 si

445 4492 728 4548 obscuram
750 4496 1032 4563 quamdam
1066 4498 1139 4551 rei
1179 4498 1538 4567 eugnitionem
1568 4499 1848 4571 percipias,
1900 4502 2031 4558 satis

443 4582 739 4637 absolutam
785 4584 1195 4642 delineatianem
1247 4604 1367 4644 esse
1404 4590 1680 4646 arbitraris
1713 4611 1727 4645 :
1759 4594 1837 4649 sic
1881 4603 1935 4648 et
1965 4596 2033 4650 de

450 4669 631 4725 Veteri
656 4681 708 4727 et
742 4673 814 4728 de
835 4676 981 4730 Novo
1006 4677 1350 4734 Testamento
1374 4682 1573 4736 sentias
1627 4700 1642 4736 :
1697 4698 1869 4755 neque
1917 4700 2031 4739 om-

446 4761 714 4816 nimodam
747 4765 797 4817 in
828 4774 954 4836 typo
977 4768 1216 4825 veritatis
1241 4775 1640 4829 accurationem
1683 4789 1713 4827 a
1740 4791 1827 4829 me
1850 4778 2033 4846 requi-

446 4865 573 4916 ras;
606 4861 823 4923 tumque
852 4866 1037 4924 potero
1064 4867 1115 4912 te
1152 4859 1367 4928 docere,
1417 4879 1523 4933 quo
1550 4875 1706 4934 pacto
1751 4870 2032 4937 quamdam

448 4941 763 4998 afﬁnitatem
788 4945 1032 5002 habuerit
1059 4949 1219 5006 Vetus
1249 4968 1369 5006 cum
1396 4954 1564 5021 Novo,
1588 4966 1642 5011 et
1671 4958 1763 5012 ille
1784 4962 2035 5017 transitus

449 5047 572 5087 cum
602 5033 865 5102 baptismo
887 5046 1089 5094 nostra.
1122 5041 1233 5096 Illic
1277 5059 1410 5114 aqua
1434 5055 1487 5100 et
1512 5047 1597 5102 hic
1624 5064 1757 5119 aqua
1791 5069 1804 5105 :
1843 5051 1930 5108 hic
1959 5055 2037 5122 pi-

451 5124 622 5188 scina,
655 5125 760 5179 iilic
787 5126 1003 5197 pelagus
1037 5147 1049 5181 :
1081 5132 1169 5186 hic
1191 5148 1378 5188 omnes
1408 5136 1458 5191 in
1486 5128 1692 5207 “aquam
1726 5141 2035 5211 ingrediun-

454 5222 559 5280 tur,
588 5214 697 5269 illic
720 5216 842 5270 item
871 5232 1058 5273 omnes
1106 5239 1120 5274 :
1169 5225 1466 5280 secundum
1514 5227 1616 5284 hoc
1642 5230 1894 5287 afﬁnitas.
1948 5234 2038 5289 Vis

451 5303 667 5360 domum
691 5307 899 5366 discere
935 5310 1174 5366 colorum
1218 5316 1535 5372 veritatem?
1565 5320 1677 5376 Illic
1708 5322 1776 5377 ab
1806 5323 2038 5395 IEgypto

456 5411 552 5463 per
572 5413 717 5454 mare
738 5399 1119 5471 liberabantur,
1154 5404 1240 5459 hic
1287 5406 1355 5461 ab
1394 5409 1734 5465 idololatria:
1772 5413 1879 5467 illic
1898 5415 2038 5467 Pha-

456 5500 550 5541 rao
573 5488 1016 5561 demergebatur,
1059 5496 1146 5551 hic
1177 5497 1420 5555 diabolus
1449 5516 1462 5553 :
1496 5501 1602 5554 illic
1634 5501 1870 5573 Egyptii
1903 5522 2039 5574 [ιι-ως

460 5576 789 5646 locabantur,
838 5581 922 5636 hic
960 5594 1115 5640 vetus
1143 5589 1301 5641 homo
1332 5591 1562 5658 peccatis
1589 5604 1812 5647 onustus
1832 5594 2042 5648 defudi—

461 5675 566 5719 tuv.
621 5670 688 5724 Et
728 5672 848 5729 vide
891 5679 1260 5746 cognationem
1299 5685 1477 5751 ﬁgura:
1520 5699 1642 5738 cmn
1694 5688 1933 5752 veritate,
1982 5706 2043 5744 ac

464 5757 700 5813 veritatis
730 5777 837 5829 pra:
861 5772 985 5833 typo
1009 5768 1403 5825 excellentiam.
1451 5772 1633 5842 Neque
1658 5776 1799 5831 enim
1825 5779 2042 5833 omnino

1139 393 1197 447 S.
1237 390 1517 446 JOANNIS
1554 383 2024 444 CiliiYSOSTOMI
2056 384 2371 440 ARCHIEP.
2410 383 2954 442 CONSIANTINOP.

3611 392 3720 445 ξω

2115 497 2348 549 alienum
2375 505 2590 566 oportet
2611 511 2732 552 esse
2760 507 2941 567 typum
2969 513 3000 551 a
3026 499 3271 566 veritate,
3301 501 3541 572 alioquin
3570 504 3723 557 enim

2114 594 2266 655 typus
2292 601 2398 639 non
2421 595 2567 640 esset
2593 603 2607 639 :
2636 600 2808 655 neque
2857 603 3069 641 rursum
3102 603 3196 656 par
3220 600 3303 643 est
3323 593 3602 660 exaequari
3642 602 3724 663 ty-

2114 690 2241 744 pum
2266 677 2514 741 veritati;
2554 676 2791 746 alioquin
2826 688 2982 749 typus
3023 678 3135 748 ipsa
3165 682 3366 735 veritas
3392 692 3540 737 esset
3576 700 3593 738 :
3625 682 3726 736 sed

2113 765 2166 818 in
2201 781 2301 820 suo
2331 767 2492 821 modo
2524 774 2737 822 maneat
2761 776 2992 836 oportet,
3044 783 3217 839 neque
3258 771 3439 824 omnia
3494 771 3723 836 habeat,

2112 874 2231 927 quae
2259 859 2451 912 veritas
2475 858 2656 926 habet,
2688 874 2863 928 neque
2897 875 2929 914 a
2956 868 3068 915 toto
3101 861 3330 916 excidat.
3373 862 3428 918 Si
3460 863 3613 918 enim
3644 872 3729 918 to-

2117 958 2226 1003 tum
2255 948 2508 1012 haberet,
2553 950 2667 1019 ipsa
2705 950 2903 1003 veritas
2927 960 3108 1015 esset;
3141 952 3184 1006 si
3213 967 3243 1005 a
3275 961 3390 1007 toto
3412 953 3721 1019 excideret,

2114 1055 2221 1093 non
2250 1048 2434 1110 posset
2456 1054 2578 1094 esse
2606 1050 2791 1111 typus;
2818 1040 2913 1095 sed
2939 1051 3151 1110 oportet
3177 1050 3233 1095 ut
3258 1052 3464 1112 partem
3496 1043 3722 1109 habeat,

2117 1138 2321 1199 partem
2348 1130 2559 1185 veritati
2589 1140 2847 1186 reservet.
2894 1130 2973 1187 Nc
3001 1131 3161 1201 igitur
3198 1132 3251 1187 in
3279 1132 3461 1189 Veteri
3489 1143 3667 1189 totum
3692 1151 3725 1188 ε

2116 1233 2204 1274 me
2229 1219 2469 1289 requiras
2502 1219 2634 1275 :sed
2678 1220 2723 1274 si
2756 1235 2860 1290 qua
2895 1235 3055 1290 parva
3086 1231 3140 1275 et
3182 1223 3410 1277 obscura
3439 1224 3726 1292 acceperis

2117 1310 2417 1379 aanigmata,
2444 1318 2619 1365 tccmn
2651 1311 2788 1365 bene
2815 1321 2993 1366 actum
3043 1326 3163 1367 esse
3209 1323 3355 1382 puta.
3386 1312 3490 1368 Ubi
3536 1314 3726 1383 itaque

2120 1414 2201 1453 eat
2230 1400 2477 1468 cognatio
2506 1401 2615 1471 typi
2642 1416 2763 1455 cum
2801 1401 3063 1456 veritate?
3095 1400 3151 1454 lu
3188 1416 3253 1456 eo
3278 1404 3424 1472 quod
3453 1403 3568 1459 illic
3602 1418 3722 1456 om-

2122 1504 2236 1553 nes,
2266 1489 2352 1546 hic
2378 1490 2502 1545 item
2540 1505 2730 1546 omnes
2759 1508 2773 1543 :
2807 1491 2917 1546 illic
2947 1507 3039 1561 per
3057 1508 3272 1563 aquam,
3306 1493 3393 1548 hic
3423 1495 3592 1549 etiam
3623 1510 3724 1564 per

2119 1595 2309 1650 aquam
2345 1599 2357 1634 :
2389 1581 2521 1635 illia
2547 1582 2802 1638 servitute
2828 1583 3037 1638 liberati
3078 1592 3225 1651 sunt,
3278 1594 3333 1639 et
3377 1600 3479 1640 nos
3518 1586 3654 1640 item
3693 1604 3725 1640 a

2120 1671 2374 1726 servitute
2405 1672 2633 1740 liberati,
2668 1673 2763 1728 sed
2786 1689 2890 1728 non
2918 1673 2987 1727 ab
3014 1674 3201 1729 eadem
3234 1692 3250 1729 :
3279 1690 3401 1730 nam
3432 1676 3565 1730 illia
3595 1692 3720 1732 ser-

2120 1763 2288 1817 vitute
2316 1761 2710 1834 Egyptiorum,
2742 1778 2838 1817 nos
2863 1779 2893 1817 a
2922 1764 3179 1820 servitute
3197 1764 3504 1820 daemonum
3537 1783 3552 1819 :
3584 1767 3664 1821 illi
3688 1783 3720 1821 a

2123 1854 2381 1908 servitute
2411 1854 2791 1919 Barbarnrum,
2822 1870 2921 1910 nos
2951 1871 2980 1907 a
3003 1856 3263 1912 servitute
3290 1858 3521 1926 peccati.
3547 1857 3632 1912 Ad
3664 1859 3729 1911 li-

2123 1945 2385 2000 bertatem
2411 1946 2616 2001 reducti
2644 1957 2767 2000 sunt
2808 1947 2902 2013 illi,
2952 1957 3006 2001 et
3049 1963 3147 2001 nos
3177 1950 3363 2013 etiam,
3393 1950 3489 2004 sed
3519 1965 3630 2003 non
3657 1950 3725 2003 ad

2123 2037 2389 2104 eamdem,
2434 2038 2529 2092 sed
2559 2036 2625 2091 ad
2656 2038 2825 2093 multo
2874 2038 3290 2109 splendidiorem
3324 2055 3442 2095 nos.
3481 2040 3641 2109 Quod
3680 2042 3726 2095 si

2128 2128 2329 2199 majora
2350 2130 2463 2185 suis
2492 2139 2672 2184 nostra
2703 2139 2755 2184 et
2811 2130 3216 2198 excellentiora,
3244 2146 3313 2187 ne
3336 2140 3583 2201 stupeas.
3614 2131 3730 2186 Hoc

2124 2217 2266 2276 enim
2288 2220 2521 2276 maxime
2538 2221 2779 2276 veritatis
2807 2231 2911 2289 est,
2942 2221 3084 2292 quod
3104 2222 3175 2276 sit
3196 2234 3321 2295 typo
3347 2224 3508 2294 longe
3537 2223 3728 2278 excel-

2124 2313 2339 2375 lentior,
2373 2327 2549 2382 neque
2575 2321 2753 2367 tamen
2792 2311 2864 2366 illi
2914 2312 3217 2368 adversaria
3248 2314 3339 2379 sit,
3368 2321 3425 2369 et
3466 2329 3595 2369 cum
3628 2314 3723 2368 illo

2128 2413 2342 2475 pugnet.
2377 2403 2513 2471 Quid
2550 2412 2728 2459 autem
2757 2413 2859 2470 est,
2892 2402 3078 2459 Omnes
3106 2403 3161 2459 in
3201 2403 3431 2476 Moysen:
3469 2405 3726 2475 baptizari

2124 2504 2242 2550 sunt
2262 2494 2287 2548 ?
2308 2493 2469 2549 Forte
2512 2494 2799 2550 obscurum
2829 2495 2846 2526 ¹
2877 2502 2960 2549 est
2992 2493 3133 2564 quod
3152 2494 3348 2550 dicitur
3367 2512 3383 2563 ;
3405 2495 3502 2550 sed
3528 2496 3729 2551 clarius

2125 2586 2343 2643 efﬁcere
2370 2587 2625 2643 conabor.
2661 2587 2805 2642 Mare
2829 2596 2955 2642 tunc
2976 2597 3089 2642 erat
3108 2588 3359 2643 diii'usum
3386 2599 3515 2646 ante
3542 2590 3732 2653 oculos

2126 2694 2312 2734 eorum
2340 2688 2394 2734 et
2418 2677 2741 2748 jubebantur
2780 2678 3009 2733 transire
3055 2693 3152 2749 per
3184 2688 3498 2734 extraneam
3540 2695 3731 2749 quam-

2127 2770 2250 2826 dam
2281 2780 2336 2825 et
2360 2769 2724 2825 admirabilem
2754 2769 2915 2824 viam.
2959 2768 3128 2824 Nemo
3157 2785 3407 2839 umquam
3438 2771 3521 2826 sic
3552 2780 3731 2826 trans-

2129 2864 2282 2919 ierat.
2310 2861 2709 2917 Cunctabantur
2746 2870 2801 2916 et
2831 2861 3166 2928 recusabant,
3217 2874 3377 2933 atque
3400 2879 3547 2934 aegre
3585 2863 3729 2919 fere-

2129 2954 2276 3010 bant.
2328 2953 2599 3008 Transivit
2641 2953 2849 3024 Moyses
2901 2953 3126 3023 prinms,
3171 2962 3309 3008 etut
3333 2968 3524 3009 omnes
3575 2953 3731 3009 facile

2129 3054 2480 3114 sequerentur
2521 3042 2718 3098 eﬁ'ecit.
2754 3043 2864 3097 llnc
2910 3043 3010 3098 sibi
3052 3044 3164 3097 vult
3203 3043 3358 3109 illud,
3387 3042 3453 3098 In
3498 3043 3729 3115 Moysen»

2129 3135 2371 3206 baptizati
2397 3142 2514 3187 sunt
2530 3149 2549 3197 ;
2569 3149 2690 3188 cum
2718 3133 2790 3187 illi
2812 3132 3189 3199 credidissent,
3226 3142 3352 3187 tunc
3369 3134 3421 3187 in
3446 3149 3619 3203 aquas
3641 3134 3729 3189 illo

2128 3225 2264 3281 duce
2292 3226 2496 3295 ipsique
2517 3225 2739 3279 ﬁdentes
2761 3224 2964 3295 ingredi
2986 3224 3099 3278 ausi
3122 3234 3265 3279 sunt.
3291 3225 3403 3280 lloc
3418 3236 3472 3280 ct
3489 3227 3542 3279 in
3566 3225 3725 3282 Chri-

2130 3324 2213 3369 sto
2233 3315 2424 3369 accidit
2456 3332 2470 3368 :
2503 3330 2628 3368 cum
2659 3317 2802 3369 enim
2834 3329 2934 3369 nos
2980 3315 3282 3369 reduxisset
3309 3315 3377 3368 ab
3417 3330 3630 3380 errore,
3675 3325 3728 3369 et

2130 3406 2198 3460 ab
2219 3404 2480 3460 idolorum
2508 3405 2652 3459 cultu
2682 3404 2982 3469 liberasset,
3016 3414 3069 3458 et
3101 3405 3155 3458 in
3189 3420 3411 3476 regnum
3442 3420 3544 3459 nos
3568 3420 3725 3459 manu

2130 3495 2371 3561 duceret,
2404 3496 2517 3564 ipse
2548 3495 2752 3564 prinms
2790 3495 2933 3548 viam
2963 3496 3190 3565 aperuit,
3238 3496 3438 3566 primus
3469 3496 3522 3549 in
3567 3496 3728 3551 caelus

2131 3589 2388 3643 ascendit.
2433 3586 2894 3654 Quemadmodum
2927 3587 3088 3657 igitur
3128 3587 3203 3641 illi
3254 3587 3421 3659 Moysi
3474 3587 3723 3655 ﬁdentes,

2133 3680 2234 3733 iter
2260 3680 2533 3747 suscipere
2573 3685 2697 3731 sunt
2722 3677 2837 3732 ausi
2862 3720 2877 3744 ,
2906 3678 2975 3731 ita
3003 3689 3056 3734 et
3083 3693 3181 3732 nos
3220 3678 3432 3733 Christo
3474 3677 3722 3742 ﬁdentes,

2134 3769 2271 3822 hanc
2299 3770 2780 3836 peregrinationem
2814 3768 3040 3823 ﬁdentes
3068 3769 3407 3838 suscipimus.
3437 3768 3590 3836 Quod
3630 3783 3725 3822 au-

2133 3868 2239 3914 tem
2275 3860 2325 3913 id
2356 3858 2454 3914 sibi
2498 3860 2628 3914 velit
2670 3859 2797 3913 illud
2847 3858 2911 3912 In
2940 3858 3169 3929 Moysen:
3211 3860 3449 3930 baptizati
3473 3870 3611 3925 sunt,
3661 3876 3725 3915 ex

2136 3949 2355 4003 historia
2389 3949 2561 4017 palam
2588 3960 2691 4003 est.
2720 3948 2835 4002 Non
2858 3949 3001 4003 enim
3030 3949 3080 4003 in
3112 3965 3305 4003 nomen
3324 3949 3521 4021 Moysis
3548 3949 3725 4018 bapti-

2133 4041 2234 4094 zati
2268 4048 2411 4093 sunt.
2445 4039 2502 4094 Si
2546 4055 2702 4109 porro
2753 4055 2850 4095 nos
2898 4054 3002 4094 non
3053 4040 3211 4094 modo
3237 4040 3417 4095 Jesum
3445 4042 3637 4096 ducem
3664 4055 3728 4095 ac

2133 4134 2428 4204 principem
2449 4132 2729 4196 habemus,
2760 4132 2853 4187 sed
2875 4133 3035 4187 etiam
3065 4132 3116 4185 in
3148 4148 3340 4187 nomen
3358 4133 3473 4201 ejus
3495 4133 3728 4203 baptiza-

2136 4242 2274 4291 mnr,
2304 4225 2428 4280 licet
2458 4226 2531 4280 illi
2584 4242 2688 4280 non
2719 4226 3051 4295 baptizentur
3091 4226 3143 4279 in
3174 4241 3366 4280 nomen
3397 4227 3615 4298 Moysis,
3661 4242 3727 4281 ne

2136 4315 2256 4371 ideo
2305 4318 2534 4372 turbt-ris
2567 4335 2579 4370 :
2612 4317 2718 4370 dixi
2769 4332 2996 4385 namque
3024 4328 3271 4386 oportere
3296 4326 3352 4371 ut
3394 4320 3592 4374 veritas
3632 4320 3726 4372 ali-

2134 4422 2291 4477 quam
2336 4407 2600 4477 ingentem
2646 4415 2701 4462 et
2745 4406 3065 4461 ineli‘abilem
3119 4408 3489 4463 excellentiam
3535 4408 3728 4464 habeat

2135 4510 2294 4566 supra
2325 4498 2566 4566 ﬁguram.

2210 4586 2389 4642 Mensa
2405 4597 2451 4641 et
2481 4587 2727 4658 Mysteria
2772 4604 2920 4642 sacra
2944 4589 2995 4641 in
3046 4586 3211 4642 Veteri
3237 4590 3370 4659 Lege
3397 4589 3725 4651 adumbrata;

2138 4678 2340 4733 Paulus
2384 4679 2748 4733 Samosatam:
2794 4679 3061 4749 refellitur.
3091 4708 3162 4718 —-
3189 4679 3427 4733 Vidistin‘
3453 4679 3506 4733 in
3554 4681 3723 4750 bapti-

2138 4786 2256 4827 smo
2280 4774 2367 4841 qui
2399 4772 2470 4826 sit
2496 4784 2671 4843 typus,
2710 4786 2828 4840 qum
2860 4771 3100 4827 veritas?
3146 4774 3277 4841 Age,
3304 4772 3579 4826 ostendam
3635 4773 3721 4826 tibi

2139 4872 2195 4919 et
2222 4878 2459 4918 mensam
2498 4873 2554 4918 et
2583 4864 2956 4934 mysteriorum
3004 4863 3463 4933 participationem
3491 4863 3599 4917 illic
3627 4863 3721 4917 ad-

2141 4955 2440 5008 umbratam
2468 4951 2652 5014 fuisse,
2698 4955 2743 5005 si
2795 4968 2900 5005 non
2943 4959 3113 5006 totum
3152 4967 3504 5008 rursnsame
3551 4963 3720 5021 petas,

2141 5044 2235 5099 sed
2262 5045 2340 5099 sic
2367 5059 2430 5099 ea
2456 5060 2576 5113 qua:
2619 5052 2765 5112 gesta
2794 5052 2918 5097 sunt
2959 5043 3254 5107 examines,
3286 5053 3346 5097 ut
3368 5058 3467 5115 par
3494 5055 3577 5097 est
3603 5058 3720 5098 um-

2143 5137 2265 5189 bras
2292 5146 2347 5191 et
2376 5135 2590 5206 ﬁguras.
2619 5134 2752 5189 Nam
2782 5149 2903 5188 cum
2934 5135 3158 5191 dixisset
3191 5134 3260 5189 de
3285 5137 3436 5200 mari,
3469 5130 3538 5190 de
3565 5136 3719 5199 nube,

2142 5229 2316 5298 deque
2339 5228 2539 5298 Moyse,
2564 5227 2838 5297 subjunxit
2865 5242 2880 5279 :
2910 5226 2977 5280 Et
2995 5240 3166 5280 omnes
3184 5226 3408 5285 eantdem
3429 5242 3590 5279 eseam
3623 5227 3722 5293 spi-

2143 5321 2378 5374 ritualem
2424 5320 2768 5373 comederunt.
2819 5317 3280 5384 Quemadmodum
3331 5326 3406 5380 tu,
3440 5318 3627 5387 inquit,
3657 5333 3719 5370 ex

2147 5411 2351 5481 piscina
2378 5424 2633 5479 aquarum
2659 5407 2976 5475 ascendens,
3025 5408 3091 5462 ad
3135 5422 3372 5461 mensam
3413 5408 3584 5463 curris
3614 5406 3721 5461 :sic

2146 5513 2198 5557 et
2224 5503 2296 5557 illi
2322 5518 2389 5557 ex
2416 5502 2548 5555 mari
2574 5500 2948 5566 ascendentes,
2972 5498 3040 5553 ad
3066 5514 3302 5553 mensam
3333 5514 3522 5552 novam
3543 5508 3597 5552 et
3628 5497 3719 5550 mi-

2150 5595 2372 5651 rabilem
2395 5601 2674 5659 venerunt,
2703 5592 2770 5647 de
2799 5606 2990 5645 manna
3020 5591 3230 5660 loquor.
3252 5588 3331 5644 Ac
3352 5603 3567 5644 rursum
3592 5589 3718 5642 sicut

2213 5739 2227 5767 ι
2259 5735 2316 5799 in
2354 5734 2512 5799 Editis
2550 5736 2752 5797 legitur,
2791 5733 2980 5786 clarum
3007 5735 3435 5799 (aa;é¢);_Savil.,
3475 5734 3716 5799 citatarum

2151 5797 2388 5861 (ἀσαφὲς),
2403 5794 2687 5860 inmargine
2700 5805 2951 5858 posuerat,
2965 5794 3020 5846 et
3042 5794 3130 5847 nos
3150 5794 3363 5859 legimus
3385 5813 3413 5847 e
3433 5795 3595 5846 codice
3613 5796 3715 5844 748.
