4006 6414
244 505 345 558 Νῦν
376 500 423 551 ’δὲ
451 497 547 566 οὐχ
569 492 741 557 οὕτως
768 488 943 556 εἶπεν,
978 491 1114 569 ἀλλά
1156 490 1277 544 καθ’
1306 492 1535 546 ἕκαστον
1562 492 1670 546 τῶν
1709 510 1801 561 γε·

243 585 465 657 νομένων
489 580 571 640 τὸ.
609 576 856 641 Πάντες,
897 574 1103 657 τιθεὶς,
1132 572 1299 657 θύραν
1333 577 1463 645 ἡμῖν
1495 576 1592 646 τῆς
1615 575 1809 628 ἑαυτοῦ

243 668 449 739 γνώμης
489 658 812 732 παρήνοιξεν
850 658 909 710 ού
950 656 1172 728 μικρὰν,
1206 656 1344 723 ᾧστε
1373 659 1611 713 κατιδεῖν
1644 659 1809 711 αὑτοῦ

241 738 331 825 τὴν
377 747 584 817 σοφίαν.
611 743 765 805 Τίνος
810 738 903 795 οὖν
949 742 1135 794 ἕνεκεν
1187 742 1425 811 συνεχῶς
1470 743 1568 812 τῆς
1613 741 1809 807 λέξεως

241 822 427 904 ταύτης
454 830 758 903 μέμνηται;
791 825 1047 879 Βούλεται
1075 824 1243 888 δεῖξαι
1285 824 1485 895 πολλὴν
1512 822 1679 879 οὖσαν
1710 825 1809 894 τῆς

242 916 471 976 Παλαιᾶς
519 911 657 981 πρὸς
698 908 796 978 τὴν
844 907 1051 979 Καινὴν
1095 906 1192 978 τὴν
1226 909 1565 979 συγγένειαν,
1602 908 1695 960 καὶ
1727 908 1807 960 δτι

239 1002 400 1057 ταῦτα
429 996 599 1059 τύπος
648 994 870 1046 ἐκείνων
902 986 991 1061 ἦν,
1020 991 1115 1044 καὶ
1165 990 1294 1044 σκιά
1339 992 1449 1045 τῶν
1486 992 1806 1062 μελλόντων.

241 1086 344 1141 Kal
394 1080 606 1152 πρῶτον
649 1075 759 1130 ἀπὸ
804 1072 996 1128 τούτου
1036 1075 1136 1144 τὴν
1186 1075 1504 1145 συμφωνίαν
1547 1074 1805 1128 δείκνυσι,

239 1166 556 1236 Βουλόμενος
588 1159 698 1230 γὰρ
742 1157 932 1221 δεῖξαι,
964 1158 1046 1209 ὅτι
1086 1155 1275 1229 ὥσπερ
1314 1160 1372 1211 ἐν
1403 1160 1470 1227 τῇ
1515 1157 1811 1227 Ἐκκλησία

238 1254 331 1306 οὐκ
359 1249 469 1302 ἔστι
501 1242 687 1298 δούλου
719 1240 812 1294 καὶ
840 1238 1125 1309 ἐλευθέρου
1172 1239 1465 1310 διάκρισις,
1493 1240 1612 1292 οὐδὲ
1658 1240 1809 1304 ξένου

238 1335 324 1390 καὶ
351 1330 587 1391 πολίτου,
619 1323 738 1379 οὐδὲ
783 1321 1029 1393 γέροντος
1064 1322 1158 1374 καὶ
1185 1322 1328 1387 νέου,
1360 1323 1481 1375 οὐδὲ
1511 1322 1672 1393 σοφοῦ
1718 1325 1811 1377 καὶ

236 1417 447 1483 ἀσόφου,
478 1408 587 1463 οὐδ’
614 1405 820 1460 ἰδιώτου
855 1405 952 1457 καὶ
978 1403 1255 1474 ἄρχοντος,
1296 1404 1413 1457 ούδέ
1439 1405 1694 1473 γυναικὸς
1718 1408 1810 1459 καὶ

238 1498 445 1569 ἀνδρὸς,
476 1490 616 1546 ἀλλά
662 1490 813 1543 πᾶσα
834 1487 1039 1559 ἡλικία,
1072 1488 1166 1539 καὶ
1195 1488 1344 1540 πᾶσα
1377 1486 1524 1552 ἀξία,
1557 1488 1652 1540 καὶ
1680 1489 1809 1540 ἐκα-

234 1584 362 1653 τέρα
396 1581 429 1649 ἡ
458 1575 622 1646 φύσις
667 1571 868 1641 ὁμοίως
913 1571 995 1633 είς
1046 1570 1145 1641 τὴν
1175 1569 1559 1653 κολυμϐήθραν
1592 1570 1808 1653 ἐκείνην

233 1648 539 1735 ἐμϐαίνουσι
563 1657 669 1711 τῶν
693 1655 920 1716 ὑδάτων,
946 1654 1050 1707 κᾶν
1076 1648 1381 1725 βασιλεὺς
1404 1670 1509 1716 τις,
1536 1652 1639 1707 κᾶν
1666 1670 1809 1705 πτω,

233 1748 337 1819 χδς,
362 1744 468 1798 τῶν
514 1739 693 1796 αὐτῶν
740 1735 1070 1791 ἀπολαύουσι
1116 1736 1460 1808 καθαρσίων
1513 1737 1607 1789 καὶ
1651 1735 1808 1789 τοῦτό

232 1818 341 1885 ἐστι
370 1828 605 1898 μάλιστα
648 1822 709 1877 τὸ
755 1820 1010 1892 μέγιστον
1054 1819 1156 1889 τῆς
1191 1820 1320 1891 παρ’
1351 1821 1485 1889 ἡμῖν
1529 1818 1808 1886 εὐγενείας

231 1915 537 1983 τεκμήριον,
569 1908 652 1961 ὅτι
697 1904 897 1975 ὁμοίως
942 1902 1035 1956 καὶ
1062 1902 1152 1955 τὸν
1184 1904 1553 1974 προσαίτηνδ,
1585 1902 1679 1954 καὶ
1716 1900 1807 1953 τὸν

231 1996 321 2066 τὴν
359 1990 655 2061 ἁλουργίδα
705 1987 897 2057 ἔχοντα
942 1985 1411 2056 μυπαγωγοῦμεν
1438 2026 1452 2050 ,
1507 1985 1600 2038 καὶ
1653 1984 1805 2038 οὐδὲν

232 2078 380 2131 πλέον
410 2069 571 2137 οὗτος
617 2070 826 2125 ἐκείνον
872 2067 1016 2122 κατά
1060 2067 1152 2121 τὸν
1195 2069 1304 2120 τῶν
1353 2067 1667 2139 μυστηρίων
1692 2068 1805 2138 ἔχει

231 2161 376 2229 λόγον
396 2177 409 2191 ·
440 2156 588 2211 οὕτω
617 2155 711 2209 καὶ
738 2154 796 2207 ἐν
823 2155 891 2224 τῇ
919 2151 1133 2221 Παλαιᾷ
1164 2151 1403 2221 συνεχῶς
1442 2150 1523 2215 τὸ,
1555 2150 1802 2217 Πάντες,

230 2246 477 2300 τέθεικεν.
515 2239 649 2294 Οὑδέ
676 2238 784 2308 γὰρ
809 2236 955 2307 ἔχεις
986 2237 1181 2299 εἰπεῖν,
1211 2236 1293 2288 ὅτι
1325 2236 1565 2304 Μωῦσῆς
1596 2235 1695 2307 μὲν
1719 2236 1805 2290 διὰ

232 2328 409 2401 ξηρᾶς,
424 2324 670 2380 Ἰουδαῖοι
693 2321 751 2376 δέ
783 2320 872 2373 διὰ
901 2320 1002 2389 τῆς
1031 2317 1306 2387 θαλάσσης
1337 2317 1573 2389 διῆλθον,
1596 2319 1704 2372 οὐδ’
1724 2319 1806 2373 ὅτι

228 2414 274 2465 οί
309 2412 404 2483 μὲν
439 2407 668 2477 εὔποροι
695 2402 761 2457 δι’
790 2401 982 2472 ἐτέρας
1026 2401 1170 2464 6606,
1213 2402 1264 2454 οί
1295 2401 1352 2453 δὲ
1380 2401 1695 2473 πενέστεροι
1735 2403 1803 2455 δι’

229 2495 430 2567 ἐτέρας,
454 2490 583 2544 οὐδὲ
630 2488 712 2542 ὅτι
742 2487 799 2540 αἱ
833 2486 1099 2567 γυναῖκες
1117 2483 1217 2554 μὲν
1244 2483 1349 2567 ὑπδ
1381 2483 1473 2567 τδν
1512 2484 1671 2567 ἀέρα,
1709 2485 1804 2539 ἄν-

229 2565 341 2650 δρες
361 2577 415 2631 δὲ
440 2573 553 2628 61:6
577 2573 678 2642 τὴν
704 2568 950 2639 νεφέλην,
983 2566 1119 2622 ἀλλά
1152 2565 1361 2650 καὶδιά
1387 2566 1490 2635 τῆς
1522 2566 1803 2650 θαλάσσης

229 2649 436 2725 πάντες,
471 2663 576 2713 καὶ
624 2655 731 2709 61:6
772 2652 872 2723 τὴν
918 2650 1151 2720 νεφέλην
1199 2649 1420 2714 πάντες,
1449 2649 1542 2704 καὶ
1587 2651 1669 2714 είς
1711 2651 1802 2704 τὸν

229 2744 453 2814 Μωῦσῆν
490 2739 716 2800 πάντες.
734 2733 1087 2814 Ἐπειδὴ-γὰρ
1140 2734 1175 2804 ἡ
1217 2732 1473 2814 διάϐασις
1491 2732 1676 2803 ἐκείνη
1705 2732 1801 2786 τοῦ

233 2812 510 2900 μέλλοντος
534 2819 908 2900 βαπτίσματος
942 2812 1021 2900 ἦν
1043 2814 1232 2900 τύπος,
1261 2814 1369 2900 ἔδει
1395 2813 1802 2900 τοῦτο-πρῷτον

228 2896 325 2965 τῶν
355 2908 490 2964 ὅλων
524 2899 945 2972 διατυπωθῆναι,
978 2898 1039 2952 τὸ
1066 2898 1274 2961 πάντας
1302 2896 1411 2950 τῶν
1441 2897 1621 2950 αὐτῶν
1662 2899 1799 2951 ἀπο-

227 2993 427 3056 λαῦσαι,
455 2989 654 3058 ὥσπερ
681 2980 774 3038 οὖν
820 2982 915 3036 καὶ
955 2979 1190 3035 ἐνταῦθα
1227 2979 1428 3043 πάντες
1472 2980 1578 3033 τῶν
1624 2981 1800 3034 αὐτῶν

228 3076 398 3146 ἐξίσης
429 3070 746 3144 μετέχουσι.
776 3064 887 3120 Kal
936 3062 1055 3127 πῶς
1099 3061 1343 3146 δύναται,
1388 3063 1574 3146 φησὶν,
1627 3065 1802 3118 έκεῖνο

230 3145 382 3222 τύπος
416 3153 559 3211 εἶναι
590 3150 698 3206 τῶν
730 3149 1053 3221 παρόντων;
1092 3146 1189 3200 Ἂν
1222 3145 1399 3219 μάθῃς
1429 3145 1715 3219 πρότερον,
1751 3148 1802 3200 τε

235 3243 323 3313 μὲν
347 3240 459 3294 ἐστι
489 3236 687 3298 τύπος,
719 3232 771 3287 τί
813 3231 870 3284 δέ
898 3228 1145 3300 ἀλήθεια,
1182 3228 1305 3282 τότε
1342 3245 1423 3283 σοι
1467 3230 1560 3283 καὶ
1608 3230 1800 3285 τούτου

232 3324 526 3396 παρέξομαι
557 3316 660 3381 τὰς
694 3313 943 3375 εὐθύνας.

293 3393 430 3462 δ’.Τί
454 3405 577 3459 ποτ’
607 3396 702 3456 οὖν
732 3401 849 3452 ἐστι
882 3394 1031 3459 σκιά,
1057 3394 1112 3448 τί
1141 3394 1197 3448 δὲ
1225 3393 1493 3466 ἀλήθειας
1522 3394 1679 3467 Φέρε,
1710 3397 1803 3450 τὸν

230 3491 378 3559 λόγον
420 3489 512 3542 ἐπὶ
561 3484 664 3547 τάς
709 3480 923 3543 εἰκόνας
966 3478 1285 3548 ἀγάγωμεν,
1315 3476 1383 3541 ἀς
1420 3479 1468 3531 οί
1523 3476 1802 3550 ζωγράφοι

228 3575 505 3647 γράφουσι.
556 3563 715 3631 Εἶδες
757 3563 1019 3627 πολλάκις
1067 3559 1583 3647 εἰκόνα-βασιλικὴν
1617 3561 1803 3647 κυανῷ

228 3642 754 3728 κατακεχρωσμένην
778 3646 1050 3720 χρώματι,
1088 3643 1209 3700 εἶτα
1237 3644 1328 3728 τον
1361 3642 1650 3728 ζωγράφον
1676 3644 1802 3698 λευ-

228 3740 325 3804 κάς
354 3726 689 3810 περιάγοντα
713 3728 999 3804 γραμμὰς,
1027 3728 1124 3782 καὶ
1148 3726 1404 3781 ποιοῦντα
1437 3726 1682 3797 βασιλέα,
1705 3728 1802 3781 καὶ

227 3823 404 3895 θρόνον
431 3809 734 3893 βασιλικὸν,
764 3815 859 3869 καὶ
890 3813 1105 3895 ἵππους
1121 3809 1496 3895 παρεστῶτας,
1522 3812 1616 3864 καὶ
1637 3811 1803 3895 δορυ-

228 3893 438 3978 φόρους,
465 3904 565 3958 καὶ
597 3898 890 3971 πολεμίους
919 3894 1235 3965 δεδεμένους
1260 3894 1356 3978 καὶ
1381 3893 1795 3978 ὑποκειμένους.

238 3972 368 4044 ἱΔλλ’
386 3991 536 4061 ὅμως
583 3983 723 4056 όρῶν
762 3980 937 4035 ταῦτα
964 3976 1470 4061 σκιαγραφούμενα,
1501 3975 1625 4061 οὔτε
1656 3972 1801 4042 οἶδας

224 4072 282 4126 τὸ
307 4060 434 4136 πᾶν,
465 4070 593 4125 οὕτε
639 4067 853 4135 ἀγνοεῖς
876 4062 938 4116 τὸ
967 4063 1098 4124 πᾶν,
1130 4060 1244 4114 ἀλλ’
1264 4061 1346 4114 ὅτι
1394 4060 1491 4131 μὲν
1517 4060 1801 4130 ἄνθρωπος

227 4155 486 4228 γράφεται
526 4153 625 4206 καὶ
657 4150 845 4212 ἵππος,
877 4142 1132 4216 ἀμυδρῶς
1178 4140 1500 4228 ἐπίστασαι·
1522 4226 1532 4228 _
1551 4146 1718 4228 ποῖοςΔ
1745 4143 1803 4197 δέ

225 4225 366 4291 ἐστιν
396 4240 426 4291 6
458 4235 737 4306 βασιλεὺς,
766 4232 860 4284 καὶ
904 4229 1056 4290 ποῖος
1094 4228 1124 4280 ό
1165 4225 1444 4296 πολέμιος,
1484 4226 1543 4278 o6
1597 4225 1803 4295 σφόδρα

225 4319 463 4391 ἀκριϐῶς
484 4315 655 4382 οἶδας,
678 4316 784 4378 ἕως
809 4313 876 4367 ἂν
899 4311 1130 4365 ἐλθοῦσα
1151 4309 1259 4363 τῶν
1281 4309 1588 4381 χρωμάτων
1613 4311 1646 4380 ἡ
1672 4309 1802 4380 ἁλὴ-

224 4402 339 4457 θεια
357 4402 617 4476 τρανώσῃ
630 4400 728 4470 τὴν
748 4397 869 4466 ὄψιν
890 4395 986 4451 καὶ
1004 4393 1347 4465 σαφεστέραν
1362 4394 1803 4465 ποιήσῃ.”Ωσπερ

223 4482 313 4540 οὖν
338 4486 429 4539 ἐπὶ
456 4486 557 4555 τῆς
587 4480 792 4543 είκόνος
818 4478 1030 4548 ἐκείνης
1056 4479 1157 4530 οὐκ
1186 4478 1435 4538 ἀπαιτεῖς
1465 4476 1525 4528 τὸ
1563 4477 1671 4529 πᾶν
1698 4476 1803 4546 πρὸ

222 4569 318 4640 τῆς
340 4567 450 4622 τῶν
482 4563 793 4637 χρωμάτων
819 4560 1096 4632 ἀληθείας,
1126 4558 1263 4612 ἀλλά
1280 4557 1383 4613 κᾶν
1412 4559 1660 4628 ἀμυδράν
1681 4576 1804 4612 τινα

225 4650 393 4723 λάϐῃς
419 4648 627 4719 γνῶσιν
665 4644 774 4698 τῶν
807 4642 1125 4713 γινομένων,
1161 4640 1360 4703 ἱκανῶς
1393 4640 1490 4710 τὴν
1533 4657 1801 4712 σκιαγρα-

225 4722 349 4803 φίαν
379 4729 721 4803 ἀπηρτίσθαι
738 4727 1011 4797 νομίζειςο
1044 4724 1186 4779 οὕτω
1220 4740 1309 4795 μοι
1335 4722 1429 4776 καὶ
1454 4724 1546 4777 ἐπὶ
1566 4724 1668 4794 τῆς
1690 4726 1803 4776 Πα-

222 4817 374 4881 λαιᾶς
403 4817 503 4872 καὶ
535 4813 631 4869 ἐπὶ
656 4816 757 4884 τῆς
786 4809 996 4879 Καινῆς
1024 4807 1262 4877 λογίζου,
1299 4807 1393 4861 καὶ
1420 4806 1494 4878 μή
1527 4824 1594 4877 με
1621 4809 1803 4863 πᾶσαν

223 4902 536 4972 ἀπαιτήσεις
575 4897 678 4968 τῆς
724 4894 981 4965 ἀληθείας
1011 4891 1110 4963 τὴν
1144 4889 1430 4972 ἀκρίϐειαν
1465 4890 1558 4942 ἐπὶ
1587 4889 1682 4943 τοῦ
1710 4891 1805 4944 τύ-

222 5001 354 5040 που·
384 4968 860 5051 καῖδυνησόμεθά
887 4992 947 5028 σε
974 4974 1200 5038 διδάξαι,
1230 4973 1348 5036 πῶς
1380 4968 1495 5043 εἶχέ
1526 4990 1646 5026 τινα
1668 4990 1803 5042 συγο

221 5068 433 5137 γένειαν
477 5067 515 5137 ἡ
563 5062 773 5118 Παλαιά
823 5058 960 5132 πρὸς
987 5057 1084 5130 τὴν
1110 5057 1339 5127 Καινὴν,
1366 5057 1460 5110 καὶ
1491 5057 1524 5127 ἡ
1560 5055 1805 5120 διάϐασις

221 5152 402 5222 ἐκείνη
455 5147 615 5221 [2'55]
660 5147 800 5218 πρὸς
841 5145 904 5198 τὸ
949 5141 1214 5214 ἡμέτερον
1264 5139 1569 5211 βάπτισμα.
1629 5141 1808 5195 Κάκεῖ

222 5232 382 5304 ὕδωρ.
403 5232 691 5286 κάνταῦθα
712 5228 857 5300 ὕδωρ
879 5243 893 5257 υ
919 5223 1272 5296 κολυμϐήθρα
1292 5222 1546 5288 ἐνταῦθα,
1574 5223 1668 5278 καὶ
1693 5225 1810 5278 ἐκεῖ

218 5316 486 5385 πέλαγοςυ
521 5314 724 5377 πάντες
758 5308 993 5364 ἐνταῦθα
1039 5308 1120 5370 είς
1161 5306 1231 5359 τά
1261 5304 1427 5359 ὕδατα
1467 5305 1806 5376 ἐμϐαίνουσι,

220 5399 379 5453 κάκεῖ
415 5397 649 5461 πάντες*
677 5394 819 5450 κατὰ
855 5391 1014 5446 τοῦτο
1042 5393 1078 5461 ἡ
1114 5390 1422 5459 συγγένεια.
1454 5390 1656 5444 Λοιπὸν
1685 5390 1810 5462 βού-

219 5481 300 5535 λει
345 5479 544 5552 μαθεῖν
591 5478 697 5533 τῶν
729 5476 1036 5551 χρωμάτων
1067 5471 1167 5545 τὴν
1189 5472 1489 5545 ἀλὴθειανς
1526 5473 1678 5529 Ἐκεῖ
1710 5473 1809 5545 μὲν

223 5562 500 5632 Δίγύπτου
547 5560 637 5615 διὰ
677 5561 776 5631 τῆς
819 5557 1093 5629 θαλάσσης
1121 5555 1546 5628 ἀπηλλάττοντο,
1574 5556 1809 5613 ἐνταῦθα

288 5780 309 5800 ⁸
330 5775 471 5827 Unus
491 5787 589 5825 ms.
612 5776 693 5824 τὸν
710 5780 963 5839 προσαιτῇ.

1059 388 1122 439 IN
1161 388 1426 446 DICTUM
1459 392 1687 460 PAULI,
1717 396 1900 454 NOLO
1940 397 2076 451 VOS
2116 396 2499 455 IGNORARE,
2535 396 2684 449 ΕΤτῖ.

3391 399 3499 451 ΞΗ

1918 494 1973 548 δὲ
2011 496 2454 571 είδωλολατρείας
2478 520 2489 531 ·
2522 505 2685 556 κάκεῖ
2714 505 2812 576 μὲν
2845 509 2873 560 6
2903 508 3102 580 Φαραὼ
3122 513 3497 577 κατεποντίζεο

1915 594 1995 641 το,
2027 581 2258 634 ἐνταῦθα
2285 583 2340 635 δὲ
2371 587 2398 637 ό
2435 585 2713 649 διάϐολος·
2768 590 2886 642 ἐκεῖ
2930 591 3217 659 Αἰγύπτιοι
3268 593 3502 649 ἀπεπνί-

1915 676 2091 748 γοντο,
2125 664 2358 748 ἐνταῦθα
2395 666 2451 719 δὲ
2482 669 2510 719 ό
2541 669 2770 733 παλαιὸς
2793 672 3078 741 ἄνθρωπος
3104 675 3212 726 τῶν
3253 676 3500 748 ἁμαρτη-

1918 742 2104 810 μάτων
2132 746 2539 816 κατορύττεται.
2577 750 2688 803 Καὶ
2718 752 2792 804 ίδε
2822 756 3139 821 συγγένειαν
3166 742 3337 809 τύπου
3364 742 3501 829 1:96;

1915 825 2191 895 ἀλήθειαν,
2222 833 2316 882 καὶ
2362 831 2622 901 ἀληθείας
2665 834 2936 907 ὑπεροχὴν
2968 837 3105 907 πρὸς
3145 838 3335 892 τύπον.
3364 825 3501 895 Οῦτε

1915 910 2026 993 γάρ
2054 912 2527 984 ἀπηλλοτριῶσθαι
2555 916 2730 987 πάντη
2774 918 2880 989 χρὴ
2926 918 3015 971 τὸν
3047 918 3215 973 τύπον
3237 925 3337 992 τῆς
3371 923 3492 993 ἀλη·

1917 990 2086 1054 θείας,
2122 995 2243 1047 ἐπεὶ
2278 997 2376 1048 οὐκ
2413 995 2479 1049 ἂν
2513 998 2597 1067 εἴη
2628 998 2797 1062 τύπος
2820 1017 2832 1029 ·
2877 999 3001 1052 οὕτε
3036 1001 3194 1055 πάλιν
3233 990 3501 1069 ἐξισάζειν

1916 1073 2053 1144 πρὸς
2098 1075 2193 1147 τὴν
2240 1078 2515 1149 ἀλήθειαν,
2550 1082 2673 1133 ἐπεὶ
2708 1082 2868 1141 πάλιν
2918 1085 3009 1138 καὶ
3062 1086 3223 1150 αὐτὸς
3273 1086 3501 1158 ἀλήθεια

1917 1158 2066 1212 ἔσται
2091 1177 2103 1189 ·
2136 1161 2271 1214 ἀλλά
2305 1162 2386 1214 δεῖ
2423 1164 2604 1234 μένειν
2649 1167 2740 1219 ἐπὶ
2773 1169 2871 1236 τῆς
2898 1169 3497 1241 οίκείας,συμμετρίας,

1916 1242 2009 1293 καὶ
2061 1244 2198 1312 μήτε
2228 1245 2288 1297 τὸ
2322 1248 2429 1298 πᾶν
2463 1246 2605 1317 ἔχειν
2631 1249 2731 1319 τῆς
2758 1250 3034 1320 ἀληθείας,
3071 1254 3208 1323 μήτε
3241 1253 3335 1306 τοῦ
3363 1271 3498 1307 πανι

1913 1323 2004 1386 τὸς
2033 1324 2576 1383 ἐκπεπτωκέναι.”Αν
2612 1331 2711 1401 μὲν
2742 1333 2849 1403 γάρ
2894 1336 2955 1386 τὸ
2987 1337 3091 1387 πᾶν
3126 1334 3243 1406 ἔχῃ,
3270 1335 3499 1406 ἀλήθεια

1916 1406 2078 1461 πάλιν
2104 1410 2218 1461 ἐστὶ
2254 1411 2347 1464 καὶ
2374 1412 2532 1469 αὐτός
2553 1431 2566 1443 ·
2603 1414 2666 1467 ἂν
2714 1415 2767 1467 δὲ
2797 1415 2893 1468 τοῦ
2923 1417 3122 1481 παντὸς
3152 1419 3380 1491 ἐκπέσῃ,
3412 1421 3500 1472 τύ.

1914 1506 2015 1552 πος
2041 1488 2177 1543 εἶναι
2213 1492 2396 1547 λοιπὸν
2423 1497 2483 1547 06
2512 1494 2768 1550 δύναται·
2800 1497 2937 1552 ἀλλά
2977 1499 3059 1552 δεῖ
3087 1500 3148 1552 τὸ
3190 1501 3289 1571 μὲν
3333 1488 3494 1572 ἔχειν,

1913 1571 1971 1623 τὸ
2002 1572 2059 1625 δὲ
2093 1577 2156 1645 τῇ
2201 1575 2427 1648 ἀληθείᾳ
2449 1582 2654 1650 τηρεῖν.
2687 1581 2776 1653 Μὴ
2804 1581 2980 1635 τοίνυν
3006 1582 3066 1636 τὸ
3101 1585 3207 1637 πᾶν
3238 1602 3304 1655 με
3334 1571 3497 1638 ἀπαι-

1911 1655 2080 1727 τήσῃς
2104 1658 2198 1711 ἐπὶ
2220 1660 2318 1730 τῆς
2344 1661 2610 1727 Παλαιᾶς,
2655 1664 2768 1716 ἀλλ’
2799 1666 2845 1718 εί
2880 1666 2984 1718 κᾶν
3016 1667 3188 1738 μικρά
3230 1686 3351 1722 τινα
3403 1669 3497 1721 καὶ

1912 1738 2131 1821 ἀμυδρά
2176 1740 2346 1815 λάϐῃς
2397 1745 2694 1816 αἰνίγματα
2726 1788 2738 1807 ,
2795 1749 3079 1819 ἀγαπητὸν
3128 1746 3264 1803 εἶναι
3310 1751 3495 1821 νόμιζε

1909 1820 2084 1878 τοῦτο.
2113 1824 2224 1876 Ποῦ
2253 1823 2344 1879 οὗν
2372 1827 2514 1879 ἐστιν
2542 1831 2571 1898 ἡ
2602 1829 2889 1897 συγγένεια
2915 1830 3009 1884 τοῦ
3037 1831 3209 1885 τύπου
3237 1820 3494 1904 πρὸςίτὴν

1908 1903 2201 1974 ἀλήθειαν;
2235 1908 2355 1961 Ὀτι
2390 1910 2593 1973 πάντες
2624 1913 2758 1977 ἐκεῖ,
2778 1913 2872 1965 καὶ
2902 1913 3137 1967 ἐνταῦθα
3160 1916 3358 1979 πάντες
3379 1932 3391 1943 ·
3416 1917 3493 1969 ὅτι

1908 1987 1974 2041 δι’
2003 1988 2193 2053 ὓδατος
2223 1993 2359 2054 ἐκεῖ,
2389 1993 2484 2047 καὶ
2510 1994 2744 2047 ἐνταῦθα
2778 1995 2847 2048 δι’
2872 1995 3062 2060 ὓδατος
3081 2013 3094 2027 ·
3135 1999 3216 2051 ὃτι
3253 1998 3496 2062 δουλείας

1909 2071 2303 2142 ἀπηλλάγησαν
2323 2076 2541 2139 ἐκεῖνοι,
2576 2078 2670 2130 καὶ¹
2695 2079 2857 2148 ἡμεῖς
2882 2078 3143 2144 δουλείας,
3170 2082 3286 2134 ἀλλ’
3312 2082 3371 2133 ού
3398 2081 3496 2150 τῆς

1910 2155 2079 2226 αὐτῆς
2098 2172 2112 2187 ο
2147 2156 2259 2208 ἀλλ’
2286 2158 2340 2208 οἱ
2368 2157 2468 2227 μὲν
2500 2159 2599 2229 τῆς
2625 2160 2961 2228 Αίγυπτίων,
2996 2163 3157 2232 ἡμεῖς
3185 2163 3240 2214 δὲ
3268 2165 3364 2234 τῆς
3385 2164 3494 2216 τῶν

1907 2236 2178 2308 δαιμόνων
2198 2255 2212 2268 ο
2241 2239 2437 2292 ἐκεῖνοι
2457 2240 2557 2309 τῆς
2577 2241 2685 2293 τῶν
2713 2242 3028 2314 βαρϐάρων,
3051 2245 3209 2314 ἡμεῖς
3234 2246 3330 2316 τῆς
3353 2245 3492 2299 κατὰ

1907 2319 2004 2391 τὴν
2037 2321 2332 2391 ἁμαρτίαν.
2385 2323 2529 2393 Πρὸς
2573 2323 2888 2394 ἐλευθερίαν
2932 2327 3243 2399 ἀνήχθησαν
3272 2331 3490 2390 ἐκεῖνοι,

1907 2405 1999 2457 καὶ
2030 2406 2208 2475 ἡμεῖς,
2246 2405 2358 2458 ἀλλ’
2383 2406 2444 2458 ού
2477 2406 2611 2477 πρὸς
2642 2407 2740 2477 τὴν
2770 2408 2960 2478 αὐτὴν,
2984 2409 3116 2462 ἀλλά
3157 2410 3293 2480 πρὸς
3314 2410 3492 2481 πολλῴ

1905 2487 2291 2559 λαμπροτέραν
2344 2490 2523 2558 ἡμεῖς.
2559 2489 2621 2542 Εί
2668 2490 2723 2542 δὲ
2773 2490 2944 2560 μείζω
2995 2491 3063 2545 τὰ
3098 2494 3345 2565 ἡμέτερα
3398 2496 3493 2549 καὶ

1906 2573 2241 2642 ὑπερέχοντα
2273 2572 2516 2637 ἐκείνων,
2544 2574 2618 2643 μὴ
2642 2573 2893 2644 θορυϐοῦ.
2926 2574 3096 2629 Τοῦτο
3117 2576 3224 2648 γὰρ
3253 2577 3493 2647 μάλιστά

1905 2657 2051 2708 ἐστιν
2078 2654 2354 2726 ἀληθείας,
2383 2655 2442 2707 τὸ
2475 2656 2677 2724 πολλὴν
2705 2656 2850 2725 ἔχειν
2884 2657 3020 2726 πρὸς
3056 2658 3147 2713 τὸν
3179 2659 3347 2712 τύπον
3392 2661 3491 2732 τὴν

1905 2739 2201 2810 ὑπεροχὴν,
2234 2739 2334 2792 οὐκ
2367 2739 2699 2799 ἐναντίωσιν,
2736 2740 2857 2792 οὐδὲ
2894 2741 3094 2811 μάχην.
3132 2742 3196 2796 Τί
3239 2743 3297 2796 δέ
3329 2747 3445 2798 ἐστι
3469 2787 3485 2810 ,

1902 2820 2132 2887 Πάντες
2163 2824 2250 2888 εὶς
2280 2822 2390 2875 τὸν
2435 2820 2703 2890 Μωῢσῆν
2732 2823 3175 2885 ὲϐαπτίσαντο;
3209 2826 3317 2879 Kal
3346 2828 3490 2897 τάχα

1902 2905 2112 2975 ἀσαφὲς
2141 2905 2200 2959 τὸ
2230 2906 2518 2977 λεγόμενον
2540 2923 2554 2936 ο
2587 2905 2782 2961 οὐκοῦν
2810 2907 3143 2978 σαφέστερον
3173 2909 3307 2963 αὐτὸ
3331 2911 3491 2981 ποιῆ-

1905 3005 1995 3041 σαι
2023 2988 2376 3059 πειράσομαι.
2419 2988 2675 3043 Θάλασσα
2696 2985 2763 3060 ἦν
2800 2990 2903 3060 πρὸ
2935 2991 3044 3043 τῶν
3072 2990 3367 3062 ὀφθαλμῶν
3399 3011 3492 3047 κε-

1902 3071 2113 3143 χυμένη
2146 3072 2254 3125 τῶν
2282 3072 2507 3126 ἐκείνων
2534 3073 2682 3137 τότε,
2716 3074 2810 3127 καὶ
2847 3074 3163 3129 ἐκελεύοντο
3195 3076 3492 3132 διαϐαίνειν

1904 3154 2061 3224 ξένην
2095 3155 2217 3209 τινὰ
2246 3157 2340 3209 καὶ
2380 3152 2679 3226 παράδοξον
2724 3157 2861 3221 666v,
2893 3157 2959 3228 ἢν
3007 3159 3182 3223 οὐδεὶς
3228 3160 3488 3214 οὐδέποτε

1901 3236 2206 3308 ἀνθρώπων
2236 3237 2645 3307 διέϐη.Ὤκνουν
2678 3240 2771 3292 xal
2795 3239 3095 3301 ἀνεδύοντο.
3126 3245 3222 3296 καὶ
3266 3244 3488 3312 ἐδυσχέ-

1906 3336 2109 3390 ραινον.
2140 3320 2300 3391 Διέϐη
2333 3320 2551 3392 πρῶτος
2579 3321 2842 3392 Μωῡσῆς,
2886 3324 2979 3376 καὶ
3012 3325 3146 3377 πᾶσι
3183 3326 3299 3394 μετ’
3333 3326 3490 3379 εὐκο-

1901 3402 2023 3466 λίας
2065 3402 2262 3456 ἔδωκεν
2304 3402 2665 3471 ἀκολουθῆσαι
2706 3403 2910 3459 λοιπόν.
2944 3404 3115 3458 Τοῦτό
3163 3408 3348 3460 ἐστιν·
3384 3410 3490 3473 Εις

1902 3484 2010 3538 τὸν
2042 3483 2310 3552 Μωυσῆν
2335 3485 2738 3539 ἐϐαπτίσαιτο
2762 3504 2776 3517 ·
2831 3486 3024 3556 ἐκείνῳ
3074 3488 3485 3555 πιστεύσαντες,

1903 3566 2076 3630 οὕτως
2110 3566 2421 3639 ἐθάρρησαν
2449 3569 2706 3638 ἐπιϐῆναι
2732 3569 2840 3623 τῶν
2868 3570 3097 3635 ὑδάτων,
3127 3573 3371 3643 ἡγεμόνα
3388 3574 3489 3644 τῆς

1902 3652 2211 3724 ὁδοιπορίας
2247 3652 2520 3715 λαϐόντες.
2562 3652 2733 3706 Τοῦτο
2757 3654 2849 3706 καὶ
2876 3654 2968 3706 ἐπὶ
2996 3653 3093 3707 τοῦ
3131 3656 3371 3726 Χριστοῦ
3405 3658 3491 3725 γέ-

1903 3752 2089 3805 γονεν’
2135 3734 2420 3804 ἐξαγαγὼν
2464 3736 2575 3806 γὰρ
2626 3737 2773 3806 ἡμᾶς
2819 3737 2920 3807 τῆς
2971 3737 3200 3808 πλάνης,
3252 3739 3347 3792 καὶ
3391 3742 3490 3811 τῆς

1905 3818 2347 3889 εἰδωλολατρείας
2388 3818 2722 3885 ἀπαλλάξας,
2755 3820 2845 3873 καὶ
2886 3818 3025 3891 πρὸς
3069 3822 3168 3891 τὴν
3211 3821 3490 3892 βασιλείαν

1904 3903 2280 3975 χειραγωγῶν,
2316 3902 2476 3966 αὐτὸς
2527 3902 2743 3977 πρῶτος
2787 3904 2990 3974 ταύτης
3030 3906 3161 3974 ἡμῖν
3207 3901 3342 3976 ἦρξε
3388 3905 3489 3975 τῆς

1904 3986 2046 4051 ὀδοῦ,
2075 3987 2290 4057 πρῶτος
2328 3989 2407 4049 είς
2437 3986 2560 4049 τοὺς
2591 3985 2853 4055 οὐρανοὺς
2891 3986 3117 4050 ἀναϐάς.
3145 3987 3354 4058 ’Ὠσπερ
3397 3983 3491 4041 οὖν

1905 4074 2100 4125 ἐκεῖνοι
2130 4072 2337 4140 Μωῦσῇ
2378 4068 2750 4141 θαρρήσαντες
2776 4070 3187 4142 κατετόλμησαν
3218 4072 3317 4142 τῆς
3355 4071 3494 4125 ὁδοι-

1906 4155 2124 4227 πορίας,
2155 4153 2325 4216 οὕτως
2358 4154 2517 4223 ἡμεῖς
2550 4152 2770 4224 Χριστῷ
2816 4153 3188 4225 θαρρήσαντες
3236 4156 3492 4210 κατατολ-

1909 4239 2099 4311 μῶμεν
2125 4238 2226 4309 τῆς
2257 4236 2564 4307 ἀποδημίας
2590 4235 2814 4307 ταύτης.
2839 4238 2948 4290 Καὶ
2967 4239 3049 4290 ὅτι
3077 4238 3235 4292 τοῦτό
3255 4240 3372 4292 ἐστι
3401 4238 3488 4293 τό·

1907 4325 2012 4388 Είς
2049 4319 2316 4388 Μωῦσῆν
2344 4320 2766 4383 ἐϐαπτίσαντο,
2802 4319 2961 4389 δῆλον
3005 4321 3071 4372 ἐκ
3098 4321 3198 4391 τῆς
3233 4322 3486 4391 ἱστορίας.

1907 4405 1981 4459 06
2030 4404 2138 4474 γάρ
2187 4406 2265 4467 εἰς
2315 4403 2375 4457 τὸ
2410 4403 2580 4472 ὄνομα
2611 4402 2893 4465 Μωϋσέως
2924 4400 3303 4455 ἐϐαπτίσαντο.
3342 4404 3404 4455 El
3435 4402 3492 4456 δὲ

1909 4490 2071 4558 ἡμεῖς
2110 4488 2171 4540 οὐ
2224 4486 2381 4556 μόνον
2423 4484 2667 4556 ἀρχηγὸν
2713 4484 2803 4538 τὸν
2850 4484 3056 4555 Ἰησοῦν
3108 4483 3323 4554 ἔχομεν,
3357 4484 3492 4537 ἀλλά

1908 4571 2002 4624 καὶ
2052 4572 2133 4634 είς
2176 4572 2237 4623 τὸ
2279 4570 2450 4639 ὃνομα
2501 4568 2665 4622 αὑτοῦ
2721 4566 3114 4637 βαπτιζόμεθα,
3154 4568 3381 4621 ἐκείνων
3416 4569 3490 4638 μὴ

1910 4651 2316 4724 βαπτισθέντων
2352 4653 2432 4712 εἰς
2462 4650 2525 4703 τὸ
2555 4650 2726 4720 ὄνομα
2754 4649 3051 4712 Μωῦσέως,
3088 4648 3225 4720 μηδέ
3257 4649 3489 4703 ἐνταῦθα

1907 4736 2178 4806 ταράττον
2199 4750 2213 4764 ·
2240 4729 2391 4786 εἷπον
2420 4731 2548 4803 γὰρ,
2573 4733 2654 4784 ὅτι
2681 4731 2764 4784 δεῖ
2791 4729 2890 4802 τὴν
2912 4730 3173 4803 ἀλήθειαν
3200 4731 3344 4803 ἔχειν
3373 4733 3494 4787 τινὰ

1908 4816 2182 4889 ὑπεροχὴν
2213 4814 2414 4886 πολλὴν
2451 4814 2547 4867 καὶ
2576 4814 2804 4883 ἄφατον.

1979 4918 2132 4993 [256]
2170 4915 2322 4982 Εἶδες
2353 4917 2446 4970 ἐπὶ
2472 4916 2567 4970 τοῦ
2600 4916 2976 4987 βαπτίσματος
3004 4915 3089 4980 τίς
3125 4915 3223 4986 μὲν
3255 4917 3283 4969 6
3302 4914 3492 4980 τύπος,

1906 5005 1988 5069 τίς
2026 5003 2085 5058 δὲ
2115 5006 2148 5075 ἡ
2184 5001 2445 5075 ἀλήθεια;
2474 5001 2633 5073 Φέρε,
2663 5001 2747 5053 col
2778 5000 2936 5067 δείξω
2968 5002 3063 5054 καὶ
3094 5000 3193 5071 τὴν
3217 5000 3493 5072 τράπεζαν

1909 5091 2005 5145 καὶ
2032 5088 2132 5158 τὴν
2172 5087 2282 5140 τῶν
2318 5084 2632 5157 μυστηρίων
2664 5085 2948 5139 κοινωνίαν
2979 5086 3096 5137 ἐκεῖ
3126 5098 3490 5155 σκιαγραφου-

1915 5174 2103 5245 μένην,
2138 5171 2205 5225 ἂν
2241 5168 2316 5241 μὴ
2343 5169 2404 5222 :6
2432 5170 2542 5222 πᾶν
2587 5169 2823 5241 ἀπαιτῇς
2861 5186 2927 5239 με
2961 5169 3144 5230 πάλιν,
3186 5167 3301 5220 ἀλλ’
3324 5166 3492 5229 οὕτως

1911 5256 2175 5327 ἐξετάσῃς
2204 5254 2274 5307 τὰ
2306 5253 2595 5323 γενόμενα,
2628 5251 2704 5316 ὡς
2739 5253 2886 5317 είκδς
2919 5255 2977 5306 ἐν
3017 5250 3356 5318 σκιαγραφίᾳ
3400 5248 3496 5301 καὶ

1910 5342 2101 5405 τύποις
2153 5340 2301 5392 ίδεῖν.
2319 5338 2533 5410 Ἐπειδὴ
2585 5337 2694 5409 γὰρ
2742 5333 2861 5390 εἷπε
2910 5336 3041 5407 περὶ
3084 5335 3183 5404 τῆς
3220 5331 3496 5401 θαλάσσης

1913 5428 2009 5482 καὶ
2040 5426 2140 5496 τῆς
2174 5424 2405 5495 νεφέλης
2433 5426 2526 5477 καὶ
2553 5423 2646 5477 τοῦ
2676 5421 2975 5483 Μωῦσέως,
3016 5420 3262 5489 ἐπήγαγε
3290 5415 3454 5470 πάλιν
3481 5431 3492 5445 ’

1915 5508 2025 5565 Καὶ
2059 5508 2279 5575 πάντες
2308 5506 2376 5560 τό
2405 5505 2553 5561 αὐτὸ
2572 5505 2784 5574 ,ϐρῶμα
2816 5499 3220 5570 πνευματικὸν
3246 5498 3490 5568 ἔφαγον.

1918 5596 2129 5666 ’Ὠσπερ
2167 5594 2255 5658 σὺ,
2287 5592 2471 5662 φησιν,
2501 5589 2609 5642 ἀπὸ
2658 5588 2760 5657 τῆς
2812 5585 3197 5657 κολυμϐήθρας
3222 5583 3333 5636 τῶν
3365 5581 3494 5666 ὑδά-

1918 5696 2026 5733 των
2073 5664 2400 5739 ἀναϐαίνων,
2453 5673 2544 5728 ἐπὶ
2588 5671 2685 5741 τὴν
2735 5668 3012 5741 τράπεζαν
3055 5668 3309 5741 τρέχῖις,
3355 5664 3498 5719 οὕτω

1926 5763 2165 5816 κάκεῖνοι
2190 5757 2298 5811 ἀπὸ
2332 5756 2432 5826 τῆς
2464 5753 2731 5824 θαλάττης
2752 5751 3074 5818 ἀναϐάντες,
3103 5751 3196 5805 ἐπὶ
3221 5748 3498 5820 τράπεζαν
