4006 6448
226 424 321 479 ξιτ)

228 547 278 590 ιιι
307 528 589 590 mirabilem
642 536 828 600 potum
867 526 1058 592 habes,
1099 524 1410 596 sanguinem
1464 520 1755 578 Salvatoris
1786 537 1799 573 :

229 627 301 683 sic
322 634 373 680 et
397 623 467 679 illi
499 620 801 677 mirabilem
828 618 1063 673 habuere
1088 628 1247 688 potus
1273 626 1553 681 naturam;
1589 628 1692 668 non
1722 612 1804 666 in-

229 722 475 772 venerunt
510 712 710 779 fontes,
749 725 855 765 non
904 709 1117 773 ﬂuvios,
1156 708 1249 762 sed
1281 723 1347 763 ex
1378 714 1527 776 petra
1575 703 1710 758 dura
1752 710 1808 756 et

227 808 467 877 inaquosa
514 817 758 875 magnam
826 800 1146 856 ﬂuentorum
1190 800 1396 868 copiam
1463 804 1806 866 acceperunt.

230 899 343 953 Ideo
370 904 548 966 potum
581 894 755 960 illum,
782 891 1109 962 Spiritualein
1137 890 1377 956 vocavit;
1407 904 1512 943 non
1539 886 1681 958 quod
1709 900 1807 939 na-

228 999 335 1043 tura
367 987 483 1041 talis
510 992 675 1050 esset,
702 984 795 1038 sed
819 982 959 1054 quod
989 998 1053 1037 ex
1083 981 1264 1046 modia
1293 995 1401 1051 quo
1428 976 1809 1054 suppeditaba-

230 1090 329 1142 tur,
357 1077 478 1131 talis
505 1077 676 1130 tieret.
706 1052 891 1144 Neque
919 1073 1062 1127 enim
1090 1062 1383 1126 secundum
1410 1052 1616 1124 naturae
1646 1066 1812 1122 ratio-

230 1186 342 1226 nem
368 1169 497 1239 ipsis
521 1167 769 1234 dabatur,
797 1165 890 1222 sed
914 1164 1207 1220 secundum
1236 1163 1349 1228 Dei,
1380 1162 1526 1232 ipsos
1546 1160 1811 1228 ducentis,

231 1262 611 1333 operationem.
641 1259 793 1327 Quod
826 1259 914 1314 ille
955 1258 1021 1313 ad
1060 1268 1264 1313 rectum
1298 1270 1517 1311 sensum
1540 1253 1814 1309 deducens

230 1355 454 1409 dicebat.
482 1351 617 1408 Cum
643 1352 785 1407 enim
815 1351 1060 1415 dixisset,
1097 1348 1169 1402 Et
1198 1365 1370 1403 omnes
1391 1349 1617 1402 eumdem
1639 1355 1818 1416 potum

231 1444 537 1515 spiritualem
563 1443 811 1506 biberunt,
848 1456 985 1512 aqua
1006 1450 1185 1495 autem
1217 1447 1336 1495 erat
1363 1454 1483 1508 quas
1511 1436 1813 1501 bibebatur,

232 1544 285 1589 ut
303 1533 609 1589 ostenderet
632 1548 693 1589 se
722 1532 845 1588 ideo
866 1532 1203 1603 Spiritualem
1231 1530 1452 1592 dixisse,
1486 1543 1597 1583 non
1625 1527 1697 1583 ob
1718 1542 1817 1581 na-

233 1636 397 1681 turain
413 1640 592 1695 aqum,
621 1624 715 1680 sed
744 1624 817 1679 ob
843 1624 1082 1686 modum,
1108 1638 1216 1692 quo
1243 1619 1698 1691 suppeditabatur,
1726 1616 1823 1672 ad-

229 1716 350 1788 jecit
372 1733 393 1771 ε
413 1714 654 1771 Bibebant
681 1715 816 1769 enim
838 1714 902 1769 de
917 1714 1173 1786 spirituali
1188 1722 1516 1783 consequente
1536 1728 1619 1766 eos
1642 1717 1784 1780 petra
1802 1723 1822 1762 :

234 1819 370 1881 petra
388 1818 561 1863 autem
583 1817 691 1863 erat
720 1806 971 1863 Christus.
999 1806 1336 1876 Nominquit,
1373 1814 1561 1859 natura
1606 1801 1819 1873 lapidis,

234 1901 323 1956 sed
344 1900 618 1972 operantis
649 1901 740 1956 Dei
772 1901 940 1955 virtus
969 1898 1144 1954 fontes
1173 1899 1294 1953 illos
1323 1897 1620 1954 emittebat.

301 1993 354 2048 5.
395 1991 461 2048 Et
481 1993 571 2048 hic
595 1993 742 2048 Pauli
761 1992 1093 2048 Samosateni
1119 1990 1364 2046 haeresim
1392 1989 1648 2045 radicitus
1668 1986 1812 2042 evel-

245 2082 320 2137 lit.
360 2082 416 2139 Si
442 2084 590 2139 enim
616 2083 858 2140 Christus
880 2083 969 2138 illa
992 2082 1171 2137 omnia
1198 2081 1535 2152 operabatur,
1558 2078 1828 2150 quomodo

241 2172 408 2242 ipsum
440 2173 571 2230 hinc
587 2174 818 2245 ccepisse
844 2174 1047 2241 dicunt,
1076 2188 1199 2228 cum
1226 2173 1384 2227 Maria
1413 2172 1587 2243 ipsum
1614 2168 1828 2241 genuit?

239 2262 368 2319 Cum
397 2266 545 2321 enim
576 2279 643 2321 ea
667 2281 787 2336 quae
821 2265 873 2319 in
915 2264 1131 2320 deserto
1177 2273 1329 2333 gesta
1379 2271 1523 2327 sunt,
1550 2271 1676 2317 ante
1715 2260 1829 2315 Ma-

239 2355 370 2410 riam
421 2356 564 2413 facta
608 2357 738 2421 sint,
776 2364 836 2413 et
869 2356 1117 2412 Christus
1143 2354 1437 2411 secundum
1468 2354 1614 2408 Pauli
1644 2366 1829 2407 vocem

241 2447 327 2503 illa
355 2450 535 2504 omnia
578 2448 786 2516 fecerit,
819 2463 1042 2504 necesse
1078 2459 1160 2504 est
1198 2448 1348 2502 illum
1389 2456 1445 2503 et
1467 2454 1593 2501 ante
1623 2454 1830 2516 partum

237 2548 293 2592 et
311 2549 439 2594 ante
462 2538 880 2610 parturiiionem
900 2539 1060 2595 fuisse
1088 2557 1101 2593 :
1129 2554 1304 2609 neque
1320 2538 1460 2594 enim
1491 2541 1582 2609 qui
1609 2554 1714 2592 non
1735 2552 1833 2593 ex-

246 2630 489 2694 stitisset,
528 2640 640 2686 tam
681 2632 943 2687 mirabilia
986 2642 1148 2701 atque
1185 2631 1517 2686 incredibilia
1553 2646 1715 2700 opera
1741 2644 1834 2700 pa-

241 2726 454 2776 trasset.
477 2721 632 2776 Sicut
647 2730 826 2777 autem
849 2736 971 2777 cum
992 2721 1145 2788 dixit,
1170 2736 1361 2775 omnes
1387 2736 1481 2790 per
1496 2736 1644 2776 mare
1669 2730 1837 2775 trans-

240 2810 432 2877 ivisse,
466 2812 733 2868 Ecclesia:
759 2812 1088 2868 nobilitatem
1133 2813 1223 2867 diu
1277 2821 1402 2867 ante
1448 2814 1588 2885 typis
1613 2826 1834 2882 expres-

239 2914 350 2955 sam
380 2902 691 2958 declaravit
720 2921 734 2958 :
764 2904 842 2959 sic
860 2919 988 2959 cum
1009 2904 1162 2971 dixit,
1186 2918 1373 2958 omnes
1392 2903 1634 2959 eamdem
1658 2918 1834 2959 escam

240 2993 576 3062 spiritualem
595 2995 919 3064 comedisse,
954 2996 1181 3066 idipsnm
1226 2997 1415 3051 iterum
1458 2995 1835 3050 subindicavit.

244 3084 714 3151 Quemadmodum
742 3089 885 3143 cnim
937 3088 989 3142 in
1032 3088 1269 3143 Ecclesia
1317 3102 1421 3141 non
1460 3086 1604 3141 aliud
1647 3100 1839 3155 corpus

244 3175 413 3243 dives,
441 3178 592 3233 aliud
633 3192 858 3249 pauper,
892 3193 994 3234 nec
1012 3179 1174 3234 alium
1202 3179 1516 3248 sanguinem
1549 3178 1652 3244 hic,
1674 3177 1837 3233 alium

248 3267 337 3324 ille
352 3270 557 3341 accipit
581 3287 596 3324 :
629 3270 709 3326 sic
728 3278 784 3326 et
804 3269 896 3325 illo
915 3280 1154 3341 tempore
1174 3286 1281 3325 non
1303 3270 1444 3324 aliud
1472 3268 1622 3325 dives
1646 3285 1840 3324 manna

244 3362 473 3431 accepit,
503 3361 655 3418 aliud
700 3376 934 3433 pauper;
982 3378 1082 3418 nec
1107 3363 1330 3417 alterius
1361 3362 1453 3418 ille
1480 3361 1664 3426 fontis,
1711 3364 1843 3418 alte-

244 3450 357 3506 rius
380 3452 469 3509 hic
498 3464 559 3510 et
582 3452 955 3525 indigentioris
977 3456 1245 3528 particeps
1272 3455 1369 3509 fuit
1399 3475 1413 3511 :
1435 3454 1531 3511 sed
1547 3455 1682 3510 sicut
1702 3471 1844 3510 nunc

241 3540 432 3601 eadem
484 3544 604 3615 ipsa
657 3560 865 3613 mensa,
918 3546 1144 3618 idipsnm
1194 3547 1466 3617 poculum,
1512 3547 1653 3603 idem
1692 3548 1844 3603 cibus

245 3636 498 3692 omnibus
526 3637 636 3692 huc
664 3636 1084 3709 ingredientibus
1122 3638 1345 3694 oll‘ei-tur
1379 3657 1393 3693 :
1421 3639 1491 3693 ita
1521 3648 1577 3693 et
1602 3647 1730 3693 tunc
1757 3638 1838 3693 id-

247 3726 424 3794 ipsum
478 3744 719 3795 manna,
770 3730 910 3785 idem
959 3729 1082 3785 fons
1128 3731 1378 3785 omnibus
1423 3730 1840 3801 proponebatur.

241 3819 512 3891 Quodque
560 3822 884 3894 stupendum
912 3823 1393 3895 admirandumqiie
1434 3833 1537 3891 cst,
1572 3810 1845 3881 tentavcre

242 3914 467 3981 quidam
500 3915 599 3970 illo
624 3925 865 3986 tempore
886 3916 1026 3987 plus,
1057 3933 1216 3987 quam
1245 3933 1379 3987 opus
1407 3926 1542 3983 erat,
1572 3918 1845 3987 colligi-re,

238 4006 485 4078 nihilque
533 4008 733 4078 profuit
765 4010 875 4064 illis
902 4010 1147 4065 avaritia.
1200 4010 1395 4065 Verum
1426 4010 1599 4067 donec
1628 4012 1845 4082 aiqiiali-

245 4108 413 4154 tatem
446 4099 767 4168 servabant,
797 4116 994 4157 manna
1036 4102 1286 4158 manebat
1329 4119 1558 4169 manna;
1603 4104 1850 4159 iibi‘vero

240 4187 364 4257 plus
394 4192 656 4262 accipere
691 4192 998 4261 studebant,
1043 4193 1262 4249 .‘tVﬂl‘lllﬂ
1298 4210 1490 4248 manna
1533 4195 1585 4249 in
1636 4210 1848 4250 vermes

242 4284 497 4338 mutabat
533 4302 549 4339 :
581 4285 826 4353 quamvis
857 4285 959 4340 hoc
985 4302 1091 4340 non
1122 4301 1242 4341 cum
1270 4287 1595 4343 detrimento
1624 4288 1848 4342 aliorum

238 4368 530 4428 faciebant
562 4392 576 4427 :
605 4389 711 4428 non
753 4375 897 4429 enim
938 4376 1169 4447 proximi
1214 4392 1392 4433 escam
1432 4378 1692 4448 rapiendo
1734 4380 1852 4449 plus
1910 4372 1925 4391 ‘

188 4464 628 4549 .colligebant,
678 4475 915 4522 attamen
976 4466 1097 4539 quia
1170 4470 1289 4539 plus
1354 4471 1850 4541 conenpiscehant,

238 4554 492 4611 damnati
522 4565 674 4613 sunt.
707 4558 857 4616 Licet
884 4561 1028 4616 enim
1074 4561 1375 4631 proximum
1420 4579 1523 4618 non
1573 4564 1851 4631 laederent,

235 4648 342 4702 sibi
377 4658 574 4704 tamen
617 4650 908 4706 maximum
959 4651 1214 4707 damnum
1245 4652 1559 4721 aﬂ‘erebant,
1600 4669 1720 4709 cum
1753 4655 1855 4710 hoc

236 4739 555 4811 colligendi
573 4740 733 4797 modo
749 4743 987 4798 avaritia:
1012 4753 1405 4800 assuescerent.
1425 4745 1608 4815 Itaque
1626 4745 1853 4816 idipsnm

234 4831 401 4886 simul
436 4841 499 4887 et
528 4847 659 4887 esca
688 4844 803 4889 erat
832 4844 888 4890 et
915 4835 1008 4890 Dei
1034 4836 1355 4907 cognitionis
1383 4836 1624 4892 doctrina
1658 4856 1672 4892 :
1696 4838 1855 4894 simul

236 4937 484 4993 corpora
531 4925 829 4993 nutriebat,
858 4936 912 4982 et
939 4928 1219 4984 erudiebat
1255 4928 1527 4996 animum;
1556 4944 1732 5000 neque
1762 4946 1860 4984 nu-

236 5014 446 5069 triebat
474 5022 717 5080 tantum,
747 5016 842 5073 sed
874 5017 1037 5074 etiam
1065 5034 1096 5074 a
1124 5019 1309 5077 labore
1343 5023 1633 5079 eximebat.
1673 5022 1858 5094 Neque

232 5106 388 5160 enim
422 5119 579 5176 opus
602 5116 718 5163 erat
738 5108 967 5181 jungere
1007 5110 1197 5179 boves,
1245 5124 1483 5170 aratrum
1513 5114 1745 5185 trahere,
1771 5116 1857 5171 vel

234 5206 450 5253 terram
476 5198 727 5267 sulcare,
746 5203 832 5257 vel
864 5218 959 5273 per
976 5218 1176 5260 annum
1198 5218 1545 5277 exspectare;
1569 5209 1662 5265 sed
1682 5209 1860 5265 subito

233 5290 565 5360 appositam
618 5290 886 5349 hauebant
929 5310 1191 5364 mensam,
1236 5307 1532 5368 recentem,
1581 5315 1774 5356 novam
1805 5310 1862 5357 et

228 5381 631 5449 quotidianam
659 5401 672 5436 :
698 5383 963 5456 rebusque
1004 5386 1133 5457 ipsis
1175 5388 1456 5444 discehant
1488 5392 1859 5460 evangelicum

232 5471 372 5526 illud
420 5482 798 5542 praeceptum,
846 5491 952 5531 non
996 5477 1194 5534 debere
1222 5481 1531 5550 quempiam
1575 5481 1859 5538 sollicitum

229 5577 364 5618 esse
411 5563 472 5617 in
505 5564 809 5619 crastinum
834 5630 846 5638 ,
866 5565 1080 5639 (Matth.
1108 5567 1161 5623 6.
1202 5569 1294 5639 54)
1325 5586 1338 5622 :
1371 5569 1512 5625 nulla
1540 5572 1737 5642 quippe
1760 5573 1864 5628 uti-

232 5653 367 5709 litas
391 5670 468 5710 ex
501 5654 614 5708 hac
655 5655 1019 5713 sollicitudine
1055 5661 1504 5731 consequebatur.
1536 5663 1690 5729 Quod
1719 5667 1860 5721 enim

234 5744 363 5814 plus
395 5744 690 5816 quispiam
720 5747 1029 5818 colligebat,
1079 5750 1521 5820 corrumpebatur
1546 5763 1604 5809 et
1631 5756 1859 5824 peribat,

237 5849 411 5909 atque
444 5848 837 5909 argumentum
883 5842 1117 5898 avaritia:
1148 5842 1321 5899 solum
1359 5847 1625 5903 manebat.
1660 5849 1859 5905 Deinde

1026 410 1093 467 IN
1130 408 1385 467 DICTUM
1424 407 1650 475 PAULI,
1690 404 1872 461 Νοιο
1915 402 2045 459 VOS
2088 404 2459 470 lGNORARE,
2502 407 2660 464 E'i‘C.

3393 408 3497 461 230

1918 539 1985 578 ne
2033 532 2282 593 putarent
2322 523 2545 578 imbrem
2589 523 2735 577 illum
2772 536 2836 577 ex
2878 530 3079 577 naturai
3114 524 3502 579 consuetudine

1914 633 2155 679 manare,
2190 618 2241 670 in
2273 617 2359 671 dic
2405 616 2615 671 sabbati
2656 614 2790 670 nihil
2832 614 3141 685 bujusmodi
3179 616 3358 682 fiebat,
3394 615 3504 671 Deo

1919 709 2035 764 huic
2065 720 2289 780 utraque
2320 709 2465 779 ipsos
2492 708 2758 774 docente;
2801 708 2942 779 quod
2972 708 3179 763 scilicet
3210 710 3324 778 ipse
3366 725 3503 777 pra-.-

1916 805 2087 859 teritis
2115 803 2305 858 diebus
2326 803 2465 857 hanc
2490 799 2788 858 mirabilem
2810 802 3044 873 pluviam
3067 808 3319 870 operatus
3339 810 3506 862 esset,

1916 895 2138 966 etquod
2172 895 2267 950 illo
2291 895 2379 949 die
2408 895 2640 965 pluviam
2683 894 2806 949 ideo
2826 892 3122 956 cohiberet,
3156 903 3209 945 ιιι
3245 891 3327 946 vel
3359 893 3508 946 inviti

1916 986 2189 1042 discerent
2218 985 2308 1040 illo
2347 985 2434 1040 die
2464 984 2664 1040 feriari.
2702 984 2886 1054 Neque
2915 1000 2982 1038 ex
3003 985 3123 1039 cibo
3154 991 3384 1048 tantum,
3410 983 3507 1036 scil

1918 1079 2078 1133 etiam
2103 1093 2169 1131 ex
2198 1076 2534 1131 vestimentis
2560 1084 2615 1130 et
2639 1075 3017 1130 calceamentis
3034 1084 3088 1129 et
3103 1089 3166 1129 ex
3191 1075 3311 1127 aliis
3331 1073 3511 1128 omni-

1920 1169 2042 1234 bus,
2069 1168 2252 1224 videre
2268 1175 2387 1223 erat
2413 1167 2604 1221 tradita
2626 1166 2887 1236 apostolis
2909 1165 3156 1219 mandata
3180 1164 3353 1234 reipsa
3375 1178 3514 1218 com-

1921 1264 2085 1334 pleta.
2127 1261 2313 1332 Neque
2337 1261 2478 1315 enini
2514 1259 2734 1314 domum
2764 1257 3056 1324 habebant,
3108 1273 3217 1312 non
3250 1272 3510 1322 mensam,

1922 1369 2029 1408 non
2058 1352 2282 1420 lectum,
2313 1367 2422 1407 non
2451 1362 2653 1406 vestem
2686 1349 3046 1415 mutatoriam,
3086 1364 3260 1419 neque
3281 1349 3511 1409 calceos.

1925 1446 2037 1501 Deo
2067 1446 2145 1500 sic
2186 1445 2558 1514 dispensante.
2586 1442 2723 1499 Vide
2752 1451 2947 1514 quanta
2978 1443 3049 1497 sit
3091 1441 3300 1497 Veteris
3326 1440 3516 1496 Testa-

1929 1540 2096 1595 menti
2124 1554 2245 1593 cum
2270 1537 2422 1593 Novo
2438 1535 2687 1591 affinitas.
2710 1533 3171 1603 Quemadmodum
3194 1534 3337 1588 enim
3363 1532 3519 1587 Chri-

1925 1641 2040 1685 stus
2078 1630 2353 1700 apostolos
2388 1628 2604 1683 deiniim
2655 1625 2725 1682 ad
2763 1642 2826 1682 ca
2865 1642 2984 1696 quae
3024 1624 3327 1680 necessaria
3366 1631 3520 1678 erant

1928 1720 2261 1781 informavit.
2297 1721 2378 1776 sic
2403 1730 2457 1775 et
2488 1718 2592 1773 illis
2618 1719 2742 1771 vita:
2789 1716 2983 1772 modus
3024 1717 3306 1786 adaptatus
3334 1721 3436 1782 est,
3468 1725 3522 1767 et

1928 1814 2104 1868 Omnis
2120 1822 2368 1868 creatura
2390 1812 2456 1866 ad
2480 1808 2840 1865 mini:terium
2862 1824 3049 1864 eorum
3070 1814 3363 1877 praeparata
3384 1815 3518 1860 erat.

1930 1904 1998 1959 Et
2021 1919 2139 1969 cur,
2171 1903 2401 1974 inquies,
2429 1901 2545 1957 hinc
2568 1901 2702 1955 facta
2732 1899 2896 1954 sunt?
2925 1899 3075 1970 ipsos
3099 1898 3152 1952 in
3183 1912 3347 1951 unum
3370 1895 3519 1951 orhis

1933 1998 2107 2052 locum
2130 1996 2480 2051 conclusurus
2502 2003 2634 2058 erat,
2656 2003 2711 2049 et
2737 1992 3086 2048 mandaturus
3106 1991 3182 2045 eis
3204 2001 3258 2044 ut
3279 1990 3378 2044 sibi
3399 2005 3520 2059 per-

1933 2097 2097 2157 petuo
2132 2088 2241 2142 illic
2268 2088 2656 2150 ministrarent,
2681 2099 2743 2139 ac
2771 2100 2942 2155 neque
2972 2084 3224 2153 templum
3249 2083 3331 2137 vel
3358 2082 3527 2136 altare

1933 2183 2061 2236 alibi
2092 2197 2187 2250 per
2213 2181 2398 2236 orbem
2428 2187 2844 2243 construerent;
2885 2176 2983 2234 sed
3032 2177 3329 2231 oblationes
3359 2182 3414 2229 et
3442 2189 3528 2227 sa-

1934 2273 2135 2328 criﬁcia
2163 2287 2259 2328 sua
2287 2271 2415 2327 illuc
2443 2271 2717 2335 afferrent,
2748 2268 2880 2324 festa
2912 2268 3264 2332 celebrarent,
3290 2267 3528 2337 legerent

1938 2364 2132 2434 legem,
2162 2372 2217 2419 et
2237 2376 2427 2417 omnes
2447 2362 2584 2416 alios
2609 2360 3048 2416 sanctificationis
3075 2359 3217 2413 illius
3246 2358 3381 2413 ritus
3410 2373 3529 2427 per-

1937 2452 2178 2508 ﬁcerent.
2203 2452 2281 2508 Ne
2307 2453 2466 2523 igitur
2486 2467 2551 2507 ex
2574 2450 2794 2507 deﬁnito
2816 2450 3095 2505 ministerii
3118 2450 3222 2505 ritu
3245 2449 3530 2520 providen-

1939 2546 2066 2598 tiam
2095 2558 2245 2599 suam
2278 2544 2386 2598 illic
2410 2542 2655 2598 concludi
2688 2550 2957 2612 putarent,
3005 2557 3169 2612 seque
3217 2541 3380 2595 Deum
3402 2555 3531 2611 par-

1943 2638 2220 2693 ticularem
2254 2638 2396 2691 illius
2424 2636 2527 2690 loci
2556 2636 2857 2698 crederent,
2901 2634 3048 2704 prius
3086 2635 3336 2688 virtutem
3380 2647 3530 2688 suain

1942 2729 1997 2784 in
2022 2730 2199 2783 aliena
2231 2738 2372 2783 terra
2401 2727 2662 2790 exhibuit,
2702 2726 2756 2780 in
2804 2725 3059 2796 Egypto,
3093 2727 3144 2778 iu
3175 2724 3409 2789 deserto,
3441 2723 3531 2777 ubi

1942 2836 2105 2876 nemo
2142 2821 2232 2891 qui
2259 2836 2317 2875 se
2345 2821 2565 2887 coleret,
2598 2834 2759 2874 nemo
2799 2826 2913 2872 erat
2942 2818 3030 2888 qui
3071 2832 3131 2871 se
3155 2815 3406 2870 ailoraret
3437 2831 3449 2866 :
3478 2824 3535 2869 et

1943 2914 2229 2968 contrariis
2257 2913 2416 2967 rebus
2440 2920 2687 2966 creatura
2719 2910 3008 2975 serviebat,
3045 2906 3296 2977 Operihus
3315 2906 3425 2960 suis
3450 2905 3535 2959 vel

1944 3003 2237 3059 incredulis
2279 3002 2532 3068 suadens,
2572 3010 2633 3058 ut
2673 3001 3004 3056 creationem
3051 3000 3118 3053 ab
3165 2998 3412 3053 initioab
3446 2997 3538 3051 illo

1946 3094 2138 3150 factam
2182 3102 2552 3164 agnoscerent.
2604 3091 2814 3147 Etenim
2865 3106 3014 3145 mare
3057 3090 3191 3144 alios
3235 3088 3535 3149 sull'ocavit,

1944 3187 2079 3242 alios
2118 3188 2384 3253 servavit;
2428 3201 2523 3241 aer
2567 3199 2712 3240 nunc
2747 3183 3094 3253 grandinem,
3136 3196 3245 3251 quo
3283 3179 3541 3234 barbaros

1950 3281 2223 3351 perderet,
2258 3294 2398 3334 nunc
2438 3293 2654 3343 manna,
2689 3286 2747 3331 ut
2772 3275 2987 3331 Judazos
3022 3274 3210 3340 aleret,
3240 3272 3534 3328 emittebat.

1949 3372 2187 3429 Rursum
2217 3382 2377 3438 terra,
2407 3386 2551 3426 nunc
2577 3369 2848 3438 sciniphes
2872 3368 2939 3422 ad
2971 3365 3304 3421 ulciscendos
3334 3365 3539 3429 hostes,

1949 3481 2093 3522 nunc
2121 3465 2449 3520 coturnicem
2492 3463 2560 3517 ad
2599 3462 2824 3517 salutem
2857 3474 3077 3515 suorum
3118 3455 3391 3521 ell'erebat.
3433 3454 3542 3509 lllis

1951 3555 2183 3611 interdiu
2215 3557 2472 3618 tenebrae,
2506 3553 2588 3608 his
2616 3562 2777 3608 noctu
2806 3550 2897 3605 lux
2939 3550 3144 3604 aderat.
3195 3546 3427 3622 Aigyptii
3454 3546 3543 3600 in-

1956 3647 2291 3703 terﬂuentem
2318 3646 2579 3700 habentes
2602 3643 2803 3707 Nilum,
2831 3642 2916 3696 siti
2945 3650 2999 3695 et
3018 3641 3257 3695 siccitate
3280 3637 3540 3708 peribant;

1952 3740 2006 3796 lii
2034 3748 2210 3794 autem
2257 3738 2309 3793 in
2351 3738 2562 3793 deserto
2611 3735 2760 3789 arido
2781 3742 2836 3789 et
2860 3737 3004 3787 sicco
3039 3740 3215 3786 castra
3242 3739 3505 3784 metantes
3526 3769 3542 3793 ,

1952 3834 2119 3888 inulta
2158 3830 2472 3887 fruebantur
2511 3843 2769 3899 aquarum
2811 3827 2963 3895 copia
3006 3842 3019 3878 :
3062 3831 3118 3877 et
3166 3824 3283 3876 illos
3326 3821 3543 3891 quidem

1954 3938 2097 3978 ranae
2116 3920 2511 3993 oppugnabant,
2546 3918 2647 3973 bos
2674 3928 2849 3972 autem
2880 3931 2945 3971 ne
2963 3915 3201 3987 gigantes
3224 3911 3435 3983 quidem
3460 3924 3547 3963 ca-

1957 4033 2083 4088 pere
2115 4023 2383 4087 poterant.

2028 4109 2081 4164 6.
2122 4107 2230 4163 Sed
2259 4122 2356 4161 cur
2378 4105 2495 4160 haec
2517 4103 2671 4159 nobis
2698 4109 3086 4157 commemorat
3111 4099 3301 4153 beatus
3323 4094 3550 4152 Paulus?

1957 4201 2039 4256 0b
2065 4215 2184 4255 eam
2215 4213 2452 4262 causam,
2497 4212 2657 4268 quam
2698 4195 2850 4250 initio
2894 4194 3047 4249 vobis
3090 4192 3199 4247 dixi
3233 4209 3247 4244 :
3276 4199 3337 4246 ut
3377 4189 3552 4244 discas

1960 4308 2136 4363 neque
2185 4291 2532 4360 baptismum,
2566 4303 2745 4358 neque
2785 4294 3126 4356 peccatorum
3156 4282 3547 4342 remissionem,

1961 4400 2066 4438 non
2087 4383 2388 4449 scientiam,
2410 4394 2516 4436 non
2540 4378 2916 4450 mysteriorum
2939 4375 3423 4447 participationem,
3443 4386 3551 4424 non

1961 4489 2202 4530 mensam
2238 4488 2467 4537 sacram,
2498 4487 2605 4525 non
2633 4469 2873 4538 corporis
2921 4466 3250 4525 fruitionem,
3295 4479 3399 4517 non
3429 4477 3555 4517 san-

1960 4566 2137 4637 guinis
2160 4561 2624 4633 participationem
2658 4600 2673 4624 ,
2697 4574 2798 4614 nec
2823 4557 2966 4612 aliud
2994 4555 3266 4627 quidpiam
3302 4552 3555 4623 prodesse

1963 4655 2137 4719 nobis,
2163 4653 2262 4707 nisi
2284 4655 2445 4707 vitam
2478 4659 2704 4716 rectam,
2733 4648 3054 4714 mirabilem,
3085 4654 3140 4701 et
3166 4645 3311 4700 omni
3335 4653 3557 4715 peccato

1963 4747 2186 4803 liberam
2214 4745 2493 4800 ducamus.
2525 4740 2678 4810 Quod
2706 4740 2849 4796 enim
2878 4738 2995 4795 hiec
3025 4738 3146 4793 ideo
3169 4750 3560 4793 commemora-

1963 4839 2101 4894 verit
2139 4836 2393 4903 ostendit,
2441 4849 2563 4890 cum
2610 4842 2893 4905 postquam
2943 4834 3291 4888 recensuerat
3332 4832 3557 4885 formam

1966 4931 2216 5001 baptismi
2247 4945 2344 5000 per
2385 4943 2533 4982 mare
2573 4938 2630 4982 et
2665 4942 2763 4997 per
2804 4926 3024 4991 nubem,
3076 4926 3562 4996 mysteriorumque

1968 5033 2151 5095 typum
2182 5038 2278 5092 per
2304 5036 2499 5077 manna
2523 5029 2578 5075 et
2610 5036 2706 5090 per
2733 5028 2939 5091 petram
2969 5019 3021 5077 in
3046 5017 3230 5072 Veteri
3252 5016 3393 5088 Lege
3418 5030 3560 5085 pra:-

1971 5118 2252 5188 liguratum
2300 5114 2678 5184 descripserat,
2729 5127 2793 5168 ac
2839 5112 3067 5179 dixerat,
3108 5111 3295 5166 Omnes
3333 5109 3558 5164 eamdem

1969 5225 2136 5263 escam
2164 5207 2481 5277 spiritualeiii
2501 5205 2844 5270 comederunt,
2875 5212 2922 5257 et
2948 5201 3179 5257 eumdem
3210 5210 3379 5270 potum
3405 5198 3559 5268 spiri-

1972 5298 2164 5355 tualem
2186 5297 2455 5361 biberunt;
2483 5295 2681 5366 adjecit
2711 5293 2897 5350 dicens
2922 5312 2936 5348 :
2965 5290 3073 5346 Sed
3113 5307 3212 5344 non
3250 5290 3303 5341 in
3332 5286 3560 5357 pluribus

1968 5406 2144 5444 eorum
2185 5387 2555 5458 beiieplucitum
2580 5394 2651 5441 est
2681 5384 2810 5439 Deo.
2857 5384 2984 5438 Post
3014 5389 3093 5436 tot
3120 5389 3369 5447 tantaque
3397 5377 3561 5430 mira-

1969 5483 2110 5550 cula,
2140 5483 2331 5554 inquit,
2363 5497 2469 5536 non
2510 5479 2696 5535 dilexit
2731 5492 2825 5533 eos
2859 5476 3017 5529 Deus.
3067 5472 3173 5527 Sed
3215 5468 3380 5539 quid?
3430 5468 3560 5523 ιντο-

1970 5575 2119 5630 strati
2144 5583 2265 5628 sunt
2301 5574 2357 5626 in
2401 5571 2617 5625 deserto.
2648 5568 2754 5623 Cur
2784 5567 2960 5633 itaque
2996 5563 3112 5617 huic
3149 5560 3324 5626 nobis,
3372 5559 3559 5625 Paule,

1971 5667 2201 5724 narras?
2235 5664 2358 5719 Hac
2385 5672 2552 5717 autem
2594 5661 2647 5713 in
2673 5659 2839 5728 ﬁgura
2869 5660 3008 5727 facta
3033 5665 3152 5710 sunt
3194 5653 3354 5717 nobis,
3382 5662 3434 5706 ut
3460 5667 3561 5706 ηαι

1971 5759 2130 5812 simus
2161 5755 2571 5820 concupisreiites
2611 5750 2883 5814 malorum,
2931 5748 3062 5802 sicut
3101 5756 3147 5801 et
3175 5747 3252 5802 illi
3293 5745 3563 5812 concupie-

1973 5859 2092 5904 runt
2134 5861 2153 5900 :
2188 5861 2345 5915 neque
2386 5841 2675 5898 idololatria
2724 5840 2989 5912 efﬁciamur
3014 5879 3031 5907 ,
3080 5841 3206 5895 sicut
3252 5835 3459 5907 quidam
3495 5853 3559 5893 ex
