4006 6420
495 397 596 453 ἓὲίι
1175 397 1232 455 S.
1274 398 1486 453 JOANN
1495 399 1555 453 IS
1591 397 2075 456 CHRYSOSTOMI

2153 400 2439 461 tliClllEl’.
2480 406 3012 466 CONSTANTINOP.
3644 416 3735 472 23'!

495 515 667 579 ipsis;
705 511 1140 581 quemadmodum
1186 510 1441 580 scriptum
1484 521 1561 565 est
1607 527 1623 566 :
1669 509 1816 565 Sedit
1853 512 2076 581 populus
2184 528 2239 571 et
2287 517 2625 589 hodiernum,
2676 523 2816 577 illius
2855 525 3137 593 gubernari
3167 526 3403 596 legibus,
3453 531 3623 586 omnia
3665 534 3741 590 illa

495 604 826 658 manducare
862 613 910 657 et
956 602 1156 663 bibere,
1201 612 1249 657 et
1296 612 1637 657 surrexerunt
1689 604 1885 658 ludere.
1940 606 2077 661 Vide
2183 614 2654 679 commemoravit,
2702 628 2765 667 ac
2809 609 2968 681 dixit,
3014 616 3097 669 Ad
3133 629 3356 671 nostram
3407 623 3745 688 correptionem

493 693 650 748 Pauli
698 694 1065 764 prudentiam.
1116 694 1256 747 Dixit
1298 705 1579 761 peccatmn
1603 736 1620 760 ,
1666 694 1806 749 dixit
1851 711 2073 750 causam
2183 701 2374 771 scripta
2399 710 2535 757 sunt.
2566 701 2691 759 Haec
2722 704 2882 773 igitur
2899 719 3021 760 cum
3048 707 3305 772 sciamus,
3334 717 3386 764 et
3418 710 3684 778 praeteritis
3702 725 3749 768 et

498 790 726 859 peccati,
771 790 904 844 dixit
943 805 1159 862 pinnam
1202 799 1420 862 propter
1458 801 1732 860 peccatum
1772 790 2022 845 inﬂictam
2067 805 2081 844 :
2188 790 2382 847 futuris
2406 792 2710 849 credamus.
2756 795 2815 850 Si
2840 810 2972 851 vero
3011 798 3244 868 quipiam
3286 799 3412 865 sint,
3457 803 3545 870 qui
3581 798 3749 858 futuris

502 879 586 933 his
614 893 711 933 nos
739 879 1011 944 erudiens,
1043 891 1100 934 ut
1122 895 1190 934 no
1219 881 1338 935 illos
1358 882 1647 935 imitemur.
1677 879 1849 935 Causa
1880 881 2084 950 peccati
2192 897 2297 938 non
2325 884 2566 947 credant,
2596 899 2626 938 a
2649 888 2938 953 praeteritis
2967 902 3061 942 eos
3086 889 3152 943 ad
3180 889 3392 946 virtutis
3418 892 3643 946 studium
3664 892 3748 947 de-

500 968 597 1023 fuit
623 969 785 1038 gula:
822 969 968 1024 Sedit
998 970 1219 1040 populus
1260 972 1571 1025 manducare
1596 980 1645 1024 et
1681 970 1863 1024 bibere.
1890 971 2085 1025 Pecca-
2192 974 2470 1041 ducamus,
2517 977 2602 1031 illa
2649 988 2930 1034 narrantes
2970 997 3090 1048 qua:
3133 980 3424 1036 Sodomitis
3449 982 3748 1047 acciderunt,

501 1069 634 1124 tum,
668 1059 782 1130 ipse
808 1060 979 1115 lusus.
1028 1060 1231 1116 Deinde
1256 1074 1435 1130 paena,
1466 1060 1725 1118 Proetrati
1760 1070 1879 1114 sunt
1916 1061 1970 1114 in
1995 1060 2085 1113 de-
2191 1079 2311 1135 qua:
2342 1067 2394 1119 in
2421 1065 2622 1121 diluvio
2650 1067 2800 1133 item,
2828 1084 2947 1137 qua:
2998 1069 3049 1123 in
3091 1068 3327 1142 ,λεωριο
3351 1084 3749 1126 commemoran-

494 1162 646 1206 serto.
680 1153 875 1207 lterum
918 1168 1064 1218 vero,
1110 1152 1193 1207 Ne
1224 1154 1533 1224 fornicemttr
1566 1194 1582 1219 ,
1611 1155 1739 1206 sicut
1763 1152 1967 1223 quidam
2000 1167 2088 1205 eo-
2194 1165 2305 1222 tes;
2334 1164 2391 1209 ut
2414 1155 2640 1211 aliorum
2681 1159 2854 1226 poenis
2886 1158 2954 1213 ad
2990 1160 3263 1214 meliorem
3295 1157 3502 1229 frugem
3548 1162 3748 1221 reducti.

495 1260 610 1297 rum
635 1244 874 1312 fornicati
915 1254 1051 1301 sunt.
1081 1245 1180 1300 Hic
1204 1260 1419 1301 causam
1449 1245 1813 1301 fornicationis
1842 1260 1951 1299 non
1988 1259 2088 1314 po-
2195 1246 2467 1316 vitamque
2489 1256 2712 1317 agentes
2735 1248 3011 1317 optimam,
3035 1249 3331 1304 doctrinam
3360 1251 3571 1305 demum
3594 1253 3655 1305 de
3678 1264 3753 1321 ge-

498 1336 626 1401 suit,
672 1336 768 1391 sed
812 1351 1046 1407 pinnam.
1093 1336 1264 1404 Quam
1295 1351 1431 1393 vero
1454 1337 1635 1392 illam?
1665 1335 1963 1391 Ceciderunt
1990 1351 2093 1389 una
2199 1335 2376 1390 henna
2406 1344 2462 1390 et
2489 1336 2557 1392 de
2587 1339 2984 1395 resurrectione
3013 1340 3316 1395 admittant.
3344 1339 3753 1410 Quandoquidem

500 1427 583 1480 die
629 1427 811 1498 viginti
863 1428 960 1482 tria
997 1428 1182 1482 millia.
1230 1430 1337 1482 Cur
1389 1441 1565 1483 autem
1607 1429 1941 1484 occasionem
1986 1442 2092 1482 non
2198 1433 2251 1479 et
2281 1440 2424 1480 nunc
2447 1428 2536 1495 qui
2555 1426 2815 1495 judicium
2838 1442 2942 1483 non
2970 1429 3213 1496 credunt,
3247 1431 3461 1484 nonnisi
3485 1438 3755 1499 acorrupta

506 1516 664 1581 dixit,
694 1533 761 1573 ex
807 1534 914 1589 qua
946 1518 1229 1574 fornicatio
1270 1529 1384 1574 orta
1407 1520 1525 1575 est?
1553 1519 1820 1575 Studiosis
1855 1520 2091 1590 reliquit,
2197 1519 2303 1571 vita
2326 1526 2381 1572 et
2411 1533 2576 1587 prava
2604 1521 2932 1575 conscientia
2982 1520 3061 1575 sic
3103 1520 3282 1575 affecti
3329 1531 3475 1575 sunt.
3521 1521 3686 1590 Itaque
3718 1521 3755 1574 si

504 1618 564 1663 ut
591 1607 872 1664 historiam
900 1609 1130 1677 adirent,
1159 1620 1214 1666 et
1242 1611 1474 1667 radicem
1499 1612 1629 1667 mali
1671 1612 1958 1668 discerent.
1998 1613 2096 1667 Hic
2203 1615 2417 1677 peccata
2447 1608 2711 1677 eluamus,
2742 1619 2796 1664 et
2840 1620 2985 1665 metu
3034 1612 3427 1680 praeteritorum
3455 1626 3549 1665 nos
3573 1610 3759 1665 erudia-

506 1709 591 1753 est
619 1700 897 1756 medicina:
923 1701 1134 1766 modus,
1162 1701 1346 1759 dicere
1385 1719 1577 1772 nempe
1617 1704 1759 1758 unde
1804 1714 2098 1759 nascantur
2202 1713 2345 1764 mus,
2377 1700 2535 1754 etiam
2582 1699 2879 1755 doctrinam
2909 1700 2977 1755 de
3016 1698 3206 1755 futuris
3232 1699 3516 1756 admittere
3541 1699 3759 1755 suadebi-

511 1791 708 1857 morbi,
748 1802 816 1865 et.
849 1794 1084 1849 remedia
1137 1794 1394 1850 adhibere
1439 1797 1768 1852 vulneribus.
1813 1797 2096 1865 Propterea
2203 1805 2343 1844 mus.
2375 1789 2834 1857 Quemadmodum
2864 1790 3004 1844 enim
3038 1804 3199 1859 prava
3227 1788 3476 1860 dogmata
3499 1791 3647 1844 vitam
3672 1789 3759 1843 im-

509 1888 640 1942 dicit
672 1905 685 1940 :
717 1886 841 1941 Ila’c
879 1898 1047 1942 autem
1080 1890 1253 1943 omnia
1298 1890 1351 1943 in
1391 1890 1561 1960 ﬁgura
1595 1888 1947 1960 contingebant
1975 1889 2091 1954 illis,

2209 1896 2394 1948 puram
2450 1879 2707 1935 inducere
2759 1880 2953 1945 solent,
3004 1881 3081 1935 sic
3122 1887 3179 1933 et
3223 1886 3472 1951 corrupta
3498 1881 3599 1933 vita
3624 1893 3761 1948 prava

511 1979 705 2049 scripta
732 1989 851 2034 sunt
898 1990 1066 2034 autem
1105 1980 1172 2034 ad
1215 1981 1587 2049 correptionem
1635 1991 1880 2035 nostrum.
1921 1979 2103 2050 Itaque
2207 1972 2456 2043 dogmata
2499 1972 2814 2042 plerumque
2862 1973 3084 2042 peperit.
3129 1971 3285 2039 Quod
3324 1986 3393 2027 ne
3433 1972 3688 2040 centingat
3720 1980 3767 2024 et

515 2071 606 2141 qui
632 2070 759 2126 fecit
788 2070 897 2137 illa,
925 2080 981 2125 et
1009 2072 1280 2142 improbos
1306 2073 1447 2126 ultus
1475 2081 1576 2136 est,
1608 2073 1655 2127 is
1689 2069 1807 2141 ipse
1840 2085 1980 2125 nunc
2006 2085 2103 2126 nos
2212 2063 2367 2117 nobis
2394 2062 2544 2131 ipsiS.
2572 2069 2627 2116 et
2645 2062 2785 2126 aliiS.
2811 2062 2927 2117 [nec
2952 2062 3304 2116 vociferantes
3331 2062 3496 2116 verba
3519 2069 3570 2116 et
3594 2068 3765 2115 rectam

515 2163 788 2229 admonet,
833 2178 939 2219 non
988 2164 1166 2219 verbis
1204 2174 1429 2232 tantum,
1474 2164 1568 2221 sed
1608 2163 1767 2219 rebus
1817 2165 1984 2234 ipsis;
2013 2164 2097 2233 qui

2212 2152 2371 2210 fidem
2409 2166 2706 2218 servemus,
2738 2161 2793 2208 et
2847 2153 2971 2206 vita:
3018 2152 3316 2206 institutum
3361 2153 3614 2221 optimum
3641 2149 3764 2204 exhi-

520 2256 785 2310 tnaxiunts
815 2264 900 2310 est
925 2255 1306 2311 admonitionis
1334 2257 1542 2312 modus.
1569 2255 1813 2310 Vidistin’
1838 2254 2108 2325 quomodo
2215 2248 2457 2313 beamus,
2507 2244 2935 2316 quandoquidem
2971 2260 2999 2297 a
3040 2244 3195 2298 nobis
3224 2259 3290 2299 ex
3319 2244 3468 2299 omni
3512 2250 3651 2312 parte
3687 2238 3771 2295 de-

517 2349 588 2403 iis
607 2349 692 2419 qui
722 2348 773 2402 in
803 2349 973 2419 gratia
1003 2356 1144 2414 sunt,
1170 2363 1310 2415 eum,
1348 2349 1438 2418 qui
1467 2348 1520 2402 in
1556 2347 1731 2402 Veteri
1763 2346 1865 2402 hoc
1883 2345 2107 2410 fecerat,
2216 2346 2571 2394 monstratum
2609 2344 2711 2402 est,
2741 2336 2857 2391 sine
2896 2335 3061 2406 proba
3089 2334 3194 2388 vita
3234 2335 3439 2388 nullam
3484 2332 3594 2387 fore
3620 2338 3771 2386 recto-

518 2439 828 2510 magistrum
855 2440 1163 2505 instituerit,
1193 2439 1485 2495 ostendens
1511 2438 1761 2493 eumdem
1793 2438 1968 2507 ipsum
1990 2451 2112 2491 esse
2216 2446 2335 2485 rum
2375 2430 2685 2500 dogmatum
2714 2428 3017 2483 utilitatem.
3049 2426 3167 2482 Fiat
3195 2436 3374 2481 autem
3406 2424 3645 2495 precibus
3669 2435 3773 2477 san-

522 2529 611 2599 qui
636 2537 688 2583 et
716 2529 802 2585 illa
828 2528 1047 2597 fecerat,
1072 2538 1128 2584 et
1154 2530 1265 2585 haec
1289 2545 1384 2600 per
1402 2530 1575 2599 ipsum
1604 2528 1958 2599 loquebatur?
1978 2527 2111 2582 Nam
2217 2530 2448 2589 ciorum,
2477 2529 2531 2576 et
2558 2520 2843 2590 praesulum
2872 2518 3131 2605 omnium,
3162 2526 3222 2572 ut
3260 2524 3316 2572 e‘t
3342 2526 3491 2570 recta
3533 2514 3770 2583 dogmata,

522 2622 567 2693 si
595 2624 802 2678 alienus
824 2623 1032 2691 fuisset,
1061 2638 1395 2693 nequaquam
1422 2624 1507 2678 illa
1534 2622 1723 2677 horum
1746 2622 1991 2692 figuram,
2012 2634 2104 2675 nec

2219 2626 2341 2683 quae
2369 2624 2400 2665 a
2426 2610 2719 2679 majoribus
2746 2610 2873 2664 olim
2901 2609 3227 2676 accepimus,
3259 2618 3391 2678 pura
3415 2616 3709 2664 servemus;
3734 2609 3776 2654 et

524 2690 592 2767 ad
621 2713 1015 2784 eorreptionem
1057 2690 1292 2769 nostram
1337 2729 1400 2768 ea
1438 2712 1635 2783 scripta
1677 2690 1838 2767 fuisse
1867 2710 2113 2775 dixisset,
2223 2705 2386 2758 vitam
2416 2703 2547 2773 ipsis
2573 2710 2956 2772 congruentem
2984 2699 3319 2792 adjiciamus,
3351 2696 3679 2792 utLpromissa
3696 2693 3777 2792 bo:

532 2820 705 2876 neque
734 2807 1046 2877 magistrum
1075 2807 1228 2861 nobis
1255 2807 1591 2871 instituisset,
1619 2820 1777 2874 quem
1807 2818 1913 2860 non
1936 2811 2114 2874 putas-

2226 2810 2294 2850 na
2317 2808 2728 2863 consequamur,
2762 2795 2928 2863 gratia
2957 2798 3012 2845 et
3048 2790 3372 2860 benignitate
3404 2786 3613 2843 Domini
3638 2786 3778 2838 nostri

526 2906 612 2953 set
626 2875 753 2952 esse
782 2875 985 2953 Deum:
1015 2912 1189 2967 neque
1217 2898 1285 2951 ab
1315 2897 1400 2962 iis,
1425 2913 1545 2967 qua:
1573 2905 1701 2950 tunc
1723 2894 1862 2950 facta
1884 2892 2116 2957 fuerant,
2223 2888 2354 2945 Jesu
2379 2886 2602 2951 Christi,
2626 2886 2840 2956 quicqu
2874 2883 3014 2938 Patri
3050 2881 3313 2950 simulque
3347 2888 3538 2934 sancto
3574 2875 3779 2946 Spiritui.

527 3001 630 3042 nos
682 2989 993 3054 terruisset,
1040 2988 1193 3058 quasi
1233 2988 1286 3041 iu
1339 2988 1480 3043 illius
1535 3002 1723 3041 manus
1771 2986 2119 3041 deventuros.
2226 2982 2421 3054 gloria,
2450 2978 2758 3050 imperium,
2788 2976 2984 3042 honor,
3029 2988 3175 3030 nunc
3198 2980 3252 3029 et
3279 2985 3518 3042 semper,
3553 2968 3673 3024 etin
3697 2978 3783 3018 sa:-

534 3076 687 3133 Nunc
715 3087 892 3133 autem
917 3079 1209 3134 ostendens
1227 3092 1326 3133 nos
1347 3078 1400 3131 in
1427 3077 1570 3132 illius
1596 3092 1784 3132 manus
1811 3077 2005 3131 iterum
2026 3075 2123 3129 dc-
2228 3078 2350 3133 cuia
2372 3073 2716 3131 saeculorum.
2744 3071 2938 3126 Amen.

535 3168 782 3240 lapsuros
802 3186 920 3227 esse
935 3204 952 3230 ν
974 3182 1132 3243 atque
1150 3182 1433 3243 utrumque
1456 3171 1733 3243 populum,
1761 3170 1906 3225 ἱΙΙιιιιι
1930 3183 2124 3239 nempe

1440 3851 1827 3918 MONITUM
1874 3850 1984 3912 AD
2035 3843 2459 3911 HOMILIAM
2497 3843 2578 3907 IN
2620 3843 2890 3918 ILLUD,

619 4047 675 4103 ιιι
711 4065 880 4105 unum
917 4051 1064 4105 circa
1100 4055 1422 4118 praesentem
1463 4042 1785 4098 concionem
1823 4038 2095 4109 expiscari
2131 4050 2448 4108 possumus,
2484 4033 2685 4088 dictam
2723 4042 2919 4099 nempe
2958 4025 3128 4080 fuisse
3165 4033 3457 4096 postquam
3497 4023 3554 4078 in
3586 4030 3769 4091 prince.

544 4165 694 4221 denti
730 4166 953 4220 homilia
978 4163 1375 4235 Jerosolymam
1401 4160 1746 4216 calamitates
1768 4172 1899 4214 suas
1929 4155 2003 4209 ita
2024 4151 2345 4223 παθητικῶς
2367 4150 2737 4219 deplorantem
2757 4144 3046 4199 induxerat
3066 4141 3511 4212 Chrysostomus,
3528 4144 3587 4191 ut
3604 4131 3774 4200 hujus-

548 4280 692 4336 modi
715 4287 1025 4335 acroamate
1051 4276 1310 4332 commoti
1334 4290 1528 4331 omnes
1558 4275 1651 4345 qui
1676 4273 1923 4338 aderant,
1958 4287 2084 4327 mox
2119 4273 2173 4326 in
2207 4269 2369 4324 ﬂetus
2395 4280 2451 4322 et
2499 4264 2733 4336 gemitus
2766 4261 3016 4330 erupturi
3052 4266 3259 4322 essent,
3293 4256 3396 4310 nisi
3442 4251 3662 4309 sedandi
3696 4249 3769 4300 lu—

546 4405 667 4451 ctus
693 4409 861 4450 causa
892 4405 1199 4447 sermonem
1229 4390 1337 4444 alio
1370 4387 1741 4444 transtulisset
1765 4392 1968 4437 orator.
2021 4382 2097 4436 De
2134 4396 2278 4435 anno
2326 4385 2508 4435 autem
2545 4374 2629 4429 vel
2674 4379 3015 4442 tempestate,
3051 4368 3289 4436 itemque
3326 4363 3693 4419 Antiochiaeue
3718 4374 3774 4411 an

546 4506 1021 4577 Constantinopoli
1056 4504 1198 4559 hanc
1245 4501 1498 4558 habuerit
1548 4498 1854 4562 homiliam,
1917 4510 1983 4548 ne
2030 4492 2385 4566 conjectando
2429 4489 2647 4559 quidem
2687 4486 2795 4541 dici
2843 4490 3041 4556 potest.
3084 4477 3209 4536 llaac
3248 4493 3375 4532 vero
3415 4474 3678 4545 praecipue
3705 4468 3779 4521 inc

549 4625 974 4680 demonstranda
1018 4623 1288 4694 suscipit:
1341 4634 1537 4677 vocem
1582 4617 1664 4670 δεῖ
1713 4630 1812 4672 seu
1872 4622 2075 4684 oportet
2124 4611 2215 4667 hic
2257 4625 2366 4666 non
2414 4604 2775 4678 praecipientis
2819 4609 2915 4656 aut
2946 4598 3281 4656 consulentis
3325 4608 3467 4657 esse,
3493 4593 3586 4649 sed
3616 4592 3779 4646 futura

552 4742 990 4814 praenuntiantia,
1012 4740 1473 4811 quemadmodum
1504 4746 1561 4794 et
1593 4737 1650 4792 in
1681 4734 1807 4790 aliis
1836 4748 1945 4789 non
1976 4730 2165 4803 paucis
2199 4727 2499 4798 Scriptura:
2525 4722 2663 4779 locis
2702 4722 3063 4786 observatur;
3101 4717 3343 4785 itemque
3370 4713 3626 4776 δεῖ-θεῶ,
3655 4718 3780 4778 quas

3634 4977 3766 4994 ..σι’-

1336 5002 2724 5028 ____________________________

1411 5280 1522 5351 IN
1560 5275 1991 5351 DICTUM
2037 5272 2353 5344 ILLUD
2392 5266 2941 5351 APOSTOLI,

533 5457 821 5502 oronrsr
864 5456 944 5498 nr
989 5450 1284 5497 assensus
1329 5449 1478 5493 esse
1509 5445 1573 5490 IN
1618 5445 1822 5500 vonts,
1869 5443 1951 5486 ur
1980 5441 2089 5493 om
2119 5438 2389 5482 pacem
2432 5438 2613 5492 SUNT,
2645 5430 2984 5478 murras“
3033 5426 3223 5471 eum“
3272 5403 3339 5485 (ι.
3367 5402 3518 5464 Cor.
3562 5396 3658 5456 11.
3691 5388 3796 5464 i9)-

610 5671 663 5723 i.
703 5666 846 5722 Satis
880 5679 1051 5734 nuper
1093 5661 1196 5717 hoc
1240 5659 1516 5730 spirituale
1556 5655 1828 5711 theatrum
1875 5652 2137 5717 incaluit,
2251 5650 2392 5706 enim
2419 5645 2607 5701 oculos
2650 5648 2858 5695 vestros
2897 5636 3252 5734 lacrymarum

615 5702 635 5723 Ι
652 5708 663 5721 ι
705 5702 846 5722 υαιιδ
880 5702 953 5720 In.
976 5702 1040 5719 συ.
1094 5702 1196 5717 ιιυυ
1241 5702 1340 5730 νιν-υ
1356 5702 1516 5714 ιιι-νιν
1559 5702 1725 5711 ν--ν---
1744 5702 1827 5707 --ν-
1875 5702 2095 5707 ------.---
2121 5702 2137 5717 ν
2257 5702 2335 5706 ,αῖ
3014 5702 3023 5704 ἡ
3386 5718 3397 5731 ,
3666 5706 3677 5719 .
3703 5706 3713 5716 .

548 5774 667 5812 cum
694 5702 1086 5829 .lerosolytlnam
1123 5754 1367 5809 oratione
1409 5751 1562 5807 vobis
1604 5748 1907 5804 inducerem
1938 5757 1992 5802 et
2020 5746 2136 5814 νιος
2246 5743 2353 5797 vidi
2393 5756 2458 5794 ex
2500 5736 2695 5792 affectu
2732 5740 2914 5846 vestro
2952 5723 3278 5846 singulorum
3314 5702 3800 5846 amntisi

1256 5844 1266 5846 _
1762 5840 1773 5846 -
2012 5838 2069 5846 -..
2094 5837 2126 5846 .-
2347 5834 2361 5846 ι
2401 5841 2412 5846 -
2464 5845 2471 5846 κ
2512 5838 2656 5846 ,.,____-
2687 5835 2771 5846 ι--.-
2809 5831 2925 5846 -.Αιι
3041 5829 3105 5846 ΔΑ
3131 5824 3312 5846 minium
3334 5826 3360 5846 Ω
3388 5825 3439 5846 ΠΙ

552 5855 750 5899 rautem
774 5887 790 5909 .
816 5858 871 5902 et
907 5802 1150 5918 proprias
1190 5844 1521 5899 calamitates
1557 5840 1980 5895 annuntiantem.
2012 5837 2129 5893 Vidi
2239 5834 2482 5904 OppIetos
2503 5838 2661 5898 atque
2687 5822 2946 5880 turbatos.
2980 5817 3106 5874 Ideo
3131 5813 3314 5871 statim
3333 5820 3490 5878 atque
3516 5802 3564 5859 id
3590 5811 3720 5855 anim
