4006 6436
263 540 565 609 λολάτρας
611 541 902 611 γίνεσθαι,
937 545 1131 612 καθώς
1180 565 1340 615 τινες
1380 549 1598 614 αὐτῶν,
1642 548 1843 620 ὥσπερ

267 622 610 697 γέγριᾱται·
654 626 963 682 Ἐκάθισεν
1003 632 1037 683 d
1075 630 1225 697 λαὸς
1272 633 1485 702 φαγεῖν
1523 632 1623 687 καὶ
1665 633 1843 701 πιεῖν,

265 710 365 765 καὶ
404 709 755 779 ἀνέστησαν
804 710 1051 773 παίζειν,
1115 714 1256 786 Ὅρα
1309 716 1405 768 τοῦ
1471 717 1684 771 Παύλου
1746 717 1845 788 τὴν

265 791 503 871 σύνεσιν.
520 789 651 848 Εἵπε
668 795 763 865 τὴν
783 796 1076 865 ἁμαρτίαν,
1094 792 1216 850 εἷπε
1240 799 1337 870 τὴν
1360 800 1537 855 αἰτίαν
1551 801 1648 871 τῆς
1668 801 1845 871 ἀμαρ-

261 873 408 939 τίας,
436 870 555 930 εἷπε
577 875 675 949 τὴν
713 878 931 931 κόλασιν
958 879 1055 951 τὴν
1088 881 1182 934 ἐπὶ
1204 885 1270 953 τῇ
1298 884 1563 955 ἁμαρτίᾳ,
1590 870 1678 937 διὰ
1710 870 1845 937 πάν-

263 967 375 1010 των
404 959 552 1029 ἡμᾶς
603 959 871 1013 παιδεύων
910 958 1134 1031 φεύγειν
1186 964 1284 1035 τὴν
1330 966 1551 1019 ἐκείνων
1592 966 1841 1037 μίμησιν.

263 1039 428 1093 Δίτία
472 1042 574 1111 τῆς
618 1042 892 1114 ἁμαρτίας
934 1045 967 1114 ἡ
1004 1045 1309 1116 ἀδηφαγία·
1355 1044 1630 1101 Ἐκάθισε
1676 1047 1785 1118 γὰρ
1814 1050 1846 1101 ό

263 1123 419 1190 λαὸς
440 1123 653 1193 φαγεῖν
672 1124 768 1179 καὶ
793 1127 968 1180 πιεῖν.
989 1129 1052 1181 Ἡ
1075 1130 1343 1202 ἁμαρτία,
1370 1131 1500 1185 αὐτὸ
1524 1131 1585 1183 τὸ
1613 1132 1842 1195 παίζειν.

264 1202 404 1259 Εἶτα
432 1209 464 1277 ἡ
494 1208 750 1279 τιμωρία,
780 1210 860 1263 ὅτι
880 1212 1394 1280 Κατεστρώθησαν
1419 1214 1491 1267 ἐν
1525 1214 1600 1284 τῇ
1628 1215 1843 1283 ἐρήμῳ.

266 1289 461 1353 Πάλιν,
521 1290 690 1359 Μηδὲ
739 1295 1152 1364 πορνεύωμεν,
1205 1297 1397 1362 καθὼς
1445 1314 1605 1363 τινες
1650 1296 1847 1352 αὐτῶν

264 1371 668 1439 ἐπόρνευσαν.
714 1374 978 1430 Ἐνταῦθα
1003 1378 1101 1448 τὴν
1130 1378 1308 1431 αἰτίαν
1336 1381 1434 1449 τῆς
1469 1381 1722 1451 πορνείας
1749 1380 1847 1432 οὐκ

267 1454 488 1524 ἔθηκεν,
528 1456 664 1510 ἀλλὰ
694 1457 793 1528 τὴν
820 1461 1110 1533 τιμωρίαν.
1135 1462 1302 1515 Ποίαν
1331 1463 1387 1516 δὲ
1412 1462 1646 1534 ταύτην;
1682 1464 1849 1516 Ἔπε-

266 1552 391 1590 σον
416 1539 485 1592 ὲν
506 1537 615 1608 μιᾷ
658 1539 849 1609 ἡμέρῃ
893 1544 1243 1611 εἰκοσιτρεῖς
1288 1544 1571 1613 χιλιάδες.
1605 1544 1758 1607 Τίνος
1792 1545 1849 1598 δὲ

267 1618 435 1672 ἕνεκα
459 1619 560 1691 τὴν
599 1623 868 1693 πρόφασιν
902 1626 999 1678 οὐκ
1024 1623 1197 1690 εἶπεν,
1225 1627 1316 1696 ἀφ’
1346 1622 1412 1698 ἦς
1449 1629 1482 1698 η
1510 1627 1732 1698 πορνεία
1757 1628 1850 1696 γέ-

265 1718 433 1770 γονε;
469 1704 592 1768 Τοῖς
611 1706 915 1774 φιλοπόνοις
946 1708 1120 1773 διδοὺς
1147 1710 1238 1762 ἐπὶ
1263 1710 1360 1779 τὴν
1389 1711 1627 1782 ἱστορίαν
1654 1711 1845 1775 ἐλθεῖν,

266 1786 369 1839 καὶ
405 1786 594 1857 μαθεῖν
626 1787 720 1841 τοῦ
745 1789 915 1843 κακοῦ
946 1792 1044 1862 τὴν
1078 1791 1252 1863 ῥίζαν.
1279 1787 1444 1855 Οὗτος
1472 1792 1578 1864 γὰρ
1609 1793 1849 1865 ἰατρείας

264 1870 495 1942 τρόπος,
528 1871 588 1924 τὸ
634 1871 819 1941 λέγειν
846 1872 905 1937 ἐξ
937 1868 1012 1927 ὧν
1046 1875 1290 1927 τίκτεται
1323 1874 1391 1927 τὰ
1421 1877 1721 1944 νοσήματα,
1755 1872 1849 1929 καὶ

267 1954 541 2024 φάρμακα
572 1954 865 2007 ἐπιτιθέναι
896 1959 1008 2019 τοῖς
1040 1956 1337 2028 τραύμασι.
1366 1956 1464 2009 Διὰ
1495 1956 1652 2009 τοῦτό
1681 1975 1812 2027 φησι
1832 1974 1846 1989 ο

271 2036 471 2092 Ταῦτα
514 2037 583 2089 δὲ
638 2037 836 2091 πάντα
881 2040 1056 2092 τύποι
1099 2041 1463 2093 συνέϐαινον
1497 2051 1521 2078 α
1571 2040 1844 2105 ἐκείνοις.

266 2119 501 2189 ἐγράφη
534 2120 602 2172 δὲ
630 2121 780 2188 πρὸς
807 2122 1133 2177 νουθεσίαν
1163 2120 1351 2191 ἡμῶν.
1379 2123 1540 2175 Ὥστε
1567 2125 1594 2175 ὁ
1620 2124 1849 2193 ποιήσας

264 2203 477 2267 ἐκεῖνα,
528 2204 623 2256 καὶ
670 2204 904 2267 κολάσας
948 2206 1073 2268 τοὺς
1123 2206 1635 2275 ἀγνωμονήσαντας,
1698 2201 1846 2269 οὗτος

265 2288 422 2357 ἡμᾶς
461 2287 700 2340 νουθετεῖ
732 2286 848 2351 νῦν,
874 2289 934 2340 ού
971 2287 1059 2341 διὰ
1090 2288 1350 2357 ῥημάτων
1392 2288 1570 2359 μόνον,
1596 2287 1730 2340 ἀλλὰ
1756 2290 1851 2340 καὶ

265 2370 337 2424 δι’
372 2370 551 2424 αὐτῶν
586 2372 694 2425 τῶν
732 2372 1093 2443 πραγμάτων,
1119 2373 1255 2444 ὅπερ
1283 2371 1538 2442 μέγιστός
1577 2375 1691 2425 ἐστι
1727 2388 1842 2425 νου-

267 2456 462 2520 θεσίας
501 2457 721 2528 τρόπος.
757 2453 910 2521 Εἶδες
939 2457 1056 2521 πῶς
1081 2462 1193 2521 τοῖς
1230 2461 1289 2511 ἐν
1337 2461 1401 2528 τῇ
1433 2458 1618 2528 χάριτι
1662 2459 1752 2512 τὸν
1791 2461 1849 2512 ὲν

264 2547 338 2615 τῇ
372 2544 583 2614 Παλαιᾷ
624 2544 798 2599 ταῦτα
846 2548 1146 2615 ποιήσαντα
1187 2544 1504 2597 διδάσκαλον
1556 2544 1845 2615 ἐπέστησε,

264 2628 489 2689 δεικνὺς
519 2629 599 2681 ὅτι
628 2623 708 2691 εἷς
747 2632 862 2681 ἐστι
893 2630 986 2682 καὶ
1018 2628 1046 2680 ὁ
1071 2628 1254 2691 αὐτὸς,
1284 2630 1312 2681 ὁ
1351 2629 1446 2681 καὶ
1479 2628 1661 2682 ἐκεῖνα
1691 2630 1849 2700 ποιή-

268 2728 397 2773 σας,
425 2710 712 2765 καὶταῦτα
749 2712 814 2764 δι’
850 2711 1014 2765 αὑτοῦ
1042 2710 1413 2780 φθεγγόμενος
1434 2727 1448 2776 ;
1472 2712 1535 2764 Εἰ
1560 2711 1668 2782 γὰρ
1698 2711 1852 2765 ἀλλό-

265 2812 423 2865 τριος
445 2789 533 2868 ἦν,
556 2795 656 2848 οὐκ
688 2795 869 2849 ἐκεῖνα
896 2794 1101 2848 τούτων
1124 2795 1326 2857 τύπους
1354 2794 1632 2858 ἐκάλεσεν,
1662 2794 1763 2848 οὐκ
1784 2795 1850 2848 ἂν

266 2879 356 2940 εἰς
397 2877 676 2931 νουθεσίαν
705 2878 858 2949 ήμῶν
896 2878 1034 2932 αύτά
1070 2878 1378 2949 γεγράφθαι
1423 2874 1597 2941 εἶπεν,
1646 2880 1748 2932 οὐκ
1786 2879 1851 2933 ἂν

265 2959 596 3013 διδάσκαλον
636 2961 766 3031 ἡμῖν
809 2960 1128 3030 ἐπέστησεν,
1177 2960 1236 3014 ὃν
1274 2962 1374 3014 οὐκ
1426 2961 1674 3031 ενόμιζεν
1714 2957 1850 3015 εἶναι

266 3044 429 3109 Θεὸν,
470 3045 570 3097 οὐκ
608 3043 675 3097 ἂν
707 3044 813 3096 ἀπὸ
846 3043 952 3097 τῶν
993 3044 1083 3096 ὑπ’
1132 3044 1341 3097 ἐκείνου
1382 3045 1690 3114 γενομένων
1730 3044 1850 3097 τότε

268 3128 425 3197 ἡμᾶς
440 3126 724 3196 ἐφόϐησεν,
745 3125 821 3188 ὠς
838 3125 988 3198 [259]
1006 3127 1085 3188 εἰς
1107 3126 1205 3189 τὰς
1221 3126 1429 3179 ἐκείνου
1446 3126 1607 3178 πάλιν
1627 3126 1848 3196 μέλλον-

267 3227 376 3273 τας
411 3211 704 3281 ἐμπίπτειν
744 3213 948 3280 χεῖρας.
980 3208 1094 3262 Νῦν
1135 3209 1193 3262 δὲ
1235 3209 1467 3271 δεικνὺς,
1502 3209 1582 3262 ὅτι
1632 3211 1712 3273 εἰς
1754 3209 1852 3274 τὰς

267 3292 489 3347 ἐκείνου
524 3292 791 3364 μέλλομεν
809 3292 1102 3362 ἐμπίπτειν
1126 3291 1287 3346 πάλιν
1313 3294 1519 3363 χεῖρας,
1546 3292 1641 3345 καὶ
1661 3292 1852 3346 ἑκάτε-

340 3397 372 3425 ⁸
395 3393 495 3444 Alii
513 3395 668 3443 πάντα
692 3394 830 3443 τύποι
855 3395 1142 3443 συνέϐαινον.
1164 3392 1221 3441 In
1244 3392 1353 3443 aliis
1376 3393 1514 3442 τύποι
1535 3395 1695 3444 deest.

1116 447 1189 504 IN
1227 447 1480 507 DIC'i‘UM
1514 449 1741 515 PAULI,
1774 446 2097 506 OPORTET
2139 449 2481 508 lizERESES
2523 448 2718 508 ESSE.

3416 441 3525 498 252

1952 570 2042 622 ρος
2063 553 2094 607 ὁ
2122 552 2268 618 λαὸς,
2285 552 2533 616 κάκεῖνος
2556 552 2650 606 καὶ
2677 547 2849 618 οὗτος,
2886 553 2998 615 τοῖς
3031 549 3238 605 ἐκείνου
3267 550 3526 606 διοικοῦν-

1946 652 2036 687 ται
2088 635 2292 706 νόμοις,
2329 634 2602 704 ἀνέμνησε
2660 634 2875 697 πάντων
2918 633 3160 698 ἐκείνων,
3197 634 3291 688 καὶ
3349 631 3523 703 εἶπεν,

1948 717 2030 770 ὃτι
2060 717 2210 784 Πρὸς
2238 716 2563 771 νουθεσίαν
2594 713 2764 784 ἡμῶν
2788 716 3037 785 ἐγράφη.
3073 715 3256 769 Ταῦτα
3280 712 3372 770 οὖν
3400 717 3528 772 εἰδό-

1948 817 2058 864 τες,
2088 802 2201 863 τοῖς
2232 816 2291 852 τε
2335 797 2683 870 παρελθοῦσι,
2712 801 2826 862 τοῖς
2860 816 2919 852 τε
2963 798 3214 869 μέλλουσι
3256 799 3526 854 πιστεύου-

1952 901 2071 954 μεν.
2105 883 2205 936 Ἂν
2232 883 2288 935 δέ
2317 899 2459 945 τινες
2485 875 2617 934 ὦσιν
2640 884 2693 934 οἱ
2716 885 2829 946 τοῖς
2858 882 3139 953 μέλλουσιν
3160 882 3220 935 ού
3247 885 3528 937 πιστεύον-

1947 983 2057 1029 τες,
2090 966 2198 1019 ὰπὸ
2228 965 2336 1020 τῶν
2376 963 2751 1036 παρελθόντων
2782 966 2978 1029 αὐτοὺς
3003 966 3285 1035 ὲνάγωμεν
3319 969 3397 1029 εἰς
3426 966 3525 1038 τὴν

1946 1048 2048 1118 τῆς
2095 1049 2297 1120 ἀρετῆς
2338 1047 2652 1117 ἐπιμέλειαν
2689 1048 2759 1100 τὰ
2780 1046 2924 1101 κατὰ
2946 1049 3074 1111 τοὺς
3117 1047 3408 1118 Σοδομίτας
3444 1049 3525 1102 δι-

1948 1130 2257 1202 ηγούμενοι,
2302 1129 2370 1182 τὰ
2415 1131 2554 1183 κατὰ
2575 1129 2668 1183 τὸν
2717 1130 3101 1201 κατακλυσμὸν
3141 1129 3410 1198 λέγοντες,
3459 1132 3528 1184 τά

1948 1214 2088 1267 κατὰ
2120 1214 2148 1253 δ
2181 1214 2281 1284 τὴν
2300 1212 2573 1279 Αἴγυπτον
2602 1214 3127 1284 ἀναμιμνήσκοντες,
3158 1213 3247 1266 ἴνα
3274 1216 3395 1277 ταῖς
3420 1213 3526 1266 ὲτέο

1953 1316 2060 1368 ρων
2096 1295 2550 1367 σωφρονισθέντες
2576 1295 2849 1360 κολάσεσι,
2882 1296 2976 1348 καὶ
3013 1294 3126 1365 βίον
3158 1294 3380 1366 ἄριστον
3405 1297 3527 1349 ἐπι-

1948 1378 2271 1449 δειξάμενοι,
2321 1378 2532 1430 καὶτὸν
2560 1379 2684 1449 περὶ
2716 1379 2815 1447 τῆς
2855 1379 3079 1448 γεέννης
3118 1377 3210 1431 καὶ
3251 1378 3350 1448 τῆς
3392 1379 3526 1432 ἀνα-

1952 1463 2190 1524 στάσεως
2218 1461 2473 1526 δέξωνται
2507 1461 2681 1529 λόγον.
2729 1460 2882 1514 Ἐπεὶ
2914 1462 3007 1514 καὶ
3037 1459 3130 1513 νῦν
3159 1461 3274 1513 ὅσοι
3301 1464 3366 1533 τῇ
3408 1462 3527 1530 κρί-

1952 1562 2033 1597 σει
2061 1543 2450 1606 διαπιστοῦσιν,
2481 1544 2779 1614 οὐδαμόθεν
2812 1544 3095 1616 ἑτέρωθεν,
3124 1544 3237 1596 ἀλλ’
3269 1545 3379 1597 ἀπὸ
3411 1543 3525 1613 βίου
3588 1610 3593 1614 ὁ

1949 1628 2342 1697 διεφθαρμένου
2379 1627 2474 1678 καὶ
2506 1627 2744 1697 πονηροῦ
2776 1626 3080 1689 συνειδότος
3104 1626 3262 1679 τοῦτο
3292 1626 3529 1696 πάσχου-

1953 1726 2056 1764 σιν.
2093 1712 2256 1763 Ὥστε
2284 1710 2378 1763 ἐὰν
2424 1708 2819 1779 ὲκκαθάρωμεν
2848 1709 3054 1762 ὲαυτῶν
3088 1708 3187 1772 τὰς
3233 1709 3526 1779 ἁμαρτίας,

1952 1794 2047 1846 καὶ
2083 1794 2161 1863 τῷ
2209 1792 2359 1863 φόϐῳ
2417 1791 2528 1845 τῶν
2577 1791 2951 1861 παρελθόντων
2995 1793 3391 1862 παιδεύσωμεν,
3439 1793 3530 1846 καὶ

1953 1879 2083 1949 περὶ
2113 1878 2219 1931 τῶν
2246 1876 2543 1947 μελλόντων
2559 1876 2820 1945 πείσομεν
2838 1875 3090 1939 δέξασθαι
3111 1876 3286 1944 λόγον.
3319 1876 3529 1947 Ὠσπερ

1951 1961 2060 2030 γὰρ
2081 1961 2327 2030 δόγματα
2350 1960 2559 2030 πονηρά
2582 1959 2694 2028 βίον
2724 1959 3031 2030 ἀκάθαρτον
3057 1960 3295 2027 εἰσάγειν
3317 1959 3526 2023 εἴωθεν,

1950 2043 2093 2096 οὓτω
2127 2043 2219 2095 καὶ
2240 2042 2631 2112 διεφθαρμένος
2658 2041 2772 2111 βίος
2805 2042 3069 2111 πονηρίαν
3092 2042 3374 2111 δογμάτων
3404 2040 3532 2094 πολ-

1950 2125 2107 2188 λάκις
2146 2126 2350 2179 ἔτεκεν.
2388 2125 2563 2190 Ὅπερ
2609 2125 2697 2176 ἵνα
2737 2123 2811 2193 μὴ
2849 2123 3096 2193 γένηται,
3133 2124 3226 2177 καὶ
3263 2125 3391 2193 ἡμῖν
3428 2125 3527 2178 αῦ-

1949 2212 2082 2273 τοῖς,
2112 2210 2205 2262 καὶ
2234 2210 2342 2271 τοῖς
2369 2207 2548 2270 ἄλλοις
2568 2207 2740 2260 ταῦτα
2772 2206 3166 2277 κατεπᾴδοντες
3189 2204 3255 2259 τὰ
3292 2207 3528 2276 ῥήματα,

1950 2294 2051 2363 τήν
2082 2309 2141 2344 τε
2182 2290 2346 2362 ὀρθὴν
2378 2291 2560 2344 πίστιν
2588 2290 2928 2360 διαμένωμεν
2977 2288 3211 2359 ἔχοντες,
3247 2288 3342 2340 καὶ
3374 2287 3528 2341 πολι-

1949 2376 2100 2428 τείαν
2124 2375 2353 2445 ἀρίστην
2382 2372 2795 2443 ὲπιδειξώμεθα,
2820 2370 3007 2442 ἐπειδὴ
3042 2369 3375 2439 πανταχόθεν
3398 2370 3531 2438 ἡμῖν

1950 2461 1979 2512 ὁ
2016 2458 2170 2525 λόγος
2220 2454 2518 2520 ἀπέδειξεν,
2549 2456 2630 2508 ὅτι
2679 2454 2883 2527 ταύτης
2931 2454 3100 2524 χωρὶς
3144 2453 3294 2505 οὐδὲν
3338 2451 3529 2520 ὄφελος

1950 2543 2083 2613 ἡμῖν
2104 2538 2279 2609 ὀρθῶν
2305 2539 2610 2610 δογμάτων.
2646 2538 2861 2592 Γένοιτο
2898 2538 2955 2591 δὲ
2987 2537 3172 2606 εὐχαῖς
3202 2535 3310 2587 τῶν
3335 2533 3527 2603 ἁγίων,

1952 2626 2047 2678 καὶ
2090 2622 2199 2676 τῶν
2242 2622 2517 2694 προέδρων
2554 2621 2828 2687 ἁπάντων,
2876 2622 2975 2690 τήν
3011 2635 3071 2670 τε
3114 2616 3382 2688 ὀρθότητα
3418 2614 3529 2669 τῶν

1951 2707 2258 2776 δογμάτων,
2283 2706 2349 2774 ἢν
2375 2703 2582 2758 ἄνωθεν
2608 2705 2702 2757 καὶ
2729 2706 2794 2757 ὲκ
2818 2702 3096 2774 προγόνων
3121 2698 3526 2770 παρελάϐομεν,

1952 2788 2207 2859 ἀκέραιον
2222 2787 2567 2859 διατηρῆσαι,
2585 2787 2676 2840 καὶ
2695 2787 2807 2858 βίον
2834 2788 2969 2857 αὐτῇ
2986 2803 3047 2838 συ
3056 2784 3348 2855 μὸαίνοντα
3366 2797 3527 2852 προσ-

1954 2872 2142 2938 θεῖναι,
2169 2872 2256 2925 ἵνα
2299 2870 2407 2923 τῶν
2441 2870 2865 2941 ἐπηγγελμένων
2916 2868 3133 2938 ἀγαθῶν
3164 2865 3526 2934 ὲπιτύχωμεν,

1954 2956 2136 3026 χάριτι
2195 2955 2288 3007 καὶ
2337 2954 2713 3025 φιλανθρωπίᾳ
2752 2952 2846 3006 τοῦ
2897 2951 3103 3023 Κυρίου
3153 2948 3312 3020 ἡμῶν
3353 2945 3529 3018 Ἰησοῦ

1957 3036 2216 3111 Χριστοῦ,
2256 3037 2373 3108 μεθ’
2394 3030 2457 3091 οῦ
2485 3035 2563 3106 τῷ
2590 3035 2786 3106 Πατρὶ,
2815 3036 2932 3107 ἅμα
2954 3036 3032 3106 τῷ
3060 3035 3201 3105 ἁγίῳ
3228 3032 3530 3103 Πνεύματι,

1956 3122 2105 3189 δόξα,
2132 3123 2351 3194 κράτος,
2377 3121 2531 3192 τιμὴ,
2563 3122 2658 3176 νῦν
2689 3122 2782 3176 καὶ
2815 3121 2925 3186 ἀεὶ,
2956 3120 3048 3174 καὶ
3069 3121 3149 3184 εἰς
3172 3118 3300 3182 τοὺς
3333 3118 3533 3181 αἰῶνας

1957 3205 2067 3261 τῶν
2090 3205 2320 3261 αἰώνων.
2364 3204 2556 3275 Ἀμήν.

2020 3389 2055 3434 ι)
2088 3389 2188 3441 Alii
2204 3393 2301 3440 τῶν
2316 3388 2458 3439 κατά.

276 3546 3523 3591 W

1054 3884 1434 3951 OPORTET
1489 3883 1876 3947 HERESES
1915 3880 2107 3946 ESSE
2152 3882 2235 3945 ΙΝ
2292 3877 2562 3954 VOBlS,
2607 3892 2745 3939 ETC.

263 4111 390 4168 hoc
413 4109 534 4166 loco
565 4106 767 4166 Paulus
798 4118 1214 4174 commemorat,
1237 4125 1345 4166 non
1381 4110 1612 4166 dissidia
1639 4110 1787 4165 circa
1828 4108 1987 4164 ﬁdem
2015 4116 2071 4162 et
2106 4106 2359 4176 dogmata
2402 4105 2678 4171 indicare;
2727 4103 2824 4160 sed
2867 4102 3157 4159 Scrssmus
3190 4098 3350 4167 illas,
3385 4101 3540 4173 queis

264 4224 331 4280 in
359 4227 639 4280 communi
677 4240 741 4281 ac
764 4225 1045 4283 Dominica
1074 4243 1266 4284 mensa
1313 4228 1513 4285 divites
1550 4243 1674 4284 sese
1713 4244 1741 4283 a
1786 4226 2120 4299 pauperibus
2158 4226 2611 4296 sequestrabaut,
2646 4232 2709 4279 ut
2746 4226 2977 4281 seorsim
3018 4225 3200 4282 cibum
3240 4229 3539 4286 sumerent,

263 4339 334 4394 in
394 4352 536 4407 quos
584 4337 709 4395 ideo
756 4320 1035 4397 invehitur
1068 4339 1383 4411 Apostolus.
1432 4338 1663 4396 Demum
1716 4346 2007 4409 postquam
2062 4338 2486 4408 Chrysostomus
2539 4337 2734 4406 priscae
2792 4335 3046 4393 Ecclesiae
3118 4333 3425 4390 mirabilem
3480 4331 3537 4387 in

261 4465 476 4509 mensa
502 4454 779 4509 communi
806 4454 973 4510 ritum
1010 4453 1268 4526 graphice
1300 4452 1614 4522 descripsit,
1646 4458 1706 4506 et
1746 4451 1817 4507 ad
1857 4466 2161 4523 pauperum
2208 4448 2614 4521 suscipiendam
2663 4464 2852 4504 curam
2886 4449 3136 4502 hortatus
3182 4453 3302 4512 est,
3337 4442 3543 4500 oratio-

264 4582 412 4625 nem
440 4568 670 4625 claudit.

357 4702 557 4762 lncerti
580 4707 1084 4791 interpretationem
1111 4708 1385 4774 Latinam,
1423 4715 1609 4779 utpote
1635 4722 1743 4763 non
1769 4714 2107 4776 accuratam,
2134 4707 2451 4779 rejecimus.
2487 4718 2797 4777 novamque
2819 4704 3231 4760 adornavimus.

275 5045 3548 5092 .__T_____________.__________.___________.______

1015 5171 1164 5246 βω)
1206 5184 1379 5270 ΕΙΣ
1425 5183 1574 5268 ΤΟ
1626 5178 2440 5268 ΑΠΟΣΤΟΛΙΚΟΝ
2498 5184 2872 5270 ΙδΗΤΟΝ

600 5348 676 5405 Τὸ
705 5349 914 5419 λόγον’
964 5368 983 5400 ι
1021 5348 1123 5402 Δεῖ
1142 5348 1210 5404 δὲ
1240 5347 1337 5403 καὶ
1365 5346 1627 5421 αἱρέσεις
1650 5336 1804 5401 εἶναι
1832 5345 1902 5398 ἐν
1930 5344 2096 5415 ὑμῖν,
2121 5347 2223 5401 ἵνα
2253 5351 2309 5402 οἱ
2341 5346 2571 5418 δόκιμοι
2603 5349 2850 5419 φανεροὶ
2887 5350 3191 5420 γένωνται.
3232 5366 3253 5400 ι

1902 5487 1973 5504 ὼ

358 5578 668 5646 α¹.⁹1κανῶς
692 5578 885 5653 πρώην
903 5582 1038 5654 ἡμῖν
1053 5578 1413 5653 διεθερμάνθη
1437 5578 1494 5634 τὸ
1509 5582 1877 5653 πνευματικὸν
1984 5583 2291 5655 συμφοράς.
2327 5582 2440 5638 Καὶ
2467 5585 2575 5653 γὰρ
2602 5578 2740 5636 εἶδον
2766 5581 2918 5652 ὑμῶν
2941 5581 3066 5645 τοὺς
3103 5581 3415 5651 ὀφθαλμοὺς
3435 5580 3559 5636 τότε

254 5667 453 5722 τοῦτο
492 5664 741 5737 θέατρον,
765 5666 856 5719 ὅτε
898 5660 998 5735 τὴν
1035 5661 1392 5736 Ἰερουσαλὴμ
1427 5664 1721 5737 εἰσήγαγον
1748 5666 1875 5736 ὑμῖν
1979 5661 2266 5731 ὼδίνοντας
2297 5665 2481 5735 πηγὰς
2513 5665 2729 5734 ἀφιέναι
2749 5662 3029 5734 δακρύων·
3057 5660 3217 5729 εῐδον,
3243 5664 3300 5731 ἐξ
3329 5655 3406 5718 ὧν
3430 5666 3555 5719 ἑποι-

257 5748 369 5821 cui)
395 5744 548 5819 λόγῳ
577 5747 900 5820 θρηνοῦσαν,
931 5747 1026 5803 καὶ
1051 5745 1151 5812 τὰς
1194 5746 1403 5812 οἰκείας
1447 5743 1876 5817 ὲξαγγέλλουσαν
1983 5765 2130 5822 σχον,
2154 5746 2254 5820 τὴν
2289 5747 2519 5802 ἑκάστου
2549 5744 2787 5800 διάνοιαν
2811 5740 3137 5819 ὀλοφυρμῶν
3161 5747 3440 5817 γέμουσαν
3463 5744 3557 5801 καὶ

628 5867 899 5926 Parnm“
935 5867 1050 5925 Gn.
1097 5869 1189 5926 Li.

2028 5942 2076 5949 Η
2674 5929 2703 5949 ᾧ
3148 5856 3224 5916 16
