4006 6426
267 411 376 465 235

271 526 455 593 verti,
482 524 798 599 tragmdiam
833 526 977 580 illam
1009 525 1185 580 sedavi
1213 565 1229 592 ,
1261 538 1563 580 sermonem
1590 523 1656 579 de
1688 525 1863 582 medio

273 618 563 686 transtuli,
604 618 896 689 fletumque
943 619 1090 672 illum
1138 633 1205 672 ex
1244 618 1575 688 singulorum
1616 617 1864 676 cordibus

268 713 590 782 erupturum
630 713 862 767 ooercui.
913 711 1102 766 Anima
1147 712 1345 782 quippe
1389 713 1533 766 luctu
1567 719 1820 780 occupata
1847 753 1862 778 ,

273 804 410 860 nihil
437 818 625 858 sanum
649 803 733 858 vel
761 803 941 858 dicere
981 802 1064 858 vel
1101 801 1286 857 audire
1314 803 1479 857 valet.
1525 804 1594 857 At
1627 817 1723 857 cur
1764 801 1868 857 hoc

276 912 425 953 nunc
462 895 616 951 vobis
659 896 711 950 in
749 896 1062 950 memoriam
1110 895 1400 951 revocavi?
1429 894 1560 962 Quia
1600 909 1661 948 ea
1687 932 1700 956 ,
1748 908 1867 963 qua:

274 1003 398 1043 sum
441 987 600 1044 hodie
649 986 929 1050 dicturus.
975 986 1082 1040 illis
1127 1002 1246 1055 quae
1291 995 1415 1040 tunc
1455 986 1704 1054 loquutus
1749 998 1868 1040 sum

274 1079 566 1135 admodum
596 1088 721 1134 sunt
748 1078 948 1133 afﬁnia.
977 1077 1438 1145 Quemadmodum
1463 1077 1604 1131 enim
1634 1076 1718 1130 illa
1746 1074 1869 1130 vitae

279 1171 543 1227 desidiam
595 1171 648 1225 in
703 1171 855 1225 nobis
911 1169 1314 1240 reprimebant,
1375 1169 1760 1239 segnitiemque
1817 1169 1867 1223 in

277 1262 491 1334 agendo
518 1271 755 1316 nostram
781 1260 1119 1331 corrigebaut
1147 1278 1160 1314 :
1187 1261 1264 1315 sic
1285 1276 1346 1315 ea
1367 1275 1486 1330 quae
1514 1273 1652 1316 nunc
1677 1258 1870 1313 dicturi

277 1368 468 1408 sumus
513 1353 654 1408 circa
693 1352 998 1422 diligentem
1038 1351 1344 1422 dogmatum
1393 1351 1822 1406 observationem
1851 1390 1868 1416 ,

278 1445 587 1500 securiores
625 1459 724 1498 nos
753 1442 980 1499 reddere
1009 1451 1294 1512 poterunt,
1338 1442 1408 1496 ita
1439 1449 1497 1496 ut
1523 1440 1872 1511 undequaque

280 1538 506 1609 perfecti
535 1537 698 1591 futuri
727 1538 894 1592 simus
919 1579 933 1604 ,
965 1535 1029 1591 In
1054 1539 1213 1590 virum
1245 1538 1522 1608 perfectum
1546 1576 1561 1602 ,
1589 1537 1642 1590 in
1667 1552 1871 1589 mensu-

278 1647 398 1684 ram
441 1629 603 1683 aetatis
644 1627 880 1700 (Ep/res.
924 1630 978 1684 4.
1019 1628 1124 1698 15)
1167 1628 1541 1699 pervenientes
1579 1627 1872 1683 secundum

279 1721 525 1776 divinum
548 1719 872 1788 apostolum.
902 1720 1054 1775 Tunc
1073 1734 1267 1789 corpus
1288 1728 1523 1774 vestrum
1547 1719 1871 1784 curavimus,

283 1828 432 1867 nunc
456 1811 613 1881 capiti
643 1811 959 1866 medicinam
989 1810 1301 1877 afferimus;
1335 1819 1460 1866 tunc
1486 1810 1733 1866 Jeremize
1759 1826 1876 1865 ver-

282 1903 372 1957 bis
395 1943 412 1966 ,
442 1917 580 1957 nunc
606 1901 756 1956 Pauli
783 1902 1139 1957 sermonibus.

368 1995 500 2062 Vox,
533 1995 776 2065 Oportet,
808 1995 1148 2064 prttdictionis
1174 2011 1306 2064 sepe
1331 1995 1429 2049 vim
1455 1995 1696 2050 habet.——
1717 1994 1873 2064 Qua:-

282 2102 412 2141 nam
446 2095 571 2141 sunt
612 2086 701 2140 illa
736 2085 884 2140 Pauli
929 2087 1086 2140 verba
1115 2127 1130 2152 ,
1170 2102 1288 2156 quae
1327 2102 1467 2141 nunc
1509 2086 1662 2141 nobis
1697 2086 1878 2156 expla-

286 2177 465 2233 nanda
499 2177 909 2248 proponuntur?
940 2177 1147 2248 Oportet
1173 2219 1188 2245 ,
1221 2179 1427 2249 inquit,
1460 2187 1504 2232 et
1534 2179 1746 2233 haereses
1774 2194 1880 2233 esse

284 2283 344 2325 tn
368 2270 502 2324 vobis
524 2313 536 2337 ,
559 2281 614 2324 ut
639 2279 686 2324 et
712 2269 799 2340 qui
825 2270 1024 2338 probati
1048 2280 1197 2335 sunt,
1231 2271 1485 2342 manifesti
1513 2271 1639 2339 ﬁant
1665 2271 1717 2324 in
1742 2270 1878 2324 vobis

289 2364 376 2436 (i.
409 2363 525 2418 Cor.
560 2364 646 2418 Η.
679 2363 791 2434 19).
830 2362 945 2416 Non
984 2361 1259 2416 minimum
1299 2373 1382 2417 est
1419 2361 1561 2431 quod
1600 2362 1874 2432 qum-ritur.

286 2456 426 2511 Nam
467 2456 508 2510 si
546 2455 878 2510 consulentis
923 2471 1073 2509 more
1109 2455 1302 2509 Paulus
1341 2455 1578 2524 loquitur
1602 2497 1616 2520 ,
1663 2461 1719 2509 et
1754 2469 1879 2510 vere

285 2560 504 2619 Oportet
549 2550 782 2604 luereses
817 2564 974 2613 esse,
1015 2547 1269 2618 ineulpati
1313 2557 1436 2603 sunt
1486 2546 1876 2602 lucresiarchaz.

289 2641 452 2710 Atqui
483 2656 585 2694 non
618 2640 688 2694 ita
715 2647 840 2705 est,
875 2655 980 2693 nou
1023 2639 1092 2692 ita
1140 2653 1228 2692 res
1272 2653 1330 2693 se
1374 2637 1530 2693 habet
1561 2657 1574 2692 :
1604 2654 1707 2692 non
1735 2634 1878 2693 enim

289 2732 624 2788 consulentis
652 2773 666 2795 ,
699 2731 792 2786 sed
825 2731 995 2786 futura
1025 2730 1360 2800 prmdiceutis
1392 2729 1494 2784 hoc
1535 2731 1734 2784 dictum
1777 2740 1876 2785 est.

287 2822 750 2892 Quemadmodum
781 2824 921 2877 enim
951 2823 1190 2877 medicus
1215 2838 1336 2877 cum
1363 2821 1505 2877 videt
1534 2838 1732 2892 {egrum
1763 2838 1881 2877 cra-

291 2915 434 2984 pula:
465 2923 519 2969 et
545 2915 668 2968 viuo
697 2915 920 2983 aliisque
946 2913 1229 2984 prohibitis
1257 2913 1493 2968 deditum
1520 2955 1535 2981 ,
1565 2913 1654 2968 tali
1685 2915 1878 2969 intem-

288 3004 530 3074 perantia
560 3045 575 3069 ,
608 3004 818 3073 inquit,
867 3003 1055 3058 febrim
1089 3003 1229 3075 gigni
1270 3011 1517 3073 Oportet,
1561 3019 1666 3058 non
1706 3003 1879 3075 legem

289 3112 496 3169 ponens
518 3139 534 3162 ,
563 3113 668 3151 non
712 3097 996 3152 consulens
1019 3136 1034 3162 ,
1079 3096 1172 3151 sed
1203 3112 1268 3152 ex
1310 3095 1661 3166 praesentibus
1705 3095 1881 3152 futura

289 3188 602 3258 conjectaus
641 3203 701 3242 ac
739 3179 1039 3257 praedicens
1063 3228 1079 3256 ,
1123 3187 1194 3241 ita
1231 3187 1498 3257 loquitur;
1535 3187 1882 3260 similiterque

291 3279 527 3350 agricola
559 3288 651 3333 aut
679 3278 1004 3348 gubernator
1029 3279 1214 3333 videns
1243 3294 1557 3334 concursum
1587 3280 1802 3334 nubium
1831 3289 1884 3336 et

292 3372 525 3428 tonitrua
564 3385 688 3425 cum
732 3368 1027 3441 fulguribus
1065 3370 1396 3440 erumpentia
1422 3413 1436 3436 ,
1468 3369 1594 3426 dicit
1617 3413 1632 3437 ,
1663 3369 1884 3440 Oportet

290 3463 454 3518 hasce
482 3463 650 3518 nubes
680 3463 911 3532 pluviam
943 3477 1129 3532 parere
1152 3505 1167 3529 ,
1192 3471 1242 3518 et
1275 3463 1498 3518 imbrem
1526 3463 1884 3519 vehementis-

289 3555 487 3610 simam
513 3597 529 3622 ,
553 3570 658 3609 non
680 3554 1010 3610 cohortando
1031 3554 1147 3610 hzec
1169 3554 1298 3609 dicit
1322 3597 1336 3621 ,
1361 3555 1452 3610 sed
1479 3555 1620 3626 quod
1650 3554 1882 3611 fulurmn

288 3657 377 3704 est
402 3647 766 3718 pra'nunliat:
813 3647 891 3701 sic
935 3655 988 3701 et
1037 3645 1231 3700 Paulus
1281 3645 1369 3699 illa
1416 3661 1586 3712 voce,
1638 3646 1880 3717 Oportet,

290 3756 426 3799 usus
451 3751 554 3797 est.
600 3742 667 3797 Et
691 3755 790 3796 nos
819 3755 1188 3810 saepenumero
1217 3754 1340 3794 eum
1376 3739 1615 3794 videmus
1642 3740 1884 3795 homines

289 3833 489 3889 acriter
516 3832 877 3902 disceptantes
901 3873 917 3895 ,
961 3845 1024 3886 ac
1052 3844 1170 3885 sese
1200 3838 1384 3884 mutuo
1413 3831 1665 3899 gravibus
1694 3841 1884 3885 contu-

290 3926 467 3980 meliis
499 3924 831 3990 allicientes,
869 3923 1096 3978 dicimus
1120 3965 1136 3990 ,
1179 3923 1399 3992 Oportet
1439 3922 1600 3978 hosce
1643 3925 1884 3978 homines

292 4017 350 4073 in
380 4017 608 4086 aliquam
640 4031 867 4086 pugnam
898 4029 1213 4084 erumpere,
1252 4023 1308 4070 et
1347 4014 1682 4069 custodiendi
1721 4024 1879 4080 sunt;

288 4122 399 4163 non
425 4107 769 4162 cohortantes
787 4148 802 4172 ,
826 4120 1004 4177 neque
1023 4105 1366 4160 consulentes
1386 4105 1456 4158 ita
1478 4105 1744 4175 loquimur
1760 4107 1780 4177 (
1796 4108 1883 4176 qui

291 4200 438 4255 enim
467 4199 517 4254 id
548 4199 661 4254 fieri
691 4198 899 4268 possit?
924 4202 942 4268 )
981 4195 1074 4252 sed
1109 4212 1176 4251 ex
1206 4196 1455 4266 prmsenti
1487 4195 1720 4250 futurum
1750 4212 1883 4250 cun-

285 4292 572 4362 jectantes.
609 4291 682 4346 Ita
710 4298 764 4345 et
785 4290 983 4345 Paulus
1022 4306 1127 4344 non
1171 4290 1457 4344 consulens
1497 4289 1567 4342 ita
1611 4291 1878 4360 loquitur,

295 4385 510 4450 Oportet
537 4383 750 4437 liter-eses
779 4383 831 4435 in
854 4382 988 4435 vobis
1018 4397 1124 4434 esse
1143 4423 1156 4444 ,
1187 4379 1279 4433 sed
1327 4379 1622 4449 praldicens
1664 4390 1716 4434 et
1758 4397 1884 4451 pro-

291 4476 504 4545 phetice
543 4474 903 4544 prmuuutians
935 4472 984 4526 id
1011 4471 1151 4542 quod
1176 4471 1405 4525 futurum
1433 4479 1534 4526 est.
1564 4472 1715 4540 Quod
1742 4474 1882 4528 enim

294 4582 404 4622 non
453 4567 697 4621 consulat
746 4566 980 4620 hzereses
1017 4581 1176 4630 esse,
1220 4565 1332 4633 ipse
1373 4564 1610 4619 declarat
1652 4566 1881 4621 dicens:

300 4658 517 4712 Etiamsi
545 4658 752 4728 angelus
781 4655 916 4710 vobis
941 4656 1246 4726 evangeliea!
1268 4665 1448 4724 prtetcr
1475 4656 1528 4707 id
1549 4697 1562 4719 ,
1585 4657 1720 4726 quod
1746 4674 1887 4712 acce-

293 4751 442 4822 pistis
469 4792 482 4815 ,
511 4750 781 4803 anathema
809 4748 872 4801 sit
907 4747 926 4815 (
948 4745 1066 4801 Gal.
1093 4747 1141 4800 l.
1171 4745 1206 4801 8
1239 4748 1278 4816 ).
1301 4745 1416 4814 ipse
1438 4755 1518 4800 est
1545 4747 1632 4816 qui
1655 4747 1884 4802 circum-

299 4842 557 4898 eisionem
584 4885 597 4903 ,
633 4842 752 4910 quia
783 4840 1154 4909 intempestive
1184 4838 1568 4894 observabatur
1591 4880 1606 4905 ,
1651 4847 1704 4895 et
1749 4856 1886 4909 pra:-

293 4933 580 4988 tlicationis
607 4933 887 5000 puritatem
921 4929 1272 4984 labefaelabat
1296 4971 1312 4995 ,
1360 4929 1544 4996 rejecit
1595 4945 1657 4984 ac
1695 4931 1835 4986 dixit
1868 4952 1880 4987 :

292 5027 357 5079 Si
385 5022 819 5077 rircumcidamini
841 5061 858 5088 ,
887 5020 1115 5075 Christus
1155 5021 1292 5075 vobis
1326 5021 1453 5073 nihil
1503 5022 1722 5089 proderit
1757 5020 1776 5094 (
1795 5020 1878 5075 Id.

291 5119 348 5173 ὃ.
381 5115 417 5169 2
509 5113 789 5183 Quomodo
835 5112 993 5180 igitur
1015 5152 1030 5176 ,
1098 5110 1305 5182 inquies
1328 5153 1343 5176 ,
1391 5126 1605 5166 causam
1654 5113 1886 5184 adjecit,

290 5208 480 5263 dicens
509 5225 522 5260 :
561 5205 628 5260 Ut
653 5206 736 5270 qui
763 5203 962 5276 probati
982 5212 1098 5256 sunt
1121 5245 1136 5271 ,
1160 5204 1413 5274 manifesti
1436 5205 1560 5273 [iant
1580 5205 1605 5257 ?
1637 5204 1721 5258 llla
1753 5221 1880 5272 vox,

299 5295 409 5364 Ut,
441 5299 491 5352 in
516 5296 804 5366 Scripturis
831 5295 1145 5365 plerumque
1187 5309 1292 5348 non
1323 5309 1534 5349 causam
1582 5295 1844 5363 significat
1868 5337 1882 5361 ,

293 5389 395 5445 sed
424 5405 608 5445 rerum
639 5397 912 5443 eventum.
944 5386 1183 5455 Exempli
1212 5400 1368 5440 causa
1395 5427 1408 5451 ,
1443 5385 1848 5442 venitChristus
1867 5426 1884 5454 ,

293 5491 356 5536 et
397 5494 540 5534 casco
579 5480 750 5532 visum
802 5475 1081 5532 reddidit:
1121 5475 1210 5530 ille
1254 5489 1382 5530 vero
1430 5476 1600 5545 ipsum
1649 5477 1889 5532 adoravit

297 5572 318 5643 (
347 5569 503 5624 Joau.
533 5569 565 5624 9
592 5568 610 5638 )
639 5567 842 5624 :Judzei
865 5575 1049 5622 contra
1073 5606 1088 5632 ,
1114 5565 1286 5621 hocin
1311 5565 1589 5620 sanitatem
1621 5567 1886 5632 restituto,

295 5662 438 5718 nihil
469 5678 574 5717 non
606 5662 833 5733 agebant
870 5668 931 5714 ut
970 5659 1286 5714 miraculum
1317 5658 1701 5724 obscurareut;
1733 5669 1889 5730 atque

292 5756 572 5812 Christum
600 5753 952 5824 expcllebant.
987 5752 1138 5806 Tunc
1166 5752 1324 5822 igitur
1351 5751 1422 5806 ait
1462 5751 1550 5805 ille
1594 5769 1606 5803 :
1653 5750 1718 5804 In
1743 5752 1888 5818 judi-

292 5850 434 5905 cium
462 5864 552 5918 τοι)
579 5847 689 5902 veni
716 5846 766 5899 in
796 5844 1042 5898 mundum
1071 5844 1204 5898 hunc
1226 5879 1242 5902 ,
1269 5850 1326 5894 ut
1353 5843 1436 5912 qui
1463 5858 1560 5895 non
1585 5841 1778 5909 vident,
1813 5845 1888 5896 vi-

1049 409 1119 466 ΙΝ
1159 408 1410 468 DICTUM
1449 406 1671 474 PAULI,
1715 407 2034 487 OPORTET
2067 406 2404 466 IIIERESES
2441 408 2626 464 ESSE.

3453 415 3561 470 ΞΜ

1966 528 2116 582 deant
2141 569 2154 590 ,
2183 537 2230 580 et
2259 526 2344 597 qui
2365 525 2568 588 vident,
2594 525 2714 578 σαβσί
2744 525 2870 592 ﬁant
2891 527 2909 595 (
2929 523 3086 580 Joan.
3114 525 3168 582 9.
3193 526 3262 583 39
3286 527 3327 597 ).
3354 527 3563 598 Ergone

1968 633 2030 673 ea
2069 618 2137 673 de
2190 631 2348 671 causa
2391 615 2574 678 venit,
2618 624 2676 669 ut
2715 615 2788 669 illi
2829 615 2956 670 carci
2996 616 3227 671 flerent?
3265 615 3380 672 Non
3418 626 3564 672 certe

1973 708 2096 763 ideo
2124 707 2269 761 venit
2297 724 2310 759 :
2352 705 2445 761 sed
2474 703 2600 760 illud
2627 705 2855 773 accidit,
2887 713 2940 760 et
2968 715 3214 761 eventum
3247 709 3321 762 rei
3355 707 3442 763 ille
3462 723 3563 763 ceu

1971 813 2185 852 causam
2212 797 2419 852 extulit.
2447 795 2678 850 Rursum
2703 837 2717 860 ,
2751 795 2836 850 lex
2861 795 2982 850 data
3017 804 3102 852 est
3130 807 3190 851 ut
3224 807 3562 868 peccatorum

1972 905 2187 945 cursum
2213 897 2486 944 coerceret
2513 931 2528 955 ,
2556 893 2616 943 ut
2641 887 3025 944 moderatiores
3045 889 3282 945 efficeret
3304 905 3399 946 eos
3422 932 3439 953 ,
3469 892 3560 962 qui

1972 980 2142 1052 ipsam
2187 981 2509 1049 acciperent.
2549 978 2654 1034 Sed
2693 979 2762 1034 ob
2801 979 3011 1034 illorum
3052 980 3312 1051 ignaviam
3352 990 3566 1035 contra-

1972 1073 2109 1126 rium
2140 1071 2334 1126 accidit
2367 1089 2378 1124 :
2411 1080 2626 1140 peccata
2656 1072 2799 1125 enim
2826 1082 3126 1137 auxerunt;
3161 1071 3396 1142 dicitque
3425 1071 3564 1126 Pau-

1976 1161 2106 1216 lus:
2162 1160 2271 1216 Lea:
2317 1172 2486 1215 autem
2528 1161 2863 1228 subintravit,
2911 1170 2965 1215 ut
3007 1161 3286 1216 abundaret
3329 1161 3566 1216 delictum

1977 1252 1997 1326 (
2028 1251 2181 1308 Rom.
2208 1253 2261 1308 5.
2289 1251 2362 1306 20
2391 1253 2429 1322 );
2461 1266 2582 1306 cum
2613 1260 2788 1306 tamen
2839 1267 2946 1306 non
2984 1252 3106 1307 ideo
3149 1252 3524 1307 subintraverit
3548 1292 3565 1316 ,

1977 1343 2074 1399 sed
2101 1351 2158 1397 ut
2189 1343 2453 1398 minueret
2481 1342 2753 1397 delictum.
2784 1342 2916 1397 Illud
2942 1353 3119 1397 autem
3147 1344 3325 1397 evenit
3354 1352 3570 1413 propter

1978 1435 2371 1504 improbitatem
2409 1449 2638 1501 eorum,
2686 1434 2774 1504 qui
2825 1434 2965 1488 illam
3014 1445 3352 1504 acceperunt.
3398 1435 3486 1490 Sic
3514 1445 3570 1490 et

1978 1527 2081 1583 hoc
2126 1527 2283 1593 loco,
2320 1525 2430 1591 Ut,
2477 1542 2581 1581 non
2624 1540 2841 1581 causam
2879 1526 3112 1595 iudicat,
3162 1527 3255 1582 sed
3297 1535 3566 1582 eventum.

1979 1618 2132 1686 Quod
2169 1617 2312 1673 enim
2358 1618 2460 1673 alia
2505 1618 2575 1672 sit
2611 1617 2894 1673 hmresium
2930 1633 3088 1674 causa
3113 1659 3129 1684 ,
3173 1618 3418 1690 quodque
3465 1634 3572 1674 non

1981 1711 2106 1767 ideo
2141 1710 2377 1767 haereses
2416 1711 2649 1777 fuerint,
2676 1719 2731 1764 ut
2767 1711 2858 1781 qui
2902 1711 3108 1780 probati
3150 1719 3332 1766 essent
3355 1753 3370 1777 ,
3405 1711 3574 1766 mani-

1979 1800 2106 1856 festi
2153 1803 2383 1870 ﬁerent,
2432 1801 2526 1857 sed
2575 1800 2791 1856 aliunde
2858 1802 3165 1856 occasiones
3229 1803 3571 1872 acceperint,

1981 1896 2105 1950 audi
2134 1896 2406 1952 Christum
2438 1898 2592 1952 nobis
2620 1897 3000 1952 declarantem.
3035 1896 3216 1951 Simile
3241 1897 3429 1966 factum
3459 1906 3532 1950 est
3556 1938 3571 1959 ,

1982 1989 2190 2060 inquit,
2225 2007 2434 2061 regnum
2464 1989 2702 2044 cwlorum
2739 1990 2933 2044 homini
2973 1990 3241 2044 seminanti
3269 1989 3452 2043 bonum
3492 2006 3577 2044 se-

1986 2101 2100 2138 men
2142 2084 2196 2136 in
2235 2099 2359 2154 agro
2387 2099 2522 2150 suo;
2562 2092 2610 2137 et
2651 2082 2773 2136 dum
2811 2083 3088 2136 dormirent
3126 2083 3350 2136 homines
3373 2123 3388 2147 ,
3446 2081 3578 2134 venit

1981 2177 2218 2230 inimicus
2244 2177 2394 2230 homo
2414 2218 2430 2243 ,
2477 2185 2524 2230 et
2569 2176 2831 2230 seminavit
2879 2176 3079 2229 sizania
3107 2173 3336 2246 (Matth.
3369 2175 3456 2229 15.
3482 2175 3574 2229 24.

1980 2268 2120 2340 25).
2173 2269 2358 2323 Videu’
2387 2268 2507 2324 ideo
2556 2268 2791 2322 haereses
2837 2265 3002 2322 fuisse
3030 2309 3046 2334 ,
3089 2265 3228 2336 quod
3279 2265 3577 2321 dormirent

1987 2360 2236 2415 homines
2259 2401 2275 2425 ,
2305 2361 2554 2429 quoniam
2580 2372 2773 2429 segnes
2795 2359 2992 2413 erant?
3016 2358 3264 2426 quoniam
3287 2357 3441 2412 dictis
3470 2373 3575 2411 non

1986 2449 2274 2519 diligenter
2297 2449 2685 2504 attendebant?
2714 2448 2790 2504 Ne
2829 2449 3007 2518 itaque
3044 2448 3307 2518 quispiam
3334 2447 3535 2502 dixerit
3559 2490 3574 2512 ,

1982 2540 2094 2596 Cur
2122 2540 2222 2596 hoc
2253 2541 2494 2610 permisit
2521 2539 2810 2595 Christus?
2837 2540 2967 2594 dicit
2998 2539 3194 2594 Paulus
3229 2557 3243 2593 :
3286 2539 3413 2594 ﬂare
3453 2555 3578 2610 per-

1989 2632 2173 2686 missio
2201 2632 2329 2686 nihil
2357 2640 2407 2687 te
2430 2631 2575 2686 laedit
2603 2649 2616 2685 :
2649 2631 2692 2686 si
2721 2631 2974 2701 probatus
3001 2631 3164 2686 fueris
3189 2672 3203 2695 ,
3246 2631 3442 2686 clarior
3479 2646 3578 2700 ap-

1984 2725 2217 2794 parebis.
2251 2723 2366 2779 Non
2394 2726 2534 2778 enim
2562 2739 2656 2794 par
2682 2738 2769 2780 res
2801 2733 2882 2778 est
2904 2765 2917 2789 ,
2949 2724 3160 2779 nemine
3189 2723 3533 2793 supplantare
3559 2764 3575 2788 ,

1985 2817 2202 2871 nemine
2230 2815 2479 2886 decipere
2507 2825 2738 2871 conante
2761 2857 2776 2882 ,
2819 2815 2872 2870 in
2910 2825 3054 2870 recta
3082 2824 3226 2870 stare
3255 2814 3354 2870 fide
3377 2855 3393 2881 ,
3421 2813 3583 2884 atque

1989 2908 2286 2963 innumeris
2327 2907 2731 2978 erumpentibus
2773 2908 3058 2978 procellis,
3114 2908 3485 2961 inconcussum
3527 2918 3580 2962 et

1987 3000 2315 3056 immobilem
2366 3015 2604 3054 manere.
2657 2999 3116 3067 Quemadmodum
3173 2999 3316 3053 enim
3356 2998 3580 3053 arbores

1985 3101 2268 3148 ventorum
2311 3093 2545 3162 undique
2589 3092 2906 3148 irruentium
2939 3096 3138 3161 impetu
3171 3092 3433 3147 firmiores
3461 3092 3582 3148 red-

1985 3185 2187 3241 duntur
2210 3227 2226 3252 ,
2261 3185 2303 3238 si
2333 3185 2549 3255 quidem
2580 3194 2728 3240 recte
2758 3193 2812 3240 et
2839 3193 3086 3240 accurate
3122 3185 3354 3240 radicem
3393 3200 3582 3254 posue-

1986 3280 2131 3332 rint:
2162 3279 2238 3332 sic
2266 3287 2318 3332 et
2349 3279 2556 3332 animas
2584 3278 2634 3331 in
2665 3277 3013 3332 fundamento
3043 3287 3201 3332 rectae
3233 3277 3352 3331 fidei
3378 3277 3582 3332 defixus

1987 3369 2240 3439 quaelibet
2267 3369 2623 3438 irrumpentes
2669 3369 2903 3424 ha‘reses
2949 3385 3052 3422 non
3090 3371 3443 3436 subvertuut,
3485 3369 3581 3424 sed

1989 3460 2237 3516 fortiores
2263 3460 2510 3514 reddunt.
2544 3459 2678 3526 Quid
2721 3460 2880 3529 igitur
2918 3460 3159 3513 dicamus
3202 3459 3268 3513 de
3313 3459 3578 3526 infirmis,

1987 3551 2077 3622 qui
2109 3549 2265 3606 facile
2293 3558 2552 3605 corruunt
2579 3560 2630 3605 et
2663 3550 3110 3620 supplantantur?
3144 3549 3222 3605 Ne
3262 3551 3336 3604 illi
3367 3550 3579 3620 quidem

1990 3659 2085 3714 per
2113 3641 2382 3698 haereseos
2410 3648 2662 3712 impetum
2689 3685 2703 3705 ,
2743 3643 2837 3697 sed
2871 3658 2966 3712 per
2997 3643 3261 3712 propriam
3302 3642 3582 3698 infirmita-

1991 3745 2096 3791 tem
2124 3735 2224 3791 hoe
2255 3737 2544 3806 patiuntur.
2593 3733 2956 3788 Infirmitatem
2991 3749 3118 3788 vero
3147 3750 3250 3788 non
3282 3735 3578 3790 naturalem

1989 3827 2149 3892 dico,
2191 3827 2283 3883 sed
2322 3842 2478 3893 eam,
2528 3841 2646 3896 quae
2697 3835 2780 3881 est
2820 3841 2884 3880 ex
2936 3826 3209 3895 proposito
3253 3826 3576 3893 voluntatis,

1991 3935 2109 3989 qum
2159 3917 2313 3988 digna
2369 3917 2823 3987 reprehensione,
2874 3931 3029 3986 pmua
3073 3924 3231 3986 atque
3277 3915 3576 3986 supplicio,

1990 4024 2148 4078 quam
2207 4008 2496 4063 emendare
2551 4021 2714 4076 penes
2770 4023 2868 4062 nos
2919 4016 3019 4061 est.
3074 4007 3410 4076 Quapmpter
3456 4023 3578 4063 cum

1991 4099 2337 4155 emendamus
2360 4141 2376 4166 ,
2401 4099 2712 4162 laudamur;
2737 4113 2856 4153 cum
2885 4114 2987 4153 non
3009 4098 3358 4154 emendamus
3380 4142 3393 4165 ,
3421 4101 3579 4154 casti-

1989 4207 2200 4263 gamur.

2061 4284 2116 4339 2.
2173 4283 2412 4356 Vigilanti
2438 4285 2566 4339 nihil
2588 4285 2763 4338 damni
2791 4283 2943 4353 infert
2989 4286 3239 4339 diabolus.
3297 4285 3404 4339 V0.1:
3428 4329 3440 4350 ,
3471 4287 3577 4354 Ut,

1989 4378 2264 4447 aliquando
2291 4387 2518 4431 eventum
2538 4419 2551 4439 ,
2584 4393 2683 4431 non
2714 4394 2920 4430 causam
2962 4379 3236 4446 signiﬁcat.
3281 4377 3577 4448 Eleemosy-

1991 4487 2071 4525 nte
2097 4471 2295 4524 modus.
2324 4501 2393 4510 —
2415 4471 2586 4539 Atque
2617 4481 2670 4522 ut
2694 4469 2866 4522 discas
2893 4469 2972 4522 eis
2996 4509 3011 4531 ,
3041 4469 3130 4538 qui
3157 4469 3375 4537 vigilant
3401 4511 3414 4534 ,
3444 4469 3576 4524 nihil

1992 4575 2186 4615 nocere
2205 4574 2361 4628 posse
2386 4601 2399 4626 ,
2425 4559 2636 4613 aliunde
2657 4560 2818 4613 etiam
2842 4557 2890 4610 id
2917 4557 3289 4612 demonstrare
3317 4568 3576 4629 satagam.

1990 4650 2126 4719 Quid
2155 4649 2371 4703 diabolo
2403 4648 2686 4717 malignius
2709 4690 2722 4714 ,
2771 4647 2896 4717 quid
2939 4646 3292 4701 sceleratius?
3329 4635 3601 4703 Attamen.

1993 4741 2078 4795 hic
2133 4739 2396 4808 malignus
2439 4739 2874 4807 sceleratusquc,
2919 4739 3009 4806 qui
3063 4739 3230 4793 multa
3272 4739 3321 4792 vi
3375 4740 3578 4808 pollet,

1991 4847 2110 4884 cum
2161 4829 2409 4884 omnibus
2455 4827 2714 4882 machinis
2760 4829 2870 4882 suis
2909 4828 3010 4882 Job
3058 4828 3277 4883 adortus
3305 4870 3318 4894 ,
3365 4839 3580 4900 totaque

1993 4920 2239 4991 pharetra
2265 4934 2359 4973 sua
2389 4921 2439 4973 in
2468 4918 2685 4973 domum
2729 4928 2785 4974 et
2827 4919 2878 4972 in
2919 4934 3115 4989 corpus
3153 4919 3284 4989 justi
3326 4920 3420 4973 viri
3456 4937 3583 4975 eva-

1991 5023 2144 5068 cuata
2172 5055 2186 5080 ,
2217 5027 2321 5067 non
2347 5011 2506 5065 modo
2532 5012 2704 5080 ipsum
2732 5027 2836 5063 non
2870 5011 3130 5065 subvertit
3154 5053 3167 5077 ,
3197 5012 3289 5066 sed
3315 5022 3363 5068 et
3392 5011 3583 5066 clario-

1992 5121 2104 5159 rem
2133 5104 2272 5158 fecit.
2309 5104 2375 5156 Et
2411 5102 2497 5157 ille
2531 5102 2746 5172 quidem
2791 5118 2822 5158 a
2855 5102 3070 5158 diabolo
3112 5106 3417 5159 nocumenti
3451 5104 3587 5161 nihil

1991 5196 2240 5264 accepit;
2287 5195 2450 5249 Judas
2486 5210 2614 5250 vero
2638 5236 2652 5260 ,
2695 5197 2944 5266 quoniam
2987 5198 3260 5268 negligens
3298 5200 3587 5269 segnisque

1993 5298 2108 5343 erat
2133 5329 2148 5352 ,
2181 5289 2396 5343 nihilex
2425 5287 2622 5343 Christi
2645 5291 2918 5345 consortio
2945 5291 3176 5345 lucratus
3197 5300 3277 5346 est
3300 5331 3315 5355 ,
3339 5292 3432 5346 scd
3461 5301 3583 5360 post

1995 5391 2072 5436 tot
2099 5383 2214 5437 illas
2241 5377 2645 5438 adhortationes
2669 5393 2829 5454 atque
2857 5383 3071 5437 consilia
3101 5382 3339 5450 proditor
3363 5385 3579 5438 mansit.

1994 5471 2164 5527 Causa
2193 5483 2368 5529 autem
2400 5485 2482 5529 est
2505 5516 2519 5538 ,
2551 5475 2671 5544 quia
2705 5473 2970 5528 neminem
3002 5472 3220 5526 invitum
3251 5471 3392 5542 cogit
3417 5475 3500 5528 vel
3528 5475 3582 5529 vi

1995 5564 2213 5620 adducit
2239 5566 2414 5631 Deus,
2442 5574 2498 5618 ut
2525 5579 2624 5620 nec
2662 5564 2808 5618 illum
2851 5563 3043 5633 coegit.
3087 5562 3291 5618 Eodem
3336 5564 3497 5620 modo
3539 5565 3580 5620 si
3676 5572 3677 5575 ‘

1997 5670 2096 5709 nos
2121 5655 2401 5724 vigilemus
2431 5695 2445 5720 ,
2492 5653 2624 5707 nihil
2657 5653 2958 5706 nocumenti
2991 5653 3142 5708 nobis
3169 5653 3362 5709 afferre
3389 5655 3587 5724 poterit

1995 5745 2237 5800 diabolus
2263 5761 2278 5808 ;
2307 5745 2388 5798 sin
2416 5759 2520 5798 non
2550 5743 2827 5814 vigilemus
2851 5785 2865 5810 ,
2913 5745 3007 5800 sed
3048 5745 3282 5816 segniter
3323 5759 3542 5817 agamus
3564 5785 3584 5812 τ

1997 5853 2064 5894 ne
2091 5837 2302 5908 quidem
2331 5838 2397 5894 ab
2423 5837 2486 5894 iis
2511 5877 2526 5907 ,
2558 5851 2677 5909 qua!
2703 5836 2960 5909 prodesse
2988 5845 3204 5910 possent
3229 5879 3242 5904 ,
3267 5837 3403 5896 lucri
3433 5837 3584 5912 quid~
