4006 6416
475 363 581 417 235

472 481 614 548 piam
644 473 1009 545 accipiemus;
1041 473 1131 526 sed
1162 471 1540 524 detrimentum
1576 466 1729 519 nobis
1753 464 1858 517 erit
1885 470 2063 516 extre-

474 584 625 629 mum
655 585 668 622 :
705 564 1132 622 tantum‘malum
1162 571 1244 617 est
1268 561 1539 629 segnities.
1584 556 1780 613 Judzeis
1805 569 1933 619 ergo
1960 568 2064 606 non

482 658 645 714 modo
675 657 805 714 nihil
839 655 1033 726 profuit
1062 653 1253 710 Christi
1284 652 1544 705 adventus
1566 692 1582 717 ,
1630 647 1725 703 sed
1768 648 1927 702 etiam
1973 660 2067 699 no-

477 751 589 806 cuit
612 769 623 803 :
654 765 758 803 non
781 747 1021 802 Christus
1050 745 1152 799 illis
1175 745 1225 798 in
1247 759 1405 799 causa
1429 741 1523 796 fuit
1549 783 1564 807 ,
1595 739 1687 796 sed
1713 754 1806 794 sua
1830 738 2064 808 ipsorum

478 841 728 912 segnities
759 848 813 894 et
840 837 1170 908 improbitas.
1205 835 1259 889 ld
1291 851 1417 890 vero
1445 835 1710 891 Christum
1741 833 1913 902 ipsum
1943 829 2064 885 audi

479 935 740 988 dicentem
775 949 787 984 :
820 929 937 985 Nisi
966 930 1208 985 venissem
1230 971 1246 995 ,
1282 928 1489 999 inquit,
1522 937 1565 982 et
1596 928 1831 998 loquutus
1861 924 2067 995 fuissem

475 1026 547 1078 eis
566 1064 580 1090 ,
615 1032 874 1093 peccatum
902 1038 1002 1074 non
1031 1021 1268 1074 haberent
1291 1036 1309 1074 :
1337 1035 1471 1072 nunc
1499 1027 1665 1071 autem
1693 1016 2068 1071 excusationem

478 1134 580 1170 rion
612 1114 792 1170 habent
832 1115 894 1167 de
937 1124 1137 1183 peccato
1184 1130 1276 1167 suo
1324 1111 1516 1184 (Joan.
1564 1111 1652 1164 15.
1696 1108 1833 1180 22).
1882 1106 2069 1162 Viden’

477 1208 762 1261 adventum
793 1205 910 1275 ejus
951 1214 1007 1260 et
1042 1205 1196 1260 venia
1240 1204 1386 1275 ipsos
1429 1203 1667 1273 privasse
1692 1243 1708 1268 ,
1759 1211 1813 1255 ct
1850 1214 2065 1255 onmem

474 1299 801 1354 defensionis
839 1296 1054 1351 modum
1094 1294 1419 1350 abstulisse?
1465 1294 1693 1347 Tantum
1745 1301 1827 1346 est
1869 1290 2065 1344 malum

478 1405 583 1444 non
611 1387 888 1443 attendere
914 1387 1014 1441 sibi
1040 1428 1055 1452 ,
1088 1401 1263 1455 neque
1293 1400 1385 1440 sua
1416 1426 1429 1449 ,
1466 1394 1523 1439 ut
1563 1399 1662 1455 par
1705 1391 1788 1437 est
1809 1423 1825 1449 ,
1856 1396 2061 1436 curare.

475 1481 588 1536 Hoc
613 1489 669 1535 et
694 1481 745 1535 in
771 1478 1087 1549 corporibus
1109 1477 1289 1532 videre
1318 1486 1401 1531 est
1429 1495 1440 1529 :
1466 1492 1586 1530 eum
1616 1478 1757 1529 enim
1781 1473 1869 1544 qui
1897 1472 2068 1527 oculis

474 1571 684 1626 laborat
708 1612 722 1637 ,
748 1571 859 1643 ipse
886 1570 967 1624 sol
992 1569 1217 1640 caligine
1235 1568 1515 1624 oll‘undcre
1538 1569 1707 1633 solet,
1731 1582 1917 1621 sanum
1940 1581 2068 1620 vero

477 1678 547 1716 ne
578 1662 813 1716 tenebrae
843 1662 1057 1732 quidem
1090 1661 1286 1716 lcedcre
1317 1673 1554 1729 possunt.
1596 1659 1710 1714 Non
1750 1659 1866 1713 sine
1904 1674 2066 1712 causa

476 1754 677 1809 diutius
718 1753 861 1808 hunc
902 1768 1205 1809 sermonem
1253 1752 1533 1822 produco:
1578 1751 1671 1806 sed
1720 1752 1840 1821 quia
1874 1751 2024 1805 multi
2051 1793 2066 1817 ,

481 1862 603 1901 cum
631 1847 912 1916 segnitiem
944 1861 1094 1900 suam
1122 1845 1339 1914 culpare
1369 1887 1382 1909 ,
1427 1861 1489 1898 ac
1531 1844 1920 1914 improbitatem
1951 1854 2067 1897 stu-

479 1951 771 2007 porcmque
800 1952 956 1991 suum
987 1936 1254 2007 corrigere
1282 1935 1539 1990 deberent
1563 1978 1578 2004 ,
1618 1934 1718 1989 hac
1754 1934 1914 1989 missa
1941 1950 2068 1989 cura

477 2032 816 2086 circumeunt
865 2030 1080 2100 frigidas
1134 2030 1508 2085 excusationes
1566 2037 1870 2099 qumrentes
1909 2036 2067 2098 atque

477 2124 721 2179 dicentes
753 2140 765 2176 :
800 2123 909 2178 Nisi
941 2123 1183 2178 diabolus
1225 2131 1369 2178 esset
1392 2165 1407 2190 ,
1447 2138 1552 2177 non
1594 2122 1929 2191 periremus;
1967 2121 2067 2176 nisi

476 2216 558 2269 lex
611 2224 792 2282 esset,
843 2230 949 2268 non
995 2229 1379 2285 peccaremus;
1422 2214 1523 2268 nisi
1573 2214 1805 2269 haereses
1844 2224 2065 2280 essent,

474 2324 582 2363 non
623 2308 1107 2378 supplantaremur.
1140 2308 1266 2363 llaic
1304 2316 1430 2363 sunt
1472 2307 1721 2363 obtentus
1752 2316 1807 2363 et
1834 2317 2065 2379 praetex-

475 2411 562 2455 tus
591 2442 605 2467 ,
640 2400 710 2454 mi
738 2401 898 2454 homo
925 2418 937 2454 :
968 2400 1205 2471 vigilanti
1238 2400 1381 2455 enim
1410 2400 1542 2454 nihil
1581 2407 1738 2455 uocet
1775 2415 2023 2469 umquam
2049 2441 2065 2465 ,

473 2493 613 2548 sicut
639 2493 921 2550 dormienti
947 2538 961 2560 ,
993 2495 1262 2565 pigritanti
1284 2504 1338 2549 et
1358 2494 1585 2549 salutem
1614 2508 1765 2548 suam
1800 2494 2062 2563 prodenti,

473 2585 607 2641 nihil
656 2586 890 2658 prodest.
936 2587 1166 2659 ldipsum
1206 2589 1348 2643 enim
1395 2598 1450 2643 ct
1484 2588 1680 2644 Paulus
1723 2588 2069 2644 subindicans

471 2676 683 2733 diccbat
712 2696 725 2733 :
759 2677 826 2733 Ut
846 2680 932 2750 qui
959 2679 1159 2751 probati
1183 2690 1301 2735 sunt
1325 2722 1341 2748 ,
1385 2681 1641 2753 manifesti
1679 2681 1804 2750 [iant
1842 2682 1894 2734 in
1932 2680 2070 2735 vobis

474 2768 569 2839 (1.
597 2767 716 2824 Cor.
747 2770 834 2824 11.
882 2770 991 2838 19)
1028 2788 1041 2824 :
1087 2771 1191 2826 hoc
1234 2780 1353 2839 est,
1404 2788 1472 2828 ne
1522 2772 1847 2841 turbcmini,
1893 2787 2069 2843 neque

471 2861 614 2917 anxii
632 2869 831 2929 estote;
854 2863 984 2917 nihil
1003 2863 1153 2918 vobis
1177 2880 1370 2919 nocere
1396 2875 1617 2934 possunt
1636 2864 1889 2920 haereses.
1914 2864 2068 2933 Quod

472 2952 653 3022 itaque
697 2953 906 3007 etiamsi
972 2954 1040 3008 de
1089 2954 1384 3010 hmrcsibus
1434 2971 1612 3011 sermo
1657 2957 1764 3021 sit,
1811 2957 2067 3027 praedicta

472 3044 696 3114 qmestio
726 3058 832 3098 non
860 3044 939 3099 sic
981 3044 1174 3100 habeat
1197 3087 1212 3111 ,
1250 3046 1374 3100 hinc
1414 3046 1588 3116 palam
1633 3057 1738 3103 est.
1782 3047 2067 3119 Prophetia

473 3150 705 3206 namque
734 3145 820 3192 est
841 3177 856 3201 ,
891 3152 997 3192 non
1024 3137 1306 3193 consilium
1332 3155 1347 3202 ;
1393 3137 1671 3208 praedictio
1696 3180 1710 3204 ,
1741 3154 1848 3194 non
1877 3140 2066 3197 admo-

472 3226 610 3281 nitio
641 3245 655 3283 :
685 3236 738 3283 et
767 3226 854 3282 illa
880 3244 979 3283 vox
1007 3268 1022 3294 ,
1059 3226 1162 3296 Ut,
1204 3239 1458 3285 eventum
1484 3271 1500 3296 ,
1550 3246 1657 3285 non
1698 3245 1913 3286 causam
1939 3271 1954 3295 ,
1998 3232 2071 3286 si.

471 3319 709 3391 gnificat.
750 3318 901 3387 Quod
928 3328 1105 3377 autem
1133 3334 1237 3375 non
1265 3318 1334 3377 de
1359 3320 1698 3392 dogmatibus
1712 3321 1822 3393 jam
1851 3323 1925 3378 illi
1951 3338 2068 3379 ser-

471 3426 564 3467 mo
591 3411 658 3467 sit
682 3453 697 3478 ,
730 3410 826 3466 sed
868 3411 937 3468 de
972 3411 1299 3482 pauperibus
1324 3420 1379 3467 et
1402 3412 1657 3469 divitibus
1681 3455 1696 3481 ,
1727 3413 1795 3469 de
1820 3415 1943 3471 cibo
1968 3454 1985 3482 ,
2015 3424 2071 3470 et

472 3498 544 3558 de
581 3502 903 3558 abstinentia
942 3517 973 3557 a
1014 3502 1175 3570 cibo,
1222 3502 1292 3559 de
1337 3502 1712 3574 opulentorum
1755 3504 1974 3560 lascivia
2015 3515 2070 3562 et

473 3591 691 3663 crapula
715 3634 731 3661 ,
758 3591 904 3648 etde
928 3608 1218 3664 pauperum
1244 3602 1555 3665 contemptu
1581 3637 1596 3661 ,
1624 3595 1712 3666 qui
1736 3611 1899 3666 penes
1924 3597 2068 3669 ipsos

472 3695 589 3741 erat
613 3728 628 3753 ,
660 3682 797 3741 ferte
827 3684 1096 3757 paulisper
1135 3684 1187 3741 id
1229 3686 1478 3755 superius
1513 3697 1819 3743 narrantem
1850 3706 1864 3743 :
1897 3704 2070 3760 neque

473 3777 617 3833 enim
646 3777 753 3832 alio
784 3776 943 3834 modo
975 3777 1026 3833 id
1060 3777 1212 3834 vobis
1237 3778 1410 3850 palam
1434 3794 1556 3836 esse
1576 3789 1772 3849 potest.
1805 3779 2067 3848 Quoniam

477 3871 622 3925 enim
664 3870 893 3941 apostoli
934 3882 1210 3942 cmperant
1244 3873 1467 3928 verbum
1508 3874 1721 3944 pietatis
1759 3874 2029 3930 seminare
2052 3916 2067 3940 ,

473 3972 822 4018 accesserunt
868 3964 1046 4019 statim
1089 3965 1186 4019 tria
1235 3965 1439 4033 millia,
1488 3975 1542 4022 et
1586 3980 1799 4020 rursum
1839 3966 2073 4036 quinque

478 4054 644 4108 millia
671 4096 685 4121 ,
716 4063 773 4109 et
799 4055 1012 4109 illorum
1043 4055 1281 4110 omnium
1312 4068 1428 4112 erat
1452 4072 1548 4112 cor
1571 4073 1736 4112 unum
1763 4098 1778 4124 ,
1805 4066 1861 4112 et
1895 4057 2070 4113 anima

476 4161 602 4199 ista.
631 4144 944 4199 Concordia}
973 4155 1150 4199 autem
1172 4161 1331 4201 causa
1356 4188 1371 4211 ,
1402 4157 1459 4202 et
1482 4149 1721 4204 caritatis
1746 4163 1935 4204 eorum
1959 4147 2072 4203 vin-

476 4236 656 4292 culum
681 4277 697 4302 ,
724 4234 866 4308 quod
900 4246 978 4291 tot
1015 4237 1223 4292 animas
1253 4239 1306 4292 in
1339 4255 1500 4293 unum
1529 4241 1929 4312 congregabat,
1976 4255 2072 4310 pc-

477 4331 754 4386 euuiarum
809 4338 1150 4402 contemptus
1201 4340 1335 4387 erat.
1392 4330 1587 4387 Nullus
1638 4334 1810 4400 enim,
1862 4334 2072 4404 inquit,

477 4426 738 4495 quidpiam
782 4424 875 4479 sibi
919 4424 1184 4497 proprium
1231 4440 1338 4479 esse
1380 4424 1612 4493 dicebat,
1660 4424 1749 4480 sed
1787 4435 1929 4480 erant
1973 4425 2077 4481 illis

479 4519 649 4573 omnia
676 4520 963 4573 communia
993 4518 1148 4592 (Act.
1177 4520 1229 4574 4.
1265 4518 1334 4574 52
1359 4519 1399 4590 ).
1428 4518 1562 4586 Quia
1592 4518 1735 4574 enim
1779 4519 1931 4575 radix
1964 4534 2076 4574 ma-

482 4609 656 4665 lorum
683 4611 891 4666 sublata
918 4610 1091 4668 fuerat
1114 4653 1130 4677 ,
1161 4610 1384 4666 avaritia
1413 4626 1607 4683 nempe
1632 4652 1649 4678 ,
1688 4611 1870 4667 omnia
1914 4610 2079 4666 adve-

483 4709 675 4754 nerant
700 4699 837 4754 bona
868 4717 881 4753 :
909 4715 971 4755 ac
996 4699 1190 4756 deinde
1215 4711 1400 4756 mutuo
1435 4700 1820 4769 cohaerebant,
1861 4716 1892 4756 a
1931 4701 2077 4757 nulla

486 4807 544 4845 re
569 4790 789 4844 divulsi.
823 4790 955 4846 lllud
982 4793 1124 4846 enim
1157 4809 1324 4847 meum
1349 4802 1401 4848 et
1431 4803 1571 4847 tuum
1600 4834 1616 4860 ,
1663 4793 1916 4864 frigidum
1949 4793 2076 4848 illud

485 4884 706 4937 verbum
734 4923 749 4947 ,
806 4884 1085 4938 immmera
1135 4884 1274 4940 bella
1327 4886 1379 4938 in
1427 4886 1614 4940 urbem
1662 4885 1963 4953 inducens,
2011 4901 2076 4940 ex

484 4985 668 5029 sancta
697 4973 783 5027 illa
817 4975 1055 5030 Ecclesia
1083 4977 1416 5031 eliminatum
1444 4987 1579 5045 erat,
1614 4987 1669 5033 et
1695 4979 1747 5033 in
1790 4987 1928 5034 terra
1956 4994 2080 5048 pcr-

487 5066 612 5121 inde
658 5065 1007 5133 habitabant,
1030 5075 1189 5137 atque
1228 5069 1404 5139 angeli
1432 5069 1482 5122 in
1505 5070 1657 5124 cado.
1687 5070 1801 5124 Non
1827 5069 2078 5126 divitibus

487 5171 749 5227 pauperes
780 5156 1132 5224 invidebant,
1178 5172 1300 5213 eum
1344 5160 1471 5214 nulli
1498 5172 1676 5215 essent
1716 5160 1950 5226 divites;
1979 5176 2080 5217 nec

485 5264 748 5321 pauperes
776 5264 806 5304 a
835 5248 1090 5305 divitibus
1113 5249 1597 5305 contenmebantur
1621 5293 1634 5315 ,
1668 5267 1789 5305 emn
1818 5266 2080 5322 pauperes

469 5358 580 5398 non
621 5354 841 5410 essent,
870 5343 965 5399 sed
1005 5343 1183 5399 omnia
1213 5352 1396 5399 essent
1434 5346 1758 5399 communia.
1798 5349 1878 5401 Ae
1922 5361 2081 5401 nemo

468 5440 752 5511 quidpiam
781 5451 847 5491 cx
875 5436 939 5491 iis
978 5451 1097 5507 quae
1145 5434 1415 5500 habebat,
1458 5449 1612 5489 suum
1657 5450 1779 5491 esse
1829 5435 2078 5504 dicebat;

475 5539 660 5597 neque
714 5529 855 5583 enim
902 5539 959 5584 ut
1006 5528 1206 5597 hodie,
1257 5530 1335 5585 sic
1383 5539 1508 5584 tunc
1550 5543 1611 5584 se
1656 5544 1743 5584 res
1790 5527 2079 5584 habebant.

490 5614 643 5669 Nune
671 5617 812 5671 enim
841 5632 934 5672 sua
964 5619 1223 5676 habentes
1246 5660 1265 5688 ,
1302 5628 1527 5692 erogant
1553 5621 1878 5692 pauperibus
1912 5638 1924 5674 :
1957 5629 2083 5676 tunc

493 5718 621 5759 vero
648 5723 753 5761 non
783 5722 893 5774 sic;
919 5711 1013 5767 sed
1038 5727 1070 5766 a
1108 5714 1441 5783 propriarum
1470 5717 1814 5786 pecuniarum
1842 5715 2083 5772 dominio

501 5795 817 5857 Obsisteutes
839 5840 854 5859 .
880 5811 939 5860 et
964 5802 1017 5859 in
1045 5805 1224 5861 medio
1247 5821 1337 5861 eas
1356 5807 1692 5881 deponentes
1733 5820 1895 5882 atque
1935 5824 2083 5867 com-

1232 354 1286 412 Β.
1328 352 1604 410 JOANNIS
1630 343 2070 405 CIIItYSOSTOM

2179 343 2467 399 lRCHlEP.
2510 344 3050 403 CONSTANTINOP.

3659 347 3754 403 256

2179 458 2464 513 miscentes
2488 504 2502 523 ,
2535 474 2601 514 ne
2626 460 2840 530 quidem
2873 461 3161 515 internosci
3190 470 3437 531 poterant
3462 464 3550 532 qui
3595 478 3754 534 nuper

2174 551 2367 620 divites
2396 551 2604 607 fuerant
2630 570 2642 616 ;
2692 554 2763 607 ita
2795 562 2852 608 ut
2895 555 2939 607 si
2968 555 3087 624 quis
3113 571 3177 609 ex
3208 552 3755 622 peeuniarumdespc-

2188 653 2275 697 ctu
2306 644 2472 698 fastus
2496 646 2621 699 oriri
2653 654 2833 714 posset
2858 688 2873 713 ,
2904 647 2995 701 ille
3021 648 3180 701 etiam
3202 641 3445 700 funditus
3468 646 3752 713 tolleretur,

2175 735 2605 806 quandoquidem
2634 739 2815 791 omnia
2844 739 3069 807 aequalia
3111 746 3264 793 erant
3289 778 3305 805 ,
3350 753 3643 808 omnesque
3682 758 3755 809 pe-

2173 829 2346 882 eunim
2397 830 2702 884 commixtae
2750 831 2979 885 fuerant.
3024 830 3208 901 Neque
3250 830 3372 885 inde
3417 832 3629 897 solum,
3669 833 3753 888 sed

2173 923 2332 976 etiam
2360 938 2423 977 ex
2457 922 2616 977 modo
2656 923 2961 992 deponendi
3001 924 3253 993 pecunias
3278 966 3293 991 ,
3344 923 3555 978 illorum
3602 926 3754 995 pieta-

2176 1024 2281 1067 tem
2314 1013 2498 1069 videre
2527 1024 2663 1070 erat.
2697 1016 2951 1082 Quotquot
2981 1016 3112 1069 enim
3143 1032 3292 1085 agros
3320 1024 3406 1068 aut
3446 1016 3621 1069 domos
3649 1034 3755 1086 pos-

2173 1106 2441 1170 sidebant,
2473 1106 2590 1160 illas
2620 1110 2890 1161 vendentes
2930 1108 3146 1177 pretium
3188 1105 3464 1173 aﬂ'crebant
3487 1149 3503 1171 ,
3535 1116 3583 1161 et
3609 1124 3751 1177 pone-

2138 1211 2143 1215 ‘
2174 1199 2292 1250 bant
2318 1197 2387 1249 ad
2418 1196 2566 1266 pedes
2595 1200 2941 1267 apostolorum
2985 1198 3135 1269 (Act.
3166 1198 3220 1253 4.
3249 1198 3317 1253 51
3346 1198 3385 1267 ).
3433 1198 3548 1252 Non
3593 1199 3751 1266 dixit,

2174 1288 2229 1342 ln
2262 1304 2453 1343 manus
2482 1289 2794 1357 injiciebaut
2820 1331 2833 1351 ,
2862 1290 2958 1343 sed
2986 1289 3065 1343 Ad
3100 1290 3250 1359 pedes
3274 1307 3446 1344 eorum
3479 1292 3749 1361 ponebant,

2175 1380 2434 1449 pudorem
2461 1421 2477 1446 ,
2509 1382 2863 1435 reverentiam
2891 1423 2905 1445 ,
2938 1381 3183 1434 timorem
3212 1423 3226 1445 ,
3254 1397 3359 1451 quo
3388 1397 3513 1451 erga
3552 1393 3755 1451 aposto-

2176 1472 2255 1525 los
2285 1470 2700 1537 afﬁcicbantur,
2744 1470 2829 1525 his
2874 1470 3255 1527 declarantes:
3302 1489 3407 1526 non
3455 1476 3599 1528 enim
3639 1474 3755 1531 daze

2173 1563 2343 1633 magis
2370 1606 2386 1628 ,
2413 1578 2570 1633 quam
2600 1565 2845 1633 accipere
2874 1581 2930 1619 se
2958 1566 3230 1634 putabant.
3275 1567 3340 1621 Et
3391 1567 3495 1622 hoc
3539 1562 3755 1625 maxime

2173 1662 2257 1707 est
2283 1653 2537 1722 pecunias
2567 1653 2845 1723 despicere
2870 1697 2883 1719 ,
2936 1655 3036 1709 hoc
3064 1671 3190 1710 vere
3216 1656 3488 1711 Christum
3529 1661 3751 1727 nutrire,

2173 1746 2217 1798 si
2251 1760 2354 1797 non
2383 1758 2503 1799 cum
2531 1747 2832 1815 arrogantia
2864 1756 2919 1800 et
2949 1746 3083 1800 fastu
3109 1746 3212 1800 hoc
3255 1746 3457 1812 facias;
3491 1752 3534 1804 si
3569 1751 3634 1804 ita
3660 1751 3754 1806 lar—

2172 1834 2335 1903 giaris
2359 1876 2374 1901 ,
2408 1836 2451 1889 si
2486 1836 2554 1890 ita
2585 1836 2824 1905 praebeas
2851 1880 2864 1903 ,
2894 1852 2958 1891 ac
3000 1838 3043 1891 si
3091 1839 3258 1907 magis
3299 1841 3351 1894 in
3395 1852 3444 1896 te
3467 1882 3481 1905 ,
3513 1859 3663 1912 quam
3707 1845 3754 1898 in

2173 1926 2524 1995 accipientem
2554 1969 2567 1993 ,
2601 1926 2918 1982 beneficium
2965 1928 3233 1983 Conferas.
3271 1930 3327 1985 Si
3370 1933 3512 1986 enim
3547 1951 3646 1988 non
3686 1937 3755 1989 sic

2172 2017 2395 2073 affectus
2422 2021 2495 2074 sis
2520 2061 2534 2086 ,
2561 2036 2629 2075 ne
2648 2019 2895 2085 dederis;
2918 2022 3017 2075 nisi
3048 2031 3099 2076 te
3128 2033 3279 2091 putes
3309 2026 3475 2095 magis
3504 2026 3752 2096 accipere,

2174 2124 2333 2180 quam
2360 2111 2489 2165 dare
2517 2153 2531 2177 ,
2561 2127 2629 2166 ne
2660 2111 2974 2180 praebueris.
3020 2112 3253 2183 ldipsum
3297 2125 3350 2170 et
3391 2118 3513 2172 aliis
3562 2135 3754 2173 rursum

2179 2204 2494 2259 testiﬁcatus
2523 2212 2606 2259 est
2637 2205 2833 2260 Paulus
2864 2205 2945 2260 his
2972 2207 3147 2262 verbis
3173 2226 3186 2261 :
3222 2207 3413 2264 Notam
3441 2220 3608 2265 autem
3639 2216 3756 2284 {acia

2172 2296 2312 2349 vobis
2337 2338 2350 2361 ,
2384 2299 2566 2364 fratres
2590 2333 2606 2362 ,
2639 2298 2858 2375 gratiam
2888 2297 2985 2351 Dei
3008 2339 3023 2365 ,
3055 2315 3168 2363 qua:
3197 2300 3320 2354 data
3344 2311 3417 2357 est
3446 2304 3501 2356 in
3538 2304 3756 2361 Ecclesiis

2179 2387 2499 2441 Macedonia:
2518 2430 2533 2453 ,
2566 2388 2803 2458 quoniam
2831 2388 3081 2443 altissima
3108 2402 3379 2462 paupertas
3408 2411 3584 2449 eorum
3614 2397 3758 2450 abun-

2177 2479 2313 2533 davit
2367 2480 2417 2533 in
2465 2480 2665 2535 divitias
2704 2481 3041 2551 simplicitatis
3080 2498 3297 2538 eorum:
3340 2486 3459 2555 quia
3497 2488 3757 2539 secundum

2174 2571 2406 2625 virtutem
2437 2572 2779 2625 testimonium
2809 2572 2911 2625 illis
2938 2573 3094 2626 reddo
3117 2614 3131 2635 ,
3173 2583 3220 2627 et
3248 2591 3405 2646 supra
3430 2578 3659 2631 virtutem
3685 2594 3759 2631 vo-

2175 2665 2388 2720 luntarii
2430 2668 2668 2737 fuerunt,
2710 2681 2826 2718 cum
2868 2665 3030 2719 multa
3069 2667 3420 2721 exhortatione
3458 2668 3757 2724 obsecrantes

2174 2772 2267 2811 nos
2308 2758 2525 2828 gratiam
2570 2767 2619 2811 et
2666 2758 3170 2813 communicationem
3209 2760 3509 2828 ministerii,
3552 2762 3681 2831 quod
3713 2764 3758 2816 in

2173 2861 2375 2905 sanctos
2429 2850 2763 2920 impleverunt
2812 2850 2911 2922 (2.
2944 2851 3062 2906 Cor.
3092 2851 3145 2907 8.
3175 2852 3201 2907 1
3237 2882 3257 2893 -
3278 2855 3314 2909 ι
3418 2853 3610 2910 Viden’
3631 2854 3759 2926 quod

2175 2941 2297 2997 ideo
2328 2941 2446 3010 plus
2474 2942 2597 2997 illos
2624 2940 2921 2997 admiretur
2944 2981 2960 3009 ,
2991 2942 3135 3014 quod
3180 2944 3403 3013 gratiam
3444 2945 3675 3000 scientes
3711 2952 3759 2999 et

2174 3031 2521 3087 obsecrantes
2568 3042 2624 3088 et
2675 3031 2991 3100 hortantes,
3043 3033 3122 3089 sic
3166 3034 3517 3105 pecuniarum
3567 3035 3758 3106 copiam

2174 3123 2539 3180 exlnbucrunt
2560 3126 2584 3179 ἲ

2246 3213 2458 3271 5.1deo
2487 3215 2851 3271 Abrahamum
2897 3216 3180 3285 miramur,
3229 3231 3334 3272 non
3386 3226 3593 3274 tantum
3632 3219 3759 3292 quod

2173 3306 2396 3361 vitulum
2422 3308 2756 3376 mactaverit,
2790 3322 2897 3363 non
2926 3308 3070 3380 quod
3097 3308 3322 3364 farinam
3356 3310 3651 3379 miscuerit,
3670 3312 3757 3367 sed

2174 3398 2317 3470 quod
2363 3414 2486 3454 eum
2549 3387 2711 3454 multa
2772 3400 3043 3471 voluptate
3088 3410 3145 3457 et
3185 3401 3485 3459 humilitate
3540 3405 3758 3477 hospites

2173 3492 2471 3563 exceperit,
2516 3506 2835 3560 accurrens,
2882 3493 3213 3563 ministrans,
3259 3494 3509 3551 dominos
3557 3514 3755 3560 metuis,

2176 3583 2483 3640 thesaurum
2512 3584 2925 3653 innumerorum
2971 3585 3233 3643 bonorum
3274 3603 3334 3644 se
3378 3591 3643 3661 reperisse
3670 3608 3756 3662 pu-

2176 3686 2314 3745 tans,
2346 3679 2390 3733 si
2421 3678 2632 3748 quando
2672 3688 3033 3736 transeuntem
3095 3681 3361 3752 hospitem
3404 3684 3628 3740 videret.
3673 3685 3754 3738 Sic

2175 3773 2318 3827 enim
2367 3772 2563 3842 duplex
2612 3781 2695 3828 est
2735 3772 3100 3845 eleemosyna,
3145 3775 3522 3843 cum,damus,
3565 3786 3754 3833 etcum

2175 3864 2450 3919 alacritate
2495 3864 2701 3918 damus.
2742 3863 2973 3920 Hilarem
3011 3867 3175 3932 enim,
3215 3866 3411 3938 inquit,
3439 3868 3665 3923 datorem
3691 3869 3760 3922 di-

2178 3955 2285 4026 ligit
2315 3953 2449 4009 Deus
2475 3954 2550 4029 (2.
2582 3954 2700 4011 Cor.
2728 3955 2781 4011 9.
2815 3955 2888 4028 7).
2919 3955 3360 4028 Quandoquidem
3391 3960 3436 4013 si
3463 3976 3587 4014 cum
3613 3975 3748 4013 arro-

2176 4047 2389 4117 gantia,
2420 4046 2558 4102 fastu
2602 4058 2656 4103 et
2684 4063 2818 4103 vana
2861 4049 3026 4119 gloria
3068 4049 3345 4104 innumera
3390 4049 3643 4106 effuderis
3686 4061 3758 4104 ta-

2179 4139 2358 4207 lenta,
2411 4141 2589 4194 omnia
2638 4139 2944 4210 perdidisti;
2991 4142 3438 4211 quemadmodum
3488 4143 3580 4199 ille
3623 4143 3752 4197 Pha-

2178 4235 2390 4302 rismas,
2418 4233 2508 4304 qui
2556 4233 2814 4288 bonorum
2856 4248 3076 4291 suorum
3118 4233 3383 4289 decimam
3425 4234 3608 4303 dabat,
3640 4235 3752 4305 quia

2180 4326 2344 4382 altum
2401 4324 2640 4396 sapiebat
2676 4333 2730 4380 et
2768 4324 3017 4395 superbia
3059 4325 3320 4392 tumebat,
3342 4326 3591 4381 on‘mibus
3615 4323 3763 4380 amis-

2182 4421 2277 4487 sis,
2324 4419 2572 4475 discessit
2598 4434 2631 4475 e
2673 4420 2872 4490 templo
2910 4416 3063 4489 (Luc.
3108 4418 3195 4474 l8.
3242 4418 3445 4488 iO-M).
3487 4418 3762 4489 Apostolo-

2183 4528 2301 4569 rum
2329 4527 2457 4567 vero
2488 4522 2729 4582 tempore
2760 4526 2865 4566 non
2893 4512 2971 4566 sic
3010 4526 3070 4566 sc
3110 4525 3197 4566 res
3244 4512 3490 4576 habebat,
3520 4512 3614 4566 sed
3646 4526 3762 4582 gau-

2182 4606 2390 4664 dentes.
2417 4605 2763 4669 exsultantes,
2798 4618 2989 4675 magno
3030 4603 3130 4658 sibi
3156 4618 3275 4658 esse
3315 4603 3462 4658 lucro
3505 4614 3760 4673 putantes.

2184 4698 2263 4752 sic
2311 4696 2561 4766 pecunias
2599 4695 2923 4760 afferebant;
2972 4704 3027 4749 et
3049 4694 3185 4749 bene
3228 4710 3411 4749 secum
3446 4704 3626 4749 aetum
3654 4709 3762 4747 esse

2185 4789 2586 4853 existimabant,
2623 4789 2667 4842 si
2710 4801 2801 4843 eas
2846 4785 3074 4856 apostoli
3121 4786 3467 4855 dignarentur
3507 4786 3761 4856 accipere.

2185 4881 2256 4936 At
2281 4878 2727 4951 quemadmodum
2776 4876 2991 4947 quidam
3022 4876 3088 4930 ad
3117 4890 3398 4945 supremos
3436 4878 3764 4947 magistratus

2185 4972 2383 5038 vocati,
2419 4980 2471 5026 et
2500 4971 2553 5025 in
2581 4967 2866 5039 praecipuis
2904 4967 3111 5037 imperii
3141 4965 3363 5021 urbibus
3393 4980 3607 5036 semper
3624 4965 3764 5019 habi-

2188 5065 2368 5130 taturi,
2401 5061 2697 5119 substantia
2736 5070 2845 5115 tota
2877 5060 2928 5113 in
2955 5058 3231 5129 pecuniam
3270 5072 3550 5119 conversa,
3584 5057 3660 5110 sic
3682 5070 3763 5108 so-

2187 5156 2298 5212 lent
2317 5171 2382 5210 eo
2402 5170 2460 5211 se
2482 5151 2771 5208 transferre
2791 5167 2804 5203 :
2822 5150 2900 5207 sic
2916 5159 3041 5204 tunc
3062 5149 3323 5204 faciebant
3341 5148 3583 5203 homines
3600 5146 3693 5212 illi,
3706 5143 3765 5198 ad

2187 5253 2377 5307 caelum
2409 5250 2601 5314 vocati,
2620 5247 2684 5303 ad
2706 5261 2991 5317 supernam
3021 5243 3358 5314 metropolim
3376 5251 3431 5298 et
3444 5242 3654 5297 cmleste
3691 5254 3766 5294 re-

2186 5342 2508 5415 gnum.Quia
2523 5341 2663 5396 enim
2680 5339 2919 5395 sciebant
2936 5337 3077 5391 illam
3094 5351 3213 5391 esse
3232 5349 3355 5390 vere
3368 5333 3589 5404 patriam
3605 5346 3765 5395 Sttam,

2189 5436 2540 5493 substantiam
2575 5447 2727 5487 suam
2755 5431 2808 5485 in
2843 5428 3096 5501 pecunias
3126 5433 3641 5491 convertentes,eas
3682 5435 3768 5491 per

2192 5528 2510 5599 apostolicas
2537 5537 2726 5580 manus
2751 5537 2816 5579 eo
2844 5517 3258 5593 prtelnittebant.
3288 5515 3496 5571 Etenim
3520 5524 3770 5569 extremm

2192 5632 2276 5679 est
2303 5622 2622 5693 insipientia:
2655 5617 2926 5690 quidpiam
2956 5631 3024 5670 ex
3052 5614 3215 5673 rebus
3253 5614 3455 5670 nostris
3494 5611 3580 5666 hic
3623 5608 3770 5664 relin-

2192 5730 2376 5787 quere,
2409 5728 2531 5767 cum
2563 5726 2661 5766 nos
2689 5717 2809 5780 post
2861 5708 3124 5762 tantillum
3177 5706 3436 5776 temporis
3482 5703 3604 5758 hinc
3644 5697 3771 5757 emi-

2197 5807 2398 5881 graturi
2441 5808 2608 5861 simus
2639 5822 2653 5857 :
2686 5801 2829 5875 quod
2875 5800 3019 5856 enim
3062 5797 3404 5870 relinquitur,
3438 5797 3488 5853 in
3532 5794 3771 5850 damnum
