4006 6420
527 370 639 429 25¹1

517 481 751 556 γίνεται.
792 478 976 535 Πάντα
1008 477 1187 533 τοίνυν
1217 478 1336 531 ἐκεῖ
1364 474 1792 549 προπεμπέσθω,
1826 473 1954 529 ἔνθα
1998 475 2093 529 καὶ

519 566 684 639 ἡμεῖς
726 562 1014 626 διαπαντὸς
1050 559 1341 632 διατρίϐειν
1369 560 1636 632 μέλλομεν
1683 558 1889 617 λοιπόν.
1914 557 2097 612 Ταῦτα

522 651 635 721 γὰρ
678 647 772 701 καὶ
812 645 964 700 αὑτοὶ
997 642 1364 714 λογισάμενοι,
1396 642 1577 697 πᾶσαν
1621 641 1958 697 ἀπεδύσαντο
1996 642 2096 711 τὴν

523 732 737 796 οὐσίαν,
771 728 865 782 καὶ
896 725 1115 781 διπλοῦν
1137 727 1345 797 ἐγίνετο
1383 726 1445 780 τὸ
1473 725 1836 798 κατόρθωμα·
1867 726 1961 779 καὶ
1990 724 2096 796 γὰρ

523 816 636 878 τοῖς
677 811 950 882 δεομένοις
986 810 1086 879 τὴν
1120 809 1309 863 πενίαν
1341 807 1625 880 διώρθουν,
1671 808 1765 861 καὶ
1797 806 1967 860 πλείω
2004 808 2098 860 καλ⁵

522 893 941 966 ἀσφαλεστέραν⁵
970 892 1071 963 τὴν
1120 891 1296 946 αὐτῶν
1351 891 1539 945 οὑσίαν
1582 890 1819 953 ἐποίουν,
1874 889 1955 953 είς
2003 889 2097 943 τὸν

521 978 749 1049 οὐρανὸν
781 966 907 1040 τοῦς
939 973 1147 1028 ἐαυτῶν
1181 972 1558 1045 μετατιθέντες
1589 971 1916 1044 θησαυρούς.

605 1060 701 1114 Ἐκ
724 1058 913 1113 τούτου
936 1058 1115 1111 τοίνυν
1147 1055 1240 1110 τοῦ
1266 1056 1431 1127 νόμου
1459 1056 1551 1110 καὶ
1578 1055 1672 1108 τοῦ
1703 1054 1857 1117 ἔθους
1884 1052 2100 1123 ἐγένετό

523 1159 606 1206 τις
663 1143 924 1213 συνήθεια
965 1138 1255 1211 θαυμαστὴ
1307 1139 1429 1191 τότε
1468 1139 1529 1192 ἐν
1582 1141 1702 1202 ταῖς
1748 1137 2096 1208 ἐκκλησίαις*

526 1224 801 1288 συνιόντες
830 1223 940 1294 γάρ
967 1224 1016 1275 οἱ
1046 1222 1229 1275 πιστοὶ
1262 1220 1463 1284 πάντες
1516 1220 1655 1290 μετά
1681 1220 1780 1291 τὴν
1816 1219 1918 1290 τῆς
1957 1218 2101 1273 διδα-

526 1307 756 1371 σκαλίας
800 1306 1083 1377 ἀκρόασιν,
1131 1303 1269 1375 μετά
1313 1302 1413 1366 τὰς
1458 1301 1644 1372 εὑχάς,
1695 1300 1832 1372 μετὰ
1863 1302 1963 1373 τὴν
1991 1301 2102 1355 τῶν

527 1389 845 1461 μυστηρίων
889 1386 1195 1453 κοινωνίαν,
1224 1385 1328 1456 τῆς
1378 1384 1648 1449 συνάξεως
1698 1383 1970 1454 λυθείσης,
2002 1382 2102 1435 οὑκ

525 1471 835 1543 ἀνεχώρουν
876 1470 1079 1533 εὐθέως
1120 1468 1325 1530 οῖκαδε,
1369 1466 1484 1520 ἀλλ’
1517 1469 1565 1519 οί
1599 1466 1843 1521 πλούσιοι
1874 1466 1968 1520 καὶ
2010 1466 2102 1519 εὑ-

526 1553 828 1626 πορώτεροι
879 1553 1135 1624 φέροντες
1167 1550 1376 1605 οἴκοθεν
1409 1547 1615 1619 τροφὰς
1657 1550 1753 1603 καὶ
1796 1548 2099 1619 ἐδέσματα,

528 1636 655 1699 τοὺς
685 1636 925 1706 πένητας
954 1634 1202 1697 ἐκάλουν,
1235 1633 1330 1685 καὶ
1367 1630 1551 1695 κοινὰς
1585 1629 1861 1684 ἐποιοῦντο
1893 1628 2102 1702 τραπέ-

530 1719 649 1782 ζας,
684 1718 868 1781 κοινάς
919 1717 1212 1779 ἑστιάσεις,
1240 1715 1396 1769 κοινά
1437 1714 1714 1783 συμπόσια
1756 1715 1816 1765 ἐν
1846 1712 1985 1783 αὑτῇ
2034 1714 2100 1782 τῇ

531 1801 830 1873 ἐκκλησίᾳ⁹
864 1798 1007 1853 ὥστε
1055 1800 1150 1853 καὶ
1202 1797 1310 1850 ἀπὸ
1355 1796 1457 1867 τῆς
1494 1795 1776 1858 κοινωνίας
1822 1794 1923 1865 τῆς
1961 1793 2101 1848 κατά

527 1885 628 1958 τὴν
657 1881 958 1956 τράπεζαν,
1001 1880 1093 1935 καὶ
1133 1877 1243 1934 ἀπὸ
1272 1878 1372 1948 τῆς
1402 1876 1688 1941 εὐλαϐείας
1729 1877 1829 1947 τῆς
1860 1875 1968 1930 ἀπὸ
2007 1874 2100 1929 τοῦ

530 1968 720 2033 τόπου,
752 1966 846 2020 καὶ
876 1961 1213 2034 πανταχόθεν
1244 1960 1341 2032 τὴν
1375 1960 1594 2031 ἀγάπην
1631 1960 1812 2023 αὑτοῖς
1853 1958 2103 2027 ἐπισφίγ-

532 2050 743 2120 γεσθαι,
778 2049 872 2104 καὶ
903 2046 1104 2117 πολλὴν
1132 2045 1230 2116 μὲν
1254 2044 1352 2115 τὴν
1373 2043 1586 2115 ἡδονὴν,
1618 2041 1818 2112 πολλὴν
1839 2040 1893 2094 δέ
1921 2041 2103 2103 αὑτοῖς

531 2131 773 2202 γίνεσθαι
810 2131 908 2202 τὴν
940 2128 1227 2198 ὠφέλειαν.
1260 2126 1328 2179 Οῐ
1357 2142 1415 2179 τε
1448 2126 1557 2197 γὰρ
1588 2125 1819 2195 πένητες
1848 2139 2104 2195 παραμυ-

532 2214 653 2279 θίας
694 2213 967 2269 ἀπέλαυον
998 2210 1060 2263 οὑ
1094 2210 1193 2281 τῆς
1220 2206 1508 2279 τυχούσης,
1545 2208 1642 2261 καὶ
1670 2207 1719 2261 οἱ
1750 2205 2102 2268 πλουτοῦντες

530 2296 731 2369 πολλὴν
755 2295 968 2351 εῦνοιαν
998 2295 1090 2348 καὶ
1118 2292 1269 2365 παρά
1295 2291 1403 2346 τῶν
1431 2289 1799 2363 τρεφομένων,
1831 2288 1926 2342 καὶ
1951 2286 2103 2369 παρὰ

528 2380 624 2434 τοῦ
654 2368 811 2445 Θεοῦ,
840 2380 907 2433 δι’
935 2378 995 2432 ὃν
1021 2378 1195 2431 ταῦτα
1239 2374 1473 2438 ἐποίουν,
1515 2370 1937 2443 καρπωσάμενοι
1970 2368 2102 2423 πολο

529 2462 629 2535 λὴν
655 2463 755 2534 τὴν
790 2461 970 2534 χάριν,
998 2459 1170 2522 οὑτως
1202 2457 1450 2529 ἀπῄεσαν
1475 2453 1675 2508 οῖκαδε.
1703 2453 1813 2535 Kal
1842 2450 2011 2535 μυρία
2036 2452 2102 2535 ἐκ

530 2532 626 2597 τοῦ
662 2532 988 2616 πράγματος
1024 2540 1210 2595 τούτου
1262 2539 1472 2609 ἐγίνετο
1512 2536 1584 2589 τὰ
1627 2534 1834 2616 ἀγαθὰ,
1895 2534 1990 2616 καὶ
2042 2532 2104 2616 τὸ

531 2614 749 2695 πάντων
789 2614 1109 2697 κεφάλαιοχ,
1134 2625 1168 2695 ἡ
1207 2623 1358 2693 φιλία
1391 2619 1700 2691 θερμοτέρα
1733 2614 1802 2689 ἦν
1831 2615 1950 2671 καθ’
1976 2615 2105 2669 ἐκά-

532 2726 665 2782 στην
690 2709 927 2777 σύναξιν,
960 2708 1097 2779 μετά
1125 2705 1393 2776 τοσαύτης
1419 2700 1817 2774 φιλοφροσύνης
1858 2699 2105 2782 ἀλλήλοις

532 2781 925 2863 συνηνωμένων
970 2789 1153 2844 αὐτῶν
1202 2785 1630 2858 εὑεργετούντων
1691 2801 1752 2838 τε
1797 2782 1976 2837 αὑτῶν
2007 2781 2106 2836 καὶ

532 2875 1023 2947 εὐεργετουμένων.
1052 2871 1222 2926 Τοῦτο
1247 2872 1424 2923 τοίνυν
1452 2868 1512 2922 τὸ
1545 2867 1666 2931 ἐθος
1685 2865 1982 2937 Κορίνθιοι,
2007 2864 2106 2918 τοῦ

534 2959 726 3028 χρόνου
790 2957 1109 3028 προίόντος,
1168 2952 1493 3023 διέφθειρον,
1547 2949 1642 3004 καὶ
1709 2948 1831 3002 καθ’
1880 2948 2105 3012 ἐαυτοὺς

535 3041 854 3110 ἐσιιώμενοι
889 3039 940 3092 οἱ
964 3034 1329 3107 εὐπορώτεροι
1354 3035 1481 3096 τοὺς
1513 3033 1750 3102 πένητας
1778 3030 2102 3102 παρεώρων,

536 3123 632 3176 xal
678 3123 779 3176 οὑκ
820 3120 1080 3193 ἀνέμενον
1104 3118 1503 3191 ’ὑστερίζοντας
1540 3115 1822 3180 πολλάκις,
1866 3115 1959 3169 καὶ
2000 3114 2106 3167 ὑπὸ

538 3205 804 3276 βιωτικῶν
849 3202 1072 3274 χρειῶν,
1099 3198 1187 3256 οἷα
1221 3203 1289 3255 τὰ
1323 3199 1432 3253 τῶν
1481 3201 1751 3270 πενήτων,
1802 3197 2102 3268 κατεχομέο

534 3303 660 3351 νους
720 3288 814 3342 καὶ
871 3284 1254 3360 βραδύνοντας.
1312 3284 1406 3337 Ἐκ
1460 3281 1518 3335 δὲ
1572 3281 1763 3335 τούτου
1824 3280 2104 3335 συνέϐαινε

535 3370 1013 3442 παραγενομένους
1038 3367 1234 3431 αὐτοὺς
1268 3364 1491 3438 ὕστερον
1523 3364 1664 3435 μετά
1688 3362 1950 3435 αἰσχύνης
1977 3364 2106 3418 ἀναο

533 3457 752 3525 χωρεῖν,
777 3453 876 3524 τῆς
902 3451 1181 3524 τραπέζης
1212 3447 1611 3520 ἀναιρεθείσης,
1650 3446 1960 3516 φθανόντων
1984 3444 2106 3500 τού-

532 3555 663 3603 των,
691 3536 956 3592 κάκείνων
985 3532 1391 3605 ὑστεριζόντων.
1429 3530 1599 3602 Ὁρῶν
1632 3530 1810 3585 τοίνυν
1843 3530 1872 3583 ό
1897 3530 2106 3595 Παῦλος

533 3622 600 3675 ἐκ
630 3618 725 3673 τοῦ
763 3618 1081 3689 πράγματος
1108 3613 1299 3668 τούτου
1336 3612 1509 3667 πολλὰ
1542 3612 1707 3677 κακά,
1736 3613 1808 3666 τά
1839 3612 1939 3683 μὲν
1971 3612 2108 3682 γινό-

537 3719 696 3773 μενα,
740 3700 811 3755 τά
853 3701 910 3755 δέ
942 3698 1202 3770 μέλλοντα
1247 3696 1363 3767 (καὶ
1393 3697 1511 3768 γὰρ
1556 3695 1957 3767 καταφρόνησις
1997 3693 2106 3748 τῶν

535 3784 686 3859 [245]
718 3785 964 3857 πενήτων
990 3784 1101 3846 τοῖς
1138 3778 1413 3843 πλουσίοις
1450 3779 1661 3847 ἐγίνετο
1706 3778 1799 3831 καὶ
1836 3777 2108 3850 ὑπεροψία

531 3867 751 3932 πλείων,
780 3867 875 3922 καὶ
900 3867 1012 3928 τοῖς
1044 3863 1271 3935 πένησιν
1313 3860 1520 3932 ἀθυμία
1549 3861 1644 3914 καὶ
1672 3860 1935 3931 ἀπέχθεια
1968 3861 2106 3932 πρὸς

531 3954 657 4016 τοὺς
683 3949 1066 4014 πλουτοῦντας,
1095 3947 1190 4002 καὶ
1215 3946 1316 3999 ὅσα
1343 3943 1475 3998 ἀλλα
1503 3943 1649 4008 εἰκὸς
1675 3939 1743 4015 ἦν
1771 3945 1878 3997 ἀπὸ
1903 3944 2106 3999 τούτων

533 4034 790 4107 τεχθῆναι
812 4031 921 4086 τῶν
943 4030 1171 4099 κακῶν),
1193 4027 1495 4099 διορθοῦται
1518 4026 1616 4099 τὴν
1639 4027 1881 4100 πονηρὰν
1902 4029 2107 4099 ταύτην

534 4118 632 4171 καὶ
663 4113 867 4186 πικράν
899 4111 1207 4183 συνήθειαν.
1247 4110 1359 4163 Kal
1393 4110 1494 4180 ὅρα
1529 4110 1648 4180 μεθ’
1676 4112 1807 4181 ὅσης
1841 4111 2105 4177 συνέσεως

534 4197 633 4254 καὶ
676 4195 974 4259 ἐπιεικείας
1023 4195 1105 4259 είς
1142 4191 1241 4263 τὴν
1279 4193 1561 4264 διόρθωσιν
1606 4194 1878 4250 ἐνέϐαλεν.
1920 4195 2108 4267 Ἀρχό-

537 4296 697 4354 μενος
730 4280 839 4350 γάρ
862 4277 1002 4331 οὕτω
1027 4275 1186 4347 φησί·
1224 4275 1405 4329 Τοῦτο
1433 4275 1502 4328 δὲ
1532 4275 1967 4345 παραγγέλλων
1995 4280 2107 4333 οὐκ

530 4361 776 4427 ἐπαινῶ,
804 4362 892 4416 ὅτι
924 4363 1036 4416 οὐκ
1066 4362 1154 4426 εις
1188 4359 1254 4412 τὸ
1302 4357 1589 4427 κρεῖττον,
1620 4360 1758 4414 ἀλλ’
1784 4363 1872 4428 εὶς
1908 4361 1975 4414 τὸ
2006 4358 2107 4432 ἧτ-

530 4467 641 4504 τον
666 4446 1057 4516 συνέρχεσθε.
1077 4444 1143 4497 Τί
1168 4442 1226 4497 δέ
1254 4443 1421 4507 ἐστιν,
1450 4445 1572 4497 Οὐκ
1598 4446 1687 4511 είς
1713 4444 1779 4498 τὸ
1809 4447 2076 4515 κρεῖττον
2085 4465 2106 4513 ;

532 4533 599 4586 Ol
631 4530 902 4604 πρόγονοι,
937 4527 1120 4599 φησὶν,
1153 4527 1202 4580 οί
1232 4523 1486 4597 ὑμέτεροι
1523 4526 1618 4581 καὶ
1646 4527 1696 4580 οί
1739 4531 1969 4602 πατέρες
2012 4534 2107 4586 καὶ⁵

531 4614 632 4677 τάς
660 4613 868 4667 ἑαυτῶν
891 4610 1079 4675 οὐσίας
1111 4607 1355 4663 ἐπώλουν
1384 4609 1476 4662 καὶ
1503 4609 1572 4663 τά
1598 4612 1854 4683 κτήματα
1883 4615 1977 4669 καὶ
2007 4617 2107 4681 τάς

533 4695 818 4767 ὑπάρξεις,
860 4692 954 4746 καὶ
986 4693 1139 4747 κοινὰ
1182 4692 1359 4745 πάντα
1401 4688 1564 4762 εἶχον,
1596 4694 1689 4746 καὶ
1725 4694 1924 4767 πολλὴν
1969 4700 2107 4769 πρὸς

531 4776 795 4849 ἀλλήλους
821 4775 918 4846 τὴν
959 4775 1205 4844 ἀγάπηνο
1234 4776 1393 4845 ὑμεῖς
1433 4773 1491 4827 δὲ
1537 4776 1840 4845 ὀφείλοντες
1868 4781 2107 4846 ἐκείνους

533 4859 750 4931 ζηλοῦν,
774 4859 836 4911 οὑ
866 4857 1022 4928 μόνον
1045 4857 1197 4910 οὐδὲν
1220 4858 1508 4927 ἐποιήσατε
1546 4858 1806 4926 τοιοῦτον,
1849 4862 1986 4917 ἀλλά
2014 4867 2108 4918 καὶ

533 4946 672 5015 ὅπερ
691 4940 864 5014 εῖχετε
889 4940 1067 5010 μόνον,
1090 4940 1184 4992 καὶ
1206 4938 1365 4992 τοῦτο
1379 4940 1717 5005 ἀπωλέσατε,
1737 4942 1807 4997 τά
1831 4946 2106 5016 συμπόσια

533 5026 605 5081 τά
643 5028 784 5081 κατὰ
828 5023 1045 5089 σύναξιν
1092 5023 1382 5093 γινόμενα·
1430 5024 1517 5078 διὰ
1568 5025 1725 5079 τοῦτό
1770 5045 1954 5099 φησιν,
1985 5032 2105 5087 Ὅτι

540 5115 643 5172 οὐκ
661 5113 748 5176 εὶς
770 5109 834 5164 τὸ
855 5106 1143 5176 κρεῖττον,
1162 5108 1282 5162 αλλ
1313 5110 1400 5175 είς
1419 5107 1485 5161 τὸ
1506 5104 1688 5179 ἧττον
1710 5112 2102 5183 συνέρχεσθε.

539 5202 642 5260 Καὶ
687 5196 888 5251 ἐκεῖνοι
936 5193 1035 5265 μὲν
1084 5194 1179 5248 καὶ
1222 5193 1331 5247 τῶν
1377 5197 1669 5265 κτημάτων
1702 5197 1954 5254 ἁπάντων
1993 5206 2105 5267 τοῖς

541 5287 727 5357 πένησι
757 5278 1156 5352 παρεχώρησαν
1174 5294 1188 5307 °
1219 5278 1374 5349 ὑμεῖς
1404 5277 1461 5332 δὲ
1494 5279 1774 5353 τραπέζης
1803 5284 1984 5349 αὑτοῖς
2019 5305 2105 5357 με·

529 5367 847 5432 ταδιδόντες,
895 5363 990 5418 καὶ
1026 5360 1229 5433 ταύτης
1271 5361 1697 5433 ἀπεστερήσατε.
1726 5364 1967 5433 Πρῶτον
1986 5369 2105 5438 μὲν

530 5454 663 5521 γὰρ,
707 5446 1164 5517 συνερχομένων
1195 5443 1362 5515 ὑμῶν
1403 5445 1473 5499 ἐν
1526 5447 1858 5515 ἐκκλησίᾳ,
1906 5452 2104 5508 ἀκούω

532 5535 836 5606 σχίσματα
854 5532 924 5586 ἐν
942 5529 1086 5601 ὑμῖν
1102 5527 1412 5598 ὑπάρχειν,
1429 5527 1527 5582 καί
1544 5528 1726 5598 μέρος
1746 5549 1800 5586 τι
1821 5536 2099 5591 πιστεύω.

599 5617 813 5686 δὀὋρα
831 5614 948 5678 πῶς
973 5613 1134 5668 πάλιν
1161 5613 1394 5676 συνετῶς
1418 5615 1648 5669 ποιεῖται
1676 5616 1774 5684 τὴν
1795 5617 2097 5689 διόρθωσιν.

529 5701 645 5754 οὐκ
672 5694 851 5762 εἶπεν,
873 5697 995 5753 οὒτε
1026 5697 1282 5762 Ἀπιστῶ,
1312 5696 1434 5751 οὔτε
1464 5697 1710 5753 Πιστεύω
1731 5717 1742 5732 ο
1774 5702 1907 5756 ἀλλά
1938 5704 2101 5773 μέσον

533 5781 709 5847 ἀφῆκε
734 5781 796 5833 τὸ
829 5779 999 5849 ῥῆμα,
1029 5779 1111 5831 ὅτι
1144 5778 1330 5847 Μέρος
1365 5798 1416 5835 τι
1465 5783 1559 5838 καὶ
1594 5788 1880 5841 πιστεύω·
1914 5788 1973 5843 ού
2013 5807 2100 5842 πι-

1250 377 1310 435 S.
1362 376 1651 435 JOANNIS
1687 366 2181 433 CHRYSOSTOMI
2218 366 2538 426 ARCHIEP.
2581 364 3128 426 CONSTANTINOP.

3665 363 3775 421 258

2202 476 2376 532 στεύω
2424 474 2627 541 τέλεον,
2673 474 2788 530 ἀλλ’
2814 475 2936 530 οὑδέ
2980 475 3198 531 ἀπιστῶ
3239 474 3452 531 τέλεονο
3494 475 3587 531 τοῦ
3630 477 3694 534 δέ
3743 480 3777 552 ἦ

2196 557 2374 623 τοῦτο,
2397 558 2431 630 ή
2457 559 2634 613 ἐκεῖνο
2662 558 2935 628 συμϐῆναι
2966 557 3242 620 παντελῶς
3270 559 3427 631 ὑμεῖς
3451 558 3648 631 κύριοι.
3678 561 3781 616 “Av

2202 641 2300 712 μὲν
2340 640 2449 713 γὰρ
2494 640 2881 713 διορθώσησθε,
2922 641 2984 694 ού
3030 640 3297 695 πιστεύωο
3334 641 3401 697 ἀν
3436 641 3493 695 δὲ
3528 643 3620 696 ἐπὶ
3666 644 3779 698 τῶν

2197 725 2377 780 αὑτῶν
2413 725 2653 796 μείνητε,
2684 723 2947 779 πιστεύω.
2975 723 3111 779 Οὔτε
3142 720 3235 778 οῦν
3282 726 3649 798 κατηγόρησε,
3681 728 3780 780 καὶ

2199 807 2596 879 κατηγόρησεν.
2642 807 2717 860 Ού
2769 805 3148 877 κατηγόρησεν
3194 808 3647 878 ἀπηρτισμένως,
3692 808 3781 862 ἵνα

2200 889 2381 954 αὑτοῖς
2419 889 2608 943 ἐλπίδα
2633 888 2710 960 δῷ
2741 888 3079 961 διορθώσεως
3110 891 3204 943 καὶ
3238 890 3575 961 προθεσμίαν
3611 909 3781 962 μετα-

2199 972 2378 1036 νοίας·
2413 972 2514 1026 οὑκ
2546 974 2757 1044 ἀφῆκεν
2789 973 3175 1044 ἀνεγκλήτους,
3204 973 3292 1026 ἵνα
3331 974 3407 1045 μὴ
3439 975 3529 1027 ἐπὶ
3558 974 3659 1043 τῆς
3690 977 3783 1029 αὑ.

2200 1058 2297 1127 τῆς
2324 1055 2546 1127 μείνωσι
2574 1055 2864 1128 ῥᾳθυμίας.
2885 1054 3042 1110 Οῦτω
3064 1056 3241 1110 τέλεον
3267 1056 3580 1124 ἐπίστευσα,
3606 1059 3781 1128 φησί’

2200 1138 2359 1192 τοῦτο
2390 1139 2498 1211 γάρ
2525 1141 2640 1192 ἐστι
2665 1138 2949 1217 τοείπεῖν,
2977 1140 3171 1208 Μέρος
3202 1156 3259 1193 τι
3289 1141 3569 1196 πιστεύω.
3606 1140 3784 1196 Τοῦτο

2200 1221 2259 1277 δὲ
2291 1222 2443 1291 ἔλεγε
2477 1221 2803 1294 προτρέπων
2835 1222 3231 1293 μεταϐαλέσθαι
3261 1222 3356 1277 καὶ
3377 1222 3781 1294 ,διορθώσασθαι

2203 1305 2295 1359 καὶ
2322 1306 2624 1375 ἀπαγαγεῖν
2659 1305 2820 1359 αὑτὸν
2858 1305 2950 1359 τοῦ
2995 1304 3103 1359 κᾶν
3132 1305 3200 1359 ἐκ
3239 1304 3438 1376 μέρους
3489 1307 3783 1362 πιστεῦσαί

2201 1404 2254 1440 τι
2280 1389 2401 1441 κατ’
2425 1386 2605 1441 αὑτῶν
2633 1385 2892 1442 τοιοῦτον.
2922 1385 3024 1441 Δεῖ
3043 1387 3151 1458 γάρ
3182 1389 3281 1442 καί
3311 1388 3571 1456 αἱρέσεις
3596 1385 3780 1456 εἶναι,

2203 1468 2304 1522 ἵνα
2326 1471 2380 1523 οί
2408 1467 2639 1538 δόκιμοι
2689 1468 2936 1539 φανεροί
2984 1468 3272 1540 γένωνται
3301 1469 3373 1524 ἐν
3426 1470 3582 1539 ὑμῖν.
3637 1468 3785 1526 Εἷπι

2202 1547 2307 1617 οῦν
2337 1550 2439 1614 τὰς
2470 1550 2730 1623 αἱρέσεις.
2770 1549 3034 1605 Ἐνταῦθα
3072 1552 3399 1623 προσέχετε,
3427 1553 3509 1606 ὃτι
3540 1554 3604 1606 οὑ
3647 1556 3784 1625 ’περὶ

2202 1632 2486 1704 δογμάτων
2514 1632 2628 1685 ἐστὶ
2658 1633 2737 1697 τὸ,
2766 1632 2869 1686 Δεῖ
2887 1633 3145 1703 αἱρέσεις
3172 1633 3243 1689 ἐν
3268 1634 3411 1704 ὑμῖν
3435 1631 3614 1689 εἶναι’
3642 1637 3782 1692 ἀλλὰ

2204 1715 2333 1784 περὶ
2369 1714 2469 1784 τῆς
2513 1714 2779 1784 διχονοίας
2817 1715 2914 1785 τὴς
2945 1715 3087 1771 κατά
3125 1717 3226 1779 τάς
3265 1717 3560 1787 τραπέζας.
3592 1717 3787 1773 Εἰπὼν

2201 1798 2331 1868 γάρ,
2363 1796 2463 1850 Δεῖ
2495 1796 2565 1851 δὲ
2592 1797 2692 1851 καί
2742 1798 3001 1867 αἱρέσεις
3030 1794 3204 1866 εἶναι,
3253 1800 3502 1871 ἐπήγαγε
3545 1801 3638 1855 καὶ
3683 1800 3782 1858 τὸν

2203 1880 2403 1951 τρόπον
2452 1879 2563 1933 τῶν
2607 1881 2896 1954 αἱρέσεων*
2932 1880 3396 1951 Συνερχομένων
3446 1882 3557 1954 γὰρ
3612 1882 3781 1953 ὑμῶν

2202 1961 2303 2014 ἐπὶ
2335 1961 2402 2015 τὸ
2434 1962 2603 2029 αὐτὸ,
2645 1965 2757 2017 οὐκ
2792 1963 2923 2017 ἐστι
2958 1962 3246 2031 κυριακὸν
3271 1962 3520 2018 δεῖπνον
3541 1965 3775 2035 φαγεῖν.

2204 2045 2271 2097 Τί
2304 2047 2451 2109 ἐστι,
2505 2045 2804 2114 Κιφιακὸν
2853 2044 3098 2100 δεῖπνον
3149 2046 3398 2118 pay-air;
3454 2048 3782 2103 Δεσποτικὸν

2202 2126 2434 2190 δεῖπνον,
2464 2128 2645 2199 φησὶν,
2672 2129 2773 2180 οὑκ
2794 2127 2908 2181 ἔστι
2939 2130 3132 2197 φαγεῖν
3152 2146 3166 2159 ’
3191 2130 3366 2182 ἐκεῖνο
3388 2127 3561 2198 λέγων
3587 2130 3646 2183 τὸ
3673 2130 3780 2184 δεῖ-

2205 2226 2356 2277 πνον,
2385 2209 2414 2262 δ
2438 2211 2505 2281 τῇ
2549 2211 2753 2282 ἐσχάτῃ
2801 2211 2958 2264 νυκτὶ
2999 2210 3313 2284 παρέδωκεν
3339 2214 3368 2266 ό
3404 2213 3659 2284 Χριστὸς,
3688 2212 3776 2268 ὅτε

2204 2292 2254 2344 οί
2290 2290 2527 2362 μαθηταὶ
2558 2294 2676 2363 μετ’
2697 2292 2861 2346 αὑτοῦ
2905 2292 3106 2358 πάντες
3133 2289 3293 2364 ἦσαν.
3334 2294 3423 2347 Ἐν
3448 2294 3641 2367 ἐκείνῳ
3669 2295 3778 2367 γὰρ

2202 2372 2282 2444 τῷ
2330 2372 2528 2444 δείπνῳ
2572 2375 2667 2427 καὶ
2708 2374 2985 2445 Δεσπότης
3026 2376 3120 2429 καὶ
3167 2376 3341 2430 δοῦλοι
3393 2376 3593 2441 πάντες
3641 2377 3778 2449 ὁμοῦ

2204 2458 2553 2511 κατέκειντοο
2586 2458 2743 2527 ὑμεῖς
2775 2457 2833 2511 δὲ
2887 2458 3158 2513 σύνδουλοι
3199 2459 3352 2524 ὄντες
3389 2460 3654 2533 ἀλλήλους
3695 2461 3777 2515 δι·

2204 2542 2470 2612 εστήσατε
2501 2540 2592 2593 καὶ
2617 2540 2966 2610 ἀπεσχίσατε.
2990 2539 3244 2606 Κάκεῖνος
3272 2543 3370 2614 μὲν
3388 2542 3509 2596 οὐδὲ
3536 2544 3627 2596 τὸν
3654 2559 3777 2616 προ-

2164 2650 2167 2653 ·
2202 2624 2362 2694 δότην
2402 2623 2675 2695 ἀπήλασε·
2720 2623 2815 2677 καὶ
2861 2624 2968 2696 γὰρ
3009 2627 3039 2678 ὁ
3077 2624 3275 2689 Ἰούδας
3324 2629 3441 2697 μετ’
3487 2627 3669 2680 αὑτῶν
3710 2624 3781 2700 ἦν

2202 2707 2323 2761 τότε
2344 2723 2359 2737 ·
2398 2708 2464 2761 σὺ
2508 2706 2566 2760 δέ
2610 2706 2702 2759 τὸν
2751 2705 2978 2775 ἀδελφὸν
3023 2706 3305 2780 διακρούῃ.
3349 2707 3451 2762 Διά
3488 2709 3646 2764 τοῦτό
3679 2727 3777 2782 φη-

2206 2805 2311 2853 σιν,
2339 2791 2461 2844 Οὐκ
2485 2788 2616 2843 ἐστι
2646 2789 2935 2856 κυριακὸν
2954 2788 3201 2844 δεῖπνον
3229 2789 3460 2862 φαγεῖν,
3493 2793 3778 2859 κυριακὸν

2204 2871 2450 2926 δεῖπνον
2496 2870 2694 2934 καλῶν,
2722 2872 2782 2925 τὸ
2818 2871 2935 2943 μεθ’
2960 2872 3229 2944 ὁμονοίας,
3258 2874 3318 2926 τὸ
3363 2878 3516 2946 κοινῇ
3561 2874 3783 2930 πάντων

2206 2954 2682 3026 συγκεκλημένων.
2719 2955 3011 3020 Ἕκαστος
3064 2955 3176 3026 γὰρ
3217 2955 3286 3009 τὸ
3330 2955 3487 3011 ιδιον
3533 2955 3777 3013 δεῖπνον

2204 3037 2606 3109 προλαμϐάνει
2636 3038 2877 3109 φαγεῖν·
2911 3040 3010 3092 καὶ
3039 3039 3109 3105 ὃς
3128 3038 3247 3109 μὲν
3277 3037 3474 3107 πεινᾷ,
3500 3039 3570 3107 ὃς
3595 3040 3664 3094 δὲ
3675 3058 3778 3110 με·

2205 3124 2351 3177 θύει.
2367 3120 2519 3194 [⁸246]
2550 3122 2659 3175 Kal
2678 3122 2780 3175 οὑκ
2799 3121 2972 3185 εἶπεν,
2995 3121 3092 3183 Ὃς
3109 3118 3214 3189 μὲν
3225 3121 3481 3191 πεινᾷ,.ὃς
3509 3122 3565 3175 δὲ
3586 3122 3773 3188 ἐσθίει,

2203 3206 2340 3260 ἀλλά
2365 3205 2442 3277 τῷ
2472 3205 2570 3275 τῆς
2603 3204 2771 3276 μέθης
2791 3204 3014 3275 ὀνόματι
3048 3204 3246 3275 μᾶλλον
3271 3204 3452 3259 αὑτῶν
3474 3203 3772 3276 καθήψατο.

2205 3292 2384 3345 Κάκεῖ
2407 3289 2501 3343 καὶ
2543 3287 2775 3342 ἐνταῦθα
2807 3287 3063 3359 ἀμετρία,
3096 3288 3249 3360 φησί.
3278 3290 3351 3342 Σὺ
3405 3288 3506 3361 μὲν
3528 3288 3639 3342 ὑπὸ
3680 3289 3781 3361 τῆς

2204 3373 2514 3445 ἀδηφαγίας
2544 3371 2976 3443 ηδιαρρήγνυσαι,
3012 3372 3219 3434 ἐκεῖνος
3254 3371 3313 3424 δέ
3345 3371 3449 3426 ὑπὸ
3488 3371 3584 3427 τοῦ
3617 3371 3775 3442 λιμοῦ

2202 3459 2460 3529 τήκεται·
2489 3457 2553 3510 σὺ
2582 3457 2677 3509 καὶ
2702 3454 2810 3508 τῶν
2837 3454 2975 3526 ὑπὲρ
3006 3454 3105 3525 τὴν
3131 3455 3319 3527 χρείαν
3350 3457 3616 3528 μετέχεις,
3637 3457 3784 3509 ἐκεῖσ

2204 3556 2295 3604 νος
2332 3539 2391 3594 δέ
2436 3538 2556 3592 οὐδὲ
2600 3538 2710 3592 τῶν
2759 3537 3071 3606 ἀναγκαίων
3115 3537 3409 3592 ἀπέλαυσε.
3442 3539 3676 3592 Διπλοῦν
3715 3538 3775 3591 τὸ

2203 3622 2395 3687 δεινὸν,
2434 3622 2534 3693 τῆς
2578 3622 2822 3693 ἰσότητος
2862 3620 3289 3693 διαφθαρείσης,
3333 3621 3492 3675 τοῦτο
3538 3622 3774 3693 αἱρέσεις

2206 3706 2391 3760 καλεῖο
2439 3704 2626 3776 ἐπειδὴ
2670 3704 2989 3773 φιλονείκως
3030 3703 3167 3775 πρὸς
3212 3704 3478 3777 ἀλλήλους
3519 3705 3782 3759 διέκειντο

2206 3790 2302 3844 καὶ
2343 3785 2739 3851 διεστασίαζον,
2782 3786 2877 3840 καὶ
2915 3785 2975 3850 ὃς
3014 3786 3114 3857 μέν
3147 3787 3356 3853 ἐπείνα,
3386 3787 3445 3852 δς
3468 3787 3527 3841 δὲ
3556 3789 3771 3859 ἐμέθυε.

2205 3873 2317 3927 Καὶ
2343 3870 2525 3934 καλῶς
2546 3867 2687 3935 εἷπε,
2712 3868 3176 3939 Συνερχομένων
3201 3868 3370 3940 ὑμῶν
3390 3871 3487 3926 ἐπὶ
3513 3870 3583 3925 τὸ
3609 3872 3773 3929 αὐτό.

2206 3957 2363 4020 Τίνος
2393 3954 2501 4025 γάρ
2530 3953 2714 4006 ἐνεκεν
2760 3952 3120 4024 συνέρχεσθε;
3170 3954 3333 4023 φησί·
3367 3954 3419 4007 τί
3448 3953 3700 4024 βούλεται
3739 3956 3771 4024 ή

2207 4038 2453 4104 σύνοδοςς
2482 4038 2628 4101 τίνος
2667 4036 2851 4091 ἐνεκεν
2891 4038 2919 4107 ή
2950 4036 3180 4108 συλλογὴ
3215 4036 3391 4108 κοινὴ,
3420 4038 3549 4091 ὅταν
3582 4039 3618 4109 ὴ
3648 4037 3775 4109 τράμ-

2207 4122 2349 4187 πεζα
2378 4122 2453 4193 μὴ
2475 4121 2682 4190 γίνεται
2708 4120 2889 4188 κοινῆς
2916 4119 3221 4174 Δεσποτικά
3248 4122 3363 4174 ἐστι
3392 4120 3463 4174 τά
3497 4123 3777 4193 χρήματα,

2206 4207 2351 4277 ᾇπερ
2391 4203 2687 4274 ἐλάϐομενο
2718 4201 2875 4256 κοινά
2918 4201 3229 4273 προκείσθω
3274 4202 3452 4259 τοίνυν
3486 4207 3603 4268 τοῖς
3649 4220 3775 4261 συν·

2204 4287 2411 4350 δούλοις
2436 4289 2547 4349 τοῖς
2577 4284 2882 4357 ἡμετέροις.
2902 4285 3000 4354 Μὴ
3029 4283 3142 4354 γὰρ
3167 4285 3359 4353 abduc
3376 4286 3488 4340 οὐκ
3505 4285 3678 4356 ἔχετε
3693 4290 3775 4352 είς

2206 4371 2275 4426 τὸ
2297 4371 2542 4433 ἐσθίειν,
2565 4370 2664 4423 καὶ
2688 4370 2920 4437 (timur;
2944 4369 2983 4438 ἣ
3008 4368 3118 4438 τῆς
3142 4370 3472 4439 ἐκκλησίας
3496 4371 3607 4425 τοῦ
3632 4372 3774 4427 Θεοῦ

2206 4454 2647 4523 καταφρονεῖτε,
2679 4452 2844 4525 φησὶ,
2883 4453 2981 4507 καί
3031 4454 3464 4522 καταισχύνετε
3510 4451 3772 4526 toi-(pi;

2206 4538 2494 4607 ἔχοντας;
2526 4537 2598 4590 Σὺ
2637 4537 2735 4608 μὲν
2772 4535 3032 4607 νομίζεις,
3063 4535 3220 4607 φησὶ,
3249 4537 3339 4590 τὸν
3368 4537 3596 4606 ἀδελφὸν
3631 4540 3777 4611 ὑϐρί-

2208 4620 2321 4685 ζειν
2373 4621 2552 4690 μόνον,
2594 4621 2840 4673 κοινωνεῖ
2883 4618 2941 4671 δὲ
2990 4619 3085 4672 καὶ
3122 4620 3155 4670 ὁ
3198 4619 3360 4682 τόπος
3396 4620 3495 4691 τῆς
3543 4620 3775 4696 ὕϐρεως.

2218 4703 2543 4774 Ἐκκλησίας
2582 4701 2691 4773 γὰρ
2728 4700 3025 4771 ὁλοκλήρου
3071 4707 3450 4774 καταφρονεῖς.
3486 4704 3775 4778 Ἐκκλησία

2205 4788 2315 4859 γὰρ
2345 4789 2436 4841 διὰ
2468 4786 2627 4841 τοῦτο
2661 4786 2898 4855 λέγεται,
2940 4786 3024 4839 ὅτι
3065 4790 3218 4858 κοινῇ
3269 4788 3475 4851 πάντας
3521 4789 3770 4860 ὑποδέχε-

2205 4891 2315 4928 ται.
2341 4872 2406 4925 Τί
2446 4872 2622 4926 τοίνυν
2647 4871 2747 4941 τῆς
2786 4869 2962 4934 οίκίας
2990 4885 3084 4923 σου
3115 4869 3212 4941 τήν
3255 4871 3531 4925 εὐτέλειαν
3557 4876 3641 4937 είς
3684 4874 3781 4945 τὴν

2206 4956 2500 5028 ἐκκλησίαν
2545 4956 2817 5024 είσάγεις;
2860 4955 2922 5008 El
2958 4954 3066 5025 γὰρ
3098 4959 3454 5025 καταφρονεῖς
3484 4957 3581 5011 τοῦ
3627 4959 3778 5013 ἀδελ-

2207 5040 2330 5111 φοῦ,
2358 5039 2634 5110 αίδέσθητι
2662 5037 2754 5092 τὸν
2789 5037 2950 5091 τόπον
2969 5054 2982 5068 ’
3011 5038 3106 5091 καὶ
3132 5038 3241 5109 γὰρ
3268 5041 3302 5108 ἡ
3334 5040 3605 5112 ἐκκλησία
3630 5041 3779 5115 ὑϐρί-

2207 5126 2377 5190 ζεται.
2424 5123 2536 5176 Kal
2580 5122 2680 5175 οὐκ
2723 5116 2894 5186 εἶπεν,
2934 5121 3309 5191 Ἀποστερεῖτε
3339 5124 3465 5186 τοὺς
3506 5125 3582 5195 μὴ
3629 5125 3781 5197 ἔχον-

2205 5224 2339 5270 τας,
2385 5206 2456 5277 ἢ,
2496 5205 2611 5259 Οὑκ
2655 5203 2852 5257 ἐλεεῖτε
2900 5205 3025 5267 τοὺς
3078 5204 3154 5274 μὴ
3205 5203 3462 5275 ἔχοντας,
3493 5206 3634 5260 ἀλλά
3684 5209 3780 5273 τίς

2204 5290 2647 5359 Καταισχύνετε
2680 5287 2820 5354 τοὺς
2840 5286 2927 5356 μὴ
2963 5288 3237 5358 ἔχοντας.
3273 5290 3783 5361 Ἐντρεπτικώτατα

2202 5375 2301 5446 τὴν
2332 5374 2570 5429 ἀσωτίαν
2603 5370 2783 5427 αὑτῶν
2819 5370 3215 5442 ἐτραγῲδησεν.
3260 5373 3334 5426 Οὑ
3373 5374 3482 5446 γάρ
3508 5374 3657 5430 οὑτω
3681 5376 3782 5447 μέ-

2202 5458 2285 5513 λει
2305 5458 2383 5529 τῷ
2410 5457 2621 5526 πένητι,
2654 5455 2837 5526 φησὶν,
2868 5455 3007 5525 ὑπὲρ
3037 5455 3137 5523 τῆς
3165 5456 3393 5527 τροφῆς,
3421 5458 3497 5521 ὡς
3527 5459 3784 5530 ὑπὲρτῆς

2204 5544 2432 5617 ὕϐρεως.
2460 5542 2601 5613 Ὅρα
2654 5538 2771 5603 πῶς
2805 5539 2897 5593 καὶ
2930 5538 3069 5611 ὑπὲρ
3111 5538 3299 5594 τούτου
3334 5542 3548 5612 σεμνῶς
3579 5544 3783 5599 ausim-

2202 5630 2430 5698 γήσατο,
2465 5623 2728 5679 κάκείνων
2775 5621 3130 5694 σφοδρότερον
3172 5622 3474 5695 καθήψατο.
3535 5628 3599 5683 Τί
3637 5626 3785 5697 ὑμῖν

2201 5712 2376 5774 almo;
2404 5709 2703 5763 ἐπαινέσω
2739 5706 2922 5778 ὑμᾶς;
2969 5708 3071 5763 Ἐν
3095 5710 3281 5774 τούτῳ
3308 5711 3422 5765 οὐκ
3447 5711 3689 5767 ἐπαινῶ.
3713 5710 3784 5768 ἠ

2205 5793 2396 5860 τοῦτοί
2438 5791 2593 5846 Μετὰ
2625 5790 2721 5863 τὴν
2750 5790 3021 5859 ἀπόδειξιν
3050 5793 3145 5863 τῆς
3190 5792 3418 5858 ἀτοπίας
3446 5795 3715 5869 ὑφειμένη
3745 5800 3783 5865 ὴ
