4006 6458
302 334 404 390 257

305 447 466 502 cedit.
522 443 711 502 Omnia
752 441 913 515 igitur
958 441 1047 497 illo
1090 441 1478 510 prtemittantur
1503 482 1520 508 ,
1571 441 1660 496 ubi
1696 450 1751 497 et
1795 454 1894 496 nos

306 537 561 606 deinceps
587 548 802 604 semper
821 531 1082 588 versaturi
1110 546 1315 587 sumus.
1345 531 1473 587 Haec
1516 546 1698 588 secum
1731 547 1895 602 repu-

309 637 483 683 tantes
508 626 633 695 ipsi,
648 639 862 679 omnem
888 622 1239 678 substantiam
1257 622 1632 693 deponebant;
1672 612 1896 694 duplex-

307 731 411 787 que
461 715 697 771 cilicium
741 712 1135 786 praestabatur:
1170 728 1292 768 nam
1331 723 1388 769 et
1429 729 1719 785 egenorum
1763 730 1896 785 pau-

307 815 568 877 pertatem
614 805 986 869 sublevabant,
1014 815 1070 859 et
1109 806 1423 874 ampliorem
1466 805 1901 876 securioremque

305 899 407 954 sibi
436 897 789 952 substantiam
806 895 1061 966 parabant
1078 912 1101 962 ;
1118 895 1173 951 in
1193 896 1326 953 cado
1349 895 1630 953 thesauros
1648 911 1775 951 suos
1800 894 1901 953 de—

310 997 593 1059 ponentes.

384 1081 577 1135 Prisca
622 1096 730 1135 mos
777 1078 1017 1135 Ecclesiae
1053 1080 1190 1134 circa
1226 1096 1451 1135 mensam
1492 1094 1901 1154 continuatam.—

306 1174 389 1230 Ah
413 1173 515 1229 bac
534 1174 650 1244 lege
677 1183 733 1229 et
758 1172 1147 1228 consuetudine
1174 1188 1289 1229 mos
1312 1174 1530 1244 quidam
1557 1174 1822 1230 mirabilis
1845 1174 1898 1229 in

308 1266 607 1323 Ecclesiam
646 1273 774 1321 tunc
815 1264 1061 1321 inductus
1099 1274 1182 1321 est
1212 1282 1227 1321 :
1254 1267 1427 1322 coacti
1468 1280 1700 1337 namque
1740 1266 1901 1323 simul

309 1358 495 1414 ﬁdeles
535 1372 727 1414 omnes
755 1365 877 1428 post
914 1357 1151 1413 auditam
1184 1357 1480 1414 doctrinam
1509 1398 1526 1424 ,
1559 1366 1681 1428 post
1697 1358 1900 1413 oratio-

309 1465 427 1517 nes,
473 1459 597 1521 post
641 1448 1019 1522 mysteriorum
1047 1451 1529 1522 participationem,
1560 1452 1734 1507 soluta
1773 1465 1901 1522 syn-

309 1545 433 1611 axi,
481 1558 595 1599 non
636 1543 819 1598 statim
859 1542 1075 1598 domum
1130 1542 1499 1599 concedebant
1551 1559 1566 1597 :
1620 1542 1716 1598 sed
1756 1544 1898 1599 divi-

313 1644 393 1691 tes
421 1644 476 1690 et
492 1634 883 1705 opulentiores,
900 1634 1154 1689 alimenta
1176 1642 1230 1689 et
1251 1634 1447 1690 fercula
1463 1649 1494 1690 e
1507 1634 1756 1691 domibus
1789 1636 1902 1691 suis

311 1726 614 1791 alerentes,
649 1738 912 1797 pauperes
938 1724 1299 1792 advocabant;
1344 1727 1725 1798 communique
1742 1727 1900 1782 simul

314 1831 494 1871 mensa
522 1815 858 1884 fruebantur,
874 1816 1248 1871 communibus
1276 1817 1449 1886 epulis
1462 1825 1624 1888 atque
1642 1818 1902 1873 conviviis

313 1910 366 1964 in
406 1909 519 1979 ipsa
564 1909 828 1976 ecclesia;
855 1909 924 1962 ita
966 1917 1025 1964 ut
1065 1918 1168 1964 eta
1197 1909 1469 1964 consortio
1509 1924 1742 1973 mensae,
1787 1920 1841 1966 et
1870 1926 1901 1966 a

315 1998 411 2053 loci
434 1999 758 2065 reverentia,
800 1997 1151 2069 undequaque
1186 1999 1383 2056 caritas
1424 2001 1897 2070 eonstringeretur,

313 2107 431 2147 cum
455 2092 626 2148 multa
654 2093 926 2164 voluptate
950 2093 1109 2149 simul
1144 2101 1306 2164 atque
1341 2093 1587 2149 utilitate.
1631 2094 1903 2165 Pauperes

313 2181 450 2237 enim
477 2182 850 2239 consolatione
869 2199 975 2238 non
1003 2199 1184 2254 parva,
1214 2183 1407 2239 divites
1431 2199 1560 2240 vero
1580 2184 1905 2241 benevolen-

316 2275 381 2328 tia
403 2272 736 2337 fruebantur,
768 2283 879 2329 tum
908 2289 1094 2330 eorum
1122 2290 1256 2345 quos
1297 2275 1607 2345 pascebant,
1635 2282 1745 2330 tum
1780 2276 1898 2341 Dei,

315 2370 463 2436 cuius
487 2380 650 2421 causa
681 2364 784 2421 hoc
808 2364 1073 2422 faciebant
1101 2384 1117 2421 :
1144 2367 1328 2437 sicque
1355 2381 1601 2438 magnam
1630 2368 1903 2438 asscquuti

314 2457 555 2526 gratiam,
584 2456 802 2510 domum
846 2456 1183 2513 secedehant.
1225 2457 1509 2513 Iunumera
1543 2458 1669 2514 hinc
1705 2474 1904 2530 seque-

318 2549 507 2603 bantur
537 2549 718 2604 bona:
747 2548 1001 2620 quodque
1022 2559 1183 2620 caput
1207 2550 1467 2606 bonorum
1512 2559 1617 2619 est,
1661 2567 1759 2622 per
1796 2553 1904 2607 sin-

316 2639 463 2708 gulas
490 2653 732 2711 synaxes
759 2654 912 2696 amor
956 2642 1125 2713 magis
1166 2644 1442 2713 magisque
1487 2643 1903 2712 accendebatur,

316 2746 434 2787 cum
459 2740 514 2788 et
543 2732 582 2787 ii
610 2733 700 2803 qui
732 2732 987 2790 beneﬁcia
1025 2734 1394 2804 conferebant,
1420 2744 1474 2792 et
1498 2736 1534 2791 ii
1558 2737 1648 2806 qui
1677 2736 1905 2807 accipie-

317 2824 462 2893 bant,
491 2833 640 2882 tanta
668 2841 793 2882 cum
832 2827 1203 2883 benevolentia
1252 2829 1660 2885 contubernales
1703 2838 1905 2886 essent.

319 2919 466 2976 llunc
486 2935 695 2976 morem
716 2918 975 2977 Corinthii
1022 2937 1276 2993 processu
1315 2925 1571 2994 temporis
1616 2924 1907 2982 labefacta-

318 3020 473 3079 runt,
516 3028 645 3069 cum
692 3014 1058 3084 opulentiores
1099 3018 1323 3070 seorsim
1368 3016 1547 3071 cibum
1586 3029 1861 3073 sumentes
1888 3060 1903 3084 ,

317 3117 510 3175 egentes
550 3102 914 3174 despicerent,
944 3119 1046 3160 nec
1089 3115 1466 3176 exspectarent
1509 3108 1711 3163 tardius
1748 3124 1909 3166 acce-

319 3196 522 3263 dentes,
549 3206 608 3252 et
632 3197 1042 3254 necessitatibus
1083 3198 1205 3254 vitae
1247 3199 1515 3268 detentus,
1548 3210 1605 3255 ut
1647 3217 1912 3272 pauperes

320 3289 508 3354 solent,
536 3297 704 3359 atque
730 3304 911 3346 moras
936 3291 1228 3347 trahentes.
1252 3290 1406 3348 Unde
1426 3294 1771 3364 contingebat
1791 3311 1908 3364 eos,

321 3380 531 3439 demum
563 3381 929 3449 advenientes,
952 3397 1073 3438 cum
1101 3382 1304 3451 pudore
1328 3382 1437 3453 iam
1464 3386 1670 3440 sublata
1716 3402 1903 3443 mensa

322 3473 596 3540 recedere;
625 3472 731 3528 illis
759 3473 1274 3544 praeoccupautibus,
1292 3474 1375 3529 his
1404 3490 1534 3531 vero
1558 3477 1907 3534 tardantibus.

325 3562 513 3619 Videas
535 3564 720 3635 itaque
747 3565 943 3620 Paulus
967 3564 1093 3620 inde
1120 3566 1287 3620 multa
1332 3568 1566 3622 suboriri
1604 3568 1764 3636 mala,
1797 3577 1907 3625 tum

322 3672 437 3727 qua:
450 3659 565 3728 iam
586 3657 908 3723 acciderant,
939 3666 1049 3714 tum
1070 3676 1191 3731 qua:
1203 3659 1373 3716 futura
1395 3662 1707 3736 erant(nam
1733 3678 1762 3717 a
1778 3665 1913 3721 divi-

325 3750 460 3807 tibus
484 3766 748 3822 pauperes
766 3753 1266 3819 contemnebantur,
1283 3768 1347 3809 ae
1361 3756 1591 3826 superbe
1612 3757 1913 3812 tractaban-

327 3849 430 3909 tur,
457 3841 690 3914 hincque
723 3844 1044 3911 pauperibus
1076 3859 1277 3901 mceror
1304 3845 1594 3917 odiumque
1616 3847 1668 3902 in
1696 3848 1911 3919 divites,

324 3931 528 4003 aliaque
543 3932 903 3989 succedebant
927 3934 1066 3990 mala
1083 3951 1155 3991 ex
1176 3935 1478 4007 huiusmodi
1500 3939 1661 3995 rebus
1675 3940 1805 3996 oriri
1822 3955 1914 3996 so-

327 4022 459 4095 lita),
479 4025 618 4079 hanc
659 4039 879 4096 pravam
902 4027 1257 4098 acerbamque
1288 4030 1728 4105 consuetudinem
1756 4033 1915 4089 corri-

326 4116 419 4186 git.
455 4115 521 4171 Et
539 4115 665 4171 vide
684 4132 807 4173 cum
825 4131 1023 4188 quanta
1045 4121 1322 4189 prudentia
1342 4129 1399 4177 et
1417 4124 1787 4182 moderatione
1799 4139 1917 4182 cor-

328 4208 619 4263 rectionem
639 4210 994 4279 aggrediatur.
1016 4209 1280 4282 Incipiens
1295 4214 1436 4269 enim
1460 4217 1538 4271 sic
1556 4216 1662 4270 ait:
1682 4215 1799 4272 Hoc
1821 4228 1916 4273 att-

330 4307 426 4354 tat
452 4302 771 4372 praecipiens,
797 4319 900 4357 non
929 4304 1106 4371 laudo,
1131 4305 1271 4375 quod
1291 4322 1392 4362 non
1420 4309 1475 4362 in
1507 4310 1705 4377 melius,
1732 4312 1821 4365 sed
1862 4313 1917 4366 in

331 4392 548 4450 deterius
566 4395 893 4466 convenitis“
907 4433 923 4449 .
946 4396 1066 4451 Cor.
1089 4398 1177 4453 II.
1210 4399 1322 4467 l7).
1341 4399 1476 4467 Quid
1497 4400 1598 4456 sibi
1625 4402 1738 4456 vult
1765 4402 1915 4469 illud,

334 4480 454 4537 Non
487 4485 542 4538 in
587 4485 808 4541 melius?
838 4485 1087 4557 Maiores,
1110 4488 1283 4559 inquit
1299 4499 1355 4545 et
1377 4501 1556 4561 patres
1588 4497 1751 4549 vestri
1786 4495 1917 4550 sab-

334 4574 552 4629 stantias
580 4590 703 4630 suas
735 4575 1035 4633 vendebant
1053 4586 1107 4634 et
1130 4572 1327 4648 przcdia
1347 4590 1403 4637 et
1420 4585 1808 4653 possessiones,
1834 4596 1914 4641 at-

333 4676 435 4733 que
451 4666 630 4721 omnia
654 4667 920 4724 habebant
933 4670 1257 4738 communia,
1281 4673 1611 4745 multamque
1633 4685 1818 4731 mutuo
1838 4693 1921 4732 ea-

333 4758 540 4814 ritatem
564 4774 579 4811 :
603 4773 698 4815 vos
727 4770 929 4827 autem,
960 4774 1097 4833 quos
1124 4779 1220 4834 par
1241 4774 1386 4821 esset
1414 4767 1536 4822 illos
1567 4768 1781 4836 imitari,
1813 4784 1917 4825 non

333 4847 493 4903 modo
513 4848 643 4904 nihil
662 4850 835 4907 simile
851 4851 1070 4920 fecistis,
1089 4855 1183 4910 sed
1200 4855 1359 4911 etiam
1380 4856 1452 4924 id,
1479 4859 1621 4926 quod
1643 4861 1816 4915 solum
1836 4861 1923 4916 ha-

333 4936 538 4994 bebatis
556 4940 844 5008 amisistis;
866 4958 1059 5014 nempe
1077 4945 1318 5001 convivia
1364 4947 1415 5002 in
1432 4948 1672 5005 collectis
1690 4950 1801 5005 ﬁeri
1827 4967 1919 5006 so-

337 5028 445 5082 lita.
468 5028 696 5102 Ideoque
717 5033 820 5089 ait:
838 5032 962 5088 Non
987 5035 1040 5088 in
1060 5036 1260 5103 melius,
1278 5038 1367 5092 sed
1389 5039 1443 5093 in
1464 5041 1681 5096 deterius
1696 5044 1921 5097 conveni-

333 5119 414 5173 tis.
437 5119 502 5176 Et
522 5122 595 5177 illi
624 5123 838 5193 quidem
858 5127 1222 5196 possessiones
1249 5143 1439 5188 omnes
1469 5131 1520 5186 in
1549 5148 1701 5188 usum
1725 5149 1922 5205 paupe-

337 5224 453 5265 rum
487 5214 853 5271 eoncerlebant
882 5234 897 5273 :
928 5230 1024 5273 vos
1050 5228 1179 5274 Vero
1220 5232 1405 5278 mensa
1448 5225 1612 5279 etiam
1651 5224 1757 5280 illis
1786 5240 1923 5283 con-

334 5316 485 5358 cessa
532 5305 772 5376 privatis.
816 5305 1050 5364 Primum
1093 5311 1228 5366 enim
1260 5316 1665 5371 convenientibus
1705 5316 1840 5373 vobis
1868 5319 1923 5376 in

337 5393 612 5461 ecclesiam,
641 5398 796 5453 audio
840 5401 1089 5456 scissuras
1134 5420 1238 5459 esse
1277 5404 1407 5460 inter
1447 5424 1553 5475 ros,
1580 5418 1628 5465 et
1671 5427 1736 5466 ea:
1777 5398 1925 5483 parte

336 5484 483 5539 credo
509 5485 584 5557 (I.
618 5488 739 5545 Cor.
772 5491 859 5547 II.
893 5492 1005 5563 I8).

407 5577 461 5632 ι.
495 5578 627 5637 Vide
652 5582 924 5653 quomodo
953 5599 1165 5640 rursum
1209 5588 1497 5658 prudenter
1523 5593 1916 5650 correctionem

338 5667 600 5726 adhibeat.
616 5671 748 5730 ‘Nou
776 5672 932 5741 dixit,
961 5675 1157 5746 Credo,
1182 5679 1287 5747 vel,
1321 5681 1434 5738 Non
1462 5684 1647 5752 credo,
1676 5686 1769 5743 sed
1800 5702 1922 5743 me-

340 5759 429 5817 dio
454 5763 610 5821 verbo
641 5780 767 5822 usus
786 5776 898 5839 est,
923 5766 1007 5822 Ex
1033 5779 1176 5839 parte
1199 5773 1379 5841 credo;
1411 5789 1517 5831 non
1549 5776 1767 5835 omnino
1801 5794 1925 5837 crc—

1127 326 1192 383 IN
1234 326 1484 384 DICTUbI
1525 324 1727 384 PAULI
1771 367 1785 389 ,
1825 320 2151 381 OPORTET
2191 321 2535 381 HERESES
2574 323 2768 382 ESSE.

3488 331 3599 387 258

2003 436 2095 502 do,
2125 451 2226 493 nec
2248 438 2470 494 omnino
2498 437 2657 496 iidem
2688 453 2858 510 nego;
2888 448 2942 495 ut
2973 456 3102 497 vero
3127 441 3230 500 hoc
3249 444 3331 500 vel
3357 443 3505 512 illud,
3541 450 3594 504 in

2005 536 2180 584 veStra
2210 529 2426 599 penitus
2451 538 2715 599 potestate
2742 540 2844 587 est.
2875 532 2930 588 Si
2964 533 3311 604 resipiscatis,
3342 552 3447 592 non
3473 553 3595 594 cre-

2003 618 2109 685 do;
2138 619 2219 672 sin
2243 622 2313 673 ita
2345 621 2720 689 perseveretis,
2742 621 2925 678 credo.
2960 622 3142 695 Itaque
3167 641 3273 681 non
3296 632 3590 695 accusavit,

2003 721 2055 764 et
2083 711 2370 765 accusavit.
2397 710 2516 766 Non
2557 712 2830 768 accusavit
2855 715 3090 783 penitus,
3116 726 3174 770 ut
3201 719 3596 778 emendationis

2005 815 2154 870 spem
2181 811 2234 856 et
2260 802 2503 858 inducias
2528 802 2595 859 ad
2628 805 2996 873 pmniteutiam
3026 807 3338 865 daret:uon
3368 812 3596 870 crimine

2004 892 2202 949 liberos
2224 892 2445 960 dimisit,
2472 910 2541 951 ne
2576 896 2627 950 in
2656 896 2845 953 eadem
2872 899 3098 969 segnitie
3124 911 3423 958 manerent.
3452 904 3597 960 Nou-

2005 985 2132 1040 dum
2154 988 2374 1042 omnino
2394 988 2619 1054 credidi,
2640 989 2840 1060 inquit;
2868 989 3097 1060 idipsum
3113 992 3256 1048 enim
3280 1005 3362 1048 est
3388 995 3594 1062 dicere,

2009 1077 2093 1133 Ea;
2122 1090 2268 1150 parte
2299 1085 2470 1139 credo.
2517 1081 2572 1137 Id
2622 1098 2752 1138 vero
2793 1083 3004 1139 dicebat
3042 1085 3330 1142 cohortans
3370 1098 3428 1142 ut
3474 1104 3597 1146 sese

1986 1171 2354 1252 .emendarent
2377 1187 2442 1228 ac
2468 1175 2822 1244 corrigerent,
2843 1176 3121 1244 ipsumque
3139 1176 3497 1244 abducerent,
3526 1194 3598 1235 ue

2004 1279 2121 1320 rem
2148 1263 2457 1334 huiusmodi
2487 1266 2573 1321 vel
2613 1280 2678 1321 ex
2720 1275 2870 1336 parte
2906 1267 3170 1324 crederet.
3205 1268 3415 1339 Oportet
3451 1284 3599 1326 enim

2007 1354 2224 1409 hereses
2250 1368 2377 1422 esse,
2404 1364 2460 1410 ut
2487 1355 2575 1426 qui
2603 1355 2800 1426 probati
2820 1365 2965 1424 sunt,
2988 1357 3243 1427 manifesti
3267 1359 3397 1428 ﬁant
3423 1360 3484 1419 in.
3506 1375 3582 1414 vo-

2006 1445 2081 1501 bis
2108 1445 2187 1519 (I.
2208 1446 2434 1502 Cor.II.
2471 1446 2582 1518 I9).
2617 1447 2712 1502 Dic
2740 1447 2898 1518 igitur
2922 1464 3164 1519 quaenam
3194 1449 3470 1507 haereses?
3502 1452 3598 1506 llic

2004 1538 2241 1593 animum
2261 1536 2538 1595 adhibete:
2560 1539 2811 1610 quoniam
2834 1556 2939 1596 non
2960 1540 3028 1596 de
3046 1540 3384 1612 dogmatibus
3401 1543 3597 1599 dicitur

2005 1630 2154 1697 illud,
2187 1630 2397 1702 Oportet
2421 1631 2636 1688 htcreses
2658 1633 2711 1686 in
2735 1634 2872 1688 vobis
2888 1650 2993 1689 esse
3015 1650 3035 1689 :
3057 1634 3150 1689 sed
3171 1634 3240 1691 de
3261 1636 3597 1693 dissensione

2004 1723 2149 1778 circa
2175 1738 2438 1778 mensam.
2460 1723 2596 1779 Cum
2639 1724 2781 1778 enim
2815 1725 3062 1793 dixisset,
3097 1725 3307 1797 Oportet
3345 1737 3514 1782 autem
3550 1740 3599 1784 et

2006 1812 2221 1869 [utrem
2238 1830 2366 1879 esse,
2385 1815 2601 1870 modum
2624 1814 2903 1871 hmreseon
2931 1817 3176 1886 adiunxit
3207 1834 3220 1872 :
3250 1816 3600 1873 Convenienti-

2004 1901 2097 1958 bus
2117 1906 2248 1958 enim
2268 1905 2405 1959 vobis
2432 1904 2484 1960 in
2506 1921 2685 1970 unum,
2704 1920 2808 1959 non
2832 1913 2903 1960 est
2917 1902 3224 1960 dominicam
3240 1923 3434 1962 canam
3457 1925 3601 1964 man-

2007 1996 2196 2051 ducare
2224 1994 2330 2069 (Ib.
2354 2012 2403 2050 υ.
2424 1995 2544 2068 20).
2568 1995 2707 2063 Quid
2740 2005 2842 2063 est,
2882 1996 3200 2052 Dominicam
3231 2015 3423 2054 caenam
3450 2017 3600 2055 man-

2006 2087 2234 2142 ducare?
2258 2087 2586 2143 Dominicam
2625 2102 2857 2154 omnem,
2883 2089 3074 2160 inquit,
3098 2104 3206 2147 non
3249 2101 3333 2147 est
3369 2093 3595 2147 mandu-

2006 2193 2133 2234 care
2156 2196 2169 2230 :
2194 2178 2339 2234 illam
2368 2194 2568 2235 vocans
2592 2194 2827 2247 caenam,
2851 2196 3010 2251 quam
3040 2181 3224 2237 ultima
3255 2193 3414 2239 nocte
3441 2186 3603 2240 tradi-

2007 2267 2086 2323 dit
2105 2268 2370 2336 Christus,
2397 2269 2612 2340 quando
2634 2269 2880 2341 discipuli
2922 2286 3045 2326 eum
3090 2272 3181 2327 illo
3214 2286 3405 2329 omnes
3423 2286 3601 2330 erant.

2010 2361 2065 2417 In
2093 2363 2180 2419 illa
2209 2363 2408 2434 quippe
2433 2378 2588 2418 omna
2615 2372 2669 2419 et
2691 2364 2946 2419 Dominus
2974 2374 3029 2420 et
3052 2367 3193 2421 servi
3221 2382 3408 2422 omnes
3437 2368 3597 2425 simul

2009 2453 2430 2510 recumbebant:
2458 2469 2555 2510 vos
2589 2468 2738 2519 vero,
2772 2455 2864 2525 qui
2887 2456 3132 2511 conservi
3154 2457 3306 2523 estis,
3334 2457 3473 2514 inter
3501 2476 3599 2515 vos

2011 2554 2188 2599 tamen
2230 2544 2504 2601 dissidetis
2557 2561 2622 2601 ac
2673 2546 2988 2602 dividimini.
3020 2546 3112 2602 Ille
3148 2563 3248 2604 nec
3276 2549 3600 2619 proditorem

2008 2638 2213 2709 expulit
2241 2655 2254 2668 ·
2280 2655 2401 2694 nam
2431 2648 2484 2694 et
2509 2639 2675 2695 Judas
2719 2654 2841 2695 cum
2892 2639 2994 2695 illis
3042 2650 3167 2696 tunc
3206 2650 3324 2696 erat
3350 2657 3364 2694 :
3390 2653 3444 2697 ιιι
3469 2657 3600 2699 vero

2011 2729 2227 2785 fratrem
2248 2731 2491 2801 depellis.
2522 2730 2647 2787 Ideo
2663 2730 2790 2786 dicit
2809 2749 2822 2783 :
2846 2729 2966 2785 Non
2982 2742 3055 2785 est
3076 2731 3383 2787 dominicam
3406 2749 3602 2788 caenam

2010 2822 2337 2886 manducare,
2369 2823 2676 2877 dominicam
2708 2840 2903 2877 omnem
2932 2838 3128 2879 vocans
3166 2838 3307 2891 eam,
3330 2839 3447 2894 qua:
3472 2838 3606 2880 cou-

2022 2911 2347 2969 cordissime
2363 2916 2620 2972 omnibus
2639 2916 2955 2974 convo:-atis
2971 2917 3603 2992 sumitttr.Unttsqut'sque

2024 3006 2164 3060 enim
2195 3023 2347 3080 suam
2374 3025 2574 3063 comam
2598 3011 2762 3063 sumit
2789 3008 2857 3063 ad
2888 3010 3349 3075 manducandum,
3379 3020 3430 3066 et
3462 3013 3608 3065 alius

2022 3097 2229 3165 quidem
2259 3101 2447 3163 esurit,
2480 3101 2619 3155 alius
2652 3110 2828 3155 autem
2853 3100 3028 3154 ebrius
3057 3112 3135 3155 est
3171 3101 3464 3173 (Ib.v.2l).
3489 3101 3605 3157 Non

2023 3186 2341 3250 dixit,Alins
2357 3192 2700 3256 esurit,alius
2711 3192 2969 3257 comedit;
2986 3193 3078 3247 sed
3094 3193 3377 3249 ebrietatis
3394 3195 3612 3247 nomine

2016 3281 2184 3351 magis
2210 3281 2330 3336 illos
2361 3283 2549 3353 tangit.
2572 3282 2640 3337 Et
2673 3281 2762 3337 hic
2794 3291 2848 3337 et
2895 3282 3025 3350 illic,
3057 3281 3152 3346 ait,
3184 3281 3361 3336 nullus
3387 3290 3472 3337 est
3496 3297 3611 3336 mo-

2014 3373 2137 3429 dus.
2166 3372 2245 3427 Tu
2294 3383 2345 3429 te
2392 3374 2611 3443 crapula
2660 3373 2971 3442 disrumpis,
3001 3372 3130 3427 dum
3180 3372 3272 3429 ille
3298 3369 3439 3427 fame
3466 3387 3601 3427 eon—

2014 3462 2275 3529 tabescit;
2301 3472 2356 3517 tu
2384 3463 2554 3532 plura,
2584 3478 2745 3534 quam
2771 3477 2904 3533 opus
2929 3464 3020 3529 sit,
3048 3464 3233 3530 sumis,
3268 3462 3357 3521 ille
3382 3478 3513 3521 vero
3540 3479 3610 3523 ne

2013 3554 2228 3625 quidem
2277 3554 2595 3610 necessariis
2648 3553 2861 3609 fruitur.
2918 3553 3123 3625 Duplex
3177 3555 3281 3612 hoc
3344 3567 3609 3627 corrupta:

2015 3647 2333 3718 aequalitatis
2371 3647 2571 3703 malum
2613 3646 2850 3704 haireses
2882 3657 3071 3717 vocat,
3108 3649 3232 3721 quia
3275 3651 3612 3707 contentiosa

2016 3742 2244 3797 invicem
2284 3735 2515 3812 agebant
2567 3748 2623 3796 et
2661 3740 3035 3808 dissidebant,
3071 3749 3127 3797 et
3168 3741 3275 3797 alio
3314 3743 3604 3807 esuriente,

2016 3833 2152 3888 alius
2177 3832 2565 3889 inebriabatur.
2604 3832 2682 3887 Ac
2713 3829 2852 3887 bene
2877 3830 3035 3896 dixit,
3065 3829 3485 3888 Consenientibus
3513 3849 3603 3888 vo-

2018 3922 2093 3978 bis
2120 3924 2174 3978 in
2199 3939 2380 3979 utinm.
2403 3921 2511 3978 Cur
2531 3922 2871 3978 convenitis?
2892 3921 3095 3994 inquit;
3123 3923 3251 3994 quid
3273 3922 3377 3980 sibi
3393 3924 3503 3980 vult
3518 3924 3611 3982 ille

2018 4016 2353 4072 conventus?
2398 4015 2465 4071 ad
2511 4016 2638 4087 quid
2694 4015 2786 4072 ille
2834 4017 3139 4072 communis
3176 4024 3369 4082 castus,
3396 4016 3623 4088 quando.

2020 4122 2207 4163 mensa
2233 4123 2340 4163 non
2373 4115 2457 4164 est
2477 4108 2814 4163 communis?
2842 4107 3133 4163 Dominicis
3155 4117 3281 4164 sunt
3310 4107 3610 4176 facultates,

2020 4214 2155 4270 quas
2181 4200 2509 4270 accepimus,
2538 4199 2872 4269 proindeque
2891 4212 3206 4255 communes
3225 4201 3503 4257 conservis
3518 4215 3613 4257 no-

2022 4291 2149 4348 stris
2200 4302 2591 4363 proponantur.
2625 4290 2894 4361 Numquid
2939 4291 3120 4347 domos
3164 4309 3267 4347 non
3307 4292 3498 4348 habetis
3547 4294 3616 4347 ad

2023 4384 2437 4438 manducandum
2466 4394 2511 4438 et
2532 4384 2803 4439 bibendum
2821 4384 2847 4438 .9
2870 4393 2957 4437 aut
2983 4383 3244 4439 ecclesiam
3270 4383 3366 4439 Dei
3388 4393 3614 4439 contem-

2024 4478 2140 4531 nitis
2158 4516 2174 4541 ,
2194 4478 2384 4546 inquit,
2411 4487 2458 4533 et
2485 4477 2799 4548 confunditis
2824 4492 2907 4530 eos
2923 4476 3010 4546 qui
3040 4492 3139 4529 non
3166 4475 3349 4530 habent
3376 4474 3535 4548 (Ibid.
3562 4493 3611 4531 υ.

2021 4569 2155 4641 22)?
2197 4569 2275 4623 Tu
2313 4568 2527 4639 quidem
2571 4579 2744 4639 putas,
2778 4569 2987 4637 inquit,
3031 4567 3248 4623 fratrem
3304 4577 3508 4625 tantum
3561 4580 3613 4627 te

2023 4661 2345 4715 contumelia
2367 4659 2603 4724 allicere,
2623 4659 2885 4714 redundat
2905 4667 3082 4714 autem
3104 4662 3423 4716 contumelia
3453 4663 3614 4718 etiam

2026 4753 2078 4807 in
2107 4753 2304 4811 locum.
2336 4752 2623 4808 Ecclesium
2653 4753 2851 4824 quippe
2880 4761 3045 4808 totam
3074 4755 3399 4811 contemnis.
3428 4755 3616 4811 Eccle-

2025 4845 2101 4899 sia
2124 4844 2269 4900 enim
2305 4843 2428 4899 ideo
2473 4843 2690 4909 dicitur,
2718 4844 2841 4913 quia
2872 4846 3231 4901 communiter
3255 4860 3443 4902 omnes
3469 4848 3628 4903 ccci-

2026 4937 2120 5005 pit.
2146 4936 2253 4992 Cur
2278 4951 2408 5007 ergo
2428 4936 2620 4993 domus
2646 4945 2752 4991 tuac
2778 4936 3035 4992 vilitatem
3065 4937 3116 4992 in
3143 4938 3428 4994 ecclesiam
3457 4939 3625 4996 indu-

2024 5028 2143 5084 cis?
2188 5027 2244 5083 Si
2275 5027 2420 5082 enim
2463 5030 2771 5083 contemnis
2805 5028 3051 5091 fratrem,
3097 5043 3350 5085 reverere
3390 5028 3568 5085 locum
3603 5048 3618 5084 :

2023 5120 2225 5177 etenim
2268 5120 2504 5176 Ecclesia
2550 5121 2881 5177 contumelia
2929 5121 3185 5177 afﬁcitur.
3235 5121 3423 5192 Neque
3462 5121 3620 5185 dixit,

2022 5207 2131 5265 Eos
2160 5209 2413 5280 privatis,
2447 5212 2541 5281 qui
2571 5227 2683 5266 non
2718 5212 2951 5281 habent;
2980 5226 3095 5277 aut,
3126 5212 3243 5268 Non
3285 5211 3621 5268 miseremini

2023 5316 2214 5358 eorum
2251 5305 2340 5375 qui
2400 5320 2508 5360 non
2562 5305 2783 5361 habent.
2820 5304 2927 5361 Sed
2967 5305 3136 5373 quid?
3166 5301 3508 5370 Confunditis
3535 5315 3624 5354 eos

2025 5399 2112 5470 qui
2175 5414 2277 5454 non
2337 5397 2541 5455 habent.
2599 5395 3082 5453 Vchementissimo
3143 5392 3392 5464 tangendi
3457 5394 3618 5451 modo

1929 5550 1935 5557 ,
2026 5507 2213 5547 eorum
2242 5491 2424 5548 luxum
2443 5497 2807 5561 reprmseutat.
2828 5486 2944 5542 Non
2962 5493 3074 5541 tam
3094 5493 3248 5541 curat
3274 5496 3495 5558 pauper,
3526 5487 3614 5542 ln-

2027 5586 2161 5656 quit,
2192 5584 2402 5648 cibum,
2430 5596 2589 5652 quam
2618 5577 3019 5635 contumeliam.
3051 5576 3182 5634 Vide
3207 5593 3366 5648 quam
3393 5579 3618 5635 honeste

2031 5678 2132 5733 huc.
2163 5684 2405 5740 excuset,
2434 5683 2486 5727 et
2527 5686 2684 5742 quam
2716 5671 3066 5727 vehementer
3095 5671 3214 5727 illos
3244 5679 3441 5742 tangat.
3481 5669 3618 5740 Quid

2030 5771 2196 5827 dicam
2224 5765 2401 5822 vobis?
2430 5760 2582 5819 laudo
2616 5762 2741 5817 vos?
2768 5760 2837 5818 In
2859 5761 2953 5818 hoc
2976 5777 3076 5817 non
3098 5760 3253 5817 laudo
3274 5761 3324 5832 (ί
3341 5800 3353 5816 .
3373 5748 3464 5819 Car
3481 5799 3496 5816 .
3530 5762 3614 5820 II.
