4006 6414
799 272 966 326 ,μιν

448 322 562 382 3‘5)

444 431 561 505 22).
593 429 731 502 Quid
757 428 862 483 hoc
885 427 1007 484 est?
1032 424 1159 482 Post
1200 423 1618 478 demonstratam
1649 415 2026 505 absurditatem

447 504 622 583 leuior
649 524 891 592 sequitur
928 515 1219 586 increpatio
1245 556 1260 580 ,
1287 522 1342 568 et
1381 513 1502 581 jure
1551 507 1767 579 quidem
1817 504 2030 576 merito,

450 631 521 670 ne
564 611 986 684 impudentiores
1029 605 1342 662 evaderent.
1375 603 1692 670 Priusquam
1733 598 1877 651 enim
1919 611 2033 650 rem

449 703 738 762 absurdam
779 713 898 755 esse
940 697 1354 760 demonstraret,
1379 691 1671 764 perfectam
1714 687 2033 744 sententiam

453 793 643 847 extulit
704 789 891 844 dicens
922 829 938 853 ,
988 787 1102 841 Hoc
1153 796 1321 840 autem
1373 783 1671 854 praecipiens
1724 797 1828 834 non
1881 777 2036 833 laudo

440 885 487 959 (Ι
503 927 518 942 .
539 883 664 939 Cor.
685 881 876 954 11.17)
914 880 1202 950 Postquam
1232 887 1408 932 autem
1429 884 1677 932 accurate
1695 875 2034 929 demonstra-

450 976 525 1030 vit
545 975 665 1030 illos
691 989 810 1030 esse
835 974 1188 1044 complurium
1217 972 1500 1026 criminum
1530 984 1673 1036 reos,
1702 967 1905 1024 leniore
1927 966 2034 1020 uti-

448 1075 536 1119 tur
561 1066 955 1130 criminattone,
986 1064 1038 1121 itt
1081 1064 1192 1133 jam
1237 1061 1504 1118 dictorum
1549 1069 1807 1130 apparatu
1849 1065 1905 1113 et
1942 1056 2036 1112 de-

447 1157 834 1212 monstratione
854 1156 1211 1212 accusationis
1233 1154 1629 1210 vehementiam
1677 1153 1905 1224 positam
1951 1166 2038 1206 re-

450 1249 717 1317 linquens.
748 1249 950 1303 Deinde
1005 1249 1059 1302 in
1109 1249 1386 1318 mysticam
1438 1261 1678 1302 mensam
1731 1259 2036 1301 sermonem

454 1339 724 1406 transfert,
759 1349 813 1395 ut
840 1341 918 1395 eis
941 1340 1058 1409 plus
1085 1339 1294 1394 timoris
1323 1341 1605 1393 incuteret.
1636 1335 1748 1409 Ego
1774 1337 1924 1402 enim,
1956 1337 2009 1390 in
2035 1366 2039 1371 -

449 1433 582 1501 quit,
601 1433 773 1502 accepi
793 1448 825 1484 a
849 1431 1090 1499 Domino,
1109 1431 1244 1502 quod
1265 1440 1311 1485 et
1337 1431 1528 1485 tradidi
1547 1431 1682 1484 vobis
1705 1427 1811 1502 (Ib.
1841 1446 1890 1482 υ.
1914 1426 2032 1498 95).

448 1525 630 1591 Qualis
664 1524 781 1580 haec
809 1525 1230 1595 consequentia?
1260 1526 1335 1580 De
1375 1524 1644 1580 communi
1685 1521 1908 1592 prandio
1951 1521 2032 1575 lo-

449 1616 652 1686 queris,
699 1625 754 1671 et
793 1616 1060 1671 horrenda
1083 1619 1337 1688 mysteria
1387 1615 1811 1672 commemoras?
1841 1616 2035 1682 Etiam,

450 1706 642 1776 inquit.
670 1705 726 1761 Si
755 1707 898 1761 enim
933 1707 1209 1762 tremenda
1252 1707 1342 1761 illa
1392 1723 1576 1761 mensa
1607 1706 1856 1762 omnibus
1885 1720 2037 1759 com-

452 1798 630 1852 munis
685 1801 1023 1868 proponitur,
1072 1809 1126 1854 et
1168 1799 1320 1853 diviti
1361 1809 1416 1853 et
1466 1800 1704 1868 pauperi,
1743 1812 1915 1866 neque
1953 1797 2038 1850 illa

449 1889 642 1943 fruitur
663 1889 879 1944 uberius
897 1889 1067 1958 dives,
1093 1899 1148 1946 et
1176 1891 1388 1960 parcius
1415 1904 1639 1958 pauper,
1663 1889 1757 1944 sed
1781 1904 1916 1942 unus
1938 1888 2036 1942 ho-

450 1995 570 2046 nor,
594 1989 648 2036 et
677 1997 814 2036 unus
839 1997 1122 2050 accessus;
1151 1998 1215 2037 ac
1240 1983 1412 2038 donec
1453 1998 1641 2038 omnes
1678 1983 2041 2037 communica-

449 2069 643 2136 verint,
667 2080 719 2125 et
742 2073 1030 2142 participes
1058 2073 1258 2127 fuerint
1278 2073 1437 2143 hujus
1468 2074 1762 2142 spiritualis
1785 2083 1838 2128 et
1871 2087 2040 2127 sacne

450 2175 672 2224 mensze,
709 2175 830 2229 qua:
885 2163 1156 2230 pr0posita
1211 2173 1336 2216 sunt
1386 2179 1490 2216 non
1539 2163 1904 2229 retrahuntur,
1944 2163 2038 2218 sed

449 2259 594 2304 stant
619 2251 930 2306 sacerdotes
955 2268 1162 2319 omnes,
1191 2253 1276 2308 vel
1302 2256 1540 2308 omnium
1571 2256 1963 2324 pauperrimum
1985 2265 2040 2311 et

450 2341 766 2396 vilissimum
794 2351 1166 2412 exspectantes
1201 2361 1213 2396 :
1247 2344 1414 2398 multo
1458 2344 1627 2414 magis
1648 2345 1699 2398 iu
1729 2345 1828 2400 hac
1855 2346 2040 2400 sensili

451 2448 634 2487 mensa
676 2433 728 2488 id
771 2435 1058 2504 agendum.
1092 2435 1216 2490 ldeo
1265 2436 1408 2489 illam
1458 2435 1782 2490 dominicam
1828 2452 2039 2492 caenam

451 2527 762 2580 memoravi.
793 2525 905 2598 Ego
934 2528 1066 2580 enint
1103 2529 1276 2598 accepi
1299 2547 1330 2581 a
1359 2527 1598 2596 Domino,
1628 2529 1762 2598 quod
1783 2539 1828 2583 et
1850 2529 2041 2583 tradidi

449 2616 604 2677 vobis,
630 2618 868 2683 quoniam
894 2617 1142 2672 Dominus
1166 2618 1198 2670 J
1205 2635 1336 2686 esus,
1357 2620 1408 2671 in
1431 2636 1532 2690 qua
1558 2629 1700 2672 nocte
1721 2618 2036 2685 tradebatur,

448 2709 638 2778 accepit
669 2727 873 2778 panem,
913 2721 957 2763 et
999 2711 1193 2781 gratias
1237 2727 1390 2782 agens
1435 2712 1604 2782 fregit,
1633 2722 1677 2765 et
1717 2713 1845 2766 dixit
1871 2730 1890 2767 :
1928 2712 2040 2766 Hoc

449 2809 521 2853 est
545 2815 730 2870 corpus
759 2818 955 2869 meum,
986 2803 1120 2871 quod
1161 2818 1253 2872 pro
1283 2803 1453 2856 multis
1479 2805 1755 2874 frangitur,
1783 2805 1837 2857 in
1859 2806 2037 2858 remis-

449 2891 641 2945 sionem
666 2901 1006 2963 peccatorum.
1040 2892 1152 2946 Hoc
1183 2894 1333 2962 facite
1371 2893 1426 2946 in
1473 2910 1636 2946 meam
1673 2911 2037 2948 commemora-

452 2982 655 3037 tionem.
682 2983 928 3038 Similiter
953 2995 998 3038 et
1022 2984 1228 3037 calicem
1265 2994 1530 3054 postquam
1555 2986 1793 3053 cenavit,
1825 2986 1996 3041 dicens
2019 3002 2039 3040 :

453 3074 556 3129 llic
593 3074 729 3128 calia:
773 3091 957 3129 novum
1009 3086 1362 3130 testamentum
1405 3086 1475 3129 est
1525 3078 1577 3130 in
1617 3093 1726 3131 meo
1783 3079 2041 3148 sanguine

457 3165 618 3236 (Ibid.
643 3182 692 3220 υ.
723 3166 793 3220 es
817 3196 844 3206 -
865 3166 984 3237 25).

523 3258 575 3312 5.
609 3257 808 3312 Deinde
835 3259 1002 3312 multa
1048 3259 1298 3328 loquutus
1341 3262 1483 3314 circa
1523 3275 1649 3325 eos,
1695 3263 1784 3330 qui
1826 3263 2040 3333 indigne

453 3351 704 3422 mysteria
736 3351 1083 3420 participant,
1116 3352 1204 3405 ubi
1255 3353 1372 3406 illos
1405 3354 1750 3408 vehementer
1781 3357 1949 3426 tetigit
1987 3366 2041 3411 et

449 3443 710 3512 coarguit,
753 3442 1039 3512 docuitque
1088 3459 1203 3509 eos,
1248 3447 1336 3514 qui
1385 3447 1698 3515 sanguinem
1749 3455 1802 3500 ct
1843 3462 2040 3517 corpus

450 3535 649 3588 Christi
702 3543 902 3590 temere
951 3551 1015 3589 ac
1069 3537 1424 3604 perfunctorie
1475 3539 1761 3608 accipiunt,
1797 3542 2039 3596 eamdem

452 3626 722 3680 subituros
747 3641 868 3682 esse
895 3643 1129 3696 pmnam,
1163 3645 1320 3697 quam
1353 3630 1385 3682 ii
1409 3631 1496 3699 qui
1526 3630 1794 3684 Christum
1824 3633 2038 3687 occide-

453 3727 603 3781 runt;
638 3731 822 3770 rursus
862 3717 930 3771 ad
973 3720 1302 3786 propositum
1337 3731 1706 3789 argumentum
1735 3737 2038 3777 sermonem

453 3811 638 3878 refert,
667 3811 850 3865 dicens
879 3828 893 3864 :
925 3809 1108 3881 Itaque
1137 3812 1344 3881 fratres,
1369 3829 1482 3866 cum
1509 3815 1780 3868 convenitis
1807 3816 1875 3868 ad
1896 3833 2042 3870 manu

451 3902 760 3969 durandum,
774 3903 982 3957 inuicem
999 3913 1302 3973 exspectate.
1319 3905 1379 3958 Si
1394 3906 1502 3971 quis
1523 3915 1690 3959 autem
1708 3909 1884 3970 esurit,
1903 3909 2041 3962 domi

454 3995 741 4059 manducet,
756 4007 811 4048 ut
829 4013 926 4049 non
949 3997 1002 4049 in
1018 3998 1273 4065 judicium
1295 3999 1682 4072 conveniatis(1.
1703 4001 1827 4056 Cor.
1852 4004 1936 4056 11.
1957 4003 2045 4068 55,

453 4085 711 4155 34).Vide
737 4087 1004 4155 quomodo
1032 4088 1257 4141 latenter
1282 4090 1441 4142 etiam
1481 4093 1822 4146 voracitatem
1855 4109 2039 4147 eorum

454 4182 693 4232 damnet.
716 4178 832 4232 Non
860 4179 1024 4243 dixit,
1048 4179 1102 4232 Si
1131 4181 1368 4244 csuritis,
1401 4183 1515 4247 sed,
1551 4185 1612 4237 Si
1638 4185 1752 4252 quis
1778 4187 1953 4249 esurit,
1985 4194 2042 4238 ut

451 4269 678 4340 quisque
703 4279 846 4323 metu
875 4279 928 4323 et
954 4270 1156 4338 pudore
1185 4271 1396 4340 ductus,
1429 4288 1496 4326 ne
1518 4289 1641 4327 reus
1667 4274 1770 4329 hoc
1801 4277 1852 4329 in
1877 4293 2040 4345 nego-

412 4429 425 4442 .
457 4363 532 4416 tio
587 4359 845 4429 videatur,
897 4377 1017 4416 sese
1062 4362 1350 4417 emendare
1404 4377 1758 4435 praeoccupet.
1789 4369 1961 4436 Atque
2008 4385 2038 4422 a

454 4461 598 4509 metu
627 4456 868 4524 supplicii
896 4470 1200 4511 sermonem
1223 4457 1493 4512 concludit
1516 4457 1700 4514 dicens
1726 4478 1738 4513 :
1767 4459 1832 4514 Ut
1863 4477 1962 4514 non
1987 4462 2038 4514 in

1174 309 1236 366 S.
1271 304 1548 365 JOANNIS
1581 294 2058 361 CHRYSOSTOMI
2096 292 2411 352 ARCHIEP.
2451 293 2983 353 CONSTANTINOP.

3631 296 3732 352 ξω

2134 409 2393 479 judicium
2416 413 2743 478 conveniatis,
2778 411 2830 466 id
2859 419 2959 478 est,
2989 411 3042 466 in
3065 411 3572 467 condemnationem
3595 422 3658 467 et
3683 414 3732 467 in

2139 503 2510 573 approbrium.
2542 503 2657 558 Non
2687 513 2773 559 est
2800 505 2944 558 enim
2966 503 3136 568 cibus,
3165 502 3356 573 inquit,
3382 519 3559 574 neque
3575 519 3731 559 metu

2139 610 2219 662 sa,
2248 611 2366 664 qua:
2393 611 2514 650 cum
2546 596 2752 666 pudore
2782 595 2959 650 fratris
2978 637 2995 662 ,
3018 611 3138 651 cum
3169 596 3427 666 deSpectu
3462 597 3734 659 ecclesiae.

2139 695 2196 740 et
2227 701 2348 740 cum
2387 695 2532 741 tanta
2559 687 2850 742 voracitate
2880 689 2964 742 vel
3001 687 3412 756 intemperantia
3445 687 3737 756 conjuncta

2141 787 2243 831 est.
2271 777 2395 831 Hazc
2423 793 2528 832 non
2568 789 2691 832 sunt
2728 779 2929 840 laetitia.
2955 778 3050 834 sed
3093 778 3412 848 supplicium
3459 788 3511 834 et
3552 794 3736 850 pinna.

2139 867 2381 938 Magnam
2426 871 2567 924 enim
2602 871 2757 925 vobis
2792 871 3064 926 attrahitis
3094 871 3354 926 ultionem
3385 871 3512 926 dum
3541 871 3738 928 fratres

2141 961 2461 1016 contumelia
2485 961 2719 1029 afficitis,
2741 963 3022 1018 ecclesiam
3063 963 3425 1028 contemnitis,
3462 973 3737 1019 sanctum-

2141 1066 2246 1122 que
2272 1051 2420 1106 illum
2448 1053 2622 1108 locum
2651 1053 2918 1123 propriam
2945 1054 3164 1108 domum
3190 1052 3388 1119 facitis,
3413 1054 3628 1124 quando
3656 1058 3735 1109 ci-

2141 1144 2268 1198 bum
2305 1159 2550 1200 seorsum
2579 1145 2810 1200 sumitis.
2855 1145 2948 1200 His
3001 1154 3058 1199 et
3098 1160 3194 1200 vos
3239 1144 3458 1212 auditis,
3514 1143 3734 1212 fratres,

2144 1237 2388 1292 obturate
2418 1252 2512 1291 ora
2548 1253 2759 1300 eorum,
2789 1237 2878 1307 qui
2907 1237 3202 1307 apostolico
3220 1237 3367 1292 dicto
3383 1237 3736 1308 doctrinaque

2145 1333 2343 1381 temere
2375 1337 2624 1393 utuntur;
2653 1329 2912 1398 corripite
2936 1341 3053 1392 eos,
3083 1328 3176 1396 qui
3204 1328 3257 1382 in
3280 1343 3437 1382 suum
3466 1328 3732 1383 aliorum-

2143 1431 2246 1486 que
2267 1417 2519 1472 damnum
2548 1418 2840 1487 Scriptnris
2866 1427 3102 1472 utuntur.
3129 1417 3309 1472 Nostis
3336 1419 3479 1473 enim
3510 1418 3577 1474 de
3598 1435 3734 1490 qua-

2144 1524 2266 1563 nam
2293 1525 2352 1565 re
2372 1514 2477 1567 hoc
2507 1509 2644 1565 dicat
2681 1526 2695 1562 :
2733 1509 2943 1581 Oportet
2981 1519 3150 1566 autem
3185 1521 3233 1565 et
3283 1512 3495 1566 hereses
3528 1528 3636 1566 esse
3677 1513 3735 1566 in

2142 1601 2298 1668 vobis,
2323 1616 2516 1670 nempe
2539 1601 2606 1656 de
2626 1602 2849 1657 dissidio
2877 1603 3018 1658 circa
3047 1617 3287 1657 mensam
3317 1603 3521 1658 oboriri
3545 1604 3726 1670 solito,

2142 1694 2570 1764 quandoquidem
2610 1694 2755 1749 Alius
2791 1696 2992 1764 quidem
3017 1696 3206 1761 esurit,
3237 1697 3372 1750 alius
3413 1713 3528 1751 vero
3565 1696 3732 1752 ebrius

2141 1800 2213 1842 est
2241 1790 2314 1858 (1.
2345 1788 2583 1842 Cor.11.
2607 1786 2722 1860 21).

2214 1880 2516 1934 Adlwrtatio
2559 1881 2628 1933 ad
2670 1897 2950 1950 pauperum
2988 1897 3187 1934 curam.
3212 1910 3282 1922 —-
3307 1882 3387 1936 Ac
3425 1895 3546 1936 cum
3586 1890 3729 1936 recta

2144 1974 2248 2029 fide
2278 1977 2397 2028 vita:
2419 1975 2679 2029 rationem
2705 1989 2825 2028 cum
2857 1974 3198 2045 dogmatibus
3226 1986 3609 2045 congruentem
3636 1989 3728 2029 ex-

2147 2065 2426 2121 hibeamus
2451 2107 2466 2132 ,
2506 2067 2734 2120 multam
2771 2080 2896 2136 erga
2946 2080 3213 2135 pauperes
3265 2065 3727 2130 benevolentiam,

2143 2159 2365 2213 multam
2413 2173 2703 2228 egenorum
2755 2173 2938 2213 curam
2985 2159 3374 2227 suscipiamus;
3407 2159 3727 2229 negotiatio-

2145 2266 2267 2306 nem
2297 2250 2628 2321 spiritualem
2665 2265 3038 2316 exerceamus,
3067 2249 3202 2304 nihil
3228 2251 3348 2320 plus
3380 2251 3728 2320 inquiramus,

2143 2358 2301 2412 quam
2343 2342 2635 2397 necessitas
2677 2343 2926 2410 postulet.
2961 2341 3052 2396 lite
3076 2351 3200 2394 sunt
3229 2341 3455 2406 divitiae,
3486 2341 3603 2396 lucc
3629 2358 3730 2396 ne-

2141 2433 2379 2502 gotiatio,
2425 2432 2512 2487 hic
2555 2431 2836 2487 thesaurus
2871 2431 3203 2498 indeficiens,
3231 2432 3276 2486 si
3319 2433 3500 2486 omnia
3553 2441 3729 2487 nostra

2144 2525 2197 2580 in
2239 2526 2432 2580 caelum
2470 2524 2887 2591 transferamus,
2919 2534 2975 2580 et
3013 2525 3156 2580 circa
3185 2525 3414 2596 depositi
3435 2525 3730 2580 custodiam

2144 2628 2289 2674 metu
2311 2619 2471 2673 soluti
2500 2616 2746 2672 fidamus.
2777 2617 2978 2688 Duplex
3022 2631 3251 2688 namque
3295 2633 3362 2674 ex
3396 2619 3732 2690 elcemOsyua

2144 2711 2297 2765 nobis
2323 2711 2528 2764 lucrum
2558 2708 2778 2764 accedet
2806 2725 2819 2760 :
2843 2708 2984 2778 quod
3006 2709 3213 2763 scilicet
3239 2724 3346 2762 non
3375 2709 3514 2763 ultra
3541 2709 3730 2763 timea—

2143 2818 2260 2856 mus
2290 2803 2432 2856 circa
2460 2802 2732 2871 depositas
2759 2801 3032 2870 pecunias,
3063 2817 3131 2855 ne
3161 2801 3306 2855 fures
3336 2811 3429 2855 aut
3459 2816 3732 2855 murorum

2143 2894 2450 2958 eiTossores,
2480 2901 2570 2946 aut
2613 2891 2927 2962 nequissimi
2970 2891 3110 2944 servi
3152 2891 3295 2960 ipsas
3340 2891 3730 2960 pessumdeut:

2143 2994 2198 3042 et
2233 2985 2376 3056 quod
2406 2985 2484 3040 sic
2511 2984 2768 3054 deposita:
2797 3000 2906 3038 non
2932 2993 3136 3038 temere
3160 2983 3385 3038 defossa:
3415 2984 3532 3038 sine
3560 2983 3733 3038 fructu

2138 3078 2381 3148 jaceaut;
2424 3077 2516 3132 sed
2575 3076 3022 3147 quemadmodum
3073 3077 3225 3130 radix
3280 3077 3332 3130 in
3382 3076 3569 3145 pingui
3620 3077 3734 3131 solo

2144 3172 2382 3242 plantata
2408 3186 2615 3226 annuos
2659 3172 3109 3239 tetupestivosque
3150 3169 3352 3224 fructus
3405 3168 3630 3238 profert,
3659 3169 3733 3224 sic

2143 3273 2198 3318 et
2228 3270 2507 3332 argentum
2536 3261 2589 3315 in
2619 3275 2911 3331 pauperum
2949 3260 3196 3314 manibus
3233 3260 3470 3322 insitum,
3505 3274 3610 3313 non
3639 3274 3733 3312 an-

2143 3370 2280 3409 nuos
2321 3354 2518 3418 solum,
2543 3353 2636 3406 sed
2678 3352 2838 3405 etiam
2879 3349 3218 3420 quotidianos
3251 3351 3556 3419 spirituales
3582 3352 3735 3404 nobis

2143 3445 2340 3502 referat
2369 3447 2590 3511 fructus,
2628 3442 2874 3498 fiduciam
2905 3459 3029 3512 erga
3061 3444 3247 3508 Deum,
3277 3451 3619 3511 peccatorum
3647 3458 3736 3496 ve-

2145 3539 2308 3601 niam,
2337 3553 2458 3592 cnnt
2509 3536 2714 3605 angelis
2737 3535 3203 3604 propinquitatem,
3233 3535 3615 3589 conscientiam
3641 3535 3735 3590 ho-

2144 3647 2288 3692 nam,
2321 3631 2558 3683 lmtitiam
2597 3629 2892 3696 spiritualis
2935 3628 3330 3691 exsultationis,
3360 3643 3510 3697 spem
3534 3627 3735 3697 pudore

2144 3739 2384 3786 vacuam,
2443 3722 2704 3776 mirabilia
2761 3722 2917 3785 bona,
2963 3737 3081 3790 qua:
3135 3722 3451 3790 praeparavit
3483 3721 3624 3774 Deus
3666 3720 3734 3773 ti-

2144 3816 2412 3869 mentibus
2453 3829 2530 3877 se,
2564 3813 2732 3881 iisque
2776 3813 2866 3880 qui
2915 3811 3136 3865 ferventi
3187 3811 3503 3880 ardentique
3555 3812 3738 3864 animo

2145 3907 2423 3975 requirunt
2475 3904 2897 3957 misericordiam
2947 3902 3209 3955 adventus
3251 3903 3384 3970 ejus.
3426 3901 3596 3967 Quam
3640 3917 3738 3955 nos

2145 4011 2332 4050 omnes
2355 4037 2369 4059 ,
2401 3997 2498 4049 hac
2529 3997 2632 4048 vita
2674 3993 2968 4048 secundum
2998 3993 3250 4062 placitum
3288 3991 3406 4060 ejus
3448 4001 3734 4055 transacta,

2145 4090 2355 4158 assequi
2383 4088 2675 4157 contingat,
2708 4102 2935 4140 necnon
2965 4096 3224 4140 mternnm
3254 4100 3438 4139 eorum
3467 4085 3557 4153 qui
3586 4084 3735 4138 salu—

2148 4192 2252 4237 tem
2275 4193 2698 4250 consequuntur,
2730 4178 3002 4248 gaudium,
3029 4179 3198 4247 gratia
3225 4187 3277 4230 et
3305 4176 3740 4230 miserationibus

2145 4275 2257 4330 veri
2293 4275 2384 4328 Dei
2413 4285 2467 4328 et
2494 4273 2792 4328 Salvatoris
2830 4273 2997 4325 nostri
3046 4271 3175 4326 Jesu
3213 4271 3432 4335 Christi,
3456 4273 3544 4324 cui
3569 4271 3737 4340 gloria

2145 4378 2198 4423 ct
2220 4366 2500 4436 imperium
2531 4380 2652 4418 cum
2700 4364 2856 4418 Patre
2901 4363 3121 4434 ejusque
3165 4362 3508 4417 sanctissimo
3539 4362 3738 4432 Spiritu

2148 4462 2201 4515 in
2227 4459 2421 4515 saacula
2450 4457 2791 4513 saeculorum.
2826 4457 3018 4510 Amen.

1426 4744 1502 4750 _.H
1519 4744 1532 4749 θ
1551 4743 1558 4748 ι
1573 4742 1619 4747 _‘_
1635 4743 1660 4746 _
1741 4736 1867 4748 -.ἑή-Λ
1909 4734 1915 4739 .
1990 4735 1998 4739 .
2036 4734 2046 4740 .
2083 4737 2140 4741 ____,
2187 4737 2194 4740 Α
2275 4735 2282 4739 .
2327 4726 3587 4741 ________.~—.—-—_——~.—-———-——.—————-‘—
3629 4724 3652 4730 "

465 4729 3702 4782 μδΜ-,ά-ΜΜ

1902 4994 2283 5057 MONITUM

516 5216 768 5273 Soaunes
801 5213 1249 5282 Chrysostomus,
1283 5210 1376 5281 qui
1403 5226 1510 5265 non
1544 5208 1711 5264 semel
1750 5223 1814 5263 ex
1863 5216 2105 5276 tempore
2137 5203 2496 5258 concionatus
2533 5209 2650 5265 est,
2687 5198 2829 5253 hanc
2873 5196 3066 5252 habuit
3109 5195 3386 5252 homiliam
3424 5193 3716 5250 occasione

3744 5248 3753 5300 ι

461 5333 836 5392 mendicorum
866 5341 922 5387 et
951 5342 1273 5401 egenorum,
1303 5341 1444 5396 quos
1485 5325 1685 5379 hiemis
1718 5331 1961 5393 tempore
1987 5322 2252 5391 jacentes,
2275 5334 2398 5373 cum
2428 5333 2521 5386 per
2549 5315 2724 5368 forum
2751 5323 2805 5368 et
2826 5313 3146 5384 angiportus
3177 5311 3242 5364 ad
3269 5310 3557 5365 ecclesiam
3595 5319 3719 5377 per-

459 5458 632 5520 geret,
673 5451 974 5518 repererat.
1015 5443 1173 5498 Hunc
1227 5439 1294 5494 ad
1346 5435 1781 5493 concionandum
1833 5442 2174 5503 apparatum,
2217 5431 2345 5485 dum
2385 5432 2487 5485 iter
2521 5427 2742 5493 faceret,
2787 5426 3118 5481 adornavit:
3155 5434 3208 5479 et
3237 5424 3378 5478 hanc
3420 5423 3720 5494 elegantem

465 5561 790 5618 concionem
827 5560 895 5614 de
924 5557 1270 5627 eleemosyna
1307 5549 1768 5622 αὑτοσχεδιαστὴς
1797 5557 1980 5605 orator
2010 5549 2405 5618 pronuntiavit.
2438 5545 2568 5599 Eam
2604 5559 2769 5614 porro
2813 5542 3114 5596 Antiochia:
3143 5541 3386 5596 habitam
3435 5538 3606 5593 fuisse
3640 5540 3718 5591 in-

465 5675 634 5742 dicat,
665 5691 774 5731 non
805 5675 968 5729 modo
996 5690 1118 5730 cum
1157 5675 1250 5741 ait,
1293 5693 1350 5730 se
1381 5689 1477 5745 per
1511 5673 1686 5729 forum
1714 5681 1765 5727 et
1795 5671 2037 5741 angiporl

2166 5669 2254 5722 διὰ
2285 5670 2381 5738 τῆς
2413 5667 2619 5736 ἀγορᾶς
2657 5667 2753 5720 καὶ
2795 5664 2904 5717 τῶν
2943 5661 3266 5727 στενωπῶν,
3311 5647 3595 5715 ecclesiam
3633 5674 3719 5727 pe-

473 5785 624 5840 tiisse
656 5805 668 5839 :
702 5803 877 5858 neque
910 5789 1054 5841 enim
1086 5805 1210 5842 cum
1237 5791 1527 5860 episcopus
1551 5790 2189 5859 Constantinopolitauus
2225 5797 2361 5856 erat,
2401 5796 2507 5842 tam
2541 5786 2732 5856 procul
2779 5783 3007 5839 ecclesia
3037 5782 3295 5852 degebat;
3347 5778 3441 5834 sed
3483 5777 3636 5833 etiam
3671 5783 3735 5844 et
