4006 6490
246 514 571 588 κατηγορία,
598 514 691 569 καὶ
719 513 863 585 μάλα
878 515 1120 579 εἰκότως,
1141 515 1227 568 ἵνα
1254 515 1328 586 μὴ
1355 514 1832 586 ἀναισχυντότεροι

242 599 530 668 γένωνται.
560 596 750 668 Πρὶνῆ
785 595 884 668 μὲν
908 597 1018 668 γὰρ
1046 595 1324 661 ἀποδεῖξαι
1362 596 1425 649 τὸ
1458 598 1691 668 πρᾶγμα
1708 596 1833 650 ἀτο-

243 698 371 743 πον,
422 680 839 751 ἀπηρτισμένην
868 679 1128 750 ἐξήνεγκε
1180 679 1281 750 τὴν
1309 679 1604 748 ἀπόφασιν,
1638 676 1828 732 εἰπών’

252 762 441 818 Τοῦτο
464 761 533 814 δὲ
562 762 997 832 παραγγέλλων
1024 763 1135 816 οὐκ
1160 762 1403 815 ἐπαινῶο
1425 764 1515 815 ὅτε
1547 762 1604 814 δέ
1622 761 1833 815 ἀπέδει-

246 844 340 909 ξεν
372 842 615 915 ἀκριϐῶς
637 843 847 897 πολλῶν
863 843 1023 907 ὄντας
1050 843 1411 915 ἐγκλημάτων
1432 843 1636 908 ἀξίους,
1674 844 1830 913 ὑφει-

247 928 392 1001 μένῃ
432 927 697 999 κέχρηται
722 930 790 998 τῇ
826 927 1070 999 διαϐολῇ,
1105 930 1170 999 τῇ
1198 928 1307 981 τῶν
1334 928 1641 997 εἰρημένων
1666 943 1833 980 κατα-

247 1012 419 1080 σκευῇ
452 1012 545 1063 καὶ
597 1010 867 1075 ἀποδείξει
894 1010 955 1062 τὸ
1002 1010 1358 1082 σφοδρότερον
1384 1011 1481 1080 τῆς
1500 1010 1837 1081 κατηγορίας

250 1092 414 1161 ἀφεὶς
445 1093 848 1148 ἐναποκεῖσθαι.
876 1086 1011 1146 Εἶτα
1034 1093 1126 1145 ἐπὶ
1149 1092 1246 1164 τὴν
1271 1091 1537 1164 μυστικὴν
1560 1090 1837 1164 τράπεζαν

249 1175 440 1243 ἐξάγει
467 1176 558 1229 τὸν
589 1175 768 1244 λόγον,
795 1175 1058 1246 μειζόνως
1093 1176 1289 1240 αὐτοὺς
1314 1174 1551 1246 φοϐῆσαι
1580 1175 1839 1246 βουλόμε-

250 1277 366 1324 νος.
412 1259 552 1330 Ἐγὼ
581 1259 713 1328 τὰρ,
737 1259 890 1328 φησὶ,
939 1256 1282 1327 παρέλαϐον
1313 1258 1431 1312 ἀπὸ
1462 1259 1568 1313 τοῦ
1593 1260 1835 1326 Κυρίου,

249 1344 288 1398 ὃ
320 1344 418 1398 καὶ
457 1342 769 1411 παρέδωκα
795 1341 959 1410 ὑμῖν.
1002 1342 1140 1396 Ποία
1168 1341 1457 1395 ἀκολουθία
1498 1342 1674 1411 αῦτης
1704 1341 1839 1413 Περὶ

253 1426 484 1498 ἀρίστου
521 1425 741 1497 διαλέγῃ
771 1424 974 1490 κοινοῦ,
997 1426 1092 1479 καὶ
1135 1427 1449 1497 μυστηρίων
1476 1424 1720 1497 φρικτῶν
1744 1424 1841 1495 μέ-

252 1525 492 1580 μνησαι;
537 1509 662 1575 Ναὶ,
715 1508 899 1578 φησίν.
934 1510 996 1562 El
1023 1508 1130 1578 γὰρ
1152 1507 1221 1561 τὰ
1249 1508 1594 1579 πνευματικὰ
1637 1510 1837 1574 ἐκεῖνα,

254 1592 436 1664 είγὰρ
468 1594 499 1663 ή
532 1589 779 1664 τράπεζα
808 1593 842 1661 ἡ
874 1590 1151 1662 φρικώδης
1185 1591 1339 1662 κοινὴ
1371 1593 1504 1645 πᾶσι
1533 1592 1837 1664 πρόκειται,

256 1677 354 1729 καὶ
376 1675 615 1747 πλουσίῳ
639 1675 734 1729 καί¹
777 1676 992 1746 πένητι,
1023 1676 1117 1728 καὶ
1150 1676 1269 1746 οὐχὶ¹
1296 1676 1675 1747 δαψιλέστερον
1701 1677 1840 1731 ἀπο-

256 1758 412 1812 λαύει
439 1758 642 1828 ταύτης
664 1760 693 1811 ό
723 1758 996 1825 πλούσιος,
1031 1758 1152 1811 οὐδὲ
1184 1759 1404 1813 ἔλαττον
1438 1762 1466 1813 ό
1495 1760 1685 1831 πένης,
1708 1760 1845 1816 ἀλλὰ

260 1844 363 1913 μία
395 1843 552 1912 τιμὴ,
582 1843 675 1896 καὶ
702 1842 964 1915 πρόσοδος
1003 1842 1120 1912 μία·
1155 1843 1249 1896 καὶ
1274 1843 1380 1907 ἐως
1408 1844 1474 1897 ἂν
1507 1844 1707 1908 πάντες
1747 1861 1846 1915 με-

256 1924 508 1994 τασχῶσι
535 1926 629 1979 καὶ
658 1924 1145 1994 κοινωνήσωσιτῆς
1174 1926 1550 1996 πνευματικῆς
1578 1926 1671 1980 καὶ
1697 1928 1846 1999 ἱερᾶς

258 2008 467 2079 ταύτης
495 2008 792 2081 τραπέζης,
812 2008 873 2062 οὐ
899 2008 1329 2062 συστέλλεταιτά
1355 2009 1713 2080 προκείμενα,
1731 2009 1845 2062 ἀλλ’

260 2092 559 2161 ἑστήκασιν
588 2094 635 2145 οί
665 2094 828 2164 ἱερεῖς
851 2091 1087 2155 ἅπαντες
1104 2134 1118 2158 ,
1137 2092 1338 2145 καὶτὸν
1356 2092 1573 2146 πάντων
1601 2092 1849 2146 πενέστε-

262 2189 362 2245 ρον
388 2176 482 2228 καὶ
510 2175 887 2247 εὐτελέστερον
908 2176 1286 2246 ἀναμένοντες·
1317 2175 1497 2246 πολλῷ
1531 2176 1728 2247 μᾶλλον
1755 2175 1849 2228 ἐπὶ

261 2258 368 2327 τῆς
400 2258 663 2329 αἰσθητῆς
685 2258 843 2312 τοῦτο
875 2258 982 2330 χρὴ
1017 2262 1210 2313 ποιεῖν.
1250 2259 1349 2313 Διά
1387 2258 1544 2312 τοῦτο
1571 2259 1848 2331 ἐμνήσθην

262 2340 477 2394 ἐκείνου
497 2342 589 2395 τοῦ
618 2343 882 2414 κυριακοῦ
916 2343 1153 2397 δείπνου.
1192 2342 1339 2413 Ἐγὼ
1368 2344 1478 2413 γὰρ
1509 2343 1851 2412 παρέλαϐον

261 2423 388 2478 ἀπὸ
439 2425 544 2480 τοῦ
572 2426 815 2494 Κυρίου,
859 2425 892 2480 ὃ
941 2427 1040 2480 καὶ
1085 2426 1404 2495 παρέδωκα
1451 2427 1623 2497 ὑμῖν,
1671 2427 1763 2482 ὅτι
1817 2430 1851 2482 ό

266 2503 491 2574 Κύριος
557 2508 790 2577 Ἰησοῦς
838 2510 908 2563 ἐν
972 2508 1044 2578 τῇ
1108 2509 1298 2573 νυκτί,
1360 2503 1402 2581 ᾗ
1467 2510 1848 2578 παρεδίδοτο,

262 2589 487 2644 ἐλαϐεν
529 2588 742 2658 ἄρτον,
790 2593 887 2647 καὶ
956 2591 1406 2662 εὐχαριστήσας
1450 2592 1677 2647 ἐκλασε
1697 2634 1710 2659 ,
1752 2593 1852 2647 καὶ

264 2669 423 2726 εἷπε·
464 2673 647 2729 Τοῦτό
684 2676 802 2744 μού
870 2676 997 2732 ἐστι
1048 2675 1114 2728 τὸ
1169 2674 1323 2748 [247]
1364 2675 1537 2745 σῶμα
1581 2676 1648 2729 τό
1697 2675 1853 2745 ὑπὲρ

265 2755 520 2809 πολλῶν
543 2756 850 2827 κλῶμεν-ον
904 2761 992 2825 είς
1038 2758 1260 2827 ἄφεσιν
1295 2758 1608 2830 ἁμαρτιῶν.
1670 2759 1852 2814 Τοῦτο

266 2837 494 2892 ποιεῖτε
522 2841 610 2905 εις
654 2840 770 2909 τὴν
795 2840 952 2910 ἐμὴν
994 2840 1358 2911 ἀνάμνησιν.
1419 2843 1715 2908 Ὡσαύτως
1755 2843 1855 2897 καὶ

268 2922 339 2973 τὸ
373 2921 662 2990 ποτήριον
679 2924 829 2993 μετὰ
854 2926 918 2977 τὸ
960 2924 1304 2993 δειπνῆσαι,
1331 2925 1542 2996 λέγων·
1583 2924 1763 2980 Τοῦτο
1786 2927 1853 2981 τὸ

267 3005 563 3074 ποτήριον
574 3008 612 3075 ἠ
629 3006 805 3073 καινὴ
828 3007 1085 3077 διαθήκη
1111 3008 1286 3063 ἐστὶν
1306 3009 1375 3061 ἐν
1388 3008 1468 3074 τῷ
1493 3007 1612 3079 ἐμῷ
1631 3011 1850 3079 αἵματι.

342 3087 406 3142 ε’.
427 3086 560 3142 Εἶτα
593 3090 763 3143 πολλὰ
795 3091 1094 3163 διαλεχθεὶς
1119 3091 1247 3164 περὶ
1270 3090 1378 3145 τῶν
1410 3093 1643 3158 ἀναξίως
1665 3111 1857 3147 κοινω-

269 3171 511 3226 νούντων
537 3176 652 3237 τοῖς
677 3174 1013 3245 μυστηρίοις,
1047 3176 1142 3227 καὶ
1176 3174 1379 3246 σφόδρα
1413 3175 1589 3228 αὐτῶν
1617 3175 1861 3246 καθαψάο

276 3272 440 3328 μενος
472 3257 566 3310 καὶ
593 3257 888 3325 διελέγξας,
923 3258 1140 3321 διδάξας
1166 3276 1225 3310 τε
1245 3259 1328 3311 ὅτι
1366 3262 1479 3324 τοῖς
1501 3261 1590 3315 τὸν
1624 3261 1859 3332 Χριστὸν

273 3339 631 3393 ἀποκτείνασι
672 3342 769 3412 τὴν
799 3342 969 3411 αὐτὴν
1000 3341 1396 3411 ὑποστήσονται
1426 3344 1695 3414 τιμωρίαν
1717 3334 1766 3396 οἱ
1801 3344 1862 3398 τὸ

274 3416 420 3492 αἷμα
460 3422 624 3476 αὐτοῦ
657 3425 749 3476 καὶ
777 3424 835 3477 τὸ
852 3423 1012 3495 σῶμα
1034 3423 1218 3487 ἁπλῶς
1246 3426 1339 3478 καὶ
1363 3424 1439 3489 ὼς
1463 3426 1620 3496 ἔτυχε
1649 3427 1862 3496 λαμϐά-

272 3521 482 3567 νοντες,
513 3504 675 3558 πάλιν
704 3506 785 3569 είς
812 3505 908 3576 τὴν
928 3507 1297 3578 προκειμένην
1319 3507 1574 3561 ὑπόθεσιν
1594 3509 1683 3561 τὸν
1707 3510 1861 3577 λόγον

274 3586 567 3656 ἐξήγαγεν,
620 3587 809 3642 εἰπών·
866 3589 1065 3655 Ὥστε,
1111 3589 1383 3658 ἀδελφοὶ,
1433 3593 1862 3660 συνερχόμενοι

276 3673 367 3734 εὶς
399 3669 466 3721 τὸ
522 3671 755 3740 φαγεῖν,
796 3670 1112 3737 ἀλλήλους
1167 3671 1509 3742 ἐκδέχεσθε.
1555 3676 1622 3726 El
1658 3673 1724 3727 δέ
1773 3692 1863 3740 τις

273 3749 478 3819 πεινᾷ,
505 3752 574 3805 ἐν
598 3753 741 3817 οἴκῳ
768 3753 1033 3818 ἐσθιέτω,
1071 3754 1172 3807 ἵνα
1196 3753 1282 3823 μὴ
1303 3757 1390 3821 εἰς
1424 3756 1599 3824 κρίμα
1647 3758 1863 3826 συνέρ-

275 3838 493 3906 χησθε.
526 3837 667 3908 Ὅρα
700 3836 816 3900 πῶς
860 3836 1230 3900 λανθανόντως
1270 3838 1365 3889 καὶ
1393 3838 1727 3909 λαιμαργίαν
1766 3841 1863 3893 αύ-

278 3918 392 3973 τῶν
416 3919 685 3989 κατέγνω,
721 3922 814 3997 καὶ
842 3923 943 3974 οὐκ
971 3917 1146 3986 εἶπεν,
1174 3922 1235 3973 Et
1270 3921 1325 3974 δὲ
1352 3926 1594 3986 πεινᾶτε,
1636 3924 1774 3991 ἀλλ’,
1799 3927 1867 3977 El

274 4001 352 4056 δέ
384 4019 473 4068 τις
491 4002 688 4072 πεινᾷ,
714 4004 799 4056 ἵνα
826 4004 1056 4069 ἕκαστος
1090 4006 1475 4076 αἰσχυνόμενος
1507 4006 1666 4070 αὐτὸς
1698 4007 1865 4060 ὑπεύ-

279 4087 442 4150 θυνος
456 4089 691 4159 φανῆναι
711 4091 821 4153 τοῖς
838 4091 1162 4162 ἐγκλήμασι,
1184 4089 1472 4162 προλαϐὼν
1486 4090 1864 4163 διορθώσηται.

280 4173 398 4226 Καὶ
441 4174 520 4240 είς
576 4174 848 4240 κολάσεως
891 4174 947 4227 δὲ
981 4174 1144 4242 φόϐον
1167 4174 1257 4228 τὸν
1298 4173 1453 4241 λόγον
1499 4173 1865 4241 κατέκλεισεν,

1338 382 1424 442 DE
1465 384 1952 444 ELEEMOSYNA.
1993 415 2064 427 --
2099 383 2462 442 MONITUM.

3403 387 3513 447 260

1932 508 2122 564 εἰπών·
2150 510 2285 564 Ἵνα
2321 507 2410 579 μὴ
2444 508 2741 577 εις-κρίμα
2768 506 3168 578 συνέρχησθε,
3220 510 3517 567 τουτέστιν.

1934 597 2015 659 είς
2039 593 2360 665 κατάκριμα
2374 593 2466 646 καὶ
2494 593 2575 656 είς
2598 591 2922 662 ὀνειδισμόν.
2948 592 3023 645 Οὐ
3055 591 3159 663 γάρ
3176 593 3293 645 ἐστι
3319 597 3518 667 τροφὴ,

1935 679 2120 750 φησὶν,
2139 678 2261 731 οὐδὲ
2291 675 2538 748 τράπεζα
2566 677 2600 747 ή
2637 674 2775 746 μετά
2805 673 3067 747 αἰσχύνης
3094 674 3187 728 τοῦ
3213 675 3465 747 ἀδελφοῦ,
3485 681 3522 752 ή

1939 761 2080 832 μετὰ
2106 760 2565 831 καταφρονήσεως
2584 759 2685 828 τῆς
2711 759 3027 831 ἐκκλησίας,
3053 761 3086 828 ή
3130 760 3268 828 μετὰ
3286 760 3522 835 λαιμαρ-

1935 844 2061 913 γίας
2091 843 2123 914 ἢ
2149 843 2388 906 ἀσωτίας
2417 843 2697 912 γινομένη.
2748 843 2865 895 Οὐκ
2891 842 3037 896 ἐστιν
3068 843 3371 914 εὐφροσύνη
3392 845 3522 900 ταῦ-

1933 944 2025 985 τα,
2070 926 2208 979 ἀλλά
2250 926 2486 1011 κόλασις-
2505 925 2605 1011 καὶΔ
2637 926 2915 1011 τιμωρίαι
2938 926 3213 1011 *Μεγάλην
3234 929 3364 1011 Αγάρ
3398 922 3568 1011 ἐπι-ξ

1938 1010 2147 1063 σπᾶσθε
2168 1008 2289 1064 καθ’
2315 1008 2527 1063 ἑαυτῶν
2556 1008 2712 1080 δίκην
2747 1009 2874 1073 τοὺς
2895 1009 3159 1079 ἀδελφοὺς
3184 998 3519 1081 ὑϐρίζοντες,
3543 998 3601 1031 ’⁸

1936 1095 2038 1165 τῆς
2069 1095 2364 1165 ἐκκλησίας
2410 1093 2898 1166 καταφρονοῦντες,
2923 1094 3101 1147 οίκίαν
3131 1093 3403 1166 ἰδιωτικὴν
3430 1097 3523 1149 τὸν

1940 1177 2095 1246 ἆγιον
2139 1178 2301 1231 τόπον
2345 1176 2625 1240 ποιοῦντες
2644 1177 2731 1230 διὰ
2765 1178 2827 1231 τὸ
2875 1177 2997 1232 καθ’
3038 1179 3265 1242 ἑαυτοὺς
3299 1177 3519 1233 ἐσθίειν.

1941 1261 2127 1315 Ταῦτα
2143 1261 2237 1314 καὶ
2265 1261 2421 1332 ὑμεῖς
2442 1259 2795 1324 ἀκούσαντες,
2817 1259 3110 1331 ἀγαπητοὶ,
3142 1259 3524 1331 ἐπιστομίζετε

1940 1344 2066 1406 τοὺς
2101 1342 2286 1406 ἁπλῶς
2314 1345 2380 1412 τῇ
2431 1342 2761 1415 ἀποστολικῇ
2798 1342 3170 1413 κεχρημένους
3222 1343 3377 1413 ῥήσει
3425 1343 3523 1401 καὶ

1940 1426 2278 1496 διδασκαλία*
2317 1425 2592 1498 διορθοῦτε
2623 1428 2751 1491 τοὺς
2780 1428 2873 1479 ἐπὶ
2896 1426 3067 1497 βλάϐῃ
3094 1429 3159 1496 τῇ
3187 1426 3395 1480 ἑαυτῶν
3427 1427 3525 1480 καὶ

1940 1512 2008 1581 τῇ
2036 1510 2235 1578 ἐτέρων
2263 1512 2380 1572 ταῖς
2409 1510 2650 1581 Γραφαῖς
2688 1510 3084 1580 κεχρημένους.
3127 1509 3369 1578 Ἔγνωτε
3415 1509 3527 1579 γὰρ

1944 1594 2074 1664 περὶ
2112 1593 2256 1657 τίνος
2299 1593 2435 1665 φησὶ
2462 1594 2542 1661 τὸ,
2591 1592 2695 1647 Δεῖ
2742 1592 2810 1646 δὲ
2840 1593 2939 1647 καὶ
2968 1591 3231 1662 αἱρέσεις
3255 1588 3407 1646 εἶναι
3455 1592 3527 1646 ἐν

1943 1675 2107 1746 ὑμῖν,
2153 1676 2281 1748 περὶ
2311 1677 2408 1746 τῆς
2450 1676 2796 1747 διχοστασίας
2829 1676 2928 1746 τῆς
2974 1676 3032 1729 ἐν
3071 1677 3194 1738 ταῖς
3228 1674 3528 1746 τραπέζαις

1945 1760 2259 1831 γινομένης,
2293 1760 2483 1829 ἐπειδὴ
2524 1761 2586 1813 '0
2596 1760 2714 1829 μὲν
2738 1757 2935 1826 πεινᾷ,
2973 1763 3005 1812 ό
3033 1759 3102 1812 δὲ
3121 1759 3345 1829 μεθύει.
3596 1788 3605 1801 π
3634 1800 3643 1813 ς.

2018 1846 2128 1899 Καὶ
2161 1847 2301 1915 μετὰ
2326 1844 2425 1912 τῆς
2450 1843 2621 1915 ὀρθῆς
2652 1843 2890 1907 πίστεως
2926 1843 3022 1897 καὶ
3061 1844 3335 1898 πολιτείαν
3388 1859 3529 1913 συμ-

1947 1929 2232 1985 ϐαίνουσαν
2256 1931 2371 1991 τοῖς
2408 1927 2675 1998 δόγμασιν
2704 1925 3126 1996 ἐπιδειξιὶῳεθα,
3148 1925 3348 1997 πολλὴν
3401 1925 3531 1996 περὶ⁸

1946 2013 2072 2076 τοὺς
2104 2013 2343 2081 πένητας
2397 2009 2816 2081 φιλοφροσύνην,
2870 2008 3070 2080 πολλὴν
3103 2010 3244 2081 ὑπὲρ
3276 2007 3383 2062 τῶν
3412 2009 3532 2061 δεο-

1953 2096 2128 2167 μένων
2157 2094 2470 2164 ποιούμενοι
2502 2094 2780 2165 πρόνοιαν·
2833 2092 3101 2165 ἐμπορίαν
3154 2089 3533 2163 πνευματικὴν

1948 2175 2439 2250 ἐμπορευσώμεθα,
2473 2176 2637 2247 μηδὲν
2656 2174 2820 2229 πλέον
2839 2176 2940 2245 τῆς
2961 2174 3147 2245 χρείας
3164 2173 3529 2245 ἐπιζητῶμενε

1949 2260 2121 2313 Τοῦτο
2150 2259 2399 2325 πλοῦτος,
2428 2258 2585 2311 τοῦτο
2616 2257 2876 2329 ἐμπορία,
2902 2258 3059 2310 τοῦτο
3080 2256 3351 2328 θησαυρὸς
3374 2253 3531 2307 ἀνελ-

1949 2344 2132 2415 λιπὴς,
2162 2343 2223 2395 τὺ
2240 2343 2416 2397 πάντα
2443 2342 2513 2395 τά
2531 2341 2661 2397 ὄντα
2676 2343 2757 2405 είς
2783 2342 2876 2395 τὸν
2899 2340 3128 2413 οὐρανὸν
3162 2338 3532 2410 μετατιθέναι,

1951 2430 2045 2482 καὶ
2074 2427 2295 2498 θαρρεῖν
2313 2426 2498 2480 λοιπὸν
2522 2426 2661 2497 ὑπὲρ
2691 2427 2791 2496 τῆς
2831 2425 3077 2495 φυλακῆς
3092 2425 3202 2478 τῶν
3231 2421 3532 2493 ἀποκειμέ-

1950 2527 2080 2565 νων.
2102 2508 2333 2563 Διπλοῦν
2352 2507 2461 2581 γὰρ
2480 2510 2613 2579 ἡμῖν
2634 2508 2742 2561 ἀπὸ
2764 2508 2864 2579 τῆς
2894 2506 3264 2577 ἐλεημοσύνης
3291 2505 3441 2558 ἐσται
3471 2504 3536 2558 τὸ

1952 2594 2164 2666 κέρδος,
2197 2593 2280 2647 ὅτι
2320 2608 2377 2645 τε
2414 2591 2596 2645 οὐκέτι
2629 2590 2946 2663 δεδοίκαμεν
2969 2590 3109 2661 ὑπὲρ
3127 2590 3236 2644 τῶν
3262 2587 3536 2657 καταϐλη-

1953 2678 2154 2734 θέντων
2180 2677 2499 2749 χρημάτων,
2521 2676 2733 2747 μήποτε
2762 2675 2955 2746 λῃσταὶ
2981 2676 3075 2729 καὶ
3094 2673 3416 2746 τοιχωρύχοι
3437 2671 3536 2726 καὶ

1953 2759 2178 2815 οἰκετῶν
2205 2758 2511 2830 κακουργία
2542 2759 2681 2812 αὐτά
2707 2758 3038 2830 λυμήνηται,
3061 2759 3155 2811 καὶ
3178 2758 3260 2811 ὃτι
3305 2756 3537 2827 κείμενα

1954 2845 2053 2914 οὐχ
2090 2841 2275 2906 ἁπλῶς
2303 2841 2718 2912 κατορώρυκται
2753 2841 2996 2912 ἄκαρπω
3037 2841 3151 2894 ἀλλ’
3181 2839 3370 2911 ὥσπερ
3410 2837 3536 2910 ῥίζα

1955 2928 2014 2981 ἐν
2045 2925 2263 2996 λιπαρῷ
2287 2925 2614 2994 φυτευθεῖσα
2650 2926 2856 2994 χωρίῳ,
2883 2923 3005 2977 καθ’
3036 2924 3266 2978 ἕκαστον
3292 2921 3539 2977 ἐνιαυτὸν

1956 3008 2199 3080 ὠρίμους
2212 3009 2363 3079 φέρει
2376 3008 2501 3072 τοὺς
2516 3008 2780 3077 καρποὺς,
2792 3004 2933 3059 οὕτω
2957 3007 3050 3060 καὶ
3065 3005 3326 3078 ἀργύριον
3346 3004 3404 3060 ἐν
3419 3007 3538 3069 ταῖς

1957 3092 2064 3145 τῶν
2080 3095 2325 3161 πενήτων
2340 3091 2498 3161 χερσὶ
2520 3089 2879 3160 φυτευθὲν,οὺ
2900 3089 3021 3143 καθ’
3046 3089 3277 3143 ἕκαστον
3294 3086 3539 3143 ἐνιαυτὸν

1962 3175 2143 3246 μόνον,
2169 3175 2303 3228 ἀλλά
2340 3174 2434 3227 καὶ
2469 3174 2591 3227 καθ’
2627 3173 2864 3243 ἑκάστην
2893 3173 3109 3245 ἡμέραν
3136 3172 3542 3244 πνευματικοὺς

1961 3260 2091 3328 ἡμῖν
2119 3259 2272 3329 φέρει
2311 3259 2439 3320 τοὺς
2464 3258 2737 3330 καρποὺς,
2766 3256 3080 3328 παρρησίαν
3112 3257 3251 3327 πρὸς
3280 3256 3370 3309 τὸν
3384 3253 3539 3318 Θεὸν,

1963 3341 2376 3412 ἁμαρτημάτων
2413 3339 2780 3411 συγχώρησιν,
2816 3340 3062 3407 ἀγγέλων
3090 3337 3389 3407 ἐγγύτητα,
3417 3353 3540 3389 συν-

1963 3427 2101 3488 ειδὸς
2122 3424 2345 3493 ἀγαθὸν,
2377 3423 2716 3495 εὐφροσύνην
2744 3424 3117 3493 πνευματικῆς
3145 3421 3539 3490 ἀγαλλιάσεως,

1962 3507 2151 3561 ἐλπίδα
2182 3508 2640 3575 ἀκαταίσχυντον,
2671 3505 2740 3558 τὰ
2767 3504 3157 3576 θαυμαζόμενα
3182 3502 3542 3573 ἁγαθά,ἆπερ

1965 3588 2115 3663 [248]
2132 3589 2428 3660 ἡτοίμασεν
2442 3591 2471 3642 ὁ
2483 3589 2614 3652 Θεὸς
2630 3592 2739 3653 τοῖς
2754 3589 3040 3657 ἀγαπῶσιν
3057 3588 3239 3652 αὐτὸν,
3253 3587 3471 3649 καὶτοῖς
3485 3586 3544 3637 ἐν

1966 3674 2141 3743 θερμῇ
2168 3674 2261 3725 καὶ
2307 3671 2504 3743 ζεούσῃ
2538 3672 2682 3742 ψυχῇ
2717 3670 3005 3741 ἐκζητοῦσι
3033 3671 3094 3724 τὸ
3123 3670 3270 3733 ἔλεος
3289 3671 3389 3740 τῆς
3421 3669 3543 3722 ἐπι-

1967 3758 2191 3828 φανείας
2217 3756 2403 3810 αὐτοῦ·
2430 3752 2498 3827 ἧς
2524 3757 2731 3824 γένοιτο
2770 3756 2977 3818 πάντας
3003 3757 3153 3826 ἡμᾶς
3187 3755 3275 3808 τὸν
3304 3754 3545 3824 παρόντα

1970 3844 2081 3914 βίον
2097 3841 2402 3913 εὐαρέστως
2456 3840 2807 3904 διανύσαντας
2851 3842 3148 3909 ἐπιτυχεῖν,
3192 3838 3295 3907 τῆς
3327 3838 3546 3891 αἰωνίου

1966 3928 2074 3982 τῶν
2098 3925 2417 3994 σωζομένων
2442 3925 2638 3994 χαρᾶς,
2664 3925 2845 3993 χάριτι
2870 3924 2963 3975 καὶ
2988 3924 3291 3992 οἱκτιρμοῖς
3307 3919 3401 3973 τοῦ
3422 3920 3548 3990 ἀλη-

1969 4008 2114 4063 θινοῦ
2140 4007 2274 4061 Θεοῦ
2305 4009 2398 4060 καὶ
2426 4008 2675 4078 Σωτῆρος
2700 4007 2857 4076 ἡμῶν
2908 4005 3083 4074 Ἰησοῦ
3134 4003 3392 4075 Χριστοῦ,
3426 3996 3470 4071 ᾧ
3508 4005 3542 4072 ἡ

1968 4092 2097 4158 δόξα
2129 4091 2222 4144 καὶ
2252 4090 2312 4142 τὸ
2344 4092 2545 4160 κράτος
2597 4091 2692 4143 σὺν
2727 4088 2805 4159 τῷ
2834 4090 3009 4159 Πατρὶ
3052 4090 3145 4142 καὶ
3175 4086 3252 4157 τῷ
3298 4085 3549 4156 παναγίῳ

1970 4175 2134 4232 αὑτοῦ
2157 4175 2454 4245 Πνεύματι,
2477 4177 2554 4238 εἰς
2578 4175 2704 4238 τοὺς
2735 4174 2934 4237 αἰῶνας
2955 4172 3065 4227 τῶν
3093 4172 3322 4229 αἰώνων.
3353 4171 3549 4243 Ἀμήν.

1422 4758 2221 4769 ..-σου-,Μ
2238 4757 3349 4766 ν-Μ--ο-υ-αφ--ε--σ---Μ--σ-

309 4774 444 4786 -——
471 4765 1327 4784 --ῤ--Ὴ-“-
1465 4778 1478 4786 _
1500 4779 1515 4786 ,,
1535 4753 3566 4786 -,---,---ᾑ-.-.-ς---αῶ

1294 5091 1372 5151 IN
1416 5084 1838 5150 HOMILIAM
1885 5081 1991 5143 DE
2036 5079 2601 5141 ELEEMOSYNA.

314 5360 479 5431 longe
503 5354 729 5415 clarius,
760 5362 911 5404 num.
939 5345 994 5412 6,
1024 5344 1118 5399 ubi
1147 5341 1280 5398 dicit
1307 5358 1320 5394 :
1357 5337 1499 5394 Olim
1539 5350 1764 5405 namque
1795 5347 1914 5385 cum
1945 5330 2111 5400 fames
2148 5336 2316 5382 totum
2355 5327 2532 5382 orbem
2570 5328 2823 5381 invasura
2865 5338 3030 5395 esset,
3062 5328 3217 5398 hujus
3249 5326 3479 5381 ciuitatis
3503 5324 3580 5396 (id

316 5489 405 5536 est
429 5472 758 5536 Antiochiae,
786 5475 846 5522 ut
870 5466 1056 5521 videas
1084 5462 1199 5517 Act.
1237 5459 1321 5524 Η,
1346 5456 1435 5527 ’50)
1461 5455 1649 5509 incola:
1676 5447 2168 5520 Jerosolymitanis,
2200 5445 2384 5499 iisdem
2410 5444 2538 5514 ipsis
2570 5445 2633 5497 de
2655 5442 2846 5513 quibus
2871 5442 2990 5511 jam
3022 5455 3192 5495 sermo
3222 5438 3461 5501 habetur,
3490 5452 3582 5507 per

326 5594 631 5657 Barnabam
655 5601 704 5646 et
746 5586 967 5643 Saulum
999 5581 1246 5652 pecunias
1281 5578 1557 5631 miserunt.
1601 5571 1676 5626 Dc
1709 5586 1852 5625 anno
1888 5577 2068 5625 autem
2098 5565 2294 5621 habitae
2319 5562 2598 5619 concionis
2626 5560 2762 5616 nihil
2793 5557 3079 5614 dicendum
3115 5555 3378 5626 suppetit.

394 5727 906 5803 lnterpretationem
958 5721 1204 5777 Latinam
1263 5715 1457 5772 incerti
1512 5712 1798 5783 cujusdam
1847 5717 2036 5782 utpote
2094 5724 2202 5765 non
2258 5715 2566 5763 accuratam
2625 5700 2951 5771 rcjccimus,
3014 5710 3319 5766 novamque
3368 5690 3589 5765 paravi-

327 5873 471 5915 mus.
