4006 6422
488 490 1256 509 —-___—-———_—
1267 479 2008 501 ——--——-—-———_—-

1565 675 1828 766 ΠΕΡΙ
1882 669 2724 780 ΕΛΕΗΜΟΣΥΝΗΣ

481 869 886 947 ἐκφωνηθείς
916 870 985 926 ἐν
1013 867 1095 937 τῷ
1129 865 1402 938 παριέναι
1425 860 1614 918 αὐτὸν
1626 854 2074 931 χειμώνοςῶρᾳ,
2114 854 2213 910 καί
2247 854 2397 947 ἰδεῖν
2426 856 2570 924 τοὺς
2622 856 2890 926 πένητας
2910 855 3011 911 καί
3057 857 3336 928 πτωχοὺς
3404 855 3777 925 Mamuri—

1484 963 1630 1021 τους
1663 949 2053 1022 ἐρριμμένους
2085 948 2237 1004 κατὰ
2263 946 2382 1018 τὴν
2399 948 2646 1019 ἀγοράν.

549 1308 619 1357 α’.
635 1298 938 1372 Πρεσϐείαν
958 1298 1081 1352 τινὰ
1091 1298 1311 1353 δικαίαν
1330 1299 1424 1353 καὶ
1438 1297 1695 1367 λυσιτελῆ
1715 1299 1809 1352 καὶ
1826 1296 2071 1370 πρέπου-
2170 1296 2271 1370 λὴν
2294 1294 2390 1350 τοῦ
2411 1294 2737 1367 πράγματος
2764 1294 2999 1348 ποιεῖται
3026 1292 3127 1364 την
3153 1291 3416 1365 πρόνοιαν
3466 1285 3647 1356 οὗτος,
3683 1292 3774 1346 καὶ

481 1403 584 1441 σαν
627 1384 757 1456 ὑμῖν
789 1382 1024 1453 ἀνέστην
1055 1385 1416 1454 ποιησόμενος
1460 1382 1703 1452 τήμερον
1735 1380 1875 1453 πρὸς
1902 1380 2069 1453 ὑμᾶς·
2172 1382 2306 1453 ὅσην
2342 1380 2519 1443 οὐδεὶς
2542 1379 2752 1450 ἕτερος.
2783 1377 2887 1433 Διά
2911 1392 2995 1431 τοι
3018 1375 3326 1440 τοῦτοτοὺς
3355 1375 3613 1448 μαθητὰς
3640 1376 3773 1448 πρὸς

480 1470 669 1542 δτέρου
700 1467 799 1541 μὲν
818 1467 1052 1531 οὐδενὸς,
1075 1465 1184 1521 τῶν
1212 1466 1270 1520 δὲ
1292 1467 1392 1537 τὴν
1436 1464 1596 1518 πόλιν
1624 1463 1922 1519 οίκούντων
1936 1465 2076 1536 ἡμῖν
2173 1465 2267 1520 τὸν
2300 1463 2508 1536 Πέτρον
2537 1462 2867 1533 διελόμενος,
2896 1461 2997 1534 τὴν
3034 1460 3143 1515 τῶν
3175 1461 3427 1532 πενήτων
3455 1461 3518 1515 οὐ
3552 1459 3774 1515 διείλετο

482 1550 717 1623 πτωχῶν
757 1550 853 1606 ἐπὶ
883 1549 1090 1622 ταύτην
1123 1567 1192 1622 με
1223 1547 1743 1621 χειροτονησάντων,
1770 1547 1831 1601 οὐ
1860 1549 2074 1619 ῥήμασι
2177 1547 2536 1621 προστασίαν·
2573 1545 2688 1600 ἀλλ’
2714 1543 2916 1610 εἰπὼν,
2937 1544 3019 1599 δτι
3049 1542 3252 1611 Δεξιὰς
3280 1545 3513 1598 ἔδωκαν
3534 1543 3774 1614 ἐμοίκαι

484 1636 579 1691 καὶ
607 1634 923 1706 ψηφίσμασι
955 1633 1051 1689 καὶ
1088 1633 1275 1704 κοινῆς
1306 1632 1497 1704 γνώμη
1535 1631 1755 1704 βουλῆς,
1799 1630 1939 1686 ἀλλά
1984 1630 2077 1686 διὰ
2180 1631 2456 1702 Βαρνάϐᾳ
2474 1630 2812 1696 κοινωνίας,
2829 1629 2932 1683 ἵνα
2949 1626 3121 1698 ’ἡμεῖς
3140 1630 3229 1695 εις
3248 1627 3321 1683 τὰ
3336 1627 3775 1696 ἔθνη,αὑτοίδέ

483 1718 591 1773 τῶν
623 1717 911 1790 θεαμάτων
936 1715 1044 1772 τῶν
1072 1715 1324 1771 ἐλεεινῶν
1350 1716 1446 1770 καὶ
1473 1712 2079 1787 πικροτάτων.ῐῐαριὼν
2179 1719 2267 1784 εις
2279 1714 2392 1784 τὴν
2409 1712 2757 1784 περιτομὴν,
2770 1713 3261 1786 ἐπήγαγε,Μόνον
3280 1710 3399 1766 τῶν
3415 1711 3671 1782 πτωχῶν
3681 1713 3780 1766 ἵνα

485 1802 596 1874 γὰρ
621 1800 711 1855 διά
731 1801 833 1872 τῆς
857 1801 1066 1873 ἀγορᾶς
1090 1798 1186 1853 καὶ
1209 1798 1318 1853 τῶν
1348 1797 1661 1863 στενωπῶν,
1695 1798 1791 1853 καὶ
1814 1797 1955 1868 πρὸς
1978 1796 2083 1869 τὴν
2176 1796 2718 1872 μνημονεύωμεν-,δ
2735 1796 2834 1850 καὶ
2859 1794 3218 1874 ὲσπρύδασιι
3236 1794 3385 1849 αὐτὸ
3412 1793 3594 1850 τοῦτο
3621 1793 3776 1864 ποιῆ-

485 1873 761 1957 ὑμετέραν
816 1882 1031 1937 σύνοδον
1079 1880 1363 1947 σπεύδων,
1427 1876 1549 1935 εἶτα
1600 1880 1746 1953 όρῶν
1789 1881 1849 1935 ἑν
1896 1880 2082 1952 μέσοις
2182 1896 2309 1938 σαι.
2341 1881 2453 1937 Καὶ
2475 1880 2586 1952 7&9
2614 1877 2896 1950 πανταχοῦ
2922 1874 3033 1933 τῶν
3074 1873 3509 1932 Ἐπιστολῶντδν
3523 1881 3653 1952 περί
3666 1877 3786 1932 τού.

486 1968 748 2040 ἀμφόδοις
764 1967 1135 2041 ἐρριμμένους
1151 1965 1401 2029 πολλοὺς,
1418 1964 1649 2029 καὶτοὺς
1675 1963 2085 2036 “manu”;
2182 1983 2293 2022 των
2323 1966 2569 2036 εἰσφέρει
2614 1963 2796 2033 λόγον,
2846 1962 2941 2017 καὶ
2969 1961 3073 2015 οὐκ
3119 1960 3270 2015 ἔστιν
3311 1960 3494 2032 εὑρεῖν
3526 1961 3781 2032 οὐδεμίαν

487 2051 948 2122 έκκεκομμένους,
968 2050 1094 2114 τοὺς
1109 2048 1168 2104 δὲ
1193 2049 1320 2112 τοὺς
1340 2048 1675 2120 ὀφθαλμοὺς,
1690 2048 1817 2112 τοὺς
1830 2047 1889 2101 δὲ
1910 2046 2088 2105 ἑλκῶν
2185 2050 2476 2121 επιστολὴν
2500 2048 2706 2119 ταύτης
2726 2047 2884 2113 ἐκτὸς
2920 2043 3087 2102 οὖσαν
3106 2044 3209 2117 τῆς
3239 2046 3637 2119 παραινέσεως.
3662 2043 3780 2100 οἶδε

488 2135 586 2190 καί
613 2134 943 2207 τραυμάτων
960 2133 1197 2188 ἀνιάτων
1222 2133 1516 2204 γέμοντας,
1541 2131 1823 2188 καὶταῦτα
1851 2132 2087 2203 μάλιστα
2185 2136 2320 2210 γὰρ,
2346 2131 2490 2190 οἶδεν
2522 2137 2623 2205 ὅση
2652 2132 2747 2188 τοῦ
2812 2132 3142 2206 πράγματος
3177 2133 3212 2204 ή
3275 2130 3449 2202 ἰσχύς·
3494 2130 3585 2185 διά
3626 2129 3783 2185 τοῦτο

488 2219 893 2291 προϐάλλοντας
916 2217 1026 2274 τῶν
1059 2215 1264 2290 μερῶν,
1296 2216 1334 2271 ἃ
1364 2215 1777 2287 συγκαλύπτειν
1795 2217 2089 2287 ἀναγκαῖον

485 2298 555 2376 ἦν
576 2303 663 2357 διὰ
688 2303 788 2373 τὴν
820 2301 1253 2373 ἐναποκειμένην
1299 2301 1483 2364 αὐτοῖς
1516 2299 1808 2371 σηπεδόνα,
1854 2300 2090 2373 ἐσχάτης

487 2387 719 2458 ἐνόμισα
740 2385 1139 2456 ἀπανθρωπίας
1166 2381 1328 2447 εἶναι,
1362 2383 1427 2438 τὸ
1463 2383 1542 2455 μὴ
1569 2385 1700 2456 περὶ
1736 2383 1944 2437 τούτων
1972 2383 2094 2438 διαο

487 2468 744 2541 λεχθῆναι
782 2468 918 2540 πρὸς
959 2469 1060 2539 τὴν
1113 2468 1394 2540 ὑμετέραν
1432 2466 1679 2538 ἀγάπην,
1714 2467 1810 2521 καὶ
1855 2465 2093 2536 μάλιστα

491 2553 631 2625 μετά
656 2552 766 2607 τῶν
804 2550 1115 2624 εἰρημένων
1137 2551 1234 2606 καὶ
1257 2549 1358 2605 τοῦ
1385 2549 1576 2622 καιροῦ
1607 2550 1767 2622 πρὸς
1786 2549 1947 2605 τοῦτο
1969 2565 2095 2603 συν-

487 2635 754 2700 ωθοῦντος
771 2636 939 2707 ἡμᾶς.
958 2636 1071 2689 ’Δεί
1102 2633 1204 2706 μὲν
1231 2632 1341 2706 γάρ
1364 2633 1663 2703 ἀναγκαῖον
1689 2634 1816 2697 τοὺς
1843 2632 2092 2704 περὶτῆς

488 2718 863 2792 ἀλεημοσύνης
886 2717 1161 2773 ποιεῖσθαι
1187 2717 1401 2787 λόγους,
1424 2715 1615 2788 ἐπειδὴ
1649 2716 1747 2771 καὶ
1781 2716 1949 2787 ἡμεῖς
1964 2715 2094 2769 1007:-

488 2803 591 2876 λῆς
620 2803 824 2874 ταύτης
871 2801 1023 2874 παρὰ
1067 2801 1166 2856 τοῦ
1194 2803 1526 2875 ποιήσαντος
1567 2802 1717 2872 ἡμᾶς
1745 2800 1978 2872 δεόμεθα
1999 2802 2095 2854 Δε-

491 2887 714 2942 σπότου·
751 2888 987 2958 μάλιστα
1026 2886 1085 2940 δὲ
1118 2886 1177 2940 ἐν
1206 2884 1286 2953 τῷ
1325 2884 1554 2956 παρόντι
1583 2883 1781 2956 καιρῷ,
1807 2884 1898 2937 ὅτε
1926 2882 2095 2947 πολὺς

491 2970 522 3022 ό
548 2969 778 3041 κρυμός.
821 2970 909 3023 Ἐν
943 2969 1041 3039 μὲν
1078 2967 1188 3039 7&9
1218 2966 1298 3039 τῷ
1346 2966 1497 3039 θέρει
1538 2966 1745 3038 πολλὴν
1796 2966 1950 3039 παρὰ
1993 2967 2096 3037 τῆς

494 3052 645 3124 ὥρας
681 3051 866 3123 έχουσι
895 3049 1252 3123 παραμυθίαν
1283 3050 1335 3103 οἱ
1369 3049 1626 3121 πένητες·
1665 3049 1759 3105 καὶ
1788 3048 1942 3125 [249]
1984 3047 2095 3121 7&9

496 3138 591 3193 καὶ⁸
622 3135 864 3206 γυμνοὺς
897 3132 1137 3205 βαδίζειν
1170 3134 1476 3198 ἀκίνδυνον,
1508 3134 1632 3189 ἀντί
1672 3135 1969 3206 περιϐολῆς
1996 3134 2096 3207 τῆς

495 3223 715 3286 ἀκτῖνος
733 3220 1012 3293 ἀρκούσης
1049 3219 1256 3284 αὐτοῖς,
1287 3220 1375 3273 ἐπ’
1413 3219 1648 3289 ἐδάφους
1680 3219 1869 3284 ἁπλῶς
1896 3218 2097 3273 καθεύ-

494 3305 609 3360 δειν
647 3304 742 3358 καὶ
765 3303 1011 3375 αἰθρίους
1059 3301 1498 3374 διανυκτερεύειν
1542 3301 1803 3372 ἀσφαλές·
1838 3303 1933 3356 καὶ
1969 3299 2093 3355 οὐτε

493 3389 867 3462 ὑποδημάτων
888 3388 1074 3453 αὐτοῖς
1111 3386 1270 3459 χρεία
1306 3386 1566 3459 τοσαύτη,
1601 3386 1725 3441 οὔτε
1764 3386 2093 3451 οἰνοποσίας,

494 3473 623 3529 οὐτε
652 3470 1043 3542 δαψιλεστέρας
1093 3470 1328 3543 τροφῆς,
1359 3470 1476 3525 ἀλλ’
1513 3469 1812 3544 ἀρκοῦνται
1853 3470 1951 3542 μὲν
1975 3472 2096 3535 ταῖς

496 3555 606 3611 τῶν
640 3555 849 3611 ὑδάτων
869 3556 1095 3624 πηγαῖς,
1111 3552 1409 3625 ἀρκοῦνται
1424 3555 1483 3608 δὲ
1514 3556 1564 3608 οἱ
1586 3554 1684 3626 μὲν
1705 3553 1816 3608 τῶν
1846 3553 2096 3625 λαχάνων

503 3642 618 3704 τοῖς
643 3637 1015 3711 φαυλοτέροις,
1047 3638 1097 3692 οἰ
1133 3638 1190 3693 δὲ
1209 3639 1546 3711 σπερμάτων
1580 3637 1764 3711 ξηρῶν
1791 3637 2095 3710 ὀλιγότητι,

499 3722 571 3795 τῆ
583 3722 762 3794 ςώρας
784 3722 880 3776 τοῦ
905 3723 1058 3786 ἔτους
1081 3721 1508 3794 ἑσχεδιασμένην
1537 3722 1722 3786 αὐτοῖς
1745 3720 2097 3794 παρεχούσης

501 3808 602 3880 τὴν
631 3807 933 3879 τράπεζαν.
974 3806 1085 3861 Καὶ
1111 3805 1316 3880 ταύτης
1339 3806 1397 3861 δὲ
1433 3807 1537 3861 οὐκ
1568 3807 1829 3861 ἐλάττονα
1876 3805 2094 3876 έχουσιν

502 3891 697 3963 ἑτέραν
726 3892 1107 3962 παραμυθίαν,
1135 3890 1236 3963 τὴν
1285 3892 1389 3963 τῆς
1447 3889 1716 3962 ἐργασίας
1748 3886 2016 3943 εὐκολίαν·
2045 3886 2097 3940 οἰ

501 3975 612 4046 7&9
647 3975 749 4041 τὼς
775 3974 954 4039 οἰκίας
987 3974 1456 4047 οἰκοδομούμενοι,
1504 3976 1599 4029 καὶ⁵
1618 3976 1671 4029 οἱ
1694 3973 1795 4046 τὴν
1820 3973 1924 4046 γῆν
1963 3968 2100 4026 σκά·

503 4076 756 4124 πτοντες,
783 4059 880 4112 καὶ
901 4060 955 4112 οἰ
994 4059 1095 4131 τὴν
1128 4060 1402 4115 θάλασσαν
1430 4060 1707 4123 πλέοντες,
1752 4058 1852 4128 τῆς
1893 4055 2100 4111 τούτων

507 4142 743 4211 μάλιστα
769 4142 985 4196 δέονται
1015 4143 1328 4213 συνεργίας.
1350 4144 1461 4198 Καὶ
1482 4145 1621 4214 ὅπερ
1640 4143 1755 4205 τοῖς
1778 4139 2100 4194 πλουτοῦσιν

501 4224 664 4296 ἀγροί
699 4223 792 4277 καὶ
843 4223 1013 4278 οἰκίαι
1052 4224 1148 4277 καὶ
1177 4224 1363 4278 λοιπαὶ
1391 4225 1663 4295 πρόσοδοι,
1691 4222 1849 4278 τοῦτο
1886 4222 2099 4287 τούτοις

499 4309 564 4361 τὸ
584 4306 746 4379 σῶμά
780 4308 896 4361 ἐστι
924 4307 1020 4361 καὶ
1056 4308 1205 4361 πᾶσα
1235 4307 1346 4362 ἀπὸ
1375 4307 1484 4360 τῶν
1515 4306 1716 4378 χειρῶν
1750 4307 1785 4377 ἡ
1816 4304 2097 4377 πρόσοδος,

498 4390 768 4464 ἑτέρωθεν
820 4390 878 4444 δὲ
914 4389 1238 4462 οὐδαμόθεν.
1292 4390 1391 4444 Διά
1442 4391 1601 4444 τοῦτο
1625 4389 1817 4460 θέρους
1847 4387 1946 4459 μὲν
1966 4388 2103 4441 ἀπο-

497 4475 722 4531 λαύουσι
747 4491 893 4538 τινος
914 4473 1290 4548 παραμυθίας·
1320 4475 1377 4528 ἐν
1401 4472 1458 4526 δὲ
1488 4476 1554 4546 τῇ
1586 4471 1679 4525 τοῦ
1695 4471 1960 4542 χειμῶνος
1980 4469 2101 4541 ὥρᾳ

502 4559 673 4624 πολὺς
717 4560 902 4625 αὐτοῖς
930 4558 1197 4615 πάντοθεν
1248 4560 1278 4612 ό
1312 4559 1571 4631 πόλεμος,
1613 4556 1706 4610 καί
1746 4554 1910 4626 διπλῆ
1937 4556 1970 4626 ἡ
1998 4571 2098 4607 πο-

503 4644 740 4717 λιορκία.
776 4644 870 4699 τοῦ
898 4643 1058 4716 λιμοῦ
1092 4643 1474 4706 κατεσθίοντος
1512 4642 1663 4696 ἔνδον
1689 4640 1761 4694 τά
1791 4639 2098 4709 σπλάγχνα,

502 4727 599 4780 τοῦ
631 4726 846 4799 κρυμοῦ
872 4726 1179 4798 πηγνύντος
1192 4727 1291 4797 τὴν
1322 4728 1500 4797 σάρκα
1524 4723 1749 4790 ἔξωθεν,
1775 4724 1870 4778 καὶ
1899 4721 2101 4793 νεκράν

502 4811 895 4882 ἐργαζομένου.
937 4810 1029 4864 Διὸ
1066 4811 1163 4865 καὶ
1209 4812 1455 4881 πλείονος
1509 4811 1606 4880 μὲν
1661 4810 1848 4872 αὐτοῖς
1894 4808 2101 4879 τροφῆς

501 4893 603 4959 δεῖ,
638 4893 993 4965 ἰσχυροτέρας
1027 4893 1085 4947 δὲ
1113 4896 1212 4964 τῆς
1256 4893 1569 4966 περιϐολῆς,
1611 4890 1707 4944 καὶ
1736 4890 1957 4960 στέγης,
2004 4888 2102 4943 καὶ

506 4976 778 5040 στιϐάδος,
828 4977 920 5030 καὶ
952 4977 1334 5049 ὑποδημάτων,
1364 4977 1460 5032 καὶ
1491 4975 1703 5030 πολλῶν
1735 4974 1959 5045 ἑτέρων.
1991 4973 2103 5027 Καὶ

503 5061 567 5116 τὸ
583 5061 648 5131 δὴ
680 5060 895 5115 πάντων
924 5060 1326 5133 χαλεπώτερον,
1361 5061 1489 5115 οὐδὲ
1526 5058 1791 5133 ἐργασίας
1833 5056 1920 5122 τίς
1949 5056 2103 5111 ἐστιν

503 5145 691 5209 αὐτοῖς
737 5142 988 5212 εὐπορία·
1011 5143 1073 5196 οὐ
1121 5144 1229 5215 7&9
1272 5143 1557 5215 ἐπιτρέπει
1584 5142 1679 5196 τοῦ
1707 5141 1862 5205 ἔτους
1887 5142 1920 5213 ή
1951 5139 2089 5213 ὥρα.

517 5227 675 5285 Ἐπεὶ
700 5222 793 5281 οὖν
818 5227 913 5279 καὶ
946 5225 1146 5279 πλείων
1174 5225 1407 5295 αὑτοίςή
1436 5224 1546 5278 τῶν
1563 5225 1879 5295 ἀναγκαίων
1909 5225 2091 5297 χρεία,

504 5314 601 5367 καὶ
632 5312 696 5367 τὸ
723 5308 1054 5384 ἐργάζεσθαι
1090 5308 1231 5380 μετά
1259 5308 1449 5362 τούτου
1481 5309 1850 5382 παρῄρηνται,
1881 5306 2096 5371 οὐδενὸς

503 5397 630 5460 τοὺς
646 5394 863 5459 ἀθλίους
896 5392 1284 5467 μισθουμένου.
1322 5391 1441 5445 οὐδὲ
1486 5391 1776 5456 καλοῦντος
1804 5392 1884 5455 είς
1912 5391 2100 5445 διακο·

506 5479 646 5543 νίαν,
675 5479 828 5550 φέρε,
854 5477 955 5544 τὰς
978 5478 1085 5533 τῶν
1107 5477 1229 5549 ὲλεη
1238 5476 1414 5549 μόνων
1441 5475 1850 5546 άντεισόιγωμεν
1905 5476 2095 5547 χεῖρας

506 5562 628 5618 ἀντί
648 5562 769 5618 4τῶν
821 5564 1218 5636 μισθουμένων,
1269 5563 1359 5618 τὸν
1390 5560 1607 5634 άληθῶς
1649 5559 1962 5633 προστάτην
1997 5560 2092 5614 καὶ

507 5645 780 5717 κηδεμόνα
820 5647 931 5701 τῶν
973 5648 1032 5701 έν
1068 5649 1228 5719 πενία
1286 5647 1505 5713 ζώντων
1559 5645 1771 5702 Παῦλον
1825 5643 2089 5716 συνεργὸν

510 5732 643 5798 πρὸς
675 5726 772 5799 τὴν
801 5729 1094 5800 πρεσϐείαν
1128 5731 1327 5801 ταύτην
1378 5731 1652 5798 λαϐόντες.
1689 5731 1800 5785 Καὶ
1824 5730 1931 5803 γὰρ
1964 5727 2087 5784 πολ-

2188 2219 2443 2290 καθάπερ
2478 2218 2738 2290 οἰκοδομῇ
2780 2216 3105 2288 θαυμαστὴν
3142 2213 3349 2287 ὀροφὴν
3378 2212 3645 2277 ἐπιτιθεὶς
3666 2215 3785 2276 ταῖς

2189 2305 2406 2369 λοιπαῖς
2454 2303 2812 2374 παραινέσεσι
2863 2299 2958 2355 καὶ
2993 2299 3349 2371 συμϐουλαῖς,
3378 2299 3477 2370 τὴν
3512 2299 3642 2370 περί
3659 2297 3783 2351 τού-

2190 2406 2302 2446 των
2332 2388 2545 2458 εἰσάγει
2582 2386 2958 2442 διδασκαλίαν.
2984 2385 3163 2457 Ὅπερ
3195 2376 3291 2438 οῦν
3311 2385 3407 2437 καί
3429 2380 3665 2437 ἐνταῦθα
3692 2400 3784 2436 πε-

2193 2472 2393 2545 ποίηκε
2450 2468 2755 2543 διαλεχθεὶς
2809 2470 2938 2541 περὶ
2976 2467 3349 2531 ἀναστάσεως,
3408 2465 3503 2520 καὶ
3548 2466 3620 2521 τά
3654 2466 3793 2522 ἄλλα

2192 2555 2498 2628 διορθώσας
2548 2555 2784 2618 ἅπαντα,
2840 2554 2921 2618 είς
2977 2552 3071 2607 τὸν
3106 2553 3236 2624 περὶ
3276 2552 3379 2622 τῆς
3422 2549 3790 2623 ἐλεημοσύνης

2193 2640 2459 2695 κατέλυσε
2487 2638 2666 2708 λόγον,
2701 2638 2874 2702 οὕτως
2906 2635 3098 2691 εἰπών·
3141 2635 3281 2705 Περὶ
3313 2634 3383 2688 δὲ
3413 2632 3522 2703 τῆς
3579 2637 3786 2706 λογίας

2193 2726 2307 2794 τῆς
2327 2727 2415 2792 εἱς
2436 2723 2579 2788 τοὺς
2610 2723 2842 2793 ἁγίους,
2873 2721 3071 2789 καθὼς
3091 2720 3337 2787 διέταξα
3364 2720 3493 2787 ταῖς
3541 2722 3788 2788 Ἐκκλη-

2194 2810 2359 2877 alam;
2384 2806 2497 2878 τῆς
2546 2807 2871 2874 Γαλατίας,
2916 2805 3071 2861 οὕτω
3124 2807 3224 2859 καὶ
3255 2803 3427 2875 ὑμεῖς
3477 2804 3788 2869 ποιήσατε·

2195 2894 2350 2950 κατὰ
2399 2895 2550 2964 μίαν
2577 2891 2897 2947 σαϐϐάτων
2926 2890 3185 2957 ἕκαστος
3207 2888 3397 2960 ὑμῶν.
3434 2888 3639 2943 Σκόπει
3668 2889 3790 2945 σύν·

2195 2997 2313 3034 εσιν
2334 2975 2728 3048 ἀποστολικὴν,
2775 2975 2893 3039 πῶς
2928 2975 3204 3046 εὐκαίρως
3244 2972 3452 3042 ταύτης
3478 2972 3661 3044 ἥψατο
3696 2973 3793 3044 τῆς

2197 3063 2595 3135 παραινέσεως.
2656 3059 2876 3131 Ἐπειδὴ
2927 3058 3037 3130 7&9
3067 3059 3345 3129 ἀνέμνησε
3376 3058 3470 3111 τοῦ
3507 3057 3792 3128 μέλλοντος

2196 3145 2570 3218 δικαστηρίου,
2602 3143 2699 3200 καὶ
2734 3143 2829 3198 τοῦ
2868 3142 3111 3215 βήματος
3158 3142 3367 3197 ἐκείνου
3402 3140 3494 3196 τοῦ
3535 3141 3791 3214 φοϐεροῦ,

2197 3229 2295 3285 καὶ
2319 3230 2420 3300 τῆς
2446 3227 2628 3299 δόξης,
2648 3223 2717 3302 ἦς
2735 3226 3136 3298 ἀμφιέννυσθαι
3162 3224 3385 3297 ἔμελλον
3417 3226 3467 3279 οἰ
3497 3226 3790 3297 κατωρθω⁴

2196 3314 2378 3378 κότες,
2409 3313 2503 3367 καί
2531 3312 2633 3383 τῆς
2681 3308 2955 3365 ἀθανάτου
3004 3309 3310 3382 διατριϐῆς·
3350 3309 3474 3363 τότε
3504 3307 3696 3362 λοιπὸν
3718 3310 3794 3372 εἰς

2196 3396 2291 3452 τὸν
2317 3396 2449 3469 περὶ
2477 3394 2685 3449 τούτων
2722 3392 2984 3465 ἐμϐάλλει
3014 3391 3199 3462 λόγον,
3250 3391 3339 3446 ἴνα
3376 3395 3496 3457 ταῖς
3528 3395 3793 3464 χρησταῖς

2197 3478 2410 3534 ἐλπίσιν
2438 3477 2787 3541 άναπνεύσας
2820 3476 2913 3530 καὶ
2948 3476 3094 3548 ῥᾴων
3114 3475 3407 3547 γενόμενος
3429 3477 3459 3529 ό
3483 3476 3792 3550 ἀκροατὴς,

2201 3560 2343 3634 μετά
2388 3559 2633 3624 πλείονος
2678 3560 2842 3614 αὐτὸν
2897 3557 3259 3629 καταδέξηται
3313 3558 3413 3631 τῆς
3456 3557 3793 3632 προθυμίας.

2197 3645 2583 3717 ἀνακμάζοντα
2610 3642 2703 3696 τδν
2735 3641 2901 3713 φόϐον
2931 3640 3086 3716 [250]
3119 3642 3258 3713 ἔχων
3279 3641 3378 3713 τῆς
3402 3641 3665 3714 κρίσεως,
3698 3642 3795 3697 καί

2196 3727 2587 3802 γαυριωμένην
2613 3725 2713 3798 τὴν
2732 3725 2915 3797 ψυχὴν
2941 3728 3064 3790 ταῖς
3097 3725 3204 3780 τῶν
3246 3724 3625 3797 ἀποκειμένων
3654 3727 3795 3794 ἀγα-

2198 3811 2309 3868 θῶν
2334 3808 2707 3884 προσδοκίαις.
2738 3808 2798 3863 '0
2829 3807 2938 3880 7&9
2960 3809 3088 3880 περί
3118 3807 3469 3873 ἀναστάσεως
3494 3807 3796 3879 δυνάμενος

2198 3894 2530 3966 φιλοσοφεῖν,
2586 3891 2683 3947 καὶ
2719 3890 3069 3964 μεταστήσας
3111 3891 3307 3946 ἑαυτὸν
3361 3888 3482 3945 δλον
3524 3891 3671 3963 πρὸς
3699 3891 3796 3963 τὴν

2199 3974 2320 4033 ἐκεῖ
2374 3974 2543 4044 ζωὴν,
2593 3973 2749 4029 οὐδὲν
2806 3975 3078 4047 ἡγήσεται
3127 3972 3200 4028 τά
3240 3975 3485 4046 παρόντα
3532 3970 3702 4039 εἰναι,
3735 3974 3796 4028 οὐ

2201 4059 2453 4126 πλοῦτον,
2475 4060 2578 4114 οὐκ
2607 4056 2889 4131 εὐπορίαν,
2921 4056 2985 4111 οὐ
3015 4056 3261 4131 χρυσίον,
3295 4058 3394 4111 οὑκ
3409 4057 3796 4130 άργυρον,οὐχ

2203 4142 2433 4217 ἱματίων
2460 4141 2776 4216 περιϐολὴν.
2809 4141 2871 4195 οὐ
2903 4142 3138 4216 τρυφὴν,
3176 4141 3239 4195 οὐ
3265 4141 3542 4212 τραπέζας
3570 4141 3794 4194 πολυτε-

2200 4228 2335 4292 λεῖς.
2365 4225 2467 4280 οὐκ
2490 4224 2620 4280 ἀλλο
2651 4225 2761 4279 τῶν
2787 4223 3044 4281 τοιούτων
3085 4225 3261 4280 οὐδέν·
3296 4227 3325 4279 ὁ
3342 4224 3399 4278 δὲ
3427 4224 3603 4279 ταῦτα
3628 4224 3798 4297 μηδὲν

2201 4306 2345 4365 εἶναι
2396 4308 2657 4380 νομίζων,
2697 4306 3064 4380 εὐκολώτερον
3101 4309 3200 4380 τῆς
3242 4306 3352 4362 τῶν
3384 4309 3638 4379 πενήτων
3678 4307 3781 4363 ἀνθ

2202 4393 2383 4459 έξεται
2408 4392 2765 4465 προστασίας.
2812 4390 2913 4444 Διά
2961 4392 3019 4446 δὲ
3056 4391 3216 4447 τοῦτο
3241 4392 3336 4446 καὶ
3363 4392 3580 4457 Παῦλος
3610 4393 3801 4457 καλῶς

2203 4468 2743 4548 προπαρασκευάσας
2790 4474 2971 4529 αὐτῶν
3008 4474 3106 4547 τὴν
3153 4476 3392 4530 διάνοιαν
3430 4477 3498 4546 τῇ
3536 4477 3671 4547 περὶ
3700 4477 3802 4547 τῆς

2202 4557 2555 4622 ἀναστάσεως
2575 4557 2887 4628 φιλοσοφίᾳ,
2903 4557 3024 4610 τότε
3042 4558 3303 4628 εἰσήγαγε
3327 4558 3427 4630 τὴν
3447 4561 3800 4631 παραίνεσιν.

2274 4639 2381 4695 Καὶ
2409 4640 2511 4693 οὐκ
2538 4635 2682 4705 εἷπε,
2700 4640 2836 4711 Περί
2857 4638 2913 4693 δὲ
2944 4640 3041 4711 τῆς
3062 4640 3249 4710 λογίας
3262 4641 3359 4710 τῆς
3389 4644 3469 4701 είς
3493 4644 3623 4707 τοὺς
3652 4661 3806 4698 πτω-

2201 4724 2351 4793 χοὺς,
2376 4721 2518 4787 οὐδὲ,
2547 4723 2649 4793 τῆς
2679 4724 2758 4785 είς
2786 4723 2911 4787 τοὺς
2939 4721 3198 4795 πένητας,
3235 4721 3395 4787 ἀλλά,
3416 4718 3529 4790 τῆς
3546 4725 3637 4789 εἰς
3658 4723 3810 4787 τοὺς

2200 4803 2427 4872 ἁγίους·
2443 4802 2716 4858 παιδεύων
2746 4806 2875 4868 τοὺς
2908 4803 3207 4868 ἀκούοντας
3239 4804 3332 4856 καὶ
3380 4805 3507 4867 τοὺς
3536 4806 3598 4857 ἐν
3632 4804 3808 4876 πενία

2204 4886 2530 4960 θαυμάζειν,
2570 4888 2701 4941 ὅταν
2726 4887 2973 4953 εὐσεϐεῖς
3019 4882 3143 4953 ὦσι,
3191 4887 3434 4950 καὶτοὺς
3464 4889 3523 4942 ὲν
3578 4887 3809 4960 πλούτῳ

2200 4969 2503 5037 διαπτύειν,
2537 4971 2667 5025 ὅταν
2696 4972 2900 5046 ἀρετῆς
2929 4972 3361 5044 καταφρονῶσιν.
3393 4968 3679 5041 Οἵδεκγοῦν
3708 4973 3809 5026 καὶ

2205 5054 2431 5120 βασιλέα
2464 5053 2693 5127 βέϐηλον
2721 5054 2906 5108 καλεῖν
2950 5056 3045 5109 καὶ
3072 5055 3410 5126 παράνομον,
3442 5056 3574 5109 ὅταν
3599 5054 3807 5126 ἐχθρὸς

2197 5135 2231 5213 ᾗ
2263 5138 2344 5211 τῷ
2385 5138 2529 5210 Θεῷ,
2566 5138 2661 5193 καὶ
2692 5139 2945 5210 πτωχοὺς
2984 5141 3193 5209 ἁγίους,
3219 5140 3348 5194 ὅταν
3395 5141 3665 5204 ἐπιεικεῖς
3696 5132 3808 5193 ὦσι

2200 5223 2295 5277 καὶ
2322 5221 2553 5293 μέτριοι.
2586 5220 2691 5276 Τὸν
2722 5220 2853 5290 γοῦν
2906 5221 3134 5292 Νέρωνα
3188 5223 3487 5296 μυστήριον
3513 5226 3617 5293 τῆς
3676 5223 3806 5276 ἀνο-

2204 5306 2335 5379 μίας
2370 5304 2547 5370 καλεῖ,
2574 5304 2772 5374 λέγων·
2840 5305 2913 5361 Τὸ
2950 5306 3061 5376 γὰρ
3092 5305 3434 5377 μυστήριον
3483 5304 3603 5375 ἤδη
3628 5306 3809 5375 ἐνετρ-

2201 5389 2385 5461 γεῖται
2406 5387 2515 5459 τῆς
2548 5390 2824 5460 ἀνομίας·
2860 5388 3084 5453 τούτους
3116 5388 3173 5443 δὲ
3204 5390 3300 5443 καὶ
3334 5389 3457 5443 οὐδὲ
3490 5390 3594 5461 τῆς
3620 5390 3808 5459 ἀναγ-

2202 5473 2364 5538 καίας
2387 5471 2755 5544 εὐποροῦντας
2781 5473 3006 5545 τροφῆς,
3035 5472 3149 5527 ἀλλ’
3174 5475 3240 5527 ἐκ
3275 5472 3369 5528 τοῦ
3397 5475 3645 5529 ἐπαιτεῖν
3670 5491 3806 5547 τρε-

2203 5556 2493 5628 φομένους,
2530 5556 2719 5625 ἁγίους
2748 5556 3052 5628 ὠνόμασεν.
3085 5557 3235 5629 Ἅμα
3277 5556 3334 5611 δὲ
3363 5557 3647 5621 κάκείνους
3667 5557 3806 5611 λαν-

2197 5639 2467 5704 θανόντως
2498 5639 2750 5694 ἐδίδασκε
2779 5638 2852 5710 μὴ
2883 5639 3025 5709 μέγα
3048 5641 3291 5710 φρονεῖν,
3308 5640 3443 5712 μηδὲ
3465 5639 3804 5712 ἐπαίρεσθαι

2195 5727 2260 5798 τῇ
2286 5726 2384 5796 τῆς
2415 5724 2631 5797 ἐντολῆς
2686 5722 2851 5794 δόσει,
2883 5723 2958 5789 ὡς
2989 5723 3228 5780 εὐτελέσι
3272 5724 3383 5781 τισὶ
3432 5726 3525 5782 καὶ
3554 5726 3802 5781 εὐκατα-
