4006 6426
460 412 563 472 253

454 523 881 595 despectioribus
923 522 1245 595 largiantur,
1292 519 1391 578 sed
1432 528 1584 576 certo
1620 518 1793 575 sciant
1832 517 2043 588 sibique

460 613 836 684 persuadeam,
861 612 911 667 id
937 613 1038 668 sibi
1063 612 1295 670 maximo
1314 626 1434 667 esse
1453 609 1669 678 honori,
1689 608 1833 680 quod
1858 622 2044 664 eorum

458 721 729 762 mrumnas
754 705 1092 776 participem.

529 795 592 853 2.
615 794 732 852 lam
754 810 881 849 vero
905 809 1083 864 Operae
1103 793 1333 865 pretium
1355 793 1459 849 erit
1484 792 1800 863 disquirere.
1827 790 2043 862 quinam

459 889 568 944 sint
616 887 691 941 illi
740 888 946 942 sancti:
978 901 1082 941 non
1130 887 1271 941 enim
1308 886 1395 941 hic
1425 894 1626 940 tantum
1667 885 1879 939 illorum
1929 897 2043 936 me-

460 979 633 1044 minit,
663 978 758 1034 sed
799 979 967 1034 etiam
1002 978 1130 1033 alibi
1167 993 1288 1032 cum
1331 977 1460 1032 dicit
1494 975 1689 1032 :Nunc
1717 983 1885 1029 autem
1925 990 2045 1044 pro-

458 1070 660 1142 ﬁciscor
685 1069 739 1122 in
759 1067 1047 1123 Jerusalem
1079 1069 1367 1124 ministrare
1385 1068 1574 1122 sanctis
1609 1066 1782 1137 (Rom.
1814 1066 1903 1120 15.

461 1162 528 1216 lit
552 1161 722 1217 Lucas
750 1162 802 1215 in
837 1161 1004 1227 Actis,
1029 1177 1148 1216 cum
1175 1176 1364 1231 magna
1394 1158 1567 1216 fames
1597 1159 1922 1223 immineret,
1946 1157 2044 1212 hos

455 1256 600 1324 ipsas
621 1261 836 1308 sanctos
862 1254 932 1306 ita
954 1261 1338 1308 commemorat
1362 1267 1379 1306 :
1403 1250 1659 1322 Discipuli
1682 1259 1870 1316 autem,
1895 1256 2043 1319 prout

455 1345 571 1413 quis
598 1342 810 1398 habebat
833 1386 849 1412 ,
878 1352 1252 1416 praposuerunt
1278 1342 1465 1415 singuli
1488 1343 1682 1396 mittere
1699 1341 1766 1393 ad
1795 1355 2043 1409 pauperes

452 1444 775 1502 sanctorum,
794 1437 882 1506 qui
907 1444 1021 1489 sunt
1039 1435 1091 1488 in
1115 1432 1402 1489 Jerusalem
1430 1432 1566 1506 (Act.
1600 1433 1686 1487 11.
1706 1430 1824 1502 29).
1851 1430 1916 1485 Et
1946 1429 2045 1485 ite-

455 1543 596 1595 rum,
628 1527 771 1599 quod
798 1537 923 1583 ante
965 1526 1233 1592 dicebam,
1276 1525 1371 1590 ait,
1405 1522 1629 1579 Tantum
1663 1533 1717 1577 ut
1762 1537 2043 1593 pauperum

456 1635 699 1675 memores
727 1635 968 1685 essemus,
994 1618 1131 1691 quod
1170 1619 1320 1673 etiam
1365 1617 1612 1673 sollicitus
1638 1617 1715 1690 fui
1742 1617 1834 1671 hoc
1874 1617 2042 1686 ipsum

457 1711 626 1781 facere
645 1709 788 1782 (Gal.
819 1710 874 1766 2.
903 1710 1014 1782 10).
1045 1710 1332 1780 Postquam
1360 1724 1491 1765 vero
1510 1709 1587 1764 sic
1616 1710 1756 1764 inter
1780 1723 1879 1763 nos
1907 1707 2042 1762 divi-

456 1806 645 1873 simus,
691 1816 748 1861 ut
780 1806 911 1860 mihi
954 1804 1173 1872 Gentes,
1217 1803 1377 1859 Petro
1416 1802 1590 1860 Judaei
1636 1804 2039 1872 contingerent,

454 1900 726 1955 communi
773 1898 1041 1953 sententia
1090 1896 1484 1961 constituimus,
1530 1893 1719 1963 inquit,
1760 1903 1819 1949 ut
1852 1891 2041 1948 divisio

457 1989 574 2045 haec
597 1989 663 2044 ad
695 2002 955 2058 pauperes
990 2001 1098 2043 non
1130 1987 1473 2058 pertingerct.
1505 1984 1638 2040 Nam
1682 1998 1802 2039 cum
1848 1982 2042 2054 pratdi-

453 2078 667 2146 cabant,
693 2078 781 2133 ille
823 2077 1056 2143 iudicis,
1088 2078 1175 2132 hic
1217 2076 1476 2134 Gentibus
1520 2074 1884 2147 praedicabat:
1917 2089 2038 2129 cum

454 2187 585 2228 vero
623 2171 947 2242 pauperibus
996 2168 1489 2241 patrocinabantur,
1518 2183 1627 2223 non
1667 2166 1737 2221 ita
1780 2180 1869 2222 res
1907 2181 2040 2221 con-

453 2263 632 2319 stituta
655 2271 791 2327 erat,
839 2270 898 2317 ut
930 2262 1020 2316 ille
1060 2260 1388 2332 pauperibus
1416 2258 1721 2315 Judreorum
1742 2298 1760 2323 ,
1797 2256 1886 2314 hic
1911 2272 2040 2312 vero

451 2352 774 2427 pauperibus
800 2350 1050 2409 Gentium
1088 2361 1291 2407 tantum
1319 2366 1502 2407 curam
1542 2351 1874 2422 impenderet
1902 2366 1917 2405 :
1943 2348 2039 2404 sed

453 2454 677 2515 uterque
717 2459 841 2515 erga
869 2458 1132 2515 pauperes
1176 2441 1484 2498 Judzeorum
1525 2456 1771 2512 magnam
1820 2441 2039 2512 gerebat

448 2549 656 2591 curam.
703 2533 1060 2602 Quamobrem
1119 2533 1331 2589 dicebat
1380 2549 1395 2587 :
1450 2530 1669 2587 Tantum
1726 2542 1782 2586 ut
1842 2548 2042 2602 paupe-

447 2644 564 2683 rum
606 2643 849 2682 memores
901 2643 1141 2695 essemus,
1178 2625 1315 2698 quod
1338 2627 1490 2680 etiam
1531 2613 1795 2681 sollicitus
1827 2627 1905 2697 [ui
1943 2626 2038 2679 hoc

448 2720 619 2789 ipsum
658 2722 843 2792 facere.
878 2716 1108 2787 Quinam
1157 2733 1287 2790 ergo
1332 2727 1460 2773 sunt
1498 2717 1594 2785 illi,
1622 2716 1691 2774 de
1714 2717 1908 2789 quibus
1952 2717 2039 2773 hic

448 2811 702 2881 loquitur,
725 2826 937 2866 necnon
981 2812 1037 2866 in
1059 2810 1281 2881 epistola
1308 2809 1376 2865 ad
1421 2810 1714 2876 Romanos,
1754 2817 1809 2866 et
1837 2809 1889 2864 in
1925 2809 2041 2881 epi-

447 2902 583 2957 stola
612 2901 680 2956 ad
708 2901 925 2958 Galatas
945 2942 961 2969 ,
1000 2916 1096 2972 pro
1122 2901 1317 2971 quibus
1340 2902 1501 2956 etiam
1550 2899 1866 2956 Macedonas
1912 2899 2040 2954 hor-

448 2993 628 3048 tatur?
669 2993 978 3049 Iudaeorum
1031 3007 1315 3063 pauperes,
1347 2993 1438 3062 qui
1478 2990 1833 3065 Jerosolymis
1875 2991 2039 3063 dege-

449 3084 599 3139 bant.
629 3081 701 3138 Et
727 3098 825 3137 cur
851 3090 1051 3138 tantam
1078 3098 1265 3138 eorum
1310 3097 1495 3138 curam
1537 3082 1732 3138 habet?
1759 3084 1952 3138 Annon
1983 3083 2036 3137 in

455 3176 679 3248 singulis
717 3176 1022 3231 civitatibus
1049 3190 1311 3247 pauperes
1348 3184 1404 3231 et
1445 3175 1678 3233 mendici
1715 3176 1903 3232 erant?
1930 3175 2039 3232 Cur

446 3266 514 3323 ad
564 3267 687 3321 illos
735 3267 935 3333 mittit,
973 3275 1027 3322 et
1052 3282 1151 3338 pro
1190 3267 1269 3322 eis
1306 3282 1493 3323 omnes
1536 3267 1727 3339 rogat?
1768 3266 1886 3323 Non
1921 3268 2038 3325 sine

445 3373 608 3414 causa
644 3374 793 3424 sane,
825 3374 925 3414 nec
969 3368 1202 3422 temere,
1230 3374 1406 3430 neque
1455 3374 1521 3414 ex
1548 3373 1901 3430 personarum
1942 3374 2035 3414 ac-

442 3451 720 3521 ceptione;
749 3450 845 3505 sed
875 3450 1072 3505 utiliter
1102 3460 1155 3505 et
1184 3450 1482 3506 commode.
1516 3451 1650 3506 Rem
1675 3461 1853 3507 autem
1878 3453 2036 3522 paulo

444 3540 606 3597 altius
652 3550 898 3611 repetere
926 3557 1146 3596 necesse
1173 3550 1275 3596 est.
1316 3541 1577 3610 Quoniam
1613 3542 1920 3598 Juda-orum
1949 3559 2036 3598 res

442 3634 808 3698 conciderant,
841 3643 897 3689 et
926 3648 1044 3687 cum
1088 3633 1271 3688 Jesum
1302 3634 1683 3705 cruciﬁgerent
1704 3677 1719 3703 ,
1755 3650 1935 3703 voCem
1968 3635 2032 3689 il-

445 3725 576 3791 lam,
604 3723 725 3779 Non
751 3726 992 3780 habemus
1015 3742 1180 3795 regem
1208 3725 1305 3779 nisi
1329 3725 1579 3780 Cwsarem
1599 3725 1777 3797 (Joan.
1809 3727 1893 3781 19.
1920 3727 2032 3796 15),

444 3826 631 3870 contra
676 3831 735 3870 se
780 3828 950 3870 ratam
999 3816 1257 3882 fecerant,
1307 3832 1369 3870 ac
1402 3816 1619 3871 demum
1673 3816 2033 3872 Romanorum

443 3906 668 3976 imperio
712 3906 911 3961 subditi
951 3914 1139 3970 erant,
1188 3922 1365 3974 neque
1402 3906 1482 3961 sui
1531 3906 1702 3975 juris,
1756 3918 1812 3962 ut
1857 3918 2032 3973 antea,

442 4006 629 4062 erant;
664 4014 836 4068 neque
869 4012 1089 4068 prorsus
1110 3998 1272 4063 servi,
1300 4006 1352 4050 ut
1377 3998 1486 4067 jam
1512 4008 1658 4062 sunt,
1685 3997 1781 4052 scd
1811 3999 1860 4052 in
1888 4014 2038 4054 com-

444 4088 748 4142 militonum
785 4088 976 4142 ordine
1025 4088 1331 4153 constituti,
1380 4089 1577 4142 tributa
1622 4086 2037 4158 imperatoribus

449 4178 794 4251 pendebant,
828 4188 881 4232 et
911 4187 1169 4248 praetores
1195 4178 1262 4231 ab
1292 4179 1368 4231 eis
1393 4178 1728 4248 accipiebant
1755 4196 1770 4233 ι
1803 4179 2036 4247 plerum-

448 4285 555 4342 que
581 4270 740 4326 etiam
771 4269 884 4324 suis
915 4270 1205 4324 utebantur
1230 4270 1454 4339 legibus,
1484 4278 1538 4324 et
1567 4286 1660 4325 eos
1687 4271 1775 4340 qui
1807 4272 1945 4340 apud
1978 4287 2035 4327 se

447 4365 857 4434 delinquerent,
906 4360 1201 4417 secundum
1246 4362 1413 4430 patria
1465 4361 1657 4430 placita
1713 4362 2033 4431 plcetebant.

446 4456 600 4526 Quod
636 4450 815 4512 autem
848 4456 1045 4510 tributa
1086 4453 1348 4509 Romanis
1378 4454 1673 4523 penderent
1711 4455 1880 4524 palam
1914 4454 2037 4511 hinc

447 4565 550 4617 est,
597 4550 738 4621 quod
780 4550 962 4605 Jesum
995 4557 1265 4603 tentantes
1301 4548 1725 4619 interrogarent,
1756 4547 2032 4621 Magister,

447 4644 624 4698 licetne
661 4641 783 4695 dare
815 4657 1018 4695 censum
1046 4640 1258 4707 Ca’sari,
1308 4655 1479 4693 annon
1528 4638 1739 4711 (Matth.
1769 4639 1859 4694 22.
1913 4641 2035 4711 l7)?

447 4743 499 4787 at
526 4735 640 4802 ipse
671 4731 834 4801 jussis
863 4730 1154 4786 ostendere
1184 4730 1455 4786 numisma‘
1480 4730 1652 4788 dixit:
1684 4730 1899 4785 Reddite
1924 4747 2037 4800 qua:

448 4838 566 4882 sunt
590 4825 805 4881 Cazsaris
832 4825 1042 4892 Ctesari,
1071 4835 1117 4879 et
1139 4841 1252 4896 qute
1283 4833 1398 4879 sunt
1426 4823 1523 4877 Dei
1551 4823 1657 4877 Deo
1684 4822 1788 4894 (Ib.
1832 4842 1876 4878 v.
1905 4825 2031 4895 2|);

446 4920 620 4977 Lucas
641 4935 768 4975 vero
793 4918 943 4986 dicit,
969 4928 1023 4974 et
1050 4919 1248 4974 milites
1269 4927 1323 4973 et
1351 4919 1593 4973 tribunos
1620 4919 1868 4974 habuisse
1896 4928 2028 4973 tem-

447 5016 592 5085 plum
623 5012 773 5084 (Luc.
801 5013 893 5068 22.
940 5011 1052 5083 52).
1083 5011 1213 5081 Quae
1240 5025 1555 5082 argumenta
1591 5028 1694 5067 non
1736 5012 1874 5067 levia
1911 5021 2036 5066 sunt

446 5110 613 5164 fuisse
655 5106 869 5163 Judteos
895 5105 1156 5160 Romanis
1201 5103 1443 5159 subditos
1476 5120 1492 5157 :
1524 5103 1666 5174 quod
1706 5115 1884 5160 autem
1916 5119 2035 5173 pro-

442 5198 572 5274 priis
621 5207 900 5254 uterentur
952 5195 1157 5266 legibus
1209 5194 1334 5250 hinc
1372 5195 1548 5265 palam
1587 5205 1689 5260 est,
1737 5195 1880 5265 quod
1918 5195 2034 5250 Ste-

445 5292 681 5365 pilanum
713 5289 1000 5362 lapidarint
1032 5304 1130 5343 nec
1150 5287 1217 5341 ad
1248 5286 1481 5342 tribunal
1504 5287 1746 5350 ductum,
1777 5287 2033 5342 Jacobum

445 5384 665 5439 lrutrem
692 5380 905 5438 Domini
934 5378 1329 5444 interfecerint,
1361 5376 1633 5430 Christum
1664 5377 1836 5446 ipsum
1864 5378 2036 5431 cruci-

446 5473 684 5536 lixerint,
718 5471 930 5527 etiamsi
964 5470 1133 5539 judex
1174 5467 1517 5529 concederet,
1549 5475 1608 5520 ut
1632 5467 1777 5521 omni
1816 5468 2038 5521 crimine

446 5561 583 5615 liber
607 5562 800 5615 abiret.
843 5563 1185 5631 Quapropter
1226 5576 1419 5615 manus
1461 5559 1590 5614 lavit
1615 5559 1801 5614 dicens
1836 5577 1847 5612 :
1879 5557 2041 5613 Inno-

447 5668 566 5704 cens
587 5668 702 5704 sum
727 5669 759 5704 a
787 5654 1040 5722 sanguine
1068 5652 1162 5705 hoc
1187 5652 1403 5725 (Matth.
1431 5652 1521 5707 27.
1549 5653 1664 5722 24).
1696 5653 1758 5708 Ει
1788 5652 1909 5722 quia
1940 5651 2038 5705 ad-

453 5738 669 5791 modum
692 5741 947 5796 instantes
977 5741 1213 5810 videbat,
1244 5746 1358 5814 ipse
1388 5746 1605 5816 quidem
1638 5745 1902 5801 calcnlum
1933 5759 2037 5798 non

454 5822 605 5887 ωιῖῑ.
633 5827 727 5881 sed
755 5831 1008 5917 abscessit
1042 5850 1057 5888 :
1088 5831 1167 5886 illi
1194 5850 1323 5895 vero
1361 5839 1576 5909 propria
1611 5839 1893 5912 tyrannide
1921 5838 2033 5907 usi,

1169 410 1226 466 S.
1265 407 1544 464 JOANNIS
1580 404 2060 464 οιιιιῖδοδτοιιι
2104 403 2423 460 ARCIIIEP.
2452 404 2990 461 CUNSTANTINOP.

3643 411 3744 471 εει

2159 524 2325 570 totum
2355 525 2536 587 poslca
2566 517 2923 588 perfecerunt.
2955 517 3175 575 Paulum
3202 522 3363 577 etiam
3391 538 3535 594 stupe
3559 516 3747 597 aggre-

2154 605 2460 662 diebantur.

2222 694 2524 752 Judteorum
2561 700 2615 753 in
2654 697 2969 756 Christianos
3017 703 3323 759 immanitas.
3365 705 3462 760 Die
3486 707 3748 763 dominica

2154 791 2433 858 pra'sestint
2459 790 2771 862 eleemosyna
2791 795 3065 864 eroganda.
3088 826 3159 837 —
3179 796 3311 864 Quia
3340 798 3499 868 igitur
3523 815 3627 854 suo
3652 802 3748 854 tri-

2153 877 2334 933 bunali
2378 881 2663 936 utebantur
2687 924 2703 948 ,
2747 882 2871 938 hinc
2896 886 3116 955 contigit
3154 897 3210 941 ut
3244 889 3570 947 contribules
3594 933 3613 954 ,
3658 893 3745 961 qui

2150 969 2462 1038 credebant,
2485 974 2695 1027 caeteris
2721 976 2993 1043 asperiora
3020 987 3346 1047 paterentur.
3374 980 3431 1035 Ιιι
3454 981 3569 1035 aliis
3591 993 3748 1039 certe

2151 1059 2452 1117 civitatibus
2478 1071 2533 1117 et
2564 1064 2845 1120 tribunalia
2868 1077 2921 1122 et
2946 1068 3092 1138 leges
3112 1079 3167 1124 et
3192 1071 3531 1142 magistratus
3553 1085 3745 1139 erant;

2152 1150 2248 1206 sed
2270 1166 2375 1207 non
2401 1153 2592 1208 licebat
2615 1157 2902 1225 gentilibus
2929 1173 3022 1213 eos
3043 1174 3105 1213 es
3136 1160 3268 1225 suis,
3298 1162 3387 1231 qui
3411 1162 3744 1230 deﬁcerent,

2150 1242 2364 1311 proliria
2387 1246 2648 1299 sententia
2671 1246 2757 1300 vel
2779 1246 3081 1303 interﬁcere
3102 1250 3182 1305 vel
3207 1250 3471 1320 lapidibus
3485 1253 3746 1318 obruere,
3830 1305 3838 1309 .

2149 1339 2242 1386 aut
2282 1333 2480 1404 aliquid
2508 1334 2638 1404 ipsis
2671 1336 2795 1390 mali
2827 1337 3025 1394 inferre
3054 1357 3066 1392 :
3095 1350 3185 1394 aut
3212 1339 3256 1394 si
3284 1340 3403 1410 quis
3434 1341 3746 1411 deprehen-

2149 1423 2373 1481 debatur
2402 1427 2507 1482 tale
2534 1428 2785 1497 quiddam
2816 1439 3010 1499 prmter
3029 1431 3268 1501 judicum
3295 1435 3616 1489 sententiam
3654 1451 3747 1505 pa-

2152 1525 2341 1585 trasse,
2372 1517 2417 1572 is
2441 1519 2792 1588 puniebatur;
2820 1521 3019 1577 Iudicis
3044 1534 3224 1580 autem
3251 1540 3440 1595 magna
3461 1529 3596 1583 circa
3624 1544 3743 1585 rem

2151 1604 2289 1662 hanc
2335 1616 2570 1677 potestas
2613 1610 3025 1668 concedebatur.
3072 1614 3407 1686 Quapropter
3449 1620 3699 1689 graviora
3725 1661 3743 1687 ,

2148 1714 2306 1769 quam
2337 1701 2515 1757 czeteri
2546 1717 2734 1759 omnes
2758 1747 2773 1769 ,
2802 1705 3139 1775 patiebantur
3164 1709 3201 1762 ii
3228 1724 3293 1765 ex
3321 1708 3428 1764 illis
3453 1751 3468 1777 ,
3499 1713 3587 1782 qui
3618 1729 3746 1769 crc-

2147 1788 2345 1846 debant
2366 1832 2382 1858 ,
2414 1807 2477 1847 ac
2504 1792 2549 1847 si
2582 1793 2721 1849 inter
2760 1794 2967 1850 medios
3004 1796 3158 1867 lupos
3199 1799 3474 1873 intercepti
3511 1813 3742 1873 essent,

2147 1881 2392 1937 adstante
2414 1924 2429 1950 ,
2458 1884 2547 1953 qni
2585 1885 2856 1954 eriperet,
2889 1888 3123 1944 nemine.
3169 1888 3243 1945 Ita
3285 1908 3477 1962 nempe
3514 1894 3743 1951 Paulum

2147 1988 2291 2046 saepe
2335 1976 2674 2047 ﬂagellabant
2700 1996 2714 2032 :
2743 1979 2865 2034 audi
2908 1981 3180 2050 quomodo
3208 1982 3261 2037 id
3302 1984 3416 2054 ipse
3453 1985 3695 2042 declaret
3727 2006 3741 2042 :

2150 2064 2426 2136 Quinquies
2448 2068 2797 2139 quadragenas
2825 2086 2857 2123 a
2882 2069 3083 2126 ludatis
3109 2089 3211 2126 una
3234 2076 3402 2131 minus
3426 2079 3595 2149 accepi
3619 2095 3640 2131 :
3665 2089 3742 2134 ter

2146 2155 2300 2226 virgis
2324 2173 2484 2212 ctesus
2509 2174 2638 2224 sum,
2669 2160 2823 2213 semel
2851 2161 3107 2231 lapidatus
3133 2180 3245 2219 sum
3271 2164 3344 2233 (2.
3380 2165 3496 2222 Cor.
3523 2170 3610 2223 11.
3640 2170 3736 2226 21.

2145 2246 2258 2318 25).
2286 2247 2439 2318 Quod
2466 2258 2645 2305 autem
2673 2249 2787 2306 haec
2812 2266 2916 2306 non
2942 2256 3250 2323 conjectura
3280 2256 3419 2313 dicta
3449 2259 3553 2313 sint
3573 2302 3588 2326 ,
3621 2262 3742 2331 ipse.

2146 2338 2342 2395 Paulus
2367 2340 2433 2396 ad
2466 2341 2724 2398 Hebraeos
2750 2346 2989 2399 scribens
3011 2345 3252 2402 declarat
3279 2348 3742 2408 :Rentemoramim'

2144 2443 2311 2489 autem
2335 2436 2573 2505 pristinos
2592 2435 2719 2503 dies,
2746 2438 2798 2491 in
2821 2438 2998 2508 quibus
3016 2440 3291 2495 illuminati
3315 2459 3549 2514 magnum
3571 2456 3714 2500 certa
3728 2476 3743 2485 -

2145 2539 2258 2579 men
2284 2526 2592 2581 sustinuistis
2619 2527 2911 2596 passionum
2930 2546 2951 2582 :
2973 2539 3022 2582 et
3054 2529 3105 2583 in
3132 2530 3292 2585 altero
3315 2533 3514 2603 quidem
3543 2551 3738 2605 oppro-

2144 2617 2266 2670 briis
2283 2627 2330 2670 et
2358 2614 2757 2672 tribulationibus
2787 2620 3126 2690 spectaculum
3145 2623 3294 2693 facti,
3320 2623 3375 2678 in
3392 2624 3553 2679 altera
3572 2636 3739 2681 autem

2144 2708 2269 2763 socii
2293 2707 2459 2763 taliter
2478 2709 2775 2779 patientium
2796 2709 2981 2778 effecti.
3020 2711 3223 2767 Etenim
3239 2717 3472 2786 rapinam
3493 2719 3740 2774 bonorum

2143 2810 2420 2856 vestrorum
2447 2817 2561 2854 cum
2582 2802 2770 2873 gaudio
2798 2805 3087 2875 suscepistis
3108 2846 3124 2872 ,
3152 2817 3505 2877 cognoscentes
3528 2825 3616 2864 vos
3641 2812 3740 2863 Ita-

2147 2893 2260 2949 bere
2275 2894 2531 2948 meliorem
2560 2895 2888 2949 substantiam
2918 2896 2972 2949 in
3003 2898 3173 2965 uelis,
3203 2907 3250 2953 et
3278 2909 3560 2953 manentem
3577 2899 3734 2969 (Heb.

2146 2986 2234 3041 10.
2260 2986 2475 3057 52-34).
2502 2987 2566 3041 Et
2586 3001 2707 3041 cum
2726 2972 3231 3044 Thessalonicenses
3251 2990 3646 3055 adhortaretur,
3674 2992 3739 3046 il—

2143 3078 2224 3132 los
2246 3078 2298 3131 in
2328 3077 2561 3133 medium
2584 3077 2801 3133 adduxit
2829 3095 2842 3131 :
2879 3077 2977 3132 i'os
2997 3079 3132 3131 enim
3160 3080 3431 3134 imitatores
3455 3082 3578 3151 facti
3596 3084 3739 3154 estis,

2143 3174 2345 3241 fratres,
2376 3169 2716 3224 Ecclesiarum
2736 3169 2859 3236 Dei,
2886 3185 3000 3238 qua:
3026 3181 3145 3225 sunt
3171 3172 3223 3225 in
3244 3171 3433 3227 Iudaea
3459 3189 3478 3229 :
3504 3175 3625 3244 quia
3650 3193 3735 3230 ea-

2144 3262 2256 3317 dem
2286 3263 2424 3333 passi
2448 3263 2562 3317 estis
2586 3278 2673 3316 vos
2695 3280 2727 3316 a
2756 3264 3115 3318 contribulibus
3142 3266 3334 3332 vestris,
3363 3267 3493 3320 sicut
3518 3278 3564 3321 et
3587 3269 3683 3338 ipsi
3704 3286 3740 3322 σ

2141 3354 2340 3410 Iudaeis
2376 3354 2450 3427 (1.
2487 3354 2666 3409 Thess.
2696 3355 2751 3408 2.
2782 3356 2890 3425 ii).
2922 3356 3054 3423 Quia
3082 3356 3241 3426 igitur
3264 3357 3506 3427 graviora
3526 3400 3540 3423 ,
3572 3374 3730 3428 quam

2142 3461 2331 3502 omnes
2357 3446 2465 3513 alii,
2498 3446 2862 3517 patiebantun,
2889 3457 2942 3502 et
2968 3464 3073 3502 non
3106 3448 3267 3502 modo
3290 3450 3406 3504 sine
3430 3453 3731 3505 misericor-

2143 3538 2228 3593 dia
2257 3553 2383 3593 eum
2410 3539 2516 3592 illis
2539 3538 2814 3608 agebatur,
2841 3539 2935 3593 sed
2965 3539 3127 3593 etiam
3150 3540 3329 3594 omnia
3357 3540 3419 3595 iis
3448 3543 3733 3611 rapieban-

2145 3639 2229 3686 tur
2251 3640 2305 3687 et
2328 3630 2725 3693 auferebantur,
2754 3640 2806 3685 et
2832 3630 3065 3700 undique
3105 3632 3204 3701 ipsi
3233 3631 3565 3701 pellebantur
3584 3676 3597 3699 ,
3616 3633 3735 3702 jure

2142 3740 2330 3780 omnes
2374 3723 2441 3779 ad
2483 3739 2667 3779 eorum
2710 3723 3107 3793 suscipiendum
3142 3724 3490 3794 patrocinium
3518 3726 3730 3779 exciuit.

2145 3814 2446 3886 lterumque
2472 3816 2777 3872 Corinthios
2808 3816 3018 3870 illorum
3048 3817 3215 3886 gratia
3244 3816 3485 3871 hortatur
3509 3817 3594 3871 his
3615 3833 3737 3872 ver-

2144 3908 2226 3962 bis
2255 3926 2267 3960 :
2298 3907 2375 3962 De
2398 3907 2606 3961 collecta
2632 3917 2797 3961 autaut
2820 3909 2872 3960 in
2903 3918 3121 3974 sanctos,
3151 3908 3279 3962 sicut
3307 3908 3535 3962 ordinari
3566 3908 3736 3964 Eccle—

2143 3999 2230 4053 siis
2260 3998 2496 4065 Calatite,
2525 4001 2596 4053 sic
2622 4011 2669 4052 et
2696 4015 2780 4052 vos
2802 3999 2952 4068 facile
2972 3998 3045 4070 (1.
3077 3999 3195 4054 Cor.
3229 4000 3313 4054 16.
3350 4000 3422 4069 1).

2215 4091 2267 4145 ὅ.
2312 4091 2492 4161 Itaque
2517 4092 2731 4162 quinam
2765 4092 2836 4145 illi
2867 4092 3033 4145 sancti
3058 4092 3187 4159 sint,
3215 4100 3271 4146 et
3295 4108 3389 4146 cur
3408 4107 3595 4147 eorum
3625 4110 3734 4149 ma-

2137 4183 2311 4253 jorem
2356 4197 2538 4236 curam
2581 4192 2765 4252 gerat,
2806 4184 2914 4251 jam
2962 4183 3091 4237 satis
3138 4183 3564 4239 demonstratum
3613 4196 3733 4243 est:

2142 4275 2403 4344 reliquum
2454 4283 2536 4329 est
2585 4284 2643 4327 ut
2690 4288 2993 4343 qua-ramus
3039 4275 3198 4328 etiam
3226 4316 3243 4341 ,
3288 4290 3386 4329 cur
3428 4274 3732 4332 Galatarum

2142 4367 2464 4420 meminerit.
2496 4364 2605 4419 Cur
2641 4373 2815 4418 autem
2848 4381 2953 4419 non
2980 4366 3113 4419 dixit
3151 4384 3164 4418 :
3196 4367 3272 4422 De
3300 4369 3524 4423 collecta
3553 4380 3732 4424 autent

2145 4461 2196 4515 in
2238 4473 2451 4516 sanctos
2490 4460 2591 4514 hoc
2632 4458 2787 4514 facite
2818 4476 2831 4513 :
2863 4475 2965 4513 una
2997 4459 3339 4514 sabbatorum
3369 4463 3737 4533 unusquisque

2145 4561 2380 4607 vestrum
2412 4550 2549 4620 apud
2577 4566 2635 4606 se
2662 4559 2887 4620 seponat
2914 4549 3307 4616 thesaurizans;
3336 4552 3428 4608 sed
3456 4562 3734 4624 postquam

2143 4644 2396 4709 dixisset,
2433 4643 2511 4699 De
2541 4644 2751 4699 collecta
2785 4653 2953 4698 autem
2984 4644 3037 4697 in
3073 4654 3274 4697 sanctos
3298 4686 3312 4709 ,
3347 4646 3474 4698 sicut
3508 4647 3737 4700 ordinari

2146 4735 2387 4789 Ecclesiis
2413 4733 2630 4789 Galatiw
2648 4777 2662 4801 ,
2691 4736 2762 4788 sic
2791 4745 2837 4788 et
2871 4751 2958 4788 vos
2985 4735 3179 4804 facite?
3203 4735 3308 4791 Cur
3335 4735 3436 4790 hoc
3462 4736 3568 4807 agit
3596 4780 3611 4801 ,
3639 4755 3738 4792 nec

2144 4828 2300 4882 Unius
2345 4827 2636 4882 duarumve
2660 4869 2673 4891 ,
2705 4836 2793 4880 aut
2837 4827 2994 4880 trium
3026 4827 3295 4881 civitatum
3326 4830 3566 4884 meminit
3598 4874 3614 4896 ,
3640 4829 3736 4885 sed

2088 4974 2105 4993 θ
2142 4921 2315 4990 gentis
2345 4919 2600 4990 integre?
2639 4919 2704 4974 Ut
2729 4920 2897 4987 majus
2929 4919 3159 4973 studium
3192 4920 3525 4988 susciperent
3552 4963 3568 4986 ,
3598 4923 3735 4978 alio-

2145 5027 2368 5083 rumque
2387 5011 2570 5067 laudes
2593 5011 2808 5079 majoris
2825 5010 3288 5065 sibisemulationis
3305 5012 3518 5066 occasio
3534 5025 3733 5073 essent.

2144 5105 2347 5160 Deinde
2394 5104 2609 5158 modum
2635 5146 2649 5171 ,
2682 5119 2787 5174 quo
2813 5102 3102 5174 praecepit,
3133 5101 3369 5157 declarat
3402 5122 3415 5157 :
3450 5103 3555 5157 Per
3584 5119 3742 5159 unum

2143 5196 2371 5262 sabbati,
2401 5196 2606 5265 inquit,
2640 5197 2983 5264 unusquisque
3012 5204 3222 5250 vestrum
3246 5195 3387 5264 apud
3414 5212 3466 5249 se
3492 5208 3704 5266 seponat
3723 5238 3740 5262 ,

2144 5292 2418 5345 recondens
2444 5288 2579 5356 quod
2600 5290 2692 5343 sibi
2723 5289 2969 5358 placuerit
2994 5330 3008 5354 ,
3039 5298 3093 5341 ut
3116 5304 3216 5341 non
3242 5305 3356 5341 cum
3383 5304 3562 5343 uenero
3581 5330 3595 5354 ,
3623 5300 3743 5343 tunc

2145 5381 2365 5435 collecta:
2403 5380 2529 5447 ﬁant
2556 5381 2631 5450 (1.
2658 5377 2776 5433 Cor.
2803 5379 2889 5434 16.
2916 5378 2995 5451 2).
3026 5378 3196 5434 Unam
3227 5380 3572 5433 sabbatorum
3630 5376 3739 5434 Do-

2146 5471 2393 5526 minicam
2417 5472 2644 5526 vocavit.
2672 5469 2736 5524 Et
2756 5486 2850 5524 cur
2873 5470 3028 5525 talem
3052 5470 3191 5525 diem
3214 5471 3467 5525 oblationi
3490 5472 3741 5542 deputat?

2146 5580 2242 5618 cur
2273 5578 2379 5617 non
2407 5562 2577 5629 dixit,
2606 5562 2838 5616 secunda
2865 5562 3209 5616 sabbatorqu
3239 5571 3330 5615 aut
3367 5562 3521 5615 tertia
3552 5562 3739 5616 sabbav

2148 5664 2356 5720 torum,
2384 5662 2475 5709 aut
2512 5654 2562 5707 in
2593 5653 2723 5723 ipsis
2759 5652 3034 5708 sabbatis?
3074 5650 3191 5708 Non
3225 5661 3423 5708 temere
3457 5653 3694 5723 proiecto
3719 5694 3734 5715 .

2149 5760 2246 5800 nec
2275 5745 2391 5800 sine
2426 5759 2620 5810 causa;
2654 5743 2747 5799 sed
2775 5742 2915 5814 quod
2948 5743 3104 5799 vellet
3130 5757 3161 5797 a
3192 5745 3449 5813 temporis
3481 5752 3735 5814 opportu-

2151 5839 2313 5895 nitate
2331 5838 2524 5911 juvari,
2547 5847 2604 5896 ut
2624 5837 2794 5911 majus
2817 5836 3160 5897 offerentibus
3180 5837 3415 5895 studium
3435 5836 3733 5895 accederet.
