4006 6454
310 430 422 485 aas
469 391 478 398 ”

311 543 497 613 Neque
535 540 678 594 enim
711 552 872 608 parva
904 552 990 595 res
1027 538 1275 594 omnibus
1315 539 1366 594 in
1395 538 1621 610 negotiis
1647 540 1904 610 temporis

312 632 708 704 Opportunitas.
758 630 822 685 Et
857 631 983 700 quid
1004 672 1020 698 ,
1052 631 1201 686 dices
1223 672 1240 698 ,
1285 632 1698 701 opportunitatis
1745 631 1904 686 habet

310 735 524 793 tempus
547 763 563 789 ,
606 732 662 776 ut
699 724 824 792 quis
861 721 1243 792 persuadeatur
1288 724 1687 795 eleemosynam
1730 723 1905 778 dare?

309 815 465 884 Quod
493 815 592 869 hac
621 815 708 869 die
734 814 802 869 ab
841 815 987 868 omni
1017 830 1179 885 opere
1203 823 1448 871 cessctur
1468 857 1483 882 ,
1515 815 1656 886 quod
1687 815 1904 870 hilarior

308 909 523 962 animus
548 922 610 960 ex
641 906 740 960 hac
763 905 942 976 quiete
969 907 1238 973 reddatur,
1260 908 1505 978 quodque
1525 911 1761 962 omnium
1791 923 1904 962 ma-

308 1001 514 1051 ximum
545 1007 627 1052 est
651 1039 666 1064 ,
699 997 837 1067 quod
870 997 960 1052 illo
989 997 1076 1053 die
1113 998 1407 1053 innumeris
1445 998 1683 1053 fruamur
1724 999 1895 1054 bonis.

309 1089 425 1146 Hac
452 1090 647 1160 quippe
671 1089 759 1144 die
781 1089 954 1144 soluta
981 1104 1129 1144 mors
1156 1098 1258 1154 est,
1287 1090 1546 1144 exstincta
1573 1089 1898 1156 maledictio,

307 1181 546 1235 deletum
587 1191 861 1250 peccatum
887 1221 902 1246 ,
933 1189 1099 1250 porta:
1139 1181 1291 1236 inferi
1331 1181 1651 1246 confracta,
1694 1182 1901 1236 vinctus

306 1273 556 1328 diabolus
575 1314 590 1340 ,
621 1272 930 1327 diuturnum
956 1273 1154 1328 bellum
1185 1273 1507 1344 diremptum
1532 1315 1548 1339 ,
1575 1273 1898 1329 reconciliati

305 1366 422 1421 Deo
462 1364 707 1420 homines
730 1407 745 1431 ,
774 1375 1124 1437 nostrumque
1161 1380 1329 1437 genus
1354 1366 1419 1420 ad
1447 1366 1721 1437 pristinam
1746 1407 1762 1430 ,
1792 1366 1899 1421 imo

304 1459 488 1528 potius
513 1459 578 1512 ad
604 1458 762 1529 longe
788 1459 1043 1528 majorem
1081 1458 1411 1514 nobilitatem
1437 1458 1594 1513 rediit
1621 1475 1635 1511 :
1664 1459 1898 1529 viditque

300 1553 389 1608 sol
419 1551 784 1606 admirandum
813 1552 940 1606 illud
969 1552 1332 1622 spectaculum
1354 1594 1369 1618 ,
1401 1551 1671 1607 hominem
1698 1552 1896 1606 factum

303 1645 687 1700 immortalem.
720 1644 845 1699 Haec
873 1645 1049 1699 omnia
1075 1653 1129 1700 ct
1159 1646 1278 1699 talia
1311 1645 1494 1699 volens
1520 1645 1633 1714 ipse
1664 1644 1816 1699 nobis
1843 1645 1894 1698 in

304 1735 623 1790 memoriam
645 1750 915 1801 revocare,
940 1736 1079 1790 diem
1103 1735 1248 1789 illuni
1270 1735 1322 1789 in
1345 1735 1576 1790 medium
1589 1735 1895 1801 attulit,ceu

302 1829 361 1884 in
396 1829 712 1884 advocatum
743 1829 889 1883 illum
909 1843 1212 1894 assumens,
1243 1838 1300 1883 ut
1328 1829 1548 1898 singulis
1576 1827 1717 1882 dicat
1743 1845 1758 1881 :
1786 1827 1894 1882 Co-

299 1923 435 1990 gita,
462 1919 640 1986 homo,
670 1928 800 1990 quot.
821 1920 1167 1989 qualibusque
1189 1920 1342 1974 bonis
1361 1919 1590 1975 donatus
1609 1921 1683 1974 sis
1712 1920 1892 1987 hodie,

301 2022 440 2082 quot
469 2011 786 2081 quantisque
826 2011 979 2064 malis
1007 2020 1223 2080 ereptus
1254 2028 1267 2063 τ
1297 2011 1468 2080 qualis
1494 2026 1614 2064 cum
1641 2012 1786 2080 prius
1811 2025 1896 2065 es-

299 2117 415 2161 ses,
448 2103 615 2171 qualis
642 2111 823 2172 postea
852 2101 1019 2156 factus
1049 2102 1143 2156 sis.
1171 2101 1323 2169 Quod
1349 2102 1392 2155 si
1421 2101 1536 2156 dies
1565 2101 1766 2156 natales
1793 2116 1892 2156 no-

298 2203 445 2247 stros
472 2195 777 2258 recolintus,
807 2194 955 2248 multi
985 2203 1160 2248 autem
1187 2194 1326 2248 servi
1357 2195 1516 2249 etiam
1545 2209 1639 2250 eos
1657 2235 1672 2259 ,
1701 2195 1893 2264 quibus

297 2284 550 2340 libertate
577 2284 756 2340 donati
785 2298 940 2350 sunt,
974 2300 1166 2356 magno
1193 2299 1312 2340 cum
1346 2284 1550 2340 honore
1578 2287 1851 2341 celebrant
1873 2329 1888 2354 ,

299 2379 375 2431 ita
409 2387 463 2430 ut
492 2377 579 2432 alii
605 2379 846 2432 convivia
875 2377 1099 2442 faciant,
1133 2376 1220 2430 alii
1247 2385 1424 2432 autem
1454 2377 1729 2433 liberiores
1752 2363 1889 2432 dona

297 2470 597 2540 largiantur
623 2487 638 2523 :
665 2470 833 2524 multo
863 2470 1029 2538 magis
1057 2483 1154 2523 nos
1186 2470 1326 2524 hunc
1355 2469 1492 2524 diem
1525 2470 1765 2524 venerari
1797 2484 1891 2539 par

295 2573 402 2626 est,
434 2577 590 2633 quem
621 2579 728 2617 non
753 2565 1030 2630 erraverit,
1059 2562 1103 2616 si
1131 2563 1250 2633 quis
1275 2563 1434 2618 totius
1463 2563 1705 2618 humana:
1731 2573 1888 2618 natu-

295 2671 376 2711 ra!
403 2657 542 2710 dictn
569 2655 799 2711 natalem
829 2656 1114 2711 vocaverit.
1164 2655 1359 2710 Perditi
1391 2656 1532 2710 enim
1559 2671 1802 2722 eramus,
1835 2666 1888 2711 et

297 2750 500 2804 inventi
533 2765 750 2814 sumus;
783 2749 1014 2815 mortui,
1043 2757 1097 2803 et
1124 2748 1438 2814 revisimus;
1473 2748 1694 2813 inimici,
1721 2758 1774 2804 et
1798 2764 1887 2804 re-

293 2841 570 2895 conciliati
611 2855 815 2895 sumus.
860 2840 1198 2912 Quapropter
1225 2855 1347 2896 eum
1389 2841 1591 2896 honore
1626 2841 1886 2911 spirituali

292 2935 480 2990 colere
504 2951 598 3006 par
618 2946 719 3000 est,
739 2950 841 2989 non
863 2936 1142 2998 conviviis,
1157 2951 1262 2990 non
1285 2936 1390 2990 vini
1415 2945 1560 3006 potu,
1587 2953 1691 2992 non
1714 2938 1888 2993 ebrie-

294 3035 433 3092 tate,
460 3042 563 3079 non
592 3026 852 3096 tripudiis,
877 3025 968 3080 scd
995 3025 1244 3080 fratribus
1269 3027 1464 3081 nostris
1488 3029 1886 3098 pauperioribus

294 3118 368 3171 ad
399 3134 574 3172 rerum
603 3121 808 3188 copiam
839 3117 1100 3173 adductis.
1140 3117 1264 3173 Haec
1291 3118 1410 3173 dico
1439 3135 1545 3173 non
1577 3129 1633 3174 ut
1661 3120 1886 3176 laudetis

294 3218 527 3275 tantum,
560 3209 655 3263 scd
683 3217 741 3262 ut
769 3209 926 3263 etiam
961 3209 1259 3264 imitemini.
1288 3209 1366 3264 Ne
1387 3211 1582 3280 putetis
1609 3211 1747 3266 enim
1773 3212 1888 3267 lucc

297 3300 369 3354 ad
391 3301 695 3355 Corinthios
712 3301 882 3356 solum
904 3301 1044 3357 dicta
1067 3302 1248 3370 fuisse,
1269 3303 1363 3358 sed
1385 3304 1542 3358 etiam
1560 3305 1625 3359 ad
1646 3315 1884 3360 nostrum

293 3391 536 3462 singulos
555 3399 604 3446 et
627 3391 695 3447 ad
719 3393 1017 3457 universos,
1040 3393 1128 3463 qui
1152 3403 1270 3463 post
1292 3393 1454 3449 fttturi
1479 3403 1623 3449 sunt.
1654 3396 1882 3466 ldipsum

293 3498 427 3538 vero
458 3483 709 3538 faciamus
728 3483 870 3554 quod
893 3483 1089 3538 Paulus
1116 3485 1366 3555 prmeepit
1393 3503 1408 3540 :
1437 3493 1490 3540 et
1508 3485 1594 3542 die
1619 3486 1885 3543 dominico

295 3575 664 3647 unusquisque
693 3585 934 3632 nostrum
963 3575 1106 3631 domi
1137 3593 1268 3647 opes
1293 3577 1587 3634 dominicas
1617 3590 1839 3650 reponat
1869 3598 1881 3634 :

293 3668 473 3737 sitque
515 3667 617 3724 hoc
643 3668 728 3723 lex
757 3679 812 3724 et
835 3669 1165 3724 consuetudo
1194 3671 1555 3738 immutabilis,
1590 3688 1760 3743 neque
1785 3673 1882 3728 atl-

293 3759 594 3816 monitione
618 3759 874 3830 deinceps
902 3759 986 3814 vel
1012 3761 1236 3815 consilio
1258 3775 1392 3830 opus
1417 3761 1520 3816 erit
1549 3762 1704 3817 nobis
1733 3781 1746 3817 :
1774 3778 1880 3817 non

293 3851 441 3906 enim
469 3858 671 3906 tantum
707 3851 848 3906 valet
875 3865 1054 3906 sermo
1081 3859 1136 3905 et
1158 3850 1486 3918 admonitio,
1518 3861 1770 3924 quantum
1801 3855 1881 3909 in-

294 3951 538 3998 Veterata
577 3943 928 3999 consuetudo.
960 3941 1017 4000 Si
1061 3943 1166 3998 hoc
1200 3953 1494 3999 statuamus
1517 3986 1533 4012 ,
1561 3954 1621 3999 ut
1663 3947 1884 4016 singulis

293 4033 584 4090 dominicis
603 4034 802 4105 aliquid
828 4035 880 4089 in
902 4033 1197 4090 subsidium
1220 4049 1511 4106 pauperum
1533 4035 1880 4106 deponamus,

293 4141 368 4182 ne
395 4125 606 4196 quidem
634 4125 678 4182 si
705 4134 970 4182 sexcenta:
992 4134 1214 4197 urgeant
1235 4127 1602 4193 necessitates,
1633 4127 1770 4183 hanc
1802 4128 1878 4184 le-

292 4233 416 4290 gem
449 4218 915 4288 transgrediemur.
1447 4266 1450 4269 .

371 4308 558 4364 Optme:
581 4307 948 4380 eleemosynam
968 4324 1060 4378 pro
1081 4308 1264 4364 viribus
1284 4309 1408 4363 dare
1424 4319 1651 4380 oportet;
1679 4311 1886 4365 eleemo-

290 4417 424 4470 syna
443 4416 559 4452 cum
594 4398 782 4470 gaudio
819 4399 1112 4470 eroganda;
1139 4400 1466 4470 eleemosynw
1488 4401 1632 4455 ritus.
1653 4401 1885 4456 -—Post-

290 4505 612 4560 quamvero
636 4489 805 4553 dixit,
837 4489 939 4543 Per
965 4507 1117 4544 unam
1142 4490 1332 4544 sabbati
1355 4532 1369 4554 ,
1404 4491 1672 4555 subdidit,
1708 4491 1882 4546 Unus-

289 4579 502 4648 quisque
529 4589 762 4633 vestrum.
793 4577 910 4634 Non
939 4578 1135 4634 divites
1166 4587 1366 4633 tantum
1394 4579 1656 4650 alloquor,
1693 4581 1880 4651 inquit,

291 4671 391 4726 sed
434 4671 592 4725 etiam
625 4684 921 4741 pauperes;
957 4686 1062 4726 non
1091 4671 1288 4726 liberos
1327 4680 1528 4726 tantum
1555 4713 1572 4739 ,
1601 4674 1695 4728 sed
1722 4675 1881 4729 etiam

290 4777 513 4828 servos;
559 4778 666 4818 non
690 4763 834 4818 viros
859 4763 1019 4817 modo
1044 4804 1058 4826 ,
1088 4764 1179 4818 sed
1205 4773 1262 4818 et
1285 4764 1536 4820 mulieres
1567 4783 1580 4820 :
1613 4765 1785 4820 nullus
1816 4767 1885 4822 sit

290 4855 364 4907 ab
391 4853 491 4909 hoc
517 4854 812 4910 ministerio
842 4855 1110 4922 immunis,
1140 4870 1310 4925 neque
1339 4855 1440 4910 hoc
1471 4857 1842 4916 lucro,v:tcuus
1861 4899 1876 4922 ,

289 4945 390 4998 sed
425 4945 786 5016 unusquisque
815 4945 1041 5000 offerat:
1068 4961 1239 5016 neque
1269 4945 1537 5001 collationi
1564 4946 1686 5000 huic
1712 4947 1883 5002 obstet

291 5035 492 5103 inopia.
517 5035 1016 5105 Quantumcumque
1035 5037 1176 5090 enim
1199 5050 1400 5106 pauper
1419 5037 1511 5101 sis,
1541 5051 1647 5092 non
1673 5053 1733 5092 es
1753 5053 1885 5106 pau-

287 5126 473 5195 perior
498 5125 652 5180 vidua
684 5127 772 5181 illa
792 5168 807 5193 ,
839 5143 960 5196 quas
985 5142 1197 5183 omnem
1227 5127 1577 5183 substantiam
1609 5143 1758 5184 suam
1787 5144 1882 5185 ex-

288 5215 474 5269 hausit
499 5215 517 5286 (
545 5215 668 5270 Luc.
693 5217 785 5271 2i.
809 5217 948 5287 2-4).
1000 5218 1497 5290 Quantumcumque
1534 5235 1734 5290 pauper
1771 5221 1877 5284 sis,

288 5322 398 5360 non
423 5321 482 5361 es
503 5310 789 5379 pauperior
815 5311 1040 5365 muliere
1065 5309 1302 5376 Sidonia,
1330 5325 1450 5380 quae
1478 5312 1598 5367 licet
1625 5312 1880 5381 pugillum

289 5399 478 5454 farinae
511 5410 714 5455 tantum
748 5401 1003 5467 haberet,
1034 5419 1101 5456 ne
1129 5403 1205 5457 sic
1235 5403 1447 5473 quidem
1473 5403 1540 5456 ab
1567 5401 1882 5471 excipiendo

287 5491 553 5561 propheta
581 5494 812 5548 cohibita
835 5504 950 5559 est;
979 5495 1071 5549 sed
1105 5497 1225 5550 licet
1249 5496 1655 5550 circumstantes
1685 5496 1880 5550 liberos

286 5583 517 5648 videret,
552 5593 934 5655 urgentemque
962 5585 1152 5640 famem
1176 5625 1191 5649 ,
1223 5601 1396 5654 neque
1425 5585 1563 5638 aliud
1591 5585 1878 5654 quidquam

285 5678 516 5734 haberet
539 5678 839 5747 depositum
861 5719 874 5740 ,
905 5694 1092 5750 magna
1119 5694 1239 5734 cum
1269 5678 1538 5733 alacritate
1564 5677 1876 5748 prophetam

283 5769 500 5839 excepit
524 5769 598 5838 (3.
624 5768 751 5840 Reg.
788 5771 871 5824 17.
909 5771 992 5826 10.
1025 5769 1180 5839 δαίμ),
1211 5769 1324 5836 Qua
1355 5785 1480 5824 vero
1509 5770 1576 5824 de
1604 5785 1764 5824 causa
1791 5769 1874 5822 di—

287 5860 391 5928 xit,
419 5859 567 5930 Apud
593 5877 644 5915 se
668 5870 873 5928 seponat
899 5861 1239 5916 tltcsam'izans
1263 5863 1336 5932 (l.
1365 5860 1480 5917 Cor.
1510 5863 1591 5918 16.
1616 5862 1710 5932 2)?
1735 5862 1867 5928 Quia

1595 424 1684 480 DE
1724 422 2208 481 ELEEMOSYNA.

3495 442 3598 500 966

2014 538 2248 595 fortasse
2276 554 2397 596 cum
2429 542 2695 599 modicum
2725 555 2900 613 esset,
2935 548 2984 602 id
3013 551 3294 608 ostendere
3325 558 3608 615 verebatur

2014 639 2068 684 et
2088 630 2457 687 erubescebat.
2484 632 2818 704 Quapropter
2837 638 2988 704 dixit,
3015 639 3095 695 Tu
3118 657 3270 698 serva
3290 655 3347 700 et
3368 650 3604 715 custodi,

2009 730 2063 774 ct
2083 736 2204 776 cum
2228 722 2556 779 oblationem
2581 725 2872 798 frequentia
2894 732 3036 801 quod
3061 749 3279 802 parvum
3301 749 3436 804 erat,
3462 741 3599 796 mul-

2014 823 2124 866 tum
2143 811 2388 868 effectum
2407 814 2586 880 fuerit,
2615 827 2740 872 tunc
2767 819 2819 874 in
2842 821 3074 876 medium
3097 827 3392 892 producito.
3417 829 3602 900 Neque

2006 902 2159 967 dixit,
2178 906 2452 975 colligens,
2472 907 2565 962 sed
2587 907 2958 966 Tltesaurizans
2971 927 2990 976 ;
3009 923 3063 968 ut
3090 916 3285 983 discas,
3305 934 3598 989 expensam

2008 995 2150 1052 illam
2178 1011 2300 1052 esse
2321 997 2652 1068 thesaurum,
2671 1000 2792 1072 quia
2817 1012 3060 1073 sumptus
3077 1007 3165 1061 ille
3183 1009 3465 1066 thesaurus
3484 1014 3600 1069 em-

2005 1087 2144 1142 citur
2169 1107 2182 1142 :
2205 1087 2504 1157 thesaurus,
2530 1091 2765 1161 inquam,
2790 1095 2932 1148 omni
2959 1097 3209 1153 thesauro
3230 1101 3441 1158 melior.
3465 1104 3596 1161 Nam

2007 1178 2111 1243 hic,
2135 1181 2226 1250 qui
2250 1183 2349 1237 sub
2369 1198 2584 1238 sensum
2613 1185 2774 1252 cadit,
2797 1187 3081 1244 thesaurus
3101 1191 3303 1248 insidiis
3325 1195 3598 1266 impetitur

2003 1281 2058 1327 et
2083 1273 2446 1341 imminuitur,
2481 1292 2730 1348 saapeque
2758 1294 2885 1343 eos,
2913 1283 3000 1351 qui
3035 1282 3207 1352 ipsum
3239 1286 3590 1355 invenerant,

2005 1366 2235 1436 perdidit
2281 1385 2295 1422 :
2343 1369 2624 1426 thesaurus
2670 1387 2802 1427 vero
2846 1374 3076 1430 caelestis
3116 1390 3310 1446 secus;
3355 1379 3593 1438 imminui

2003 1470 2235 1526 namque
2253 1467 2308 1513 et
2327 1459 2534 1516 insidiis
2559 1461 2743 1532 impeti
2796 1465 2995 1536 nequit,
3027 1466 3172 1523 salus
3197 1471 3596 1538 possidentibus

2001 1557 2057 1602 et
2081 1548 2490 1618 accipientibus.
2520 1551 2636 1608 Non
2668 1562 2909 1624 tempore
2937 1561 3289 1625 consumitur,
3321 1577 3427 1616 non
3457 1566 3594 1631 perit

2001 1635 2194 1692 invidia
2221 1681 2237 1706 ,
2269 1640 2364 1696 sed
2397 1643 2588 1698 talibus
2614 1659 2834 1714 prorsus
2858 1647 3064 1702 insidiis
3091 1649 3397 1707 inaccessos
3420 1695 3436 1720 ,
3464 1668 3590 1708 sex-

2000 1741 2155 1786 centa
2187 1733 2559 1805 colligentibus
2588 1736 2798 1792 confert
2827 1737 2985 1794 bona.

2071 1823 2124 1877 4.
2165 1823 2610 1895 Obtemperemus
2634 1827 2794 1897 igitur
2813 1869 2826 1893 ,
2853 1838 2908 1884 et
2931 1830 3012 1884 sic
3035 1846 3133 1887 nos
3160 1832 3256 1902 ipsi
3288 1834 3544 1891 faciamus
3573 1854 3589 1893 :

1998 1912 2211 1982 sintque
2232 1929 2400 1969 sacrm
2423 1918 2662 1986 pecunias
2681 1919 2732 1972 in
2752 1918 2997 1975 domibus
3019 1925 3218 1977 nostris
3231 1939 3351 1979 cum
3376 1927 3592 1995 privatis

1999 2004 2190 2072 opibus
2211 2008 2479 2076 reposiue,
2507 2017 2560 2062 ut
2582 2024 2676 2078 per
2697 2024 2792 2065 eas
2817 2011 3036 2080 privatae
3058 2012 3164 2068 illa:
3184 2027 3587 2073 conserventur.

1995 2095 2455 2162 Quemadmodum
2500 2100 2643 2156 enim
2671 2100 2724 2156 in
2752 2104 2912 2173 regiis
2937 2105 3164 2170 mrariis,
3193 2107 3237 2161 si
3267 2109 3465 2166 subditi
3491 2127 3589 2167 cu-

1989 2186 2203 2256 jusdam
2237 2191 2476 2260 pecunia:
2502 2192 2774 2258 intersint,
2807 2195 3026 2263 privata:
3052 2197 3316 2267 regiarum
3345 2214 3504 2256 causa
3534 2204 3586 2258 in

1997 2286 2112 2334 tuto
2134 2281 2464 2337 collocantur
2488 2302 2503 2339 :
2526 2285 2608 2340 sic
2631 2294 2684 2340 et
2709 2286 2752 2340 si
2780 2285 2923 2341 domi
2951 2290 3212 2359 repositas
3237 2291 3434 2348 habeas
3459 2311 3590 2365 pau-

1993 2383 2181 2438 perum
2205 2373 2474 2441 pecunias,
2503 2389 2636 2445 quas
2661 2375 2750 2432 die
2773 2377 3041 2433 dominico
3065 2381 3286 2452 colligas
3304 2424 3319 2445 ,
3349 2383 3455 2438 ilhc
3481 2387 3588 2442 tuis

1993 2464 2334 2520 securitatem
2367 2468 2594 2535 parient.
2643 2467 2717 2524 Ita
2743 2469 3082 2539 dispensator
3105 2473 3212 2526 eris
3238 2475 3584 2544 pecuniarum

1995 2560 2204 2608 tuarum
2236 2571 2264 2609 a
2297 2556 2458 2611 Paulo
2486 2560 2827 2615 constitutus.
2869 2560 3004 2628 Quid
3035 2561 3192 2616 dico?
3222 2564 3311 2618 Em
3335 2581 3454 2636 qua:
3471 2567 3585 2637 jam

1993 2645 2232 2700 collecta:
2253 2648 2317 2702 ad
2346 2649 2523 2718 plures
2543 2651 2870 2723 colligendas
2891 2655 3225 2711 occasionem
3253 2657 3344 2713 tibi
3363 2674 3582 2716 ansam-

1991 2752 2095 2806 que
2127 2740 2459 2808 praebebunt.
2511 2741 2565 2798 Si
2596 2745 2738 2798 enim
2767 2745 2920 2800 home
2948 2745 3071 2800 huic
3093 2750 3464 2804 consuetudini
3494 2753 3581 2806 in-

1992 2831 2140 2884 itium
2171 2830 2403 2897 dederis,
2429 2835 2542 2904 ipse
2571 2823 2797 2905 teipsum
2828 2838 3066 2893 excitare
3096 2842 3295 2909 poteris
3323 2841 3439 2897 sine
3471 2843 3585 2897 ullo

1989 2922 2254 2993 symbolo.
2289 2923 2365 2978 Sit
2396 2926 2554 2995 igitur
2582 2925 2684 2981 hoc
2711 2927 2870 2983 modo
2897 2929 3154 2999 cujusque
3180 2930 3371 2986 domus
3401 2935 3580 2987 cccle-

1989 3013 2089 3077 sia,
2123 3014 2289 3070 sacris
2319 3017 2558 3084 pecuniis
2597 3018 2739 3074 intus
2779 3021 3048 3090 repositis.
3099 3022 3388 3078 Enimvero
3419 3038 3584 3094 gazo-

1994 3103 2234 3175 pltylacia
2257 3148 2271 3172 ,
2299 3122 2417 3178 qua:
2442 3108 2528 3164 hic
2556 3109 2820 3165 habentur
2837 3153 2852 3176 ,
2877 3112 3086 3166 illarum
3115 3114 3414 3184 symbolum
3436 3125 3581 3172 sunt.

1991 3195 2090 3252 Ubi
2119 3214 2408 3269 pauperum
2433 3202 2673 3271 pecunia:
2693 3202 2897 3273 jacent,
2924 3203 3229 3260 inaccessos
3248 3206 3582 3264 daemonibus

1989 3305 2073 3352 est
2097 3298 2246 3353 locus
2276 3315 2288 3352 :
2318 3298 2560 3354 collecta:
2585 3316 2816 3370 namque
2834 3301 2900 3354 ad
2924 3302 3320 3373 eleemosynam
3346 3306 3585 3373 pecunias

1990 3390 2130 3460 plus,
2154 3406 2313 3461 quam
2336 3401 2566 3456 scutum,
2590 3391 2763 3458 hasta,
2786 3401 2839 3447 et
2858 3407 3028 3459 arma,
3055 3408 3319 3463 omneque
3343 3396 3584 3464 corporis

1990 3481 2278 3547 robur,aut
2299 3481 2523 3536 militum
2547 3496 2736 3537 manus
2762 3483 2950 3538 domos
2971 3483 3234 3538 muniunt.
3257 3484 3390 3539 Cum
3413 3485 3583 3540 dixis-

1988 3584 2072 3630 set
2107 3585 2235 3644 ergo
2259 3617 2274 3640 ,
2304 3574 2520 3644 quando
2545 3616 2559 3640 ,
2589 3590 2618 3629 a
2647 3574 2840 3645 quibus
2871 3583 2925 3630 et
2966 3575 3233 3645 quomodo
3278 3575 3583 3647 hujusmodi

1990 3669 2229 3738 pecunia:
2257 3667 2572 3739 eolligenda:
2601 3669 2730 3731 siut,
2759 3678 2986 3738 quantas
3027 3669 3144 3723 illas
3187 3684 3308 3724 esse
3335 3678 3581 3738 oporteat

1989 3758 2325 3814 oﬂ’erenlium
2341 3760 2563 3815 arbitrio
2581 3759 2850 3829 relinquit.
2873 3759 2988 3814 Non
3009 3759 3150 3814 enim
3168 3758 3331 3826 dixit,
3350 3760 3578 3814 Tantum

1989 3862 2044 3910 et
2074 3862 2279 3908 tantum
2309 3852 2463 3919 oﬂ'er,
2492 3867 2560 3907 ne
2586 3865 2873 3906 onerosum
2902 3851 2973 3906 sit
3001 3859 3325 3921 prteceptum
3351 3892 3366 3916 ,
3399 3852 3581 3906 multis

1993 3954 2358 4015 paupertatem
2403 3943 2811 4014 objicientibus;
2860 3958 2929 3998 ne
2975 3957 3238 4012 pauperes
3289 3943 3527 3998 dicerent
3561 3984 3577 4006 ,

1993 4039 2129 4107 Quid
2153 4039 2311 4110 igitur
2334 4038 2379 4093 si
2403 4053 2506 4091 non
2531 4036 2836 4105 possimus?
2860 4035 2956 4090 sed
2983 4035 3218 4089 facultati
3241 4034 3580 4090 offerentium

1990 4129 2278 4184 oblationis
2303 4129 2521 4184 modum
2552 4127 2792 4198 permisit
2824 4144 2837 4181 :
2874 4125 3250 4197 Unusquisque,
3279 4127 3468 4197 inquit,
3499 4144 3580 4181 ee-

1989 4231 2151 4275 strum
2175 4219 2322 4292 apud
2333 4239 2386 4275 se
2408 4229 2616 4290 seponat
2642 4219 2988 4272 tltesaurizans
3012 4217 3148 4289 quod
3192 4216 3292 4269 sibi
3329 4213 3587 4284 placuerit

1992 4311 2083 4384 (Ι.
2115 4311 2234 4368 Cor.
2266 4311 2352 4367 16.
2385 4310 2464 4382 2)
2496 4330 2508 4366 :
2549 4325 2656 4365 non
2685 4310 2838 4372 dixit,
2869 4307 3011 4378 quod
3041 4307 3291 4378 potuerit,
3323 4316 3415 4363 aut
3438 4307 3580 4377 quod

1991 4412 2263 4473 repertum
2294 4403 2485 4467 fuerit;
2518 4403 2612 4459 sed
2638 4444 2652 4467 ,
2688 4400 2838 4467 Quod
2864 4401 2958 4454 sibi
2987 4401 3262 4470 placuerit,
3292 4399 3410 4454 sive
3433 4401 3576 4469 quod

1990 4495 2330 4550 commodum
2359 4494 2537 4555 fuerit,
2561 4493 2850 4548 ostendens
2880 4506 3168 4561 supernum
3198 4501 3386 4544 nututn
3412 4499 3465 4545 et
3487 4491 3581 4545 lie-

1990 4584 2348 4639 nevolentiam
2375 4583 2475 4653 ipsi
2503 4581 2804 4636 adfuturam
2829 4595 2969 4635 esse.
3011 4579 3126 4633 Non
3153 4579 3293 4634 enim
3323 4579 3376 4634 id
3401 4580 3578 4633 solum

1991 4673 2265 4742 spectabat
2308 4672 2506 4727 Paulus
2537 4713 2552 4737 ,
2600 4680 2657 4725 ut
2707 4670 2944 4739 pecuniae
2992 4669 3315 4738 pauperibus
3371 4669 3578 4723 submi-

1992 4765 2349 4820 nistrarentur
2374 4805 2388 4828 ,
2417 4761 2511 4817 sed
2541 4770 2598 4815 ut
2632 4761 2684 4815 id
2715 4775 2902 4831 magna
2945 4775 3065 4814 cum
3093 4758 3369 4814 alacritate
3404 4758 3578 4813 ﬁeret.

1995 4855 2200 4908 Etenim
2229 4855 2367 4909 Deus
2383 4869 2489 4908 non
2509 4853 2579 4907 oh
2599 4852 2650 4907 id
2673 4860 2871 4906 tantum
2889 4850 3284 4922 eleemosynam
3305 4851 3580 4919 pra'cepil,

1991 4957 2050 5002 ut
2071 4948 2284 5002 alantur
2311 4946 2486 5017 egeni,
2514 4943 2608 5000 sed
2635 4945 2798 5000 etiam
2830 4952 2887 4998 ut
2915 4942 3168 4998 dantibus
3198 4940 3454 4997 beneficia
3483 4956 3578 4995 ae-

1989 5039 2275 5104 cederent;
2305 5045 2627 5106 propterque
2655 5035 2757 5089 hos
2778 5034 2945 5103 magis
2963 5073 2980 5100 ,
3008 5048 3166 5104 quam
3197 5042 3414 5102 propter
3440 5032 3576 5086 illos.

1989 5128 2122 5184 Nam
2150 5129 2194 5183 si
2223 5141 2512 5198 pauperum
2539 5125 2816 5180 dumtaxat
2842 5124 3115 5179 habuisset
3137 5124 3424 5186 rationem,
3446 5138 3577 5189 [meo

1989 5219 2220 5291 cepisset
2251 5228 2453 5272 tantum
2491 5227 2548 5272 ut
2579 5217 2818 5287 pecunia:
2843 5225 3194 5285 erogarentur
3213 5255 3229 5280 ,
3262 5228 3432 5282 neque
3460 5227 3583 5265 cro-

1988 5313 2222 5384 gantium
2237 5312 2560 5365 alacrilalcm
2581 5308 2940 5378 requisivisset
2962 5325 2976 5360 :
2991 5317 3044 5360 at
3061 5307 3198 5360 nunc
3213 5305 3360 5358 vides
3375 5311 3585 5370 aposto-

1991 5406 2100 5459 lum
2118 5405 2260 5458 on'tni
2279 5403 2633 5458 sollicitudine
2648 5402 3063 5472 prmeipientem,
3081 5409 3135 5451 ut
3151 5397 3252 5450 lteti
3273 5395 3577 5464 hilaresque

1988 5498 2094 5551 sint
2119 5497 2416 5567 largitores.
2451 5496 2514 5548 Et
2537 5491 2824 5563 aliquando
2848 5491 2993 5554 dicit,
3025 5488 3143 5541 Non
3163 5503 3224 5540 ea:
3245 5486 3466 5551 tristitia,
3489 5495 3579 5540 aut

1990 5606 2052 5645 ea:
2095 5593 2383 5644 necessitate
2409 5604 2429 5641 :
2453 5587 2666 5641 hilarem
2702 5585 2832 5638 enim
2866 5582 3093 5635 datorem
3119 5579 3284 5650 diligit
3315 5577 3449 5632 Deus
3480 5577 3575 5648 (9..

1991 5678 2108 5734 Cor.
2127 5679 2180 5734 9.
2213 5679 2303 5748 7);
2338 5693 2441 5730 non
2469 5675 2781 5745 simpliciter
2805 5671 3046 5726 datorem
3071 5711 3085 5735 ,
3119 5669 3213 5724 sed
3239 5685 3360 5724 eum
3389 5669 3477 5738 qui
3512 5668 3578 5722 li-

1988 5770 2178 5824 benter
2205 5769 2254 5823 id
2285 5769 2408 5838 agit.
2446 5767 2512 5822 Et
2542 5767 2732 5821 iterum
2764 5763 2888 5817 alibi
2921 5781 2935 5817 :
2971 5763 3072 5831 Qui
3099 5761 3277 5815 tribuit
3299 5762 3351 5813 in
3375 5760 3576 5830 simpli-

1988 5865 2156 5925 ritate,
2187 5863 2270 5926 qui
2297 5866 2472 5926 pra‘est
2503 5857 2552 5912 in
2581 5853 2942 5920 soilidtudine,
2971 5853 3054 5924 qui
3083 5853 3345 5907 miseretur
3370 5851 3423 5905 in
3451 5851 3580 5904 hila-
