4006 6410
483 408 592 464 267

471 527 638 574 .ritate
668 516 843 586 (Rom.
877 514 962 567 12.
991 511 1065 583 8).
1103 511 1225 564 Ηςυο
1251 520 1326 563 cst
1357 513 1497 562 enim
1527 509 1863 578 eleemosyna
1887 549 1900 572 ,
1929 507 1972 560 si
1999 506 2069 559 ita

489 609 725 673 dederis,
747 615 803 660 ut
825 603 1076 675 gaudeas,
1105 608 1159 654 et
1181 608 1334 669 putes
1357 608 1408 652 te
1435 597 1602 666 magis
1626 598 1887 665 accipere,
1913 610 2070 664 quam

488 701 636 754 dare.
672 699 898 765 Ideoque
937 693 1107 746 modis
1135 691 1384 745 omnibus
1409 697 1630 742 conatur
1657 697 1716 741 ut
1750 688 1867 742 leve
1915 684 2074 739 faciat

491 797 832 860 pra‘cepfum,
849 802 913 842 ac
929 801 1050 840 cum
1073 783 1348 838 alacritate
1371 780 1460 834 fiat
1476 781 1694 834 oblatio.
1717 780 1781 832 Et
1795 776 2070 832 considera

485 895 614 956 quot
639 879 902 952 capitibus
932 876 1184 948 praecepti
1214 873 1419 944 pondus
1456 871 1669 926 auferre
1697 877 1920 939 satagat.
1952 867 2070 923 Pri-

485 993 572 1032 mo
615 975 768 1044 jubet
807 986 914 1025 non
954 985 1116 1023 unum
1146 1009 1159 1032 ,
1193 975 1286 1021 aut
1323 965 1462 1020 duos
1494 975 1670 1020 tresve
1703 962 1898 1017 offerre
1922 1002 1936 1025 ,
1976 959 2072 1016 sed

484 1069 789 1121 universam
820 1061 1111 1117 civitatem.
1151 1058 1387 1112 Collecta
1428 1057 1569 1111 enim
1615 1055 1746 1108 nihil
1775 1052 1918 1107 aliud
1949 1061 2028 1106 est
2053 1093 2068 1119 ,

484 1176 642 1233 quam
669 1157 885 1212 collatio
913 1164 966 1209 et
994 1151 1293 1223 symbolum
1320 1147 1388 1202 ab
1414 1147 1660 1202 omnibus
1686 1145 1943 1200 oblatum.
1977 1143 2075 1198 Se-

484 1251 661 1305 cundo
706 1245 1078 1317 accipientium
1125 1241 1369 1312 dignitati
1419 1238 1705 1309 prospicit;
1777 1251 1881 1289 non
1929 1235 2070 1288 enim

480 1342 635 1407 dixit,
667 1352 949 1409 pauperes,
981 1333 1072 1388 sed
1106 1333 1342 1386 Sanctos.
1375 1329 1555 1384 Tertio
1585 1327 1886 1396 exemplum
1917 1325 2074 1379 affert

484 1433 733 1495 aliorum,
762 1429 850 1498 qui
879 1426 1053 1482 simile
1077 1423 1326 1493 quiddam
1354 1421 1622 1475 fecerant:
1650 1419 1794 1472 Sicut
1819 1416 2070 1483 ordinavi,

488 1522 679 1592 inquit,
706 1519 944 1573 Ecclesiis
971 1513 1202 1570 Galatiae.
1238 1512 1316 1566 Ad
1349 1512 1461 1564 hcce
1486 1510 1589 1564 diei
1619 1507 2070 1578 opportunitatem

483 1613 662 1681 adjicit
689 1629 702 1663 :
725 1610 824 1664 Per
845 1625 999 1661 uuam
1021 1606 1360 1666 sabbatorum,
1381 1602 1473 1667 ait,
1497 1600 1835 1669 unusquisque
1858 1607 2070 1651 vestrum

483 1705 621 1776 apud
649 1721 702 1758 sc
727 1710 934 1771 seponat
965 1699 1329 1753 tltesaurizaus.
1364 1695 1562 1762 Quinto
1588 1734 1604 1759 ,
1637 1707 1742 1745 non
1770 1690 1921 1759 jubet
1951 1704 2070 1742 om-

483 1813 606 1851 nem
637 1794 919 1850 confertim
962 1791 1148 1846 inferri
1192 1790 1620 1857 clcemosynam;
1663 1782 1758 1837 sed
1798 1783 1993 1836 sensim
2021 1789 2074 1835 et

481 1887 760 1961 paulatim.
806 1884 920 1938 Non
953 1884 1093 1938 enim
1123 1897 1221 1951 par
1254 1888 1336 1933 est
1365 1879 1500 1931 ratio
1529 1877 1708 1929 omnia
1740 1888 1845 1927 uno
1873 1873 1959 1927 die
1987 1873 2070 1926 in-

481 1978 606 2033 ferri
637 1975 930 2047 praecipere
953 2014 968 2039 ,
998 1982 1088 2026 aut
1117 1973 1168 2025 in
1200 1970 1506 2024 diuturnum
1540 1976 1748 2034 tempus
1780 1966 1866 2018 illa
1899 1965 2072 2016 minu-

485 2068 634 2120 tatim
677 2065 912 2120 dividere
943 2083 956 2116 :
988 2078 1108 2116 nam
1156 2061 1256 2115 hoc
1285 2059 1443 2113 modo
1484 2060 1722 2126 impensa
1754 2073 1820 2109 ne
1845 2055 2073 2108 sentitur

481 2157 718 2226 quidem.
757 2156 950 2220 Sexto,
987 2169 1090 2206 non
1121 2152 1416 2221 prmscribit
1447 2163 1746 2203 mensuram
1774 2189 1786 2211 ,
1819 2149 1910 2200 sed
1935 2145 2070 2201 offe-

485 2249 715 2303 rentium
756 2246 978 2300 arbitrio
1007 2244 1256 2312 relinquit
1281 2283 1295 2308 ,
1326 2252 1380 2296 et
1410 2240 1535 2294 illud
1573 2255 1602 2292 a
1637 2239 1745 2292 Deo
1770 2238 1949 2291 datum
1980 2236 2073 2290 de-

479 2340 646 2394 clarat
676 2356 688 2390 :
719 2351 842 2390 nam
869 2351 990 2390 cum
1017 2334 1145 2388 dicit
1171 2377 1183 2399 ,
1220 2331 1371 2396 Quod
1398 2330 1714 2385 commodum
1741 2329 1924 2398 fuerit,
1957 2325 2071 2380 haec

480 2430 640 2485 ambo
661 2429 876 2483 indicat.
903 2427 1198 2498 Septimum
1217 2439 1426 2495 quoque
1446 2425 1604 2479 alium
1627 2423 1843 2478 modum
1866 2422 2068 2491 adjicit,

481 2522 684 2587 dicens,
719 2518 786 2574 Ut
817 2537 938 2586 non,
967 2535 1079 2572 cum
1106 2535 1305 2583 venero,
1337 2529 1455 2571 tunc
1479 2517 1700 2570 collectae
1727 2517 1874 2584 fiant.
1903 2515 2068 2570 Simul

479 2613 621 2666 enim
672 2626 766 2665 eos
811 2611 1010 2664 excitat
1043 2619 1413 2678 exspectantes
1451 2609 1734 2662 adventum
1780 2623 1932 2662 suum
1960 2649 1974 2674 ,
2017 2618 2069 2662 ct

477 2704 804 2770 consolatur,
830 2712 1032 2758 certum
1059 2701 1319 2762 adventus
1347 2701 1425 2754 sui
1451 2701 1590 2754 diem
1619 2701 1942 2770 significans.
1970 2699 2070 2754 Ne-

475 2812 582 2866 que
625 2795 706 2850 bis
751 2803 1033 2850 contentus
1071 2805 1314 2847 octavum
1357 2792 1502 2846 aliud
1542 2792 1741 2862 adjicit.
1790 2791 2068 2859 Quodnam

476 2887 642 2941 illud?
669 2885 798 2944 Cum
817 2895 981 2939 autem
1011 2901 1229 2954 praesens
1260 2889 1424 2955 fuero,
1455 2885 1644 2953 inquit,
1672 2899 1795 2953 quos
1823 2886 2068 2952 probave-

477 2981 590 3033 ritis
613 2996 700 3048 per
727 2980 983 3049 epistolas,
1008 2979 1099 3032 hos
1124 2979 1318 3031 mittam
1345 2980 1572 3048 perferre
1596 2977 1812 3046 gratiam
1832 2987 2063 3030 vestram.

485 3071 631 3136 Quod
655 3071 698 3124 si
726 3071 934 3141 dignum
961 3071 1108 3141 fuerit
1136 3079 1190 3122 ut
1224 3079 1270 3123 et
1297 3085 1386 3140 ego
1415 3085 1525 3122 eam
1543 3110 1557 3133 ,
1590 3085 1787 3123 mecum
1824 3069 1965 3123 ibunt
1989 3069 2064 3138 (l.

482 3162 600 3218 Cor.
629 3163 715 3219 i6.
739 3164 792 3218 3.
819 3161 898 3232 4).
929 3162 1060 3216 Vide
1087 3176 1244 3231 quam
1269 3161 1437 3215 aliena
1460 3175 1490 3213 a
1521 3159 1659 3214 fastu
1687 3169 1742 3215 et
1767 3175 1925 3229 quam
1949 3174 2068 3214 mo-

478 3255 629 3307 desta
672 3254 744 3308 sit
791 3253 944 3308 beata
988 3261 1042 3306 et
1081 3266 1340 3322 generosa
1383 3251 1472 3304 illa
1508 3251 1683 3304 anima
1708 3291 1722 3316 ,
1756 3251 1876 3304 vide
1909 3265 2066 3320 quam

478 3347 700 3401 sollicita
725 3386 742 3412 ,
783 3360 941 3415 quam
987 3344 1184 3400 amoris
1228 3343 1405 3412 plena.
1447 3342 1624 3397 Noluit
1668 3343 1809 3397 enim
1836 3383 1850 3407 ,
1895 3356 2069 3412 neque

478 3451 664 3505 passus
693 3445 777 3491 est
817 3444 875 3490 ut
905 3436 974 3501 ii,
1015 3435 1102 3505 qui
1139 3434 1386 3504 pecunias
1415 3433 1837 3488 administraturi
1869 3441 2023 3487 erant
2050 3472 2064 3497 ,

477 3531 735 3585 arbitratu
780 3531 861 3583 sui
908 3529 1074 3598 ipsius
1107 3528 1582 3593 constituerentur,
1615 3526 1711 3581 sed
1741 3542 1926 3582 eorum
1953 3527 2066 3582 ele-

478 3621 708 3675 ctionem
734 3620 860 3689 ipsis
883 3619 1141 3688 permisit,
1161 3633 1333 3688 neque
1352 3617 1694 3672 contumelia:
1715 3617 1834 3672 loco
1857 3618 2060 3684 habuit,

479 3714 522 3767 si
563 3711 960 3767 Corinthiorum
991 3711 1198 3766 calculo
1230 3719 1391 3782 atque
1415 3711 1682 3766 sententia
1707 3750 1722 3777 ,
1755 3726 1862 3764 non
1889 3720 2067 3765 autem

477 3805 666 3870 Pauli,
707 3805 1197 3868 constituerentur;
1237 3811 1425 3858 contra
1463 3817 1594 3858 vero
1636 3801 1925 3857 absurdum
1955 3803 2069 3857 fore

476 3897 685 3952 censuit
706 3935 724 3961 ,
756 3896 799 3950 si
845 3895 1045 3950 oblatio
1070 3909 1256 3950 eorum
1288 3903 1462 3961 esset,
1492 3893 1860 3949 ministrorum
1889 3901 2066 3949 autem

477 3992 667 4045 electio
691 4005 809 4044 sua.
841 3988 1072 4058 Ideoque
1101 3987 1154 4042 id
1185 3987 1286 4041 illis
1314 3986 1616 4055 commisit,
1647 3987 1964 4042 modestiam
1990 3987 2056 4042 sic

479 4082 586 4135 tnui
607 4095 758 4134 suam
779 4078 1270 4148 ostendens,atque
1288 4094 1503 4134 omnem
1519 4095 1704 4134 ansam
1721 4079 2070 4149 umbramque

479 4167 722 4222 adversae
743 4164 1061 4236 suspicionis
1087 4178 1358 4220 resecans.
1387 4165 1518 4220 Nam
1547 4167 1671 4222 licet
1693 4167 1810 4223 sole
1834 4166 2069 4236 splendi-

477 4258 598 4312 dior
633 4267 688 4312 et
733 4256 800 4311 ab
841 4256 986 4310 omni
1031 4257 1168 4310 mala
1207 4255 1510 4325 suspicione
1553 4257 1758 4312 alienus
1784 4267 1970 4314 esset:
2001 4275 2068 4314 ex

479 4347 768 4404 abundanti
787 4357 963 4403 tamen
979 4347 1199 4402 curabat
1217 4347 1599 4402 infirmioribus
1614 4364 1673 4403 se
1689 4359 2064 4418 attemperare,

477 4451 531 4496 et
570 4441 728 4495 falsas
757 4439 1090 4509 suspiciones
1127 4439 1382 4510 effugere.
1427 4439 1714 4509 Propterea
1744 4440 1872 4495 dicit
1899 4459 1913 4496 :
1943 4441 2068 4495 Cum

475 4544 640 4587 autent
667 4549 884 4604 promens
911 4537 1070 4602 fuero,
1094 4549 1220 4604 quos
1245 4532 1590 4600 probaueritis,
1612 4533 1706 4589 hos
1730 4534 1924 4586 mittant
1952 4550 2066 4603 per-

478 4629 607 4694 ferre
644 4625 859 4694 gratiam
896 4634 1128 4678 vestram.
1161 4623 1299 4691 Quid
1343 4624 1516 4679 dicis?
1557 4624 1636 4678 Tu
1668 4640 1772 4678 non
1804 4627 2022 4695 navigas
2046 4667 2080 4702 ,η

481 4730 656 4784 neqtte
686 4718 938 4784 pecunias
963 4717 1160 4786 accipis
1179 4759 1195 4781 ,
1224 4718 1316 4771 sed
1342 4719 1459 4771 aliis
1488 4732 1600 4772 rem
1629 4719 1959 4774 committis?
1986 4719 2064 4774 Ne

469 4803 638 4872 igitur
665 4806 786 4859 talia
813 4807 1110 4875 cogitantes
1135 4807 1410 4876 segniores
1435 4807 1748 4874 evaderent,
1779 4809 1902 4863 vide
1925 4825 2059 4879 quo-

475 4899 638 4952 modo
665 4906 717 4952 et
747 4898 847 4952 hoc
876 4899 1063 4952 iterum
1091 4909 1297 4954 caveat.
1323 4899 1440 4954 Non
1469 4901 1609 4954 cnim
1637 4901 1952 4969 simpliciter
1977 4901 2062 4956 di-

477 4995 575 5058 xit,
602 4990 746 5057 Quos
771 4989 1142 5058 probaveritis,
1180 4992 1404 5055 mittam,
1433 4993 1524 5048 sed
1557 4993 1727 5064 quid?
1759 4992 1856 5047 Per
1880 4994 2066 5064 episto-

475 5084 573 5137 las.
621 5080 844 5136 Etiamsi
874 5095 1098 5149 corpore
1138 5097 1244 5135 non
1292 5081 1716 5138 adfuturussim
1743 5124 1758 5148 ,
1791 5093 1846 5137 at
1891 5084 2063 5139 literis

472 5173 607 5229 meis
640 5186 875 5241 praesens
902 5186 1015 5234 ero,
1047 5186 1339 5240 eorumque
1365 5174 1640 5229 ministerii
1670 5176 1952 5244 particeps.

639 5262 774 5318 Num
824 5263 907 5318 vel
955 5262 1142 5317 umbra
1195 5262 1368 5328 Pauli,
1408 5265 1493 5318 vel
1533 5267 1908 5323 calceamentis
1945 5269 2061 5338 ejus

467 5354 613 5421 digni
642 5368 849 5420 sumus,
871 5352 1084 5424 quando
1129 5353 1218 5408 ille
1264 5361 1410 5407 tanta
1467 5355 1608 5423 apud
1662 5371 1850 5413 omnes
1892 5359 2059 5429 gloria

475 5444 679 5512 fulgens
719 5445 957 5500 omnium
1003 5444 1173 5515 rcjicit
1221 5445 1475 5511 honores,
1507 5461 1604 5500 nos
1632 5459 1808 5503 autem
1863 5460 2061 5505 stoma-

470 5531 696 5587 chantur
717 5543 774 5588 et
799 5551 940 5604 aegre
983 5536 1221 5603 ferimus,
1245 5538 1288 5593 si
1315 5555 1421 5593 non
1457 5541 1721 5594 sententia
1758 5550 1812 5595 et
1855 5543 2060 5600 calculo

475 5629 658 5673 rostro
675 5621 855 5675 talium
875 5627 1218 5692 pecuniarum
1248 5631 1477 5700 prompti
1494 5639 1761 5698 creentur,
1781 5641 2058 5690 contume-

480 5701 705 5774 ﬁamque
735 5709 890 5763 nobis
919 5713 1104 5768 inferri
1128 5727 1376 5785 putamus
1399 5735 1521 5776 cum
1555 5721 1710 5778 nobis
1741 5724 2057 5781 inconsultis

475 5790 709 5877 quipiam
743 5804 990 5863 pecunias
1028 5804 1334 5873 impendunt
1374 5815 1531 5869 suas?
1581 5816 1710 5870 Vide
1755 5819 1915 5872 etiam
1947 5834 2046 5889 qua

1198 399 1254 452 S.
1295 395 1566 451 JOANNIS
1604 393 2074 452 CHRYSOSTOMI
2116 392 2434 449 ARCHIEP.
2475 389 3011 449 CONSTANTINOP.

3664 393 3777 448 968

2176 506 2384 560 ratione
2422 505 2503 560 sui
2533 505 2726 576 ubique
2753 505 3076 560 mentionem
3125 503 3302 571 faciat,
3348 519 3519 576 neque
3564 507 3782 576 uspiam

2177 597 2523 651 obliviscatur
2547 614 2559 649 :
2586 612 2756 666 neque
2780 596 2923 651 enim
2953 597 3036 650 hic
3082 597 3389 652 mandatum
3417 607 3571 652 vocat
3599 597 3741 654 illud
3763 639 3779 662 ,

2178 703 2350 758 neque
2401 687 2817 758 cleemosynam,
2861 687 2954 742 sed
2992 687 3265 753 Gratiam,-
3307 689 3595 745 ostendens
3633 690 3788 745 sicut

2177 788 2422 833 mortuos
2490 779 2751 833 suscitare
2781 819 2795 844 ,
2846 779 3122 835 daemones
3174 781 3376 850 pellere
3418 790 3474 836 et
3529 783 3786 851 leprosos

2177 872 2435 924 mundare
2456 910 2472 935 ,
2502 871 2579 924 sic
2606 880 2658 924 et
2689 885 2952 939 pauperes
2986 871 3172 940 juvare
3207 872 3393 942 gratia:
3427 887 3557 940 opus
3603 887 3782 938 esse;

2175 961 2287 1014 imo
2315 961 2489 1029 potius
2515 960 2617 1014 hoc
2644 976 2802 1030 quam
2831 961 2958 1016 illud
2989 980 3002 1016 :
3030 972 3188 1032 atque
3230 963 3437 1018 etiamsi
3465 965 3630 1034 gratia
3655 966 3736 1020 sit
3765 1008 3782 1029 ,

2175 1050 2352 1105 studio
2374 1059 2556 1106 tamen
2585 1061 2640 1106 et
2665 1051 2938 1106 alacritate
2958 1067 3092 1121 Opus
3120 1053 3274 1107 nobis
3311 1063 3392 1108 est
3426 1062 3483 1108 ut
3507 1055 3784 1124 eligamus

2174 1151 2228 1197 et
2249 1142 2498 1207 velimus,
2528 1152 2582 1196 et
2601 1157 2697 1198 nos
2717 1144 2887 1214 gratia
2917 1144 3107 1213 dignos
3133 1145 3437 1200 reddamus.
3456 1147 3564 1202 Hoc
3587 1148 3786 1216 itaque

2174 1233 2242 1288 ad
2265 1234 2684 1289 consolationem
2721 1235 2938 1302 attulit,
2985 1235 3127 1304 quod
3157 1236 3340 1290 literas
3364 1251 3486 1291 suas
3513 1253 3632 1292 cum
3659 1239 3786 1293 illis

2174 1325 2439 1388 mitteret;
2463 1325 2606 1380 aliud
2627 1341 2752 1380 vero
2768 1327 2942 1394 majus
2957 1327 3171 1396 adjecit,
3189 1327 3329 1397 quod
3348 1343 3406 1383 se
3430 1330 3784 1398 polliceretur

2175 1415 2378 1470 itineris
2399 1416 2603 1470 socium
2627 1415 2738 1471 fore
2763 1435 2776 1469 :
2795 1417 2943 1481 Quod
2961 1419 3004 1472 si
3024 1418 3234 1487 dignum
3251 1419 3420 1487 fuerit,
3442 1420 3624 1489 inquit,
3643 1432 3700 1473 ut
3725 1435 3787 1475 es

2173 1521 2266 1576 ego
2277 1522 2406 1569 eam,
2427 1523 2619 1560 mecum
2630 1507 2771 1560 ibunt
2789 1509 2839 1578 (1
2853 1506 3087 1562 .Cor.l6.
3106 1509 3220 1576 5.4)
3233 1548 3244 1560 .
3265 1509 3360 1563 llic
3375 1509 3782 1564 animadvertas

2174 1598 2333 1651 velim
2355 1599 2469 1666 ejns
2494 1597 2852 1667 prudentiam.
2895 1599 3076 1669 Neque
3096 1603 3237 1654 enim
3267 1602 3475 1671 negavit
3502 1615 3560 1656 se
3598 1603 3781 1658 simul

2176 1689 2369 1742 iturum
2395 1730 2409 1755 ,
2441 1706 2614 1760 neque
2643 1691 2863 1745 omnino
2891 1691 3158 1760 pollicitus
3179 1702 3294 1757 est;
3325 1693 3419 1747 sed
3447 1693 3568 1747 illud
3593 1695 3773 1748 etiam

2173 1780 2414 1836 dantium
2460 1781 2681 1836 arbitrio
2731 1782 2990 1851 permisit,
3023 1797 3224 1852 eosque
3267 1783 3604 1852 profectionis
3649 1799 3778 1839 sua:

2175 1871 2420 1926 dominos
2465 1872 2616 1936 fecit;
2652 1871 2890 1926 indicans
2911 1913 2925 1938 ,
2956 1872 3001 1926 si
3026 1872 3226 1927 donum
3258 1882 3457 1927 tantum
3489 1873 3623 1928 foret
3645 1915 3662 1941 ,
3704 1884 3778 1928 ut

2173 1979 2234 2020 se
2281 1964 2504 2019 incitare
2547 1973 2757 2032 posset,
2806 1965 2907 2018 iter
2939 1980 2998 2019 se
3035 1975 3406 2033 suscepturum
3450 1980 3583 2020 esse.
3627 1965 3776 2021 Nam

2174 2071 2296 2110 cum
2356 2056 2506 2121 dicit,
2541 2055 2602 2110 Si
2651 2057 2861 2126 dignum
2912 2057 3100 2124 fuerit,
3129 2058 3180 2111 id
3227 2057 3606 2112 subindicantis
3656 2067 3770 2113 est.

2175 2147 2326 2214 Quod
2357 2148 2400 2201 si
2433 2147 2814 2216 profectionem
2863 2148 3004 2202 illam
3048 2149 3270 2202 omnino
3307 2158 3584 2219 negasset,
3617 2149 3774 2219 ipsos

2175 2241 2476 2310 ignaviores
2505 2241 2883 2310 scgnioresque
2917 2241 3275 2306 reddidisset;
3322 2243 3404 2296 sin
3447 2242 3603 2296 dubie
3635 2258 3772 2312 pro-

2173 2333 2424 2398 misisset,
2484 2332 2896 2401 negligentiores
2947 2331 3177 2387 fecisset.
3225 2332 3350 2387 ldeo
3401 2347 3498 2387 nec
3542 2334 3774 2388 omnino

2174 2433 2352 2494 negat,
2382 2441 2551 2494 neque
2584 2425 2896 2494 pollicetur;
2927 2426 3020 2479 sed
3050 2424 3176 2480 illud
3201 2425 3420 2480 arbitrio
3455 2424 3772 2481 Corinthio-

2171 2533 2289 2572 rum
2319 2518 2795 2587 relinqnitdicens,
2827 2519 2975 2583 Quod
2997 2519 3041 2572 si
3066 2519 3276 2590 dignum
3305 2520 3474 2589 fuerit.
3527 2519 3772 2574 Audien-

2174 2619 2252 2665 tes
2279 2610 2420 2663 enim
2454 2610 2674 2665 Paulum
2703 2611 2875 2680 ipsum
2902 2610 3201 2665 delaturum
3232 2611 3553 2666 oblationem
3585 2626 3767 2677 suam,

2171 2702 2359 2770 majori
2392 2701 2569 2756 studio
2598 2712 2652 2756 et
2675 2702 2950 2756 alacritate
2977 2701 3042 2755 ad
3071 2702 3122 2756 id
3144 2701 3219 2756 rei
3251 2701 3554 2757 ferebantur
3573 2745 3586 2767 ,
3621 2703 3770 2772 quod

2170 2803 2370 2846 sanct:e
2399 2792 2507 2847 illa:
2560 2808 2749 2847 manus
2795 2793 2932 2848 dona
2976 2801 3280 2848 tractatum:
3321 2805 3530 2860 essent,
3557 2805 3613 2849 et
3643 2794 3772 2851 huic

2171 2883 2430 2938 S:tCI'iﬁCi0
2458 2899 2645 2954 preces
2665 2885 2804 2940 illius
2819 2885 3155 2941 accederent.
3200 2885 3366 2941 Porro
3391 2888 3435 2940 si
3461 2886 3624 2940 Paulo
3655 2896 3766 2941 tra-

2169 2976 2330 3030 dituri
2357 2977 2495 3030 dona
2525 2977 2825 3041 Corinthii,
2859 2977 2910 3031 id
2955 2994 3075 3032 cum
3123 2979 3327 3048 majore
3371 2978 3646 3033 alacritate
3690 2979 3770 3034 fa-

2169 3068 2415 3132 ciebant,
2445 3079 2496 3121 tu
2525 3068 2674 3122 Pauli
2709 3069 2935 3123 Domino
2961 3068 3180 3124 daturus
3209 3073 3354 3139 (nam
3381 3085 3475 3140 per
3505 3085 3770 3140 pauperes

2171 3158 2262 3213 ille
2282 3159 2545 3229 suscipit),
2574 3175 2730 3229 quam
2758 3159 3158 3214 excusationem
3197 3161 3472 3216 habiturus
3511 3162 3608 3217 es?
3656 3162 3766 3218 Ne-

2169 3266 2274 3321 que
2297 3252 2438 3306 enim
2465 3293 2478 3316 ,
2512 3252 2614 3305 nisi
2645 3266 2833 3322 magna
2874 3251 3063 3306 fuisset
3090 3253 3290 3308 oblatio
3324 3255 3593 3324 multaque
3636 3271 3767 3311 cura

2169 3344 2350 3412 digna,
2384 3344 2469 3398 ille
2493 3345 2580 3399 cui
2612 3353 2754 3400 totus
2782 3345 2929 3400 orbis
2962 3346 3195 3402 creditus
3214 3388 3230 3415 ,
3259 3357 3312 3401 et
3337 3347 3422 3401 cui
3445 3363 3586 3402 curae
3612 3359 3769 3404 erant

2169 3448 2360 3489 omnes
2383 3435 2482 3490 sub
2509 3435 2624 3490 sole
2651 3435 2934 3501 Ecclesia},
2965 3437 3234 3506 pollicitus
3259 3447 3402 3493 esset
3426 3455 3485 3494 se
3510 3440 3767 3509 pecunias

2170 3523 2668 3580 administraturum
2696 3541 2834 3582 esse.
2880 3527 3004 3582 lltec
3029 3528 3186 3599 igitur
3218 3530 3397 3584 animo
3433 3540 3760 3600 reputantes,

2169 3616 2282 3672 sive
2304 3618 2638 3687 largiendum
2667 3621 2758 3688 sit,
2793 3620 2903 3676 sive
2930 3621 3049 3676 aliis
3095 3623 3436 3693 largientibus
3459 3625 3766 3679 ministran-

2170 3706 2319 3771 dum,
2358 3724 2426 3763 ne
2462 3725 2654 3779 segnes
2675 3712 2861 3777 simus,
2893 3728 3064 3782 neque
3088 3714 3288 3782 mmsti,
3315 3715 3457 3786 quod
3487 3716 3766 3772 facultates

2170 3801 2324 3856 nobis
2350 3803 2675 3858 minuantur.
2716 3805 2996 3872 Quomodo
3034 3808 3178 3862 enim
3205 3808 3492 3863 absurdum
3515 3824 3622 3864 non
3655 3811 3765 3866 fue-

2171 3894 2274 3959 rit,
2308 3894 2434 3948 dum
2463 3896 2690 3965 agricola
2723 3913 2906 3952 semen
2938 3898 3144 3968 jaciens
3163 3939 3175 3963 ,
3205 3909 3260 3954 et
3283 3900 3420 3955 bona
3441 3899 3722 3956 eﬂundens
3744 3943 3758 3968 ,

2171 4002 2276 4043 non
2303 3989 2561 4054 tristatnr,
2587 4005 2687 4043 nec
2709 3989 2877 4057 dolet,
2903 4005 3078 4060 neque
3101 3991 3150 4046 id
3172 4002 3414 4062 sumptus
3435 3993 3556 4048 loco
3581 3993 3760 4056 habet,

2172 4081 2267 4135 sed
2297 4082 2502 4136 lucrum
2540 4084 2714 4152 potius
2758 4093 2814 4139 et
2841 4097 3158 4154 proventum
3182 4101 3301 4142 esse
3325 4096 3506 4157 putat,
3553 4089 3760 4142 tametsi

2170 4187 2294 4242 spes
2341 4175 2409 4228 sit
2435 4174 2634 4230 incerta
2666 4193 2678 4228 :
2712 4185 2780 4241 te,
2815 4178 2905 4246 qui
2943 4193 3047 4232 non
3096 4194 3195 4249 pro
3238 4180 3451 4250 paribus
3475 4222 3488 4246 ,
3517 4181 3612 4236 sed
3667 4196 3762 4251 pro

2171 4265 2338 4318 multo
2369 4265 2658 4334 majoribus
2686 4267 2939 4336 seminas,
2967 4278 3023 4323 et
3046 4271 3136 4340 qui
3167 4271 3219 4325 in
3248 4271 3389 4339 ipsas
3414 4270 3614 4326 Christi
3644 4288 3760 4326 ma-

2171 4371 2272 4410 nus
2316 4367 2594 4426 argentum
2633 4359 2874 4429 jacturus
2903 4375 2981 4428 es,
3025 4363 3290 4432 refugere,
3324 4373 3538 4433 torpere
3562 4405 3577 4428 ,
3608 4375 3662 4419 et
3683 4366 3762 4419 in-

2169 4449 2346 4518 cpiam
2395 4450 2770 4518 przetendere?
2797 4452 2990 4507 Annon
3033 4463 3241 4524 poterat
3280 4455 3418 4509 Deus
3469 4457 3761 4526 praecipere

2170 4539 2366 4604 telluri,
2397 4549 2456 4594 ut
2503 4541 2770 4610 proferret
2815 4558 3004 4599 aurum
3038 4548 3266 4614 purum?
3303 4546 3402 4614 Qui
3433 4547 3577 4601 enim
3607 4547 3756 4614 dixit,

2170 4627 2425 4684 Germinet
2449 4640 2582 4684 terra
2598 4632 2804 4686 herbam
2826 4636 2949 4704 foeni
2987 4633 3137 4703 (Gen.
3171 4636 3221 4689 1.
3253 4634 3364 4706 ii),
3401 4651 3645 4706 moxque
3673 4652 3760 4692 eo-

2168 4733 2400 4774 mantem
2431 4723 2705 4789 exhibuit,
2737 4733 2942 4794 poterat
2989 4725 3129 4780 haud
3177 4725 3339 4782 dubie
3382 4728 3676 4798 pmipere
3705 4738 3760 4782 ut

2169 4808 2344 4864 fontes
2383 4821 2438 4866 et
2480 4811 2625 4866 fluvii
2669 4828 2856 4868 aurum
2896 4815 3096 4885 jugiter
3136 4816 3439 4872 funderent.
3481 4819 3678 4876 Verum
3708 4821 3755 4874 id

2167 4901 2356 4966 noluit,
2379 4902 2474 4957 sed
2501 4905 2698 4958 multos
2724 4905 2774 4958 in
2801 4916 3112 4975 paupertate
3147 4907 3349 4963 dimisit
3377 4917 3488 4964 tum
3516 4911 3590 4966 ob
3616 4913 3757 4982 ipso.

2166 5009 2325 5060 rum,
2383 5005 2494 5050 tum
2547 4996 2618 5051 ob
2667 5005 2810 5052 tuam
2861 4998 3165 5054 utilitatem.
3204 5000 3337 5056 Nam
3393 5002 3462 5057 ad
3511 5004 3754 5060 virtutem

2165 5087 2518 5156 opportunior
2542 5099 2624 5142 est
2651 5099 2934 5159 paupertas
2960 5090 3158 5146 divitiis
3181 5134 3196 5160 ,
3226 5104 3280 5149 et
3310 5094 3396 5161 iis,
3435 5097 3524 5166 qui
3555 5097 3606 5151 in
3636 5113 3756 5167 pec-

2165 5180 2301 5233 catis
2321 5187 2464 5245 sunt,
2491 5195 2596 5234 non
2615 5196 2774 5250 parva
2797 5184 3091 5238 consolatio
3119 5185 3290 5239 oritur
3310 5185 3377 5240 ab
3402 5188 3603 5243 auxilio
3627 5204 3755 5260 ege-

2166 5269 2250 5324 nis
2296 5273 2552 5340 prmstito.
2597 5273 2872 5344 Tantaque
2916 5276 3136 5345 hujusce
3171 5278 3247 5333 rei
3284 5294 3412 5333 cura
3437 5289 3518 5336 est
3540 5281 3670 5342 Deo.
3701 5291 3754 5335 ut

2165 5376 2286 5416 cum
2333 5363 2641 5419 advenisset
2683 5380 2951 5436 caraeque
3003 5368 3218 5423 indutus
3270 5385 3394 5425 cum
3451 5371 3754 5427 hominibus

2163 5465 2592 5523 conversaretnr,
2625 5473 2729 5512 non
2751 5457 3090 5526 detrectaret,
3122 5477 3295 5530 neque
3321 5463 3754 5533 ignominiaeloco

2163 5543 2405 5612 haberet,
2433 5547 2574 5616 quod
2607 5549 2722 5618 ipse
2759 5564 2877 5619 quae
2914 5549 2982 5604 ad
3015 5565 3274 5621 pauperes
3308 5555 3623 5620 spectabant
3644 5555 3753 5609 dis-

2162 5647 2430 5705 pensaret.
2475 5639 2584 5694 Etsi
2625 5655 2755 5695 vero
2782 5650 2859 5695 tot
2905 5657 3067 5711 panes
3088 5641 3308 5710 fecerat,
3332 5653 3387 5699 et
3405 5660 3754 5715 quaecumque

2161 5729 2324 5784 vellet
2343 5729 2494 5798 jussu
2519 5731 2846 5801 perficiebat,
2884 5733 3007 5789 licet
3033 5743 3218 5806 posset
3235 5746 3521 5793 sexcentos
3544 5736 3752 5792 thesau-

2162 5833 2253 5874 ros
2299 5819 2582 5876 confertim
2631 5825 2936 5892 ostendere,
2967 5827 3134 5882 noluit
3164 5836 3380 5895 tamen;
3409 5828 3506 5886 sed
3542 5844 3748 5884 marsu-
