  <div class='ocr_page' id='page_1' title='image "/cluster/home/n/w/nwhite01/storage/ocr_20150623/51:no.3:pt.1/coo.31924054869502/271.png"; bbox 0 0 4006 6472; ppageno 0'>
   <div class='ocr_carea' id='block_1_1' title="bbox 424 329 533 382">
    <p class='ocr_par' dir='ltr' id='par_1_1' title="bbox 424 329 533 382">
     <span class='ocr_line' id='line_1_1' title="bbox 424 329 533 382; baseline 0.037 -3"><span class='ocrx_word' id='word_1_1' title='bbox 424 329 533 382; x_wconf 62' lang='lat'>269</span> 
     </span>
    </p>
   </div>
   <div class='ocr_carea' id='block_1_2' title="bbox 425 434 2000 512">
    <p class='ocr_par' dir='ltr' id='par_1_2' title="bbox 425 434 2000 512">
     <span class='ocr_line' id='line_1_2' title="bbox 425 434 2000 512; baseline -0.006 -19"><span class='ocrx_word' id='word_1_2' title='bbox 425 440 607 512; x_wconf 78' lang='grc' dir='ltr'>ἡθελε,</span> <span class='ocrx_word' id='word_1_3' title='bbox 645 438 742 493; x_wconf 69' lang='grc' dir='ltr'>καὶ</span> <span class='ocrx_word' id='word_1_4' title='bbox 767 438 1067 509; x_wconf 84' lang='grc' dir='ltr'>δυνάμενος</span> <span class='ocrx_word' id='word_1_5' title='bbox 1091 436 1260 503; x_wconf 86' lang='grc' dir='ltr'>δεῖξαι</span> <span class='ocrx_word' id='word_1_6' title='bbox 1302 436 1529 508; x_wconf 81' lang='grc' dir='ltr'>μυρίους</span> <span class='ocrx_word' id='word_1_7' title='bbox 1565 435 1762 507; x_wconf 89' lang='grc' dir='ltr'>ἀθρόον</span> <span class='ocrx_word' id='word_1_8' title='bbox 1798 434 2000 504; x_wconf 81' lang='grc' dir='ltr'>θησαυ-</span> 
     </span>
    </p>
   </div>
   <div class='ocr_carea' id='block_1_3' title="bbox 426 516 2003 598">
    <p class='ocr_par' dir='ltr' id='par_1_3' title="bbox 426 516 2003 598">
     <span class='ocr_line' id='line_1_3' title="bbox 426 516 2003 598; baseline -0.006 -21"><span class='ocrx_word' id='word_1_9' title='bbox 426 525 577 598; x_wconf 81' lang='grc' dir='ltr'>ροὺς,</span> <span class='ocrx_word' id='word_1_10' title='bbox 625 522 725 576; x_wconf 87' lang='grc' dir='ltr'>οὐκ</span> <span class='ocrx_word' id='word_1_11' title='bbox 759 523 986 593; x_wconf 83' lang='grc' dir='ltr'>ἐποίησε</span> <span class='ocrx_word' id='word_1_12' title='bbox 1015 520 1208 573; x_wconf 86' lang='grc' dir='ltr'>τοῦτο·</span> <span class='ocrx_word' id='word_1_13' title='bbox 1244 519 1380 572; x_wconf 86' lang='grc' dir='ltr'>ἀλλά</span> <span class='ocrx_word' id='word_1_14' title='bbox 1426 519 1813 589; x_wconf 82' lang='grc' dir='ltr'>γλωσσόκομον</span> <span class='ocrx_word' id='word_1_15' title='bbox 1858 516 2003 585; x_wconf 76' lang='grc' dir='ltr'>ἔχειν</span> 
     </span>
    </p>
   </div>
   <div class='ocr_carea' id='block_1_4' title="bbox 424 600 2001 674">
    <p class='ocr_par' dir='ltr' id='par_1_4' title="bbox 424 600 2001 674">
     <span class='ocr_line' id='line_1_4' title="bbox 424 600 2001 674; baseline -0.006 -13"><span class='ocrx_word' id='word_1_16' title='bbox 424 606 681 661; x_wconf 82' lang='grc' dir='ltr'>ἐκέλευσε</span> <span class='ocrx_word' id='word_1_17' title='bbox 706 609 819 668; x_wconf 89' lang='grc' dir='ltr'>τοῖς</span> <span class='ocrx_word' id='word_1_18' title='bbox 841 604 1130 674; x_wconf 81' lang='grc' dir='ltr'>μαθηταῖς,</span> <span class='ocrx_word' id='word_1_19' title='bbox 1156 603 1249 656; x_wconf 76' lang='grc' dir='ltr'>καὶ</span> <span class='ocrx_word' id='word_1_20' title='bbox 1265 602 1331 655; x_wconf 84' lang='grc' dir='ltr'>τὰ</span> <span class='ocrx_word' id='word_1_21' title='bbox 1361 602 1668 672; x_wconf 80' lang='grc' dir='ltr'>βαλλόμενα</span> <span class='ocrx_word' id='word_1_22' title='bbox 1690 600 2001 670; x_wconf 79' lang='grc' dir='ltr'>βαστάζειν,</span> 
     </span>
    </p>
   </div>
   <div class='ocr_carea' id='block_1_5' title="bbox 1136 328 2009 391">
    <p class='ocr_par' dir='ltr' id='par_1_5' title="bbox 1136 334 2009 391">
     <span class='ocr_line' id='line_1_5' title="bbox 1136 334 2009 391; baseline -0.002 -2"><span class='ocrx_word' id='word_1_23' title='bbox 1136 337 1194 390; x_wconf 71' lang='grc' dir='ltr'>ς.</span> <span class='ocrx_word' id='word_1_24' title='bbox 1239 336 1526 391; x_wconf 76' lang='lat' dir='ltr'>IOANNIS</span> <span class='ocrx_word' id='word_1_25' title='bbox 1565 334 2009 389; x_wconf 60' lang='lat' dir='ltr'>CllllYS&#39;STOl</span> 
     </span>
    </p>
   </div>
   <div class='ocr_carea' id='block_1_6' title="bbox 2113 328 3011 391">
    <p class='ocr_par' dir='ltr' id='par_1_6' title="bbox 2113 328 3011 390">
     <span class='ocr_line' id='line_1_6' title="bbox 2113 328 3011 390; baseline -0.004 -3"><span class='ocrx_word' id='word_1_26' title='bbox 2113 333 2421 390; x_wconf 71' lang='lat' dir='ltr'>\RCHIEP.</span> <span class='ocrx_word' id='word_1_27' title='bbox 2462 328 3011 390; x_wconf 76' lang='lat' dir='ltr'>CONSTANTINOP.</span> 
     </span>
    </p>
   </div>
   <div class='ocr_carea' id='block_1_7' title="bbox 3578 312 3703 373">
    <p class='ocr_par' dir='ltr' id='par_1_7' title="bbox 3578 312 3703 373">
     <span class='ocr_line' id='line_1_7' title="bbox 3578 312 3703 373; baseline -0.048 -1"><span class='ocrx_word' id='word_1_28' title='bbox 3578 312 3693 373; x_wconf 70' lang='lat'>270</span> <span class='ocrx_word' id='word_1_29' title='bbox 3702 336 3703 339; x_wconf 52' lang='grc' dir='ltr'>η</span> 
     </span>
    </p>
   </div>
   <div class='ocr_carea' id='block_1_8' title="bbox 2109 428 3699 502">
    <p class='ocr_par' dir='ltr' id='par_1_8' title="bbox 2109 428 3699 502">
     <span class='ocr_line' id='line_1_8' title="bbox 2109 428 3699 502; baseline -0.001 -19"><span class='ocrx_word' id='word_1_30' title='bbox 2109 431 2202 484; x_wconf 69' lang='grc' dir='ltr'>καὶ</span> <span class='ocrx_word' id='word_1_31' title='bbox 2236 433 2538 502; x_wconf 74' lang='grc' dir='ltr'>μαστιγίαι,</span> <span class='ocrx_word' id='word_1_32' title='bbox 2570 433 2665 486; x_wconf 71' lang='grc' dir='ltr'>καὶ</span> <span class='ocrx_word' id='word_1_33' title='bbox 2688 431 2788 495; x_wconf 85' lang='grc' dir='ltr'>τάς</span> <span class='ocrx_word' id='word_1_34' title='bbox 2821 431 3005 484; x_wconf 86' lang='grc' dir='ltr'>αὐτῶν</span> <span class='ocrx_word' id='word_1_35' title='bbox 3034 432 3261 498; x_wconf 76' lang='grc' dir='ltr'>ἀφέντες</span> <span class='ocrx_word' id='word_1_36' title='bbox 3285 429 3572 500; x_wconf 84' lang='grc' dir='ltr'>πατρίδας,</span> <span class='ocrx_word' id='word_1_37' title='bbox 3608 428 3699 491; x_wconf 83' lang='grc' dir='ltr'>είς</span> 
     </span>
    </p>
   </div>
   <div class='ocr_carea' id='block_1_9' title="bbox 2104 507 3693 585">
    <p class='ocr_par' dir='ltr' id='par_1_9' title="bbox 2104 507 3693 585">
     <span class='ocr_line' id='line_1_9' title="bbox 2104 507 3693 585; baseline -0.002 -20"><span class='ocrx_word' id='word_1_38' title='bbox 2104 513 2203 582; x_wconf 86' lang='grc' dir='ltr'>τὴν</span> <span class='ocrx_word' id='word_1_39' title='bbox 2232 515 2507 585; x_wconf 78' lang='grc' dir='ltr'>ἡμετέραν</span> <span class='ocrx_word' id='word_1_40' title='bbox 2537 515 2693 568; x_wconf 86' lang='grc' dir='ltr'>πόλιν</span> <span class='ocrx_word' id='word_1_41' title='bbox 2726 513 3040 585; x_wconf 74' lang='grc' dir='ltr'>συρρέουσι.</span> <span class='ocrx_word' id='word_1_42' title='bbox 3087 512 3181 567; x_wconf 83' lang='grc' dir='ltr'>Διά</span> <span class='ocrx_word' id='word_1_43' title='bbox 3207 512 3368 565; x_wconf 92' lang='grc' dir='ltr'>τοῦτο</span> <span class='ocrx_word' id='word_1_44' title='bbox 3404 507 3496 564; x_wconf 78' lang='grc' dir='ltr'>οῦν</span> <span class='ocrx_word' id='word_1_45' title='bbox 3540 512 3693 578; x_wconf 83' lang='grc' dir='ltr'>ἀγα-</span> 
     </span>
    </p>
   </div>
   <div class='ocr_carea' id='block_1_10' title="bbox 2106 594 3696 668">
    <p class='ocr_par' dir='ltr' id='par_1_10' title="bbox 2106 594 3696 668">
     <span class='ocr_line' id='line_1_10' title="bbox 2106 594 3696 668; baseline -0.002 -19"><span class='ocrx_word' id='word_1_46' title='bbox 2106 601 2340 661; x_wconf 85' lang='grc' dir='ltr'>νακτεῖς.</span> <span class='ocrx_word' id='word_1_47' title='bbox 2395 597 2517 650; x_wconf 84' lang='grc' dir='ltr'>είπέ</span> <span class='ocrx_word' id='word_1_48' title='bbox 2566 614 2681 668; x_wconf 87' lang='grc' dir='ltr'>μοι,</span> <span class='ocrx_word' id='word_1_49' title='bbox 2727 597 2824 650; x_wconf 77' lang='grc' dir='ltr'>καὶ</span> <span class='ocrx_word' id='word_1_50' title='bbox 2873 595 2966 649; x_wconf 78' lang='grc' dir='ltr'>τὸν</span> <span class='ocrx_word' id='word_1_51' title='bbox 3019 596 3283 665; x_wconf 85' lang='grc' dir='ltr'>στέφανον</span> <span class='ocrx_word' id='word_1_52' title='bbox 3326 596 3419 665; x_wconf 77' lang='grc' dir='ltr'>τῆς</span> <span class='ocrx_word' id='word_1_53' title='bbox 3473 594 3696 656; x_wconf 85' lang='grc' dir='ltr'>πόλεως</span> 
     </span>
    </p>
   </div>
   <div class='ocr_carea' id='block_1_11' title="bbox 427 673 3697 758">
    <p class='ocr_par' dir='ltr' id='par_1_11' title="bbox 427 673 3697 758">
     <span class='ocr_line' id='line_1_11' title="bbox 427 673 3697 758; baseline -0.004 -16"><span class='ocrx_word' id='word_1_54' title='bbox 427 692 520 743; x_wconf 78' lang='grc' dir='ltr'>καὶ</span> <span class='ocrx_word' id='word_1_55' title='bbox 552 692 666 752; x_wconf 87' lang='grc' dir='ltr'>τοῖς</span> <span class='ocrx_word' id='word_1_56' title='bbox 692 673 981 758; x_wconf 87' lang='grc' dir='ltr'>δεομένοις</span> <span class='ocrx_word' id='word_1_57' title='bbox 1002 686 1215 740; x_wconf 87' lang='grc' dir='ltr'>ἐκεῖθεν</span> <span class='ocrx_word' id='word_1_58' title='bbox 1245 688 1580 756; x_wconf 80' lang='grc' dir='ltr'>ἐπικουρεῖν.</span> <span class='ocrx_word' id='word_1_59' title='bbox 1609 686 1739 737; x_wconf 81' lang='grc' dir='ltr'>Ὅτε</span> <span class='ocrx_word' id='word_1_60' title='bbox 1768 683 1899 752; x_wconf 90' lang='grc' dir='ltr'>γοῦν</span> <span class='ocrx_word' id='word_1_61' title='bbox 1928 680 2005 751; x_wconf 81' lang='grc' dir='ltr'>τῷ</span> <span class='ocrx_word' id='word_1_62' title='bbox 2103 679 2411 746; x_wconf 87' lang='grc' dir='ltr'>διατίλλεις,</span> <span class='ocrx_word' id='word_1_63' title='bbox 2447 681 2528 732; x_wconf 79' lang='grc' dir='ltr'>ὅτι</span> <span class='ocrx_word' id='word_1_64' title='bbox 2568 679 2745 732; x_wconf 81' lang='grc' dir='ltr'>κοινὸν</span> <span class='ocrx_word' id='word_1_65' title='bbox 2771 678 2968 748; x_wconf 82' lang='grc' dir='ltr'>λιμένα</span> <span class='ocrx_word' id='word_1_66' title='bbox 3002 677 3201 741; x_wconf 89' lang='grc' dir='ltr'>πάντες</span> <span class='ocrx_word' id='word_1_67' title='bbox 3225 678 3395 749; x_wconf 79' lang='grc' dir='ltr'>αὐτὴν</span> <span class='ocrx_word' id='word_1_68' title='bbox 3426 673 3571 730; x_wconf 79' lang='grc' dir='ltr'>εἶναι</span> <span class='ocrx_word' id='word_1_69' title='bbox 3597 692 3697 728; x_wconf 69' lang='lat' dir='ltr'>vo-</span> 
     </span>
    </p>
   </div>
   <div class='ocr_carea' id='block_1_12' title="bbox 439 768 2002 842">
    <p class='ocr_par' dir='ltr' id='par_1_12' title="bbox 439 768 2002 842">
     <span class='ocr_line' id='line_1_12' title="bbox 439 768 2002 842; baseline -0.006 -16"><span class='ocrx_word' id='word_1_70' title='bbox 439 773 611 842; x_wconf 82' lang='grc' dir='ltr'>Ἰούδᾳ</span> <span class='ocrx_word' id='word_1_71' title='bbox 640 771 769 841; x_wconf 88' lang='grc' dir='ltr'>περί</span> <span class='ocrx_word' id='word_1_72' title='bbox 804 771 903 840; x_wconf 83' lang='grc' dir='ltr'>τῆς</span> <span class='ocrx_word' id='word_1_73' title='bbox 942 770 1233 841; x_wconf 82' lang='grc' dir='ltr'>προδοσίας</span> <span class='ocrx_word' id='word_1_74' title='bbox 1264 769 1679 840; x_wconf 73' lang='grc' dir='ltr'>αἰνιγματωδῶς</span> <span class='ocrx_word' id='word_1_75' title='bbox 1711 768 2002 834; x_wconf 82' lang='grc' dir='ltr'>διελέγετο,</span> 
     </span>
    </p>
   </div>
   <div class='ocr_carea' id='block_1_13' title="bbox 430 850 2005 926">
    <p class='ocr_par' dir='ltr' id='par_1_13' title="bbox 430 850 2005 926">
     <span class='ocr_line' id='line_1_13' title="bbox 430 850 2005 926; baseline -0.004 -19"><span class='ocrx_word' id='word_1_76' title='bbox 430 858 503 926; x_wconf 82' lang='grc' dir='ltr'>μὴ</span> <span class='ocrx_word' id='word_1_77' title='bbox 540 854 816 916; x_wconf 80' lang='grc' dir='ltr'>συνιέντες</span> <span class='ocrx_word' id='word_1_78' title='bbox 842 855 891 906; x_wconf 82' lang='grc' dir='ltr'>οἱ</span> <span class='ocrx_word' id='word_1_79' title='bbox 912 854 1154 924; x_wconf 78' lang='grc' dir='ltr'>μαθηταὶ</span> <span class='ocrx_word' id='word_1_80' title='bbox 1179 853 1239 906; x_wconf 82' lang='grc' dir='ltr'>τὸ</span> <span class='ocrx_word' id='word_1_81' title='bbox 1268 853 1480 923; x_wconf 80' lang='grc' dir='ltr'>λεχθὲν,</span> <span class='ocrx_word' id='word_1_82' title='bbox 1512 854 1793 923; x_wconf 87' lang='grc' dir='ltr'>ἐνόμισαν,</span> <span class='ocrx_word' id='word_1_83' title='bbox 1817 850 2005 920; x_wconf 74' lang='grc' dir='ltr'>φησὶν,</span> 
     </span>
    </p>
   </div>
   <div class='ocr_carea' id='block_1_14' title="bbox 424 930 2006 1006">
    <p class='ocr_par' dir='ltr' id='par_1_14' title="bbox 424 930 2006 1006">
     <span class='ocr_line' id='line_1_14' title="bbox 424 930 2006 1006; baseline -0.004 -16"><span class='ocrx_word' id='word_1_84' title='bbox 424 940 502 991; x_wconf 80' lang='grc' dir='ltr'>ὅτι</span> <span class='ocrx_word' id='word_1_85' title='bbox 534 935 687 990; x_wconf 78' lang='grc' dir='ltr'>εἶπεν</span> <span class='ocrx_word' id='word_1_86' title='bbox 707 935 859 1006; x_wconf 86' lang='grc' dir='ltr'>αὐτῷ</span> <span class='ocrx_word' id='word_1_87' title='bbox 887 937 977 989; x_wconf 78' lang='grc' dir='ltr'>ἵνα</span> <span class='ocrx_word' id='word_1_88' title='bbox 1000 938 1112 998; x_wconf 89' lang='grc' dir='ltr'>τοῖς</span> <span class='ocrx_word' id='word_1_89' title='bbox 1156 938 1392 1005; x_wconf 81' lang='grc' dir='ltr'>πτωχοῖς</span> <span class='ocrx_word' id='word_1_90' title='bbox 1417 952 1471 987; x_wconf 90' lang='grc' dir='ltr'>τι</span> <span class='ocrx_word' id='word_1_91' title='bbox 1499 934 1573 1004; x_wconf 84' lang='grc' dir='ltr'>δῷ</span> <span class='ocrx_word' id='word_1_92' title='bbox 1592 951 1606 964; x_wconf 87' lang='grc'><strong>·</strong></span> <span class='ocrx_word' id='word_1_93' title='bbox 1640 933 1752 987; x_wconf 80' lang='grc' dir='ltr'>Καί</span> <span class='ocrx_word' id='word_1_94' title='bbox 1786 933 1899 1002; x_wconf 89' lang='grc' dir='ltr'>γάρ</span> <span class='ocrx_word' id='word_1_95' title='bbox 1939 930 2006 984; x_wconf 82' lang='grc' dir='ltr'>τὸ</span> 
     </span>
    </p>
   </div>
   <div class='ocr_carea' id='block_1_15' title="bbox 425 1016 2007 1091">
    <p class='ocr_par' dir='ltr' id='par_1_15' title="bbox 425 1016 2007 1091">
     <span class='ocr_line' id='line_1_15' title="bbox 425 1016 2007 1091; baseline -0.004 -16"><span class='ocrx_word' id='word_1_96' title='bbox 425 1022 864 1091; x_wconf 70' lang='grc' dir='ltr'>γλωσσόκομον</span> <span class='ocrx_word' id='word_1_97' title='bbox 889 1019 1094 1084; x_wconf 80' lang='grc' dir='ltr'>αὐτὸς,</span> <span class='ocrx_word' id='word_1_98' title='bbox 1145 1020 1333 1089; x_wconf 71' lang='grc' dir='ltr'>φησὶν,</span> <span class='ocrx_word' id='word_1_99' title='bbox 1362 1016 1508 1088; x_wconf 74' lang='grc' dir='ltr'>εἶχε,</span> <span class='ocrx_word' id='word_1_100' title='bbox 1552 1018 1651 1071; x_wconf 77' lang='grc' dir='ltr'>καί</span> <span class='ocrx_word' id='word_1_101' title='bbox 1677 1018 1749 1072; x_wconf 83' lang='grc' dir='ltr'>τὰ</span> <span class='ocrx_word' id='word_1_102' title='bbox 1774 1017 2007 1082; x_wconf 73' lang='grc' dir='ltr'>,βαλλό-</span> 
     </span>
    </p>
   </div>
   <div class='ocr_carea' id='block_1_16' title="bbox 422 1098 2003 1173">
    <p class='ocr_par' dir='ltr' id='par_1_16' title="bbox 422 1098 2003 1173">
     <span class='ocr_line' id='line_1_16' title="bbox 422 1098 2003 1173; baseline -0.004 -16"><span class='ocrx_word' id='word_1_103' title='bbox 422 1120 573 1173; x_wconf 80' lang='grc' dir='ltr'>μενα</span> <span class='ocrx_word' id='word_1_104' title='bbox 602 1101 904 1162; x_wconf 70' lang='grc' dir='ltr'>ἐϐάσταζεν.</span> <span class='ocrx_word' id='word_1_105' title='bbox 932 1100 1107 1164; x_wconf 74' lang='grc' dir='ltr'>Πολὺς</span> <span class='ocrx_word' id='word_1_106' title='bbox 1135 1100 1246 1173; x_wconf 89' lang='grc' dir='ltr'>γάρ</span> <span class='ocrx_word' id='word_1_107' title='bbox 1271 1099 1350 1170; x_wconf 83' lang='grc' dir='ltr'>τῷ</span> <span class='ocrx_word' id='word_1_108' title='bbox 1376 1100 1497 1170; x_wconf 85' lang='grc' dir='ltr'>Θεῷ</span> <span class='ocrx_word' id='word_1_109' title='bbox 1522 1101 1680 1169; x_wconf 88' lang='grc' dir='ltr'>λόγος</span> <span class='ocrx_word' id='word_1_110' title='bbox 1713 1098 1921 1165; x_wconf 82' lang='grc' dir='ltr'>ἐλέους,</span> <span class='ocrx_word' id='word_1_111' title='bbox 1943 1098 2003 1151; x_wconf 90' lang='grc' dir='ltr'>οὐ</span> 
     </span>
    </p>
   </div>
   <div class='ocr_carea' id='block_1_17' title="bbox 424 1180 2006 1256">
    <p class='ocr_par' dir='ltr' id='par_1_17' title="bbox 424 1180 2006 1256">
     <span class='ocr_line' id='line_1_17' title="bbox 424 1180 2006 1256; baseline -0.003 -18"><span class='ocrx_word' id='word_1_112' title='bbox 424 1186 517 1240; x_wconf 87' lang='grc' dir='ltr'>τοῦ</span> <span class='ocrx_word' id='word_1_113' title='bbox 545 1187 677 1256; x_wconf 76' lang='grc' dir='ltr'>παρ’</span> <span class='ocrx_word' id='word_1_114' title='bbox 707 1184 877 1240; x_wconf 88' lang='grc' dir='ltr'>αὐτοῦ</span> <span class='ocrx_word' id='word_1_115' title='bbox 920 1184 1079 1255; x_wconf 91' lang='grc' dir='ltr'>μόνον</span> <span class='ocrx_word' id='word_1_116' title='bbox 1112 1185 1192 1247; x_wconf 86' lang='grc' dir='ltr'>είς</span> <span class='ocrx_word' id='word_1_117' title='bbox 1221 1185 1395 1254; x_wconf 81' lang='grc' dir='ltr'>ἡμᾶς,</span> <span class='ocrx_word' id='word_1_118' title='bbox 1435 1182 1571 1236; x_wconf 88' lang='grc' dir='ltr'>ἀλλά</span> <span class='ocrx_word' id='word_1_119' title='bbox 1615 1183 1713 1236; x_wconf 71' lang='grc' dir='ltr'>καὶ</span> <span class='ocrx_word' id='word_1_120' title='bbox 1744 1182 1838 1235; x_wconf 91' lang='grc' dir='ltr'>τοῦ</span> <span class='ocrx_word' id='word_1_121' title='bbox 1874 1180 2006 1252; x_wconf 79' lang='grc' dir='ltr'>παρ’</span> 
     </span>
    </p>
   </div>
   <div class='ocr_carea' id='block_1_18' title="bbox 427 1262 2008 1342">
    <p class='ocr_par' dir='ltr' id='par_1_18' title="bbox 427 1262 2008 1342">
     <span class='ocr_line' id='line_1_18' title="bbox 427 1262 2008 1342; baseline -0.004 -21"><span class='ocrx_word' id='word_1_122' title='bbox 427 1269 584 1342; x_wconf 73' lang='grc' dir='ltr'>ἡμῶν</span> <span class='ocrx_word' id='word_1_123' title='bbox 613 1272 695 1332; x_wconf 87' lang='grc' dir='ltr'>είς</span> <span class='ocrx_word' id='word_1_124' title='bbox 731 1269 859 1331; x_wconf 80' lang='grc' dir='ltr'>τοὺς</span> <span class='ocrx_word' id='word_1_125' title='bbox 896 1267 1217 1330; x_wconf 82' lang='grc' dir='ltr'>συνδούλους</span> <span class='ocrx_word' id='word_1_126' title='bbox 1244 1266 1555 1335; x_wconf 73' lang='grc' dir='ltr'>ὀφείλοντος</span> <span class='ocrx_word' id='word_1_127' title='bbox 1587 1264 1863 1334; x_wconf 88' lang='grc' dir='ltr'>γίνεσθαι·</span> <span class='ocrx_word' id='word_1_128' title='bbox 1912 1262 2008 1316; x_wconf 68' lang='grc' dir='ltr'>καὶ</span> 
     </span>
    </p>
   </div>
   <div class='ocr_carea' id='block_1_19' title="bbox 425 1346 2008 1421">
    <p class='ocr_par' dir='ltr' id='par_1_19' title="bbox 425 1346 2008 1421">
     <span class='ocr_line' id='line_1_19' title="bbox 425 1346 2008 1421; baseline -0.004 -18"><span class='ocrx_word' id='word_1_129' title='bbox 425 1354 482 1405; x_wconf 81' lang='grc' dir='ltr'>ἐν</span> <span class='ocrx_word' id='word_1_130' title='bbox 508 1354 573 1421; x_wconf 84' lang='grc' dir='ltr'>τῇ</span> <span class='ocrx_word' id='word_1_131' title='bbox 605 1351 839 1421; x_wconf 85' lang='grc' dir='ltr'>Παλαιᾷ.</span> <span class='ocrx_word' id='word_1_132' title='bbox 871 1349 966 1403; x_wconf 77' lang='grc' dir='ltr'>καὶ</span> <span class='ocrx_word' id='word_1_133' title='bbox 989 1350 1047 1402; x_wconf 90' lang='grc' dir='ltr'>ἐν</span> <span class='ocrx_word' id='word_1_134' title='bbox 1082 1352 1149 1420; x_wconf 78' lang='grc' dir='ltr'>τῇ</span> <span class='ocrx_word' id='word_1_135' title='bbox 1178 1351 1357 1421; x_wconf 75' lang='grc' dir='ltr'>Καινῇ</span> <span class='ocrx_word' id='word_1_136' title='bbox 1400 1348 1626 1421; x_wconf 80' lang='grc' dir='ltr'>μυρίους</span> <span class='ocrx_word' id='word_1_137' title='bbox 1650 1348 1791 1418; x_wconf 84' lang='grc' dir='ltr'>ὑπὲρ</span> <span class='ocrx_word' id='word_1_138' title='bbox 1815 1346 2008 1399; x_wconf 89' lang='grc' dir='ltr'>τούτου</span> 
     </span>
    </p>
   </div>
   <div class='ocr_carea' id='block_1_20' title="bbox 426 1428 2007 1504">
    <p class='ocr_par' dir='ltr' id='par_1_20' title="bbox 426 1428 2007 1504">
     <span class='ocr_line' id='line_1_20' title="bbox 426 1428 2007 1504; baseline -0.002 -18"><span class='ocrx_word' id='word_1_139' title='bbox 426 1433 608 1504; x_wconf 87' lang='grc' dir='ltr'>τίθησι</span> <span class='ocrx_word' id='word_1_140' title='bbox 639 1434 860 1503; x_wconf 87' lang='grc' dir='ltr'>νόμους,</span> <span class='ocrx_word' id='word_1_141' title='bbox 895 1431 1136 1485; x_wconf 83' lang='grc' dir='ltr'>κελεύων</span> <span class='ocrx_word' id='word_1_142' title='bbox 1161 1432 1249 1486; x_wconf 88' lang='grc' dir='ltr'>διὰ</span> <span class='ocrx_word' id='word_1_143' title='bbox 1278 1432 1498 1487; x_wconf 90' lang='grc' dir='ltr'>πάντων</span> <span class='ocrx_word' id='word_1_144' title='bbox 1527 1428 1668 1485; x_wconf 74' lang='grc' dir='ltr'>εἶναι</span> <span class='ocrx_word' id='word_1_145' title='bbox 1697 1428 2007 1501; x_wconf 84' lang='grc' dir='ltr'>φιλάνθρω-</span> 
     </span>
    </p>
   </div>
   <div class='ocr_carea' id='block_1_21' title="bbox 427 1514 2010 1587">
    <p class='ocr_par' dir='ltr' id='par_1_21' title="bbox 427 1514 2010 1587">
     <span class='ocr_line' id='line_1_21' title="bbox 427 1514 2010 1587; baseline -0.001 -19"><span class='ocrx_word' id='word_1_146' title='bbox 427 1533 547 1579; x_wconf 88' lang='grc' dir='ltr'>πον,</span> <span class='ocrx_word' id='word_1_147' title='bbox 583 1516 678 1571; x_wconf 71' lang='grc' dir='ltr'>καὶ</span> <span class='ocrx_word' id='word_1_148' title='bbox 708 1515 796 1569; x_wconf 85' lang='grc' dir='ltr'>διὰ</span> <span class='ocrx_word' id='word_1_149' title='bbox 820 1516 1104 1586; x_wconf 82' lang='grc' dir='ltr'>ῥημάτων,</span> <span class='ocrx_word' id='word_1_150' title='bbox 1136 1516 1233 1568; x_wconf 75' lang='grc' dir='ltr'>καὶ</span> <span class='ocrx_word' id='word_1_151' title='bbox 1269 1516 1588 1587; x_wconf 87' lang='grc' dir='ltr'>χρημάτων,</span> <span class='ocrx_word' id='word_1_152' title='bbox 1627 1515 1722 1568; x_wconf 79' lang='grc' dir='ltr'>καὶ</span> <span class='ocrx_word' id='word_1_153' title='bbox 1750 1514 2010 1585; x_wconf 89' lang='grc' dir='ltr'>πραγμά-</span> 
     </span>
    </p>
   </div>
   <div class='ocr_carea' id='block_1_22' title="bbox 423 1597 2009 1670">
    <p class='ocr_par' dir='ltr' id='par_1_22' title="bbox 423 1597 2009 1670">
     <span class='ocr_line' id='line_1_22' title="bbox 423 1597 2009 1670; baseline -0.002 -18"><span class='ocrx_word' id='word_1_154' title='bbox 423 1617 553 1654; x_wconf 86' lang='grc' dir='ltr'>των.</span> <span class='ocrx_word' id='word_1_155' title='bbox 585 1601 694 1653; x_wconf 66' lang='lat' dir='ltr'><strong><em>Kal</em></strong></span> <span class='ocrx_word' id='word_1_156' title='bbox 728 1598 971 1667; x_wconf 77' lang='grc' dir='ltr'>Μωῦσῆς</span> <span class='ocrx_word' id='word_1_157' title='bbox 1010 1598 1124 1652; x_wconf 81' lang='grc' dir='ltr'>ἀνω</span> <span class='ocrx_word' id='word_1_158' title='bbox 1156 1598 1252 1652; x_wconf 71' lang='grc' dir='ltr'>καὶ</span> <span class='ocrx_word' id='word_1_159' title='bbox 1281 1598 1433 1652; x_wconf 90' lang='grc' dir='ltr'>κάτω</span> <span class='ocrx_word' id='word_1_160' title='bbox 1474 1600 1602 1662; x_wconf 82' lang='grc' dir='ltr'>τοὺς</span> <span class='ocrx_word' id='word_1_161' title='bbox 1640 1598 1771 1670; x_wconf 74' lang='grc' dir='ltr'>περὶ</span> <span class='ocrx_word' id='word_1_162' title='bbox 1800 1597 2009 1650; x_wconf 88' lang='grc' dir='ltr'>τούτων</span> 
     </span>
    </p>
   </div>
   <div class='ocr_carea' id='block_1_23' title="bbox 425 1679 2008 1754">
    <p class='ocr_par' dir='ltr' id='par_1_23' title="bbox 425 1679 2008 1754">
     <span class='ocr_line' id='line_1_23' title="bbox 425 1679 2008 1754; baseline -0.002 -20"><span class='ocrx_word' id='word_1_163' title='bbox 425 1681 734 1754; x_wconf 82' lang='grc' dir='ltr'>διασπείρει</span> <span class='ocrx_word' id='word_1_164' title='bbox 768 1681 962 1749; x_wconf 82' lang='grc' dir='ltr'>λόγους</span> <span class='ocrx_word' id='word_1_165' title='bbox 996 1684 1118 1745; x_wconf 90' lang='grc' dir='ltr'>ταῖς</span> <span class='ocrx_word' id='word_1_166' title='bbox 1138 1680 1489 1752; x_wconf 85' lang='grc' dir='ltr'>νομοθεσίαις</span> <span class='ocrx_word' id='word_1_167' title='bbox 1519 1680 1764 1744; x_wconf 86' lang='grc' dir='ltr'>ἀπάσαις</span> <span class='ocrx_word' id='word_1_168' title='bbox 1784 1697 1798 1712; x_wconf 87' lang='grc'><strong>·</strong></span> <span class='ocrx_word' id='word_1_169' title='bbox 1830 1679 1927 1734; x_wconf 70' lang='grc' dir='ltr'>καὶ</span> <span class='ocrx_word' id='word_1_170' title='bbox 1959 1680 2008 1732; x_wconf 80' lang='grc' dir='ltr'>οἱ</span> 
     </span>
    </p>
   </div>
   <div class='ocr_carea' id='block_1_24' title="bbox 428 1761 2009 1834">
    <p class='ocr_par' dir='ltr' id='par_1_24' title="bbox 428 1761 2009 1834">
     <span class='ocr_line' id='line_1_24' title="bbox 428 1761 2009 1834; baseline -0.002 -18"><span class='ocrx_word' id='word_1_171' title='bbox 428 1764 704 1834; x_wconf 69' lang='grc' dir='ltr'>προφῆται</span> <span class='ocrx_word' id='word_1_172' title='bbox 749 1765 812 1816; x_wconf 84' lang='grc' dir='ltr'>ἐκ</span> <span class='ocrx_word' id='word_1_173' title='bbox 842 1762 1137 1834; x_wconf 83' lang='grc' dir='ltr'>προσώπου</span> <span class='ocrx_word' id='word_1_174' title='bbox 1177 1762 1273 1816; x_wconf 92' lang='grc' dir='ltr'>τοῦ</span> <span class='ocrx_word' id='word_1_175' title='bbox 1306 1762 1443 1815; x_wconf 87' lang='grc' dir='ltr'>Θεοῦ</span> <span class='ocrx_word' id='word_1_176' title='bbox 1469 1763 1629 1817; x_wconf 90' lang='grc' dir='ltr'>τοῦτο</span> <span class='ocrx_word' id='word_1_177' title='bbox 1673 1761 1892 1833; x_wconf 85' lang='grc' dir='ltr'>βοῶσιν,</span> <span class='ocrx_word' id='word_1_178' title='bbox 1926 1762 2009 1814; x_wconf 86' lang='grc' dir='ltr'>δτι</span> 
     </span>
    </p>
   </div>
   <div class='ocr_carea' id='block_1_25' title="bbox 432 1844 2009 1906">
    <p class='ocr_par' dir='ltr' id='par_1_25' title="bbox 432 1844 2009 1906">
     <span class='ocr_line' id='line_1_25' title="bbox 432 1844 2009 1906; baseline 0 -9"><span class='ocrx_word' id='word_1_179' title='bbox 432 1847 646 1899; x_wconf 71' lang='grc' dir='ltr'>Ἕλειςν</span> <span class='ocrx_word' id='word_1_180' title='bbox 689 1846 862 1906; x_wconf 80' lang='grc' dir='ltr'>θέλω,</span> <span class='ocrx_word' id='word_1_181' title='bbox 906 1845 1002 1899; x_wconf 72' lang='grc' dir='ltr'>καὶ</span> <span class='ocrx_word' id='word_1_182' title='bbox 1054 1846 1125 1898; x_wconf 87' lang='grc' dir='ltr'>οὐ</span> <span class='ocrx_word' id='word_1_183' title='bbox 1174 1846 1430 1899; x_wconf 78' lang='grc' dir='ltr'>θυσίαν·</span> <span class='ocrx_word' id='word_1_184' title='bbox 1486 1845 1582 1898; x_wconf 76' lang='grc' dir='ltr'>καὶ</span> <span class='ocrx_word' id='word_1_185' title='bbox 1623 1847 1674 1899; x_wconf 77' lang='grc' dir='ltr'>οἱ</span> <span class='ocrx_word' id='word_1_186' title='bbox 1721 1844 2009 1899; x_wconf 82' lang='grc' dir='ltr'>ἀπόστολοι</span> 
     </span>
    </p>
   </div>
   <div class='ocr_carea' id='block_1_26' title="bbox 429 1926 2010 1999">
    <p class='ocr_par' dir='ltr' id='par_1_26' title="bbox 429 1926 2010 1999">
     <span class='ocr_line' id='line_1_26' title="bbox 429 1926 2010 1999; baseline 0.001 -19"><span class='ocrx_word' id='word_1_187' title='bbox 429 1928 632 1992; x_wconf 81' lang='grc' dir='ltr'>πάντες</span> <span class='ocrx_word' id='word_1_188' title='bbox 662 1928 874 1999; x_wconf 81' lang='grc' dir='ltr'>συνῳδά</span> <span class='ocrx_word' id='word_1_189' title='bbox 897 1927 1109 1990; x_wconf 83' lang='grc' dir='ltr'>τούτοις</span> <span class='ocrx_word' id='word_1_190' title='bbox 1147 1928 1243 1981; x_wconf 77' lang='grc' dir='ltr'>καὶ</span> <span class='ocrx_word' id='word_1_191' title='bbox 1271 1926 1488 1981; x_wconf 90' lang='grc' dir='ltr'>ποιοῦσι</span> <span class='ocrx_word' id='word_1_192' title='bbox 1528 1928 1626 1981; x_wconf 81' lang='grc' dir='ltr'>καὶ</span> <span class='ocrx_word' id='word_1_193' title='bbox 1649 1928 1889 1997; x_wconf 89' lang='grc' dir='ltr'>λέγουσι.</span> <span class='ocrx_word' id='word_1_194' title='bbox 1919 1928 2010 1999; x_wconf 81' lang='grc' dir='ltr'>Μὴ</span> 
     </span>
    </p>
   </div>
   <div class='ocr_carea' id='block_1_27' title="bbox 427 2010 2011 2083">
    <p class='ocr_par' dir='ltr' id='par_1_27' title="bbox 427 2010 2011 2083">
     <span class='ocr_line' id='line_1_27' title="bbox 427 2010 2011 2083; baseline 0.001 -19"><span class='ocrx_word' id='word_1_195' title='bbox 427 2011 609 2064; x_wconf 84' lang='grc' dir='ltr'>τοίνυν</span> <span class='ocrx_word' id='word_1_196' title='bbox 638 2010 1040 2081; x_wconf 87' lang='grc' dir='ltr'>καταμελῶμεν</span> <span class='ocrx_word' id='word_1_197' title='bbox 1088 2010 1185 2064; x_wconf 92' lang='grc' dir='ltr'>τοῦ</span> <span class='ocrx_word' id='word_1_198' title='bbox 1227 2010 1590 2083; x_wconf 88' lang='grc' dir='ltr'>πράγματος·</span> <span class='ocrx_word' id='word_1_199' title='bbox 1624 2012 1687 2065; x_wconf 93' lang='grc' dir='ltr'>οὐ</span> <span class='ocrx_word' id='word_1_200' title='bbox 1733 2012 1843 2083; x_wconf 89' lang='grc' dir='ltr'>γάρ</span> <span class='ocrx_word' id='word_1_201' title='bbox 1885 2011 2011 2076; x_wconf 80' lang='grc' dir='ltr'>τούς</span> 
     </span>
    </p>
   </div>
   <div class='ocr_carea' id='block_1_28' title="bbox 430 2093 2008 2167">
    <p class='ocr_par' dir='ltr' id='par_1_28' title="bbox 430 2093 2008 2167">
     <span class='ocr_line' id='line_1_28' title="bbox 430 2093 2008 2167; baseline 0.001 -21"><span class='ocrx_word' id='word_1_202' title='bbox 430 2094 688 2164; x_wconf 84' lang='grc' dir='ltr'>πένητας,</span> <span class='ocrx_word' id='word_1_203' title='bbox 718 2093 833 2147; x_wconf 80' lang='grc' dir='ltr'>ἀλλ’</span> <span class='ocrx_word' id='word_1_204' title='bbox 876 2094 1074 2157; x_wconf 80' lang='grc' dir='ltr'>αὐτοὺς</span> <span class='ocrx_word' id='word_1_205' title='bbox 1111 2093 1259 2164; x_wconf 81' lang='grc' dir='ltr'>ἡμᾶς</span> <span class='ocrx_word' id='word_1_206' title='bbox 1290 2094 1361 2148; x_wconf 80' lang='grc' dir='ltr'>τὰ</span> <span class='ocrx_word' id='word_1_207' title='bbox 1392 2094 1625 2166; x_wconf 81' lang='grc' dir='ltr'>μέγιστα</span> <span class='ocrx_word' id='word_1_208' title='bbox 1671 2094 2008 2167; x_wconf 79' lang='grc' dir='ltr'>ώφελοῦμεν,</span> 
     </span>
    </p>
   </div>
   <div class='ocr_carea' id='block_1_29' title="bbox 430 2172 1614 2248">
    <p class='ocr_par' dir='ltr' id='par_1_29' title="bbox 430 2172 1614 2248">
     <span class='ocr_line' id='line_1_29' title="bbox 430 2172 1614 2248; baseline 0.003 -20"><span class='ocrx_word' id='word_1_209' title='bbox 430 2176 522 2228; x_wconf 73' lang='grc' dir='ltr'>καὶ</span> <span class='ocrx_word' id='word_1_210' title='bbox 551 2175 777 2245; x_wconf 78' lang='grc' dir='ltr'>μείζονα</span> <span class='ocrx_word' id='word_1_211' title='bbox 809 2175 1161 2248; x_wconf 79' lang='grc' dir='ltr'>λαμϐάνομεν</span> <span class='ocrx_word' id='word_1_212' title='bbox 1183 2172 1257 2230; x_wconf 82' lang='grc' dir='ltr'>ὧν</span> <span class='ocrx_word' id='word_1_213' title='bbox 1280 2177 1614 2248; x_wconf 80' lang='grc' dir='ltr'>παρέχομεν.</span> 
     </span>
    </p>
   </div>
   <div class='ocr_carea' id='block_1_30' title="bbox 503 2257 2013 2333">
    <p class='ocr_par' dir='ltr' id='par_1_30' title="bbox 503 2257 2013 2333">
     <span class='ocr_line' id='line_1_30' title="bbox 503 2257 2013 2333; baseline 0.002 -22"><span class='ocrx_word' id='word_1_214' title='bbox 503 2257 769 2322; x_wconf 80' lang='grc' dir='ltr'>ς⁹.Ταῦτα</span> <span class='ocrx_word' id='word_1_215' title='bbox 783 2257 839 2311; x_wconf 84' lang='grc' dir='ltr'>δὲ</span> <span class='ocrx_word' id='word_1_216' title='bbox 854 2259 952 2328; x_wconf 87' lang='grc' dir='ltr'>οὐχ</span> <span class='ocrx_word' id='word_1_217' title='bbox 976 2259 1161 2324; x_wconf 83' lang='grc' dir='ltr'>ἁπλῶς</span> <span class='ocrx_word' id='word_1_218' title='bbox 1181 2259 1328 2327; x_wconf 86' lang='grc' dir='ltr'>λέγω</span> <span class='ocrx_word' id='word_1_219' title='bbox 1342 2258 1458 2321; x_wconf 87' lang='grc' dir='ltr'>νῦν,</span> <span class='ocrx_word' id='word_1_220' title='bbox 1481 2260 1597 2314; x_wconf 80' lang='grc' dir='ltr'>ἀλλ’</span> <span class='ocrx_word' id='word_1_221' title='bbox 1619 2260 1807 2333; x_wconf 79' lang='grc' dir='ltr'>ἐπειδὴ</span> <span class='ocrx_word' id='word_1_222' title='bbox 1830 2261 2013 2315; x_wconf 75' lang='grc' dir='ltr'>πολλοὶ</span> 
     </span>
    </p>
   </div>
   <div class='ocr_carea' id='block_1_31' title="bbox 428 2340 2013 2416">
    <p class='ocr_par' dir='ltr' id='par_1_31' title="bbox 428 2340 2013 2416">
     <span class='ocr_line' id='line_1_31' title="bbox 428 2340 2013 2416; baseline 0.004 -24"><span class='ocrx_word' id='word_1_223' title='bbox 428 2340 686 2405; x_wconf 72' lang='grc' dir='ltr'>πολλάκις</span> <span class='ocrx_word' id='word_1_224' title='bbox 720 2340 856 2410; x_wconf 78' lang='grc' dir='ltr'>πρὸς</span> <span class='ocrx_word' id='word_1_225' title='bbox 893 2343 1021 2406; x_wconf 86' lang='grc' dir='ltr'>τοὺς</span> <span class='ocrx_word' id='word_1_226' title='bbox 1050 2342 1336 2412; x_wconf 84' lang='grc' dir='ltr'>δεομένους</span> <span class='ocrx_word' id='word_1_227' title='bbox 1364 2343 1871 2416; x_wconf 74' lang='grc' dir='ltr'>ἀκριϐολογοῦνται,</span> <span class='ocrx_word' id='word_1_228' title='bbox 1918 2346 2013 2399; x_wconf 77' lang='grc' dir='ltr'>καὶ</span> 
     </span>
    </p>
   </div>
   <div class='ocr_carea' id='block_1_32' title="bbox 429 2422 2012 2499">
    <p class='ocr_par' dir='ltr' id='par_1_32' title="bbox 429 2422 2012 2499">
     <span class='ocr_line' id='line_1_32' title="bbox 429 2422 2012 2499; baseline 0.004 -24"><span class='ocrx_word' id='word_1_229' title='bbox 429 2423 661 2495; x_wconf 82' lang='grc' dir='ltr'>πατρίδα</span> <span class='ocrx_word' id='word_1_230' title='bbox 687 2422 1053 2487; x_wconf 74' lang='grc' dir='ltr'>ἐξετάζοντες,</span> <span class='ocrx_word' id='word_1_231' title='bbox 1087 2426 1182 2479; x_wconf 71' lang='grc' dir='ltr'>καὶ</span> <span class='ocrx_word' id='word_1_232' title='bbox 1206 2426 1342 2496; x_wconf 88' lang='grc' dir='ltr'>βίον,</span> <span class='ocrx_word' id='word_1_233' title='bbox 1374 2427 1470 2481; x_wconf 74' lang='grc' dir='ltr'>καὶ</span> <span class='ocrx_word' id='word_1_234' title='bbox 1492 2428 1747 2499; x_wconf 88' lang='grc' dir='ltr'>τρόπους,</span> <span class='ocrx_word' id='word_1_235' title='bbox 1780 2430 1877 2481; x_wconf 68' lang='grc' dir='ltr'>καὶ¹</span> <span class='ocrx_word' id='word_1_236' title='bbox 1897 2430 2012 2483; x_wconf 81' lang='grc' dir='ltr'>ἐπι-</span> 
     </span>
    </p>
   </div>
   <div class='ocr_carea' id='block_1_33' title="bbox 426 2505 2015 2581">
    <p class='ocr_par' dir='ltr' id='par_1_33' title="bbox 426 2505 2015 2581">
     <span class='ocr_line' id='line_1_33' title="bbox 426 2505 2015 2581; baseline 0.004 -22"><span class='ocrx_word' id='word_1_237' title='bbox 426 2507 692 2577; x_wconf 85' lang='grc' dir='ltr'>τήδευμα,</span> <span class='ocrx_word' id='word_1_238' title='bbox 736 2506 831 2558; x_wconf 74' lang='grc' dir='ltr'>καὶ</span> <span class='ocrx_word' id='word_1_239' title='bbox 876 2505 974 2577; x_wconf 82' lang='grc' dir='ltr'>τὴν</span> <span class='ocrx_word' id='word_1_240' title='bbox 1003 2508 1098 2560; x_wconf 91' lang='grc' dir='ltr'>τοῦ</span> <span class='ocrx_word' id='word_1_241' title='bbox 1131 2507 1383 2578; x_wconf 85' lang='grc' dir='ltr'>σώματος</span> <span class='ocrx_word' id='word_1_242' title='bbox 1416 2510 1650 2575; x_wconf 81' lang='grc' dir='ltr'>εὐεξίαν,</span> <span class='ocrx_word' id='word_1_243' title='bbox 1688 2509 2015 2581; x_wconf 80' lang='grc' dir='ltr'>ἐγκλήματα</span> 
     </span>
    </p>
   </div>
   <div class='ocr_carea' id='block_1_34' title="bbox 428 2588 2013 2661">
    <p class='ocr_par' dir='ltr' id='par_1_34' title="bbox 428 2588 2013 2661">
     <span class='ocr_line' id='line_1_34' title="bbox 428 2588 2013 2661; baseline 0.004 -21"><span class='ocrx_word' id='word_1_244' title='bbox 428 2588 763 2658; x_wconf 77' lang='grc' dir='ltr'>ποιούμενοι,</span> <span class='ocrx_word' id='word_1_245' title='bbox 804 2589 897 2641; x_wconf 72' lang='grc' dir='ltr'>καὶ</span> <span class='ocrx_word' id='word_1_246' title='bbox 947 2589 1147 2661; x_wconf 90' lang='grc' dir='ltr'>μυρίας</span> <span class='ocrx_word' id='word_1_247' title='bbox 1181 2591 1323 2661; x_wconf 79' lang='grc' dir='ltr'>ὑπὲρ</span> <span class='ocrx_word' id='word_1_248' title='bbox 1376 2592 1587 2660; x_wconf 77' lang='grc' dir='ltr'>ὑγιείας</span> <span class='ocrx_word' id='word_1_249' title='bbox 1652 2593 2013 2658; x_wconf 82' lang='grc' dir='ltr'>ἀπαιτοῦντες</span> 
     </span>
    </p>
   </div>
   <div class='ocr_carea' id='block_1_35' title="bbox 427 2671 2012 2746">
    <p class='ocr_par' dir='ltr' id='par_1_35' title="bbox 427 2671 2012 2746">
     <span class='ocr_line' id='line_1_35' title="bbox 427 2671 2012 2746; baseline 0.001 -20"><span class='ocrx_word' id='word_1_250' title='bbox 427 2671 678 2734; x_wconf 79' lang='grc' dir='ltr'>εὐθύνας.</span> <span class='ocrx_word' id='word_1_251' title='bbox 708 2672 808 2726; x_wconf 89' lang='grc' dir='ltr'>Διά</span> <span class='ocrx_word' id='word_1_252' title='bbox 829 2688 913 2725; x_wconf 91' lang='grc' dir='ltr'>τοι</span> <span class='ocrx_word' id='word_1_253' title='bbox 932 2671 1113 2736; x_wconf 90' lang='grc' dir='ltr'>τοῦτο,</span> <span class='ocrx_word' id='word_1_254' title='bbox 1139 2675 1235 2729; x_wconf 75' lang='grc' dir='ltr'>καὶ</span> <span class='ocrx_word' id='word_1_255' title='bbox 1265 2673 1451 2727; x_wconf 77' lang='grc' dir='ltr'>πολλοὶ</span> <span class='ocrx_word' id='word_1_256' title='bbox 1468 2674 1750 2746; x_wconf 75' lang='grc' dir='ltr'>πηρώσεις</span> <span class='ocrx_word' id='word_1_257' title='bbox 1781 2677 2012 2745; x_wconf 80' lang='grc' dir='ltr'>ὑπεκρί-</span> 
     </span>
    </p>
   </div>
   <div class='ocr_carea' id='block_1_36' title="bbox 427 2753 2014 2830">
    <p class='ocr_par' dir='ltr' id='par_1_36' title="bbox 427 2753 2014 2830">
     <span class='ocr_line' id='line_1_36' title="bbox 427 2753 2014 2830; baseline 0.004 -24"><span class='ocrx_word' id='word_1_258' title='bbox 427 2770 587 2807; x_wconf 88' lang='grc' dir='ltr'>ναντο</span> <span class='ocrx_word' id='word_1_259' title='bbox 619 2753 896 2824; x_wconf 81' lang='grc' dir='ltr'>σώματος,</span> <span class='ocrx_word' id='word_1_260' title='bbox 935 2754 1022 2808; x_wconf 78' lang='grc' dir='ltr'>ἵνα</span> <span class='ocrx_word' id='word_1_261' title='bbox 1053 2756 1152 2827; x_wconf 78' lang='grc' dir='ltr'>τὴν</span> <span class='ocrx_word' id='word_1_262' title='bbox 1178 2756 1440 2828; x_wconf 84' lang='grc' dir='ltr'>ὠμότητα</span> <span class='ocrx_word' id='word_1_263' title='bbox 1486 2758 1586 2829; x_wconf 80' lang='grc' dir='ltr'>τὴν</span> <span class='ocrx_word' id='word_1_264' title='bbox 1610 2759 1890 2830; x_wconf 80' lang='grc' dir='ltr'>ἡμετέραν</span> <span class='ocrx_word' id='word_1_265' title='bbox 1920 2760 2014 2812; x_wconf 74' lang='grc' dir='ltr'>καὶ</span> 
     </span>
    </p>
   </div>
   <div class='ocr_carea' id='block_1_37' title="bbox 426 2835 2015 2910">
    <p class='ocr_par' dir='ltr' id='par_1_37' title="bbox 426 2835 2015 2910">
     <span class='ocr_line' id='line_1_37' title="bbox 426 2835 2015 2910; baseline 0.003 -22"><span class='ocrx_word' id='word_1_266' title='bbox 426 2837 526 2906; x_wconf 79' lang='grc' dir='ltr'>τὴν</span> <span class='ocrx_word' id='word_1_267' title='bbox 554 2835 952 2906; x_wconf 82' lang='grc' dir='ltr'>ἀπανθρωπίαν</span> <span class='ocrx_word' id='word_1_268' title='bbox 982 2835 1060 2907; x_wconf 79' lang='grc' dir='ltr'>τῷ</span> <span class='ocrx_word' id='word_1_269' title='bbox 1094 2838 1196 2907; x_wconf 84' lang='grc' dir='ltr'>τῆς</span> <span class='ocrx_word' id='word_1_270' title='bbox 1228 2840 1518 2909; x_wconf 80' lang='grc' dir='ltr'>συμφορᾶς</span> <span class='ocrx_word' id='word_1_271' title='bbox 1544 2840 1747 2909; x_wconf 86' lang='grc' dir='ltr'>ταύτης</span> <span class='ocrx_word' id='word_1_272' title='bbox 1777 2840 2015 2910; x_wconf 81' lang='grc' dir='ltr'>ἐπικάμ-</span> 
     </span>
    </p>
   </div>
   <div class='ocr_carea' id='block_1_38' title="bbox 426 2918 2016 2991">
    <p class='ocr_par' dir='ltr' id='par_1_38' title="bbox 426 2918 2016 2991">
     <span class='ocr_line' id='line_1_38' title="bbox 426 2918 2016 2991; baseline 0.004 -22"><span class='ocrx_word' id='word_1_273' title='bbox 426 2919 572 2987; x_wconf 70' lang='grc' dir='ltr'>ψωτι</span> <span class='ocrx_word' id='word_1_274' title='bbox 597 2918 857 2988; x_wconf 81' lang='grc' dir='ltr'>δράματι.</span> <span class='ocrx_word' id='word_1_275' title='bbox 880 2919 994 2973; x_wconf 75' lang='grc' dir='ltr'>Καὶ</span> <span class='ocrx_word' id='word_1_276' title='bbox 1017 2920 1078 2972; x_wconf 80' lang='grc' dir='ltr'>τὸ</span> <span class='ocrx_word' id='word_1_277' title='bbox 1102 2921 1222 2990; x_wconf 86' lang='grc' dir='ltr'>μὲν,</span> <span class='ocrx_word' id='word_1_278' title='bbox 1243 2919 1439 2991; x_wconf 88' lang='grc' dir='ltr'>θέρους</span> <span class='ocrx_word' id='word_1_279' title='bbox 1464 2921 1638 2986; x_wconf 82' lang='grc' dir='ltr'>δντος.</span> <span class='ocrx_word' id='word_1_280' title='bbox 1655 2922 1832 2975; x_wconf 88' lang='grc' dir='ltr'>ταῦτα</span> <span class='ocrx_word' id='word_1_281' title='bbox 1856 2924 2016 2990; x_wconf 87' lang='grc' dir='ltr'>ἐγκα-</span> 
     </span>
    </p>
   </div>
   <div class='ocr_carea' id='block_1_39' title="bbox 428 2999 2016 3075">
    <p class='ocr_par' dir='ltr' id='par_1_39' title="bbox 428 2999 2016 3075">
     <span class='ocr_line' id='line_1_39' title="bbox 428 2999 2016 3075; baseline 0.004 -24"><span class='ocrx_word' id='word_1_282' title='bbox 428 3002 563 3061; x_wconf 84' lang='grc' dir='ltr'>λεῖν,</span> <span class='ocrx_word' id='word_1_283' title='bbox 587 3000 761 3052; x_wconf 76' lang='grc' dir='ltr'>δεινὸν</span> <span class='ocrx_word' id='word_1_284' title='bbox 782 2999 866 3058; x_wconf 78' lang='grc' dir='ltr'>δν,</span> <span class='ocrx_word' id='word_1_285' title='bbox 896 3002 995 3071; x_wconf 85' lang='grc' dir='ltr'>οὐχ</span> <span class='ocrx_word' id='word_1_286' title='bbox 1024 3001 1168 3054; x_wconf 76' lang='grc' dir='ltr'>οὕτω</span> <span class='ocrx_word' id='word_1_287' title='bbox 1191 3002 1364 3057; x_wconf 86' lang='grc' dir='ltr'>δεινόν</span> <span class='ocrx_word' id='word_1_288' title='bbox 1386 3004 1534 3055; x_wconf 80' lang='grc' dir='ltr'>ἐστι·</span> <span class='ocrx_word' id='word_1_289' title='bbox 1558 3003 1624 3056; x_wconf 81' lang='grc' dir='ltr'>τὸ</span> <span class='ocrx_word' id='word_1_290' title='bbox 1647 3002 1705 3056; x_wconf 80' lang='grc' dir='ltr'>δὲ</span> <span class='ocrx_word' id='word_1_291' title='bbox 1735 3004 1795 3054; x_wconf 72' lang='grc' dir='ltr'>ὲν</span> <span class='ocrx_word' id='word_1_292' title='bbox 1817 3003 2016 3075; x_wconf 78' lang='grc' dir='ltr'>κρυμῷ</span> 
     </span>
    </p>
   </div>
   <div class='ocr_carea' id='block_1_40' title="bbox 429 3081 2015 3156">
    <p class='ocr_par' dir='ltr' id='par_1_40' title="bbox 429 3081 2015 3156">
     <span class='ocr_line' id='line_1_40' title="bbox 429 3081 2015 3156; baseline 0.003 -20"><span class='ocrx_word' id='word_1_293' title='bbox 429 3085 525 3136; x_wconf 68' lang='grc' dir='ltr'>καὶ</span> <span class='ocrx_word' id='word_1_294' title='bbox 549 3082 711 3152; x_wconf 77' lang='grc' dir='ltr'>ψύχει</span> <span class='ocrx_word' id='word_1_295' title='bbox 745 3081 918 3146; x_wconf 76' lang='grc' dir='ltr'>οὕτως</span> <span class='ocrx_word' id='word_1_296' title='bbox 948 3082 1099 3152; x_wconf 78' lang='grc' dir='ltr'>ὠμὸν</span> <span class='ocrx_word' id='word_1_297' title='bbox 1138 3086 1232 3137; x_wconf 77' lang='grc' dir='ltr'>καὶ</span> <span class='ocrx_word' id='word_1_298' title='bbox 1264 3084 1643 3156; x_wconf 76' lang='grc' dir='ltr'>ἀπάνθρωπον</span> <span class='ocrx_word' id='word_1_299' title='bbox 1670 3085 1917 3153; x_wconf 89' lang='grc' dir='ltr'>γίνεσθαι</span> <span class='ocrx_word' id='word_1_300' title='bbox 1938 3088 2015 3140; x_wconf 83' lang='grc' dir='ltr'>δι-</span> 
     </span>
    </p>
   </div>
   <div class='ocr_carea' id='block_1_41' title="bbox 430 3164 2014 3239">
    <p class='ocr_par' dir='ltr' id='par_1_41' title="bbox 430 3164 2014 3239">
     <span class='ocr_line' id='line_1_41' title="bbox 430 3164 2014 3239; baseline 0.001 -20"><span class='ocrx_word' id='word_1_301' title='bbox 430 3165 658 3235; x_wconf 73' lang='grc' dir='ltr'>καστὴν,</span> <span class='ocrx_word' id='word_1_302' title='bbox 700 3164 794 3218; x_wconf 69' lang='grc' dir='ltr'>καὶ</span> <span class='ocrx_word' id='word_1_303' title='bbox 823 3164 1093 3235; x_wconf 88' lang='grc' dir='ltr'>μηδεμίαν</span> <span class='ocrx_word' id='word_1_304' title='bbox 1122 3167 1422 3236; x_wconf 84' lang='grc' dir='ltr'>ἀπονέμειν</span> <span class='ocrx_word' id='word_1_305' title='bbox 1460 3170 1574 3230; x_wconf 90' lang='grc' dir='ltr'>τοῖς</span> <span class='ocrx_word' id='word_1_306' title='bbox 1610 3167 1842 3237; x_wconf 83' lang='grc' dir='ltr'>ἀργοῦσι</span> <span class='ocrx_word' id='word_1_307' title='bbox 1881 3185 2014 3239; x_wconf 89' lang='grc' dir='ltr'>συγ-</span> 
     </span>
    </p>
   </div>
   <div class='ocr_carea' id='block_1_42' title="bbox 428 3247 2015 3321">
    <p class='ocr_par' dir='ltr' id='par_1_42' title="bbox 428 3247 2015 3321">
     <span class='ocr_line' id='line_1_42' title="bbox 428 3247 2015 3321; baseline 0.003 -22"><span class='ocrx_word' id='word_1_308' title='bbox 428 3247 680 3318; x_wconf 78' lang='grc' dir='ltr'>γνώμην,</span> <span class='ocrx_word' id='word_1_309' title='bbox 715 3248 816 3300; x_wconf 89' lang='grc' dir='ltr'>οὐκ</span> <span class='ocrx_word' id='word_1_310' title='bbox 846 3247 912 3301; x_wconf 80' lang='grc' dir='ltr'>ἂν</span> <span class='ocrx_word' id='word_1_311' title='bbox 950 3247 1065 3318; x_wconf 73' lang='grc' dir='ltr'>ἔχοι</span> <span class='ocrx_word' id='word_1_312' title='bbox 1104 3248 1227 3303; x_wconf 85' lang='grc' dir='ltr'>τινὰ</span> <span class='ocrx_word' id='word_1_313' title='bbox 1254 3248 1540 3321; x_wconf 84' lang='grc' dir='ltr'>ὠμότητος</span> <span class='ocrx_word' id='word_1_314' title='bbox 1583 3250 1920 3321; x_wconf 75' lang='grc' dir='ltr'>ὑπερσολὴνς</span> <span class='ocrx_word' id='word_1_315' title='bbox 1950 3252 2015 3305; x_wconf 88' lang='grc' dir='ltr'>Τί</span> 
     </span>
    </p>
   </div>
   <div class='ocr_carea' id='block_1_43' title="bbox 426 3330 2013 3403">
    <p class='ocr_par' dir='ltr' id='par_1_43' title="bbox 426 3330 2013 3403">
     <span class='ocr_line' id='line_1_43' title="bbox 426 3330 2013 3403; baseline 0.003 -19"><span class='ocrx_word' id='word_1_316' title='bbox 426 3330 522 3386; x_wconf 76' lang='grc' dir='ltr'>οὖν</span> <span class='ocrx_word' id='word_1_317' title='bbox 570 3332 598 3384; x_wconf 90' lang='grc' dir='ltr'>ὁ</span> <span class='ocrx_word' id='word_1_318' title='bbox 643 3331 881 3395; x_wconf 81' lang='grc' dir='ltr'>Παῦλος,</span> <span class='ocrx_word' id='word_1_319' title='bbox 917 3331 1114 3402; x_wconf 72' lang='grc' dir='ltr'>φησὶν.</span> <span class='ocrx_word' id='word_1_320' title='bbox 1171 3332 1484 3403; x_wconf 76' lang='grc' dir='ltr'>ἐνομοθέτει</span> <span class='ocrx_word' id='word_1_321' title='bbox 1537 3331 2013 3399; x_wconf 87' lang='grc' dir='ltr'>Θεσσαλονικεῦσι,</span> 
     </span>
    </p>
   </div>
   <div class='ocr_carea' id='block_1_44' title="bbox 426 3413 2014 3485">
    <p class='ocr_par' dir='ltr' id='par_1_44' title="bbox 426 3413 2014 3485">
     <span class='ocr_line' id='line_1_44' title="bbox 426 3413 2014 3485; baseline 0 -17"><span class='ocrx_word' id='word_1_322' title='bbox 426 3416 630 3483; x_wconf 75' lang='grc' dir='ltr'>λέγων’</span> <span class='ocrx_word' id='word_1_323' title='bbox 659 3413 731 3467; x_wconf 81' lang='grc' dir='ltr'>Εἴ</span> <span class='ocrx_word' id='word_1_324' title='bbox 760 3430 851 3480; x_wconf 84' lang='grc' dir='ltr'>τις</span> <span class='ocrx_word' id='word_1_325' title='bbox 874 3416 946 3467; x_wconf 88' lang='grc' dir='ltr'>οὺ</span> <span class='ocrx_word' id='word_1_326' title='bbox 976 3413 1139 3469; x_wconf 79' lang='grc' dir='ltr'>θέλει</span> <span class='ocrx_word' id='word_1_327' title='bbox 1162 3413 1531 3483; x_wconf 75' lang='grc' dir='ltr'>ἐργάζεσθαι,</span> <span class='ocrx_word' id='word_1_328' title='bbox 1561 3416 1716 3485; x_wconf 85' lang='grc' dir='ltr'>μηδέ</span> <span class='ocrx_word' id='word_1_329' title='bbox 1733 3416 2014 3482; x_wconf 85' lang='grc' dir='ltr'>ἐσθιέτω;</span> 
     </span>
    </p>
   </div>
   <div class='ocr_carea' id='block_1_45' title="bbox 429 3495 2014 3572">
    <p class='ocr_par' dir='ltr' id='par_1_45' title="bbox 429 3495 2014 3572">
     <span class='ocr_line' id='line_1_45' title="bbox 429 3495 2014 3572; baseline 0.001 -21"><span class='ocrx_word' id='word_1_330' title='bbox 429 3501 544 3552; x_wconf 86' lang='grc' dir='ltr'>’Ἱνα</span> <span class='ocrx_word' id='word_1_331' title='bbox 574 3500 667 3550; x_wconf 75' lang='grc' dir='ltr'>καὶ</span> <span class='ocrx_word' id='word_1_332' title='bbox 705 3499 769 3551; x_wconf 80' lang='grc' dir='ltr'>σὺ</span> <span class='ocrx_word' id='word_1_333' title='bbox 793 3495 968 3550; x_wconf 88' lang='grc' dir='ltr'>ταῦτα</span> <span class='ocrx_word' id='word_1_334' title='bbox 995 3497 1261 3568; x_wconf 83' lang='grc' dir='ltr'>ἀκούσῃς,</span> <span class='ocrx_word' id='word_1_335' title='bbox 1287 3497 1382 3552; x_wconf 72' lang='grc' dir='ltr'>καὶ</span> <span class='ocrx_word' id='word_1_336' title='bbox 1418 3498 1494 3569; x_wconf 82' lang='grc' dir='ltr'>μὴ</span> <span class='ocrx_word' id='word_1_337' title='bbox 1518 3499 1653 3572; x_wconf 79' lang='grc' dir='ltr'>πρὸς</span> <span class='ocrx_word' id='word_1_338' title='bbox 1679 3501 1887 3553; x_wconf 90' lang='grc' dir='ltr'>ἐκεῖνον</span> <span class='ocrx_word' id='word_1_339' title='bbox 1918 3501 2014 3572; x_wconf 90' lang='grc' dir='ltr'>μό-</span> 
     </span>
    </p>
   </div>
   <div class='ocr_carea' id='block_1_46' title="bbox 428 3579 2013 3653">
    <p class='ocr_par' dir='ltr' id='par_1_46' title="bbox 428 3579 2013 3653">
     <span class='ocr_line' id='line_1_46' title="bbox 428 3579 2013 3653; baseline 0.001 -19"><span class='ocrx_word' id='word_1_340' title='bbox 428 3598 535 3642; x_wconf 85' lang='grc' dir='ltr'>νον,</span> <span class='ocrx_word' id='word_1_341' title='bbox 576 3580 712 3633; x_wconf 90' lang='grc' dir='ltr'>άλλά</span> <span class='ocrx_word' id='word_1_342' title='bbox 748 3581 844 3634; x_wconf 74' lang='grc' dir='ltr'>καὶ</span> <span class='ocrx_word' id='word_1_343' title='bbox 876 3581 1014 3651; x_wconf 66' lang='grc' dir='ltr'>πρὸς</span> <span class='ocrx_word' id='word_1_344' title='bbox 1049 3580 1248 3634; x_wconf 77' lang='grc' dir='ltr'>σαυτὸν</span> <span class='ocrx_word' id='word_1_345' title='bbox 1276 3579 1499 3653; x_wconf 81' lang='grc' dir='ltr'>διαλέγῃ</span> <span class='ocrx_word' id='word_1_346' title='bbox 1548 3582 1617 3635; x_wconf 88' lang='grc' dir='ltr'>τά</span> <span class='ocrx_word' id='word_1_347' title='bbox 1669 3582 1764 3635; x_wconf 88' lang='grc' dir='ltr'>τοῦ</span> <span class='ocrx_word' id='word_1_348' title='bbox 1801 3582 2013 3636; x_wconf 89' lang='grc' dir='ltr'>Παύλου</span> 
     </span>
    </p>
   </div>
   <div class='ocr_carea' id='block_1_47' title="bbox 428 3662 2013 3737">
    <p class='ocr_par' dir='ltr' id='par_1_47' title="bbox 428 3662 2013 3737">
     <span class='ocr_line' id='line_1_47' title="bbox 428 3662 2013 3737; baseline 0.003 -22"><span class='ocrx_word' id='word_1_349' title='bbox 428 3666 671 3735; x_wconf 77' lang='grc' dir='ltr'>ῥήματα.</span> <span class='ocrx_word' id='word_1_350' title='bbox 703 3664 767 3716; x_wconf 78' lang='grc' dir='ltr'><strong>Οἱ</strong></span> <span class='ocrx_word' id='word_1_351' title='bbox 817 3662 927 3735; x_wconf 84' lang='grc' dir='ltr'>γὰρ</span> <span class='ocrx_word' id='word_1_352' title='bbox 955 3662 1051 3716; x_wconf 86' lang='grc' dir='ltr'>τοῦ</span> <span class='ocrx_word' id='word_1_353' title='bbox 1079 3662 1297 3716; x_wconf 87' lang='grc' dir='ltr'>Παύλου</span> <span class='ocrx_word' id='word_1_354' title='bbox 1332 3663 1488 3735; x_wconf 91' lang='grc' dir='ltr'>νόμοι</span> <span class='ocrx_word' id='word_1_355' title='bbox 1514 3665 1636 3734; x_wconf 77' lang='grc' dir='ltr'>οὐχὶ</span> <span class='ocrx_word' id='word_1_356' title='bbox 1673 3668 1787 3729; x_wconf 92' lang='grc' dir='ltr'>τοῖς</span> <span class='ocrx_word' id='word_1_357' title='bbox 1818 3667 2013 3737; x_wconf 83' lang='grc' dir='ltr'>πένησι</span> 
     </span>
    </p>
   </div>
   <div class='ocr_carea' id='block_1_48' title="bbox 430 3745 2015 3818">
    <p class='ocr_par' dir='ltr' id='par_1_48' title="bbox 430 3745 2015 3818">
     <span class='ocr_line' id='line_1_48' title="bbox 430 3745 2015 3818; baseline 0.002 -19"><span class='ocrx_word' id='word_1_358' title='bbox 430 3747 612 3817; x_wconf 90' lang='grc' dir='ltr'>μόνον,</span> <span class='ocrx_word' id='word_1_359' title='bbox 655 3745 791 3799; x_wconf 87' lang='grc' dir='ltr'>ἀλλά</span> <span class='ocrx_word' id='word_1_360' title='bbox 815 3747 910 3798; x_wconf 77' lang='grc' dir='ltr'>καὶ</span> <span class='ocrx_word' id='word_1_361' title='bbox 943 3747 1076 3817; x_wconf 86' lang='grc' dir='ltr'>ἡμῖν</span> <span class='ocrx_word' id='word_1_362' title='bbox 1100 3748 1332 3801; x_wconf 89' lang='grc' dir='ltr'>κεῖνται.</span> <span class='ocrx_word' id='word_1_363' title='bbox 1368 3746 1524 3800; x_wconf 76' lang='grc' dir='ltr'>Εἴπω</span> <span class='ocrx_word' id='word_1_364' title='bbox 1549 3763 1602 3799; x_wconf 89' lang='grc' dir='ltr'>τι</span> <span class='ocrx_word' id='word_1_365' title='bbox 1629 3747 1886 3818; x_wconf 76' lang='grc' dir='ltr'>φορτικὸν</span> <span class='ocrx_word' id='word_1_366' title='bbox 1921 3750 2015 3802; x_wconf 82' lang='grc' dir='ltr'>καὶ</span> 
     </span>
    </p>
   </div>
   <div class='ocr_carea' id='block_1_49' title="bbox 430 3826 2014 3901">
    <p class='ocr_par' dir='ltr' id='par_1_49' title="bbox 430 3826 2014 3901">
     <span class='ocr_line' id='line_1_49' title="bbox 430 3826 2014 3901; baseline 0.003 -20"><span class='ocrx_word' id='word_1_367' title='bbox 430 3828 695 3900; x_wconf 78' lang='grc' dir='ltr'>ἐπαχθές·</span> <span class='ocrx_word' id='word_1_368' title='bbox 737 3826 856 3883; x_wconf 85' lang='grc' dir='ltr'>οῐδα</span> <span class='ocrx_word' id='word_1_369' title='bbox 891 3828 991 3896; x_wconf 79' lang='grc' dir='ltr'>μὲν</span> <span class='ocrx_word' id='word_1_370' title='bbox 1025 3830 1107 3882; x_wconf 84' lang='grc' dir='ltr'>ὅτι</span> <span class='ocrx_word' id='word_1_371' title='bbox 1152 3829 1465 3897; x_wconf 77' lang='grc' dir='ltr'>ὀργιεῖσθεο</span> <span class='ocrx_word' id='word_1_372' title='bbox 1514 3829 1654 3900; x_wconf 83' lang='grc' dir='ltr'>πλὴν</span> <span class='ocrx_word' id='word_1_373' title='bbox 1702 3826 1816 3884; x_wconf 83' lang='grc' dir='ltr'>ἀλλ’</span> <span class='ocrx_word' id='word_1_374' title='bbox 1864 3831 2014 3901; x_wconf 85' lang='grc' dir='ltr'>ὅμως</span> 
     </span>
    </p>
   </div>
   <div class='ocr_carea' id='block_1_50' title="bbox 429 3910 2013 3984">
    <p class='ocr_par' dir='ltr' id='par_1_50' title="bbox 429 3910 2013 3984">
     <span class='ocr_line' id='line_1_50' title="bbox 429 3910 2013 3984; baseline 0.003 -22"><span class='ocrx_word' id='word_1_375' title='bbox 429 3912 570 3980; x_wconf 83' lang='grc' dir='ltr'>ἐρῶ·</span> <span class='ocrx_word' id='word_1_376' title='bbox 603 3910 727 3965; x_wconf 82' lang='grc' dir='ltr'>οὐδέ</span> <span class='ocrx_word' id='word_1_377' title='bbox 773 3911 885 3979; x_wconf 82' lang='grc' dir='ltr'>γὰρ</span> <span class='ocrx_word' id='word_1_378' title='bbox 926 3910 1068 3965; x_wconf 85' lang='grc' dir='ltr'>ὥστε</span> <span class='ocrx_word' id='word_1_379' title='bbox 1108 3911 1333 3980; x_wconf 79' lang='grc' dir='ltr'>πλῆξαι,</span> <span class='ocrx_word' id='word_1_380' title='bbox 1378 3911 1492 3965; x_wconf 87' lang='grc' dir='ltr'>ἀλλ’</span> <span class='ocrx_word' id='word_1_381' title='bbox 1546 3914 1689 3967; x_wconf 81' lang='grc' dir='ltr'>ὥστε</span> <span class='ocrx_word' id='word_1_382' title='bbox 1722 3911 2013 3984; x_wconf 84' lang='grc' dir='ltr'>διορθῶσαι</span> 
     </span>
    </p>
   </div>
   <div class='ocr_carea' id='block_1_51' title="bbox 422 3992 2016 4068">
    <p class='ocr_par' dir='ltr' id='par_1_51' title="bbox 422 3992 2016 4068">
     <span class='ocr_line' id='line_1_51' title="bbox 422 3992 2016 4068; baseline 0.002 -21"><span class='ocrx_word' id='word_1_383' title='bbox 422 3992 583 4049; x_wconf 86' lang='grc' dir='ltr'>τοῦτο</span> <span class='ocrx_word' id='word_1_384' title='bbox 611 3994 775 4062; x_wconf 88' lang='grc' dir='ltr'>λέγω.</span> <span class='ocrx_word' id='word_1_385' title='bbox 804 3995 1028 4057; x_wconf 85' lang='grc' dir='ltr'>Τούτοις</span> <span class='ocrx_word' id='word_1_386' title='bbox 1055 3995 1154 4064; x_wconf 80' lang='grc' dir='ltr'>μὲν</span> <span class='ocrx_word' id='word_1_387' title='bbox 1174 3994 1372 4065; x_wconf 89' lang='grc' dir='ltr'>ἀργίαν</span> <span class='ocrx_word' id='word_1_388' title='bbox 1393 3996 1753 4068; x_wconf 72' lang='grc' dir='ltr'>ἐγκαλοῦμεν,</span> <span class='ocrx_word' id='word_1_389' title='bbox 1779 3998 2016 4067; x_wconf 84' lang='grc' dir='ltr'>πρᾶγμα</span> 
     </span>
    </p>
   </div>
   <div class='ocr_carea' id='block_1_52' title="bbox 425 4076 2013 4151">
    <p class='ocr_par' dir='ltr' id='par_1_52' title="bbox 425 4076 2013 4151">
     <span class='ocr_line' id='line_1_52' title="bbox 425 4076 2013 4151; baseline 0.003 -21"><span class='ocrx_word' id='word_1_390' title='bbox 425 4080 519 4130; x_wconf 75' lang='grc' dir='ltr'>καὶ</span> <span class='ocrx_word' id='word_1_391' title='bbox 547 4076 879 4147; x_wconf 78' lang='grc' dir='ltr'>συγγνώμης</span> <span class='ocrx_word' id='word_1_392' title='bbox 903 4077 1162 4140; x_wconf 80' lang='grc' dir='ltr'>πολλάκις</span> <span class='ocrx_word' id='word_1_393' title='bbox 1195 4076 1344 4142; x_wconf 84' lang='grc' dir='ltr'>ἄξιον</span> <span class='ocrx_word' id='word_1_394' title='bbox 1362 4095 1375 4108; x_wconf 91' lang='grc'><strong>·</strong></span> <span class='ocrx_word' id='word_1_395' title='bbox 1399 4080 1554 4133; x_wconf 76' lang='grc' dir='ltr'>αὐτοὶ</span> <span class='ocrx_word' id='word_1_396' title='bbox 1581 4080 1637 4132; x_wconf 85' lang='grc' dir='ltr'>δὲ</span> <span class='ocrx_word' id='word_1_397' title='bbox 1665 4079 2013 4151; x_wconf 77' lang='grc' dir='ltr'>ἐργαζόμεθα</span> 
     </span>
    </p>
   </div>
   <div class='ocr_carea' id='block_1_53' title="bbox 425 4159 2007 4236">
    <p class='ocr_par' dir='ltr' id='par_1_53' title="bbox 425 4159 2007 4236">
     <span class='ocr_line' id='line_1_53' title="bbox 425 4159 2007 4236; baseline 0.004 -24"><span class='ocrx_word' id='word_1_398' title='bbox 425 4160 651 4212; x_wconf 83' lang='grc' dir='ltr'>τοιαῦτα</span> <span class='ocrx_word' id='word_1_399' title='bbox 680 4159 964 4223; x_wconf 83' lang='grc' dir='ltr'>πολλάκις,</span> <span class='ocrx_word' id='word_1_400' title='bbox 993 4160 1030 4213; x_wconf 77' lang='grc' dir='ltr'>ἃ</span> <span class='ocrx_word' id='word_1_401' title='bbox 1056 4161 1239 4231; x_wconf 87' lang='grc' dir='ltr'>πάσης</span> <span class='ocrx_word' id='word_1_402' title='bbox 1266 4163 1467 4233; x_wconf 89' lang='grc' dir='ltr'>ἀργίας</span> <span class='ocrx_word' id='word_1_403' title='bbox 1487 4164 1606 4217; x_wconf 83' lang='grc' dir='ltr'>ἐστὶ</span> <span class='ocrx_word' id='word_1_404' title='bbox 1627 4164 2007 4236; x_wconf 77' lang='grc' dir='ltr'>χαλεπώτερα.</span> 
     </span>
    </p>
   </div>
   <div class='ocr_carea' id='block_1_54' title="bbox 437 4240 2012 4315">
    <p class='ocr_par' dir='ltr' id='par_1_54' title="bbox 437 4240 2012 4315">
     <span class='ocr_line' id='line_1_54' title="bbox 437 4240 2012 4315; baseline 0.005 -22"><span class='ocrx_word' id='word_1_405' title='bbox 437 4241 580 4294; x_wconf 80' lang='grc' dir='ltr'>Ἀλλ’</span> <span class='ocrx_word' id='word_1_406' title='bbox 612 4240 723 4309; x_wconf 86' lang='grc' dir='ltr'>ἐγὼ</span> <span class='ocrx_word' id='word_1_407' title='bbox 775 4240 1029 4311; x_wconf 78' lang='grc' dir='ltr'>πατρῷον</span> <span class='ocrx_word' id='word_1_408' title='bbox 1060 4242 1170 4312; x_wconf 72' lang='grc' dir='ltr'>ἔχω</span> <span class='ocrx_word' id='word_1_409' title='bbox 1217 4244 1440 4315; x_wconf 77' lang='grc' dir='ltr'>κλῆρον,</span> <span class='ocrx_word' id='word_1_410' title='bbox 1495 4246 1681 4315; x_wconf 84' lang='grc' dir='ltr'>φησίν.</span> <span class='ocrx_word' id='word_1_411' title='bbox 1736 4246 1887 4300; x_wconf 77' lang='grc' dir='ltr'>Ἐπεὶ</span> <span class='ocrx_word' id='word_1_412' title='bbox 1918 4245 2012 4301; x_wconf 79' lang='grc' dir='ltr'>οὖν</span> 
     </span>
    </p>
   </div>
   <div class='ocr_carea' id='block_1_55' title="bbox 424 4318 2013 4401">
    <p class='ocr_par' dir='ltr' id='par_1_55' title="bbox 424 4318 2013 4401">
     <span class='ocr_line' id='line_1_55' title="bbox 424 4318 2013 4401; baseline 0.004 -25"><span class='ocrx_word' id='word_1_413' title='bbox 424 4318 579 4387; x_wconf 70' lang='grc' dir='ltr'>οὗτος</span> <span class='ocrx_word' id='word_1_414' title='bbox 607 4324 775 4395; x_wconf 81' lang='grc' dir='ltr'>πένης</span> <span class='ocrx_word' id='word_1_415' title='bbox 806 4324 947 4391; x_wconf 76' lang='grc' dir='ltr'>ἐστὶ,</span> <span class='ocrx_word' id='word_1_416' title='bbox 973 4325 1067 4378; x_wconf 75' lang='grc' dir='ltr'>καὶ</span> <span class='ocrx_word' id='word_1_417' title='bbox 1095 4327 1159 4378; x_wconf 85' lang='grc' dir='ltr'>ἐκ</span> <span class='ocrx_word' id='word_1_418' title='bbox 1187 4327 1460 4397; x_wconf 85' lang='grc' dir='ltr'>πενήτων,</span> <span class='ocrx_word' id='word_1_419' title='bbox 1492 4328 1587 4380; x_wconf 77' lang='grc' dir='ltr'>καὶ</span> <span class='ocrx_word' id='word_1_420' title='bbox 1613 4330 1714 4382; x_wconf 87' lang='grc' dir='ltr'>οὐκ</span> <span class='ocrx_word' id='word_1_421' title='bbox 1736 4329 1861 4400; x_wconf 77' lang='grc' dir='ltr'>ἔσχε</span> <span class='ocrx_word' id='word_1_422' title='bbox 1883 4348 2013 4401; x_wconf 86' lang='grc' dir='ltr'>προ-</span> 
     </span>
    </p>
   </div>
   <div class='ocr_carea' id='block_1_56' title="bbox 340 4406 2010 4480">
    <p class='ocr_par' dir='ltr' id='par_1_56' title="bbox 340 4406 2010 4480">
     <span class='ocr_line' id='line_1_56' title="bbox 340 4406 2010 4480; baseline 0.005 -22"><span class='ocrx_word' id='word_1_423' title='bbox 340 4442 341 4449; x_wconf 60' lang='grc' dir='ltr'>η</span> <span class='ocrx_word' id='word_1_424' title='bbox 424 4408 615 4475; x_wconf 81' lang='grc' dir='ltr'>γόνους</span> <span class='ocrx_word' id='word_1_425' title='bbox 640 4406 933 4478; x_wconf 89' lang='grc' dir='ltr'>εὐπόρους,</span> <span class='ocrx_word' id='word_1_426' title='bbox 962 4407 1303 4462; x_wconf 87' lang='grc' dir='ltr'>ἀπόλλυσθαι</span> <span class='ocrx_word' id='word_1_427' title='bbox 1346 4410 1577 4474; x_wconf 85' lang='grc' dir='ltr'>δίκαιος,</span> <span class='ocrx_word' id='word_1_428' title='bbox 1607 4412 1730 4464; x_wconf 89' lang='grc' dir='ltr'>είπέ</span> <span class='ocrx_word' id='word_1_429' title='bbox 1774 4429 1902 4480; x_wconf 89' lang='grc' dir='ltr'>μοι;</span> <span class='ocrx_word' id='word_1_430' title='bbox 1934 4414 2010 4466; x_wconf 85' lang='grc' dir='ltr'>Δι’</span> 
     </span>
    </p>
   </div>
   <div class='ocr_carea' id='block_1_57' title="bbox 423 4487 2012 4561">
    <p class='ocr_par' dir='ltr' id='par_1_57' title="bbox 423 4487 2012 4561">
     <span class='ocr_line' id='line_1_57' title="bbox 423 4487 2012 4561; baseline 0.004 -18"><span class='ocrx_word' id='word_1_431' title='bbox 423 4491 558 4543; x_wconf 83' lang='grc' dir='ltr'>αὐτὸ</span> <span class='ocrx_word' id='word_1_432' title='bbox 589 4491 690 4561; x_wconf 84' lang='grc' dir='ltr'>μὲν</span> <span class='ocrx_word' id='word_1_433' title='bbox 716 4487 810 4544; x_wconf 78' lang='grc' dir='ltr'>οὖν</span> <span class='ocrx_word' id='word_1_434' title='bbox 838 4489 999 4544; x_wconf 89' lang='grc' dir='ltr'>τοῦτο</span> <span class='ocrx_word' id='word_1_435' title='bbox 1029 4492 1265 4561; x_wconf 82' lang='grc' dir='ltr'>μάλιστα</span> <span class='ocrx_word' id='word_1_436' title='bbox 1290 4492 1559 4547; x_wconf 71' lang='grc' dir='ltr'>ἐλεεῖσθαι</span> <span class='ocrx_word' id='word_1_437' title='bbox 1593 4494 1689 4548; x_wconf 83' lang='grc' dir='ltr'>καὶ</span> <span class='ocrx_word' id='word_1_438' title='bbox 1715 4498 2012 4549; x_wconf 84' lang='grc' dir='ltr'>κατοικτεί-</span> 
     </span>
    </p>
   </div>
   <div class='ocr_carea' id='block_1_58' title="bbox 426 4572 2012 4651">
    <p class='ocr_par' dir='ltr' id='par_1_58' title="bbox 426 4572 2012 4651">
     <span class='ocr_line' id='line_1_58' title="bbox 426 4572 2012 4651; baseline 0.004 -25"><span class='ocrx_word' id='word_1_439' title='bbox 426 4572 620 4645; x_wconf 80' lang='grc' dir='ltr'>ρεσθαι</span> <span class='ocrx_word' id='word_1_440' title='bbox 658 4573 809 4640; x_wconf 82' lang='grc' dir='ltr'>ἄξιος</span> <span class='ocrx_word' id='word_1_441' title='bbox 837 4572 905 4627; x_wconf 83' lang='grc' dir='ltr'>ἂν</span> <span class='ocrx_word' id='word_1_442' title='bbox 937 4575 1023 4645; x_wconf 81' lang='grc' dir='ltr'>εἴη</span> <span class='ocrx_word' id='word_1_443' title='bbox 1065 4574 1221 4646; x_wconf 84' lang='grc' dir='ltr'>παρὰ</span> <span class='ocrx_word' id='word_1_444' title='bbox 1244 4576 1353 4629; x_wconf 89' lang='grc' dir='ltr'>τῶν</span> <span class='ocrx_word' id='word_1_445' title='bbox 1385 4576 1637 4646; x_wconf 87' lang='grc' dir='ltr'>ἐχόντων.</span> <span class='ocrx_word' id='word_1_446' title='bbox 1670 4577 1741 4630; x_wconf 78' lang='grc' dir='ltr'>Σὺ</span> <span class='ocrx_word' id='word_1_447' title='bbox 1772 4578 1872 4648; x_wconf 86' lang='grc' dir='ltr'>μὲν</span> <span class='ocrx_word' id='word_1_448' title='bbox 1902 4580 2012 4651; x_wconf 73' lang='grc' dir='ltr'>γάρ</span> 
     </span>
    </p>
   </div>
   <div class='ocr_carea' id='block_1_59' title="bbox 425 4656 2011 4736">
    <p class='ocr_par' dir='ltr' id='par_1_59' title="bbox 425 4656 2011 4736">
     <span class='ocr_line' id='line_1_59' title="bbox 425 4656 2011 4736; baseline 0.006 -28"><span class='ocrx_word' id='word_1_449' title='bbox 425 4656 691 4719; x_wconf 85' lang='grc' dir='ltr'>πολλάκις</span> <span class='ocrx_word' id='word_1_450' title='bbox 716 4657 1061 4728; x_wconf 85' lang='grc' dir='ltr'>διημερεύων</span> <span class='ocrx_word' id='word_1_451' title='bbox 1088 4659 1188 4730; x_wconf 83' lang='grc' dir='ltr'>τὴν</span> <span class='ocrx_word' id='word_1_452' title='bbox 1216 4660 1432 4732; x_wconf 81' lang='grc' dir='ltr'>ἡμέραν</span> <span class='ocrx_word' id='word_1_453' title='bbox 1465 4664 1525 4715; x_wconf 87' lang='grc' dir='ltr'>ἐν</span> <span class='ocrx_word' id='word_1_454' title='bbox 1567 4661 1836 4736; x_wconf 88' lang='grc' dir='ltr'>θεάτροις,</span> <span class='ocrx_word' id='word_1_455' title='bbox 1872 4664 1904 4734; x_wconf 84' lang='grc' dir='ltr'>ἢ</span> <span class='ocrx_word' id='word_1_456' title='bbox 1953 4666 2011 4718; x_wconf 88' lang='grc' dir='ltr'>ἐν</span> 
     </span>
    </p>
   </div>
   <div class='ocr_carea' id='block_1_60' title="bbox 428 4737 2010 4817">
    <p class='ocr_par' dir='ltr' id='par_1_60' title="bbox 428 4737 2010 4817">
     <span class='ocr_line' id='line_1_60' title="bbox 428 4737 2010 4817; baseline 0.006 -28"><span class='ocrx_word' id='word_1_457' title='bbox 428 4737 729 4808; x_wconf 84' lang='grc' dir='ltr'>συνεδρίοις</span> <span class='ocrx_word' id='word_1_458' title='bbox 766 4740 862 4794; x_wconf 76' lang='grc' dir='ltr'>καὶ</span> <span class='ocrx_word' id='word_1_459' title='bbox 896 4740 1179 4810; x_wconf 89' lang='grc' dir='ltr'>συλλόγοις</span> <span class='ocrx_word' id='word_1_460' title='bbox 1225 4742 1378 4797; x_wconf 88' lang='grc' dir='ltr'>οὐδὲν</span> <span class='ocrx_word' id='word_1_461' title='bbox 1424 4743 1608 4814; x_wconf 78' lang='grc' dir='ltr'>ἔχουσι</span> <span class='ocrx_word' id='word_1_462' title='bbox 1660 4745 1874 4817; x_wconf 84' lang='grc' dir='ltr'>κέρδος,</span> <span class='ocrx_word' id='word_1_463' title='bbox 1915 4749 2010 4800; x_wconf 74' lang='grc' dir='ltr'>καὶ</span> 
     </span>
    </p>
   </div>
   <div class='ocr_carea' id='block_1_61' title="bbox 428 4818 2008 4897">
    <p class='ocr_par' dir='ltr' id='par_1_61' title="bbox 428 4818 2008 4897">
     <span class='ocr_line' id='line_1_61' title="bbox 428 4818 2008 4897; baseline 0.007 -26"><span class='ocrx_word' id='word_1_464' title='bbox 428 4818 646 4889; x_wconf 90' lang='grc' dir='ltr'>μυρίοις</span> <span class='ocrx_word' id='word_1_465' title='bbox 674 4819 848 4887; x_wconf 90' lang='grc' dir='ltr'>λέγων</span> <span class='ocrx_word' id='word_1_466' title='bbox 882 4823 1094 4885; x_wconf 86' lang='grc' dir='ltr'>κακῶς,</span> <span class='ocrx_word' id='word_1_467' title='bbox 1124 4825 1276 4877; x_wconf 79' lang='grc' dir='ltr'>οὐδὲν</span> <span class='ocrx_word' id='word_1_468' title='bbox 1305 4829 1415 4897; x_wconf 77' lang='grc' dir='ltr'>ἡγῇ</span> <span class='ocrx_word' id='word_1_469' title='bbox 1448 4829 1621 4880; x_wconf 81' lang='grc' dir='ltr'>ποιεῖν</span> <span class='ocrx_word' id='word_1_470' title='bbox 1658 4827 1854 4887; x_wconf 82' lang='grc' dir='ltr'>δεινὸν,</span> <span class='ocrx_word' id='word_1_471' title='bbox 1887 4829 2008 4882; x_wconf 85' lang='grc' dir='ltr'>οὐδὲ</span> 
     </span>
    </p>
   </div>
   <div class='ocr_carea' id='block_1_62' title="bbox 424 4902 2008 4981">
    <p class='ocr_par' dir='ltr' id='par_1_62' title="bbox 424 4902 2008 4981">
     <span class='ocr_line' id='line_1_62' title="bbox 424 4902 2008 4981; baseline 0.009 -29"><span class='ocrx_word' id='word_1_472' title='bbox 424 4903 620 4972; x_wconf 81' lang='grc' dir='ltr'>ἀργεῖν</span> <span class='ocrx_word' id='word_1_473' title='bbox 683 4902 778 4955; x_wconf 85' lang='grc' dir='ltr'>τὸν</span> <span class='ocrx_word' id='word_1_474' title='bbox 811 4902 867 4955; x_wconf 89' lang='grc' dir='ltr'>δὲ</span> <span class='ocrx_word' id='word_1_475' title='bbox 898 4904 1082 4958; x_wconf 80' lang='grc' dir='ltr'>ἄθλιον</span> <span class='ocrx_word' id='word_1_476' title='bbox 1110 4906 1298 4961; x_wconf 87' lang='grc' dir='ltr'>τοῦτον</span> <span class='ocrx_word' id='word_1_477' title='bbox 1334 4910 1428 4962; x_wconf 75' lang='grc' dir='ltr'>καὶ</span> <span class='ocrx_word' id='word_1_478' title='bbox 1452 4909 1800 4981; x_wconf 82' lang='grc' dir='ltr'>ταλαίπωρον</span> <span class='ocrx_word' id='word_1_479' title='bbox 1827 4915 2008 4967; x_wconf 78' lang='grc' dir='ltr'>πᾶσαν</span> 
     </span>
    </p>
   </div>
   <div class='ocr_carea' id='block_1_63' title="bbox 424 4983 2007 5065">
    <p class='ocr_par' dir='ltr' id='par_1_63' title="bbox 424 4983 2007 5065">
     <span class='ocr_line' id='line_1_63' title="bbox 424 4983 2007 5065; baseline 0.008 -29"><span class='ocrx_word' id='word_1_480' title='bbox 424 4983 788 5038; x_wconf 81' lang='grc' dir='ltr'>ἀναλίσκοντα</span> <span class='ocrx_word' id='word_1_481' title='bbox 811 4986 909 5057; x_wconf 82' lang='grc' dir='ltr'>τὴν</span> <span class='ocrx_word' id='word_1_482' title='bbox 936 4988 1150 5060; x_wconf 83' lang='grc' dir='ltr'>ἡμέραν</span> <span class='ocrx_word' id='word_1_483' title='bbox 1178 4991 1235 5042; x_wconf 89' lang='grc' dir='ltr'>ἐν</span> <span class='ocrx_word' id='word_1_484' title='bbox 1278 4991 1603 5064; x_wconf 76' lang='grc' dir='ltr'>ἱκετηρίαις,</span> <span class='ocrx_word' id='word_1_485' title='bbox 1639 4995 1698 5046; x_wconf 87' lang='grc' dir='ltr'>ἐν</span> <span class='ocrx_word' id='word_1_486' title='bbox 1722 4994 2007 5065; x_wconf 88' lang='grc' dir='ltr'>δάκρυσιν,</span> 
     </span>
    </p>
   </div>
   <div class='ocr_carea' id='block_1_64' title="bbox 424 5067 2012 5151">
    <p class='ocr_par' dir='ltr' id='par_1_64' title="bbox 424 5067 2012 5151">
     <span class='ocr_line' id='line_1_64' title="bbox 424 5067 2012 5151; baseline 0.008 -31"><span class='ocrx_word' id='word_1_487' title='bbox 424 5070 483 5120; x_wconf 80' lang='grc' dir='ltr'>ἐν</span> <span class='ocrx_word' id='word_1_488' title='bbox 516 5067 689 5151; x_wconf 82' lang='grc' dir='ltr'>μυρίᾳ</span> <span class='ocrx_word' id='word_1_489' title='bbox 702 5067 1072 5141; x_wconf 80' lang='grc' dir='ltr'>ταλαιπωρίᾳ,</span> <span class='ocrx_word' id='word_1_490' title='bbox 1097 5073 1322 5143; x_wconf 88' lang='grc' dir='ltr'>κρίνεις,</span> <span class='ocrx_word' id='word_1_491' title='bbox 1359 5077 1453 5129; x_wconf 66' lang='grc' dir='ltr'>καὶ</span> <span class='ocrx_word' id='word_1_492' title='bbox 1482 5078 1563 5139; x_wconf 83' lang='grc' dir='ltr'>είς</span> <span class='ocrx_word' id='word_1_493' title='bbox 1760 5078 2012 5151; x_wconf 71' lang='grc' dir='ltr'>δικαστή-</span> 
     </span>
    </p>
   </div>
   <div class='ocr_carea' id='block_1_65' title="bbox 426 5149 2009 5227">
    <p class='ocr_par' dir='ltr' id='par_1_65' title="bbox 426 5149 2009 5227">
     <span class='ocr_line' id='line_1_65' title="bbox 426 5149 2009 5227; baseline 0.011 -26"><span class='ocrx_word' id='word_1_494' title='bbox 426 5166 542 5223; x_wconf 79' lang='grc' dir='ltr'>ριον</span> <span class='ocrx_word' id='word_1_495' title='bbox 585 5149 784 5215; x_wconf 73' lang='grc' dir='ltr'>ἕλκεις,</span> <span class='ocrx_word' id='word_1_496' title='bbox 817 5151 913 5203; x_wconf 75' lang='grc' dir='ltr'>καὶ</span> <span class='ocrx_word' id='word_1_497' title='bbox 955 5152 1189 5216; x_wconf 82' lang='grc' dir='ltr'>εὐθύνας</span> <span class='ocrx_word' id='word_1_498' title='bbox 1224 5157 1506 5227; x_wconf 87' lang='grc' dir='ltr'>ἀπαιτεῖς;</span> <span class='ocrx_word' id='word_1_499' title='bbox 1540 5160 1649 5214; x_wconf 79' lang='grc' dir='ltr'>Καὶ</span> <span class='ocrx_word' id='word_1_500' title='bbox 1693 5149 1795 5214; x_wconf 79' lang='grc' dir='ltr'>ποῦ</span> <span class='ocrx_word' id='word_1_501' title='bbox 1833 5149 2009 5218; x_wconf 82' lang='grc' dir='ltr'>ταῦτα</span> 
     </span>
    </p>
   </div>
   <div class='ocr_carea' id='block_1_66' title="bbox 422 5232 2009 5317">
    <p class='ocr_par' dir='ltr' id='par_1_66' title="bbox 422 5232 2009 5317">
     <span class='ocr_line' id='line_1_66' title="bbox 422 5232 2009 5317; baseline 0.01 -33"><span class='ocrx_word' id='word_1_502' title='bbox 422 5232 1041 5317; x_wconf 13' lang='grc' dir='ltr'>γνώμηςγάνθρωπίνης,</span> <span class='ocrx_word' id='word_1_503' title='bbox 1073 5237 1193 5289; x_wconf 78' lang='grc' dir='ltr'>εἰπέ</span> <span class='ocrx_word' id='word_1_504' title='bbox 1223 5255 1344 5308; x_wconf 88' lang='grc' dir='ltr'>μοι;</span> <span class='ocrx_word' id='word_1_505' title='bbox 1373 5241 1534 5295; x_wconf 80' lang='grc' dir='ltr'>Ὥστε</span> <span class='ocrx_word' id='word_1_506' title='bbox 1568 5244 1695 5297; x_wconf 84' lang='grc' dir='ltr'>ὅταν</span> <span class='ocrx_word' id='word_1_507' title='bbox 1719 5244 1907 5317; x_wconf 82' lang='grc' dir='ltr'>λέγῃς,</span> <span class='ocrx_word' id='word_1_508' title='bbox 1943 5247 2009 5299; x_wconf 87' lang='grc' dir='ltr'>Τί</span> 
     </span>
    </p>
   </div>
   <div class='ocr_carea' id='block_1_67' title="bbox 420 5312 2008 5395">
    <p class='ocr_par' dir='ltr' id='par_1_67' title="bbox 420 5312 2008 5395">
     <span class='ocr_line' id='line_1_67' title="bbox 420 5312 2008 5395; baseline 0.009 -26"><span class='ocrx_word' id='word_1_509' title='bbox 420 5312 515 5370; x_wconf 77' lang='grc' dir='ltr'>οὖν</span> <span class='ocrx_word' id='word_1_510' title='bbox 550 5315 786 5389; x_wconf 77' lang='grc' dir='ltr'>ἐροῦμεν</span> <span class='ocrx_word' id='word_1_511' title='bbox 811 5317 891 5389; x_wconf 85' lang='grc' dir='ltr'>τῷ</span> <span class='ocrx_word' id='word_1_512' title='bbox 932 5317 1161 5389; x_wconf 85' lang='grc' dir='ltr'>Παύλῳ;</span> <span class='ocrx_word' id='word_1_513' title='bbox 1198 5321 1272 5391; x_wconf 87' lang='grc' dir='ltr'>μὴ</span> <span class='ocrx_word' id='word_1_514' title='bbox 1317 5324 1428 5384; x_wconf 85' lang='grc' dir='ltr'>τοῖς</span> <span class='ocrx_word' id='word_1_515' title='bbox 1482 5325 1724 5395; x_wconf 79' lang='grc' dir='ltr'>πένησιν,</span> <span class='ocrx_word' id='word_1_516' title='bbox 1754 5312 2008 5382; x_wconf 80' lang='grc' dir='ltr'>ἀλλὰκαὶ</span> 
     </span>
    </p>
   </div>
   <div class='ocr_carea' id='block_1_68' title="bbox 423 5398 2009 5482">
    <p class='ocr_par' dir='ltr' id='par_1_68' title="bbox 423 5398 2009 5482">
     <span class='ocr_line' id='line_1_68' title="bbox 423 5398 2009 5482; baseline 0.009 -31"><span class='ocrx_word' id='word_1_517' title='bbox 423 5398 605 5482; x_wconf 74' lang='grc' dir='ltr'>σαυτῷ</span> <span class='ocrx_word' id='word_1_518' title='bbox 635 5399 1021 5472; x_wconf 87' lang='grc' dir='ltr'>διαλεγόμενος</span> <span class='ocrx_word' id='word_1_519' title='bbox 1047 5400 1218 5455; x_wconf 86' lang='grc' dir='ltr'>ταῦτα</span> <span class='ocrx_word' id='word_1_520' title='bbox 1249 5403 1396 5471; x_wconf 90' lang='grc' dir='ltr'>λέγε.</span> <span class='ocrx_word' id='word_1_521' title='bbox 1434 5406 1643 5471; x_wconf 77' lang='grc' dir='ltr'>’Λλλως</span> <span class='ocrx_word' id='word_1_522' title='bbox 1671 5409 1748 5473; x_wconf 78' lang='grc' dir='ltr'>δὲ,</span> <span class='ocrx_word' id='word_1_523' title='bbox 1789 5411 1863 5481; x_wconf 84' lang='grc' dir='ltr'>μὴ</span> <span class='ocrx_word' id='word_1_524' title='bbox 1911 5412 2009 5482; x_wconf 81' lang='grc' dir='ltr'>τὴν</span> 
     </span>
    </p>
   </div>
   <div class='ocr_carea' id='block_1_69' title="bbox 420 5481 2007 5564">
    <p class='ocr_par' dir='ltr' id='par_1_69' title="bbox 420 5481 2007 5564">
     <span class='ocr_line' id='line_1_69' title="bbox 420 5481 2007 5564; baseline 0.009 -32"><span class='ocrx_word' id='word_1_525' title='bbox 420 5481 654 5564; x_wconf 82' lang='grc' dir='ltr'>ἀπειλὴν</span> <span class='ocrx_word' id='word_1_526' title='bbox 687 5483 1029 5564; x_wconf 87' lang='grc' dir='ltr'>ἀναγίνωσκε</span> <span class='ocrx_word' id='word_1_527' title='bbox 1052 5486 1230 5557; x_wconf 87' lang='grc' dir='ltr'>μόνον,</span> <span class='ocrx_word' id='word_1_528' title='bbox 1264 5486 1399 5540; x_wconf 88' lang='grc' dir='ltr'>ἀλλά</span> <span class='ocrx_word' id='word_1_529' title='bbox 1422 5489 1514 5542; x_wconf 81' lang='grc' dir='ltr'>καὶ</span> <span class='ocrx_word' id='word_1_530' title='bbox 1534 5489 1631 5560; x_wconf 82' lang='grc' dir='ltr'>τὴν</span> <span class='ocrx_word' id='word_1_531' title='bbox 1659 5481 2007 5564; x_wconf 83' lang='grc' dir='ltr'>συγγνώμην·</span> 
     </span>
    </p>
   </div>
   <div class='ocr_carea' id='block_1_70' title="bbox 420 5561 2007 5641">
    <p class='ocr_par' dir='ltr' id='par_1_70' title="bbox 420 5561 2007 5641">
     <span class='ocr_line' id='line_1_70' title="bbox 420 5561 2007 5641; baseline 0.011 -30"><span class='ocrx_word' id='word_1_532' title='bbox 420 5562 449 5611; x_wconf 89' lang='grc' dir='ltr'>ό</span> <span class='ocrx_word' id='word_1_533' title='bbox 485 5561 595 5631; x_wconf 81' lang='grc' dir='ltr'>γὰρ</span> <span class='ocrx_word' id='word_1_534' title='bbox 624 5563 815 5631; x_wconf 80' lang='grc' dir='ltr'>εἰπὼν,</span> <span class='ocrx_word' id='word_1_535' title='bbox 843 5569 917 5621; x_wconf 80' lang='lat' dir='ltr'>El</span> <span class='ocrx_word' id='word_1_536' title='bbox 944 5585 1036 5634; x_wconf 85' lang='grc' dir='ltr'>τις</span> <span class='ocrx_word' id='word_1_537' title='bbox 1073 5567 1161 5638; x_wconf 75' lang='grc' dir='ltr'>μὴ</span> <span class='ocrx_word' id='word_1_538' title='bbox 1187 5568 1509 5640; x_wconf 76' lang='grc' dir='ltr'>ἐργάζεται,</span> <span class='ocrx_word' id='word_1_539' title='bbox 1554 5572 1713 5641; x_wconf 79' lang='grc' dir='ltr'>μηδὲ</span> <span class='ocrx_word' id='word_1_540' title='bbox 1742 5561 2007 5641; x_wconf 71' lang='grc' dir='ltr'>ἐσθιέτω,</span> 
     </span>
    </p>
   </div>
   <div class='ocr_carea' id='block_1_71' title="bbox 423 5644 2008 5725">
    <p class='ocr_par' dir='ltr' id='par_1_71' title="bbox 423 5644 2008 5725">
     <span class='ocr_line' id='line_1_71' title="bbox 423 5644 2008 5725; baseline 0.013 -33"><span class='ocrx_word' id='word_1_541' title='bbox 423 5644 767 5713; x_wconf 82' lang='grc' dir='ltr'>προσέθηκεν</span> <span class='ocrx_word' id='word_1_542' title='bbox 789 5663 801 5676; x_wconf 88' lang='grc'><strong>·</strong></span> <span class='ocrx_word' id='word_1_543' title='bbox 851 5650 1040 5718; x_wconf 79' lang='grc' dir='ltr'>Ὑμεῖς</span> <span class='ocrx_word' id='word_1_544' title='bbox 1073 5652 1160 5718; x_wconf 84' lang='grc' dir='ltr'>δὲ,</span> <span class='ocrx_word' id='word_1_545' title='bbox 1193 5654 1466 5724; x_wconf 74' lang='grc' dir='ltr'>ἀδελφοί,</span> <span class='ocrx_word' id='word_1_546' title='bbox 1499 5657 1586 5725; x_wconf 81' lang='grc' dir='ltr'>μὴ</span> <span class='ocrx_word' id='word_1_547' title='bbox 1625 5655 2008 5725; x_wconf 78' lang='grc' dir='ltr'>ἐκκακήσητε</span> 
     </span>
    </p>
   </div>
   <div class='ocr_carea' id='block_1_72' title="bbox 425 5724 2006 5810">
    <p class='ocr_par' dir='ltr' id='par_1_72' title="bbox 425 5724 2006 5810">
     <span class='ocr_line' id='line_1_72' title="bbox 425 5724 2006 5810; baseline 0.015 -38"><span class='ocrx_word' id='word_1_548' title='bbox 425 5724 489 5794; x_wconf 70' lang='grc' dir='ltr'>τό</span> <span class='ocrx_word' id='word_1_549' title='bbox 512 5728 705 5810; x_wconf 68' lang='grc' dir='ltr'>καλὸν</span> <span class='ocrx_word' id='word_1_550' title='bbox 726 5730 1060 5797; x_wconf 82' lang='grc' dir='ltr'>ποιοῦντες.</span> <span class='ocrx_word' id='word_1_551' title='bbox 1099 5736 1259 5789; x_wconf 82' lang='grc' dir='ltr'>Ἀλλά</span> <span class='ocrx_word' id='word_1_552' title='bbox 1275 5738 1358 5801; x_wconf 89' lang='grc' dir='ltr'>τίς</span> <span class='ocrx_word' id='word_1_553' title='bbox 1384 5738 1565 5791; x_wconf 86' lang='grc' dir='ltr'>αὐτῶν</span> <span class='ocrx_word' id='word_1_554' title='bbox 1584 5741 1617 5809; x_wconf 95' lang='grc' dir='ltr'>ἡ</span> <span class='ocrx_word' id='word_1_555' title='bbox 1649 5724 2006 5810; x_wconf 78' lang='grc' dir='ltr'>εὐπρόσωπος</span> 
     </span>
    </p>
   </div>
   <div class='ocr_carea' id='block_1_73' title="bbox 430 5806 1998 5898">
    <p class='ocr_par' dir='ltr' id='par_1_73' title="bbox 430 5806 1998 5898">
     <span class='ocr_line' id='line_1_73' title="bbox 430 5806 1998 5898; baseline 0.003 -22"><span class='ocrx_word' id='word_1_556' title='bbox 430 5806 741 5876; x_wconf 61' lang='grc' dir='ltr'>πρόφασις·</span> <span class='ocrx_word' id='word_1_557' title='bbox 802 5821 1081 5890; x_wconf 78' lang='grc' dir='ltr'>Δραπέται</span> <span class='ocrx_word' id='word_1_558' title='bbox 1132 5825 1274 5889; x_wconf 80' lang='grc' dir='ltr'>τινές</span> <span class='ocrx_word' id='word_1_559' title='bbox 1321 5827 1443 5892; x_wconf 84' lang='grc' dir='ltr'>εἱσι,</span> <span class='ocrx_word' id='word_1_560' title='bbox 1494 5829 1649 5898; x_wconf 73' lang='grc' dir='ltr'>φησὶ,</span> <span class='ocrx_word' id='word_1_561' title='bbox 1700 5830 1794 5882; x_wconf 76' lang='grc' dir='ltr'>καὶ</span> <span class='ocrx_word' id='word_1_562' title='bbox 1838 5829 1998 5895; x_wconf 81' lang='grc' dir='ltr'>ξένοι,</span> 
     </span>
    </p>
   </div>
   <div class='ocr_carea' id='block_1_74' title="bbox 2111 761 3700 833">
    <p class='ocr_par' dir='ltr' id='par_1_74' title="bbox 2111 761 3700 833">
     <span class='ocr_line' id='line_1_74' title="bbox 2111 761 3700 833; baseline -0.002 -19"><span class='ocrx_word' id='word_1_563' title='bbox 2111 763 2351 833; x_wconf 78' lang='grc' dir='ltr'>μίςουσι,</span> <span class='ocrx_word' id='word_1_564' title='bbox 2396 764 2622 833; x_wconf 73' lang='grc' dir='ltr'>καὶτῆς</span> <span class='ocrx_word' id='word_1_565' title='bbox 2656 762 2989 833; x_wconf 87' lang='grc' dir='ltr'>ἐνεγκούσης</span> <span class='ocrx_word' id='word_1_566' title='bbox 3036 762 3134 833; x_wconf 82' lang='grc' dir='ltr'>τὴν</span> <span class='ocrx_word' id='word_1_567' title='bbox 3163 761 3451 832; x_wconf 81' lang='grc' dir='ltr'>ἀλλοτρίαν</span> <span class='ocrx_word' id='word_1_568' title='bbox 3492 777 3700 831; x_wconf 62' lang='lat' dir='ltr'>upon-</span> 
     </span>
    </p>
   </div>
   <div class='ocr_carea' id='block_1_75' title="bbox 2108 842 3697 920">
    <p class='ocr_par' dir='ltr' id='par_1_75' title="bbox 2108 842 3697 920">
     <span class='ocr_line' id='line_1_75' title="bbox 2108 842 3697 920; baseline -0.003 -20"><span class='ocrx_word' id='word_1_569' title='bbox 2108 847 2295 912; x_wconf 73' lang='grc' dir='ltr'>θέσεις</span> <span class='ocrx_word' id='word_1_570' title='bbox 2343 849 2440 903; x_wconf 88' lang='grc' dir='ltr'>Διά</span> <span class='ocrx_word' id='word_1_571' title='bbox 2477 849 2637 903; x_wconf 89' lang='grc' dir='ltr'>τοῦτο</span> <span class='ocrx_word' id='word_1_572' title='bbox 2669 848 2769 920; x_wconf 76' lang='grc' dir='ltr'>μὲν</span> <span class='ocrx_word' id='word_1_573' title='bbox 2812 845 2905 902; x_wconf 80' lang='grc' dir='ltr'>οὖν</span> <span class='ocrx_word' id='word_1_574' title='bbox 2936 847 3267 917; x_wconf 87' lang='grc' dir='ltr'>ἀγάλλεσθαι</span> <span class='ocrx_word' id='word_1_575' title='bbox 3308 847 3415 899; x_wconf 74' lang='grc' dir='ltr'>ἔδει</span> <span class='ocrx_word' id='word_1_576' title='bbox 3441 845 3533 900; x_wconf 78' lang='grc' dir='ltr'>καὶ</span> <span class='ocrx_word' id='word_1_577' title='bbox 3564 842 3697 914; x_wconf 79' lang='grc' dir='ltr'>χαί·</span> 
     </span>
    </p>
   </div>
   <div class='ocr_carea' id='block_1_76' title="bbox 2110 928 3707 1004">
    <p class='ocr_par' dir='ltr' id='par_1_76' title="bbox 2110 928 3707 1004">
     <span class='ocr_line' id='line_1_76' title="bbox 2110 928 3707 1004; baseline -0.002 -20"><span class='ocrx_word' id='word_1_578' title='bbox 2110 949 2248 1002; x_wconf 89' lang='grc' dir='ltr'>ρειν,</span> <span class='ocrx_word' id='word_1_579' title='bbox 2281 933 2365 986; x_wconf 84' lang='grc' dir='ltr'>ὅτι</span> <span class='ocrx_word' id='word_1_580' title='bbox 2393 932 2646 1004; x_wconf 89' lang='grc' dir='ltr'>καθάπερ</span> <span class='ocrx_word' id='word_1_581' title='bbox 2671 934 2751 995; x_wconf 83' lang='grc' dir='ltr'>εἰς</span> <span class='ocrx_word' id='word_1_582' title='bbox 2782 931 2961 986; x_wconf 78' lang='grc' dir='ltr'>κοινὸν</span> <span class='ocrx_word' id='word_1_583' title='bbox 2990 932 3255 1003; x_wconf 84' lang='grc' dir='ltr'>ἐμπόριον</span> <span class='ocrx_word' id='word_1_584' title='bbox 3279 930 3380 993; x_wconf 85' lang='grc' dir='ltr'>τάς</span> <span class='ocrx_word' id='word_1_585' title='bbox 3415 928 3707 999; x_wconf 74' lang='grc' dir='ltr'>ὑμετέρας</span> 
     </span>
    </p>
   </div>
   <div class='ocr_carea' id='block_1_77' title="bbox 2107 1006 3701 1085">
    <p class='ocr_par' dir='ltr' id='par_1_77' title="bbox 2107 1006 3701 1085">
     <span class='ocr_line' id='line_1_77' title="bbox 2107 1006 3701 1085; baseline -0.003 -18"><span class='ocrx_word' id='word_1_586' title='bbox 2107 1018 2297 1084; x_wconf 84' lang='grc' dir='ltr'>χεῖρας</span> <span class='ocrx_word' id='word_1_587' title='bbox 2325 1015 2611 1085; x_wconf 82' lang='grc' dir='ltr'>τρέχουσιν</span> <span class='ocrx_word' id='word_1_588' title='bbox 2636 1014 2897 1077; x_wconf 73' lang='grc' dir='ltr'>ἅπαντες,</span> <span class='ocrx_word' id='word_1_589' title='bbox 2944 1016 3039 1068; x_wconf 79' lang='grc' dir='ltr'>καὶ</span> <span class='ocrx_word' id='word_1_590' title='bbox 3079 1014 3293 1085; x_wconf 85' lang='grc' dir='ltr'>μητέρα</span> <span class='ocrx_word' id='word_1_591' title='bbox 3320 1012 3500 1082; x_wconf 81' lang='grc' dir='ltr'>κοινὴν</span> <span class='ocrx_word' id='word_1_592' title='bbox 3544 1006 3701 1063; x_wconf 74' lang='grc' dir='ltr'>εἶναι·</span> 
     </span>
    </p>
   </div>
   <div class='ocr_carea' id='block_1_78' title="bbox 2107 1093 3701 1168">
    <p class='ocr_par' dir='ltr' id='par_1_78' title="bbox 2107 1093 3701 1168">
     <span class='ocr_line' id='line_1_78' title="bbox 2107 1093 3701 1168; baseline -0.004 -18"><span class='ocrx_word' id='word_1_593' title='bbox 2107 1098 2312 1159; x_wconf 88' lang='grc' dir='ltr'>ταύτην</span> <span class='ocrx_word' id='word_1_594' title='bbox 2344 1098 2444 1168; x_wconf 83' lang='grc' dir='ltr'>τὴν</span> <span class='ocrx_word' id='word_1_595' title='bbox 2474 1098 2629 1151; x_wconf 83' lang='grc' dir='ltr'>πόλιν</span> <span class='ocrx_word' id='word_1_596' title='bbox 2672 1096 2975 1168; x_wconf 76' lang='grc' dir='ltr'>νομίζουσι.</span> <span class='ocrx_word' id='word_1_597' title='bbox 3020 1096 3113 1167; x_wconf 78' lang='grc' dir='ltr'>Μὴ</span> <span class='ocrx_word' id='word_1_598' title='bbox 3146 1095 3210 1166; x_wconf 80' lang='grc' dir='ltr'>δὴ</span> <span class='ocrx_word' id='word_1_599' title='bbox 3247 1094 3603 1164; x_wconf 81' lang='grc' dir='ltr'>διαφθείρητε</span> <span class='ocrx_word' id='word_1_600' title='bbox 3633 1093 3701 1144; x_wconf 70' lang='grc' dir='ltr'>τὺ</span> 
     </span>
    </p>
   </div>
   <div class='ocr_carea' id='block_1_79' title="bbox 2111 1176 3701 1251">
    <p class='ocr_par' dir='ltr' id='par_1_79' title="bbox 2111 1176 3701 1251">
     <span class='ocr_line' id='line_1_79' title="bbox 2111 1176 3701 1251; baseline -0.003 -20"><span class='ocrx_word' id='word_1_601' title='bbox 2111 1179 2409 1249; x_wconf 88' lang='grc' dir='ltr'>ἐγκώμιον,</span> <span class='ocrx_word' id='word_1_602' title='bbox 2438 1180 2572 1250; x_wconf 76' lang='grc' dir='ltr'>μηδὲ</span> <span class='ocrx_word' id='word_1_603' title='bbox 2603 1180 3058 1251; x_wconf 89' lang='grc' dir='ltr'>ἀκρωτηριάσητε</span> <span class='ocrx_word' id='word_1_604' title='bbox 3086 1179 3179 1232; x_wconf 83' lang='grc' dir='ltr'>τὸν</span> <span class='ocrx_word' id='word_1_605' title='bbox 3209 1178 3429 1232; x_wconf 77' lang='grc' dir='ltr'>ἔπαινον</span> <span class='ocrx_word' id='word_1_606' title='bbox 3457 1176 3701 1245; x_wconf 83' lang='grc' dir='ltr'>πάτριον</span> 
     </span>
    </p>
   </div>
   <div class='ocr_carea' id='block_1_80' title="bbox 2109 1258 3699 1336">
    <p class='ocr_par' dir='ltr' id='par_1_80' title="bbox 2109 1258 3699 1336">
     <span class='ocr_line' id='line_1_80' title="bbox 2109 1258 3699 1336; baseline -0.004 -21"><span class='ocrx_word' id='word_1_607' title='bbox 2109 1263 2237 1316; x_wconf 76' lang='grc' dir='ltr'>ὅντα</span> <span class='ocrx_word' id='word_1_608' title='bbox 2267 1264 2404 1335; x_wconf 83' lang='grc' dir='ltr'>αὐτῇ</span> <span class='ocrx_word' id='word_1_609' title='bbox 2432 1265 2526 1317; x_wconf 76' lang='grc' dir='ltr'>καὶ</span> <span class='ocrx_word' id='word_1_610' title='bbox 2555 1265 2805 1336; x_wconf 88' lang='grc' dir='ltr'>ἀρχαῖον.</span> <span class='ocrx_word' id='word_1_611' title='bbox 2844 1265 2955 1317; x_wconf 75' lang='grc' dir='ltr'>Καὶ</span> <span class='ocrx_word' id='word_1_612' title='bbox 2983 1265 3092 1336; x_wconf 90' lang='grc' dir='ltr'>γάρ</span> <span class='ocrx_word' id='word_1_613' title='bbox 3122 1279 3251 1316; x_wconf 86' lang='grc' dir='ltr'>ποτε</span> <span class='ocrx_word' id='word_1_614' title='bbox 3277 1259 3437 1331; x_wconf 87' lang='grc' dir='ltr'>λιμοῦ</span> <span class='ocrx_word' id='word_1_615' title='bbox 3464 1258 3699 1330; x_wconf 85' lang='grc' dir='ltr'>μέλλον-</span> 
     </span>
    </p>
   </div>
   <div class='ocr_carea' id='block_1_81' title="bbox 2109 1339 3698 1417">
    <p class='ocr_par' dir='ltr' id='par_1_81' title="bbox 2109 1339 3698 1417">
     <span class='ocr_line' id='line_1_81' title="bbox 2109 1339 3698 1417; baseline -0.005 -17"><span class='ocrx_word' id='word_1_616' title='bbox 2109 1365 2199 1410; x_wconf 92' lang='grc' dir='ltr'>τος</span> <span class='ocrx_word' id='word_1_617' title='bbox 2234 1349 2312 1411; x_wconf 87' lang='grc' dir='ltr'>είς</span> <span class='ocrx_word' id='word_1_618' title='bbox 2340 1349 2440 1416; x_wconf 80' lang='grc' dir='ltr'>τὴν</span> <span class='ocrx_word' id='word_1_619' title='bbox 2472 1346 2580 1417; x_wconf 86' lang='grc' dir='ltr'>γῆν</span> <span class='ocrx_word' id='word_1_620' title='bbox 2605 1346 2865 1417; x_wconf 76' lang='grc' dir='ltr'>ἐμϐαλεῖν</span> <span class='ocrx_word' id='word_1_621' title='bbox 2893 1346 3133 1410; x_wconf 78' lang='grc' dir='ltr'>ἀπασαν,</span> <span class='ocrx_word' id='word_1_622' title='bbox 3166 1346 3217 1400; x_wconf 85' lang='grc' dir='ltr'>οί</span> <span class='ocrx_word' id='word_1_623' title='bbox 3243 1344 3342 1415; x_wconf 81' lang='grc' dir='ltr'>τὴν</span> <span class='ocrx_word' id='word_1_624' title='bbox 3380 1343 3531 1397; x_wconf 82' lang='grc' dir='ltr'>πόλιν</span> <span class='ocrx_word' id='word_1_625' title='bbox 3556 1339 3698 1394; x_wconf 81' lang='grc' dir='ltr'>ταύ-</span> 
     </span>
    </p>
   </div>
   <div class='ocr_carea' id='block_1_82' title="bbox 2109 1425 3697 1499">
    <p class='ocr_par' dir='ltr' id='par_1_82' title="bbox 2109 1425 3697 1499">
     <span class='ocr_line' id='line_1_82' title="bbox 2109 1425 3697 1499; baseline -0.003 -17"><span class='ocrx_word' id='word_1_626' title='bbox 2109 1446 2209 1499; x_wconf 89' lang='grc' dir='ltr'>την</span> <span class='ocrx_word' id='word_1_627' title='bbox 2257 1429 2534 1492; x_wconf 86' lang='grc' dir='ltr'>οίκοῦντες</span> <span class='ocrx_word' id='word_1_628' title='bbox 2594 1433 2710 1492; x_wconf 87' lang='grc' dir='ltr'>τοῖς</span> <span class='ocrx_word' id='word_1_629' title='bbox 2765 1431 2823 1483; x_wconf 89' lang='grc' dir='ltr'>ἐν</span> <span class='ocrx_word' id='word_1_630' title='bbox 2877 1427 3273 1499; x_wconf 82' lang='grc' dir='ltr'>Ἰεροσολύμοις</span> <span class='ocrx_word' id='word_1_631' title='bbox 3335 1425 3697 1495; x_wconf 81' lang='grc' dir='ltr'>καθημένοις,</span> 
     </span>
    </p>
   </div>
   <div class='ocr_carea' id='block_1_83' title="bbox 2110 1504 3701 1584">
    <p class='ocr_par' dir='ltr' id='par_1_83' title="bbox 2110 1504 3701 1584">
     <span class='ocr_line' id='line_1_83' title="bbox 2110 1504 3701 1584; baseline -0.003 -19"><span class='ocrx_word' id='word_1_632' title='bbox 2110 1512 2295 1575; x_wconf 90' lang='grc' dir='ltr'>αὐτοῖς</span> <span class='ocrx_word' id='word_1_633' title='bbox 2322 1513 2379 1565; x_wconf 80' lang='grc' dir='ltr'>δὲ</span> <span class='ocrx_word' id='word_1_634' title='bbox 2407 1512 2468 1582; x_wconf 78' lang='lat' dir='ltr'>(f.</span> <span class='ocrx_word' id='word_1_635' title='bbox 2498 1512 2586 1584; x_wconf 85' lang='grc' dir='ltr'>δὴ)</span> <span class='ocrx_word' id='word_1_636' title='bbox 2610 1512 2845 1578; x_wconf 87' lang='grc' dir='ltr'>τούτοις,</span> <span class='ocrx_word' id='word_1_637' title='bbox 2879 1512 3007 1582; x_wconf 74' lang='grc' dir='ltr'>περὶ</span> <span class='ocrx_word' id='word_1_638' title='bbox 3039 1505 3114 1565; x_wconf 85' lang='grc' dir='ltr'>ὧν</span> <span class='ocrx_word' id='word_1_639' title='bbox 3136 1513 3270 1581; x_wconf 90' lang='grc' dir='ltr'>ἡμῖν</span> <span class='ocrx_word' id='word_1_640' title='bbox 3291 1504 3446 1572; x_wconf 71' lang='grc' dir='ltr'>οὗτος</span> <span class='ocrx_word' id='word_1_641' title='bbox 3475 1511 3504 1561; x_wconf 86' lang='grc' dir='ltr'>ό</span> <span class='ocrx_word' id='word_1_642' title='bbox 3527 1508 3701 1574; x_wconf 75' lang='grc' dir='ltr'>λόγος</span> 
     </span>
    </p>
   </div>
   <div class='ocr_carea' id='block_1_84' title="bbox 2112 1590 3698 1667">
    <p class='ocr_par' dir='ltr' id='par_1_84' title="bbox 2112 1590 3698 1667">
     <span class='ocr_line' id='line_1_84' title="bbox 2112 1590 3698 1667; baseline -0.005 -18"><span class='ocrx_word' id='word_1_643' title='bbox 2112 1596 2258 1660; x_wconf 81' lang='grc' dir='ltr'>ἂπας</span> <span class='ocrx_word' id='word_1_644' title='bbox 2305 1597 2609 1667; x_wconf 81' lang='grc' dir='ltr'>κεκίνηται,</span> <span class='ocrx_word' id='word_1_645' title='bbox 2651 1596 2741 1650; x_wconf 90' lang='grc' dir='ltr'>διά</span> <span class='ocrx_word' id='word_1_646' title='bbox 2793 1596 2975 1667; x_wconf 78' lang='grc' dir='ltr'>χειρὸς</span> <span class='ocrx_word' id='word_1_647' title='bbox 3019 1595 3278 1666; x_wconf 69' lang='grc' dir='ltr'>Βαρνάϐα</span> <span class='ocrx_word' id='word_1_648' title='bbox 3334 1593 3430 1647; x_wconf 77' lang='grc' dir='ltr'>καὶ</span> <span class='ocrx_word' id='word_1_649' title='bbox 3478 1590 3698 1644; x_wconf 73' lang='grc' dir='ltr'>Σαύλου</span> 
     </span>
    </p>
   </div>
   <div class='ocr_carea' id='block_1_85' title="bbox 2112 1671 3695 1750">
    <p class='ocr_par' dir='ltr' id='par_1_85' title="bbox 2112 1671 3695 1750">
     <span class='ocr_line' id='line_1_85' title="bbox 2112 1671 3695 1750; baseline -0.008 -17"><span class='ocrx_word' id='word_1_650' title='bbox 2112 1679 2371 1750; x_wconf 85' lang='grc' dir='ltr'>χρήματα</span> <span class='ocrx_word' id='word_1_651' title='bbox 2413 1678 2668 1749; x_wconf 75' lang='grc' dir='ltr'>ἔπεμψαν</span> <span class='ocrx_word' id='word_1_652' title='bbox 2714 1680 2812 1731; x_wconf 91' lang='grc' dir='ltr'>οὐκ</span> <span class='ocrx_word' id='word_1_653' title='bbox 2844 1678 3022 1746; x_wconf 84' lang='grc' dir='ltr'>ὀλίγα.</span> <span class='ocrx_word' id='word_1_654' title='bbox 3067 1678 3225 1740; x_wconf 89' lang='grc' dir='ltr'>Τίνος</span> <span class='ocrx_word' id='word_1_655' title='bbox 3256 1671 3349 1731; x_wconf 81' lang='grc' dir='ltr'>οὖν</span> <span class='ocrx_word' id='word_1_656' title='bbox 3387 1674 3455 1729; x_wconf 78' lang='grc' dir='ltr'>ἂν</span> <span class='ocrx_word' id='word_1_657' title='bbox 3492 1675 3695 1744; x_wconf 79' lang='grc' dir='ltr'>εἴημεν</span> 
     </span>
    </p>
   </div>
   <div class='ocr_carea' id='block_1_86' title="bbox 2113 1757 3700 1833">
    <p class='ocr_par' dir='ltr' id='par_1_86' title="bbox 2113 1757 3700 1833">
     <span class='ocr_line' id='line_1_86' title="bbox 2113 1757 3700 1833; baseline -0.004 -19"><span class='ocrx_word' id='word_1_658' title='bbox 2113 1763 2273 1831; x_wconf 89' lang='grc' dir='ltr'>ἡμεῖς</span> <span class='ocrx_word' id='word_1_659' title='bbox 2302 1762 2637 1833; x_wconf 84' lang='grc' dir='ltr'>συγγνώμης</span> <span class='ocrx_word' id='word_1_660' title='bbox 2670 1762 2836 1829; x_wconf 77' lang='grc' dir='ltr'>ἄξιοι,</span> <span class='ocrx_word' id='word_1_661' title='bbox 2861 1761 3022 1825; x_wconf 86' lang='grc' dir='ltr'>ποίας</span> <span class='ocrx_word' id='word_1_662' title='bbox 3048 1760 3106 1814; x_wconf 82' lang='grc' dir='ltr'>δέ</span> <span class='ocrx_word' id='word_1_663' title='bbox 3133 1758 3448 1828; x_wconf 85' lang='grc' dir='ltr'>ἀπολογίας,</span> <span class='ocrx_word' id='word_1_664' title='bbox 3481 1758 3613 1810; x_wconf 85' lang='grc' dir='ltr'>ὅταν</span> <span class='ocrx_word' id='word_1_665' title='bbox 3642 1757 3700 1808; x_wconf 74' lang='grc' dir='ltr'>οι</span> 
     </span>
    </p>
   </div>
   <div class='ocr_carea' id='block_1_87' title="bbox 2116 1840 3697 1916">
    <p class='ocr_par' dir='ltr' id='par_1_87' title="bbox 2116 1840 3697 1916">
     <span class='ocr_line' id='line_1_87' title="bbox 2116 1840 3697 1916; baseline -0.003 -20"><span class='ocrx_word' id='word_1_666' title='bbox 2116 1844 2215 1914; x_wconf 80' lang='grc' dir='ltr'>μὲν</span> <span class='ocrx_word' id='word_1_667' title='bbox 2246 1845 2503 1916; x_wconf 90' lang='grc' dir='ltr'>πρόγονοι</span> <span class='ocrx_word' id='word_1_668' title='bbox 2528 1847 2577 1900; x_wconf 80' lang='grc' dir='ltr'>οἱ</span> <span class='ocrx_word' id='word_1_669' title='bbox 2616 1844 2869 1916; x_wconf 80' lang='grc' dir='ltr'>ἡμέτεροι</span> <span class='ocrx_word' id='word_1_670' title='bbox 2909 1843 3001 1898; x_wconf 72' lang='grc' dir='ltr'>καὶ</span> <span class='ocrx_word' id='word_1_671' title='bbox 3048 1843 3173 1906; x_wconf 81' lang='grc' dir='ltr'>τοὺς</span> <span class='ocrx_word' id='word_1_672' title='bbox 3200 1841 3482 1914; x_wconf 64' lang='grc' dir='ltr'>πόρρωθεν</span> <span class='ocrx_word' id='word_1_673' title='bbox 3512 1840 3697 1908; x_wconf 84' lang='grc' dir='ltr'>καθη-</span> 
     </span>
    </p>
   </div>
   <div class='ocr_carea' id='block_1_88' title="bbox 2116 1920 3701 1997">
    <p class='ocr_par' dir='ltr' id='par_1_88' title="bbox 2116 1920 3701 1997">
     <span class='ocr_line' id='line_1_88' title="bbox 2116 1920 3701 1997; baseline -0.004 -18"><span class='ocrx_word' id='word_1_674' title='bbox 2116 1924 2309 1997; x_wconf 81' lang='grc' dir='ltr'>μένους</span> <span class='ocrx_word' id='word_1_675' title='bbox 2342 1928 2639 1995; x_wconf 77' lang='grc' dir='ltr'>φαίνωνται</span> <span class='ocrx_word' id='word_1_676' title='bbox 2673 1927 2760 1980; x_wconf 89' lang='grc' dir='ltr'>διά</span> <span class='ocrx_word' id='word_1_677' title='bbox 2780 1928 2891 1980; x_wconf 89' lang='grc' dir='ltr'>τῶν</span> <span class='ocrx_word' id='word_1_678' title='bbox 2918 1926 3134 1980; x_wconf 83' lang='grc' dir='ltr'>οἰκείων</span> <span class='ocrx_word' id='word_1_679' title='bbox 3158 1925 3449 1996; x_wconf 80' lang='grc' dir='ltr'>τρέφοντες</span> <span class='ocrx_word' id='word_1_680' title='bbox 3473 1938 3577 1992; x_wconf 85' lang='grc' dir='ltr'>χρη</span> <span class='ocrx_word' id='word_1_681' title='bbox 3587 1920 3701 1990; x_wconf 86' lang='grc' dir='ltr'>μά-</span> 
     </span>
    </p>
   </div>
   <div class='ocr_carea' id='block_1_89' title="bbox 2112 2005 3702 2083">
    <p class='ocr_par' dir='ltr' id='par_1_89' title="bbox 2112 2005 3702 2083">
     <span class='ocr_line' id='line_1_89' title="bbox 2112 2005 3702 2083; baseline -0.003 -23"><span class='ocrx_word' id='word_1_682' title='bbox 2112 2025 2241 2071; x_wconf 88' lang='grc' dir='ltr'>των,</span> <span class='ocrx_word' id='word_1_683' title='bbox 2273 2011 2370 2062; x_wconf 82' lang='grc' dir='ltr'>καὶ</span> <span class='ocrx_word' id='word_1_684' title='bbox 2393 2010 2549 2063; x_wconf 78' lang='grc' dir='ltr'>αὐτοὶ</span> <span class='ocrx_word' id='word_1_685' title='bbox 2575 2010 2711 2083; x_wconf 71' lang='grc' dir='ltr'>πρὸς</span> <span class='ocrx_word' id='word_1_686' title='bbox 2732 2010 2977 2073; x_wconf 80' lang='grc' dir='ltr'>ἐκείνους</span> <span class='ocrx_word' id='word_1_687' title='bbox 2998 2009 3284 2082; x_wconf 79' lang='grc' dir='ltr'>τρέχοντες</span> <span class='ocrx_word' id='word_1_688' title='bbox 3299 2024 3314 2039; x_wconf 90' lang='grc'><strong>·</strong></span> <span class='ocrx_word' id='word_1_689' title='bbox 3335 2008 3494 2077; x_wconf 80' lang='grc' dir='ltr'>ἡμεῖς</span> <span class='ocrx_word' id='word_1_690' title='bbox 3509 2005 3568 2058; x_wconf 77' lang='grc' dir='ltr'>δὲ</span> <span class='ocrx_word' id='word_1_691' title='bbox 3595 2006 3702 2056; x_wconf 71' lang='grc' dir='ltr'>καὶ</span> 
     </span>
    </p>
   </div>
   <div class='ocr_carea' id='block_1_90' title="bbox 2113 2086 3701 2165">
    <p class='ocr_par' dir='ltr' id='par_1_90' title="bbox 2113 2086 3701 2165">
     <span class='ocr_line' id='line_1_90' title="bbox 2113 2086 3701 2165; baseline -0.004 -20"><span class='ocrx_word' id='word_1_692' title='bbox 2113 2094 2240 2155; x_wconf 75' lang='grc' dir='ltr'>τοὺς</span> <span class='ocrx_word' id='word_1_693' title='bbox 2280 2092 2578 2163; x_wconf 87' lang='grc' dir='ltr'>ἀλλαχόθεν</span> <span class='ocrx_word' id='word_1_694' title='bbox 2623 2094 2761 2165; x_wconf 86' lang='grc' dir='ltr'>πρὸς</span> <span class='ocrx_word' id='word_1_695' title='bbox 2789 2094 2939 2163; x_wconf 76' lang='grc' dir='ltr'>ἡμᾶς</span> <span class='ocrx_word' id='word_1_696' title='bbox 2973 2092 3419 2162; x_wconf 83' lang='grc' dir='ltr'>καταφεύγοντας</span> <span class='ocrx_word' id='word_1_697' title='bbox 3451 2086 3701 2142; x_wconf 85' lang='grc' dir='ltr'>ἀπελαύ-</span> 
     </span>
    </p>
   </div>
   <div class='ocr_carea' id='block_1_91' title="bbox 2116 2170 3699 2247">
    <p class='ocr_par' dir='ltr' id='par_1_91' title="bbox 2116 2170 3699 2247">
     <span class='ocr_line' id='line_1_91' title="bbox 2116 2170 3699 2247; baseline -0.004 -19"><span class='ocrx_word' id='word_1_698' title='bbox 2116 2192 2316 2245; x_wconf 90' lang='grc' dir='ltr'>νωμεν,</span> <span class='ocrx_word' id='word_1_699' title='bbox 2353 2176 2448 2229; x_wconf 78' lang='grc' dir='ltr'>καὶ</span> <span class='ocrx_word' id='word_1_700' title='bbox 2474 2177 2797 2246; x_wconf 83' lang='grc' dir='ltr'>ἀπαιτῶμεν</span> <span class='ocrx_word' id='word_1_701' title='bbox 2825 2176 3057 2239; x_wconf 84' lang='grc' dir='ltr'>εὐθύνας</span> <span class='ocrx_word' id='word_1_702' title='bbox 3100 2174 3367 2247; x_wconf 70' lang='grc' dir='ltr'>ἀκριϐεῖς,</span> <span class='ocrx_word' id='word_1_703' title='bbox 3397 2174 3490 2226; x_wconf 72' lang='grc' dir='ltr'>καὶ</span> <span class='ocrx_word' id='word_1_704' title='bbox 3515 2170 3699 2224; x_wconf 81' lang='grc' dir='ltr'>ταῦτα</span> 
     </span>
    </p>
   </div>
   <div class='ocr_carea' id='block_1_92' title="bbox 2117 2253 3701 2331">
    <p class='ocr_par' dir='ltr' id='par_1_92' title="bbox 2117 2253 3701 2331">
     <span class='ocr_line' id='line_1_92' title="bbox 2117 2253 3701 2331; baseline -0.004 -20"><span class='ocrx_word' id='word_1_705' title='bbox 2117 2258 2342 2323; x_wconf 83' lang='grc' dir='ltr'>εἰδότες,</span> <span class='ocrx_word' id='word_1_706' title='bbox 2388 2260 2472 2313; x_wconf 83' lang='grc' dir='ltr'>δτι</span> <span class='ocrx_word' id='word_1_707' title='bbox 2512 2261 2724 2331; x_wconf 88' lang='grc' dir='ltr'>μυρίων</span> <span class='ocrx_word' id='word_1_708' title='bbox 2754 2259 3046 2313; x_wconf 88' lang='grc' dir='ltr'>ὑπεύθυνοι</span> <span class='ocrx_word' id='word_1_709' title='bbox 3075 2261 3244 2328; x_wconf 83' lang='grc' dir='ltr'>ἐσμεν</span> <span class='ocrx_word' id='word_1_710' title='bbox 3269 2255 3484 2320; x_wconf 87' lang='grc' dir='ltr'>κακῶν;</span> <span class='ocrx_word' id='word_1_711' title='bbox 3507 2253 3634 2307; x_wconf 78' lang='grc' dir='ltr'>Κᾶν</span> <span class='ocrx_word' id='word_1_712' title='bbox 3667 2254 3701 2305; x_wconf 87' lang='grc' dir='ltr'>ό</span> 
     </span>
    </p>
   </div>
   <div class='ocr_carea' id='block_1_93' title="bbox 2115 2336 3703 2413">
    <p class='ocr_par' dir='ltr' id='par_1_93' title="bbox 2115 2336 3703 2413">
     <span class='ocr_line' id='line_1_93' title="bbox 2115 2336 3703 2413; baseline -0.002 -21"><span class='ocrx_word' id='word_1_713' title='bbox 2115 2341 2249 2405; x_wconf 82' lang='grc' dir='ltr'>Θεὸς</span> <span class='ocrx_word' id='word_1_714' title='bbox 2285 2341 2459 2406; x_wconf 77' lang='grc' dir='ltr'>οὕτως</span> <span class='ocrx_word' id='word_1_715' title='bbox 2489 2342 2734 2413; x_wconf 78' lang='grc' dir='ltr'>ἀκριϐῶς</span> <span class='ocrx_word' id='word_1_716' title='bbox 2771 2341 2841 2395; x_wconf 82' lang='grc' dir='ltr'>τὰ</span> <span class='ocrx_word' id='word_1_717' title='bbox 2884 2343 3008 2395; x_wconf 83' lang='grc' dir='ltr'>καθ’</span> <span class='ocrx_word' id='word_1_718' title='bbox 3035 2343 3184 2412; x_wconf 82' lang='grc' dir='ltr'>ἡμᾶς</span> <span class='ocrx_word' id='word_1_719' title='bbox 3219 2339 3468 2410; x_wconf 78' lang='grc' dir='ltr'>ἐξετάσῃ,</span> <span class='ocrx_word' id='word_1_720' title='bbox 3502 2336 3703 2405; x_wconf 70' lang='grc' dir='ltr'>ὥσπερ</span> 
     </span>
    </p>
   </div>
   <div class='ocr_carea' id='block_1_94' title="bbox 2117 2419 3701 2498">
    <p class='ocr_par' dir='ltr' id='par_1_94' title="bbox 2117 2419 3701 2498">
     <span class='ocr_line' id='line_1_94' title="bbox 2117 2419 3701 2498; baseline -0.004 -19"><span class='ocrx_word' id='word_1_721' title='bbox 2117 2426 2277 2495; x_wconf 86' lang='grc' dir='ltr'>ἡμεῖς</span> <span class='ocrx_word' id='word_1_722' title='bbox 2303 2426 2373 2479; x_wconf 86' lang='grc' dir='ltr'>τά</span> <span class='ocrx_word' id='word_1_723' title='bbox 2401 2424 2511 2479; x_wconf 84' lang='grc' dir='ltr'>τῶν</span> <span class='ocrx_word' id='word_1_724' title='bbox 2532 2428 2800 2498; x_wconf 85' lang='grc' dir='ltr'>πενήτων,</span> <span class='ocrx_word' id='word_1_725' title='bbox 2833 2426 3088 2496; x_wconf 81' lang='grc' dir='ltr'>οὐδεμιᾶς</span> <span class='ocrx_word' id='word_1_726' title='bbox 3115 2422 3417 2494; x_wconf 83' lang='grc' dir='ltr'>τευξόμεθα</span> <span class='ocrx_word' id='word_1_727' title='bbox 3442 2419 3701 2488; x_wconf 81' lang='grc' dir='ltr'>συγγνώ-</span> 
     </span>
    </p>
   </div>
   <div class='ocr_carea' id='block_1_95' title="bbox 2118 2501 3702 2580">
    <p class='ocr_par' dir='ltr' id='par_1_95' title="bbox 2118 2501 3702 2580">
     <span class='ocr_line' id='line_1_95' title="bbox 2118 2501 3702 2580; baseline -0.004 -18"><span class='ocrx_word' id='word_1_728' title='bbox 2118 2526 2249 2580; x_wconf 85' lang='grc' dir='ltr'>μης,</span> <span class='ocrx_word' id='word_1_729' title='bbox 2277 2509 2400 2562; x_wconf 82' lang='grc' dir='ltr'>οὐδέ</span> <span class='ocrx_word' id='word_1_730' title='bbox 2428 2509 2577 2562; x_wconf 81' lang='grc' dir='ltr'>ἐλέου</span> <span class='ocrx_word' id='word_1_731' title='bbox 2606 2508 2780 2572; x_wconf 73' lang='grc' dir='ltr'>τινόςο</span> <span class='ocrx_word' id='word_1_732' title='bbox 2827 2509 2924 2561; x_wconf 80' lang='grc' dir='ltr'>Ἑν</span> <span class='ocrx_word' id='word_1_733' title='bbox 2955 2501 3004 2574; x_wconf 80' lang='grc' dir='ltr'>ᾧ</span> <span class='ocrx_word' id='word_1_734' title='bbox 3036 2508 3146 2578; x_wconf 76' lang='grc' dir='ltr'>γὰρ</span> <span class='ocrx_word' id='word_1_735' title='bbox 3179 2508 3413 2575; x_wconf 75' lang='grc' dir='ltr'>κρίματι</span> <span class='ocrx_word' id='word_1_736' title='bbox 3437 2505 3702 2572; x_wconf 71' lang='grc' dir='ltr'>κρίνετε,</span> 
     </span>
    </p>
   </div>
   <div class='ocr_carea' id='block_1_96' title="bbox 2116 2586 3701 2661">
    <p class='ocr_par' dir='ltr' id='par_1_96' title="bbox 2116 2586 3701 2661">
     <span class='ocr_line' id='line_1_96' title="bbox 2116 2586 3701 2661; baseline -0.016 0"><span class='ocrx_word' id='word_1_737' title='bbox 2116 2591 2267 2661; x_wconf 74' lang='grc' dir='ltr'>φησὶ.</span> <span class='ocrx_word' id='word_1_738' title='bbox 2328 2590 2429 2644; x_wconf 66' lang='grc' dir='ltr'>καὶ</span> <span class='ocrx_word' id='word_1_739' title='bbox 2476 2592 2648 2661; x_wconf 73' lang='grc' dir='ltr'>ὗμεῖς</span> <span class='ocrx_word' id='word_1_740' title='bbox 2703 2591 3086 2661; x_wconf 77' lang='grc' dir='ltr'>κριθήσεσθε.</span> <span class='ocrx_word' id='word_1_741' title='bbox 3129 2590 3294 2643; x_wconf 87' lang='grc' dir='ltr'>Γενοῦ</span> <span class='ocrx_word' id='word_1_742' title='bbox 3339 2588 3514 2642; x_wconf 80' lang='grc' dir='ltr'>τοίνυν</span> <span class='ocrx_word' id='word_1_743' title='bbox 3569 2586 3701 2655; x_wconf 74' lang='grc' dir='ltr'>φιλο</span> 
     </span>
    </p>
   </div>
   <div class='ocr_carea' id='block_1_97' title="bbox 2116 2671 3703 2748">
    <p class='ocr_par' dir='ltr' id='par_1_97' title="bbox 2116 2671 3703 2748">
     <span class='ocr_line' id='line_1_97' title="bbox 2116 2671 3703 2748; baseline -0.003 -20"><span class='ocrx_word' id='word_1_744' title='bbox 2116 2674 2403 2748; x_wconf 89' lang='grc' dir='ltr'>άνθρωπος</span> <span class='ocrx_word' id='word_1_745' title='bbox 2436 2678 2532 2729; x_wconf 79' lang='grc' dir='ltr'>καὶ</span> <span class='ocrx_word' id='word_1_746' title='bbox 2568 2677 2776 2748; x_wconf 76' lang='grc' dir='ltr'>ἥμερος</span> <span class='ocrx_word' id='word_1_747' title='bbox 2800 2675 2879 2747; x_wconf 83' lang='grc' dir='ltr'>τῷ</span> <span class='ocrx_word' id='word_1_748' title='bbox 2909 2674 3199 2745; x_wconf 83' lang='grc' dir='ltr'>συνδούλῳ,</span> <span class='ocrx_word' id='word_1_749' title='bbox 3228 2674 3324 2727; x_wconf 71' lang='grc' dir='ltr'>καὶ</span> <span class='ocrx_word' id='word_1_750' title='bbox 3351 2671 3521 2725; x_wconf 85' lang='grc' dir='ltr'>πολλά</span> <span class='ocrx_word' id='word_1_751' title='bbox 3554 2672 3703 2739; x_wconf 71' lang='grc' dir='ltr'>ἄφες</span> 
     </span>
    </p>
   </div>
   <div class='ocr_carea' id='block_1_98' title="bbox 2113 2755 3704 2830">
    <p class='ocr_par' dir='ltr' id='par_1_98' title="bbox 2113 2755 3704 2830">
     <span class='ocr_line' id='line_1_98' title="bbox 2113 2755 3704 2830; baseline -0.003 -19"><span class='ocrx_word' id='word_1_752' title='bbox 2113 2758 2221 2811; x_wconf 87' lang='grc' dir='ltr'>τῶν</span> <span class='ocrx_word' id='word_1_753' title='bbox 2277 2759 2719 2830; x_wconf 87' lang='grc' dir='ltr'>ἡμαρτημένων,</span> <span class='ocrx_word' id='word_1_754' title='bbox 2772 2759 2867 2813; x_wconf 79' lang='grc' dir='ltr'>καὶ</span> <span class='ocrx_word' id='word_1_755' title='bbox 2920 2758 3165 2829; x_wconf 76' lang='grc' dir='ltr'>ἐλέησον,</span> <span class='ocrx_word' id='word_1_756' title='bbox 3229 2758 3317 2810; x_wconf 82' lang='grc' dir='ltr'>ἵνα</span> <span class='ocrx_word' id='word_1_757' title='bbox 3376 2755 3470 2809; x_wconf 79' lang='grc' dir='ltr'>καὶ</span> <span class='ocrx_word' id='word_1_758' title='bbox 3529 2755 3704 2819; x_wconf 68' lang='grc' dir='ltr'>αὐτὸς</span> 
     </span>
    </p>
   </div>
   <div class='ocr_carea' id='block_1_99' title="bbox 2113 2837 3704 2914">
    <p class='ocr_par' dir='ltr' id='par_1_99' title="bbox 2113 2837 3704 2914">
     <span class='ocr_line' id='line_1_99' title="bbox 2113 2837 3704 2914; baseline -0.001 -22"><span class='ocrx_word' id='word_1_759' title='bbox 2113 2839 2373 2911; x_wconf 86' lang='grc' dir='ltr'>τοιαύτης</span> <span class='ocrx_word' id='word_1_760' title='bbox 2412 2841 2585 2913; x_wconf 73' lang='grc' dir='ltr'>τύχης</span> <span class='ocrx_word' id='word_1_761' title='bbox 2632 2842 2734 2913; x_wconf 83' lang='grc' dir='ltr'>τῆς</span> <span class='ocrx_word' id='word_1_762' title='bbox 2776 2843 2978 2914; x_wconf 77' lang='grc' dir='ltr'>ψήφου.</span> <span class='ocrx_word' id='word_1_763' title='bbox 3042 2841 3109 2893; x_wconf 92' lang='grc' dir='ltr'>Τί</span> <span class='ocrx_word' id='word_1_764' title='bbox 3158 2840 3459 2910; x_wconf 84' lang='grc' dir='ltr'>πράγματα</span> <span class='ocrx_word' id='word_1_765' title='bbox 3513 2837 3704 2907; x_wconf 81' lang='grc' dir='ltr'>σαυτῷ</span> 
     </span>
    </p>
   </div>
   <div class='ocr_carea' id='block_1_100' title="bbox 2116 2920 3702 2996">
    <p class='ocr_par' dir='ltr' id='par_1_100' title="bbox 2116 2920 3702 2996">
     <span class='ocr_line' id='line_1_100' title="bbox 2116 2920 3702 2996; baseline -0.002 -21"><span class='ocrx_word' id='word_1_766' title='bbox 2116 2923 2370 2989; x_wconf 83' lang='grc' dir='ltr'>πλέκεις;</span> <span class='ocrx_word' id='word_1_767' title='bbox 2397 2924 2451 2977; x_wconf 92' lang='grc' dir='ltr'>τί</span> <span class='ocrx_word' id='word_1_768' title='bbox 2481 2924 2852 2996; x_wconf 73' lang='grc' dir='ltr'>περιεργάζῃς</span> <span class='ocrx_word' id='word_1_769' title='bbox 2880 2920 3029 2996; x_wconf 70' lang='grc' dir='ltr'>Ἀρά</span> <span class='ocrx_word' id='word_1_770' title='bbox 3061 2925 3111 2976; x_wconf 86' lang='grc' dir='ltr'>εί</span> <span class='ocrx_word' id='word_1_771' title='bbox 3143 2920 3475 2993; x_wconf 82' lang='grc' dir='ltr'>προσέταξεν</span> <span class='ocrx_word' id='word_1_772' title='bbox 3502 2922 3533 2973; x_wconf 92' lang='grc' dir='ltr'>ό</span> <span class='ocrx_word' id='word_1_773' title='bbox 3560 2920 3702 2984; x_wconf 68' lang='grc' dir='ltr'>Θεὸς</span> 
     </span>
    </p>
   </div>
   <div class='ocr_carea' id='block_1_101' title="bbox 2117 3005 3698 3077">
    <p class='ocr_par' dir='ltr' id='par_1_101' title="bbox 2117 3005 3698 3077">
     <span class='ocr_line' id='line_1_101' title="bbox 2117 3005 3698 3077; baseline 0.001 -19"><span class='ocrx_word' id='word_1_774' title='bbox 2117 3005 2264 3076; x_wconf 86' lang='grc' dir='ltr'>βίους</span> <span class='ocrx_word' id='word_1_775' title='bbox 2304 3008 2555 3077; x_wconf 79' lang='grc' dir='ltr'>ἐρεονᾷν,</span> <span class='ocrx_word' id='word_1_776' title='bbox 2588 3008 2684 3061; x_wconf 75' lang='grc' dir='ltr'>καὶ</span> <span class='ocrx_word' id='word_1_777' title='bbox 2713 3007 2944 3073; x_wconf 87' lang='grc' dir='ltr'>εὐθύνας</span> <span class='ocrx_word' id='word_1_778' title='bbox 2986 3009 3256 3073; x_wconf 79' lang='grc' dir='ltr'>ἀπαιτεῖν,</span> <span class='ocrx_word' id='word_1_779' title='bbox 3296 3007 3388 3060; x_wconf 79' lang='grc' dir='ltr'>καὶ</span> <span class='ocrx_word' id='word_1_780' title='bbox 3413 3007 3698 3077; x_wconf 76' lang='grc' dir='ltr'>πολυπρα-</span> 
     </span>
    </p>
   </div>
   <div class='ocr_carea' id='block_1_102' title="bbox 2115 3088 3701 3163">
    <p class='ocr_par' dir='ltr' id='par_1_102' title="bbox 2115 3088 3701 3163">
     <span class='ocr_line' id='line_1_102' title="bbox 2115 3088 3701 3163; baseline -0.001 -21"><span class='ocrx_word' id='word_1_781' title='bbox 2115 3092 2337 3160; x_wconf 86' lang='grc' dir='ltr'>γμονεῖν</span> <span class='ocrx_word' id='word_1_782' title='bbox 2382 3091 2639 3160; x_wconf 88' lang='grc' dir='ltr'>τρόπους,</span> <span class='ocrx_word' id='word_1_783' title='bbox 2673 3091 2775 3144; x_wconf 89' lang='grc' dir='ltr'>οὐκ</span> <span class='ocrx_word' id='word_1_784' title='bbox 2806 3092 2871 3145; x_wconf 85' lang='grc' dir='ltr'>ἂν</span> <span class='ocrx_word' id='word_1_785' title='bbox 2917 3090 3297 3163; x_wconf 83' lang='grc' dir='ltr'>ἐδυσχέραινον</span> <span class='ocrx_word' id='word_1_786' title='bbox 3326 3088 3517 3144; x_wconf 78' lang='grc' dir='ltr'>πολλοί</span> <span class='ocrx_word' id='word_1_787' title='bbox 3531 3106 3545 3153; x_wconf 90' lang='grc'><strong>;</strong></span> <span class='ocrx_word' id='word_1_788' title='bbox 3593 3090 3701 3141; x_wconf 79' lang='grc' dir='ltr'>οὐκ</span> 
     </span>
    </p>
   </div>
   <div class='ocr_carea' id='block_1_103' title="bbox 2114 3167 3703 3242">
    <p class='ocr_par' dir='ltr' id='par_1_103' title="bbox 2114 3167 3703 3242">
     <span class='ocr_line' id='line_1_103' title="bbox 2114 3167 3703 3242; baseline -0.003 -15"><span class='ocrx_word' id='word_1_789' title='bbox 2114 3172 2182 3227; x_wconf 83' lang='grc' dir='ltr'>ἂν</span> <span class='ocrx_word' id='word_1_790' title='bbox 2211 3167 2365 3226; x_wconf 81' lang='grc' dir='ltr'>εἶπον</span> <span class='ocrx_word' id='word_1_791' title='bbox 2390 3174 2527 3242; x_wconf 85' lang='grc' dir='ltr'>πρὸς</span> <span class='ocrx_word' id='word_1_792' title='bbox 2548 3173 2804 3238; x_wconf 75' lang='grc' dir='ltr'>ἑαυτούς·</span> <span class='ocrx_word' id='word_1_793' title='bbox 2832 3174 2898 3227; x_wconf 90' lang='grc' dir='ltr'>Τί</span> <span class='ocrx_word' id='word_1_794' title='bbox 2927 3191 3058 3227; x_wconf 88' lang='grc' dir='ltr'>ποτε</span> <span class='ocrx_word' id='word_1_795' title='bbox 3077 3173 3236 3227; x_wconf 71' lang='grc' dir='ltr'>τοῦτό</span> <span class='ocrx_word' id='word_1_796' title='bbox 3258 3174 3406 3235; x_wconf 73' lang='grc' dir='ltr'>ἐστις</span> <span class='ocrx_word' id='word_1_797' title='bbox 3437 3172 3703 3226; x_wconf 83' lang='grc' dir='ltr'>δύσκολον</span> 
     </span>
    </p>
   </div>
   <div class='ocr_carea' id='block_1_104' title="bbox 2116 3255 3698 3328">
    <p class='ocr_par' dir='ltr' id='par_1_104' title="bbox 2116 3255 3698 3328">
     <span class='ocr_line' id='line_1_104' title="bbox 2116 3255 3698 3328; baseline -0.01 -18"><span class='ocrx_word' id='word_1_798' title='bbox 2116 3258 2249 3326; x_wconf 83' lang='grc' dir='ltr'>ἡμῖν</span> <span class='ocrx_word' id='word_1_799' title='bbox 2283 3255 2345 3309; x_wconf 84' lang='grc' dir='ltr'>τὸ</span> <span class='ocrx_word' id='word_1_800' title='bbox 2374 3258 2608 3326; x_wconf 73' lang='grc' dir='ltr'>πρᾶγμα</span> <span class='ocrx_word' id='word_1_801' title='bbox 2643 3256 2979 3327; x_wconf 74' lang='grc' dir='ltr'>κατέστησεν</span> <span class='ocrx_word' id='word_1_802' title='bbox 3013 3259 3043 3310; x_wconf 88' lang='grc' dir='ltr'>ό</span> <span class='ocrx_word' id='word_1_803' title='bbox 3071 3257 3235 3321; x_wconf 84' lang='grc' dir='ltr'>Θεός·</span> <span class='ocrx_word' id='word_1_804' title='bbox 3273 3257 3350 3328; x_wconf 81' lang='grc' dir='ltr'>μὴ</span> <span class='ocrx_word' id='word_1_805' title='bbox 3392 3257 3502 3327; x_wconf 67' lang='grc' dir='ltr'>γὰρ</span> <span class='ocrx_word' id='word_1_806' title='bbox 3529 3255 3698 3308; x_wconf 75' lang='grc' dir='ltr'><strong>δυνά-</strong></span> 
     </span>
    </p>
   </div>
   <div class='ocr_carea' id='block_1_105' title="bbox 2120 3338 3699 3412">
    <p class='ocr_par' dir='ltr' id='par_1_105' title="bbox 2120 3338 3699 3412">
     <span class='ocr_line' id='line_1_105' title="bbox 2120 3338 3699 3412; baseline -0.002 -20"><span class='ocrx_word' id='word_1_807' title='bbox 2120 3341 2261 3404; x_wconf 88' lang='grc' dir='ltr'>μεθα</span> <span class='ocrx_word' id='word_1_808' title='bbox 2298 3341 2397 3412; x_wconf 76' lang='grc' dir='ltr'>τὴν</span> <span class='ocrx_word' id='word_1_809' title='bbox 2434 3339 2638 3411; x_wconf 89' lang='grc' dir='ltr'>ἐτέρων</span> <span class='ocrx_word' id='word_1_810' title='bbox 2664 3340 2809 3411; x_wconf 74' lang='grc' dir='ltr'>ζωὴν</span> <span class='ocrx_word' id='word_1_811' title='bbox 2838 3339 3154 3405; x_wconf 78' lang='grc' dir='ltr'>ἐξετάζειν;</span> <span class='ocrx_word' id='word_1_812' title='bbox 3184 3339 3259 3410; x_wconf 81' lang='grc' dir='ltr'>μὴ</span> <span class='ocrx_word' id='word_1_813' title='bbox 3287 3342 3400 3410; x_wconf 89' lang='grc' dir='ltr'>γάρ</span> <span class='ocrx_word' id='word_1_814' title='bbox 3426 3341 3584 3409; x_wconf 78' lang='grc' dir='ltr'>ἴσμεν</span> <span class='ocrx_word' id='word_1_815' title='bbox 3624 3338 3699 3390; x_wconf 69' lang='grc' dir='ltr'>τά</span> 
     </span>
    </p>
   </div>
   <div class='ocr_carea' id='block_1_106' title="bbox 2118 3421 3701 3497">
    <p class='ocr_par' dir='ltr' id='par_1_106' title="bbox 2118 3421 3701 3497">
     <span class='ocr_line' id='line_1_106' title="bbox 2118 3421 3701 3497; baseline -0.003 -19"><span class='ocrx_word' id='word_1_816' title='bbox 2118 3425 2489 3497; x_wconf 88' lang='grc' dir='ltr'>ἡμαρτημένα</span> <span class='ocrx_word' id='word_1_817' title='bbox 2510 3424 2590 3495; x_wconf 74' lang='grc' dir='ltr'>τῷ</span> <span class='ocrx_word' id='word_1_818' title='bbox 2618 3424 2784 3489; x_wconf 84' lang='grc' dir='ltr'>δεῖνι;</span> <span class='ocrx_word' id='word_1_819' title='bbox 2817 3425 2931 3480; x_wconf 85' lang='grc' dir='ltr'>Οὐκ</span> <span class='ocrx_word' id='word_1_820' title='bbox 2962 3424 3029 3477; x_wconf 79' lang='grc' dir='ltr'>ἂν</span> <span class='ocrx_word' id='word_1_821' title='bbox 3064 3423 3250 3477; x_wconf 74' lang='grc' dir='ltr'>πολλοὶ</span> <span class='ocrx_word' id='word_1_822' title='bbox 3278 3422 3449 3476; x_wconf 67' lang='grc' dir='ltr'>πολλὰ</span> <span class='ocrx_word' id='word_1_823' title='bbox 3472 3421 3701 3475; x_wconf 87' lang='grc' dir='ltr'>τοιαῦτα</span> 
     </span>
    </p>
   </div>
   <div class='ocr_carea' id='block_1_107' title="bbox 2118 3503 3701 3577">
    <p class='ocr_par' dir='ltr' id='par_1_107' title="bbox 2118 3503 3701 3577">
     <span class='ocr_line' id='line_1_107' title="bbox 2118 3503 3701 3577; baseline -0.003 -17"><span class='ocrx_word' id='word_1_824' title='bbox 2118 3503 2304 3574; x_wconf 77' lang='grc' dir='ltr'>εἷπονς</span> <span class='ocrx_word' id='word_1_825' title='bbox 2339 3508 2455 3560; x_wconf 79' lang='grc' dir='ltr'>Νῦν</span> <span class='ocrx_word' id='word_1_826' title='bbox 2477 3508 2554 3571; x_wconf 80' lang='grc' dir='ltr'>δὲ,</span> <span class='ocrx_word' id='word_1_827' title='bbox 2586 3508 2676 3561; x_wconf 84' lang='grc' dir='ltr'>ὅτε</span> <span class='ocrx_word' id='word_1_828' title='bbox 2709 3507 2893 3576; x_wconf 87' lang='grc' dir='ltr'>πάσης</span> <span class='ocrx_word' id='word_1_829' title='bbox 2924 3508 3074 3577; x_wconf 83' lang='grc' dir='ltr'>ἡμᾶς</span> <span class='ocrx_word' id='word_1_830' title='bbox 3115 3505 3374 3576; x_wconf 80' lang='grc' dir='ltr'>τοιαύτης</span> <span class='ocrx_word' id='word_1_831' title='bbox 3425 3504 3701 3576; x_wconf 84' lang='grc' dir='ltr'>πολυπρα-</span> 
     </span>
    </p>
   </div>
   <div class='ocr_carea' id='block_1_108' title="bbox 2116 3587 3701 3662">
    <p class='ocr_par' dir='ltr' id='par_1_108' title="bbox 2116 3587 3701 3662">
     <span class='ocr_line' id='line_1_108' title="bbox 2116 3587 3701 3662; baseline -0.003 -19"><span class='ocrx_word' id='word_1_832' title='bbox 2116 3590 2397 3662; x_wconf 80' lang='grc' dir='ltr'>γμοσύνης</span> <span class='ocrx_word' id='word_1_833' title='bbox 2421 3589 2719 3661; x_wconf 75' lang='grc' dir='ltr'>ἀπήλλαξε,</span> <span class='ocrx_word' id='word_1_834' title='bbox 2738 3589 2832 3643; x_wconf 79' lang='grc' dir='ltr'>καὶ</span> <span class='ocrx_word' id='word_1_835' title='bbox 2850 3590 3119 3659; x_wconf 84' lang='grc' dir='ltr'>ὑπέσχετο</span> <span class='ocrx_word' id='word_1_836' title='bbox 3144 3588 3337 3643; x_wconf 86' lang='grc' dir='ltr'>δώσειν</span> <span class='ocrx_word' id='word_1_837' title='bbox 3352 3587 3701 3660; x_wconf 80' lang='grc' dir='ltr'>ἀπηρτισμέ-</span> 
     </span>
    </p>
   </div>
   <div class='ocr_carea' id='block_1_109' title="bbox 2117 3669 3702 3746">
    <p class='ocr_par' dir='ltr' id='par_1_109' title="bbox 2117 3669 3702 3746">
     <span class='ocr_line' id='line_1_109' title="bbox 2117 3669 3702 3746; baseline -0.003 -19"><span class='ocrx_word' id='word_1_838' title='bbox 2117 3690 2206 3727; x_wconf 91' lang='grc' dir='ltr'>νον</span> <span class='ocrx_word' id='word_1_839' title='bbox 2231 3673 2323 3725; x_wconf 69' lang='grc' dir='ltr'>τὸν</span> <span class='ocrx_word' id='word_1_840' title='bbox 2355 3672 2568 3743; x_wconf 80' lang='grc' dir='ltr'>μισθὸν,</span> <span class='ocrx_word' id='word_1_841' title='bbox 2601 3672 2706 3726; x_wconf 76' lang='grc' dir='ltr'>κᾶν</span> <span class='ocrx_word' id='word_1_842' title='bbox 2732 3672 2982 3743; x_wconf 66' lang='grc' dir='ltr'>πονηροὶ,</span> <span class='ocrx_word' id='word_1_843' title='bbox 3015 3673 3122 3726; x_wconf 74' lang='grc' dir='ltr'>κᾶν</span> <span class='ocrx_word' id='word_1_844' title='bbox 3158 3672 3388 3746; x_wconf 81' lang='grc' dir='ltr'>χρηστοὶ</span> <span class='ocrx_word' id='word_1_845' title='bbox 3411 3673 3460 3724; x_wconf 87' lang='grc' dir='ltr'>οἱ</span> <span class='ocrx_word' id='word_1_846' title='bbox 3489 3669 3702 3740; x_wconf 80' lang='grc' dir='ltr'>λαμὸά-</span> 
     </span>
    </p>
   </div>
   <div class='ocr_carea' id='block_1_110' title="bbox 2116 3751 3698 3827">
    <p class='ocr_par' dir='ltr' id='par_1_110' title="bbox 2116 3751 3698 3827">
     <span class='ocr_line' id='line_1_110' title="bbox 2116 3751 3698 3827; baseline -0.002 -17"><span class='ocrx_word' id='word_1_847' title='bbox 2116 3773 2299 3819; x_wconf 90' lang='grc' dir='ltr'>νοντες</span> <span class='ocrx_word' id='word_1_848' title='bbox 2334 3751 2491 3819; x_wconf 78' lang='grc' dir='ltr'>ὦσιν,</span> <span class='ocrx_word' id='word_1_849' title='bbox 2541 3757 2759 3820; x_wconf 78' lang='grc' dir='ltr'>ἑαυτοῖς</span> <span class='ocrx_word' id='word_1_850' title='bbox 2812 3758 3116 3827; x_wconf 83' lang='grc' dir='ltr'>πράγματα</span> <span class='ocrx_word' id='word_1_851' title='bbox 3161 3755 3550 3826; x_wconf 82' lang='grc' dir='ltr'>ἐπισπώμεθα.</span> <span class='ocrx_word' id='word_1_852' title='bbox 3587 3756 3698 3808; x_wconf 79' lang='grc' dir='ltr'>Καὶ</span> 
     </span>
    </p>
   </div>
   <div class='ocr_carea' id='block_1_111' title="bbox 2118 3839 3701 3911">
    <p class='ocr_par' dir='ltr' id='par_1_111' title="bbox 2118 3839 3701 3911">
     <span class='ocr_line' id='line_1_111' title="bbox 2118 3839 3701 3911; baseline -0.002 -17"><span class='ocrx_word' id='word_1_853' title='bbox 2118 3840 2282 3895; x_wconf 87' lang='grc' dir='ltr'>πόθεν</span> <span class='ocrx_word' id='word_1_854' title='bbox 2310 3839 2469 3893; x_wconf 88' lang='grc' dir='ltr'>τοῦτο</span> <span class='ocrx_word' id='word_1_855' title='bbox 2493 3840 2675 3910; x_wconf 79' lang='grc' dir='ltr'>δῆλον,</span> <span class='ocrx_word' id='word_1_856' title='bbox 2709 3840 2899 3911; x_wconf 71' lang='grc' dir='ltr'>φησὶν,</span> <span class='ocrx_word' id='word_1_857' title='bbox 2921 3841 3003 3893; x_wconf 85' lang='grc' dir='ltr'>ὅτι</span> <span class='ocrx_word' id='word_1_858' title='bbox 3029 3841 3309 3911; x_wconf 85' lang='grc' dir='ltr'>χρηστοῖς,</span> <span class='ocrx_word' id='word_1_859' title='bbox 3339 3839 3433 3893; x_wconf 81' lang='grc' dir='ltr'>καὶ</span> <span class='ocrx_word' id='word_1_860' title='bbox 3469 3841 3585 3902; x_wconf 87' lang='grc' dir='ltr'>τοῖς</span> <span class='ocrx_word' id='word_1_861' title='bbox 3618 3840 3701 3909; x_wconf 74' lang='grc' dir='ltr'>μὴ</span> 
     </span>
    </p>
   </div>
   <div class='ocr_carea' id='block_1_112' title="bbox 2115 3918 3703 3995">
    <p class='ocr_par' dir='ltr' id='par_1_112' title="bbox 2115 3918 3703 3995">
     <span class='ocr_line' id='line_1_112' title="bbox 2115 3918 3703 3995; baseline -0.001 -19"><span class='ocrx_word' id='word_1_862' title='bbox 2115 3925 2379 3987; x_wconf 86' lang='grc' dir='ltr'>τοιούτοις</span> <span class='ocrx_word' id='word_1_863' title='bbox 2414 3924 2599 3988; x_wconf 86' lang='grc' dir='ltr'>δόντες</span> <span class='ocrx_word' id='word_1_864' title='bbox 2635 3924 2919 3995; x_wconf 81' lang='grc' dir='ltr'>ληψόμεθα</span> <span class='ocrx_word' id='word_1_865' title='bbox 2942 3922 3036 3978; x_wconf 77' lang='grc' dir='ltr'>τὸν</span> <span class='ocrx_word' id='word_1_866' title='bbox 3073 3923 3303 3993; x_wconf 86' lang='grc' dir='ltr'>μισθόν;</span> <span class='ocrx_word' id='word_1_867' title='bbox 3347 3922 3466 3991; x_wconf 79' lang='grc' dir='ltr'>Ἀφ’</span> <span class='ocrx_word' id='word_1_868' title='bbox 3494 3918 3573 3976; x_wconf 80' lang='grc' dir='ltr'>ὧν</span> <span class='ocrx_word' id='word_1_869' title='bbox 3596 3924 3703 3975; x_wconf 56' lang='grc' dir='ltr'>αὐ.</span> 
     </span>
    </p>
   </div>
   <div class='ocr_carea' id='block_1_113' title="bbox 2114 4004 3699 4076">
    <p class='ocr_par' dir='ltr' id='par_1_113' title="bbox 2114 4004 3699 4076">
     <span class='ocr_line' id='line_1_113' title="bbox 2114 4004 3699 4076; baseline -0.001 -16"><span class='ocrx_word' id='word_1_870' title='bbox 2114 4008 2205 4070; x_wconf 85' lang='grc' dir='ltr'>τὸς</span> <span class='ocrx_word' id='word_1_871' title='bbox 2234 4004 2389 4060; x_wconf 77' lang='grc' dir='ltr'>εἶπεν</span> <span class='ocrx_word' id='word_1_872' title='bbox 2412 4025 2425 4039; x_wconf 87' lang='grc'>·</span> <span class='ocrx_word' id='word_1_873' title='bbox 2465 4008 2740 4076; x_wconf 80' lang='grc' dir='ltr'>Εὕχεσθε</span> <span class='ocrx_word' id='word_1_874' title='bbox 2774 4007 2928 4073; x_wconf 80' lang='grc' dir='ltr'>ὑπὲρ</span> <span class='ocrx_word' id='word_1_875' title='bbox 2966 4006 3086 4059; x_wconf 84' lang='grc' dir='ltr'>τῶν</span> <span class='ocrx_word' id='word_1_876' title='bbox 3128 4004 3574 4074; x_wconf 75' lang='grc' dir='ltr'>ἐπηρεαζόντων</span> <span class='ocrx_word' id='word_1_877' title='bbox 3597 4008 3699 4059; x_wconf 71' lang='grc' dir='ltr'>καὶ</span> 
     </span>
    </p>
   </div>
   <div class='ocr_carea' id='block_1_114' title="bbox 2114 4088 3699 4159">
    <p class='ocr_par' dir='ltr' id='par_1_114' title="bbox 2114 4088 3699 4159">
     <span class='ocr_line' id='line_1_114' title="bbox 2114 4088 3699 4159; baseline -0.001 -16"><span class='ocrx_word' id='word_1_878' title='bbox 2114 4091 2448 4144; x_wconf 76' lang='grc' dir='ltr'>διωκόντων</span> <span class='ocrx_word' id='word_1_879' title='bbox 2470 4089 2644 4158; x_wconf 82' lang='grc' dir='ltr'>ὑμᾶς,</span> <span class='ocrx_word' id='word_1_880' title='bbox 2669 4090 2832 4153; x_wconf 77' lang='grc' dir='ltr'>ὅπως</span> <span class='ocrx_word' id='word_1_881' title='bbox 2846 4088 3106 4158; x_wconf 74' lang='grc' dir='ltr'>γένησθε</span> <span class='ocrx_word' id='word_1_882' title='bbox 3132 4090 3317 4159; x_wconf 78' lang='grc' dir='ltr'>ὅμοιοι</span> <span class='ocrx_word' id='word_1_883' title='bbox 3337 4089 3443 4142; x_wconf 81' lang='grc' dir='ltr'>τοῦ</span> <span class='ocrx_word' id='word_1_884' title='bbox 3465 4089 3699 4157; x_wconf 73' lang='grc' dir='ltr'>Πατρός</span> 
     </span>
    </p>
   </div>
   <div class='ocr_carea' id='block_1_115' title="bbox 2114 4171 3697 4242">
    <p class='ocr_par' dir='ltr' id='par_1_115' title="bbox 2114 4171 3697 4242">
     <span class='ocr_line' id='line_1_115' title="bbox 2114 4171 3697 4242; baseline -0.002 -14"><span class='ocrx_word' id='word_1_885' title='bbox 2114 4171 2303 4242; x_wconf 82' lang='grc' dir='ltr'>ὑμῶν,</span> <span class='ocrx_word' id='word_1_886' title='bbox 2340 4172 2444 4226; x_wconf 81' lang='grc' dir='ltr'>τοῦ</span> <span class='ocrx_word' id='word_1_887' title='bbox 2471 4173 2541 4227; x_wconf 79' lang='grc' dir='ltr'>ἐν</span> <span class='ocrx_word' id='word_1_888' title='bbox 2565 4172 2691 4239; x_wconf 79' lang='grc' dir='ltr'>τοῖς</span> <span class='ocrx_word' id='word_1_889' title='bbox 2716 4173 3016 4238; x_wconf 79' lang='grc' dir='ltr'>οὐρανοῖς,</span> <span class='ocrx_word' id='word_1_890' title='bbox 3049 4172 3140 4225; x_wconf 79' lang='grc' dir='ltr'>ὅτι</span> <span class='ocrx_word' id='word_1_891' title='bbox 3171 4171 3279 4225; x_wconf 75' lang='grc' dir='ltr'>τὸν</span> <span class='ocrx_word' id='word_1_892' title='bbox 3303 4171 3483 4239; x_wconf 74' lang='grc' dir='ltr'>ἣλιον</span> <span class='ocrx_word' id='word_1_893' title='bbox 3507 4173 3697 4227; x_wconf 77' lang='grc' dir='ltr'>αὑτοῦ</span> 
     </span>
    </p>
   </div>
   <div class='ocr_carea' id='block_1_116' title="bbox 2115 4254 3697 4324">
    <p class='ocr_par' dir='ltr' id='par_1_116' title="bbox 2115 4254 3697 4324">
     <span class='ocr_line' id='line_1_116' title="bbox 2115 4254 3697 4324; baseline 0 -15"><span class='ocrx_word' id='word_1_894' title='bbox 2115 4255 2434 4310; x_wconf 72' lang='grc' dir='ltr'>ἀνατέλλει</span> <span class='ocrx_word' id='word_1_895' title='bbox 2476 4256 2575 4309; x_wconf 74' lang='grc' dir='ltr'>ἐπὶ</span> <span class='ocrx_word' id='word_1_896' title='bbox 2611 4255 2920 4324; x_wconf 75' lang='grc' dir='ltr'>πονηροὺς</span> <span class='ocrx_word' id='word_1_897' title='bbox 2954 4256 3052 4309; x_wconf 81' lang='grc' dir='ltr'>καὶ</span> <span class='ocrx_word' id='word_1_898' title='bbox 3100 4254 3382 4324; x_wconf 77' lang='grc' dir='ltr'>ἀγαθοὺς,</span> <span class='ocrx_word' id='word_1_899' title='bbox 3420 4256 3522 4309; x_wconf 69' lang='grc' dir='ltr'>καὶ</span> <span class='ocrx_word' id='word_1_900' title='bbox 3553 4257 3697 4324; x_wconf 76' lang='grc' dir='ltr'>,βρέ-</span> 
     </span>
    </p>
   </div>
   <div class='ocr_carea' id='block_1_117' title="bbox 2115 4335 3695 4409">
    <p class='ocr_par' dir='ltr' id='par_1_117' title="bbox 2115 4335 3695 4409">
     <span class='ocr_line' id='line_1_117' title="bbox 2115 4335 3695 4409; baseline -0.001 -17"><span class='ocrx_word' id='word_1_901' title='bbox 2115 4356 2207 4407; x_wconf 81' lang='grc' dir='ltr'>χει</span> <span class='ocrx_word' id='word_1_902' title='bbox 2240 4339 2339 4391; x_wconf 79' lang='grc' dir='ltr'>ἐπὶ</span> <span class='ocrx_word' id='word_1_903' title='bbox 2370 4338 2642 4403; x_wconf 81' lang='grc' dir='ltr'>δικαίους</span> <span class='ocrx_word' id='word_1_904' title='bbox 2664 4338 2764 4392; x_wconf 78' lang='grc' dir='ltr'>καὶ</span> <span class='ocrx_word' id='word_1_905' title='bbox 2788 4338 3057 4404; x_wconf 81' lang='grc' dir='ltr'>ἀδίκους.</span> <span class='ocrx_word' id='word_1_906' title='bbox 3088 4338 3302 4409; x_wconf 81' lang='grc' dir='ltr'>Ὥσπερ</span> <span class='ocrx_word' id='word_1_907' title='bbox 3321 4335 3414 4391; x_wconf 87' lang='grc' dir='ltr'>οῦν</span> <span class='ocrx_word' id='word_1_908' title='bbox 3444 4341 3474 4393; x_wconf 94' lang='grc' dir='ltr'>ό</span> <span class='ocrx_word' id='word_1_909' title='bbox 3497 4338 3695 4391; x_wconf 87' lang='grc' dir='ltr'>Δεσπό-</span> 
     </span>
    </p>
   </div>
   <div class='ocr_carea' id='block_1_118' title="bbox 2113 4420 3694 4494">
    <p class='ocr_par' dir='ltr' id='par_1_118' title="bbox 2113 4420 3694 4494">
     <span class='ocr_line' id='line_1_118' title="bbox 2113 4420 3694 4494; baseline 0 -19"><span class='ocrx_word' id='word_1_910' title='bbox 2113 4438 2215 4492; x_wconf 89' lang='grc' dir='ltr'>της</span> <span class='ocrx_word' id='word_1_911' title='bbox 2265 4438 2382 4483; x_wconf 86' lang='grc' dir='ltr'>σου,</span> <span class='ocrx_word' id='word_1_912' title='bbox 2436 4420 2645 4493; x_wconf 87' lang='grc' dir='ltr'>μυρίων</span> <span class='ocrx_word' id='word_1_913' title='bbox 2696 4421 2858 4474; x_wconf 80' lang='grc' dir='ltr'>αὐτὸν</span> <span class='ocrx_word' id='word_1_914' title='bbox 2926 4421 3416 4491; x_wconf 75' lang='grc' dir='ltr'>βλασφημούντων,</span> <span class='ocrx_word' id='word_1_915' title='bbox 3481 4423 3694 4494; x_wconf 88' lang='grc' dir='ltr'>μυρίων</span> 
     </span>
    </p>
   </div>
   <div class='ocr_carea' id='block_1_119' title="bbox 2116 4503 3692 4577">
    <p class='ocr_par' dir='ltr' id='par_1_119' title="bbox 2116 4503 3692 4577">
     <span class='ocr_line' id='line_1_119' title="bbox 2116 4503 3692 4577; baseline 0.001 -20"><span class='ocrx_word' id='word_1_916' title='bbox 2116 4504 2517 4575; x_wconf 90' lang='grc' dir='ltr'>πορνευόντων,</span> <span class='ocrx_word' id='word_1_917' title='bbox 2577 4503 2921 4558; x_wconf 81' lang='grc' dir='ltr'>κλεπτόντων</span> <span class='ocrx_word' id='word_1_918' title='bbox 2940 4545 2954 4565; x_wconf 88' lang='grc'>,</span> <span class='ocrx_word' id='word_1_919' title='bbox 3016 4504 3419 4577; x_wconf 82' lang='grc' dir='ltr'>λῃστευόντων,</span> <span class='ocrx_word' id='word_1_920' title='bbox 3486 4507 3692 4574; x_wconf 82' lang='grc' dir='ltr'>τάφους</span> 
     </span>
    </p>
   </div>
   <div class='ocr_carea' id='block_1_120' title="bbox 2115 4586 3693 4660">
    <p class='ocr_par' dir='ltr' id='par_1_120' title="bbox 2115 4586 3693 4660">
     <span class='ocr_line' id='line_1_120' title="bbox 2115 4586 3693 4660; baseline 0.001 -20"><span class='ocrx_word' id='word_1_921' title='bbox 2115 4587 2536 4658; x_wconf 83' lang='grc' dir='ltr'>ἀνορυττόντων,</span> <span class='ocrx_word' id='word_1_922' title='bbox 2581 4587 2752 4658; x_wconf 87' lang='grc' dir='ltr'>μυρία</span> <span class='ocrx_word' id='word_1_923' title='bbox 2791 4587 3175 4657; x_wconf 81' lang='grc' dir='ltr'>ἐργαζομένων</span> <span class='ocrx_word' id='word_1_924' title='bbox 3206 4586 3375 4655; x_wconf 88' lang='grc' dir='ltr'>κακά,</span> <span class='ocrx_word' id='word_1_925' title='bbox 3410 4586 3564 4660; x_wconf 76' lang='lat'><strong>[259]</strong></span> <span class='ocrx_word' id='word_1_926' title='bbox 3594 4590 3693 4642; x_wconf 83' lang='grc' dir='ltr'>οὐκ</span> 
     </span>
    </p>
   </div>
   <div class='ocr_carea' id='block_1_121' title="bbox 2113 4670 3694 4743">
    <p class='ocr_par' dir='ltr' id='par_1_121' title="bbox 2113 4670 3694 4743">
     <span class='ocr_line' id='line_1_121' title="bbox 2113 4670 3694 4743; baseline 0.001 -19"><span class='ocrx_word' id='word_1_927' title='bbox 2113 4672 2411 4739; x_wconf 71' lang='grc' dir='ltr'>ἀφίσταται</span> <span class='ocrx_word' id='word_1_928' title='bbox 2443 4671 2542 4741; x_wconf 82' lang='grc' dir='ltr'>τῆς</span> <span class='ocrx_word' id='word_1_929' title='bbox 2580 4672 2661 4734; x_wconf 86' lang='grc' dir='ltr'>είς</span> <span class='ocrx_word' id='word_1_930' title='bbox 2688 4671 2938 4735; x_wconf 70' lang='grc' dir='ltr'>ἅπαντας</span> <span class='ocrx_word' id='word_1_931' title='bbox 2972 4672 3312 4741; x_wconf 81' lang='grc' dir='ltr'>εὐεργεσίας.</span> <span class='ocrx_word' id='word_1_932' title='bbox 3344 4670 3483 4726; x_wconf 82' lang='grc' dir='ltr'>ἀλλά</span> <span class='ocrx_word' id='word_1_933' title='bbox 3508 4673 3694 4743; x_wconf 73' lang='grc' dir='ltr'>κοινὴν</span> 
     </span>
    </p>
   </div>
   <div class='ocr_carea' id='block_1_122' title="bbox 2111 4753 3694 4827">
    <p class='ocr_par' dir='ltr' id='par_1_122' title="bbox 2111 4753 3694 4827">
     <span class='ocr_line' id='line_1_122' title="bbox 2111 4753 3694 4827; baseline 0.003 -22"><span class='ocrx_word' id='word_1_934' title='bbox 2111 4754 2211 4823; x_wconf 84' lang='grc' dir='ltr'>τὴν</span> <span class='ocrx_word' id='word_1_935' title='bbox 2237 4754 2454 4817; x_wconf 88' lang='grc' dir='ltr'>ἀκτῖνα,</span> <span class='ocrx_word' id='word_1_936' title='bbox 2484 4755 2698 4816; x_wconf 85' lang='grc' dir='ltr'>κοινοὺς</span> <span class='ocrx_word' id='word_1_937' title='bbox 2722 4754 2848 4816; x_wconf 77' lang='grc' dir='ltr'>τοὺς</span> <span class='ocrx_word' id='word_1_938' title='bbox 2876 4753 3137 4825; x_wconf 72' lang='grc' dir='ltr'>δμῦρους,</span> <span class='ocrx_word' id='word_1_939' title='bbox 3165 4755 3257 4808; x_wconf 78' lang='grc' dir='ltr'>καὶ</span> <span class='ocrx_word' id='word_1_940' title='bbox 3281 4756 3407 4818; x_wconf 79' lang='grc' dir='ltr'>τοὺς</span> <span class='ocrx_word' id='word_1_941' title='bbox 3444 4758 3694 4827; x_wconf 66' lang='grc' dir='ltr'>καρποὺς</span> 
     </span>
    </p>
   </div>
   <div class='ocr_carea' id='block_1_123' title="bbox 2111 4835 3696 4910">
    <p class='ocr_par' dir='ltr' id='par_1_123' title="bbox 2111 4835 3696 4910">
     <span class='ocr_line' id='line_1_123' title="bbox 2111 4835 3696 4910; baseline 0.002 -22"><span class='ocrx_word' id='word_1_942' title='bbox 2111 4837 2239 4899; x_wconf 78' lang='grc' dir='ltr'>τοὺς</span> <span class='ocrx_word' id='word_1_943' title='bbox 2267 4837 2376 4890; x_wconf 84' lang='grc' dir='ltr'>ἀπὸ</span> <span class='ocrx_word' id='word_1_944' title='bbox 2403 4837 2501 4907; x_wconf 84' lang='grc' dir='ltr'>τῆς</span> <span class='ocrx_word' id='word_1_945' title='bbox 2530 4835 2970 4908; x_wconf 72' lang='grc' dir='ltr'>γῆςοπροτίθησι,</span> <span class='ocrx_word' id='word_1_946' title='bbox 3010 4838 3110 4910; x_wconf 81' lang='grc' dir='ltr'>τὴν</span> <span class='ocrx_word' id='word_1_947' title='bbox 3140 4837 3555 4909; x_wconf 81' lang='grc' dir='ltr'>φιλανθρωπίαν</span> <span class='ocrx_word' id='word_1_948' title='bbox 3583 4840 3696 4891; x_wconf 81' lang='grc' dir='ltr'>ἐπι-</span> 
     </span>
    </p>
   </div>
   <div class='ocr_carea' id='block_1_124' title="bbox 2111 4917 3694 4992">
    <p class='ocr_par' dir='ltr' id='par_1_124' title="bbox 2111 4917 3694 4992">
     <span class='ocr_line' id='line_1_124' title="bbox 2111 4917 3694 4992; baseline 0.004 -22"><span class='ocrx_word' id='word_1_949' title='bbox 2111 4917 2465 4988; x_wconf 82' lang='grc' dir='ltr'>δεικνύμενος</span> <span class='ocrx_word' id='word_1_950' title='bbox 2499 4918 2599 4989; x_wconf 81' lang='grc' dir='ltr'>τὴν</span> <span class='ocrx_word' id='word_1_951' title='bbox 2637 4918 2861 4972; x_wconf 70' lang='grc' dir='ltr'>ἑαυτοῦ·</span> <span class='ocrx_word' id='word_1_952' title='bbox 2894 4918 3040 4973; x_wconf 79' lang='grc' dir='ltr'>οὕτω</span> <span class='ocrx_word' id='word_1_953' title='bbox 3071 4922 3166 4975; x_wconf 78' lang='grc' dir='ltr'>καὶ</span> <span class='ocrx_word' id='word_1_954' title='bbox 3208 4923 3273 4975; x_wconf 83' lang='grc' dir='ltr'>σὺ</span> <span class='ocrx_word' id='word_1_955' title='bbox 3319 4921 3569 4992; x_wconf 81' lang='grc' dir='ltr'>ποίησον,</span> <span class='ocrx_word' id='word_1_956' title='bbox 3600 4924 3694 4976; x_wconf 78' lang='grc' dir='ltr'>καὶ</span> 
     </span>
    </p>
   </div>
   <div class='ocr_carea' id='block_1_125' title="bbox 2112 5000 3694 5078">
    <p class='ocr_par' dir='ltr' id='par_1_125' title="bbox 2112 5000 3694 5078">
     <span class='ocr_line' id='line_1_125' title="bbox 2112 5000 3694 5078; baseline 0.003 -24"><span class='ocrx_word' id='word_1_957' title='bbox 2112 5002 2241 5055; x_wconf 80' lang='grc' dir='ltr'>ὅταν</span> <span class='ocrx_word' id='word_1_958' title='bbox 2284 5002 2472 5066; x_wconf 86' lang='grc' dir='ltr'>ἐλέους</span> <span class='ocrx_word' id='word_1_959' title='bbox 2519 5003 2711 5073; x_wconf 79' lang='grc' dir='ltr'>καιρὸς</span> <span class='ocrx_word' id='word_1_960' title='bbox 2831 5004 2924 5055; x_wconf 74' lang='grc' dir='ltr'>καὶ</span> <span class='ocrx_word' id='word_1_961' title='bbox 2974 5004 3416 5076; x_wconf 87' lang='grc' dir='ltr'>φιλανθρωπίας,</span> <span class='ocrx_word' id='word_1_962' title='bbox 3479 5005 3694 5078; x_wconf 90' lang='grc' dir='ltr'>διόρθου</span> 
     </span>
    </p>
   </div>
   <div class='ocr_carea' id='block_1_126' title="bbox 2111 5085 3688 5158">
    <p class='ocr_par' dir='ltr' id='par_1_126' title="bbox 2111 5085 3688 5158">
     <span class='ocr_line' id='line_1_126' title="bbox 2111 5085 3688 5158; baseline 0.003 -20"><span class='ocrx_word' id='word_1_963' title='bbox 2111 5086 2209 5157; x_wconf 71' lang='grc' dir='ltr'>τὴν</span> <span class='ocrx_word' id='word_1_964' title='bbox 2242 5086 2459 5147; x_wconf 87' lang='grc' dir='ltr'>πενίαν,</span> <span class='ocrx_word' id='word_1_965' title='bbox 2493 5085 2589 5139; x_wconf 86' lang='grc' dir='ltr'>λύε</span> <span class='ocrx_word' id='word_1_966' title='bbox 2619 5087 2713 5141; x_wconf 85' lang='grc' dir='ltr'>τὸν</span> <span class='ocrx_word' id='word_1_967' title='bbox 2751 5086 2929 5157; x_wconf 73' lang='grc' dir='ltr'>λιμὸν,</span> <span class='ocrx_word' id='word_1_968' title='bbox 2965 5086 3273 5142; x_wconf 88' lang='grc' dir='ltr'>ἀπάλλαττε</span> <span class='ocrx_word' id='word_1_969' title='bbox 3304 5088 3406 5158; x_wconf 82' lang='grc' dir='ltr'>τῆς</span> <span class='ocrx_word' id='word_1_970' title='bbox 3436 5087 3688 5158; x_wconf 72' lang='grc' dir='ltr'>θλίψεως,</span> 
     </span>
    </p>
   </div>
   <div class='ocr_carea' id='block_1_127' title="bbox 2115 5169 3691 5243">
    <p class='ocr_par' dir='ltr' id='par_1_127' title="bbox 2115 5169 3691 5243">
     <span class='ocr_line' id='line_1_127' title="bbox 2115 5169 3691 5243; baseline 0.003 -22"><span class='ocrx_word' id='word_1_971' title='bbox 2115 5169 2282 5239; x_wconf 84' lang='grc' dir='ltr'>μηδὲν</span> <span class='ocrx_word' id='word_1_972' title='bbox 2323 5170 2636 5241; x_wconf 85' lang='grc' dir='ltr'>περαιτέρω</span> <span class='ocrx_word' id='word_1_973' title='bbox 2660 5170 3054 5241; x_wconf 80' lang='grc' dir='ltr'>περιεργάζου.</span> <span class='ocrx_word' id='word_1_974' title='bbox 3078 5172 3139 5223; x_wconf 80' lang='grc' dir='ltr'><strong>Εἰ</strong></span> <span class='ocrx_word' id='word_1_975' title='bbox 3168 5171 3276 5241; x_wconf 83' lang='grc' dir='ltr'>γὰρ</span> <span class='ocrx_word' id='word_1_976' title='bbox 3303 5170 3367 5241; x_wconf 83' lang='grc' dir='ltr'>δὴ</span> <span class='ocrx_word' id='word_1_977' title='bbox 3402 5172 3691 5243; x_wconf 86' lang='grc' dir='ltr'>μέλλοιμεν</span> 
     </span>
    </p>
   </div>
   <div class='ocr_carea' id='block_1_128' title="bbox 2114 5250 3688 5325">
    <p class='ocr_par' dir='ltr' id='par_1_128' title="bbox 2114 5250 3688 5325">
     <span class='ocr_line' id='line_1_128' title="bbox 2114 5250 3688 5325; baseline 0.003 -22"><span class='ocrx_word' id='word_1_978' title='bbox 2114 5250 2263 5321; x_wconf 86' lang='grc' dir='ltr'>βίους</span> <span class='ocrx_word' id='word_1_979' title='bbox 2302 5252 2654 5323; x_wconf 83' lang='grc' dir='ltr'>ἐρευνᾶσθαι,</span> <span class='ocrx_word' id='word_1_980' title='bbox 2686 5253 2942 5307; x_wconf 84' lang='grc' dir='ltr'>οὐδέποτε</span> <span class='ocrx_word' id='word_1_981' title='bbox 2982 5254 3173 5307; x_wconf 85' lang='grc' dir='ltr'>οὐδένα</span> <span class='ocrx_word' id='word_1_982' title='bbox 3216 5253 3507 5325; x_wconf 79' lang='grc' dir='ltr'>ἄνθρωπον</span> <span class='ocrx_word' id='word_1_983' title='bbox 3536 5254 3688 5324; x_wconf 80' lang='grc' dir='ltr'>ἐλεὴ-</span> 
     </span>
    </p>
   </div>
   <div class='ocr_carea' id='block_1_129' title="bbox 2114 5335 3691 5411">
    <p class='ocr_par' dir='ltr' id='par_1_129' title="bbox 2114 5335 3691 5411">
     <span class='ocr_line' id='line_1_129' title="bbox 2114 5335 3691 5411; baseline 0.002 -22"><span class='ocrx_word' id='word_1_984' title='bbox 2114 5353 2310 5406; x_wconf 86' lang='grc' dir='ltr'>σομεν·</span> <span class='ocrx_word' id='word_1_985' title='bbox 2351 5335 2468 5388; x_wconf 80' lang='grc' dir='ltr'>ἀλλ’</span> <span class='ocrx_word' id='word_1_986' title='bbox 2511 5336 2616 5390; x_wconf 75' lang='grc' dir='ltr'>ὑπὸ</span> <span class='ocrx_word' id='word_1_987' title='bbox 2648 5340 2746 5409; x_wconf 76' lang='grc' dir='ltr'>τῆς</span> <span class='ocrx_word' id='word_1_988' title='bbox 2782 5339 3013 5411; x_wconf 86' lang='grc' dir='ltr'>ἀκαίρου</span> <span class='ocrx_word' id='word_1_989' title='bbox 3045 5338 3253 5410; x_wconf 85' lang='grc' dir='ltr'>ταύτης</span> <span class='ocrx_word' id='word_1_990' title='bbox 3297 5339 3691 5411; x_wconf 78' lang='grc' dir='ltr'>πολυπραγμο-</span> 
     </span>
    </p>
   </div>
   <div class='ocr_carea' id='block_1_130' title="bbox 2116 5418 3689 5494">
    <p class='ocr_par' dir='ltr' id='par_1_130' title="bbox 2116 5418 3689 5494">
     <span class='ocr_line' id='line_1_130' title="bbox 2116 5418 3689 5494; baseline 0.002 -22"><span class='ocrx_word' id='word_1_991' title='bbox 2116 5418 2289 5490; x_wconf 90' lang='grc' dir='ltr'>σύνης</span> <span class='ocrx_word' id='word_1_992' title='bbox 2332 5419 2772 5489; x_wconf 86' lang='grc' dir='ltr'>ἐμποδισθέντες,</span> <span class='ocrx_word' id='word_1_993' title='bbox 2826 5421 3067 5492; x_wconf 73' lang='grc' dir='ltr'>ἄκαρποι</span> <span class='ocrx_word' id='word_1_994' title='bbox 3119 5422 3216 5476; x_wconf 77' lang='grc' dir='ltr'>καὶ</span> <span class='ocrx_word' id='word_1_995' title='bbox 3264 5423 3446 5489; x_wconf 84' lang='grc' dir='ltr'>πάσης</span> <span class='ocrx_word' id='word_1_996' title='bbox 3496 5422 3689 5494; x_wconf 77' lang='grc' dir='ltr'>ἔρημοι</span> 
     </span>
    </p>
   </div>
   <div class='ocr_carea' id='block_1_131' title="bbox 2115 5502 3688 5577">
    <p class='ocr_par' dir='ltr' id='par_1_131' title="bbox 2115 5502 3688 5577">
     <span class='ocr_line' id='line_1_131' title="bbox 2115 5502 3688 5577; baseline 0.003 -23"><span class='ocrx_word' id='word_1_997' title='bbox 2115 5502 2368 5571; x_wconf 85' lang='grc' dir='ltr'>βοηθείας</span> <span class='ocrx_word' id='word_1_998' title='bbox 2394 5502 2780 5574; x_wconf 87' lang='grc' dir='ltr'>διαμενοῦμεν,</span> <span class='ocrx_word' id='word_1_999' title='bbox 2812 5505 2906 5558; x_wconf 76' lang='grc' dir='ltr'>καὶ</span> <span class='ocrx_word' id='word_1_1000' title='bbox 2937 5504 3102 5559; x_wconf 81' lang='grc' dir='ltr'>πολὺν</span> <span class='ocrx_word' id='word_1_1001' title='bbox 3135 5505 3558 5577; x_wconf 86' lang='grc' dir='ltr'>ὐποστησόμεθα</span> <span class='ocrx_word' id='word_1_1002' title='bbox 3592 5506 3688 5559; x_wconf 84' lang='grc' dir='ltr'>πό-</span> 
     </span>
    </p>
   </div>
   <div class='ocr_carea' id='block_1_132' title="bbox 2112 5585 3686 5659">
    <p class='ocr_par' dir='ltr' id='par_1_132' title="bbox 2112 5585 3686 5659">
     <span class='ocr_line' id='line_1_132' title="bbox 2112 5585 3686 5659; baseline 0.003 -23"><span class='ocrx_word' id='word_1_1003' title='bbox 2112 5602 2202 5637; x_wconf 92' lang='grc' dir='ltr'>νον</span> <span class='ocrx_word' id='word_1_1004' title='bbox 2234 5585 2354 5655; x_wconf 73' lang='grc' dir='ltr'>εικῆ</span> <span class='ocrx_word' id='word_1_1005' title='bbox 2396 5585 2492 5638; x_wconf 75' lang='grc' dir='ltr'>καὶ</span> <span class='ocrx_word' id='word_1_1006' title='bbox 2524 5587 2723 5657; x_wconf 88' lang='grc' dir='ltr'>μάτην.</span> <span class='ocrx_word' id='word_1_1007' title='bbox 2767 5586 2857 5640; x_wconf 74' lang='grc' dir='ltr'>Διὸ</span> <span class='ocrx_word' id='word_1_1008' title='bbox 2883 5587 2947 5658; x_wconf 84' lang='grc' dir='ltr'>δὴ</span> <span class='ocrx_word' id='word_1_1009' title='bbox 2982 5587 3287 5659; x_wconf 86' lang='grc' dir='ltr'>παρακαλῶ</span> <span class='ocrx_word' id='word_1_1010' title='bbox 3319 5588 3418 5659; x_wconf 78' lang='grc' dir='ltr'>τὴν</span> <span class='ocrx_word' id='word_1_1011' title='bbox 3461 5588 3686 5657; x_wconf 76' lang='grc' dir='ltr'>ἄκαιρον</span> 
     </span>
    </p>
   </div>
   <div class='ocr_carea' id='block_1_133' title="bbox 2111 5667 3686 5741">
    <p class='ocr_par' dir='ltr' id='par_1_133' title="bbox 2111 5667 3686 5741">
     <span class='ocr_line' id='line_1_133' title="bbox 2111 5667 3686 5741; baseline 0.001 -20"><span class='ocrx_word' id='word_1_1012' title='bbox 2111 5667 2318 5737; x_wconf 80' lang='grc' dir='ltr'>ταύτην</span> <span class='ocrx_word' id='word_1_1013' title='bbox 2347 5670 2665 5738; x_wconf 89' lang='grc' dir='ltr'>περιεργίαν</span> <span class='ocrx_word' id='word_1_1014' title='bbox 2687 5670 3036 5734; x_wconf 78' lang='grc' dir='ltr'>ἐκϐαλόντας,</span> <span class='ocrx_word' id='word_1_1015' title='bbox 3065 5674 3175 5734; x_wconf 90' lang='grc' dir='ltr'>τοῖς</span> <span class='ocrx_word' id='word_1_1016' title='bbox 3198 5670 3475 5741; x_wconf 90' lang='grc' dir='ltr'>δεομένοις</span> <span class='ocrx_word' id='word_1_1017' title='bbox 3489 5671 3686 5724; x_wconf 86' lang='grc' dir='ltr'>διδόναι</span> 
     </span>
    </p>
   </div>
   <div class='ocr_carea' id='block_1_134' title="bbox 2116 5751 3678 5825">
    <p class='ocr_par' dir='ltr' id='par_1_134' title="bbox 2116 5751 3678 5825">
     <span class='ocr_line' id='line_1_134' title="bbox 2116 5751 3678 5825; baseline 0 -21"><span class='ocrx_word' id='word_1_1018' title='bbox 2116 5751 2269 5811; x_wconf 79' lang='grc' dir='ltr'>πᾶσι,</span> <span class='ocrx_word' id='word_1_1019' title='bbox 2315 5751 2410 5803; x_wconf 79' lang='grc' dir='ltr'>καὶ</span> <span class='ocrx_word' id='word_1_1020' title='bbox 2442 5753 2581 5820; x_wconf 85' lang='grc' dir='ltr'>μετά</span> <span class='ocrx_word' id='word_1_1021' title='bbox 2621 5752 2826 5821; x_wconf 84' lang='grc' dir='ltr'>πολλῆς</span> <span class='ocrx_word' id='word_1_1022' title='bbox 2862 5753 3021 5807; x_wconf 88' lang='grc' dir='ltr'>τοῦτο</span> <span class='ocrx_word' id='word_1_1023' title='bbox 3048 5756 3223 5807; x_wconf 87' lang='grc' dir='ltr'>ποιεῖν</span> <span class='ocrx_word' id='word_1_1024' title='bbox 3253 5754 3355 5825; x_wconf 73' lang='grc' dir='ltr'>τῆς</span> <span class='ocrx_word' id='word_1_1025' title='bbox 3380 5753 3678 5823; x_wconf 72' lang='grc' dir='ltr'>δαψιλείας.</span> 
     </span>
    </p>
   </div>
   <div class='ocr_carea' id='block_1_135' title="bbox 2111 5833 3681 5908">
    <p class='ocr_par' dir='ltr' id='par_1_135' title="bbox 2111 5833 3681 5908">
     <span class='ocr_line' id='line_1_135' title="bbox 2111 5833 3681 5908; baseline 0.001 -23"><span class='ocrx_word' id='word_1_1026' title='bbox 2111 5834 2198 5885; x_wconf 82' lang='grc' dir='ltr'>ἵνα</span> <span class='ocrx_word' id='word_1_1027' title='bbox 2244 5834 2336 5886; x_wconf 72' lang='grc' dir='ltr'>καὶ</span> <span class='ocrx_word' id='word_1_1028' title='bbox 2367 5833 2522 5887; x_wconf 76' lang='grc' dir='ltr'>αὐτοὶ</span> <span class='ocrx_word' id='word_1_1029' title='bbox 2550 5836 2689 5889; x_wconf 83' lang='grc' dir='ltr'>κατά</span> <span class='ocrx_word' id='word_1_1030' title='bbox 2720 5836 2817 5906; x_wconf 80' lang='grc' dir='ltr'>τὴν</span> <span class='ocrx_word' id='word_1_1031' title='bbox 2852 5837 3063 5908; x_wconf 77' lang='grc' dir='ltr'>ἡμέραν</span> <span class='ocrx_word' id='word_1_1032' title='bbox 3096 5836 3312 5907; x_wconf 76' lang='grc' dir='ltr'>ἐκείνην</span> <span class='ocrx_word' id='word_1_1033' title='bbox 3357 5836 3563 5892; x_wconf 76' lang='grc' dir='ltr'>πολλοῦ</span> <span class='ocrx_word' id='word_1_1034' title='bbox 3592 5833 3681 5886; x_wconf 83' lang='grc' dir='ltr'>τοῦ</span> 
     </span>
    </p>
   </div>
  </div>
