  <div class='ocr_page' id='page_1' title='image "/cluster/home/n/w/nwhite01/storage/ocr_20150623/51:no.3:pt.1/coo.31924054869502/272.png"; bbox 0 0 4006 6462; ppageno 0'>
   <div class='ocr_carea' id='block_1_1' title="bbox 258 337 371 395">
    <p class='ocr_par' dir='ltr' id='par_1_1' title="bbox 258 337 371 395">
     <span class='ocr_line' id='line_1_1' title="bbox 258 337 371 395; baseline 0.018 -1"><span class='ocrx_word' id='word_1_1' title='bbox 258 337 371 395; x_wconf 71' lang='lat' dir='ltr'><strong>sm</strong></span> 
     </span>
    </p>
   </div>
   <div class='ocr_carea' id='block_1_2' title="bbox 262 452 1872 530">
    <p class='ocr_par' dir='ltr' id='par_1_2' title="bbox 262 452 1872 530">
     <span class='ocr_line' id='line_1_2' title="bbox 262 452 1872 530; baseline 0.006 -24"><span class='ocrx_word' id='word_1_2' title='bbox 262 453 419 521; x_wconf 88' lang='lat' dir='ltr'><strong>pium</strong></span> <span class='ocrx_word' id='word_1_3' title='bbox 453 452 660 509; x_wconf 86' lang='lat' dir='ltr'><strong>habere</strong></span> <span class='ocrx_word' id='word_1_4' title='bbox 689 452 985 526; x_wconf 74' lang='lat' dir='ltr'><strong>discipulos</strong></span> <span class='ocrx_word' id='word_1_5' title='bbox 1005 456 1196 529; x_wconf 87' lang='lat' dir='ltr'><strong>jussit,</strong></span> <span class='ocrx_word' id='word_1_6' title='bbox 1222 466 1276 512; x_wconf 89' lang='lat' dir='ltr'><strong>et</strong></span> <span class='ocrx_word' id='word_1_7' title='bbox 1298 473 1419 530; x_wconf 71' lang='lat' dir='ltr'><strong>quae</strong></span> <span class='ocrx_word' id='word_1_8' title='bbox 1447 458 1872 519; x_wconf 69' lang='lat' dir='ltr'><strong>immittebantur</strong></span> 
     </span>
    </p>
   </div>
   <div class='ocr_carea' id='block_1_3' title="bbox 262 546 1873 617">
    <p class='ocr_par' dir='ltr' id='par_1_3' title="bbox 262 546 1873 617">
     <span class='ocr_line' id='line_1_3' title="bbox 262 546 1873 617; baseline 0.006 -18"><span class='ocrx_word' id='word_1_9' title='bbox 262 554 513 615; x_wconf 88' lang='lat' dir='ltr'><strong>portare,</strong></span> <span class='ocrx_word' id='word_1_10' title='bbox 549 553 713 616; x_wconf 87' lang='lat' dir='ltr'><strong>atque</strong></span> <span class='ocrx_word' id='word_1_11' title='bbox 742 546 868 603; x_wconf 90' lang='lat' dir='ltr'><strong>inde</strong></span> <span class='ocrx_word' id='word_1_12' title='bbox 892 548 1077 617; x_wconf 81' lang='lat' dir='ltr'><strong>egenis</strong></span> <span class='ocrx_word' id='word_1_13' title='bbox 1102 550 1532 607; x_wconf 71' lang='lat' dir='ltr'><strong>subministrare.</strong></span> <span class='ocrx_word' id='word_1_14' title='bbox 1572 550 1709 606; x_wconf 86' lang='lat' dir='ltr'><strong>Nam</strong></span> <span class='ocrx_word' id='word_1_15' title='bbox 1748 566 1873 607; x_wconf 84' lang='lat' dir='ltr'><strong>cum</strong></span> 
     </span>
    </p>
   </div>
   <div class='ocr_carea' id='block_1_4' title="bbox 261 637 1872 713">
    <p class='ocr_par' dir='ltr' id='par_1_4' title="bbox 261 637 1872 713">
     <span class='ocr_line' id='line_1_4' title="bbox 261 637 1872 713; baseline 0.003 -20"><span class='ocrx_word' id='word_1_16' title='bbox 261 637 469 693; x_wconf 72' lang='lat' dir='ltr'><strong>ludam</strong></span> <span class='ocrx_word' id='word_1_17' title='bbox 515 638 850 708; x_wconf 73' lang='lat' dir='ltr'><strong>zenigmatice</strong></span> <span class='ocrx_word' id='word_1_18' title='bbox 887 638 956 694; x_wconf 89' lang='lat' dir='ltr'><strong>de</strong></span> <span class='ocrx_word' id='word_1_19' title='bbox 994 641 1300 710; x_wconf 80' lang='lat' dir='ltr'><strong>proditione</strong></span> <span class='ocrx_word' id='word_1_20' title='bbox 1334 643 1719 713; x_wconf 88' lang='lat' dir='ltr'><strong>alloqueretur,</strong></span> <span class='ocrx_word' id='word_1_21' title='bbox 1767 658 1872 698; x_wconf 92' lang='lat' dir='ltr'><strong>non</strong></span> 
     </span>
    </p>
   </div>
   <div class='ocr_carea' id='block_1_5' title="bbox 265 726 1876 803">
    <p class='ocr_par' dir='ltr' id='par_1_5' title="bbox 265 726 1876 803">
     <span class='ocr_line' id='line_1_5' title="bbox 265 726 1876 803; baseline 0.004 -21"><span class='ocrx_word' id='word_1_22' title='bbox 265 726 640 797; x_wconf 89' lang='lat' dir='ltr'><strong>intelligenles</strong></span> <span class='ocrx_word' id='word_1_23' title='bbox 675 727 923 799; x_wconf 75' lang='lat' dir='ltr'><strong>discipuli</strong></span> <span class='ocrx_word' id='word_1_24' title='bbox 952 730 1094 798; x_wconf 89' lang='lat' dir='ltr'><strong>quod</strong></span> <span class='ocrx_word' id='word_1_25' title='bbox 1122 731 1401 787; x_wconf 75' lang='lat' dir='ltr'><strong>dict-batur</strong></span> <span class='ocrx_word' id='word_1_26' title='bbox 1426 773 1443 799; x_wconf 93' lang='lat'><strong>,</strong></span> <span class='ocrx_word' id='word_1_27' title='bbox 1478 733 1764 803; x_wconf 88' lang='lat' dir='ltr'><strong>putabant,</strong></span> <span class='ocrx_word' id='word_1_28' title='bbox 1794 733 1876 788; x_wconf 88' lang='lat' dir='ltr'><strong>in-</strong></span> 
     </span>
    </p>
   </div>
   <div class='ocr_carea' id='block_1_6' title="bbox 262 817 1870 894">
    <p class='ocr_par' dir='ltr' id='par_1_6' title="bbox 262 817 1870 894">
     <span class='ocr_line' id='line_1_6' title="bbox 262 817 1870 894; baseline 0.004 -23"><span class='ocrx_word' id='word_1_29' title='bbox 262 817 407 886; x_wconf 87' lang='lat' dir='ltr'><strong>quit,</strong></span> <span class='ocrx_word' id='word_1_30' title='bbox 440 818 615 886; x_wconf 90' lang='lat' dir='ltr'><strong>ipsum</strong></span> <span class='ocrx_word' id='word_1_31' title='bbox 643 817 844 875; x_wconf 82' lang='lat' dir='ltr'><strong>dixisse</strong></span> <span class='ocrx_word' id='word_1_32' title='bbox 882 818 956 874; x_wconf 91' lang='lat' dir='ltr'><strong>illi</strong></span> <span class='ocrx_word' id='word_1_33' title='bbox 985 829 1044 876; x_wconf 93' lang='lat' dir='ltr'><strong>ut</strong></span> <span class='ocrx_word' id='word_1_34' title='bbox 1094 822 1416 893; x_wconf 83' lang='lat' dir='ltr'><strong>pauperibus</strong></span> <span class='ocrx_word' id='word_1_35' title='bbox 1449 823 1648 894; x_wconf 91' lang='lat' dir='ltr'><strong>aliquid</strong></span> <span class='ocrx_word' id='word_1_36' title='bbox 1687 822 1870 879; x_wconf 87' lang='lat' dir='ltr'><strong>daret:</strong></span> 
     </span>
    </p>
   </div>
   <div class='ocr_carea' id='block_1_7' title="bbox 264 908 1874 985">
    <p class='ocr_par' dir='ltr' id='par_1_7' title="bbox 264 908 1874 985">
     <span class='ocr_line' id='line_1_7' title="bbox 264 908 1874 985; baseline 0.006 -23"><span class='ocrx_word' id='word_1_37' title='bbox 264 923 395 963; x_wconf 87' lang='lat' dir='ltr'><strong>nam</strong></span> <span class='ocrx_word' id='word_1_38' title='bbox 428 908 784 980; x_wconf 76' lang='lat' dir='ltr'><strong>Harsupium,</strong></span> <span class='ocrx_word' id='word_1_39' title='bbox 811 911 1014 981; x_wconf 88' lang='lat' dir='ltr'><strong>inquit,</strong></span> <span class='ocrx_word' id='word_1_40' title='bbox 1044 913 1151 980; x_wconf 83' lang='lat' dir='ltr'><strong>ipse</strong></span> <span class='ocrx_word' id='word_1_41' title='bbox 1175 913 1408 982; x_wconf 75' lang='lat' dir='ltr'><strong>habebat,</strong></span> <span class='ocrx_word' id='word_1_42' title='bbox 1433 923 1479 969; x_wconf 87' lang='lat' dir='ltr'><strong>et</strong></span> <span class='ocrx_word' id='word_1_43' title='bbox 1498 931 1613 985; x_wconf 66' lang='lat' dir='ltr'><strong>qua:</strong></span> <span class='ocrx_word' id='word_1_44' title='bbox 1631 916 1874 971; x_wconf 76' lang='lat' dir='ltr'><strong>immitte~</strong></span> 
     </span>
    </p>
   </div>
   <div class='ocr_carea' id='block_1_8' title="bbox 266 999 1876 1077">
    <p class='ocr_par' dir='ltr' id='par_1_8' title="bbox 266 999 1876 1077">
     <span class='ocr_line' id='line_1_8' title="bbox 266 999 1876 1077; baseline 0.006 -25"><span class='ocrx_word' id='word_1_45' title='bbox 266 1003 462 1053; x_wconf 82' lang='lat' dir='ltr'><strong>bantur</strong></span> <span class='ocrx_word' id='word_1_46' title='bbox 503 1002 735 1072; x_wconf 82' lang='lat' dir='ltr'><strong>portabat</strong></span> <span class='ocrx_word' id='word_1_47' title='bbox 764 999 942 1072; x_wconf 84' lang='lat' dir='ltr'><strong>(Joau.</strong></span> <span class='ocrx_word' id='word_1_48' title='bbox 978 1002 1066 1057; x_wconf 76' lang='grc'><strong>12.</strong></span> <span class='ocrx_word' id='word_1_49' title='bbox 1102 1003 1182 1075; x_wconf 87' lang='grc'><strong>6).</strong></span> <span class='ocrx_word' id='word_1_50' title='bbox 1212 1003 1456 1075; x_wconf 80' lang='lat' dir='ltr'><strong>Magnam</strong></span> <span class='ocrx_word' id='word_1_51' title='bbox 1493 1005 1692 1077; x_wconf 83' lang='lat' dir='ltr'><strong>quippe</strong></span> <span class='ocrx_word' id='word_1_52' title='bbox 1735 1006 1876 1061; x_wconf 95' lang='lat' dir='ltr'><strong>Deus</strong></span> 
     </span>
    </p>
   </div>
   <div class='ocr_carea' id='block_1_9' title="bbox 265 1090 1875 1162">
    <p class='ocr_par' dir='ltr' id='par_1_9' title="bbox 265 1090 1875 1162">
     <span class='ocr_line' id='line_1_9' title="bbox 265 1090 1875 1162; baseline 0.003 -15"><span class='ocrx_word' id='word_1_53' title='bbox 265 1092 544 1147; x_wconf 84' lang='lat' dir='ltr'><strong>rationem</strong></span> <span class='ocrx_word' id='word_1_54' title='bbox 573 1090 734 1147; x_wconf 88' lang='lat' dir='ltr'><strong>habet</strong></span> <span class='ocrx_word' id='word_1_55' title='bbox 753 1092 821 1148; x_wconf 91' lang='lat' dir='ltr'><strong>de</strong></span> <span class='ocrx_word' id='word_1_56' title='bbox 848 1093 1218 1150; x_wconf 87' lang='lat' dir='ltr'><strong>misericordia</strong></span> <span class='ocrx_word' id='word_1_57' title='bbox 1242 1137 1260 1162; x_wconf 90' lang='lat'><strong>,</strong></span> <span class='ocrx_word' id='word_1_58' title='bbox 1293 1111 1399 1150; x_wconf 91' lang='lat' dir='ltr'><strong>non</strong></span> <span class='ocrx_word' id='word_1_59' title='bbox 1430 1095 1498 1152; x_wconf 92' lang='lat' dir='ltr'><strong>de</strong></span> <span class='ocrx_word' id='word_1_60' title='bbox 1542 1111 1639 1152; x_wconf 90' lang='lat' dir='ltr'><strong>sua</strong></span> <span class='ocrx_word' id='word_1_61' title='bbox 1671 1105 1875 1152; x_wconf 89' lang='lat' dir='ltr'><strong>tantum</strong></span> 
     </span>
    </p>
   </div>
   <div class='ocr_carea' id='block_1_10' title="bbox 266 1182 1879 1260">
    <p class='ocr_par' dir='ltr' id='par_1_10' title="bbox 266 1182 1879 1260">
     <span class='ocr_line' id='line_1_10' title="bbox 266 1182 1879 1260; baseline 0.006 -24"><span class='ocrx_word' id='word_1_62' title='bbox 266 1197 400 1252; x_wconf 80' lang='lat' dir='ltr'><strong>erga</strong></span> <span class='ocrx_word' id='word_1_63' title='bbox 424 1197 550 1248; x_wconf 85' lang='lat' dir='ltr'><strong>nos,</strong></span> <span class='ocrx_word' id='word_1_64' title='bbox 578 1182 672 1237; x_wconf 86' lang='lat' dir='ltr'><strong>sed</strong></span> <span class='ocrx_word' id='word_1_65' title='bbox 701 1182 769 1237; x_wconf 93' lang='lat' dir='ltr'><strong>de</strong></span> <span class='ocrx_word' id='word_1_66' title='bbox 796 1194 980 1239; x_wconf 91' lang='lat' dir='ltr'><strong>nostra</strong></span> <span class='ocrx_word' id='word_1_67' title='bbox 1010 1186 1172 1240; x_wconf 88' lang='lat' dir='ltr'><strong>etiam</strong></span> <span class='ocrx_word' id='word_1_68' title='bbox 1217 1187 1270 1241; x_wconf 90' lang='lat' dir='ltr'><strong>in</strong></span> <span class='ocrx_word' id='word_1_69' title='bbox 1311 1201 1602 1244; x_wconf 89' lang='lat' dir='ltr'><strong>conservos</strong></span> <span class='ocrx_word' id='word_1_70' title='bbox 1637 1206 1651 1242; x_wconf 90' lang='lat'><strong>:</strong></span> <span class='ocrx_word' id='word_1_71' title='bbox 1682 1203 1786 1260; x_wconf 92' lang='lat' dir='ltr'><strong>qua</strong></span> <span class='ocrx_word' id='word_1_72' title='bbox 1808 1187 1879 1245; x_wconf 85' lang='lat' dir='ltr'><strong>de</strong></span> 
     </span>
    </p>
   </div>
   <div class='ocr_carea' id='block_1_11' title="bbox 268 1273 1878 1353">
    <p class='ocr_par' dir='ltr' id='par_1_11' title="bbox 268 1273 1878 1353">
     <span class='ocr_line' id='line_1_11' title="bbox 268 1273 1878 1353; baseline 0.006 -25"><span class='ocrx_word' id='word_1_73' title='bbox 268 1289 332 1329; x_wconf 90' lang='lat' dir='ltr'><strong>re</strong></span> <span class='ocrx_word' id='word_1_74' title='bbox 363 1273 570 1329; x_wconf 80' lang='lat' dir='ltr'><strong>multas</strong></span> <span class='ocrx_word' id='word_1_75' title='bbox 597 1284 650 1330; x_wconf 93' lang='lat' dir='ltr'><strong>et</strong></span> <span class='ocrx_word' id='word_1_76' title='bbox 686 1273 740 1329; x_wconf 90' lang='lat' dir='ltr'><strong>in</strong></span> <span class='ocrx_word' id='word_1_77' title='bbox 770 1275 948 1331; x_wconf 78' lang='lat' dir='ltr'><strong>Veteri</strong></span> <span class='ocrx_word' id='word_1_78' title='bbox 996 1286 1050 1332; x_wconf 90' lang='lat' dir='ltr'><strong>et</strong></span> <span class='ocrx_word' id='word_1_79' title='bbox 1095 1278 1146 1332; x_wconf 91' lang='lat' dir='ltr'><strong>in</strong></span> <span class='ocrx_word' id='word_1_80' title='bbox 1175 1278 1326 1335; x_wconf 84' lang='lat' dir='ltr'><strong>Novo</strong></span> <span class='ocrx_word' id='word_1_81' title='bbox 1354 1280 1698 1337; x_wconf 88' lang='lat' dir='ltr'><strong>Testamento</strong></span> <span class='ocrx_word' id='word_1_82' title='bbox 1733 1282 1878 1353; x_wconf 80' lang='lat' dir='ltr'><strong>leges</strong></span> 
     </span>
    </p>
   </div>
   <div class='ocr_carea' id='block_1_12' title="bbox 268 1365 1879 1441">
    <p class='ocr_par' dir='ltr' id='par_1_12' title="bbox 268 1365 1879 1441">
     <span class='ocr_line' id='line_1_12' title="bbox 268 1365 1879 1441; baseline 0.008 -24"><span class='ocrx_word' id='word_1_83' title='bbox 268 1365 575 1431; x_wconf 89' lang='lat' dir='ltr'><strong>constituit,</strong></span> <span class='ocrx_word' id='word_1_84' title='bbox 617 1365 888 1422; x_wconf 87' lang='lat' dir='ltr'><strong>hominem</strong></span> <span class='ocrx_word' id='word_1_85' title='bbox 914 1367 1110 1437; x_wconf 75' lang='lat' dir='ltr'><strong>iubens</strong></span> <span class='ocrx_word' id='word_1_86' title='bbox 1149 1378 1207 1426; x_wconf 89' lang='lat' dir='ltr'><strong>et</strong></span> <span class='ocrx_word' id='word_1_87' title='bbox 1236 1371 1419 1427; x_wconf 80' lang='lat' dir='ltr'><strong>verbis</strong></span> <span class='ocrx_word' id='word_1_88' title='bbox 1443 1381 1500 1428; x_wconf 85' lang='lat' dir='ltr'><strong>et</strong></span> <span class='ocrx_word' id='word_1_89' title='bbox 1543 1373 1782 1441; x_wconf 78' lang='lat' dir='ltr'><strong>pecuniis</strong></span> <span class='ocrx_word' id='word_1_90' title='bbox 1822 1382 1879 1430; x_wconf 86' lang='lat' dir='ltr'><strong>et</strong></span> 
     </span>
    </p>
   </div>
   <div class='ocr_carea' id='block_1_13' title="bbox 266 1455 1873 1537">
    <p class='ocr_par' dir='ltr' id='par_1_13' title="bbox 266 1455 1873 1537">
     <span class='ocr_line' id='line_1_13' title="bbox 266 1455 1873 1537; baseline 0.009 -30"><span class='ocrx_word' id='word_1_91' title='bbox 266 1455 533 1524; x_wconf 80' lang='lat' dir='ltr'><strong>cperibus</strong></span> <span class='ocrx_word' id='word_1_92' title='bbox 565 1455 850 1528; x_wconf 86' lang='lat' dir='ltr'><strong>benignum</strong></span> <span class='ocrx_word' id='word_1_93' title='bbox 872 1473 1013 1515; x_wconf 86' lang='lat' dir='ltr'><strong>esse.</strong></span> <span class='ocrx_word' id='word_1_94' title='bbox 1056 1459 1168 1517; x_wconf 88' lang='lat' dir='ltr'><strong>llac</strong></span> <span class='ocrx_word' id='word_1_95' title='bbox 1193 1460 1261 1517; x_wconf 88' lang='lat' dir='ltr'><strong>de</strong></span> <span class='ocrx_word' id='word_1_96' title='bbox 1280 1477 1340 1518; x_wconf 91' lang='lat' dir='ltr'><strong>re</strong></span> <span class='ocrx_word' id='word_1_97' title='bbox 1365 1465 1563 1532; x_wconf 88' lang='lat' dir='ltr'><strong>passim</strong></span> <span class='ocrx_word' id='word_1_98' title='bbox 1585 1464 1793 1537; x_wconf 78' lang='lat' dir='ltr'><strong>Moyses</strong></span> <span class='ocrx_word' id='word_1_99' title='bbox 1819 1466 1873 1521; x_wconf 90' lang='lat' dir='ltr'><strong>in</strong></span> 
     </span>
    </p>
   </div>
   <div class='ocr_carea' id='block_1_14' title="bbox 271 1543 1880 1626">
    <p class='ocr_par' dir='ltr' id='par_1_14' title="bbox 271 1543 1880 1626">
     <span class='ocr_line' id='line_1_14' title="bbox 271 1543 1880 1626; baseline 0.008 -28"><span class='ocrx_word' id='word_1_100' title='bbox 271 1543 486 1615; x_wconf 79' lang='lat' dir='ltr'><strong>legibus</strong></span> <span class='ocrx_word' id='word_1_101' title='bbox 533 1560 837 1603; x_wconf 89' lang='lat' dir='ltr'><strong>sermonem</strong></span> <span class='ocrx_word' id='word_1_102' title='bbox 876 1549 1062 1604; x_wconf 88' lang='lat' dir='ltr'><strong>inserit</strong></span> <span class='ocrx_word' id='word_1_103' title='bbox 1095 1567 1108 1604; x_wconf 89' lang='lat'><strong>:</strong></span> <span class='ocrx_word' id='word_1_104' title='bbox 1135 1549 1238 1606; x_wconf 90' lang='lat' dir='ltr'><strong>hoc</strong></span> <span class='ocrx_word' id='word_1_105' title='bbox 1276 1567 1339 1607; x_wconf 81' lang='lat' dir='ltr'><strong>es</strong></span> <span class='ocrx_word' id='word_1_106' title='bbox 1372 1568 1601 1623; x_wconf 87' lang='lat' dir='ltr'><strong>persona</strong></span> <span class='ocrx_word' id='word_1_107' title='bbox 1634 1555 1725 1609; x_wconf 92' lang='lat' dir='ltr'><strong>Dei</strong></span> <span class='ocrx_word' id='word_1_108' title='bbox 1756 1571 1880 1626; x_wconf 88' lang='lat' dir='ltr'><strong>pro-</strong></span> 
     </span>
    </p>
   </div>
   <div class='ocr_carea' id='block_1_15' title="bbox 271 1632 1895 1717">
    <p class='ocr_par' dir='ltr' id='par_1_15' title="bbox 271 1632 1895 1717">
     <span class='ocr_line' id='line_1_15' title="bbox 271 1632 1895 1717; baseline 0.007 -28"><span class='ocrx_word' id='word_1_109' title='bbox 271 1635 453 1706; x_wconf 75' lang='lat' dir='ltr'><strong>pheta:</strong></span> <span class='ocrx_word' id='word_1_110' title='bbox 498 1638 751 1706; x_wconf 89' lang='lat' dir='ltr'><strong>clamant,</strong></span> <span class='ocrx_word' id='word_1_111' title='bbox 806 1638 1213 1697; x_wconf 76' lang='lat' dir='ltr'><strong>Misericordiam</strong></span> <span class='ocrx_word' id='word_1_112' title='bbox 1257 1643 1390 1712; x_wconf 85' lang='lat' dir='ltr'><strong>volo,</strong></span> <span class='ocrx_word' id='word_1_113' title='bbox 1446 1654 1492 1698; x_wconf 86' lang='lat' dir='ltr'><strong>et</strong></span> <span class='ocrx_word' id='word_1_114' title='bbox 1532 1662 1638 1700; x_wconf 84' lang='lat' dir='ltr'><strong>nou</strong></span> <span class='ocrx_word' id='word_1_115' title='bbox 1675 1632 1895 1717; x_wconf 37' lang='lat' dir='ltr'><strong>sacri/i4</strong></span> 
     </span>
    </p>
   </div>
   <div class='ocr_carea' id='block_1_16' title="bbox 272 1729 1880 1806">
    <p class='ocr_par' dir='ltr' id='par_1_16' title="bbox 272 1729 1880 1806">
     <span class='ocr_line' id='line_1_16' title="bbox 272 1729 1880 1806; baseline 0.009 -24"><span class='ocrx_word' id='word_1_116' title='bbox 272 1730 408 1784; x_wconf 79' lang='lat' dir='ltr'><strong>rium</strong></span> <span class='ocrx_word' id='word_1_117' title='bbox 437 1729 596 1801; x_wconf 82' lang='lat' dir='ltr'><strong>(Osee</strong></span> <span class='ocrx_word' id='word_1_118' title='bbox 622 1731 674 1789; x_wconf 81' lang='lat'><strong>6.</strong></span> <span class='ocrx_word' id='word_1_119' title='bbox 691 1730 749 1796; x_wconf 83' lang='lat'><strong>6)</strong></span> <span class='ocrx_word' id='word_1_120' title='bbox 771 1749 784 1786; x_wconf 90' lang='lat'><strong>:</strong></span> <span class='ocrx_word' id='word_1_121' title='bbox 807 1734 1036 1804; x_wconf 88' lang='lat' dir='ltr'><strong>apostoli</strong></span> <span class='ocrx_word' id='word_1_122' title='bbox 1053 1750 1266 1806; x_wconf 86' lang='lat' dir='ltr'><strong>quoque</strong></span> <span class='ocrx_word' id='word_1_123' title='bbox 1281 1736 1343 1792; x_wconf 86' lang='lat' dir='ltr'><strong>iis</strong></span> <span class='ocrx_word' id='word_1_124' title='bbox 1359 1751 1595 1794; x_wconf 84' lang='lat' dir='ltr'><strong>consona</strong></span> <span class='ocrx_word' id='word_1_125' title='bbox 1611 1747 1666 1795; x_wconf 90' lang='lat' dir='ltr'><strong>et</strong></span> <span class='ocrx_word' id='word_1_126' title='bbox 1681 1738 1880 1796; x_wconf 87' lang='lat' dir='ltr'><strong>faciunt</strong></span> 
     </span>
    </p>
   </div>
   <div class='ocr_carea' id='block_1_17' title="bbox 271 1821 1876 1902">
    <p class='ocr_par' dir='ltr' id='par_1_17' title="bbox 271 1821 1876 1902">
     <span class='ocr_line' id='line_1_17' title="bbox 271 1821 1876 1902; baseline 0.007 -28"><span class='ocrx_word' id='word_1_127' title='bbox 271 1828 327 1874; x_wconf 90' lang='lat' dir='ltr'><strong>et</strong></span> <span class='ocrx_word' id='word_1_128' title='bbox 350 1821 769 1893; x_wconf 74' lang='lat' dir='ltr'><strong>dicuntwatth.</strong></span> <span class='ocrx_word' id='word_1_129' title='bbox 789 1823 842 1879; x_wconf 90' lang='lat'><strong>9.</strong></span> <span class='ocrx_word' id='word_1_130' title='bbox 867 1824 978 1895; x_wconf 78' lang='grc'><strong>15).</strong></span> <span class='ocrx_word' id='word_1_131' title='bbox 1029 1825 1109 1882; x_wconf 85' lang='lat' dir='ltr'><strong>Ne</strong></span> <span class='ocrx_word' id='word_1_132' title='bbox 1137 1826 1316 1897; x_wconf 85' lang='lat' dir='ltr'><strong>itaque</strong></span> <span class='ocrx_word' id='word_1_133' title='bbox 1340 1843 1454 1884; x_wconf 91' lang='lat' dir='ltr'><strong>rem</strong></span> <span class='ocrx_word' id='word_1_134' title='bbox 1473 1829 1615 1884; x_wconf 90' lang='lat' dir='ltr'><strong>illam</strong></span> <span class='ocrx_word' id='word_1_135' title='bbox 1639 1831 1876 1902; x_wconf 80' lang='lat' dir='ltr'><strong>negliga-</strong></span> 
     </span>
    </p>
   </div>
   <div class='ocr_carea' id='block_1_18' title="bbox 273 1915 1879 1993">
    <p class='ocr_par' dir='ltr' id='par_1_18' title="bbox 273 1915 1879 1993">
     <span class='ocr_line' id='line_1_18' title="bbox 273 1915 1879 1993; baseline 0.007 -25"><span class='ocrx_word' id='word_1_136' title='bbox 273 1928 394 1969; x_wconf 86' lang='lat' dir='ltr'><strong>mus</strong></span> <span class='ocrx_word' id='word_1_137' title='bbox 409 1931 424 1968; x_wconf 89' lang='lat'><strong>:</strong></span> <span class='ocrx_word' id='word_1_138' title='bbox 439 1930 551 1970; x_wconf 88' lang='lat' dir='ltr'><strong>non</strong></span> <span class='ocrx_word' id='word_1_139' title='bbox 570 1915 711 1971; x_wconf 91' lang='lat' dir='ltr'><strong>enim</strong></span> <span class='ocrx_word' id='word_1_140' title='bbox 722 1918 1047 1987; x_wconf 77' lang='lat' dir='ltr'><strong>pauperibus</strong></span> <span class='ocrx_word' id='word_1_141' title='bbox 1066 1920 1389 1986; x_wconf 88' lang='lat' dir='ltr'><strong>lantum,sed</strong></span> <span class='ocrx_word' id='word_1_142' title='bbox 1405 1921 1559 1978; x_wconf 90' lang='lat' dir='ltr'><strong>nobis</strong></span> <span class='ocrx_word' id='word_1_143' title='bbox 1575 1922 1702 1993; x_wconf 89' lang='lat' dir='ltr'><strong>ipsis</strong></span> <span class='ocrx_word' id='word_1_144' title='bbox 1718 1924 1879 1979; x_wconf 84' lang='lat' dir='ltr'><strong>maxi-</strong></span> 
     </span>
    </p>
   </div>
   <div class='ocr_carea' id='block_1_19' title="bbox 273 2012 1877 2087">
    <p class='ocr_par' dir='ltr' id='par_1_19' title="bbox 273 2012 1877 2087">
     <span class='ocr_line' id='line_1_19' title="bbox 273 2012 1877 2087; baseline 0.004 -22"><span class='ocrx_word' id='word_1_145' title='bbox 273 2025 360 2065; x_wconf 88' lang='lat' dir='ltr'><strong>me</strong></span> <span class='ocrx_word' id='word_1_146' title='bbox 383 2026 691 2081; x_wconf 86' lang='lat' dir='ltr'><strong>prosumus,</strong></span> <span class='ocrx_word' id='word_1_147' title='bbox 712 2012 1021 2084; x_wconf 72' lang='lat' dir='ltr'><strong>maioraque</strong></span> <span class='ocrx_word' id='word_1_148' title='bbox 1040 2014 1353 2085; x_wconf 84' lang='lat' dir='ltr'><strong>accipimus,</strong></span> <span class='ocrx_word' id='word_1_149' title='bbox 1371 2030 1530 2087; x_wconf 89' lang='lat' dir='ltr'><strong>quam</strong></span> <span class='ocrx_word' id='word_1_150' title='bbox 1554 2016 1877 2087; x_wconf 65' lang='lat' dir='ltr'><strong>praebemus.</strong></span> 
     </span>
    </p>
   </div>
   <div class='ocr_carea' id='block_1_20' title="bbox 346 2101 1877 2180">
    <p class='ocr_par' dir='ltr' id='par_1_20' title="bbox 346 2101 1877 2180">
     <span class='ocr_line' id='line_1_20' title="bbox 346 2101 1877 2180; baseline 0.004 -23"><span class='ocrx_word' id='word_1_151' title='bbox 346 2104 400 2157; x_wconf 84' lang='lat'><strong>6.</strong></span> <span class='ocrx_word' id='word_1_152' title='bbox 444 2101 576 2157; x_wconf 76' lang='lat' dir='ltr'><strong>Non</strong></span> <span class='ocrx_word' id='word_1_153' title='bbox 619 2104 957 2175; x_wconf 85' lang='lat' dir='ltr'><strong>perquirenda</strong></span> <span class='ocrx_word' id='word_1_154' title='bbox 1002 2121 1274 2175; x_wconf 81' lang='lat' dir='ltr'><strong>egenorum</strong></span> <span class='ocrx_word' id='word_1_155' title='bbox 1313 2107 1418 2160; x_wconf 74' lang='lat' dir='ltr'><strong>vita</strong></span> <span class='ocrx_word' id='word_1_156' title='bbox 1457 2117 1509 2161; x_wconf 87' lang='lat' dir='ltr'><strong>ut</strong></span> <span class='ocrx_word' id='word_1_157' title='bbox 1560 2107 1877 2180; x_wconf 79' lang='lat' dir='ltr'><strong>eleemosyna</strong></span> 
     </span>
    </p>
   </div>
   <div class='ocr_carea' id='block_1_21' title="bbox 273 2195 1875 2271">
    <p class='ocr_par' dir='ltr' id='par_1_21' title="bbox 273 2195 1875 2271">
     <span class='ocr_line' id='line_1_21' title="bbox 273 2195 1875 2271; baseline 0.006 -24"><span class='ocrx_word' id='word_1_158' title='bbox 273 2204 526 2264; x_wconf 72' lang='lat' dir='ltr'><strong>erogatur.</strong></span> <span class='ocrx_word' id='word_1_159' title='bbox 557 2224 632 2235; x_wconf 91' lang='lat'>-</span> <span class='ocrx_word' id='word_1_160' title='bbox 660 2195 786 2251; x_wconf 67' lang='lat' dir='ltr'><strong>Haec</strong></span> <span class='ocrx_word' id='word_1_161' title='bbox 814 2213 920 2251; x_wconf 88' lang='lat' dir='ltr'><strong>non</strong></span> <span class='ocrx_word' id='word_1_162' title='bbox 943 2197 1062 2252; x_wconf 89' lang='lat' dir='ltr'><strong>sine</strong></span> <span class='ocrx_word' id='word_1_163' title='bbox 1093 2212 1253 2252; x_wconf 87' lang='lat' dir='ltr'><strong>causa</strong></span> <span class='ocrx_word' id='word_1_164' title='bbox 1284 2214 1428 2255; x_wconf 89' lang='lat' dir='ltr'><strong>nunc</strong></span> <span class='ocrx_word' id='word_1_165' title='bbox 1456 2198 1609 2268; x_wconf 89' lang='lat' dir='ltr'><strong>dico,</strong></span> <span class='ocrx_word' id='word_1_166' title='bbox 1631 2198 1727 2256; x_wconf 90' lang='lat' dir='ltr'><strong>sed</strong></span> <span class='ocrx_word' id='word_1_167' title='bbox 1753 2201 1875 2271; x_wconf 85' lang='lat' dir='ltr'><strong>quia</strong></span> 
     </span>
    </p>
   </div>
   <div class='ocr_carea' id='block_1_22' title="bbox 277 2284 1874 2363">
    <p class='ocr_par' dir='ltr' id='par_1_22' title="bbox 277 2284 1874 2363">
     <span class='ocr_line' id='line_1_22' title="bbox 277 2284 1874 2363; baseline 0.007 -26"><span class='ocrx_word' id='word_1_168' title='bbox 277 2284 516 2356; x_wconf 84' lang='lat' dir='ltr'><strong>plerique</strong></span> <span class='ocrx_word' id='word_1_169' title='bbox 556 2302 755 2358; x_wconf 85' lang='lat' dir='ltr'><strong>egenos</strong></span> <span class='ocrx_word' id='word_1_170' title='bbox 808 2290 1018 2344; x_wconf 85' lang='lat' dir='ltr'><strong>curiose</strong></span> <span class='ocrx_word' id='word_1_171' title='bbox 1072 2289 1422 2361; x_wconf 81' lang='lat' dir='ltr'><strong>interrogant,</strong></span> <span class='ocrx_word' id='word_1_172' title='bbox 1469 2291 1741 2363; x_wconf 87' lang='lat' dir='ltr'><strong>inquirunt</strong></span> <span class='ocrx_word' id='word_1_173' title='bbox 1779 2309 1874 2363; x_wconf 82' lang='lat' dir='ltr'><strong>pa-</strong></span> 
     </span>
    </p>
   </div>
   <div class='ocr_carea' id='block_1_23' title="bbox 276 2380 1872 2452">
    <p class='ocr_par' dir='ltr' id='par_1_23' title="bbox 276 2380 1872 2452">
     <span class='ocr_line' id='line_1_23' title="bbox 276 2380 1872 2452; baseline 0.005 -21"><span class='ocrx_word' id='word_1_174' title='bbox 276 2380 454 2446; x_wconf 87' lang='lat' dir='ltr'><strong>triam,</strong></span> <span class='ocrx_word' id='word_1_175' title='bbox 486 2380 675 2446; x_wconf 71' lang='lat' dir='ltr'><strong>vitam,</strong></span> <span class='ocrx_word' id='word_1_176' title='bbox 706 2396 906 2447; x_wconf 91' lang='lat' dir='ltr'><strong>mores,</strong></span> <span class='ocrx_word' id='word_1_177' title='bbox 943 2388 1137 2447; x_wconf 80' lang='lat' dir='ltr'><strong>artem,</strong></span> <span class='ocrx_word' id='word_1_178' title='bbox 1186 2383 1427 2452; x_wconf 89' lang='lat' dir='ltr'><strong>corporis</strong></span> <span class='ocrx_word' id='word_1_179' title='bbox 1468 2384 1826 2440; x_wconf 86' lang='lat' dir='ltr'><strong>valetudinem</strong></span> <span class='ocrx_word' id='word_1_180' title='bbox 1857 2403 1872 2439; x_wconf 91' lang='lat'><strong>:</strong></span> 
     </span>
    </p>
   </div>
   <div class='ocr_carea' id='block_1_24' title="bbox 275 2469 1876 2541">
    <p class='ocr_par' dir='ltr' id='par_1_24' title="bbox 275 2469 1876 2541">
     <span class='ocr_line' id='line_1_24' title="bbox 275 2469 1876 2541; baseline 0.007 -20"><span class='ocrx_word' id='word_1_181' title='bbox 275 2469 652 2526; x_wconf 82' lang='lat' dir='ltr'><strong>accusationes</strong></span> <span class='ocrx_word' id='word_1_182' title='bbox 695 2472 996 2541; x_wconf 86' lang='lat' dir='ltr'><strong>intentant,</strong></span> <span class='ocrx_word' id='word_1_183' title='bbox 1027 2481 1083 2528; x_wconf 90' lang='lat' dir='ltr'><strong>et</strong></span> <span class='ocrx_word' id='word_1_184' title='bbox 1108 2481 1388 2531; x_wconf 73' lang='lat' dir='ltr'><strong>sescentas</strong></span> <span class='ocrx_word' id='word_1_185' title='bbox 1420 2472 1489 2530; x_wconf 91' lang='lat' dir='ltr'><strong>de</strong></span> <span class='ocrx_word' id='word_1_186' title='bbox 1525 2476 1753 2531; x_wconf 82' lang='lat' dir='ltr'><strong>sanitate</strong></span> <span class='ocrx_word' id='word_1_187' title='bbox 1789 2491 1876 2532; x_wconf 84' lang='lat' dir='ltr'><strong>ra—</strong></span> 
     </span>
    </p>
   </div>
   <div class='ocr_carea' id='block_1_25' title="bbox 277 2561 1874 2637">
    <p class='ocr_par' dir='ltr' id='par_1_25' title="bbox 277 2561 1874 2637">
     <span class='ocr_line' id='line_1_25' title="bbox 277 2561 1874 2637; baseline 0.007 -24"><span class='ocrx_word' id='word_1_188' title='bbox 277 2561 446 2617; x_wconf 86' lang='lat' dir='ltr'><strong>tiones</strong></span> <span class='ocrx_word' id='word_1_189' title='bbox 477 2573 751 2634; x_wconf 88' lang='lat' dir='ltr'><strong>repctunt.</strong></span> <span class='ocrx_word' id='word_1_190' title='bbox 793 2564 1026 2635; x_wconf 84' lang='lat' dir='ltr'><strong>Ideoque</strong></span> <span class='ocrx_word' id='word_1_191' title='bbox 1051 2565 1204 2621; x_wconf 85' lang='lat' dir='ltr'><strong>multi</strong></span> <span class='ocrx_word' id='word_1_192' title='bbox 1232 2566 1478 2637; x_wconf 83' lang='lat' dir='ltr'><strong>corporis</strong></span> <span class='ocrx_word' id='word_1_193' title='bbox 1508 2567 1874 2624; x_wconf 87' lang='lat' dir='ltr'><strong>mutilationcs</strong></span> 
     </span>
    </p>
   </div>
   <div class='ocr_carea' id='block_1_26' title="bbox 275 2655 1872 2722">
    <p class='ocr_par' dir='ltr' id='par_1_26' title="bbox 275 2655 1872 2722">
     <span class='ocr_line' id='line_1_26' title="bbox 275 2655 1872 2722; baseline 0.004 -14"><span class='ocrx_word' id='word_1_194' title='bbox 275 2655 562 2722; x_wconf 88' lang='lat' dir='ltr'><strong>simulant,</strong></span> <span class='ocrx_word' id='word_1_195' title='bbox 598 2667 656 2712; x_wconf 93' lang='lat' dir='ltr'><strong>ut</strong></span> <span class='ocrx_word' id='word_1_196' title='bbox 694 2657 831 2714; x_wconf 73' lang='lat' dir='ltr'><strong>ficta:</strong></span> <span class='ocrx_word' id='word_1_197' title='bbox 870 2659 1189 2714; x_wconf 82' lang='lat' dir='ltr'><strong>calamitatis</strong></span> <span class='ocrx_word' id='word_1_198' title='bbox 1234 2659 1462 2715; x_wconf 84' lang='lat' dir='ltr'><strong>artilicio</strong></span> <span class='ocrx_word' id='word_1_199' title='bbox 1502 2660 1872 2717; x_wconf 88' lang='lat' dir='ltr'><strong>crudelitatem</strong></span> 
     </span>
    </p>
   </div>
   <div class='ocr_carea' id='block_1_27' title="bbox 278 2746 1874 2819">
    <p class='ocr_par' dir='ltr' id='par_1_27' title="bbox 278 2746 1874 2819">
     <span class='ocr_line' id='line_1_27' title="bbox 278 2746 1874 2819; baseline 0.005 -20"><span class='ocrx_word' id='word_1_200' title='bbox 278 2746 776 2819; x_wconf 87' lang='lat' dir='ltr'><strong>immanitatemque</strong></span> <span class='ocrx_word' id='word_1_201' title='bbox 813 2758 1051 2805; x_wconf 90' lang='lat' dir='ltr'><strong>nostram</strong></span> <span class='ocrx_word' id='word_1_202' title='bbox 1074 2749 1293 2806; x_wconf 76' lang='lat' dir='ltr'><strong>ﬂectere</strong></span> <span class='ocrx_word' id='word_1_203' title='bbox 1321 2750 1553 2807; x_wconf 82' lang='lat' dir='ltr'><strong>valeant.</strong></span> <span class='ocrx_word' id='word_1_204' title='bbox 1596 2751 1662 2806; x_wconf 87' lang='lat' dir='ltr'><strong>Et</strong></span> <span class='ocrx_word' id='word_1_205' title='bbox 1688 2761 1874 2807; x_wconf 64' lang='lat' dir='ltr'><strong>aestate</strong></span> 
     </span>
    </p>
   </div>
   <div class='ocr_carea' id='block_1_28' title="bbox 276 2837 1874 2913">
    <p class='ocr_par' dir='ltr' id='par_1_28' title="bbox 276 2837 1874 2913">
     <span class='ocr_line' id='line_1_28' title="bbox 276 2837 1874 2913; baseline 0.004 -21"><span class='ocrx_word' id='word_1_206' title='bbox 276 2837 487 2906; x_wconf 87' lang='lat' dir='ltr'><strong>quidem</strong></span> <span class='ocrx_word' id='word_1_207' title='bbox 535 2839 714 2895; x_wconf 80' lang='lat' dir='ltr'><strong>taliter</strong></span> <span class='ocrx_word' id='word_1_208' title='bbox 752 2840 1049 2907; x_wconf 88' lang='lat' dir='ltr'><strong>criminari,</strong></span> <span class='ocrx_word' id='word_1_209' title='bbox 1082 2856 1242 2911; x_wconf 78' lang='lat' dir='ltr'><strong>grave</strong></span> <span class='ocrx_word' id='word_1_210' title='bbox 1281 2841 1407 2897; x_wconf 91' lang='lat' dir='ltr'><strong>licet</strong></span> <span class='ocrx_word' id='word_1_211' title='bbox 1442 2840 1543 2906; x_wconf 88' lang='lat' dir='ltr'><strong>sit,</strong></span> <span class='ocrx_word' id='word_1_212' title='bbox 1568 2858 1674 2898; x_wconf 91' lang='lat' dir='ltr'><strong>non</strong></span> <span class='ocrx_word' id='word_1_213' title='bbox 1706 2857 1874 2913; x_wconf 89' lang='lat' dir='ltr'><strong>usque</strong></span> 
     </span>
    </p>
   </div>
   <div class='ocr_carea' id='block_1_29' title="bbox 276 2926 1872 3003">
    <p class='ocr_par' dir='ltr' id='par_1_29' title="bbox 276 2926 1872 3003">
     <span class='ocr_line' id='line_1_29' title="bbox 276 2926 1872 3003; baseline 0.006 -25"><span class='ocrx_word' id='word_1_214' title='bbox 276 2926 409 2982; x_wconf 88' lang='lat' dir='ltr'><strong>adeo</strong></span> <span class='ocrx_word' id='word_1_215' title='bbox 436 2936 617 2983; x_wconf 87' lang='lat' dir='ltr'><strong>tamen</strong></span> <span class='ocrx_word' id='word_1_216' title='bbox 644 2944 806 2999; x_wconf 88' lang='lat' dir='ltr'><strong>grave</strong></span> <span class='ocrx_word' id='word_1_217' title='bbox 824 2938 906 2984; x_wconf 81' lang='lat' dir='ltr'><strong>est</strong></span> <span class='ocrx_word' id='word_1_218' title='bbox 930 2948 943 2983; x_wconf 89' lang='lat'><strong>:</strong></span> <span class='ocrx_word' id='word_1_219' title='bbox 977 2930 1168 3001; x_wconf 87' lang='lat' dir='ltr'><strong>hyeme</strong></span> <span class='ocrx_word' id='word_1_220' title='bbox 1192 2945 1321 2985; x_wconf 87' lang='lat' dir='ltr'><strong>vero</strong></span> <span class='ocrx_word' id='word_1_221' title='bbox 1337 2940 1558 3002; x_wconf 79' lang='lat' dir='ltr'><strong>urgente</strong></span> <span class='ocrx_word' id='word_1_222' title='bbox 1583 2933 1779 3003; x_wconf 80' lang='lat' dir='ltr'><strong>frigore</strong></span> <span class='ocrx_word' id='word_1_223' title='bbox 1801 2933 1872 2988; x_wconf 88' lang='lat' dir='ltr'><strong>ita</strong></span> 
     </span>
    </p>
   </div>
   <div class='ocr_carea' id='block_1_30' title="bbox 276 3018 1875 3091">
    <p class='ocr_par' dir='ltr' id='par_1_30' title="bbox 276 3018 1875 3091">
     <span class='ocr_line' id='line_1_30' title="bbox 276 3018 1875 3091; baseline 0.005 -21"><span class='ocrx_word' id='word_1_224' title='bbox 276 3031 333 3071; x_wconf 85' lang='lat' dir='ltr'><strong>se</strong></span> <span class='ocrx_word' id='word_1_225' title='bbox 362 3018 715 3074; x_wconf 86' lang='lat' dir='ltr'><strong>inhumanum</strong></span> <span class='ocrx_word' id='word_1_226' title='bbox 743 3028 798 3074; x_wconf 88' lang='lat' dir='ltr'><strong>et</strong></span> <span class='ocrx_word' id='word_1_227' title='bbox 839 3019 1009 3075; x_wconf 87' lang='lat' dir='ltr'><strong>ferum</strong></span> <span class='ocrx_word' id='word_1_228' title='bbox 1048 3031 1302 3091; x_wconf 68' lang='lat' dir='ltr'><strong>praestare</strong></span> <span class='ocrx_word' id='word_1_229' title='bbox 1336 3020 1603 3090; x_wconf 84' lang='lat' dir='ltr'><strong>jndicem,</strong></span> <span class='ocrx_word' id='word_1_230' title='bbox 1637 3023 1875 3078; x_wconf 81' lang='lat' dir='ltr'><strong>veniam-</strong></span> 
     </span>
    </p>
   </div>
   <div class='ocr_carea' id='block_1_31' title="bbox 276 3111 1871 3178">
    <p class='ocr_par' dir='ltr' id='par_1_31' title="bbox 276 3111 1871 3178">
     <span class='ocr_line' id='line_1_31' title="bbox 276 3111 1871 3178; baseline 0.006 -14"><span class='ocrx_word' id='word_1_231' title='bbox 276 3124 378 3178; x_wconf 87' lang='lat' dir='ltr'><strong>que</strong></span> <span class='ocrx_word' id='word_1_232' title='bbox 418 3112 623 3166; x_wconf 89' lang='lat' dir='ltr'><strong>nullam</strong></span> <span class='ocrx_word' id='word_1_233' title='bbox 669 3111 856 3169; x_wconf 88' lang='lat' dir='ltr'><strong>otiosis</strong></span> <span class='ocrx_word' id='word_1_234' title='bbox 884 3112 1200 3176; x_wconf 82' lang='lat' dir='ltr'><strong>concedere,</strong></span> <span class='ocrx_word' id='word_1_235' title='bbox 1231 3129 1406 3169; x_wconf 88' lang='lat' dir='ltr'><strong>annon</strong></span> <span class='ocrx_word' id='word_1_236' title='bbox 1432 3130 1658 3173; x_wconf 61' lang='lat' dir='ltr'><strong>summa:</strong></span> <span class='ocrx_word' id='word_1_237' title='bbox 1676 3117 1871 3173; x_wconf 89' lang='lat' dir='ltr'><strong>crude-</strong></span> 
     </span>
    </p>
   </div>
   <div class='ocr_carea' id='block_1_32' title="bbox 280 3199 1874 3278">
    <p class='ocr_par' dir='ltr' id='par_1_32' title="bbox 280 3199 1874 3278">
     <span class='ocr_line' id='line_1_32' title="bbox 280 3199 1874 3278; baseline 0.008 -27"><span class='ocrx_word' id='word_1_238' title='bbox 280 3199 437 3256; x_wconf 86' lang='lat' dir='ltr'><strong>litatis</strong></span> <span class='ocrx_word' id='word_1_239' title='bbox 464 3200 680 3258; x_wconf 85' lang='lat' dir='ltr'><strong>fuerit?</strong></span> <span class='ocrx_word' id='word_1_240' title='bbox 716 3202 825 3258; x_wconf 90' lang='lat' dir='ltr'><strong>Cur</strong></span> <span class='ocrx_word' id='word_1_241' title='bbox 847 3203 1023 3274; x_wconf 77' lang='lat' dir='ltr'><strong>itaque</strong></span> <span class='ocrx_word' id='word_1_242' title='bbox 1051 3203 1265 3270; x_wconf 85' lang='lat' dir='ltr'><strong>Paulus,</strong></span> <span class='ocrx_word' id='word_1_243' title='bbox 1291 3205 1432 3262; x_wconf 90' lang='lat' dir='ltr'><strong>dicet</strong></span> <span class='ocrx_word' id='word_1_244' title='bbox 1457 3207 1671 3278; x_wconf 84' lang='lat' dir='ltr'><strong>aliquis,</strong></span> <span class='ocrx_word' id='word_1_245' title='bbox 1701 3209 1874 3264; x_wconf 86' lang='lat' dir='ltr'><strong>Thes-</strong></span> 
     </span>
    </p>
   </div>
   <div class='ocr_carea' id='block_1_33' title="bbox 278 3294 1877 3370">
    <p class='ocr_par' dir='ltr' id='par_1_33' title="bbox 278 3294 1877 3370">
     <span class='ocr_line' id='line_1_33' title="bbox 278 3294 1877 3370; baseline 0.007 -24"><span class='ocrx_word' id='word_1_246' title='bbox 278 3294 701 3352; x_wconf 85' lang='lat' dir='ltr'><strong>salonicensibus</strong></span> <span class='ocrx_word' id='word_1_247' title='bbox 728 3297 864 3352; x_wconf 88' lang='lat' dir='ltr'><strong>hanc</strong></span> <span class='ocrx_word' id='word_1_248' title='bbox 886 3296 1056 3366; x_wconf 84' lang='lat' dir='ltr'><strong>legem</strong></span> <span class='ocrx_word' id='word_1_249' title='bbox 1081 3296 1284 3353; x_wconf 84' lang='lat' dir='ltr'><strong>ferebat</strong></span> <span class='ocrx_word' id='word_1_250' title='bbox 1317 3316 1332 3352; x_wconf 91' lang='lat'><strong>:</strong></span> <span class='ocrx_word' id='word_1_251' title='bbox 1366 3298 1429 3355; x_wconf 87' lang='lat' dir='ltr'><strong>Si</strong></span> <span class='ocrx_word' id='word_1_252' title='bbox 1460 3300 1575 3370; x_wconf 77' lang='lat' dir='ltr'><strong>quis</strong></span> <span class='ocrx_word' id='word_1_253' title='bbox 1616 3318 1718 3356; x_wconf 77' lang='lat' dir='ltr'><strong>non</strong></span> <span class='ocrx_word' id='word_1_254' title='bbox 1765 3304 1877 3357; x_wconf 77' lang='lat' dir='ltr'><strong>vult</strong></span> 
     </span>
    </p>
   </div>
   <div class='ocr_carea' id='block_1_34' title="bbox 277 3384 1872 3462">
    <p class='ocr_par' dir='ltr' id='par_1_34' title="bbox 277 3384 1872 3462">
     <span class='ocr_line' id='line_1_34' title="bbox 277 3384 1872 3462; baseline 0.008 -25"><span class='ocrx_word' id='word_1_255' title='bbox 277 3384 521 3454; x_wconf 79' lang='lat' dir='ltr'><strong>laborare,</strong></span> <span class='ocrx_word' id='word_1_256' title='bbox 552 3404 644 3443; x_wconf 83' lang='lat' dir='ltr'><strong>nec</strong></span> <span class='ocrx_word' id='word_1_257' title='bbox 669 3388 936 3443; x_wconf 82' lang='lat' dir='ltr'><strong>manducet</strong></span> <span class='ocrx_word' id='word_1_258' title='bbox 957 3387 1032 3459; x_wconf 72' lang='lat'><strong>(2.</strong></span> <span class='ocrx_word' id='word_1_259' title='bbox 1065 3388 1318 3446; x_wconf 75' lang='lat' dir='ltr'><strong>less.5.</strong></span> <span class='ocrx_word' id='word_1_260' title='bbox 1343 3391 1475 3462; x_wconf 70' lang='lat'><strong>10)?</strong></span> <span class='ocrx_word' id='word_1_261' title='bbox 1508 3391 1574 3447; x_wconf 86' lang='lat' dir='ltr'><strong>Ut</strong></span> <span class='ocrx_word' id='word_1_262' title='bbox 1599 3402 1653 3448; x_wconf 89' lang='lat' dir='ltr'><strong>et</strong></span> <span class='ocrx_word' id='word_1_263' title='bbox 1675 3402 1727 3449; x_wconf 91' lang='lat' dir='ltr'><strong>lu</strong></span> <span class='ocrx_word' id='word_1_264' title='bbox 1758 3393 1872 3449; x_wconf 78' lang='lat' dir='ltr'><strong>lucc</strong></span> 
     </span>
    </p>
   </div>
   <div class='ocr_carea' id='block_1_35' title="bbox 278 3478 1869 3556">
    <p class='ocr_par' dir='ltr' id='par_1_35' title="bbox 278 3478 1869 3556">
     <span class='ocr_line' id='line_1_35' title="bbox 278 3478 1869 3556; baseline 0.008 -26"><span class='ocrx_word' id='word_1_265' title='bbox 278 3478 474 3545; x_wconf 85' lang='lat' dir='ltr'><strong>audias,</strong></span> <span class='ocrx_word' id='word_1_266' title='bbox 529 3490 586 3534; x_wconf 89' lang='lat' dir='ltr'><strong>et</strong></span> <span class='ocrx_word' id='word_1_267' title='bbox 620 3495 726 3535; x_wconf 90' lang='lat' dir='ltr'><strong>non</strong></span> <span class='ocrx_word' id='word_1_268' title='bbox 759 3481 929 3551; x_wconf 91' lang='lat' dir='ltr'><strong>ipsum</strong></span> <span class='ocrx_word' id='word_1_269' title='bbox 970 3490 1199 3550; x_wconf 89' lang='lat' dir='ltr'><strong>tantum,</strong></span> <span class='ocrx_word' id='word_1_270' title='bbox 1232 3484 1325 3538; x_wconf 91' lang='lat' dir='ltr'><strong>sed</strong></span> <span class='ocrx_word' id='word_1_271' title='bbox 1369 3494 1420 3538; x_wconf 88' lang='lat' dir='ltr'><strong>te</strong></span> <span class='ocrx_word' id='word_1_272' title='bbox 1454 3501 1668 3556; x_wconf 89' lang='lat' dir='ltr'><strong>quoque</strong></span> <span class='ocrx_word' id='word_1_273' title='bbox 1724 3487 1869 3543; x_wconf 87' lang='lat' dir='ltr'><strong>hisce</strong></span> 
     </span>
    </p>
   </div>
   <div class='ocr_carea' id='block_1_36' title="bbox 279 3566 1869 3647">
    <p class='ocr_par' dir='ltr' id='par_1_36' title="bbox 279 3566 1869 3647">
     <span class='ocr_line' id='line_1_36' title="bbox 279 3566 1869 3647; baseline 0.008 -25"><span class='ocrx_word' id='word_1_274' title='bbox 279 3566 419 3622; x_wconf 86' lang='lat' dir='ltr'><strong>Pauli</strong></span> <span class='ocrx_word' id='word_1_275' title='bbox 446 3569 627 3626; x_wconf 89' lang='lat' dir='ltr'><strong>verbis</strong></span> <span class='ocrx_word' id='word_1_276' title='bbox 667 3572 978 3641; x_wconf 89' lang='lat' dir='ltr'><strong>compelles.</strong></span> <span class='ocrx_word' id='word_1_277' title='bbox 1019 3573 1167 3627; x_wconf 88' lang='lat' dir='ltr'><strong>Pauli</strong></span> <span class='ocrx_word' id='word_1_278' title='bbox 1199 3575 1394 3646; x_wconf 85' lang='lat' dir='ltr'><strong>quippe</strong></span> <span class='ocrx_word' id='word_1_279' title='bbox 1421 3575 1564 3645; x_wconf 82' lang='lat' dir='ltr'><strong>leges</strong></span> <span class='ocrx_word' id='word_1_280' title='bbox 1592 3592 1696 3632; x_wconf 93' lang='lat' dir='ltr'><strong>non</strong></span> <span class='ocrx_word' id='word_1_281' title='bbox 1734 3594 1869 3647; x_wconf 81' lang='lat' dir='ltr'><strong>pau-</strong></span> 
     </span>
    </p>
   </div>
   <div class='ocr_carea' id='block_1_37' title="bbox 279 3661 1867 3736">
    <p class='ocr_par' dir='ltr' id='par_1_37' title="bbox 279 3661 1867 3736">
     <span class='ocr_line' id='line_1_37' title="bbox 279 3661 1867 3736; baseline 0.008 -24"><span class='ocrx_word' id='word_1_282' title='bbox 279 3661 487 3726; x_wconf 80' lang='lat' dir='ltr'><strong>peribus</strong></span> <span class='ocrx_word' id='word_1_283' title='bbox 510 3670 741 3728; x_wconf 84' lang='lat' dir='ltr'><strong>tantum,</strong></span> <span class='ocrx_word' id='word_1_284' title='bbox 772 3663 866 3718; x_wconf 89' lang='lat' dir='ltr'><strong>sed</strong></span> <span class='ocrx_word' id='word_1_285' title='bbox 898 3665 1058 3719; x_wconf 89' lang='lat' dir='ltr'><strong>etiam</strong></span> <span class='ocrx_word' id='word_1_286' title='bbox 1088 3665 1244 3722; x_wconf 88' lang='lat' dir='ltr'><strong>nobis</strong></span> <span class='ocrx_word' id='word_1_287' title='bbox 1274 3668 1460 3736; x_wconf 78' lang='lat' dir='ltr'><strong>posita:</strong></span> <span class='ocrx_word' id='word_1_288' title='bbox 1498 3677 1641 3724; x_wconf 90' lang='lat' dir='ltr'><strong>sunt.</strong></span> <span class='ocrx_word' id='word_1_289' title='bbox 1684 3668 1867 3724; x_wconf 89' lang='lat' dir='ltr'><strong>Dicam</strong></span> 
     </span>
    </p>
   </div>
   <div class='ocr_carea' id='block_1_38' title="bbox 276 3747 1870 3819">
    <p class='ocr_par' dir='ltr' id='par_1_38' title="bbox 276 3747 1870 3819">
     <span class='ocr_line' id='line_1_38' title="bbox 276 3747 1870 3819; baseline 0.011 -19"><span class='ocrx_word' id='word_1_290' title='bbox 276 3747 467 3819; x_wconf 89' lang='lat' dir='ltr'><strong>aliquid</strong></span> <span class='ocrx_word' id='word_1_291' title='bbox 504 3767 796 3808; x_wconf 85' lang='lat' dir='ltr'><strong>onerosum</strong></span> <span class='ocrx_word' id='word_1_292' title='bbox 841 3764 897 3810; x_wconf 90' lang='lat' dir='ltr'><strong>et</strong></span> <span class='ocrx_word' id='word_1_293' title='bbox 950 3755 1234 3812; x_wconf 84' lang='lat' dir='ltr'><strong>molestum</strong></span> <span class='ocrx_word' id='word_1_294' title='bbox 1284 3775 1298 3812; x_wconf 90' lang='lat'>:</span> <span class='ocrx_word' id='word_1_295' title='bbox 1344 3760 1457 3813; x_wconf 90' lang='lat' dir='ltr'><strong>scio</strong></span> <span class='ocrx_word' id='word_1_296' title='bbox 1504 3758 1620 3815; x_wconf 87' lang='lat' dir='ltr'><strong>fore</strong></span> <span class='ocrx_word' id='word_1_297' title='bbox 1670 3770 1730 3815; x_wconf 93' lang='lat' dir='ltr'><strong>ut</strong></span> <span class='ocrx_word' id='word_1_298' title='bbox 1773 3778 1870 3818; x_wconf 87' lang='lat' dir='ltr'><strong>vos</strong></span> 
     </span>
    </p>
   </div>
   <div class='ocr_carea' id='block_1_39' title="bbox 278 3843 1865 3920">
    <p class='ocr_par' dir='ltr' id='par_1_39' title="bbox 278 3843 1865 3920">
     <span class='ocr_line' id='line_1_39' title="bbox 278 3843 1865 3920; baseline 0.011 -30"><span class='ocrx_word' id='word_1_299' title='bbox 278 3843 671 3909; x_wconf 88' lang='lat' dir='ltr'><strong>succcnseatis;</strong></span> <span class='ocrx_word' id='word_1_300' title='bbox 699 3853 931 3900; x_wconf 86' lang='lat' dir='ltr'><strong>attamen</strong></span> <span class='ocrx_word' id='word_1_301' title='bbox 963 3846 1134 3902; x_wconf 90' lang='lat' dir='ltr'><strong>dicam</strong></span> <span class='ocrx_word' id='word_1_302' title='bbox 1158 3863 1173 3900; x_wconf 93' lang='lat'><strong>:</strong></span> <span class='ocrx_word' id='word_1_303' title='bbox 1201 3863 1307 3902; x_wconf 90' lang='lat' dir='ltr'><strong>non</strong></span> <span class='ocrx_word' id='word_1_304' title='bbox 1325 3849 1468 3904; x_wconf 88' lang='lat' dir='ltr'><strong>enim</strong></span> <span class='ocrx_word' id='word_1_305' title='bbox 1494 3859 1551 3904; x_wconf 92' lang='lat' dir='ltr'><strong>ut</strong></span> <span class='ocrx_word' id='word_1_306' title='bbox 1577 3851 1865 3920; x_wconf 81' lang='lat' dir='ltr'><strong>oﬂ‘endam,</strong></span> 
     </span>
    </p>
   </div>
   <div class='ocr_carea' id='block_1_40' title="bbox 279 3932 1867 4011">
    <p class='ocr_par' dir='ltr' id='par_1_40' title="bbox 279 3932 1867 4011">
     <span class='ocr_line' id='line_1_40' title="bbox 279 3932 1867 4011; baseline 0.01 -27"><span class='ocrx_word' id='word_1_307' title='bbox 279 3932 366 3986; x_wconf 83' lang='lat' dir='ltr'><strong>srd</strong></span> <span class='ocrx_word' id='word_1_308' title='bbox 389 3944 442 3987; x_wconf 93' lang='lat' dir='ltr'><strong>ut</strong></span> <span class='ocrx_word' id='word_1_309' title='bbox 469 3935 753 3990; x_wconf 87' lang='lat' dir='ltr'><strong>emendem</strong></span> <span class='ocrx_word' id='word_1_310' title='bbox 782 3937 922 3991; x_wconf 88' lang='lat' dir='ltr'><strong>dico.</strong></span> <span class='ocrx_word' id='word_1_311' title='bbox 967 3937 1072 3991; x_wconf 87' lang='lat' dir='ltr'><strong>Illis</strong></span> <span class='ocrx_word' id='word_1_312' title='bbox 1097 3939 1261 3993; x_wconf 91' lang='lat' dir='ltr'><strong>otium</strong></span> <span class='ocrx_word' id='word_1_313' title='bbox 1277 3940 1579 4010; x_wconf 69' lang='lat' dir='ltr'><strong>obiicimus,</strong></span> <span class='ocrx_word' id='word_1_314' title='bbox 1593 3957 1704 3998; x_wconf 87' lang='lat' dir='ltr'><strong>rem</strong></span> <span class='ocrx_word' id='word_1_315' title='bbox 1722 3957 1867 4011; x_wconf 68' lang='lat' dir='ltr'><strong>sarpe</strong></span> 
     </span>
    </p>
   </div>
   <div class='ocr_carea' id='block_1_41' title="bbox 279 4024 1868 4103">
    <p class='ocr_par' dir='ltr' id='par_1_41' title="bbox 279 4024 1868 4103">
     <span class='ocr_line' id='line_1_41' title="bbox 279 4024 1868 4103; baseline 0.009 -29"><span class='ocrx_word' id='word_1_316' title='bbox 279 4024 424 4079; x_wconf 85' lang='lat' dir='ltr'><strong>venia</strong></span> <span class='ocrx_word' id='word_1_317' title='bbox 450 4027 666 4098; x_wconf 80' lang='lat' dir='ltr'><strong>dignam</strong></span> <span class='ocrx_word' id='word_1_318' title='bbox 691 4040 706 4081; x_wconf 85' lang='lat'><strong>:</strong></span> <span class='ocrx_word' id='word_1_319' title='bbox 740 4043 838 4082; x_wconf 91' lang='lat' dir='ltr'><strong>nos</strong></span> <span class='ocrx_word' id='word_1_320' title='bbox 867 4036 1044 4083; x_wconf 91' lang='lat' dir='ltr'><strong>autem</strong></span> <span class='ocrx_word' id='word_1_321' title='bbox 1074 4044 1137 4084; x_wconf 89' lang='lat' dir='ltr'><strong>ea</strong></span> <span class='ocrx_word' id='word_1_322' title='bbox 1168 4040 1536 4099; x_wconf 84' lang='lat' dir='ltr'><strong>perpetramus</strong></span> <span class='ocrx_word' id='word_1_323' title='bbox 1556 4073 1572 4099; x_wconf 94' lang='lat'><strong>,</strong></span> <span class='ocrx_word' id='word_1_324' title='bbox 1604 4048 1722 4103; x_wconf 71' lang='lat' dir='ltr'><strong>qum</strong></span> <span class='ocrx_word' id='word_1_325' title='bbox 1757 4035 1868 4089; x_wconf 90' lang='lat' dir='ltr'><strong>otio</strong></span> 
     </span>
    </p>
   </div>
   <div class='ocr_carea' id='block_1_42' title="bbox 282 4112 1863 4191">
    <p class='ocr_par' dir='ltr' id='par_1_42' title="bbox 282 4112 1863 4191">
     <span class='ocr_line' id='line_1_42' title="bbox 282 4112 1863 4191; baseline 0.009 -27"><span class='ocrx_word' id='word_1_326' title='bbox 282 4112 431 4186; x_wconf 86' lang='lat' dir='ltr'><strong>longe</strong></span> <span class='ocrx_word' id='word_1_327' title='bbox 458 4119 704 4188; x_wconf 83' lang='lat' dir='ltr'><strong>graviora</strong></span> <span class='ocrx_word' id='word_1_328' title='bbox 727 4118 855 4173; x_wconf 89' lang='lat' dir='ltr'><strong>sint.</strong></span> <span class='ocrx_word' id='word_1_329' title='bbox 893 4120 964 4173; x_wconf 79' lang='lat' dir='ltr'><strong>At</strong></span> <span class='ocrx_word' id='word_1_330' title='bbox 992 4135 1113 4189; x_wconf 86' lang='lat' dir='ltr'><strong>ego,</strong></span> <span class='ocrx_word' id='word_1_331' title='bbox 1139 4120 1366 4190; x_wconf 89' lang='lat' dir='ltr'><strong>inquies,</strong></span> <span class='ocrx_word' id='word_1_332' title='bbox 1404 4130 1677 4191; x_wconf 73' lang='lat' dir='ltr'><strong>paternam</strong></span> <span class='ocrx_word' id='word_1_333' title='bbox 1709 4124 1863 4179; x_wconf 84' lang='lat' dir='ltr'><strong>herc-</strong></span> 
     </span>
    </p>
   </div>
   <div class='ocr_carea' id='block_1_43' title="bbox 282 4204 1867 4283">
    <p class='ocr_par' dir='ltr' id='par_1_43' title="bbox 282 4204 1867 4283">
     <span class='ocr_line' id='line_1_43' title="bbox 282 4204 1867 4283; baseline 0.008 -27"><span class='ocrx_word' id='word_1_334' title='bbox 282 4204 490 4263; x_wconf 82' lang='lat' dir='ltr'><strong>tlitatem</strong></span> <span class='ocrx_word' id='word_1_335' title='bbox 524 4208 718 4264; x_wconf 87' lang='lat' dir='ltr'><strong>habeo.</strong></span> <span class='ocrx_word' id='word_1_336' title='bbox 764 4211 843 4264; x_wconf 80' lang='lat' dir='ltr'><strong>Au</strong></span> <span class='ocrx_word' id='word_1_337' title='bbox 882 4226 1032 4281; x_wconf 83' lang='lat' dir='ltr'><strong>ergo,</strong></span> <span class='ocrx_word' id='word_1_338' title='bbox 1063 4212 1151 4266; x_wconf 88' lang='lat' dir='ltr'><strong>die</strong></span> <span class='ocrx_word' id='word_1_339' title='bbox 1186 4212 1314 4265; x_wconf 90' lang='lat' dir='ltr'><strong>mihi</strong></span> <span class='ocrx_word' id='word_1_340' title='bbox 1337 4255 1352 4279; x_wconf 93' lang='lat'><strong>,</strong></span> <span class='ocrx_word' id='word_1_341' title='bbox 1383 4213 1505 4281; x_wconf 87' lang='lat' dir='ltr'><strong>quia</strong></span> <span class='ocrx_word' id='word_1_342' title='bbox 1535 4214 1626 4269; x_wconf 89' lang='lat' dir='ltr'><strong>ille</strong></span> <span class='ocrx_word' id='word_1_343' title='bbox 1668 4230 1867 4283; x_wconf 88' lang='lat' dir='ltr'><strong>pauper</strong></span> 
     </span>
    </p>
   </div>
   <div class='ocr_carea' id='block_1_44' title="bbox 279 4299 1867 4374">
    <p class='ocr_par' dir='ltr' id='par_1_44' title="bbox 279 4299 1867 4374">
     <span class='ocr_line' id='line_1_44' title="bbox 279 4299 1867 4374; baseline 0.008 -27"><span class='ocrx_word' id='word_1_344' title='bbox 279 4308 524 4355; x_wconf 78' lang='lat' dir='ltr'><strong>estetex</strong></span> <span class='ocrx_word' id='word_1_345' title='bbox 566 4299 890 4369; x_wconf 83' lang='lat' dir='ltr'><strong>pauperibus</strong></span> <span class='ocrx_word' id='word_1_346' title='bbox 933 4309 1103 4368; x_wconf 89' lang='lat' dir='ltr'><strong>ortus,</strong></span> <span class='ocrx_word' id='word_1_347' title='bbox 1158 4317 1259 4357; x_wconf 87' lang='lat' dir='ltr'><strong>nec</strong></span> <span class='ocrx_word' id='word_1_348' title='bbox 1308 4302 1591 4371; x_wconf 84' lang='lat' dir='ltr'><strong>opulentos</strong></span> <span class='ocrx_word' id='word_1_349' title='bbox 1635 4304 1867 4374; x_wconf 81' lang='lat' dir='ltr'><strong>majores</strong></span> 
     </span>
    </p>
   </div>
   <div class='ocr_carea' id='block_1_45' title="bbox 279 4383 1866 4465">
    <p class='ocr_par' dir='ltr' id='par_1_45' title="bbox 279 4383 1866 4465">
     <span class='ocr_line' id='line_1_45' title="bbox 279 4383 1866 4465; baseline 0.008 -27"><span class='ocrx_word' id='word_1_350' title='bbox 279 4383 472 4450; x_wconf 84' lang='lat' dir='ltr'><strong>habuit.</strong></span> <span class='ocrx_word' id='word_1_351' title='bbox 504 4389 697 4460; x_wconf 81' lang='lat' dir='ltr'><strong>dignus</strong></span> <span class='ocrx_word' id='word_1_352' title='bbox 745 4401 827 4446; x_wconf 90' lang='lat' dir='ltr'><strong>est</strong></span> <span class='ocrx_word' id='word_1_353' title='bbox 869 4393 957 4462; x_wconf 90' lang='lat' dir='ltr'><strong>qui</strong></span> <span class='ocrx_word' id='word_1_354' title='bbox 997 4393 1215 4461; x_wconf 79' lang='lat' dir='ltr'><strong>pereat?</strong></span> <span class='ocrx_word' id='word_1_355' title='bbox 1271 4393 1517 4453; x_wconf 80' lang='lat' dir='ltr'><strong>Profecm</strong></span> <span class='ocrx_word' id='word_1_356' title='bbox 1555 4409 1617 4450; x_wconf 88' lang='lat' dir='ltr'><strong>ea</strong></span> <span class='ocrx_word' id='word_1_357' title='bbox 1660 4395 1770 4465; x_wconf 83' lang='lat' dir='ltr'><strong>ipsa</strong></span> <span class='ocrx_word' id='word_1_358' title='bbox 1800 4396 1866 4451; x_wconf 89' lang='lat' dir='ltr'><strong>de</strong></span> 
     </span>
    </p>
   </div>
   <div class='ocr_carea' id='block_1_46' title="bbox 277 4483 1866 4556">
    <p class='ocr_par' dir='ltr' id='par_1_46' title="bbox 277 4483 1866 4556">
     <span class='ocr_line' id='line_1_46' title="bbox 277 4483 1866 4556; baseline 0.009 -28"><span class='ocrx_word' id='word_1_359' title='bbox 277 4491 429 4534; x_wconf 85' lang='lat' dir='ltr'><strong>causa</strong></span> <span class='ocrx_word' id='word_1_360' title='bbox 471 4483 941 4539; x_wconf 87' lang='lat' dir='ltr'><strong>commiseratione</strong></span> <span class='ocrx_word' id='word_1_361' title='bbox 978 4493 1033 4539; x_wconf 91' lang='lat' dir='ltr'><strong>et</strong></span> <span class='ocrx_word' id='word_1_362' title='bbox 1081 4486 1443 4540; x_wconf 81' lang='lat' dir='ltr'><strong>misericordia</strong></span> <span class='ocrx_word' id='word_1_363' title='bbox 1487 4486 1628 4556; x_wconf 89' lang='lat' dir='ltr'><strong>apud</strong></span> <span class='ocrx_word' id='word_1_364' title='bbox 1675 4488 1866 4543; x_wconf 85' lang='lat' dir='ltr'><strong>divites</strong></span> 
     </span>
    </p>
   </div>
   <div class='ocr_carea' id='block_1_47' title="bbox 277 4568 1859 4646">
    <p class='ocr_par' dir='ltr' id='par_1_47' title="bbox 277 4568 1859 4646">
     <span class='ocr_line' id='line_1_47' title="bbox 277 4568 1859 4646; baseline 0.008 -27"><span class='ocrx_word' id='word_1_365' title='bbox 277 4568 458 4639; x_wconf 86' lang='lat' dir='ltr'><strong>dignus</strong></span> <span class='ocrx_word' id='word_1_366' title='bbox 484 4573 659 4627; x_wconf 87' lang='lat' dir='ltr'><strong>fuerit.</strong></span> <span class='ocrx_word' id='word_1_367' title='bbox 688 4574 767 4628; x_wconf 90' lang='lat' dir='ltr'><strong>Tu</strong></span> <span class='ocrx_word' id='word_1_368' title='bbox 791 4576 1002 4644; x_wconf 91' lang='lat' dir='ltr'><strong>quidem</strong></span> <span class='ocrx_word' id='word_1_369' title='bbox 1028 4589 1169 4646; x_wconf 69' lang='lat' dir='ltr'><strong>saepe</strong></span> <span class='ocrx_word' id='word_1_370' title='bbox 1197 4575 1338 4629; x_wconf 90' lang='lat' dir='ltr'><strong>diem</strong></span> <span class='ocrx_word' id='word_1_371' title='bbox 1361 4576 1412 4630; x_wconf 93' lang='lat' dir='ltr'><strong>in</strong></span> <span class='ocrx_word' id='word_1_372' title='bbox 1444 4576 1669 4631; x_wconf 87' lang='lat' dir='ltr'><strong>theatris</strong></span> <span class='ocrx_word' id='word_1_373' title='bbox 1691 4587 1859 4631; x_wconf 37' lang='lat' dir='ltr'><strong>trans.</strong></span> 
     </span>
    </p>
   </div>
   <div class='ocr_carea' id='block_1_48' title="bbox 278 4658 1865 4740">
    <p class='ocr_par' dir='ltr' id='par_1_48' title="bbox 278 4658 1865 4740">
     <span class='ocr_line' id='line_1_48' title="bbox 278 4658 1865 4740; baseline 0.009 -28"><span class='ocrx_word' id='word_1_374' title='bbox 278 4658 438 4729; x_wconf 87' lang='lat' dir='ltr'><strong>igens,</strong></span> <span class='ocrx_word' id='word_1_375' title='bbox 467 4666 550 4720; x_wconf 88' lang='lat' dir='ltr'><strong>vel</strong></span> <span class='ocrx_word' id='word_1_376' title='bbox 600 4667 652 4718; x_wconf 94' lang='lat' dir='ltr'><strong>in</strong></span> <span class='ocrx_word' id='word_1_377' title='bbox 691 4666 1065 4734; x_wconf 89' lang='lat' dir='ltr'><strong>consessibus,</strong></span> <span class='ocrx_word' id='word_1_378' title='bbox 1103 4667 1528 4737; x_wconf 90' lang='lat' dir='ltr'><strong>colloquiisque,</strong></span> <span class='ocrx_word' id='word_1_379' title='bbox 1558 4685 1624 4724; x_wconf 84' lang='lat' dir='ltr'><strong>ex</strong></span> <span class='ocrx_word' id='word_1_380' title='bbox 1671 4671 1865 4740; x_wconf 90' lang='lat' dir='ltr'><strong>quibus</strong></span> 
     </span>
    </p>
   </div>
   <div class='ocr_carea' id='block_1_49' title="bbox 276 4750 1866 4828">
    <p class='ocr_par' dir='ltr' id='par_1_49' title="bbox 276 4750 1866 4828">
     <span class='ocr_line' id='line_1_49' title="bbox 276 4750 1866 4828; baseline 0.009 -27"><span class='ocrx_word' id='word_1_381' title='bbox 276 4750 403 4807; x_wconf 85' lang='lat' dir='ltr'><strong>nihil</strong></span> <span class='ocrx_word' id='word_1_382' title='bbox 424 4756 634 4812; x_wconf 87' lang='lat' dir='ltr'><strong>accedit</strong></span> <span class='ocrx_word' id='word_1_383' title='bbox 662 4756 816 4820; x_wconf 87' lang='lat' dir='ltr'><strong>lucri,</strong></span> <span class='ocrx_word' id='word_1_384' title='bbox 841 4758 1021 4812; x_wconf 85' lang='lat' dir='ltr'><strong>multis</strong></span> <span class='ocrx_word' id='word_1_385' title='bbox 1034 4757 1360 4828; x_wconf 87' lang='lat' dir='ltr'><strong>obloqueris,</strong></span> <span class='ocrx_word' id='word_1_386' title='bbox 1393 4758 1631 4828; x_wconf 88' lang='lat' dir='ltr'><strong>nihilque</strong></span> <span class='ocrx_word' id='word_1_387' title='bbox 1662 4759 1785 4814; x_wconf 89' lang='lat' dir='ltr'><strong>mali</strong></span> <span class='ocrx_word' id='word_1_388' title='bbox 1813 4771 1866 4816; x_wconf 87' lang='lat' dir='ltr'><strong>te</strong></span> 
     </span>
    </p>
   </div>
   <div class='ocr_carea' id='block_1_50' title="bbox 279 4838 1863 4918">
    <p class='ocr_par' dir='ltr' id='par_1_50' title="bbox 279 4838 1863 4918">
     <span class='ocr_line' id='line_1_50' title="bbox 279 4838 1863 4918; baseline 0.008 -26"><span class='ocrx_word' id='word_1_389' title='bbox 279 4838 447 4900; x_wconf 87' lang='lat' dir='ltr'><strong>facere</strong></span> <span class='ocrx_word' id='word_1_390' title='bbox 466 4862 567 4903; x_wconf 93' lang='lat' dir='ltr'><strong>nec</strong></span> <span class='ocrx_word' id='word_1_391' title='bbox 584 4848 814 4903; x_wconf 84' lang='lat' dir='ltr'><strong>otiosum</strong></span> <span class='ocrx_word' id='word_1_392' title='bbox 845 4863 966 4903; x_wconf 86' lang='lat' dir='ltr'><strong>esse</strong></span> <span class='ocrx_word' id='word_1_393' title='bbox 987 4856 1175 4918; x_wconf 89' lang='lat' dir='ltr'><strong>putas:</strong></span> <span class='ocrx_word' id='word_1_394' title='bbox 1207 4847 1359 4902; x_wconf 77' lang='lat' dir='ltr'><strong>hunc</strong></span> <span class='ocrx_word' id='word_1_395' title='bbox 1380 4863 1513 4903; x_wconf 89' lang='lat' dir='ltr'><strong>vero</strong></span> <span class='ocrx_word' id='word_1_396' title='bbox 1532 4850 1786 4904; x_wconf 88' lang='lat' dir='ltr'><strong>miserum</strong></span> <span class='ocrx_word' id='word_1_397' title='bbox 1807 4860 1863 4905; x_wconf 91' lang='lat' dir='ltr'><strong>et</strong></span> 
     </span>
    </p>
   </div>
   <div class='ocr_carea' id='block_1_51' title="bbox 278 4941 1867 5012">
    <p class='ocr_par' dir='ltr' id='par_1_51' title="bbox 278 4941 1867 5012">
     <span class='ocr_line' id='line_1_51' title="bbox 278 4941 1867 5012; baseline 0.006 -25"><span class='ocrx_word' id='word_1_398' title='bbox 278 4947 673 5005; x_wconf 69' lang='lat' dir='ltr'><strong>aerumnosum,</strong></span> <span class='ocrx_word' id='word_1_399' title='bbox 720 4942 811 5010; x_wconf 86' lang='lat' dir='ltr'><strong>qui</strong></span> <span class='ocrx_word' id='word_1_400' title='bbox 850 4941 902 4995; x_wconf 91' lang='lat' dir='ltr'><strong>in</strong></span> <span class='ocrx_word' id='word_1_401' title='bbox 951 4941 1244 5011; x_wconf 86' lang='lat' dir='ltr'><strong>precibus,</strong></span> <span class='ocrx_word' id='word_1_402' title='bbox 1301 4942 1550 5012; x_wconf 61' lang='lat' dir='ltr'><strong>lactymis</strong></span> <span class='ocrx_word' id='word_1_403' title='bbox 1611 4942 1867 5012; x_wconf 85' lang='lat' dir='ltr'><strong>milleque</strong></span> 
     </span>
    </p>
   </div>
   <div class='ocr_carea' id='block_1_52' title="bbox 276 5031 1861 5098">
    <p class='ocr_par' dir='ltr' id='par_1_52' title="bbox 276 5031 1861 5098">
     <span class='ocr_line' id='line_1_52' title="bbox 276 5031 1861 5098; baseline 0.006 -19"><span class='ocrx_word' id='word_1_404' title='bbox 276 5032 518 5086; x_wconf 74' lang='lat' dir='ltr'><strong>mmmnis</strong></span> <span class='ocrx_word' id='word_1_405' title='bbox 533 5041 646 5087; x_wconf 77' lang='lat' dir='ltr'><strong>toto</strong></span> <span class='ocrx_word' id='word_1_406' title='bbox 668 5031 756 5087; x_wconf 86' lang='lat' dir='ltr'><strong>die</strong></span> <span class='ocrx_word' id='word_1_407' title='bbox 782 5041 1044 5095; x_wconf 85' lang='lat' dir='ltr'><strong>versatur,</strong></span> <span class='ocrx_word' id='word_1_408' title='bbox 1071 5032 1315 5097; x_wconf 78' lang='lat' dir='ltr'><strong>damnas,</strong></span> <span class='ocrx_word' id='word_1_409' title='bbox 1337 5032 1405 5086; x_wconf 89' lang='lat' dir='ltr'><strong>ad</strong></span> <span class='ocrx_word' id='word_1_410' title='bbox 1424 5031 1649 5087; x_wconf 86' lang='lat' dir='ltr'><strong>tribunal</strong></span> <span class='ocrx_word' id='word_1_411' title='bbox 1674 5033 1861 5098; x_wconf 84' lang='lat' dir='ltr'><strong>trahis,</strong></span> 
     </span>
    </p>
   </div>
   <div class='ocr_carea' id='block_1_53' title="bbox 277 5113 1861 5193">
    <p class='ocr_par' dir='ltr' id='par_1_53' title="bbox 277 5113 1861 5193">
     <span class='ocr_line' id='line_1_53' title="bbox 277 5113 1861 5193; baseline 0.004 -20"><span class='ocrx_word' id='word_1_412' title='bbox 277 5113 340 5169; x_wconf 83' lang='lat' dir='ltr'><strong>de</strong></span> <span class='ocrx_word' id='word_1_413' title='bbox 362 5132 530 5190; x_wconf 71' lang='lat' dir='ltr'><strong>eoque</strong></span> <span class='ocrx_word' id='word_1_414' title='bbox 556 5124 795 5177; x_wconf 77' lang='lat' dir='ltr'><strong>rationes</strong></span> <span class='ocrx_word' id='word_1_415' title='bbox 814 5123 1097 5193; x_wconf 74' lang='lat' dir='ltr'><strong>exposcis?</strong></span> <span class='ocrx_word' id='word_1_416' title='bbox 1124 5122 1394 5187; x_wconf 67' lang='lat' dir='ltr'><strong>ﬂamine,</strong></span> <span class='ocrx_word' id='word_1_417' title='bbox 1414 5138 1621 5193; x_wconf 72' lang='lat' dir='ltr'><strong>qumso,</strong></span> <span class='ocrx_word' id='word_1_418' title='bbox 1642 5123 1861 5179; x_wconf 85' lang='lat' dir='ltr'><strong>humani</strong></span> 
     </span>
    </p>
   </div>
   <div class='ocr_carea' id='block_1_54' title="bbox 278 5213 1858 5285">
    <p class='ocr_par' dir='ltr' id='par_1_54' title="bbox 278 5213 1858 5285">
     <span class='ocr_line' id='line_1_54' title="bbox 278 5213 1858 5285; baseline 0.004 -23"><span class='ocrx_word' id='word_1_419' title='bbox 278 5217 394 5262; x_wconf 75' lang='lat' dir='ltr'><strong>sunt</strong></span> <span class='ocrx_word' id='word_1_420' title='bbox 414 5213 610 5270; x_wconf 79' lang='lat' dir='ltr'><strong>animi?</strong></span> <span class='ocrx_word' id='word_1_421' title='bbox 635 5214 800 5285; x_wconf 79' lang='lat' dir='ltr'><strong>Igitur</strong></span> <span class='ocrx_word' id='word_1_422' title='bbox 825 5214 1041 5285; x_wconf 81' lang='lat' dir='ltr'><strong>quando</strong></span> <span class='ocrx_word' id='word_1_423' title='bbox 1082 5213 1236 5278; x_wconf 83' lang='lat' dir='ltr'><strong>dicis.</strong></span> <span class='ocrx_word' id='word_1_424' title='bbox 1279 5215 1415 5282; x_wconf 81' lang='lat' dir='ltr'><strong>Quid</strong></span> <span class='ocrx_word' id='word_1_425' title='bbox 1445 5215 1686 5271; x_wconf 78' lang='lat' dir='ltr'><strong>dicemus</strong></span> <span class='ocrx_word' id='word_1_426' title='bbox 1715 5216 1858 5270; x_wconf 85' lang='lat' dir='ltr'><strong>Pau-</strong></span> 
     </span>
    </p>
   </div>
   <div class='ocr_carea' id='block_1_55' title="bbox 280 5296 1858 5380">
    <p class='ocr_par' dir='ltr' id='par_1_55' title="bbox 280 5296 1858 5380">
     <span class='ocr_line' id='line_1_55' title="bbox 280 5296 1858 5380; baseline 0.007 -27"><span class='ocrx_word' id='word_1_427' title='bbox 280 5296 357 5353; x_wconf 87' lang='lat' dir='ltr'><strong>lo?</strong></span> <span class='ocrx_word' id='word_1_428' title='bbox 385 5313 436 5359; x_wconf 93' lang='lat' dir='ltr'><strong>tu</strong></span> <span class='ocrx_word' id='word_1_429' title='bbox 463 5323 524 5362; x_wconf 87' lang='lat' dir='ltr'><strong>ea</strong></span> <span class='ocrx_word' id='word_1_430' title='bbox 573 5309 687 5379; x_wconf 85' lang='lat' dir='ltr'><strong>ipsa</strong></span> <span class='ocrx_word' id='word_1_431' title='bbox 724 5308 818 5363; x_wconf 89' lang='lat' dir='ltr'><strong>tibi</strong></span> <span class='ocrx_word' id='word_1_432' title='bbox 838 5350 855 5375; x_wconf 89' lang='lat'><strong>,</strong></span> <span class='ocrx_word' id='word_1_433' title='bbox 885 5324 989 5364; x_wconf 85' lang='lat' dir='ltr'><strong>non</strong></span> <span class='ocrx_word' id='word_1_434' title='bbox 1021 5309 1343 5379; x_wconf 84' lang='lat' dir='ltr'><strong>pauperibus</strong></span> <span class='ocrx_word' id='word_1_435' title='bbox 1384 5309 1566 5365; x_wconf 88' lang='lat' dir='ltr'><strong>dicito.</strong></span> <span class='ocrx_word' id='word_1_436' title='bbox 1609 5310 1858 5380; x_wconf 87' lang='lat' dir='ltr'><strong>Alioquin</strong></span> 
     </span>
    </p>
   </div>
   <div class='ocr_carea' id='block_1_56' title="bbox 286 5401 1855 5475">
    <p class='ocr_par' dir='ltr' id='par_1_56' title="bbox 286 5401 1855 5475">
     <span class='ocr_line' id='line_1_56' title="bbox 286 5401 1855 5475; baseline 0.008 -30"><span class='ocrx_word' id='word_1_437' title='bbox 286 5407 419 5462; x_wconf 77' lang='lat' dir='ltr'><strong>vero,</strong></span> <span class='ocrx_word' id='word_1_438' title='bbox 449 5416 515 5456; x_wconf 87' lang='lat' dir='ltr'><strong>ne</strong></span> <span class='ocrx_word' id='word_1_439' title='bbox 568 5403 744 5456; x_wconf 81' lang='lat' dir='ltr'><strong>minas</strong></span> <span class='ocrx_word' id='word_1_440' title='bbox 788 5405 908 5471; x_wconf 71' lang='lat' dir='ltr'><strong>ejus</strong></span> <span class='ocrx_word' id='word_1_441' title='bbox 957 5412 1161 5455; x_wconf 76' lang='lat' dir='ltr'><strong>tantum</strong></span> <span class='ocrx_word' id='word_1_442' title='bbox 1191 5403 1370 5472; x_wconf 81' lang='lat' dir='ltr'><strong>legas,</strong></span> <span class='ocrx_word' id='word_1_443' title='bbox 1401 5401 1495 5475; x_wconf 90' lang='lat' dir='ltr'><strong>sed</strong></span> <span class='ocrx_word' id='word_1_444' title='bbox 1550 5411 1603 5456; x_wconf 83' lang='lat' dir='ltr'><strong>et</strong></span> <span class='ocrx_word' id='word_1_445' title='bbox 1649 5403 1855 5456; x_wconf 87' lang='lat' dir='ltr'><strong>veniam</strong></span> 
     </span>
    </p>
   </div>
   <div class='ocr_carea' id='block_1_57' title="bbox 244 5494 1857 5565">
    <p class='ocr_par' dir='ltr' id='par_1_57' title="bbox 244 5494 1857 5565">
     <span class='ocr_line' id='line_1_57' title="bbox 244 5494 1857 5565; baseline 0.002 -21"><span class='ocrx_word' id='word_1_446' title='bbox 244 5498 251 5505; x_wconf 87' lang='lat'><em>‘</em></span> <span class='ocrx_word' id='word_1_447' title='bbox 278 5500 477 5559; x_wconf 77' lang='lat' dir='ltr'><strong>quoque</strong></span> <span class='ocrx_word' id='word_1_448' title='bbox 503 5510 518 5548; x_wconf 89' lang='lat'>:</span> <span class='ocrx_word' id='word_1_449' title='bbox 547 5510 671 5550; x_wconf 87' lang='lat' dir='ltr'><strong>nam</strong></span> <span class='ocrx_word' id='word_1_450' title='bbox 700 5495 791 5565; x_wconf 88' lang='lat' dir='ltr'><strong>qui</strong></span> <span class='ocrx_word' id='word_1_451' title='bbox 815 5494 965 5561; x_wconf 87' lang='lat' dir='ltr'><strong>dicit,</strong></span> <span class='ocrx_word' id='word_1_452' title='bbox 996 5494 1191 5563; x_wconf 75' lang='lat' dir='ltr'><strong>Siquis</strong></span> <span class='ocrx_word' id='word_1_453' title='bbox 1219 5509 1319 5547; x_wconf 84' lang='lat' dir='ltr'><strong>non</strong></span> <span class='ocrx_word' id='word_1_454' title='bbox 1341 5494 1558 5559; x_wconf 79' lang='lat' dir='ltr'><strong>laborat,</strong></span> <span class='ocrx_word' id='word_1_455' title='bbox 1592 5510 1681 5547; x_wconf 84' lang='lat' dir='ltr'><strong>nec</strong></span> <span class='ocrx_word' id='word_1_456' title='bbox 1709 5510 1857 5547; x_wconf 82' lang='lat' dir='ltr'><strong>man-</strong></span> 
     </span>
    </p>
   </div>
   <div class='ocr_carea' id='block_1_58' title="bbox 281 5573 1859 5654">
    <p class='ocr_par' dir='ltr' id='par_1_58' title="bbox 281 5573 1859 5654">
     <span class='ocr_line' id='line_1_58' title="bbox 281 5573 1859 5654; baseline 0.006 -25"><span class='ocrx_word' id='word_1_457' title='bbox 281 5573 435 5643; x_wconf 77' lang='lat' dir='ltr'><strong>dttcet,</strong></span> <span class='ocrx_word' id='word_1_458' title='bbox 459 5584 653 5654; x_wconf 69' lang='lat' dir='ltr'><strong>adjecit</strong></span> <span class='ocrx_word' id='word_1_459' title='bbox 678 5602 696 5641; x_wconf 85' lang='lat'><strong>:</strong></span> <span class='ocrx_word' id='word_1_460' title='bbox 730 5583 831 5639; x_wconf 85' lang='lat' dir='ltr'><strong>Vos</strong></span> <span class='ocrx_word' id='word_1_461' title='bbox 854 5592 1022 5637; x_wconf 78' lang='lat' dir='ltr'><strong>autem</strong></span> <span class='ocrx_word' id='word_1_462' title='bbox 1039 5624 1055 5648; x_wconf 94' lang='lat'><strong>,</strong></span> <span class='ocrx_word' id='word_1_463' title='bbox 1087 5584 1290 5652; x_wconf 77' lang='lat' dir='ltr'><strong>fratres,</strong></span> <span class='ocrx_word' id='word_1_464' title='bbox 1314 5583 1471 5637; x_wconf 81' lang='lat' dir='ltr'><strong>nolite</strong></span> <span class='ocrx_word' id='word_1_465' title='bbox 1502 5584 1717 5652; x_wconf 78' lang='lat' dir='ltr'><strong>deﬁcere</strong></span> <span class='ocrx_word' id='word_1_466' title='bbox 1738 5587 1859 5638; x_wconf 84' lang='lat' dir='ltr'><strong>bene</strong></span> 
     </span>
    </p>
   </div>
   <div class='ocr_carea' id='block_1_59' title="bbox 285 5664 1856 5748">
    <p class='ocr_par' dir='ltr' id='par_1_59' title="bbox 285 5664 1856 5748">
     <span class='ocr_line' id='line_1_59' title="bbox 285 5664 1856 5748; baseline 0.008 -30"><span class='ocrx_word' id='word_1_467' title='bbox 285 5664 509 5731; x_wconf 72' lang='lat' dir='ltr'><strong>facientes</strong></span> <span class='ocrx_word' id='word_1_468' title='bbox 552 5675 630 5748; x_wconf 73' lang='lat'><strong>(2.</strong></span> <span class='ocrx_word' id='word_1_469' title='bbox 661 5675 840 5730; x_wconf 82' lang='lat' dir='ltr'><strong>Thess.</strong></span> <span class='ocrx_word' id='word_1_470' title='bbox 872 5674 927 5732; x_wconf 71' lang='lat'><strong>3.</strong></span> <span class='ocrx_word' id='word_1_471' title='bbox 959 5676 1073 5746; x_wconf 73' lang='grc'><strong>15).</strong></span> <span class='ocrx_word' id='word_1_472' title='bbox 1104 5676 1174 5730; x_wconf 77' lang='lat' dir='ltr'><strong>At</strong></span> <span class='ocrx_word' id='word_1_473' title='bbox 1211 5688 1444 5744; x_wconf 83' lang='lat' dir='ltr'><strong>quonam</strong></span> <span class='ocrx_word' id='word_1_474' title='bbox 1490 5675 1569 5731; x_wconf 89' lang='lat' dir='ltr'><strong>illi</strong></span> <span class='ocrx_word' id='word_1_475' title='bbox 1607 5677 1856 5745; x_wconf 78' lang='lat' dir='ltr'><strong>specioso</strong></span> 
     </span>
    </p>
   </div>
   <div class='ocr_carea' id='block_1_60' title="bbox 282 5756 1869 5840">
    <p class='ocr_par' dir='ltr' id='par_1_60' title="bbox 282 5756 1869 5840">
     <span class='ocr_line' id='line_1_60' title="bbox 282 5756 1869 5840; baseline 0.006 -27"><span class='ocrx_word' id='word_1_476' title='bbox 282 5756 486 5822; x_wconf 71' lang='lat' dir='ltr'><strong>obtentu</strong></span> <span class='ocrx_word' id='word_1_477' title='bbox 508 5767 766 5825; x_wconf 77' lang='lat' dir='ltr'><strong>utuntur?</strong></span> <span class='ocrx_word' id='word_1_478' title='bbox 796 5766 1025 5840; x_wconf 79' lang='lat' dir='ltr'><strong>Fugitivi</strong></span> <span class='ocrx_word' id='word_1_479' title='bbox 1054 5774 1218 5835; x_wconf 88' lang='lat' dir='ltr'><strong>sunt,</strong></span> <span class='ocrx_word' id='word_1_480' title='bbox 1252 5766 1529 5838; x_wconf 61' lang='lat' dir='ltr'><strong>inquiunt,</strong></span> <span class='ocrx_word' id='word_1_481' title='bbox 1561 5762 1869 5840; x_wconf 54' lang='lat' dir='ltr'><strong>peregrini}</strong></span> 
     </span>
    </p>
   </div>
   <div class='ocr_carea' id='block_1_61' title="bbox 1581 346 2190 406">
    <p class='ocr_par' dir='ltr' id='par_1_61' title="bbox 1581 346 2190 406">
     <span class='ocr_line' id='line_1_61' title="bbox 1581 346 2190 406; baseline 0.005 -3"><span class='ocrx_word' id='word_1_482' title='bbox 1581 346 1672 403; x_wconf 82' lang='lat' dir='ltr'><strong>DE</strong></span> <span class='ocrx_word' id='word_1_483' title='bbox 1708 346 2190 406; x_wconf 69' lang='lat' dir='ltr'><strong>ELEEMOSYNA.</strong></span> 
     </span>
    </p>
   </div>
   <div class='ocr_carea' id='block_1_62' title="bbox 3468 340 3574 399">
    <p class='ocr_par' dir='ltr' id='par_1_62' title="bbox 3468 340 3574 399">
     <span class='ocr_line' id='line_1_62' title="bbox 3468 340 3574 399; baseline 0.028 -4"><span class='ocrx_word' id='word_1_484' title='bbox 3468 340 3574 399; x_wconf 76' lang='lat'><strong>270</strong></span> 
     </span>
    </p>
   </div>
   <div class='ocr_carea' id='block_1_63' title="bbox 1982 461 3576 537">
    <p class='ocr_par' dir='ltr' id='par_1_63' title="bbox 1982 461 3576 537">
     <span class='ocr_line' id='line_1_63' title="bbox 1982 461 3576 537; baseline 0.007 -20"><span class='ocrx_word' id='word_1_485' title='bbox 1982 461 2331 531; x_wconf 85' lang='lat' dir='ltr'><strong>verberones,</strong></span> <span class='ocrx_word' id='word_1_486' title='bbox 2381 464 2471 534; x_wconf 87' lang='lat' dir='ltr'><strong>qui</strong></span> <span class='ocrx_word' id='word_1_487' title='bbox 2517 478 2612 520; x_wconf 85' lang='lat' dir='ltr'><strong>sua</strong></span> <span class='ocrx_word' id='word_1_488' title='bbox 2666 467 2849 523; x_wconf 85' lang='lat' dir='ltr'><strong>relicta</strong></span> <span class='ocrx_word' id='word_1_489' title='bbox 2891 469 3057 537; x_wconf 87' lang='lat' dir='ltr'><strong>patria</strong></span> <span class='ocrx_word' id='word_1_490' title='bbox 3088 469 3143 524; x_wconf 90' lang='lat' dir='ltr'><strong>in</strong></span> <span class='ocrx_word' id='word_1_491' title='bbox 3173 471 3448 528; x_wconf 83' lang='lat' dir='ltr'><strong>civitatem</strong></span> <span class='ocrx_word' id='word_1_492' title='bbox 3473 488 3576 527; x_wconf 61' lang='lat' dir='ltr'><strong>no.</strong></span> 
     </span>
    </p>
   </div>
   <div class='ocr_carea' id='block_1_64' title="bbox 1937 553 3578 629">
    <p class='ocr_par' dir='ltr' id='par_1_64' title="bbox 1937 553 3578 629">
     <span class='ocr_line' id='line_1_64' title="bbox 1937 553 3578 629; baseline 0.007 -21"><span class='ocrx_word' id='word_1_493' title='bbox 1937 559 1940 562; x_wconf 83' lang='grc'><strong>’</strong></span> <span class='ocrx_word' id='word_1_494' title='bbox 1981 562 2148 609; x_wconf 86' lang='lat' dir='ltr'><strong>stram</strong></span> <span class='ocrx_word' id='word_1_495' title='bbox 2174 553 2469 611; x_wconf 81' lang='lat' dir='ltr'><strong>conﬂuunt.</strong></span> <span class='ocrx_word' id='word_1_496' title='bbox 2514 556 2711 613; x_wconf 89' lang='lat' dir='ltr'><strong>ldeone</strong></span> <span class='ocrx_word' id='word_1_497' title='bbox 2729 598 2749 624; x_wconf 87' lang='lat'><strong>,</strong></span> <span class='ocrx_word' id='word_1_498' title='bbox 2771 575 2988 628; x_wconf 67' lang='lat' dir='ltr'><strong>quasso,</strong></span> <span class='ocrx_word' id='word_1_499' title='bbox 3019 562 3399 629; x_wconf 79' lang='lat' dir='ltr'><strong>stomacharis,</strong></span> <span class='ocrx_word' id='word_1_500' title='bbox 3420 564 3578 619; x_wconf 78' lang='lat' dir='ltr'><strong>etei-</strong></span> 
     </span>
    </p>
   </div>
   <div class='ocr_carea' id='block_1_65' title="bbox 1981 644 3575 719">
    <p class='ocr_par' dir='ltr' id='par_1_65' title="bbox 1981 644 3575 719">
     <span class='ocr_line' id='line_1_65' title="bbox 1981 644 3575 719; baseline 0.007 -20"><span class='ocrx_word' id='word_1_501' title='bbox 1981 644 2161 701; x_wconf 85' lang='lat' dir='ltr'><strong>vitatls</strong></span> <span class='ocrx_word' id='word_1_502' title='bbox 2181 660 2435 702; x_wconf 82' lang='lat' dir='ltr'><strong>coronam</strong></span> <span class='ocrx_word' id='word_1_503' title='bbox 2462 647 2700 715; x_wconf 86' lang='lat' dir='ltr'><strong>vellicas,</strong></span> <span class='ocrx_word' id='word_1_504' title='bbox 2729 649 2850 719; x_wconf 84' lang='lat' dir='ltr'><strong>quia</strong></span> <span class='ocrx_word' id='word_1_505' title='bbox 2875 665 3064 707; x_wconf 88' lang='lat' dir='ltr'><strong>omnes</strong></span> <span class='ocrx_word' id='word_1_506' title='bbox 3089 668 3207 708; x_wconf 85' lang='lat' dir='ltr'><strong>eam</strong></span> <span class='ocrx_word' id='word_1_507' title='bbox 3236 668 3575 710; x_wconf 81' lang='lat' dir='ltr'><strong>communem</strong></span> 
     </span>
    </p>
   </div>
   <div class='ocr_carea' id='block_1_66' title="bbox 1981 736 3577 814">
    <p class='ocr_par' dir='ltr' id='par_1_66' title="bbox 1981 736 3577 814">
     <span class='ocr_line' id='line_1_66' title="bbox 1981 736 3577 814; baseline 0.008 -27"><span class='ocrx_word' id='word_1_508' title='bbox 1981 747 2102 788; x_wconf 91' lang='lat' dir='ltr'><strong>esse</strong></span> <span class='ocrx_word' id='word_1_509' title='bbox 2138 743 2348 803; x_wconf 89' lang='lat' dir='ltr'><strong>portum</strong></span> <span class='ocrx_word' id='word_1_510' title='bbox 2375 736 2718 804; x_wconf 79' lang='lat' dir='ltr'><strong>existimant,</strong></span> <span class='ocrx_word' id='word_1_511' title='bbox 2744 748 2800 793; x_wconf 90' lang='lat' dir='ltr'><strong>et</strong></span> <span class='ocrx_word' id='word_1_512' title='bbox 2844 740 3073 810; x_wconf 74' lang='lat' dir='ltr'><strong>propriae</strong></span> <span class='ocrx_word' id='word_1_513' title='bbox 3118 742 3350 797; x_wconf 88' lang='lat' dir='ltr'><strong>alienam</strong></span> <span class='ocrx_word' id='word_1_514' title='bbox 3380 743 3577 814; x_wconf 71' lang='lat' dir='ltr'><strong>pra-fe-</strong></span> 
     </span>
    </p>
   </div>
   <div class='ocr_carea' id='block_1_67' title="bbox 1981 823 3577 902">
    <p class='ocr_par' dir='ltr' id='par_1_67' title="bbox 1981 823 3577 902">
     <span class='ocr_line' id='line_1_67' title="bbox 1981 823 3577 902; baseline 0.006 -24"><span class='ocrx_word' id='word_1_515' title='bbox 1981 823 2139 878; x_wconf 79' lang='lat' dir='ltr'><strong>runt?</strong></span> <span class='ocrx_word' id='word_1_516' title='bbox 2168 824 2279 879; x_wconf 85' lang='lat' dir='ltr'><strong>Imo</strong></span> <span class='ocrx_word' id='word_1_517' title='bbox 2316 840 2445 880; x_wconf 88' lang='lat' dir='ltr'><strong>vero</strong></span> <span class='ocrx_word' id='word_1_518' title='bbox 2471 829 2571 882; x_wconf 89' lang='lat' dir='ltr'><strong>hac</strong></span> <span class='ocrx_word' id='word_1_519' title='bbox 2594 826 2665 883; x_wconf 91' lang='lat' dir='ltr'><strong>de</strong></span> <span class='ocrx_word' id='word_1_520' title='bbox 2703 842 2862 885; x_wconf 87' lang='lat' dir='ltr'><strong>causa</strong></span> <span class='ocrx_word' id='word_1_521' title='bbox 2907 829 3183 884; x_wconf 79' lang='lat' dir='ltr'><strong>exsultare</strong></span> <span class='ocrx_word' id='word_1_522' title='bbox 3225 832 3464 902; x_wconf 85' lang='lat' dir='ltr'><strong>oportuit</strong></span> <span class='ocrx_word' id='word_1_523' title='bbox 3511 847 3577 888; x_wconf 90' lang='lat' dir='ltr'><strong>ae</strong></span> 
     </span>
    </p>
   </div>
   <div class='ocr_carea' id='block_1_68' title="bbox 1982 913 3575 990">
    <p class='ocr_par' dir='ltr' id='par_1_68' title="bbox 1982 913 3575 990">
     <span class='ocr_line' id='line_1_68' title="bbox 1982 913 3575 990; baseline 0.008 -23"><span class='ocrx_word' id='word_1_524' title='bbox 1982 913 2318 986; x_wconf 79' lang='lat' dir='ltr'><strong>la:tari,quia</strong></span> <span class='ocrx_word' id='word_1_525' title='bbox 2344 916 2412 971; x_wconf 89' lang='lat' dir='ltr'><strong>ad</strong></span> <span class='ocrx_word' id='word_1_526' title='bbox 2452 933 2641 973; x_wconf 87' lang='lat' dir='ltr'><strong>manus</strong></span> <span class='ocrx_word' id='word_1_527' title='bbox 2684 931 2911 984; x_wconf 83' lang='lat' dir='ltr'><strong>vestras,</strong></span> <span class='ocrx_word' id='word_1_528' title='bbox 2961 921 3117 990; x_wconf 89' lang='lat' dir='ltr'><strong>quasi</strong></span> <span class='ocrx_word' id='word_1_529' title='bbox 3171 922 3238 976; x_wconf 90' lang='lat' dir='ltr'><strong>ad</strong></span> <span class='ocrx_word' id='word_1_530' title='bbox 3287 937 3575 979; x_wconf 88' lang='lat' dir='ltr'><strong>commune</strong></span> 
     </span>
    </p>
   </div>
   <div class='ocr_carea' id='block_1_69' title="bbox 1980 1007 3573 1079">
    <p class='ocr_par' dir='ltr' id='par_1_69' title="bbox 1980 1007 3573 1079">
     <span class='ocr_line' id='line_1_69' title="bbox 1980 1007 3573 1079; baseline 0.007 -20"><span class='ocrx_word' id='word_1_531' title='bbox 1980 1007 2249 1077; x_wconf 85' lang='lat' dir='ltr'><strong>quoddam</strong></span> <span class='ocrx_word' id='word_1_532' title='bbox 2276 1010 2598 1079; x_wconf 86' lang='lat' dir='ltr'><strong>emporium,</strong></span> <span class='ocrx_word' id='word_1_533' title='bbox 2617 1026 2806 1067; x_wconf 89' lang='lat' dir='ltr'><strong>omnes</strong></span> <span class='ocrx_word' id='word_1_534' title='bbox 2830 1022 3137 1076; x_wconf 88' lang='lat' dir='ltr'><strong>accurrunt.</strong></span> <span class='ocrx_word' id='word_1_535' title='bbox 3155 1021 3209 1069; x_wconf 91' lang='lat' dir='ltr'><strong>et</strong></span> <span class='ocrx_word' id='word_1_536' title='bbox 3232 1029 3573 1070; x_wconf 88' lang='lat' dir='ltr'><strong>communem</strong></span> 
     </span>
    </p>
   </div>
   <div class='ocr_carea' id='block_1_70' title="bbox 1981 1099 3577 1175">
    <p class='ocr_par' dir='ltr' id='par_1_70' title="bbox 1981 1099 3577 1175">
     <span class='ocr_line' id='line_1_70' title="bbox 1981 1099 3577 1175; baseline 0.005 -23"><span class='ocrx_word' id='word_1_537' title='bbox 1981 1110 2205 1153; x_wconf 87' lang='lat' dir='ltr'><strong>matrem</strong></span> <span class='ocrx_word' id='word_1_538' title='bbox 2235 1099 2373 1155; x_wconf 90' lang='lat' dir='ltr'><strong>hanc</strong></span> <span class='ocrx_word' id='word_1_539' title='bbox 2400 1100 2667 1155; x_wconf 80' lang='lat' dir='ltr'><strong>civitatem</strong></span> <span class='ocrx_word' id='word_1_540' title='bbox 2690 1116 2812 1157; x_wconf 90' lang='lat' dir='ltr'><strong>esse</strong></span> <span class='ocrx_word' id='word_1_541' title='bbox 2840 1101 3189 1158; x_wconf 87' lang='lat' dir='ltr'><strong>arbitrantur.</strong></span> <span class='ocrx_word' id='word_1_542' title='bbox 3231 1102 3308 1159; x_wconf 91' lang='lat' dir='ltr'><strong>Ne</strong></span> <span class='ocrx_word' id='word_1_543' title='bbox 3325 1145 3342 1172; x_wconf 93' lang='lat'><strong>,</strong></span> <span class='ocrx_word' id='word_1_544' title='bbox 3368 1120 3577 1175; x_wconf 66' lang='lat' dir='ltr'><strong>qutcso,</strong></span> 
     </span>
    </p>
   </div>
   <div class='ocr_carea' id='block_1_71' title="bbox 1982 1192 3576 1266">
    <p class='ocr_par' dir='ltr' id='par_1_71' title="bbox 1982 1192 3576 1266">
     <span class='ocr_line' id='line_1_71' title="bbox 1982 1192 3576 1266; baseline 0.004 -22"><span class='ocrx_word' id='word_1_545' title='bbox 1982 1197 2188 1246; x_wconf 91' lang='lat' dir='ltr'><strong>tantum</strong></span> <span class='ocrx_word' id='word_1_546' title='bbox 2209 1192 2512 1247; x_wconf 74' lang='lat' dir='ltr'><strong>ezzcomium</strong></span> <span class='ocrx_word' id='word_1_547' title='bbox 2546 1192 2908 1261; x_wconf 85' lang='lat' dir='ltr'><strong>labelactetis,</strong></span> <span class='ocrx_word' id='word_1_548' title='bbox 2939 1209 3112 1265; x_wconf 90' lang='lat' dir='ltr'><strong>neque</strong></span> <span class='ocrx_word' id='word_1_549' title='bbox 3133 1194 3403 1266; x_wconf 88' lang='lat' dir='ltr'><strong>antiquam</strong></span> <span class='ocrx_word' id='word_1_550' title='bbox 3436 1195 3576 1251; x_wconf 87' lang='lat' dir='ltr'><strong>hanc</strong></span> 
     </span>
    </p>
   </div>
   <div class='ocr_carea' id='block_1_72' title="bbox 1982 1285 3573 1361">
    <p class='ocr_par' dir='ltr' id='par_1_72' title="bbox 1982 1285 3573 1361">
     <span class='ocr_line' id='line_1_72' title="bbox 1982 1285 3573 1361; baseline 0.007 -26"><span class='ocrx_word' id='word_1_551' title='bbox 1982 1291 2366 1353; x_wconf 88' lang='lat' dir='ltr'><strong>paternamque</strong></span> <span class='ocrx_word' id='word_1_552' title='bbox 2394 1285 2605 1343; x_wconf 88' lang='lat' dir='ltr'><strong>laudem</strong></span> <span class='ocrx_word' id='word_1_553' title='bbox 2652 1288 3112 1345; x_wconf 85' lang='lat' dir='ltr'><strong>decidatis.‘0iim</strong></span> <span class='ocrx_word' id='word_1_554' title='bbox 3158 1305 3390 1361; x_wconf 87' lang='lat' dir='ltr'><strong>namque</strong></span> <span class='ocrx_word' id='word_1_555' title='bbox 3450 1305 3573 1346; x_wconf 89' lang='lat' dir='ltr'><strong>cum</strong></span> 
     </span>
    </p>
   </div>
   <div class='ocr_carea' id='block_1_73' title="bbox 1980 1370 3576 1451">
    <p class='ocr_par' dir='ltr' id='par_1_73' title="bbox 1980 1370 3576 1451">
     <span class='ocr_line' id='line_1_73' title="bbox 1980 1370 3576 1451; baseline 0.004 -23"><span class='ocrx_word' id='word_1_556' title='bbox 1980 1370 2151 1431; x_wconf 88' lang='lat' dir='ltr'><strong>fames</strong></span> <span class='ocrx_word' id='word_1_557' title='bbox 2179 1382 2346 1430; x_wconf 86' lang='lat' dir='ltr'><strong>totum</strong></span> <span class='ocrx_word' id='word_1_558' title='bbox 2374 1375 2561 1432; x_wconf 79' lang='lat' dir='ltr'><strong>orbem</strong></span> <span class='ocrx_word' id='word_1_559' title='bbox 2591 1376 2835 1433; x_wconf 79' lang='lat' dir='ltr'><strong>invasura</strong></span> <span class='ocrx_word' id='word_1_560' title='bbox 2860 1388 3023 1446; x_wconf 83' lang='lat' dir='ltr'><strong>esset,</strong></span> <span class='ocrx_word' id='word_1_561' title='bbox 3052 1379 3212 1451; x_wconf 86' lang='lat' dir='ltr'><strong>hujus</strong></span> <span class='ocrx_word' id='word_1_562' title='bbox 3238 1379 3469 1437; x_wconf 80' lang='lat' dir='ltr'><strong>civitatis</strong></span> <span class='ocrx_word' id='word_1_563' title='bbox 3486 1379 3576 1436; x_wconf 83' lang='lat' dir='ltr'><strong>in-</strong></span> 
     </span>
    </p>
   </div>
   <div class='ocr_carea' id='block_1_74' title="bbox 1980 1462 3574 1543">
    <p class='ocr_par' dir='ltr' id='par_1_74' title="bbox 1980 1462 3574 1543">
     <span class='ocr_line' id='line_1_74' title="bbox 1980 1462 3574 1543; baseline 0.005 -26"><span class='ocrx_word' id='word_1_564' title='bbox 1980 1462 2124 1518; x_wconf 74' lang='lat' dir='ltr'><strong>cola:</strong></span> <span class='ocrx_word' id='word_1_565' title='bbox 2145 1463 2628 1539; x_wconf 84' lang='lat' dir='ltr'><strong>Jerosolymilanis,</strong></span> <span class='ocrx_word' id='word_1_566' title='bbox 2689 1468 2878 1525; x_wconf 85' lang='lat' dir='ltr'><strong>iisdem</strong></span> <span class='ocrx_word' id='word_1_567' title='bbox 2922 1470 3072 1542; x_wconf 85' lang='lat' dir='ltr'><strong>ipsis,</strong></span> <span class='ocrx_word' id='word_1_568' title='bbox 3120 1471 3188 1527; x_wconf 91' lang='lat' dir='ltr'><strong>de</strong></span> <span class='ocrx_word' id='word_1_569' title='bbox 3231 1472 3424 1542; x_wconf 89' lang='lat' dir='ltr'><strong>quibus</strong></span> <span class='ocrx_word' id='word_1_570' title='bbox 3461 1471 3574 1543; x_wconf 83' lang='lat' dir='ltr'><strong>jam</strong></span> 
     </span>
    </p>
   </div>
   <div class='ocr_carea' id='block_1_75' title="bbox 1982 1556 3574 1633">
    <p class='ocr_par' dir='ltr' id='par_1_75' title="bbox 1982 1556 3574 1633">
     <span class='ocr_line' id='line_1_75' title="bbox 1982 1556 3574 1633; baseline 0.006 -24"><span class='ocrx_word' id='word_1_571' title='bbox 1982 1569 2159 1611; x_wconf 89' lang='lat' dir='ltr'><strong>sermo</strong></span> <span class='ocrx_word' id='word_1_572' title='bbox 2201 1556 2444 1626; x_wconf 89' lang='lat' dir='ltr'><strong>habetur,</strong></span> <span class='ocrx_word' id='word_1_573' title='bbox 2487 1575 2585 1632; x_wconf 84' lang='lat' dir='ltr'><strong>per</strong></span> <span class='ocrx_word' id='word_1_574' title='bbox 2622 1558 2919 1619; x_wconf 84' lang='lat' dir='ltr'><strong>Barnabam</strong></span> <span class='ocrx_word' id='word_1_575' title='bbox 2961 1571 3016 1618; x_wconf 90' lang='lat' dir='ltr'><strong>et</strong></span> <span class='ocrx_word' id='word_1_576' title='bbox 3059 1563 3281 1619; x_wconf 89' lang='lat' dir='ltr'><strong>Paulum</strong></span> <span class='ocrx_word' id='word_1_577' title='bbox 3322 1563 3574 1633; x_wconf 86' lang='lat' dir='ltr'><strong>pecunias</strong></span> 
     </span>
    </p>
   </div>
   <div class='ocr_carea' id='block_1_76' title="bbox 1982 1652 3577 1727">
    <p class='ocr_par' dir='ltr' id='par_1_76' title="bbox 1982 1652 3577 1727">
     <span class='ocr_line' id='line_1_76' title="bbox 1982 1652 3577 1727; baseline 0.004 -25"><span class='ocrx_word' id='word_1_578' title='bbox 1982 1663 2088 1703; x_wconf 91' lang='lat' dir='ltr'><strong>non</strong></span> <span class='ocrx_word' id='word_1_579' title='bbox 2120 1666 2316 1720; x_wconf 88' lang='lat' dir='ltr'><strong>paucas</strong></span> <span class='ocrx_word' id='word_1_580' title='bbox 2336 1652 2599 1708; x_wconf 89' lang='lat' dir='ltr'><strong>miserunt</strong></span> <span class='ocrx_word' id='word_1_581' title='bbox 2631 1653 2768 1725; x_wconf 81' lang='lat' dir='ltr'><strong>(Act.</strong></span> <span class='ocrx_word' id='word_1_582' title='bbox 2800 1655 2881 1710; x_wconf 81' lang='lat' dir='ltr'><strong>ll.</strong></span> <span class='ocrx_word' id='word_1_583' title='bbox 2915 1653 3029 1727; x_wconf 81' lang='lat'><strong>50).</strong></span> <span class='ocrx_word' id='word_1_584' title='bbox 3057 1655 3173 1723; x_wconf 88' lang='lat' dir='ltr'><strong>Qua</strong></span> <span class='ocrx_word' id='word_1_585' title='bbox 3214 1654 3374 1726; x_wconf 86' lang='lat' dir='ltr'><strong>igitur</strong></span> <span class='ocrx_word' id='word_1_586' title='bbox 3411 1654 3577 1710; x_wconf 80' lang='lat' dir='ltr'><strong>fueri-</strong></span> 
     </span>
    </p>
   </div>
   <div class='ocr_carea' id='block_1_77' title="bbox 1981 1742 3577 1817">
    <p class='ocr_par' dir='ltr' id='par_1_77' title="bbox 1981 1742 3577 1817">
     <span class='ocr_line' id='line_1_77' title="bbox 1981 1742 3577 1817; baseline 0.003 -20"><span class='ocrx_word' id='word_1_587' title='bbox 1981 1754 2105 1797; x_wconf 88' lang='lat' dir='ltr'><strong>mus</strong></span> <span class='ocrx_word' id='word_1_588' title='bbox 2153 1742 2331 1809; x_wconf 85' lang='lat' dir='ltr'><strong>venia,</strong></span> <span class='ocrx_word' id='word_1_589' title='bbox 2361 1759 2466 1813; x_wconf 87' lang='lat' dir='ltr'><strong>qua</strong></span> <span class='ocrx_word' id='word_1_590' title='bbox 2516 1743 2828 1801; x_wconf 90' lang='lat' dir='ltr'><strong>defensione</strong></span> <span class='ocrx_word' id='word_1_591' title='bbox 2874 1745 3041 1816; x_wconf 84' lang='lat' dir='ltr'><strong>digni,</strong></span> <span class='ocrx_word' id='word_1_592' title='bbox 3087 1745 3300 1817; x_wconf 83' lang='lat' dir='ltr'><strong>quando</strong></span> <span class='ocrx_word' id='word_1_593' title='bbox 3341 1745 3577 1817; x_wconf 78' lang='lat' dir='ltr'><strong>majores</strong></span> 
     </span>
    </p>
   </div>
   <div class='ocr_carea' id='block_1_78' title="bbox 1981 1833 3574 1908">
    <p class='ocr_par' dir='ltr' id='par_1_78' title="bbox 1981 1833 3574 1908">
     <span class='ocr_line' id='line_1_78' title="bbox 1981 1833 3574 1908; baseline 0.001 -20"><span class='ocrx_word' id='word_1_594' title='bbox 1981 1833 2197 1904; x_wconf 89' lang='lat' dir='ltr'><strong>quidem</strong></span> <span class='ocrx_word' id='word_1_595' title='bbox 2247 1835 2414 1889; x_wconf 89' lang='lat' dir='ltr'><strong>nostri</strong></span> <span class='ocrx_word' id='word_1_596' title='bbox 2462 1834 2622 1891; x_wconf 90' lang='lat' dir='ltr'><strong>etiam</strong></span> <span class='ocrx_word' id='word_1_597' title='bbox 2670 1839 2850 1907; x_wconf 90' lang='lat' dir='ltr'><strong>procul</strong></span> <span class='ocrx_word' id='word_1_598' title='bbox 2894 1838 3098 1908; x_wconf 89' lang='lat' dir='ltr'><strong>positos</strong></span> <span class='ocrx_word' id='word_1_599' title='bbox 3149 1836 3261 1893; x_wconf 89' lang='lat' dir='ltr'><strong>suis</strong></span> <span class='ocrx_word' id='word_1_600' title='bbox 3313 1836 3574 1907; x_wconf 82' lang='lat' dir='ltr'><strong>pecuniis,</strong></span> 
     </span>
    </p>
   </div>
   <div class='ocr_carea' id='block_1_79' title="bbox 1982 1924 3575 1995">
    <p class='ocr_par' dir='ltr' id='par_1_79' title="bbox 1982 1924 3575 1995">
     <span class='ocr_line' id='line_1_79' title="bbox 1982 1924 3575 1995; baseline 0.002 -17"><span class='ocrx_word' id='word_1_601' title='bbox 1982 1924 2142 1979; x_wconf 87' lang='lat' dir='ltr'><strong>etiam</strong></span> <span class='ocrx_word' id='word_1_602' title='bbox 2164 1924 2230 1978; x_wconf 87' lang='lat' dir='ltr'><strong>ad</strong></span> <span class='ocrx_word' id='word_1_603' title='bbox 2256 1926 2398 1995; x_wconf 89' lang='lat' dir='ltr'><strong>ipsos</strong></span> <span class='ocrx_word' id='word_1_604' title='bbox 2426 1938 2800 1993; x_wconf 88' lang='lat' dir='ltr'><strong>accurrentcs,</strong></span> <span class='ocrx_word' id='word_1_605' title='bbox 2837 1929 3087 1983; x_wconf 89' lang='lat' dir='ltr'><strong>aluerunt</strong></span> <span class='ocrx_word' id='word_1_606' title='bbox 3117 1945 3131 1983; x_wconf 87' lang='lat'><strong>:</strong></span> <span class='ocrx_word' id='word_1_607' title='bbox 3163 1942 3261 1983; x_wconf 92' lang='lat' dir='ltr'><strong>nos</strong></span> <span class='ocrx_word' id='word_1_608' title='bbox 3288 1943 3418 1983; x_wconf 83' lang='lat' dir='ltr'><strong>vero</strong></span> <span class='ocrx_word' id='word_1_609' title='bbox 3439 1942 3535 1982; x_wconf 90' lang='lat' dir='ltr'><strong>eos</strong></span> <span class='ocrx_word' id='word_1_610' title='bbox 3555 1967 3575 1995; x_wconf 92' lang='lat'><strong>,</strong></span> 
     </span>
    </p>
   </div>
   <div class='ocr_carea' id='block_1_80' title="bbox 1980 2016 3577 2092">
    <p class='ocr_par' dir='ltr' id='par_1_80' title="bbox 1980 2016 3577 2092">
     <span class='ocr_line' id='line_1_80' title="bbox 1980 2016 3577 2092; baseline 0.004 -22"><span class='ocrx_word' id='word_1_611' title='bbox 1980 2016 2071 2087; x_wconf 90' lang='lat' dir='ltr'><strong>qui</strong></span> <span class='ocrx_word' id='word_1_612' title='bbox 2095 2017 2315 2073; x_wconf 87' lang='lat' dir='ltr'><strong>aliunde</strong></span> <span class='ocrx_word' id='word_1_613' title='bbox 2342 2018 2410 2073; x_wconf 87' lang='lat' dir='ltr'><strong>ad</strong></span> <span class='ocrx_word' id='word_1_614' title='bbox 2439 2035 2538 2077; x_wconf 90' lang='lat' dir='ltr'><strong>nos</strong></span> <span class='ocrx_word' id='word_1_615' title='bbox 2563 2019 2882 2092; x_wconf 83' lang='lat' dir='ltr'><strong>confugiunt</strong></span> <span class='ocrx_word' id='word_1_616' title='bbox 2900 2062 2919 2085; x_wconf 84' lang='lat'><strong>,</strong></span> <span class='ocrx_word' id='word_1_617' title='bbox 2946 2021 3194 2092; x_wconf 88' lang='lat' dir='ltr'><strong>pellimus</strong></span> <span class='ocrx_word' id='word_1_618' title='bbox 3211 2062 3229 2090; x_wconf 92' lang='lat'><strong>,</strong></span> <span class='ocrx_word' id='word_1_619' title='bbox 3254 2020 3429 2091; x_wconf 73' lang='lat' dir='ltr'><strong>deque</strong></span> <span class='ocrx_word' id='word_1_620' title='bbox 3474 2021 3577 2077; x_wconf 87' lang='lat' dir='ltr'><strong>iliis</strong></span> 
     </span>
    </p>
   </div>
   <div class='ocr_carea' id='block_1_81' title="bbox 1981 2109 3575 2183">
    <p class='ocr_par' dir='ltr' id='par_1_81' title="bbox 1981 2109 3575 2183">
     <span class='ocr_line' id='line_1_81' title="bbox 1981 2109 3575 2183; baseline 0.003 -20"><span class='ocrx_word' id='word_1_621' title='bbox 1981 2109 2217 2164; x_wconf 91' lang='lat' dir='ltr'><strong>rationes</strong></span> <span class='ocrx_word' id='word_1_622' title='bbox 2258 2109 2577 2179; x_wconf 82' lang='lat' dir='ltr'><strong>expetimus,</strong></span> <span class='ocrx_word' id='word_1_623' title='bbox 2632 2127 2754 2167; x_wconf 90' lang='lat' dir='ltr'><strong>cum</strong></span> <span class='ocrx_word' id='word_1_624' title='bbox 2797 2113 3029 2168; x_wconf 86' lang='lat' dir='ltr'><strong>sciamus</strong></span> <span class='ocrx_word' id='word_1_625' title='bbox 3075 2127 3175 2167; x_wconf 92' lang='lat' dir='ltr'><strong>nos</strong></span> <span class='ocrx_word' id='word_1_626' title='bbox 3227 2112 3575 2183; x_wconf 86' lang='lat' dir='ltr'><strong>plurimorum</strong></span> 
     </span>
    </p>
   </div>
   <div class='ocr_carea' id='block_1_82' title="bbox 1980 2200 3578 2273">
    <p class='ocr_par' dir='ltr' id='par_1_82' title="bbox 1980 2200 3578 2273">
     <span class='ocr_line' id='line_1_82' title="bbox 1980 2200 3578 2273; baseline 0.002 -18"><span class='ocrx_word' id='word_1_627' title='bbox 1980 2200 2245 2255; x_wconf 90' lang='lat' dir='ltr'><strong>malorum</strong></span> <span class='ocrx_word' id='word_1_628' title='bbox 2284 2216 2406 2257; x_wconf 89' lang='lat' dir='ltr'><strong>esse</strong></span> <span class='ocrx_word' id='word_1_629' title='bbox 2433 2203 2597 2257; x_wconf 82' lang='lat' dir='ltr'><strong>reos?</strong></span> <span class='ocrx_word' id='word_1_630' title='bbox 2621 2202 2774 2270; x_wconf 85' lang='lat' dir='ltr'><strong>Quod</strong></span> <span class='ocrx_word' id='word_1_631' title='bbox 2802 2204 2849 2258; x_wconf 90' lang='lat' dir='ltr'><strong>si</strong></span> <span class='ocrx_word' id='word_1_632' title='bbox 2891 2203 3034 2259; x_wconf 85' lang='lat' dir='ltr'><strong>Deus</strong></span> <span class='ocrx_word' id='word_1_633' title='bbox 3063 2203 3132 2258; x_wconf 88' lang='lat' dir='ltr'><strong>ita</strong></span> <span class='ocrx_word' id='word_1_634' title='bbox 3154 2203 3437 2273; x_wconf 78' lang='lat' dir='ltr'><strong>diligetm-r</strong></span> <span class='ocrx_word' id='word_1_635' title='bbox 3478 2221 3578 2259; x_wconf 82' lang='lat' dir='ltr'><strong>nos</strong></span> 
     </span>
    </p>
   </div>
   <div class='ocr_carea' id='block_1_83' title="bbox 1979 2294 3577 2365">
    <p class='ocr_par' dir='ltr' id='par_1_83' title="bbox 1979 2294 3577 2365">
     <span class='ocr_line' id='line_1_83' title="bbox 1979 2294 3577 2365; baseline 0.003 -18"><span class='ocrx_word' id='word_1_636' title='bbox 1979 2299 2330 2357; x_wconf 85' lang='lat' dir='ltr'><strong>scrutaretur,</strong></span> <span class='ocrx_word' id='word_1_637' title='bbox 2361 2299 2421 2346; x_wconf 88' lang='lat' dir='ltr'><strong>ut</strong></span> <span class='ocrx_word' id='word_1_638' title='bbox 2448 2306 2547 2348; x_wconf 89' lang='lat' dir='ltr'><strong>nos</strong></span> <span class='ocrx_word' id='word_1_639' title='bbox 2571 2307 2786 2350; x_wconf 85' lang='lat' dir='ltr'><strong>causam</strong></span> <span class='ocrx_word' id='word_1_640' title='bbox 2802 2308 3118 2365; x_wconf 87' lang='lat' dir='ltr'><strong>pauperum,</strong></span> <span class='ocrx_word' id='word_1_641' title='bbox 3139 2294 3339 2351; x_wconf 86' lang='lat' dir='ltr'><strong>nullam</strong></span> <span class='ocrx_word' id='word_1_642' title='bbox 3365 2294 3577 2351; x_wconf 84' lang='lat' dir='ltr'><strong>veniam</strong></span> 
     </span>
    </p>
   </div>
   <div class='ocr_carea' id='block_1_84' title="bbox 1977 2381 3576 2455">
    <p class='ocr_par' dir='ltr' id='par_1_84' title="bbox 1977 2381 3576 2455">
     <span class='ocr_line' id='line_1_84' title="bbox 1977 2381 3576 2455; baseline 0.003 -20"><span class='ocrx_word' id='word_1_643' title='bbox 1977 2381 2063 2436; x_wconf 87' lang='lat' dir='ltr'><strong>vel</strong></span> <span class='ocrx_word' id='word_1_644' title='bbox 2087 2381 2510 2437; x_wconf 89' lang='lat' dir='ltr'><strong>misericordiam</strong></span> <span class='ocrx_word' id='word_1_645' title='bbox 2535 2397 3020 2453; x_wconf 89' lang='lat' dir='ltr'><strong>consequeremur:</strong></span> <span class='ocrx_word' id='word_1_646' title='bbox 3050 2383 3117 2438; x_wconf 85' lang='lat' dir='ltr'><strong>In</strong></span> <span class='ocrx_word' id='word_1_647' title='bbox 3137 2400 3236 2455; x_wconf 83' lang='lat' dir='ltr'><strong>quo</strong></span> <span class='ocrx_word' id='word_1_648' title='bbox 3259 2385 3401 2439; x_wconf 90' lang='lat' dir='ltr'><strong>enim</strong></span> <span class='ocrx_word' id='word_1_649' title='bbox 3423 2385 3545 2455; x_wconf 82' lang='lat' dir='ltr'><strong>judi</strong></span> <span class='ocrx_word' id='word_1_650' title='bbox 3560 2412 3576 2426; x_wconf 87' lang='lat'><strong>-</strong></span> 
     </span>
    </p>
   </div>
   <div class='ocr_carea' id='block_1_85' title="bbox 1978 2472 3575 2547">
    <p class='ocr_par' dir='ltr' id='par_1_85' title="bbox 1978 2472 3575 2547">
     <span class='ocr_line' id='line_1_85' title="bbox 1978 2472 3575 2547; baseline 0 -20"><span class='ocrx_word' id='word_1_651' title='bbox 1978 2473 2078 2539; x_wconf 81' lang='lat' dir='ltr'><strong>cio,</strong></span> <span class='ocrx_word' id='word_1_652' title='bbox 2109 2472 2299 2543; x_wconf 83' lang='lat' dir='ltr'><strong>inquit,</strong></span> <span class='ocrx_word' id='word_1_653' title='bbox 2321 2472 2639 2545; x_wconf 84' lang='lat' dir='ltr'><strong>judicabitis,</strong></span> <span class='ocrx_word' id='word_1_654' title='bbox 2655 2474 3013 2546; x_wconf 85' lang='lat' dir='ltr'><strong>judicabimini</strong></span> <span class='ocrx_word' id='word_1_655' title='bbox 3041 2474 3255 2545; x_wconf 80' lang='lat' dir='ltr'><strong>(Matth.</strong></span> <span class='ocrx_word' id='word_1_656' title='bbox 3278 2472 3422 2547; x_wconf 72' lang='lat'><strong>7.2).</strong></span> <span class='ocrx_word' id='word_1_657' title='bbox 3448 2475 3575 2530; x_wconf 85' lang='lat' dir='ltr'><strong>Esto</strong></span> 
     </span>
    </p>
   </div>
   <div class='ocr_carea' id='block_1_86' title="bbox 1978 2564 3577 2637">
    <p class='ocr_par' dir='ltr' id='par_1_86' title="bbox 1978 2564 3577 2637">
     <span class='ocr_line' id='line_1_86' title="bbox 1978 2564 3577 2637; baseline -0.001 -17"><span class='ocrx_word' id='word_1_658' title='bbox 1978 2564 2139 2636; x_wconf 85' lang='lat' dir='ltr'><strong>igitur</strong></span> <span class='ocrx_word' id='word_1_659' title='bbox 2188 2565 2448 2635; x_wconf 83' lang='lat' dir='ltr'><strong>benignus</strong></span> <span class='ocrx_word' id='word_1_660' title='bbox 2497 2564 2870 2637; x_wconf 73' lang='lat' dir='ltr'><strong>humanasque</strong></span> <span class='ocrx_word' id='word_1_661' title='bbox 2917 2581 3180 2623; x_wconf 85' lang='lat' dir='ltr'><strong>conservo</strong></span> <span class='ocrx_word' id='word_1_662' title='bbox 3235 2583 3249 2620; x_wconf 90' lang='lat'><strong>:</strong></span> <span class='ocrx_word' id='word_1_663' title='bbox 3301 2566 3577 2637; x_wconf 88' lang='lat' dir='ltr'><strong>multaque</strong></span> 
     </span>
    </p>
   </div>
   <div class='ocr_carea' id='block_1_87' title="bbox 1978 2655 3574 2728">
    <p class='ocr_par' dir='ltr' id='par_1_87' title="bbox 1978 2655 3574 2728">
     <span class='ocr_line' id='line_1_87' title="bbox 1978 2655 3574 2728; baseline 0.001 -18"><span class='ocrx_word' id='word_1_664' title='bbox 1978 2665 2195 2726; x_wconf 88' lang='lat' dir='ltr'><strong>peccata</strong></span> <span class='ocrx_word' id='word_1_665' title='bbox 2226 2655 2435 2712; x_wconf 89' lang='lat' dir='ltr'><strong>dimitte</strong></span> <span class='ocrx_word' id='word_1_666' title='bbox 2454 2698 2470 2724; x_wconf 95' lang='lat'><strong>,</strong></span> <span class='ocrx_word' id='word_1_667' title='bbox 2512 2672 2577 2712; x_wconf 91' lang='lat' dir='ltr'><strong>ac</strong></span> <span class='ocrx_word' id='word_1_668' title='bbox 2603 2658 3025 2715; x_wconf 89' lang='lat' dir='ltr'><strong>misericordiam</strong></span> <span class='ocrx_word' id='word_1_669' title='bbox 3053 2673 3273 2724; x_wconf 79' lang='lat' dir='ltr'><strong>exerce,</strong></span> <span class='ocrx_word' id='word_1_670' title='bbox 3299 2666 3360 2713; x_wconf 92' lang='lat' dir='ltr'><strong>ut</strong></span> <span class='ocrx_word' id='word_1_671' title='bbox 3381 2668 3436 2713; x_wconf 88' lang='lat' dir='ltr'><strong>et</strong></span> <span class='ocrx_word' id='word_1_672' title='bbox 3461 2658 3574 2728; x_wconf 88' lang='lat' dir='ltr'><strong>ipse</strong></span> 
     </span>
    </p>
   </div>
   <div class='ocr_carea' id='block_1_88' title="bbox 1978 2746 3571 2818">
    <p class='ocr_par' dir='ltr' id='par_1_88' title="bbox 1978 2746 3571 2818">
     <span class='ocr_line' id='line_1_88' title="bbox 1978 2746 3571 2818; baseline 0.001 -18"><span class='ocrx_word' id='word_1_673' title='bbox 1978 2746 2140 2801; x_wconf 88' lang='lat' dir='ltr'><strong>talem</strong></span> <span class='ocrx_word' id='word_1_674' title='bbox 2184 2747 2441 2816; x_wconf 89' lang='lat' dir='ltr'><strong>impetres</strong></span> <span class='ocrx_word' id='word_1_675' title='bbox 2496 2749 2836 2803; x_wconf 84' lang='lat' dir='ltr'><strong>sententiam.</strong></span> <span class='ocrx_word' id='word_1_676' title='bbox 2878 2747 3015 2817; x_wconf 86' lang='lat' dir='ltr'><strong>Quid</strong></span> <span class='ocrx_word' id='word_1_677' title='bbox 3068 2748 3161 2803; x_wconf 88' lang='lat' dir='ltr'><strong>tibi</strong></span> <span class='ocrx_word' id='word_1_678' title='bbox 3210 2747 3312 2818; x_wconf 85' lang='lat' dir='ltr'><strong>ipsi</strong></span> <span class='ocrx_word' id='word_1_679' title='bbox 3362 2748 3571 2817; x_wconf 85' lang='lat' dir='ltr'><strong>negotia</strong></span> 
     </span>
    </p>
   </div>
   <div class='ocr_carea' id='block_1_89' title="bbox 1977 2836 3575 2911">
    <p class='ocr_par' dir='ltr' id='par_1_89' title="bbox 1977 2836 3575 2911">
     <span class='ocr_line' id='line_1_89' title="bbox 1977 2836 3575 2911; baseline 0.003 -19"><span class='ocrx_word' id='word_1_680' title='bbox 1977 2836 2238 2894; x_wconf 75' lang='lat' dir='ltr'><strong>lacessis?</strong></span> <span class='ocrx_word' id='word_1_681' title='bbox 2266 2838 2392 2910; x_wconf 88' lang='lat' dir='ltr'><strong>quid</strong></span> <span class='ocrx_word' id='word_1_682' title='bbox 2420 2840 2633 2895; x_wconf 81' lang='lat' dir='ltr'><strong>curiose</strong></span> <span class='ocrx_word' id='word_1_683' title='bbox 2662 2841 2957 2897; x_wconf 80' lang='lat' dir='ltr'><strong>scrutaris?</strong></span> <span class='ocrx_word' id='word_1_684' title='bbox 2983 2839 3040 2896; x_wconf 91' lang='lat' dir='ltr'><strong>Si</strong></span> <span class='ocrx_word' id='word_1_685' title='bbox 3070 2840 3211 2896; x_wconf 88' lang='lat' dir='ltr'><strong>Deus</strong></span> <span class='ocrx_word' id='word_1_686' title='bbox 3233 2840 3575 2911; x_wconf 67' lang='lat' dir='ltr'><strong>praecepisset</strong></span> 
     </span>
    </p>
   </div>
   <div class='ocr_carea' id='block_1_90' title="bbox 1977 2928 3572 3001">
    <p class='ocr_par' dir='ltr' id='par_1_90' title="bbox 1977 2928 3572 3001">
     <span class='ocr_line' id='line_1_90' title="bbox 1977 2928 3572 3001; baseline -0.001 -17"><span class='ocrx_word' id='word_1_687' title='bbox 1977 2937 2034 2984; x_wconf 90' lang='lat' dir='ltr'><strong>ut</strong></span> <span class='ocrx_word' id='word_1_688' title='bbox 2053 2928 2280 2984; x_wconf 90' lang='lat' dir='ltr'><strong>aliorum</strong></span> <span class='ocrx_word' id='word_1_689' title='bbox 2300 2931 2461 2984; x_wconf 86' lang='lat' dir='ltr'><strong>vitam</strong></span> <span class='ocrx_word' id='word_1_690' title='bbox 2482 2940 2865 2997; x_wconf 75' lang='lat' dir='ltr'><strong>scrutarentur,</strong></span> <span class='ocrx_word' id='word_1_691' title='bbox 2886 2932 3121 2986; x_wconf 90' lang='lat' dir='ltr'><strong>rationes</strong></span> <span class='ocrx_word' id='word_1_692' title='bbox 3136 2945 3572 3001; x_wconf 83' lang='lat' dir='ltr'><strong>exposceremus,</strong></span> 
     </span>
    </p>
   </div>
   <div class='ocr_carea' id='block_1_91' title="bbox 1977 3020 3570 3103">
    <p class='ocr_par' dir='ltr' id='par_1_91' title="bbox 1977 3020 3570 3103">
     <span class='ocr_line' id='line_1_91' title="bbox 1977 3020 3570 3103; baseline 0.001 -30"><span class='ocrx_word' id='word_1_693' title='bbox 1977 3032 2261 3089; x_wconf 86' lang='lat' dir='ltr'><strong>moresque</strong></span> <span class='ocrx_word' id='word_1_694' title='bbox 2291 3021 2505 3076; x_wconf 76' lang='lat' dir='ltr'><strong>curiose</strong></span> <span class='ocrx_word' id='word_1_695' title='bbox 2524 3020 2964 3091; x_wconf 87' lang='lat' dir='ltr'><strong>disquireremus,</strong></span> <span class='ocrx_word' id='word_1_696' title='bbox 2991 3037 3170 3077; x_wconf 89' lang='lat' dir='ltr'><strong>annon</strong></span> <span class='ocrx_word' id='word_1_697' title='bbox 3196 3021 3347 3076; x_wconf 90' lang='lat' dir='ltr'><strong>multi</strong></span> <span class='ocrx_word' id='word_1_698' title='bbox 3376 3022 3426 3076; x_wconf 89' lang='lat' dir='ltr'><strong>id</strong></span> <span class='ocrx_word' id='word_1_699' title='bbox 3454 3035 3570 3103; x_wconf 79' lang='lat' dir='ltr'><strong>mo—</strong></span> 
     </span>
    </p>
   </div>
   <div class='ocr_carea' id='block_1_92' title="bbox 1979 3108 3575 3183">
    <p class='ocr_par' dir='ltr' id='par_1_92' title="bbox 1979 3108 3575 3183">
     <span class='ocr_line' id='line_1_92' title="bbox 1979 3108 3575 3183; baseline 0.004 -19"><span class='ocrx_word' id='word_1_700' title='bbox 1979 3108 2115 3166; x_wconf 91' lang='lat' dir='ltr'><strong>leste</strong></span> <span class='ocrx_word' id='word_1_701' title='bbox 2136 3109 2374 3166; x_wconf 86' lang='lat' dir='ltr'><strong>ferrent?</strong></span> <span class='ocrx_word' id='word_1_702' title='bbox 2395 3126 2574 3167; x_wconf 89' lang='lat' dir='ltr'><strong>annon</strong></span> <span class='ocrx_word' id='word_1_703' title='bbox 2605 3113 2741 3167; x_wconf 89' lang='lat' dir='ltr'><strong>intra</strong></span> <span class='ocrx_word' id='word_1_704' title='bbox 2764 3127 2824 3168; x_wconf 91' lang='lat' dir='ltr'><strong>se</strong></span> <span class='ocrx_word' id='word_1_705' title='bbox 2849 3112 3108 3177; x_wconf 89' lang='lat' dir='ltr'><strong>dicerent,</strong></span> <span class='ocrx_word' id='word_1_706' title='bbox 3136 3113 3273 3180; x_wconf 85' lang='lat' dir='ltr'><strong>Quid</strong></span> <span class='ocrx_word' id='word_1_707' title='bbox 3295 3113 3452 3183; x_wconf 87' lang='lat' dir='ltr'><strong>igitur</strong></span> <span class='ocrx_word' id='word_1_708' title='bbox 3472 3112 3575 3170; x_wconf 79' lang='lat' dir='ltr'><strong>hoc</strong></span> 
     </span>
    </p>
   </div>
   <div class='ocr_carea' id='block_1_93' title="bbox 1976 3202 3573 3276">
    <p class='ocr_par' dir='ltr' id='par_1_93' title="bbox 1976 3202 3573 3276">
     <span class='ocr_line' id='line_1_93' title="bbox 1976 3202 3573 3276; baseline 0.002 -19"><span class='ocrx_word' id='word_1_709' title='bbox 1976 3202 2094 3257; x_wconf 76' lang='lat' dir='ltr'><strong>est?</strong></span> <span class='ocrx_word' id='word_1_710' title='bbox 2120 3202 2393 3258; x_wconf 90' lang='lat' dir='ltr'><strong>difficilem</strong></span> <span class='ocrx_word' id='word_1_711' title='bbox 2423 3204 2577 3260; x_wconf 88' lang='lat' dir='ltr'><strong>nobis</strong></span> <span class='ocrx_word' id='word_1_712' title='bbox 2620 3220 2733 3260; x_wconf 90' lang='lat' dir='ltr'><strong>rem</strong></span> <span class='ocrx_word' id='word_1_713' title='bbox 2764 3206 2903 3260; x_wconf 93' lang='lat' dir='ltr'><strong>Deus</strong></span> <span class='ocrx_word' id='word_1_714' title='bbox 2935 3206 3259 3276; x_wconf 79' lang='lat' dir='ltr'><strong>praescripsit</strong></span> <span class='ocrx_word' id='word_1_715' title='bbox 3288 3224 3302 3261; x_wconf 92' lang='lat'><strong>:</strong></span> <span class='ocrx_word' id='word_1_716' title='bbox 3333 3222 3400 3261; x_wconf 92' lang='lat' dir='ltr'><strong>an</strong></span> <span class='ocrx_word' id='word_1_717' title='bbox 3445 3220 3573 3276; x_wconf 89' lang='lat' dir='ltr'><strong>pos-</strong></span> 
     </span>
    </p>
   </div>
   <div class='ocr_carea' id='block_1_94' title="bbox 1976 3294 3572 3367">
    <p class='ocr_par' dir='ltr' id='par_1_94' title="bbox 1976 3294 3572 3367">
     <span class='ocr_line' id='line_1_94' title="bbox 1976 3294 3572 3367; baseline 0.002 -20"><span class='ocrx_word' id='word_1_718' title='bbox 1976 3308 2160 3349; x_wconf 80' lang='lat' dir='ltr'><strong>sumus</strong></span> <span class='ocrx_word' id='word_1_719' title='bbox 2185 3294 2413 3350; x_wconf 83' lang='lat' dir='ltr'><strong>aliorum</strong></span> <span class='ocrx_word' id='word_1_720' title='bbox 2445 3295 2607 3350; x_wconf 86' lang='lat' dir='ltr'><strong>vitam</strong></span> <span class='ocrx_word' id='word_1_721' title='bbox 2636 3297 2985 3352; x_wconf 80' lang='lat' dir='ltr'><strong>examinare?</strong></span> <span class='ocrx_word' id='word_1_722' title='bbox 3023 3313 3148 3352; x_wconf 86' lang='lat' dir='ltr'><strong>num</strong></span> <span class='ocrx_word' id='word_1_723' title='bbox 3184 3296 3386 3352; x_wconf 80' lang='lat' dir='ltr'><strong>scimus</strong></span> <span class='ocrx_word' id='word_1_724' title='bbox 3423 3313 3572 3367; x_wconf 70' lang='lat' dir='ltr'><strong>qure-</strong></span> 
     </span>
    </p>
   </div>
   <div class='ocr_carea' id='block_1_95' title="bbox 1976 3385 3567 3456">
    <p class='ocr_par' dir='ltr' id='par_1_95' title="bbox 1976 3385 3567 3456">
     <span class='ocr_line' id='line_1_95' title="bbox 1976 3385 3567 3456; baseline 0.001 -18"><span class='ocrx_word' id='word_1_725' title='bbox 1976 3399 2099 3438; x_wconf 88' lang='lat' dir='ltr'><strong>uam</strong></span> <span class='ocrx_word' id='word_1_726' title='bbox 2130 3385 2220 3441; x_wconf 93' lang='lat' dir='ltr'><strong>ille</strong></span> <span class='ocrx_word' id='word_1_727' title='bbox 2246 3386 2366 3440; x_wconf 90' lang='lat' dir='ltr'><strong>talis</strong></span> <span class='ocrx_word' id='word_1_728' title='bbox 2397 3394 2612 3456; x_wconf 87' lang='lat' dir='ltr'><strong>peccata</strong></span> <span class='ocrx_word' id='word_1_729' title='bbox 2633 3387 2951 3443; x_wconf 84' lang='lat' dir='ltr'><strong>admiserit?</strong></span> <span class='ocrx_word' id='word_1_730' title='bbox 2974 3388 3166 3442; x_wconf 83' lang='lat' dir='ltr'><strong>Attnon</strong></span> <span class='ocrx_word' id='word_1_731' title='bbox 3198 3388 3347 3442; x_wconf 87' lang='lat' dir='ltr'><strong>multi</strong></span> <span class='ocrx_word' id='word_1_732' title='bbox 3376 3388 3567 3443; x_wconf 81' lang='lat' dir='ltr'><strong>similia</strong></span> 
     </span>
    </p>
   </div>
   <div class='ocr_carea' id='block_1_96' title="bbox 1976 3477 3568 3550">
    <p class='ocr_par' dir='ltr' id='par_1_96' title="bbox 1976 3477 3568 3550">
     <span class='ocr_line' id='line_1_96' title="bbox 1976 3477 3568 3550; baseline 0.001 -19"><span class='ocrx_word' id='word_1_733' title='bbox 1976 3477 2205 3546; x_wconf 89' lang='lat' dir='ltr'><strong>plurima</strong></span> <span class='ocrx_word' id='word_1_734' title='bbox 2230 3477 2509 3533; x_wconf 79' lang='lat' dir='ltr'><strong>dicerent?</strong></span> <span class='ocrx_word' id='word_1_735' title='bbox 2536 3478 2688 3534; x_wconf 86' lang='lat' dir='ltr'><strong>Nunc</strong></span> <span class='ocrx_word' id='word_1_736' title='bbox 2712 3495 2860 3547; x_wconf 89' lang='lat' dir='ltr'><strong>vero,</strong></span> <span class='ocrx_word' id='word_1_737' title='bbox 2890 3494 3012 3534; x_wconf 90' lang='lat' dir='ltr'><strong>cum</strong></span> <span class='ocrx_word' id='word_1_738' title='bbox 3043 3494 3142 3534; x_wconf 89' lang='lat' dir='ltr'><strong>nos</strong></span> <span class='ocrx_word' id='word_1_739' title='bbox 3168 3481 3235 3533; x_wconf 90' lang='lat' dir='ltr'><strong>ab</strong></span> <span class='ocrx_word' id='word_1_740' title='bbox 3264 3478 3568 3550; x_wconf 76' lang='lat' dir='ltr'><strong>hujusmodi</strong></span> 
     </span>
    </p>
   </div>
   <div class='ocr_carea' id='block_1_97' title="bbox 1975 3569 3568 3641">
    <p class='ocr_par' dir='ltr' id='par_1_97' title="bbox 1975 3569 3568 3641">
     <span class='ocr_line' id='line_1_97' title="bbox 1975 3569 3568 3641; baseline 0.001 -16"><span class='ocrx_word' id='word_1_741' title='bbox 1975 3569 2360 3640; x_wconf 89' lang='lat' dir='ltr'><strong>perquisitione</strong></span> <span class='ocrx_word' id='word_1_742' title='bbox 2385 3570 2650 3638; x_wconf 84' lang='lat' dir='ltr'><strong>liberavit,</strong></span> <span class='ocrx_word' id='word_1_743' title='bbox 2671 3585 2734 3625; x_wconf 90' lang='lat' dir='ltr'><strong>ac</strong></span> <span class='ocrx_word' id='word_1_744' title='bbox 2764 3570 3065 3626; x_wconf 88' lang='lat' dir='ltr'><strong>mercedem</strong></span> <span class='ocrx_word' id='word_1_745' title='bbox 3093 3570 3249 3626; x_wconf 90' lang='lat' dir='ltr'><strong>nobis</strong></span> <span class='ocrx_word' id='word_1_746' title='bbox 3281 3571 3568 3641; x_wconf 81' lang='lat' dir='ltr'><strong>perfectam</strong></span> 
     </span>
    </p>
   </div>
   <div class='ocr_carea' id='block_1_98' title="bbox 1977 3662 3569 3732">
    <p class='ocr_par' dir='ltr' id='par_1_98' title="bbox 1977 3662 3569 3732">
     <span class='ocr_line' id='line_1_98' title="bbox 1977 3662 3569 3732; baseline 0.001 -15"><span class='ocrx_word' id='word_1_747' title='bbox 1977 3677 2038 3717; x_wconf 88' lang='lat' dir='ltr'><strong>se</strong></span> <span class='ocrx_word' id='word_1_748' title='bbox 2066 3662 2315 3717; x_wconf 88' lang='lat' dir='ltr'><strong>daturum</strong></span> <span class='ocrx_word' id='word_1_749' title='bbox 2338 3663 2606 3732; x_wconf 86' lang='lat' dir='ltr'><strong>pollicitus</strong></span> <span class='ocrx_word' id='word_1_750' title='bbox 2626 3671 2739 3729; x_wconf 88' lang='lat' dir='ltr'><strong>est,</strong></span> <span class='ocrx_word' id='word_1_751' title='bbox 2776 3664 2892 3719; x_wconf 86' lang='lat' dir='ltr'><strong>sive</strong></span> <span class='ocrx_word' id='word_1_752' title='bbox 2925 3664 3050 3718; x_wconf 87' lang='lat' dir='ltr'><strong>mali</strong></span> <span class='ocrx_word' id='word_1_753' title='bbox 3077 3664 3192 3719; x_wconf 85' lang='lat' dir='ltr'><strong>sive</strong></span> <span class='ocrx_word' id='word_1_754' title='bbox 3227 3663 3353 3719; x_wconf 90' lang='lat' dir='ltr'><strong>boni</strong></span> <span class='ocrx_word' id='word_1_755' title='bbox 3384 3664 3491 3718; x_wconf 91' lang='lat' dir='ltr'><strong>sint</strong></span> <span class='ocrx_word' id='word_1_756' title='bbox 3510 3663 3569 3729; x_wconf 82' lang='lat' dir='ltr'><strong>ii,</strong></span> 
     </span>
    </p>
   </div>
   <div class='ocr_carea' id='block_1_99' title="bbox 1974 3752 3570 3823">
    <p class='ocr_par' dir='ltr' id='par_1_99' title="bbox 1974 3752 3570 3823">
     <span class='ocr_line' id='line_1_99' title="bbox 1974 3752 3570 3823; baseline 0.001 -17"><span class='ocrx_word' id='word_1_757' title='bbox 1974 3754 2062 3823; x_wconf 88' lang='lat' dir='ltr'><strong>qui</strong></span> <span class='ocrx_word' id='word_1_758' title='bbox 2114 3753 2402 3822; x_wconf 89' lang='lat' dir='ltr'><strong>accipiunt,</strong></span> <span class='ocrx_word' id='word_1_759' title='bbox 2433 3752 2586 3807; x_wconf 91' lang='lat' dir='ltr'><strong>nobis</strong></span> <span class='ocrx_word' id='word_1_760' title='bbox 2638 3753 2768 3823; x_wconf 88' lang='lat' dir='ltr'><strong>ipsis</strong></span> <span class='ocrx_word' id='word_1_761' title='bbox 2812 3754 3083 3823; x_wconf 89' lang='lat' dir='ltr'><strong>negotium</strong></span> <span class='ocrx_word' id='word_1_762' title='bbox 3134 3754 3457 3808; x_wconf 83' lang='lat' dir='ltr'><strong>lacessimus.</strong></span> <span class='ocrx_word' id='word_1_763' title='bbox 3507 3754 3570 3808; x_wconf 67' lang='lat' dir='ltr'><strong>lit</strong></span> 
     </span>
    </p>
   </div>
   <div class='ocr_carea' id='block_1_100' title="bbox 1976 3844 3567 3915">
    <p class='ocr_par' dir='ltr' id='par_1_100' title="bbox 1976 3844 3567 3915">
     <span class='ocr_line' id='line_1_100' title="bbox 1976 3844 3567 3915; baseline 0.002 -17"><span class='ocrx_word' id='word_1_764' title='bbox 1976 3845 2118 3900; x_wconf 89' lang='lat' dir='ltr'><strong>unde</strong></span> <span class='ocrx_word' id='word_1_765' title='bbox 2146 3845 2251 3900; x_wconf 88' lang='lat' dir='ltr'><strong>hoc</strong></span> <span class='ocrx_word' id='word_1_766' title='bbox 2276 3846 2461 3915; x_wconf 91' lang='lat' dir='ltr'><strong>liquet,</strong></span> <span class='ocrx_word' id='word_1_767' title='bbox 2492 3846 2723 3915; x_wconf 89' lang='lat' dir='ltr'><strong>inquies,</strong></span> <span class='ocrx_word' id='word_1_768' title='bbox 2754 3845 2895 3915; x_wconf 90' lang='lat' dir='ltr'><strong>quod</strong></span> <span class='ocrx_word' id='word_1_769' title='bbox 2925 3846 3039 3900; x_wconf 89' lang='lat' dir='ltr'><strong>sive</strong></span> <span class='ocrx_word' id='word_1_770' title='bbox 3067 3844 3246 3910; x_wconf 89' lang='lat' dir='ltr'><strong>bouis,</strong></span> <span class='ocrx_word' id='word_1_771' title='bbox 3275 3846 3388 3900; x_wconf 89' lang='lat' dir='ltr'><strong>sive</strong></span> <span class='ocrx_word' id='word_1_772' title='bbox 3416 3847 3567 3902; x_wconf 88' lang='lat' dir='ltr'><strong>malis</strong></span> 
     </span>
    </p>
   </div>
   <div class='ocr_carea' id='block_1_101' title="bbox 1970 3934 3569 4006">
    <p class='ocr_par' dir='ltr' id='par_1_101' title="bbox 1970 3934 3569 4006">
     <span class='ocr_line' id='line_1_101' title="bbox 1970 3934 3569 4006; baseline 0.001 -16"><span class='ocrx_word' id='word_1_773' title='bbox 1970 3935 2304 4002; x_wconf 85' lang='lat' dir='ltr'><strong>dederimus,</strong></span> <span class='ocrx_word' id='word_1_774' title='bbox 2327 3935 2627 3992; x_wconf 89' lang='lat' dir='ltr'><strong>mercedem</strong></span> <span class='ocrx_word' id='word_1_775' title='bbox 2651 3936 2917 4005; x_wconf 90' lang='lat' dir='ltr'><strong>accepturi</strong></span> <span class='ocrx_word' id='word_1_776' title='bbox 2947 3934 3157 3990; x_wconf 83' lang='lat' dir='ltr'><strong>simus?</strong></span> <span class='ocrx_word' id='word_1_777' title='bbox 3179 3934 3258 3989; x_wconf 90' lang='lat' dir='ltr'><strong>Eo</strong></span> <span class='ocrx_word' id='word_1_778' title='bbox 3278 3936 3419 4006; x_wconf 90' lang='lat' dir='ltr'><strong>quod</strong></span> <span class='ocrx_word' id='word_1_779' title='bbox 3454 3935 3569 4005; x_wconf 90' lang='lat' dir='ltr'><strong>ipsc</strong></span> 
     </span>
    </p>
   </div>
   <div class='ocr_carea' id='block_1_102' title="bbox 1974 4025 3564 4095">
    <p class='ocr_par' dir='ltr' id='par_1_102' title="bbox 1974 4025 3564 4095">
     <span class='ocr_line' id='line_1_102' title="bbox 1974 4025 3564 4095; baseline -0.001 -15"><span class='ocrx_word' id='word_1_780' title='bbox 1974 4025 2170 4080; x_wconf 79' lang='lat' dir='ltr'><strong>dixerit</strong></span> <span class='ocrx_word' id='word_1_781' title='bbox 2199 4044 2210 4078; x_wconf 93' lang='lat'>:</span> <span class='ocrx_word' id='word_1_782' title='bbox 2239 4026 2395 4081; x_wconf 84' lang='lat' dir='ltr'><strong>Orate</strong></span> <span class='ocrx_word' id='word_1_783' title='bbox 2417 4043 2509 4095; x_wconf 88' lang='lat' dir='ltr'><strong>pro</strong></span> <span class='ocrx_word' id='word_1_784' title='bbox 2532 4026 2908 4090; x_wconf 83' lang='lat' dir='ltr'><strong>insectantibus,</strong></span> <span class='ocrx_word' id='word_1_785' title='bbox 2941 4036 2988 4079; x_wconf 86' lang='lat' dir='ltr'><strong>et</strong></span> <span class='ocrx_word' id='word_1_786' title='bbox 3011 4025 3434 4081; x_wconf 78' lang='lat' dir='ltr'><strong>calumniantibus</strong></span> <span class='ocrx_word' id='word_1_787' title='bbox 3455 4043 3564 4092; x_wconf 69' lang='lat' dir='ltr'><strong>vos,</strong></span> 
     </span>
    </p>
   </div>
   <div class='ocr_carea' id='block_1_103' title="bbox 1976 4116 3563 4188">
    <p class='ocr_par' dir='ltr' id='par_1_103' title="bbox 1976 4116 3563 4188">
     <span class='ocr_line' id='line_1_103' title="bbox 1976 4116 3563 4188; baseline 0 -19"><span class='ocrx_word' id='word_1_788' title='bbox 1976 4128 2030 4170; x_wconf 88' lang='lat' dir='ltr'><strong>ut</strong></span> <span class='ocrx_word' id='word_1_789' title='bbox 2056 4119 2164 4171; x_wconf 84' lang='lat' dir='ltr'><strong>sitis</strong></span> <span class='ocrx_word' id='word_1_790' title='bbox 2184 4119 2373 4172; x_wconf 79' lang='lat' dir='ltr'><strong>similes</strong></span> <span class='ocrx_word' id='word_1_791' title='bbox 2390 4116 2564 4171; x_wconf 85' lang='lat' dir='ltr'><strong>Patris</strong></span> <span class='ocrx_word' id='word_1_792' title='bbox 2586 4120 2735 4171; x_wconf 77' lang='lat' dir='ltr'><strong>uestri</strong></span> <span class='ocrx_word' id='word_1_793' title='bbox 2753 4159 2768 4184; x_wconf 96' lang='lat'><strong>,</strong></span> <span class='ocrx_word' id='word_1_794' title='bbox 2797 4118 2882 4188; x_wconf 86' lang='lat' dir='ltr'><strong>qui</strong></span> <span class='ocrx_word' id='word_1_795' title='bbox 2909 4118 2962 4171; x_wconf 86' lang='lat' dir='ltr'><strong>in</strong></span> <span class='ocrx_word' id='word_1_796' title='bbox 2989 4118 3127 4171; x_wconf 75' lang='lat' dir='ltr'><strong>aclis</strong></span> <span class='ocrx_word' id='word_1_797' title='bbox 3155 4126 3228 4170; x_wconf 82' lang='lat' dir='ltr'><strong>est</strong></span> <span class='ocrx_word' id='word_1_798' title='bbox 3250 4159 3266 4184; x_wconf 94' lang='lat'><strong>,</strong></span> <span class='ocrx_word' id='word_1_799' title='bbox 3288 4118 3373 4185; x_wconf 85' lang='lat' dir='ltr'><strong>qui</strong></span> <span class='ocrx_word' id='word_1_800' title='bbox 3404 4118 3563 4169; x_wconf 78' lang='lat' dir='ltr'><strong>solem</strong></span> 
     </span>
    </p>
   </div>
   <div class='ocr_carea' id='block_1_104' title="bbox 1972 4207 3563 4281">
    <p class='ocr_par' dir='ltr' id='par_1_104' title="bbox 1972 4207 3563 4281">
     <span class='ocr_line' id='line_1_104' title="bbox 1972 4207 3563 4281; baseline -0.002 -18"><span class='ocrx_word' id='word_1_801' title='bbox 1972 4225 2117 4263; x_wconf 88' lang='lat' dir='ltr'><strong>suum</strong></span> <span class='ocrx_word' id='word_1_802' title='bbox 2145 4210 2268 4263; x_wconf 85' lang='lat' dir='ltr'><strong>oriri</strong></span> <span class='ocrx_word' id='word_1_803' title='bbox 2296 4209 2419 4281; x_wconf 80' lang='lat' dir='ltr'><strong>facit</strong></span> <span class='ocrx_word' id='word_1_804' title='bbox 2457 4226 2611 4278; x_wconf 82' lang='lat' dir='ltr'><strong>super</strong></span> <span class='ocrx_word' id='word_1_805' title='bbox 2654 4208 2809 4263; x_wconf 84' lang='lat' dir='ltr'><strong>bonos</strong></span> <span class='ocrx_word' id='word_1_806' title='bbox 2838 4217 2883 4262; x_wconf 89' lang='lat' dir='ltr'><strong>et</strong></span> <span class='ocrx_word' id='word_1_807' title='bbox 2912 4208 3095 4272; x_wconf 84' lang='lat' dir='ltr'><strong>malos,</strong></span> <span class='ocrx_word' id='word_1_808' title='bbox 3144 4216 3191 4261; x_wconf 86' lang='lat' dir='ltr'><strong>et</strong></span> <span class='ocrx_word' id='word_1_809' title='bbox 3245 4207 3373 4277; x_wconf 81' lang='lat' dir='ltr'><strong>pluit</strong></span> <span class='ocrx_word' id='word_1_810' title='bbox 3410 4222 3563 4278; x_wconf 82' lang='lat' dir='ltr'><strong>super</strong></span> 
     </span>
    </p>
   </div>
   <div class='ocr_carea' id='block_1_105' title="bbox 1965 4297 3561 4372">
    <p class='ocr_par' dir='ltr' id='par_1_105' title="bbox 1965 4297 3561 4372">
     <span class='ocr_line' id='line_1_105' title="bbox 1965 4297 3561 4372; baseline 0 -21"><span class='ocrx_word' id='word_1_811' title='bbox 1965 4302 2202 4371; x_wconf 79' lang='lat' dir='ltr'><strong>jnstoset</strong></span> <span class='ocrx_word' id='word_1_812' title='bbox 2239 4302 2457 4372; x_wconf 85' lang='lat' dir='ltr'><strong>injustas</strong></span> <span class='ocrx_word' id='word_1_813' title='bbox 2486 4300 2697 4372; x_wconf 77' lang='lat' dir='ltr'><strong>(Matth.</strong></span> <span class='ocrx_word' id='word_1_814' title='bbox 2734 4300 2789 4356; x_wconf 86' lang='lat'><strong>5.</strong></span> <span class='ocrx_word' id='word_1_815' title='bbox 2822 4301 2911 4355; x_wconf 73' lang='grc'><strong>44.</strong></span> <span class='ocrx_word' id='word_1_816' title='bbox 2942 4299 3059 4369; x_wconf 69' lang='grc'><strong>45).</strong></span> <span class='ocrx_word' id='word_1_817' title='bbox 3100 4297 3561 4365; x_wconf 85' lang='lat' dir='ltr'><strong>Quemadmodum</strong></span> 
     </span>
    </p>
   </div>
   <div class='ocr_carea' id='block_1_106' title="bbox 1973 4385 3562 4463">
    <p class='ocr_par' dir='ltr' id='par_1_106' title="bbox 1973 4385 3562 4463">
     <span class='ocr_line' id='line_1_106' title="bbox 1973 4385 3562 4463; baseline -0.004 -16"><span class='ocrx_word' id='word_1_818' title='bbox 1973 4408 2101 4463; x_wconf 81' lang='lat' dir='ltr'><strong>ergo</strong></span> <span class='ocrx_word' id='word_1_819' title='bbox 2129 4392 2386 4448; x_wconf 78' lang='lat' dir='ltr'><strong>Dominus</strong></span> <span class='ocrx_word' id='word_1_820' title='bbox 2439 4401 2577 4457; x_wconf 87' lang='lat' dir='ltr'><strong>tuus,</strong></span> <span class='ocrx_word' id='word_1_821' title='bbox 2632 4405 2756 4445; x_wconf 88' lang='lat' dir='ltr'><strong>cum</strong></span> <span class='ocrx_word' id='word_1_822' title='bbox 2797 4389 3060 4444; x_wconf 81' lang='lat' dir='ltr'><strong>innumeri</strong></span> <span class='ocrx_word' id='word_1_823' title='bbox 3105 4389 3279 4457; x_wconf 86' lang='lat' dir='ltr'><strong>ipsum</strong></span> <span class='ocrx_word' id='word_1_824' title='bbox 3314 4385 3562 4454; x_wconf 47' lang='lat' dir='ltr'><strong>blasphe-</strong></span> 
     </span>
    </p>
   </div>
   <div class='ocr_carea' id='block_1_107' title="bbox 1974 4476 3557 4548">
    <p class='ocr_par' dir='ltr' id='par_1_107' title="bbox 1974 4476 3557 4548">
     <span class='ocr_line' id='line_1_107' title="bbox 1974 4476 3557 4548; baseline -0.005 -12"><span class='ocrx_word' id='word_1_825' title='bbox 1974 4492 2141 4547; x_wconf 89' lang='lat' dir='ltr'><strong>meut,</strong></span> <span class='ocrx_word' id='word_1_826' title='bbox 2163 4482 2429 4537; x_wconf 87' lang='lat' dir='ltr'><strong>innumeri</strong></span> <span class='ocrx_word' id='word_1_827' title='bbox 2460 4480 2810 4548; x_wconf 85' lang='lat' dir='ltr'><strong>fornicentur,</strong></span> <span class='ocrx_word' id='word_1_828' title='bbox 2842 4479 3104 4543; x_wconf 84' lang='lat' dir='ltr'><strong>furentur,</strong></span> <span class='ocrx_word' id='word_1_829' title='bbox 3135 4476 3520 4530; x_wconf 89' lang='lat' dir='ltr'><strong>latrocineutur</strong></span> <span class='ocrx_word' id='word_1_830' title='bbox 3539 4514 3557 4541; x_wconf 94' lang='lat'><strong>,</strong></span> 
     </span>
    </p>
   </div>
   <div class='ocr_carea' id='block_1_108' title="bbox 1972 4565 3561 4643">
    <p class='ocr_par' dir='ltr' id='par_1_108' title="bbox 1972 4565 3561 4643">
     <span class='ocr_line' id='line_1_108' title="bbox 1972 4565 3561 4643; baseline -0.006 -16"><span class='ocrx_word' id='word_1_831' title='bbox 1972 4573 2215 4643; x_wconf 83' lang='lat' dir='ltr'><strong>sepulcra</strong></span> <span class='ocrx_word' id='word_1_832' title='bbox 2246 4572 2532 4635; x_wconf 81' lang='lat' dir='ltr'><strong>effodiant,</strong></span> <span class='ocrx_word' id='word_1_833' title='bbox 2566 4571 2769 4625; x_wconf 86' lang='lat' dir='ltr'><strong>infinita</strong></span> <span class='ocrx_word' id='word_1_834' title='bbox 2813 4568 2953 4623; x_wconf 86' lang='lat' dir='ltr'><strong>mala</strong></span> <span class='ocrx_word' id='word_1_835' title='bbox 2991 4575 3323 4637; x_wconf 89' lang='lat' dir='ltr'><strong>perpetrent,</strong></span> <span class='ocrx_word' id='word_1_836' title='bbox 3368 4580 3399 4619; x_wconf 89' lang='lat' dir='ltr'><strong>a</strong></span> <span class='ocrx_word' id='word_1_837' title='bbox 3447 4565 3561 4620; x_wconf 89' lang='lat' dir='ltr'><strong>suis</strong></span> 
     </span>
    </p>
   </div>
   <div class='ocr_carea' id='block_1_109' title="bbox 1970 4658 3561 4730">
    <p class='ocr_par' dir='ltr' id='par_1_109' title="bbox 1970 4658 3561 4730">
     <span class='ocr_line' id='line_1_109' title="bbox 1970 4658 3561 4730; baseline -0.004 -12"><span class='ocrx_word' id='word_1_838' title='bbox 1970 4680 2097 4730; x_wconf 77' lang='lat' dir='ltr'><strong>erga</strong></span> <span class='ocrx_word' id='word_1_839' title='bbox 2144 4678 2332 4719; x_wconf 89' lang='lat' dir='ltr'><strong>omnes</strong></span> <span class='ocrx_word' id='word_1_840' title='bbox 2360 4662 2637 4719; x_wconf 84' lang='lat' dir='ltr'><strong>beneficiis</strong></span> <span class='ocrx_word' id='word_1_841' title='bbox 2670 4676 2775 4716; x_wconf 93' lang='lat' dir='ltr'><strong>non</strong></span> <span class='ocrx_word' id='word_1_842' title='bbox 2806 4660 3050 4725; x_wconf 89' lang='lat' dir='ltr'><strong>absistit;</strong></span> <span class='ocrx_word' id='word_1_843' title='bbox 3096 4658 3189 4713; x_wconf 83' lang='lat' dir='ltr'><strong>sed</strong></span> <span class='ocrx_word' id='word_1_844' title='bbox 3246 4672 3561 4712; x_wconf 87' lang='lat' dir='ltr'><strong>communes</strong></span> 
     </span>
    </p>
   </div>
   <div class='ocr_carea' id='block_1_110' title="bbox 1972 4747 3555 4824">
    <p class='ocr_par' dir='ltr' id='par_1_110' title="bbox 1972 4747 3555 4824">
     <span class='ocr_line' id='line_1_110' title="bbox 1972 4747 3555 4824; baseline -0.006 -14"><span class='ocrx_word' id='word_1_845' title='bbox 1972 4756 2172 4824; x_wconf 88' lang='lat' dir='ltr'><strong>radios,</strong></span> <span class='ocrx_word' id='word_1_846' title='bbox 2207 4769 2519 4810; x_wconf 86' lang='lat' dir='ltr'><strong>communes</strong></span> <span class='ocrx_word' id='word_1_847' title='bbox 2572 4752 2774 4809; x_wconf 83' lang='lat' dir='ltr'><strong>imbres</strong></span> <span class='ocrx_word' id='word_1_848' title='bbox 2816 4760 2872 4807; x_wconf 92' lang='lat' dir='ltr'><strong>et</strong></span> <span class='ocrx_word' id='word_1_849' title='bbox 2910 4750 3119 4806; x_wconf 85' lang='lat' dir='ltr'><strong>fructus</strong></span> <span class='ocrx_word' id='word_1_850' title='bbox 3144 4759 3302 4805; x_wconf 74' lang='lat' dir='ltr'><strong>terra:</strong></span> <span class='ocrx_word' id='word_1_851' title='bbox 3329 4747 3555 4820; x_wconf 80' lang='lat' dir='ltr'><strong>profert,</strong></span> 
     </span>
    </p>
   </div>
   <div class='ocr_carea' id='block_1_111' title="bbox 1971 4842 3559 4917">
    <p class='ocr_par' dir='ltr' id='par_1_111' title="bbox 1971 4842 3559 4917">
     <span class='ocr_line' id='line_1_111' title="bbox 1971 4842 3559 4917; baseline -0.005 -14"><span class='ocrx_word' id='word_1_852' title='bbox 1971 4864 2120 4904; x_wconf 86' lang='lat' dir='ltr'><strong>suam</strong></span> <span class='ocrx_word' id='word_1_853' title='bbox 2146 4848 2408 4904; x_wconf 82' lang='lat' dir='ltr'><strong>exhibens</strong></span> <span class='ocrx_word' id='word_1_854' title='bbox 2427 4861 2552 4917; x_wconf 87' lang='lat' dir='ltr'><strong>erga</strong></span> <span class='ocrx_word' id='word_1_855' title='bbox 2577 4846 2822 4903; x_wconf 83' lang='lat' dir='ltr'><strong>homines</strong></span> <span class='ocrx_word' id='word_1_856' title='bbox 2838 4844 3247 4901; x_wconf 80' lang='lat' dir='ltr'><strong>beneficentiam</strong></span> <span class='ocrx_word' id='word_1_857' title='bbox 3282 4859 3295 4896; x_wconf 91' lang='lat'><strong>:</strong></span> <span class='ocrx_word' id='word_1_858' title='bbox 3321 4842 3399 4897; x_wconf 89' lang='lat' dir='ltr'><strong>sic</strong></span> <span class='ocrx_word' id='word_1_859' title='bbox 3421 4851 3476 4896; x_wconf 88' lang='lat' dir='ltr'><strong>et</strong></span> <span class='ocrx_word' id='word_1_860' title='bbox 3502 4850 3559 4896; x_wconf 87' lang='lat' dir='ltr'><strong>tu</strong></span> 
     </span>
    </p>
   </div>
   <div class='ocr_carea' id='block_1_112' title="bbox 1973 4920 3562 5010">
    <p class='ocr_par' dir='ltr' id='par_1_112' title="bbox 1973 4920 3562 5010">
     <span class='ocr_line' id='line_1_112' title="bbox 1973 4920 3562 5010; baseline -0.004 -14"><span class='ocrx_word' id='word_1_861' title='bbox 1973 4943 2151 5008; x_wconf 89' lang='lat' dir='ltr'><strong>facito,</strong></span> <span class='ocrx_word' id='word_1_862' title='bbox 2191 4950 2243 4995; x_wconf 89' lang='lat' dir='ltr'><strong>et</strong></span> <span class='ocrx_word' id='word_1_863' title='bbox 2282 4955 2403 4995; x_wconf 86' lang='lat' dir='ltr'><strong>eum</strong></span> <span class='ocrx_word' id='word_1_864' title='bbox 2447 4920 2656 5010; x_wconf 74' lang='lat' dir='ltr'><strong>tempus</strong></span> <span class='ocrx_word' id='word_1_865' title='bbox 2687 4937 3069 4994; x_wconf 76' lang='lat' dir='ltr'><strong>misericordia:</strong></span> <span class='ocrx_word' id='word_1_866' title='bbox 3109 4935 3562 5005; x_wconf 86' lang='lat' dir='ltr'><strong>humanitatisque</strong></span> 
     </span>
    </p>
   </div>
   <div class='ocr_carea' id='block_1_113' title="bbox 1969 5025 3562 5101">
    <p class='ocr_par' dir='ltr' id='par_1_113' title="bbox 1969 5025 3562 5101">
     <span class='ocr_line' id='line_1_113' title="bbox 1969 5025 3562 5101; baseline -0.005 -14"><span class='ocrx_word' id='word_1_867' title='bbox 1969 5032 2284 5087; x_wconf 70' lang='lat' dir='ltr'><strong>exhibendas</strong></span> <span class='ocrx_word' id='word_1_868' title='bbox 2326 5030 2571 5095; x_wconf 87' lang='lat' dir='ltr'><strong>adfuerit,</strong></span> <span class='ocrx_word' id='word_1_869' title='bbox 2609 5045 2871 5101; x_wconf 83' lang='lat' dir='ltr'><strong>pauperes</strong></span> <span class='ocrx_word' id='word_1_870' title='bbox 2898 5028 3036 5091; x_wconf 86' lang='lat' dir='ltr'><strong>fove,</strong></span> <span class='ocrx_word' id='word_1_871' title='bbox 3068 5027 3262 5083; x_wconf 81' lang='lat' dir='ltr'><strong>famem</strong></span> <span class='ocrx_word' id='word_1_872' title='bbox 3290 5027 3441 5093; x_wconf 88' lang='lat' dir='ltr'><strong>seda,</strong></span> <span class='ocrx_word' id='word_1_873' title='bbox 3491 5025 3562 5080; x_wconf 88' lang='lat' dir='ltr'><strong>ab</strong></span> 
     </span>
    </p>
   </div>
   <div class='ocr_carea' id='block_1_114' title="bbox 1969 5119 3560 5188">
    <p class='ocr_par' dir='ltr' id='par_1_114' title="bbox 1969 5119 3560 5188">
     <span class='ocr_line' id='line_1_114' title="bbox 1969 5119 3560 5188; baseline -0.005 -9"><span class='ocrx_word' id='word_1_874' title='bbox 1969 5123 2222 5179; x_wconf 81' lang='lat' dir='ltr'><strong>aerumnis</strong></span> <span class='ocrx_word' id='word_1_875' title='bbox 2254 5123 2439 5188; x_wconf 85' lang='lat' dir='ltr'><strong>libera,</strong></span> <span class='ocrx_word' id='word_1_876' title='bbox 2468 5122 2601 5176; x_wconf 87' lang='lat' dir='ltr'><strong>nihil</strong></span> <span class='ocrx_word' id='word_1_877' title='bbox 2618 5121 2841 5177; x_wconf 84' lang='lat' dir='ltr'><strong>ulterius</strong></span> <span class='ocrx_word' id='word_1_878' title='bbox 2866 5130 3128 5177; x_wconf 83' lang='lat' dir='ltr'><strong>scrutare.</strong></span> <span class='ocrx_word' id='word_1_879' title='bbox 3167 5119 3300 5175; x_wconf 78' lang='lat' dir='ltr'><strong>Nam</strong></span> <span class='ocrx_word' id='word_1_880' title='bbox 3324 5120 3369 5174; x_wconf 90' lang='lat' dir='ltr'><strong>si</strong></span> <span class='ocrx_word' id='word_1_881' title='bbox 3396 5119 3560 5173; x_wconf 82' lang='lat' dir='ltr'><strong>vitam</strong></span> 
     </span>
    </p>
   </div>
   <div class='ocr_carea' id='block_1_115' title="bbox 1969 5208 3560 5284">
    <p class='ocr_par' dir='ltr' id='par_1_115' title="bbox 1969 5208 3560 5284">
     <span class='ocr_line' id='line_1_115' title="bbox 1969 5208 3560 5284; baseline -0.004 -15"><span class='ocrx_word' id='word_1_882' title='bbox 1969 5215 2244 5270; x_wconf 89' lang='lat' dir='ltr'><strong>hominum</strong></span> <span class='ocrx_word' id='word_1_883' title='bbox 2272 5214 2485 5269; x_wconf 87' lang='lat' dir='ltr'><strong>curiose</strong></span> <span class='ocrx_word' id='word_1_884' title='bbox 2509 5213 3092 5284; x_wconf 83' lang='lat' dir='ltr'><strong>disquiramus,nullius</strong></span> <span class='ocrx_word' id='word_1_885' title='bbox 3115 5224 3371 5280; x_wconf 66' lang='lat' dir='ltr'><strong>mnam</strong></span> <span class='ocrx_word' id='word_1_886' title='bbox 3392 5208 3560 5263; x_wconf 81' lang='lat' dir='ltr'><strong>mise-</strong></span> 
     </span>
    </p>
   </div>
   <div class='ocr_carea' id='block_1_116' title="bbox 1969 5297 3555 5374">
    <p class='ocr_par' dir='ltr' id='par_1_116' title="bbox 1969 5297 3555 5374">
     <span class='ocr_line' id='line_1_116' title="bbox 1969 5297 3555 5374; baseline -0.006 -15"><span class='ocrx_word' id='word_1_887' title='bbox 1969 5306 2237 5361; x_wconf 84' lang='lat' dir='ltr'><strong>rebimur:</strong></span> <span class='ocrx_word' id='word_1_888' title='bbox 2269 5304 2365 5359; x_wconf 88' lang='lat' dir='ltr'><strong>sed</strong></span> <span class='ocrx_word' id='word_1_889' title='bbox 2395 5306 2496 5360; x_wconf 87' lang='lat' dir='ltr'><strong>hac</strong></span> <span class='ocrx_word' id='word_1_890' title='bbox 2525 5304 2898 5374; x_wconf 78' lang='lat' dir='ltr'><strong>intempestiva</strong></span> <span class='ocrx_word' id='word_1_891' title='bbox 2921 5302 3229 5358; x_wconf 75' lang='lat' dir='ltr'><strong>curiositate</strong></span> <span class='ocrx_word' id='word_1_892' title='bbox 3255 5297 3555 5368; x_wconf 62' lang='lat' dir='ltr'><strong>praepediti,</strong></span> 
     </span>
    </p>
   </div>
   <div class='ocr_carea' id='block_1_117' title="bbox 1968 5386 3554 5467">
    <p class='ocr_par' dir='ltr' id='par_1_117' title="bbox 1968 5386 3554 5467">
     <span class='ocr_line' id='line_1_117' title="bbox 1968 5386 3554 5467; baseline -0.008 -16"><span class='ocrx_word' id='word_1_893' title='bbox 1968 5398 2172 5467; x_wconf 89' lang='lat' dir='ltr'><strong>absque</strong></span> <span class='ocrx_word' id='word_1_894' title='bbox 2201 5396 2398 5464; x_wconf 90' lang='lat' dir='ltr'><strong>fructu,</strong></span> <span class='ocrx_word' id='word_1_895' title='bbox 2422 5404 2477 5450; x_wconf 88' lang='lat' dir='ltr'><strong>et</strong></span> <span class='ocrx_word' id='word_1_896' title='bbox 2496 5396 2641 5451; x_wconf 83' lang='lat' dir='ltr'><strong>omni</strong></span> <span class='ocrx_word' id='word_1_897' title='bbox 2668 5395 2977 5464; x_wconf 70' lang='lat' dir='ltr'><strong>adiumento</strong></span> <span class='ocrx_word' id='word_1_898' title='bbox 3018 5387 3258 5445; x_wconf 83' lang='lat' dir='ltr'><strong>destituti</strong></span> <span class='ocrx_word' id='word_1_899' title='bbox 3307 5386 3554 5441; x_wconf 76' lang='lat' dir='ltr'><strong>niancbi-</strong></span> 
     </span>
    </p>
   </div>
   <div class='ocr_carea' id='block_1_118' title="bbox 1970 5479 3553 5559">
    <p class='ocr_par' dir='ltr' id='par_1_118' title="bbox 1970 5479 3553 5559">
     <span class='ocr_line' id='line_1_118' title="bbox 1970 5479 3553 5559; baseline -0.007 -15"><span class='ocrx_word' id='word_1_900' title='bbox 1970 5505 2110 5555; x_wconf 90' lang='lat' dir='ltr'><strong>mus,</strong></span> <span class='ocrx_word' id='word_1_901' title='bbox 2139 5489 2470 5559; x_wconf 80' lang='lat' dir='ltr'><strong>multumque</strong></span> <span class='ocrx_word' id='word_1_902' title='bbox 2498 5488 2700 5543; x_wconf 86' lang='lat' dir='ltr'><strong>laboris</strong></span> <span class='ocrx_word' id='word_1_903' title='bbox 2733 5486 2928 5540; x_wconf 83' lang='lat' dir='ltr'><strong>frustra</strong></span> <span class='ocrx_word' id='word_1_904' title='bbox 2972 5492 3029 5536; x_wconf 82' lang='lat' dir='ltr'><strong>et</strong></span> <span class='ocrx_word' id='word_1_905' title='bbox 3070 5481 3338 5534; x_wconf 86' lang='lat' dir='ltr'><strong>incassum</strong></span> <span class='ocrx_word' id='word_1_906' title='bbox 3382 5479 3553 5533; x_wconf 75' lang='lat' dir='ltr'><strong>susci-</strong></span> 
     </span>
    </p>
   </div>
   <div class='ocr_carea' id='block_1_119' title="bbox 1969 5568 3555 5653">
    <p class='ocr_par' dir='ltr' id='par_1_119' title="bbox 1969 5568 3555 5653">
     <span class='ocr_line' id='line_1_119' title="bbox 1969 5568 3555 5653; baseline -0.013 -13"><span class='ocrx_word' id='word_1_907' title='bbox 1969 5586 2198 5653; x_wconf 83' lang='lat' dir='ltr'><strong>piemus.</strong></span> <span class='ocrx_word' id='word_1_908' title='bbox 2239 5583 2578 5651; x_wconf 81' lang='lat' dir='ltr'><strong>Quapropter</strong></span> <span class='ocrx_word' id='word_1_909' title='bbox 2597 5590 2747 5648; x_wconf 79' lang='lat' dir='ltr'><strong>rogo,</strong></span> <span class='ocrx_word' id='word_1_910' title='bbox 2775 5577 3183 5644; x_wconf 81' lang='lat' dir='ltr'><strong>inopportunam</strong></span> <span class='ocrx_word' id='word_1_911' title='bbox 3214 5570 3354 5624; x_wconf 87' lang='lat' dir='ltr'><strong>hanc</strong></span> <span class='ocrx_word' id='word_1_912' title='bbox 3376 5568 3555 5623; x_wconf 82' lang='lat' dir='ltr'><strong>curio-</strong></span> 
     </span>
    </p>
   </div>
   <div class='ocr_carea' id='block_1_120' title="bbox 1965 5659 3549 5744">
    <p class='ocr_par' dir='ltr' id='par_1_120' title="bbox 1965 5659 3549 5744">
     <span class='ocr_line' id='line_1_120' title="bbox 1965 5659 3549 5744; baseline -0.011 -11"><span class='ocrx_word' id='word_1_913' title='bbox 1965 5679 2178 5733; x_wconf 84' lang='lat' dir='ltr'><strong>sitatem</strong></span> <span class='ocrx_word' id='word_1_914' title='bbox 2209 5675 2544 5744; x_wconf 78' lang='lat' dir='ltr'><strong>abjicientes,</strong></span> <span class='ocrx_word' id='word_1_915' title='bbox 2566 5671 2752 5741; x_wconf 81' lang='lat' dir='ltr'><strong>egenis</strong></span> <span class='ocrx_word' id='word_1_916' title='bbox 2780 5667 3028 5722; x_wconf 61' lang='lat' dir='ltr'><strong>manibus</strong></span> <span class='ocrx_word' id='word_1_917' title='bbox 3056 5664 3366 5734; x_wconf 78' lang='lat' dir='ltr'><strong>largiamur,</strong></span> <span class='ocrx_word' id='word_1_918' title='bbox 3395 5659 3549 5731; x_wconf 77' lang='lat' dir='ltr'><strong>idque</strong></span> 
     </span>
    </p>
   </div>
   <div class='ocr_carea' id='block_1_121' title="bbox 1963 5755 3548 5833">
    <p class='ocr_par' dir='ltr' id='par_1_121' title="bbox 1963 5755 3548 5833">
     <span class='ocr_line' id='line_1_121' title="bbox 1963 5755 3548 5833; baseline -0.009 -9"><span class='ocrx_word' id='word_1_919' title='bbox 1963 5766 2295 5824; x_wconf 82' lang='lat' dir='ltr'><strong>abundanter</strong></span> <span class='ocrx_word' id='word_1_920' title='bbox 2342 5763 2622 5833; x_wconf 85' lang='lat' dir='ltr'><strong>faciamus,</strong></span> <span class='ocrx_word' id='word_1_921' title='bbox 2652 5770 2708 5818; x_wconf 92' lang='lat' dir='ltr'><strong>ut</strong></span> <span class='ocrx_word' id='word_1_922' title='bbox 2757 5770 2810 5818; x_wconf 90' lang='lat' dir='ltr'><strong>et</strong></span> <span class='ocrx_word' id='word_1_923' title='bbox 2837 5759 2936 5832; x_wconf 90' lang='lat' dir='ltr'><strong>ipsi</strong></span> <span class='ocrx_word' id='word_1_924' title='bbox 2985 5758 3076 5815; x_wconf 89' lang='lat' dir='ltr'><strong>illo</strong></span> <span class='ocrx_word' id='word_1_925' title='bbox 3119 5755 3207 5812; x_wconf 90' lang='lat' dir='ltr'><strong>die</strong></span> <span class='ocrx_word' id='word_1_926' title='bbox 3232 5769 3479 5826; x_wconf 83' lang='lat' dir='ltr'><strong>magnam</strong></span> <span class='ocrx_word' id='word_1_927' title='bbox 3520 5767 3548 5809; x_wconf 78' lang='grc' dir='ltr'><strong><em>ι</em></strong></span> 
     </span>
    </p>
   </div>
  </div>
