4006 6488
395 380 496 439 ίὶΉ
1139 371 1192 425 S.
1234 367 1512 425 JOANNIS
1549 361 2021 421 (lllRYSOSTUMl
2061 360 2376 416 ARCIIIEP.
2417 356 2947 416 CONSTANTINOP.
3567 349 3676 407 ετξ

2090 473 2355 542 simulque
2396 479 2581 526 sancto
2631 468 2848 537 Spiritui
2901 465 3088 535 gloria,
3124 464 3427 534 imperium,
3467 461 3674 527 honor,

2091 576 2231 616 nunc
2259 571 2312 616 et
2332 574 2566 630 semper,
2597 568 2652 614 et
2679 559 2734 612 in
2754 556 2948 612 stecula
2977 555 3320 610 szcculorum.
3345 553 3540 608 Amen.

403 493 512 544 Deo
555 485 971 542 misericordiam
1017 491 1068 537 et
1122 480 1500 549 benignitatem
1553 487 1980 545 consequamur;

401 595 558 649 quam
589 593 688 633 nos
709 591 898 630 omnes
926 575 1168 628 oblinere
1215 574 1516 640 contlngat,
1545 567 1713 638 gratia
1743 575 1796 622 et
1827 564 1980 619 beni-

401 674 602 743 gnitate
649 668 852 722 Domini
907 665 1072 720 uestri
1115 663 1240 718 .lesu
1292 662 1509 727 Christi,
1562 661 1776 730 quicum
1822 656 1987 720 Patri,

745 1052 749 1055 -
776 1051 1094 1062 ...-_—..—.-

1512 1051 2658 1078 Ἢ

539 1054 560 1078 ::
583 1053 596 1078 :
620 1051 689 1078 ==
745 1052 749 1055 -
776 1051 1502 1062 ...νῇ-...Μ

1027 1368 1385 1430 MONITUM
1434 1368 1533 1428 AD
1578 1367 1776 1429 TRES
1827 1367 2194 1428 HOMILIAS
2237 1369 2318 1429 IN
2371 1368 2599 1429 ILLUD
2637 1369 3026 1442 APOSTOLI,

470 1593 951 1666 AnChrysostomi
981 1595 1090 1651 sint
1123 1610 1290 1652 necne
1317 1605 1426 1652 tres
1449 1603 1740 1666 sequentes
1777 1594 2021 1651 bomiliae
2051 1610 2222 1651 ausus
2259 1604 2343 1651 est
2384 1596 2660 1667 quispiam
2705 1597 2988 1664 dubitare,
3036 1613 3162 1654 cum
3198 1605 3382 1655 tamen
3425 1599 3496 1657 ita
3535 1617 3669 1659 sese

403 1739 598 1807 prodat
615 1739 990 1811 Chrysostomi
1025 1740 1220 1812 stylus,
1247 1741 1436 1807 dictio,
1464 1749 1680 1812 tropus,
1707 1749 1768 1795 ut
1795 1741 1839 1796 si
1867 1742 1991 1810 quis
2018 1742 2103 1796 vel
2126 1740 2400 1812 prioribus
2434 1741 2606 1798 labris
2639 1741 2762 1812 ejus
2787 1741 3081 1798 conciones
3113 1744 3372 1815 attigerit,
3403 1748 3658 1802 eumdem

407 1884 584 1952 ipsum
612 1881 668 1936 S.
699 1882 980 1938 doctorem
1004 1883 1315 1950 loquentem
1346 1886 1529 1938 statim
1575 1893 1855 1954 agnoscat.
1906 1882 2195 1938 Dubitandi
2239 1897 2421 1939 causa;
2457 1884 2578 1939 viro
2625 1883 2869 1953 alioquin
2897 1883 3062 1938 docto
3094 1890 3150 1938 et
3195 1882 3431 1940 facundo
3464 1888 3666 1959 hujus-

409 2028 555 2083 modl
586 2028 738 2084 fuere
767 2029 951 2099 :quod
986 2045 1180 2101 nempe
1215 2030 1303 2085 hic
1333 2031 1690 2086 concionator
1723 2031 1874 2086 hom.
1902 2030 1949 2095 I,
1981 2045 2135 2085 num.
2163 2031 2218 2095 5,
2250 2029 2704 2101 Semipelagianis
2736 2029 2917 2086 favere
2947 2032 3219 2100 videatur,
3244 2047 3368 2087 cum
3399 2032 3554 2099 dicit,
3596 2035 3672 2090 de

411 2166 566 2222 initio
599 2169 720 2224 liilci
754 2170 1021 2240 loquens:
1054 2169 1232 2242 Neque
1253 2171 1392 2225 enim
1426 2170 1590 2235 Deus,
1613 2187 1774 2242 neque
1817 2169 2048 2240 Spiritus
2090 2170 2269 2241 gratia
2309 2178 2551 2224 nostrum
2589 2169 2836 2238 praevenit
2880 2171 3209 2238 propositum
3237 2187 3258 2226 :
3303 2173 3393 2225 sed
3451 2170 3668 2225 tametsi

411 2316 572 2373 uocet,
605 2316 873 2378 exspectat
899 2316 1071 2362 tamen
1099 2317 1158 2362 ut
1189 2317 1370 2376 sponte
1402 2318 1452 2362 et
1481 2305 1697 2377 propria
1737 2307 2004 2361 uoluntate
2039 2307 2372 2373 accedamus,
2399 2322 2463 2360 ac
2505 2317 2618 2360 tum
2657 2306 2888 2375 demum,
2915 2323 3035 2362 cum
3079 2309 3471 2374 accesserimus,
3512 2308 3667 2361 nobis

412 2455 565 2493 suum
595 2451 761 2496 totum
784 2443 993 2498 exhibet
1017 2445 1300 2499 auxilium.
1339 2443 1540 2501 Verum
1574 2455 1683 2501 tum
1707 2461 1772 2501 ex
1794 2445 2225 2516 praecedentibus
2249 2444 2821 2516 subsequentibusque
2839 2443 2942 2499 hac
2967 2442 3020 2497 in
3047 2443 3272 2498 liomilia
3288 2443 3669 2516 ωτι-γεοειοωί

412 2583 615 2649 verbis,
656 2593 771 2638 tum
801 2586 962 2642 etiam
990 2603 1055 2642 ex
1099 2587 1221 2645 aliis
1253 2588 1381 2644 huic
1416 2589 1690 2646 similibus
1722 2604 1818 2648 per
1841 2588 2056 2644 diversa
2082 2587 2204 2658 ejus
2237 2601 2400 2658 opera
2425 2585 2687 2657 dispersis
2716 2588 2854 2644 locis
2895 2588 3262 2644 demonstrari
3297 2595 3506 2659 potest,
3535 2583 3673 2640 licet

415 2739 521 2776 non
546 2739 718 2793 pauca
746 2741 866 2796 quae
900 2742 1060 2798 supra
1095 2728 1256 2784 dictis
1285 2737 1610 2793 consonant,
1654 2727 1886 2784 subinde
1915 2726 2060 2798 apud
2089 2728 2548 2800 Clirysostomum
2584 2732 2900 2792 occurrant,
2926 2738 3052 2779 eum
3089 2731 3271 2777 tamen
3306 2735 3432 2776 vere
3465 2719 3533 2775 ad
3583 2720 3676 2774 in-

417 2866 574 2919 itium
617 2867 739 2922 lidei
767 2868 954 2938 gratia:
984 2867 1244 2923 auxilium
1277 2867 1650 2922 necessarium
1684 2881 1806 2923 esse
1838 2865 2140 2922 censuisse.
2171 2864 2310 2932 Quia
2343 2879 2474 2919 vero
2506 2877 2628 2934 quae
2660 2862 2727 2917 ad
2763 2861 2992 2933 gratiam
3021 2869 3306 2928 spectant,
3342 2859 3586 2915 nondum
3614 2877 3674 2916 in

417 3003 847 3061 controversiam
892 3012 1117 3068 vocata,
1167 3003 1398 3058 necdum
1446 3010 1604 3057 erant
1644 3001 1811 3056 certis
1858 3016 2053 3057 vocum
2098 2999 2366 3056 limitibus
2403 2998 2818 3069 circumscripta
2845 3037 2861 3064 ,
2893 2996 3016 3052 ideo
3062 2995 3245 3066 aliqua
3293 2994 3489 3050 similia
3526 2996 3677 3066 apud

416 3147 896 3218 Chrysostomum,
925 3147 1041 3202 haec
1065 3147 1240 3202 obiter
1266 3149 1602 3218 loquentem,
1627 3153 1957 3213 occurrunt;
1993 3145 2136 3200 unde
2167 3144 2212 3200 si
2242 3143 2365 3215 quis
2389 3142 2516 3198 hinc
2543 3140 2756 3204 νοθείας
2785 3135 3110 3195 sententiam
3148 3134 3307 3200 ferat,
3347 3136 3398 3191 is
3425 3136 3584 3206 plane
3616 3134 3676 3188 in

421 3289 478 3343 S.
510 3292 750 3344 doctoris
783 3287 1001 3360 scriptis
1033 3303 1154 3346 sese
1191 3289 1539 3360 peregrinum
1570 3301 1692 3343 esse
1719 3287 2059 3358 comprobet.
2089 3285 2292 3342 Verum
2330 3285 2473 3340 alius
2517 3283 2585 3338 ad
2624 3283 2741 3338 hinc
2773 3278 2950 3336 iusius
2982 3275 3365 3348 pertractanda
3413 3273 3568 3330 nobis
3591 3282 3677 3329 est

418 3422 942 3480 constitutuslocus.
969 3423 1145 3479 Altam
1175 3422 1463 3479 dubitandi
1488 3437 1711 3478 causam
1743 3418 1899 3477 effert
1925 3419 1972 3475 is
1999 3419 2115 3490 ipse
2138 3418 2232 3488 qui
2257 3418 2494 3489 priorem
2524 3412 2756 3486 protulit
2786 3426 2801 3464 :
2832 3409 2947 3465 Sub
2973 3407 3188 3463 initium
3218 3404 3391 3462 tertiae
3415 3402 3676 3466 liomiliaz,

432 3695 510 3706 ~—

1465 3959 1599 4038 DE
1667 3959 2033 4040 VERBIS
2112 3955 2618 4036 APOSTOLI

425 4313 751 4360 nsnnurns
792 4313 1010 4357 sum!
1073 4312 1346 4356 nuntium
1412 4311 1711 4355 sptnt'rmu
1754 4309 1953 4365 mum,
1998 4309 2179 4352 SICUT
2222 4309 2535 4352 SCRIPTUM
2578 4308 2693 4352 EST
2737 4291 2842 4367 (2.
2890 4291 3032 4352 Cor.
3073 4292 3133 4346 Is.
3181 4289 3328 4367 13).
3391 4303 3547 4347 ιτευ
3604 4304 3684 4345 nn

493 4415 605 4457 .nts
664 4411 908 4466 VERBIS,
975 4407 1272 4464 cunmm,
1315 4406 1602 4452 rnor'rsn
1671 4406 1840 4459 quon
1898 4407 2175 4451 LOCUTUS
2242 4407 2368 4450 sum
2415 4388 2635 4468 (Psal.
2683 4387 2819 4448 115.
2895 4387 3046 4466 10),
3095 4404 3173 4446 ετ
3242 4403 3322 4444 ne
3391 4402 3684 4445 nemo-

498 4517 654 4559 sm
705 4494 819 4578 (α).

2118 4649 2324 4663 --

1770 4653 1995 4664 οα--ι

2003 4631 2110 4686 ΞΕ

497 4757 547 4810 1.
590 4755 977 4823 Sapientissimi
1034 4754 1228 4810 medici
1278 4752 1366 4808 ubi
1414 4749 1598 4806 vident
1649 4751 1800 4805 ulcus
1845 4766 2003 4821 cgere

429 4846 593 4909 ferro,
622 4845 908 4899 admovent
935 4844 1150 4915 quidem
1177 4843 1469 4899 sectionem
1492 4883 1508 4908 ,
1537 4840 1631 4897 sed
1660 4841 1762 4895 hoc
1804 4839 2006 4896 faciunt

429 4951 536 4989 non
565 4935 682 4988 sine
716 4933 930 4999 aﬂ‘ectu,
962 4944 1016 4990 et
1051 4932 1535 5000 commiseratione,
1559 4947 1741 4986 verum
1771 4942 1826 4986 et
1867 4946 2004 4987 mm-

428 5035 546 5080 rent
589 5034 644 5078 et
684 5023 913 5093 gaudent
946 5039 1051 5082 non
1079 5024 1255 5079 minus
1281 5036 1435 5092 quam
1465 5023 1562 5091 ipsi
1589 5023 1677 5091 qui
1708 5033 1958 5076 secantur
1987 5040 2000 5076 :

426 5125 656 5172 mmrent
683 5113 899 5184 quidem
940 5122 1156 5183 propter
1177 5113 1420 5167 dolorem
1450 5128 1607 5182 quem
1648 5113 1880 5169 secando
1921 5117 2001 5168 in-

424 5209 634 5272 ferunt;
657 5203 891 5277 gaudent
937 5212 1116 5259 autem
1158 5212 1375 5274 propter
1403 5204 1684 5258 sanitatem
1706 5246 1722 5272 ,
1745 5219 1864 5273 quae
1902 5204 2006 5260 hoc

427 5299 588 5355 modo
608 5304 971 5368 comparatur.
1004 5293 1147 5349 Idem
1179 5303 1232 5349 et
1271 5293 1467 5348 Paulus
1493 5293 1650 5359 fecit,
1675 5297 1888 5365 sapiens
1915 5295 2004 5350 ille

421 5392 716 5444 animarum
772 5386 1031 5443 medicus.
1087 5383 1394 5440 Corinthios
1446 5381 1588 5438 enim
1634 5400 1752 5439 cum
1809 5387 2003 5440 acriori

422 5479 793 5548 objurgatione
837 5493 973 5548 opus
1019 5475 1279 5533 haberent
1309 5475 1625 5544 increpans,
1672 5475 1877 5529 laetatus
1924 5486 2006 5529 est

427 5567 587 5621 simul
613 5576 669 5621 et
689 5570 927 5623 tristatus
957 5569 1301 5623 :tristabatur
1324 5566 1466 5638 quod
1487 5564 1726 5620 dolorem
1755 5564 1998 5629 inferret,

430 5655 704 5711 laetabatur
723 5659 863 5726 quod
889 5660 1257 5728 prodesset.Et
1272 5671 1560 5732 utrumque
1579 5659 1680 5714 hoc
1698 5658 2004 5729 signiﬁcans

494 5782 568 5842 (α)
588 5785 760 5838 Collata
782 5804 894 5841 cum
917 5790 1166 5842 codicibus
1187 5802 1293 5847 uss.
1316 5796 1446 5847 Colb.
1478 5795 1574 5845 970
1599 5802 1651 5845 et
1675 5795 1815 5845 1050.

2112 4753 2358 4808 dicebat:
2391 4753 2563 4817 Quare
2625 4751 2820 4806 etiamsi
2871 4752 3161 4805 contristaoi
3206 4767 3293 4806 vos
3343 4767 3434 4821 per
3473 4750 3686 4821 priorem

2110 4843 2374 4911 epistolam
2398 4883 2412 4908 ,
2437 4859 2536 4896 non
2557 4859 2637 4896 me
2661 4843 2886 4911 paenitet,
2918 4843 3117 4896 tametsi
3157 4843 3455 4913 pwnituerat
3474 4843 3548 4912 (2.
3569 4841 3684 4895 Cor.

2109 4935 2162 4987 7.
2189 4931 2390 5003 8).Cnr
2426 4934 2748 5002 paenituerat
2771 4933 2794 4986 ?
2819 4942 2870 4987 et
2914 4948 3012 4987 cur
3049 4947 3158 4987 non
3205 4930 3472 5001 panitet?
3515 4931 3687 4986 Poeni-

2113 5032 2316 5090 tuerat,
2358 5025 2479 5092 quia
2525 5023 2702 5077 acrius
2754 5022 3065 5092 objurgavi;
3111 5037 3215 5077 non
3268 5023 3520 5091 paenitet,
3567 5022 3686 5091 quia

2110 5124 2342 5170 erratum
2374 5116 2606 5172 correxi.
2633 5115 2699 5169 Et
2723 5123 2780 5168 ut
2829 5115 2968 5169 scias
2997 5113 3134 5168 hanc
3163 5128 3284 5168 esse
3307 5127 3546 5176 causam,
3565 5112 3686 5166 audi

2109 5209 2234 5278 quid
2266 5217 2520 5277 sequatur
2553 5225 2565 5260 :
2617 5207 2774 5260 Video
2796 5222 3012 5275 namque
3053 5208 3190 5276 quod
3226 5207 3441 5276 epistola
3467 5207 3588 5271 illa,
3621 5216 3690 5257 tae

2110 5301 2254 5354 νειοιεὶ
2287 5299 2356 5352 ad
2381 5311 2594 5370 tempus,
2621 5299 2935 5352 contristavit
2971 5314 3058 5352 vos
3083 5314 3102 5352 :
3135 5313 3269 5352 nunc
3314 5299 3509 5368 gaudeo
3534 5337 3547 5360 ,
3590 5313 3689 5349 non

2108 5389 2242 5458 quod
2306 5390 2585 5442 contristati
2610 5389 2833 5458 fueritis,
2858 5387 2946 5442 sed
2982 5387 3116 5458 quod
3151 5387 3431 5440 contristati
3475 5387 3584 5439 sitis
3626 5386 3689 5437 ad

2111 5481 2452 5551 paenitentiam
2481 5478 2584 5549 (Ib.
2611 5497 2657 5532 υ.
2691 5478 2770 5548 9).
2795 5479 3018 5532 Etiamsi
3063 5477 3126 5530 ad
3173 5485 3383 5544 tempus
3425 5489 3521 5529 vos
3561 5489 3691 5528 con-

2110 5577 2343 5640 lristavi,
2377 5575 2618 5630 molestia
2650 5575 2738 5627 illa
2768 5583 3138 5626 momentanca
3168 5569 3288 5635 fuit,
3313 5567 3481 5639 inquit
3509 5585 3522 5620 :
3548 5567 3687 5621 utili-

2110 5677 2192 5722 tas
2217 5677 2394 5722 autcm
2441 5666 2556 5734 ejus
2597 5674 2873 5736 perpetua.
2905 5663 3205 5720 Permittite
3236 5674 3378 5716 nunc
3405 5660 3535 5715 mihi
3557 5673 3687 5728 quo-

2110 5775 2212 5830 que
2242 5760 2324 5814 his
2349 5759 2522 5814 verbis
2552 5757 2690 5829 apud
2735 5755 3076 5812 dilectionem
3107 5763 3338 5808 vestram
3383 5751 3459 5807 uti
3483 5769 3497 5806 :
3523 5764 3683 5819 quare
