4006 6484
342 437 429 492 73

294 552 552 608 etiamsi
590 551 905 607 coutristavi
937 565 1032 604 vos
1058 564 1155 618 per
1184 547 1417 618 priorem
1460 540 1879 598 admonitionem
1906 575 1921 600 ,

297 656 428 695 non
493 657 586 696 me
633 642 889 710 poenitet,
920 639 1128 696 tametsi
1179 639 1499 709 pmnituerat
1532 652 1545 689 :
1573 632 1728 687 video
1782 629 1924 684 enim

297 733 761 789 admonitionem
795 733 938 788 illam
967 741 1022 787 et
1042 731 1349 798 consilium,
1372 728 1582 784 tametsi
1613 725 1679 781 ad
1710 734 1922 792 tempus

298 840 420 881 nos
449 825 821 888 contristavit,
861 824 990 879 mihi
1025 834 1201 879 tamen
1245 837 1488 892 magnam
1514 820 1754 874 laetitiam
1782 824 1925 871 attu-

305 918 461 974 lisse
483 960 504 985 ,
541 917 662 972 Non
705 915 842 984 quod
868 916 1151 971 contristati
1176 914 1394 987 fueritis,
1426 913 1514 967 sed
1554 910 1690 982 quod
1732 907 1924 963 contri-

297 1011 445 1065 stati
470 1010 590 1064 sitis
617 1008 685 1062 ad
706 1007 1076 1079 penitentiam.
1111 1005 1250 1061 Ecce
1277 1008 1419 1063 enim
1444 1005 1546 1060 hoc
1586 1006 1755 1074 ipsum
1783 1001 1922 1073 quod

296 1104 638 1158 contristati
667 1101 797 1157 estis
825 1099 1120 1155 secundmu
1166 1100 1365 1161 Deum,
1390 1107 1644 1169 quantum
1681 1096 1734 1151 in
1774 1095 1926 1149 vobis

298 1194 596 1248 excitavit
638 1194 974 1249 alacritatis?
1030 1192 1375 1248 Luculentior
1420 1199 1504 1247 est
1540 1188 1700 1244 hodle
1741 1194 1925 1241 noster

298 1291 667 1348 conventus,
699 1282 937 1338 festivius
968 1295 1208 1339 nostrum
1259 1284 1524 1337 theatrum
1544 1321 1561 1347 ,
1590 1275 1925 1333 numerosior

302 1370 561 1425 fratrum
588 1373 801 1428 chorus.
830 1374 956 1429 Haec
986 1375 1097 1445 ipsa
1140 1374 1388 1430 alacritas
1417 1371 1646 1427 tristitiae
1672 1369 1815 1422 illius
1841 1373 1924 1422 est

304 1461 568 1517 fructus.

383 1551 561 1607 Dona
577 1554 864 1622 spiritantia
885 1556 1151 1627 largitione
1170 1564 1420 1612 crescunt.
1459 1553 1686 1611 Corinthi
1709 1567 1923 1606 commo-

305 1644 430 1697 rari
503 1662 601 1698 cur
642 1648 820 1717 jussus
861 1646 1080 1703 Paulus.
1109 1678 1181 1689 —
1209 1648 1333 1704 Ideo
1375 1654 1630 1718 quantum
1670 1655 1794 1699 tunc
1840 1643 1922 1698 in-

306 1735 514 1800 dolui,
542 1744 748 1791 tantum
780 1753 922 1794 nunc
961 1739 1392 1808 gaudco,videus
1422 1737 1752 1809 spiritualcm
1784 1736 1921 1789 hanc

305 1834 574 1880 nostram
604 1828 814 1882 vineam
839 1830 1097 1885 fructibus
1119 1829 1392 1884 refertam.
1414 1829 1470 1883 Si
1492 1828 1633 1882 enim
1662 1827 1714 1881 in
1742 1826 1921 1895 vulga—

299 1917 477 1972 ribus
524 1919 642 1973 istis
679 1921 938 1977 conviviis
981 1922 1240 1978 honorem
1292 1921 1576 1991 quemdam
1621 1928 1678 1975 et
1734 1917 1918 1973 hilari-

295 2016 494 2062 tatem
566 2011 900 2067 convivatori
947 2012 1101 2069 aﬂ'ert
1170 2013 1518 2069 convivarum
1578 2009 1915 2082 frequentia,

307 2110 535 2168 quanto
558 2104 733 2174 magis
763 2104 816 2158 in
844 2105 1210 2173 spiritualibus
1237 2106 1320 2161 his
1348 2105 1606 2162 conviviis
1632 2105 1772 2160 idem
1802 2102 1916 2159 ﬁeri

305 2191 588 2246 convenit
619 2210 634 2247 :
659 2195 901 2262 quamvis
932 2195 1041 2250 illic
1062 2197 1405 2252 invitatorum
1434 2195 1718 2251 multitudo
1746 2195 1917 2265 magis

306 2281 581 2338 absumat
597 2297 682 2349 ea,
705 2300 824 2354 qua:
844 2296 1202 2358 apponuntur,
1223 2287 1516 2358 maiorique
1542 2288 1614 2343 sit
1631 2286 1864 2357 sumptui
1898 2304 1913 2341 ε

306 2370 401 2427 hic
429 2383 626 2429 autem
658 2384 844 2431 contra
867 2418 883 2444 ,
912 2378 1106 2433 nedum
1154 2380 1400 2435 absumat
1442 2394 1658 2436 mensas
1695 2386 1914 2434 vocato-

306 2481 436 2520 rum
469 2467 800 2534 multitudo,
843 2468 1226 2524 abundantiam
1254 2487 1465 2541 quoque
1484 2470 1650 2540 parit;
1683 2469 1825 2540 quod
1869 2469 1913 2524 si

306 2557 425 2613 illic
455 2567 711 2629 sumptus
754 2562 1080 2630 voluptatem
1131 2563 1322 2623 aﬂ'ert.
1373 2572 1574 2634 quanto
1621 2563 1789 2632 magis
1828 2562 1916 2617 hic

306 2648 459 2705 idem
492 2651 656 2706 faciet
680 2654 920 2709 accessio
959 2663 1013 2708 et
1038 2655 1279 2710 reditus?
1310 2656 1437 2711 liceo
1457 2667 1539 2710 est
1569 2657 1710 2711 enim
1751 2655 1911 2725 spiri-

306 2742 546 2796 tualium
596 2757 776 2798 rerum
819 2754 1042 2813 natura,
1075 2760 1180 2815 quo
1219 2746 1458 2816 pluribus
1501 2746 1907 2811 distributmtur,

303 2830 417 2889 hoc
443 2834 685 2901 amplius
709 2844 977 2891 crescunt.
997 2837 1256 2905 Quoniam
1289 2837 1448 2908 igitur
1474 2838 1631 2895 video
1658 2838 1909 2894 refertam

306 2924 563 2980 convivis
603 2940 867 2992 mensam,
912 2937 1168 2998 exspecto
1216 2929 1376 2984 etiam
1423 2928 1652 2999 Spiritus
1685 2929 1909 3000 gratiam

302 3014 483 3069 menti
552 3024 754 3071 nostrae
806 3016 1190 3073 insonaturam.
1249 3018 1474 3086 Quando
1521 3021 1666 3076 enim
1713 3020 1911 3075 multos

305 3104 507 3162 adesse
535 3104 701 3173 videt,
723 3115 846 3163 tunc
870 3108 1204 3177 copiosiores
1232 3109 1420 3178 epulas
1446 3125 1716 3178 apponere
1736 3110 1906 3176 solet;

305 3210 417 3248 non
439 3194 594 3266 quod
619 3211 818 3264 paucos
845 3196 1074 3252 fastidiat
1101 3240 1117 3263 ,
1145 3198 1239 3252 sed
1265 3199 1407 3268 quod
1440 3201 1730 3255 multorum
1766 3200 1909 3255 saluo

300 3293 420 3340 tem
442 3285 743 3342 desideret.
771 3286 883 3343 Hac
902 3287 973 3343 de
996 3304 1156 3344 causa
1188 3289 1410 3344 Paulum
1447 3306 1658 3360 quoque
1688 3298 1908 3359 praeter-

306 3385 624 3433 currentem
667 3387 893 3435 cmtcras
939 3380 1104 3436 urbes
1131 3423 1147 3447 ,
1202 3382 1341 3451 apud
1391 3381 1708 3437 Corinthum
1760 3396 1908 3437 eom-

309 3471 512 3523 tuorari
544 3467 790 3524 Christus
815 3485 912 3538 per
934 3470 1192 3525 visionem
1210 3471 1392 3541 jussit,
1420 3471 1604 3527 dicens
1640 3488 1653 3525 :
1688 3469 1816 3526 Noli
1843 3472 1910 3525 ti.

308 3573 477 3624 mere,
505 3557 601 3612 sed
633 3559 833 3628 loquere
867 3568 915 3613 et
957 3576 1021 3613 ne
1063 3570 1259 3622 taceas,
1290 3561 1534 3628 quoniam
1574 3561 1794 3631 papulas
1836 3571 1907 3614 est

304 3648 437 3701 mihi
471 3648 665 3703 multus
699 3649 753 3701 in
782 3649 876 3703 hac
909 3649 1111 3704 civitate
1139 3649 1276 3719 (Act.
1313 3650 1395 3703 l8.
1433 3650 1484 3706 9.
1525 3649 1634 3719 l0).
1667 3648 1721 3705 Si
1762 3649 1905 3705 enim

302 3751 537 3810 propter
580 3756 737 3795 unam
772 3741 1034 3796 oviculam
1075 3752 1288 3797 montes
1318 3752 1369 3798 et
1402 3757 1619 3798 nemora
1656 3751 1713 3797 ct
1757 3743 1905 3797 inac-

305 3847 461 3887 cessa
496 3835 614 3888 loca
644 3842 959 3903 pervagatus
987 3843 1069 3890 est
1098 3842 1315 3904 pastor,
1355 3835 1443 3905 qui
1480 3835 1594 3889 licri
1636 3844 1810 3904 potest
1849 3846 1907 3891 ut

308 3940 417 3981 non
461 3928 624 3997 longe
666 3927 930 3994 majorem
971 3943 1153 3984 curam
1193 3927 1465 3995 adhibeat,
1488 3928 1699 3997 quoties
1725 3928 1905 3983 multae

310 4033 441 4073 oves
491 4034 522 4073 a
571 4019 822 4074 socordia
869 4029 924 4073 et
972 4034 1157 4075 errore
1200 4028 1327 4074 sunt
1378 4018 1729 4074 revocanda)?
1753 4019 1902 4087 Quod

311 4108 453 4161 enim
484 4123 556 4163 ne
578 4123 773 4177 paucas
787 4108 1002 4179 quidem
1021 4118 1350 4167 contemnat.
1371 4109 1493 4165 andi
1523 4110 1696 4179 ipsum
1717 4110 1905 4165 dicen-

311 4206 417 4251 tem
449 4218 463 4255 :
494 4199 614 4253 Non
636 4209 708 4253 est
734 4199 969 4253 uoluntas
1019 4199 1186 4254 Patris
1216 4200 1332 4261 mei,
1368 4210 1423 4254 ut
1447 4214 1616 4272 pereat
1657 4203 1731 4255 vel
1773 4219 1904 4257 unus

311 4305 373 4343 ea:
408 4293 520 4346 istis
551 4293 778 4361 paruulis
800 4290 1010 4364 (Matth.
1045 4293 1132 4349 18.
1163 4293 1272 4360 14).
1312 4292 1496 4362 Neque
1528 4295 1788 4362 paucitas,
1817 4295 1900 4348 iu-

310 4385 426 4451 quit
448 4427 465 4450 ,
496 4401 674 4456 neque
702 4385 878 4442 vilitas
915 4386 1122 4443 inducit
1151 4403 1299 4452 eum,
1332 4397 1388 4443 ut
1419 4389 1651 4461 negligat
1676 4391 1901 4445 salutem

313 4484 574 4531 nostram.

380 4564 435 4619 2.
466 4567 693 4636 Quando
714 4568 874 4638 igitur
895 4577 1096 4624 tantam
1129 4569 1287 4623 habet
1318 4570 1661 4636 parvulorum
1689 4586 1752 4627 ae
1776 4588 1904 4640 pau-

314 4668 499 4710 corum
525 4672 729 4722 curam,
757 4667 956 4712 tantam
981 4658 1143 4713 etiam
1183 4659 1495 4726 inultorum,
1529 4663 1623 4715 toti
1669 4661 1738 4715 ab
1778 4662 1899 4730 ejus

318 4741 496 4799 favore
523 4746 835 4815 pendentes,
865 4747 932 4801 ad
972 4748 1117 4801 Pauli
1172 4748 1331 4803 verba
1378 4765 1495 4815 qua:
1544 4748 1705 4804 hodie
1753 4751 1891 4804 lecta

317 4843 460 4901 sunt,
504 4852 812 4892 sermonem
868 4837 1163 4892 ﬂectamus.
1212 4836 1450 4905 Scimus,
1480 4838 1671 4908 inquit,
1696 4840 1833 4908 quod
1857 4839 1902 4893 si

321 4931 569 4981 terrenum
595 4937 821 4982 nostrum
840 4927 1158 4982 domicilium
1186 4928 1341 5000 hujus
1362 4929 1674 4983 tabernaculi
1700 4931 1900 4985 destru-

320 5020 449 5068 ctum
480 5019 631 5087 fuerit
664 5017 875 5089 (2.Cor.
895 5018 949 5075 5.
981 5017 1186 5090 l).lmo
1212 5034 1339 5075 vero
1365 5020 1525 5075 altius
1550 5030 1605 5075 et
1633 5020 1700 5075 ad
1727 5022 1900 5091 ipsmn

320 5111 596 5166 exordium
626 5109 785 5180 hujus
810 5111 1091 5166 sententia:
1115 5111 1417 5167 redeamus.
1443 5113 1902 5180 Quemadmodum

323 5202 461 5257 enim
484 5205 572 5274 qui
597 5203 798 5259 fontem
827 5202 1206 5273 pervestigant,
1227 5203 1443 5258 invento
1472 5204 1623 5274 riguo
1648 5204 1768 5260 loco
1793 5220 1902 5260 non

324 5290 431 5348 illic
469 5295 644 5352 solum
689 5294 926 5359 fodiunt,
954 5294 1046 5349 sed
1102 5294 1382 5350 humorem
1432 5312 1579 5364 eum,
1612 5306 1667 5351 et
1711 5313 1901 5353 venam

324 5396 605 5454 sequentes
634 5387 860 5443 interius
883 5396 1213 5454 scrutantur,
1241 5388 1418 5444 donec
1449 5389 1517 5444 ad
1543 5400 1705 5458 caput
1728 5391 1899 5459 ipsum

325 5480 380 5525 et
405 5474 608 5532 initium
630 5476 954 5532 ﬂuentorum
997 5478 1349 5546 perveniant,
1375 5478 1454 5534 sic
1493 5488 1550 5535 et
1599 5496 1697 5535 nos
1743 5480 1903 5535 facio.

327 5575 457 5617 mus.
492 5566 848 5638 Posteaquam
892 5566 1195 5622 invenimus
1239 5569 1571 5638 spiritualem
1625 5571 1823 5627 fontem
1865 5587 1898 5627 e

329 5648 535 5711 Paulina
565 5658 826 5728 sapientia
885 5668 1214 5723 manantem,
1264 5662 1423 5715 verba
1468 5662 1584 5716 lucc
1631 5674 1898 5734 tamquam

329 5751 506 5801 venatu
532 5750 839 5819 quampiam
882 5749 1157 5820 sequendo
1180 5750 1245 5804 ad
1275 5762 1436 5821 caput
1462 5754 1633 5822 ipsum
1678 5768 1898 5811 sentcn-

330 5830 412 5887 tiae
438 5840 810 5897 ascendumus.
863 5839 1015 5909 Quod
1042 5848 1125 5896 est
1161 5840 1317 5912 igitur
1349 5843 1477 5898 illud
1508 5844 1669 5901 fontis
1695 5855 1853 5918 eaput
1876 5848 1900 5900 ?

1023 362 1109 491 οὲ
1150 430 1394 489 VERBIS
1431 418 1779 485 APOSTOLI,
1818 410 2181 475 llABENTES
2214 418 2507 479 EUMDEM
2548 423 2896 481 SPIRITUM.
2938 422 2981 477 l.

3514 435 3619 492 Ἧι

2038 538 2291 596 Habentes
2316 541 2473 612 igitur
2495 545 2722 600 eumdem
2753 546 3005 617 Spiritum
3035 549 3175 619 fidei,
3204 551 3335 609 sicut
3352 554 3614 628 scriptum

2033 639 2128 696 est,
2152 628 2356 686 Credidi
2386 644 2591 703 propter
2629 637 2763 704 quod
2802 636 3040 708 loquutus
3089 657 3203 695 sum
3231 658 3251 696 :
3272 652 3317 698 et
3338 662 3429 699 nos
3451 646 3615 701 credi-

2031 737 2178 786 mus,
2211 735 2518 794 quapropter
2572 738 2618 781 et
2667 728 3026 797 loquimur(2.
3056 730 3174 785 Cor.
3233 733 3288 788 ι.
3336 735 3431 800 13;
3468 733 3615 790 Psal.

2033 811 2157 867 H5.
2189 812 2301 883 l0).
2327 813 2463 882 Quid
2491 815 2608 871 ais?
2636 818 2735 872 nisi
2757 819 3070 885 credideris,
3102 837 3209 877 non
3239 823 3499 896 loqueris,
3521 828 3617 885 sed

2032 912 2210 959 mutus
2265 907 2514 975 perstas?
2563 908 2758 973 Etiam,
2801 911 2998 981 inquit;
3029 929 3203 984 neque
3250 915 3505 975 diducere
3543 938 3607 980 os

2030 1010 2247 1064 possum
2275 999 2391 1057 sine
2420 1000 2543 1063 ﬁde.
2568 1017 2741 1071 neque
2764 1019 2981 1060 movero
3009 1006 3262 1077 linguam,
3289 1026 3463 1081 neque
3483 1027 3610 1083 8pc.-

2032 1086 2139 1141 rire
2180 1087 2314 1143 labia
2338 1132 2352 1155 ,
2383 1092 2594 1148 ratione
2622 1094 2878 1161 praeditus
2916 1111 3036 1151 cum
3067 1098 3191 1165 sim,
3225 1109 3404 1156 mutus
3431 1111 3614 1171 persto

2030 1177 2131 1231 nisi
2157 1178 2287 1234 fides
2308 1182 2447 1250 loqui
2491 1198 2577 1239 me
2607 1185 2816 1241 doceat.
2844 1186 2993 1244 Sient
3022 1189 3165 1245 enim
3198 1190 3378 1259 planta
3409 1193 3612 1264 absque

2030 1267 2208 1323 radice
2231 1268 2460 1326 fructum
2491 1289 2596 1329 non
2636 1276 2836 1345 profert
2860 1319 2875 1341 ,
2909 1280 2979 1332 ita
3017 1281 3222 1350 absque
3250 1283 3369 1338 fidei
3417 1284 3604 1341 fututa-

2029 1370 2210 1413 tnento
2237 1376 2342 1414 non
2372 1365 2620 1433 provenit
2646 1381 2828 1422 sermo
2868 1369 3126 1425 doctrinm
3161 1390 3174 1427 :
3201 1384 3527 1444 quapropter
3554 1389 3609 1434 et

2026 1448 2150 1503 alibi
2198 1450 2408 1520 inquit:
2440 1452 2603 1511 Corde
2620 1458 2845 1513 creditur
2883 1462 2951 1515 ad
2996 1465 3286 1534 justitiam,
3310 1484 3398 1524 ore
3434 1478 3602 1524 autem

2024 1543 2273 1610 confessio
2297 1545 2355 1613 ﬁt
2379 1545 2449 1599 ad
2473 1547 2687 1602 salutem
2708 1549 2884 1618 (Rom.
2921 1553 3001 1608 11).
3041 1554 3151 1624 10).

2123 1630 2279 1687 Fides
2328 1650 2443 1689 cum
2494 1638 2671 1693 baculo
2728 1655 3053 1711 comparata;
3100 1646 3427 1718 philosophos
3477 1650 3606 1706 ridet

2026 1723 2325 1792 profanos;
2392 1726 2521 1795 ﬁdes
2606 1748 2721 1785 cum
2801 1751 2990 1789 aurora
3061 1738 3264 1791 collata.
3332 1769 3405 1780 —
3467 1742 3604 1809 Quid

2025 1813 2149 1870 huic
2177 1817 2354 1873 arbori
2408 1820 2490 1875 vel
2520 1823 2760 1891 przel‘erri
2801 1827 2883 1881 vel
2918 1827 3147 1884 conferri
3198 1838 3407 1900 potest,
3452 1832 3605 1904 cujus

2023 1907 2237 1977 quidem
2279 1926 2384 1965 non
2421 1914 2553 1967 rami
2585 1916 2758 1970 solum
2778 1958 2793 1981 ,
2820 1918 2913 1973 sed
2941 1919 3088 1975 radix
3111 1937 3322 1992 quoque
3349 1924 3463 1993 ipsa
3504 1926 3608 1982 fert

2023 1994 2289 2066 fructum,
2331 2001 2448 2056 lucc
2485 2002 2782 2072 justitiam,
2826 2007 2900 2062 illi
2946 2009 3208 2065 salutem?
3255 2013 3379 2069 ideo
3426 2013 3603 2073 dicit:

2023 2085 2307 2156 Credimus,
2335 2104 2641 2164 quapropter
2665 2106 2710 2149 et
2728 2097 2999 2168 loquimur.
3018 2098 3167 2157 Sicut
3191 2103 3333 2157 enim
3366 2107 3604 2162 membra

2024 2180 2268 2246 tremula,
2289 2191 2343 2235 et
2358 2192 2631 2239 senectute
2649 2186 2916 2256 languida,
2938 2189 3126 2246 baculo
3149 2202 3262 2247 tuto
3282 2193 3604 2265 deducente,

2019 2268 2124 2323 labi
2166 2280 2221 2324 ct
2245 2271 2440 2328 cadere
2476 2289 2581 2329 non
2612 2279 2991 2345 permittuntur
3020 2298 3035 2337 :
3067 2281 3145 2336 sic
3170 2283 3330 2339 etiam
3372 2287 3604 2345 animam

2022 2368 2257 2415 nostram
2306 2361 2533 2418 infirmis
2573 2366 3068 2425 ratiocinationibus
3116 2372 3492 2430 circumactam
3537 2393 3601 2435 ac

2011 2449 2263 2519 jactatam
2293 2452 2424 2509 lich
2446 2456 2634 2524 quovis
2658 2457 2846 2514 baculo
2866 2461 3027 2516 tutius
3049 2473 3375 2531 sustentans,
3402 2461 3604 2537 suaque

2022 2543 2072 2595 vi
2104 2543 2351 2598 reﬁciens
2371 2587 2384 2610 ,
2417 2560 2759 2618 summopere
2796 2551 3005 2619 lirmat,
3040 2569 3140 2611 nec
3164 2556 3288 2611 sinit
3324 2561 3598 2629 subverti,

2018 2632 2257 2688 infirmas
2286 2638 2637 2706 cogitationes
2664 2643 2940 2712 corrigens
2968 2648 3272 2714 praestantia
3294 2665 3405 2705 sua:
3430 2656 3597 2707 virtu-

2019 2722 2102 2787 tis,
2128 2732 2184 2777 et
2209 2725 2487 2795 caliginem
2509 2728 2653 2785 illam
2680 2731 2990 2803 dispellens,
3009 2737 3347 2809 animamque
3376 2743 3521 2797 velut
3547 2744 3598 2799 in

2015 2815 2285 2872 domicilio
2328 2821 2612 2877 tenebroso
2658 2825 2796 2880 inter
2826 2829 3211 2885 tumultuantes
3249 2834 3600 2904 cogitationes

2015 2907 2289 2963 sedentem
2329 2925 2428 2965 suo
2465 2911 2667 2970 lumine
2705 2915 2993 2973 illustrans.
3027 2919 3161 2975 llinc
3186 2922 3278 2985 lit,
3312 2925 3481 2995 utqui
3512 2928 3596 2980 illa

2014 3009 2232 3068 carent,
2268 3002 2437 3057 nihilo
2476 3005 2686 3076 potiore
2723 3007 2830 3062 sint
2854 3009 3195 3078 conditione,
3223 3028 3385 3081 quam
3426 3017 3515 3085 qui
3548 3018 3599 3073 iu

2015 3091 2251 3147 tenebris
2275 3094 2435 3148 vitam
2457 3094 2657 3165 degunt
2687 3115 2700 3151 :
2727 3098 2819 3154 sed
2848 3100 2987 3154 sicut
3012 3101 3084 3155 illi
3111 3111 3164 3156 et
3191 3103 3256 3158 ad
3289 3106 3518 3173 parietes
3545 3119 3601 3164 ct

2015 3183 2067 3236 in
2090 3182 2246 3238 obvia
2271 3199 2497 3255 qumque
2520 3186 2840 3259 impingunt,
2859 3201 2911 3245 et
2935 3191 2988 3246 in
3018 3192 3197 3249 foveas
3220 3209 3283 3250 ac
3310 3198 3599 3268 praecipitia

2011 3275 2397 3345 prolabuntur,
2431 3293 2532 3335 nec
2574 3281 2742 3336 ullum
2784 3297 2939 3338 usum
2966 3284 3244 3341 oculorum
3275 3286 3472 3344 habent
3493 3331 3510 3354 ,
3543 3300 3595 3345 ut

2011 3366 2205 3435 quibus
2233 3367 2362 3422 nihil
2392 3369 2678 3437 praaluccat
2723 3390 2737 3426 :
2781 3374 2858 3429 sic
2886 3375 3044 3430 etiam
3077 3386 3338 3446 quotquot
3376 3379 3479 3436 fide
3504 3397 3597 3436 ca-

2011 3466 2167 3523 rent,
2201 3468 2255 3513 ct
2293 3459 2431 3514 inter
2473 3475 2533 3516 se
2572 3462 2658 3517 alii
2695 3463 2747 3517 in
2788 3464 2921 3525 alios
2952 3467 3252 3531 incursant,
3291 3481 3348 3523 et
3377 3470 3426 3525 in
3454 3472 3598 3541 ipsos

2015 3547 2244 3613 parietes
2270 3590 2285 3612 ,
2326 3558 2381 3604 et
2422 3559 2694 3621 postremo
2723 3553 2776 3608 in
2806 3554 3116 3611 barathrum
3145 3559 3360 3629 aliquod
3386 3563 3601 3620 exitiale

2011 3638 2151 3691 ultro
2180 3655 2238 3694 se
2264 3639 2361 3708 ipsi
2394 3643 2745 3712 praecipitant.

2047 3704 2295 3787 5.1‘estes
2306 3704 2433 3788 mihi
2447 3704 2571 3789 sunt
2580 3735 2652 3790 illi
2667 3736 2753 3806 qui
2768 3738 3038 3808 profanam
3054 3743 3595 3817 sapientiamjactant,

2009 3822 2100 3892 qui
2123 3823 2343 3878 multum
2362 3825 2461 3880 sibi
2486 3827 2746 3895 promissa
2772 3829 2956 3893 barba,
2979 3832 3212 3904 tritoque
3234 3835 3394 3906 pallio
3417 3852 3480 3892 ac
3503 3838 3594 3893 ha-
3628 3822 3635 3885 έ

2009 3914 2131 3969 culo
2150 3914 2380 3984 placent.
2396 3917 2523 3972 Post
2537 3919 2721 3990 longas
2737 3921 2879 3975 enim
2898 3937 2960 3977 ac
2976 3938 3119 3994 smpe
3137 3928 3389 3995 repetitas
3406 3929 3597 3985 disser-
3626 3920 3629 3929 ’

2012 4006 2257 4073 taliones,
2278 4006 2482 4077 lapides
2499 4026 2607 4080 pra:
2622 4014 2791 4067 oculis
2807 4013 2939 4070 sitos
2959 4031 3065 4070 non
3083 4017 3291 4072 vident:
3312 4021 3355 4075 si
3378 4022 3520 4077 enim
3541 4034 3597 4079 ut

2010 4096 2211 4165 lapides
2231 4113 2325 4153 eos
2348 4111 2652 4166 cernerent,
2673 4119 3007 4176 nequaquam
3030 4122 3123 4162 eos
3147 4109 3281 4165 deos
3295 4125 3416 4167 esse
3437 4127 3593 4183 puta-

2011 4199 2146 4245 rent.
2171 4192 2307 4258 Qnin
2327 4193 2425 4262 ipsi
2443 4211 2653 4266 quoque
2676 4196 2727 4251 in
2746 4198 2882 4253 alios
2896 4199 2985 4254 alii
3005 4201 3264 4267 feruntur,
3283 4212 3440 4274 atque
3458 4206 3597 4261 inter

2009 4296 2067 4335 se
2095 4282 2437 4350 colliduntur,
2461 4294 2517 4339 ut
2539 4286 2589 4340 in
2615 4287 2787 4357 ipsum
2811 4289 3096 4360 impietatis
3124 4293 3594 4361 profundissimam

2011 4374 2362 4443 pra‘eipitium
2393 4376 2779 4445 devolvuntur,
2812 4396 2922 4436 non
2961 4382 3118 4437 aliam
3144 4386 3215 4439 ob
3254 4402 3402 4449 rem,
3436 4404 3596 4456 quam

2008 4464 2149 4530 quod
2175 4467 2672 4524 ratiocinationibus
2701 4472 2812 4525 suis
2853 4474 3031 4527 omnia
3059 4490 3153 4528 sua
3178 4477 3509 4544 permittunt.
3541 4478 3595 4533 ltl

2010 4571 2138 4610 vero
2167 4556 2362 4612 Paulus
2390 4559 2696 4629 signiﬁcans
2734 4561 2866 4616 dicit
2911 4581 2924 4616 :
2968 4563 3294 4621 Evanucrunt
3321 4569 3372 4621 in
3404 4572 3597 4641 cogita-

2010 4647 2227 4702 tionibus
2252 4651 2357 4704 suis
2375 4691 2389 4715 ,
2415 4661 2460 4705 et
2498 4651 2872 4708 obtcncbralum
2898 4665 2968 4710 est
3007 4656 3252 4728 insipiens
3273 4676 3361 4713 cor
3379 4677 3552 4715 eorum
3580 4680 3598 4718 .-

2009 4754 2122 4791 cum
2146 4756 2200 4793 se
2226 4742 2475 4797 :rederent
2501 4759 2608 4797 esse
2635 4745 2917 4815 sapientes,
2945 4748 3085 4803 stulti
3103 4752 3226 4821 facti
3248 4763 3363 4808 sunt
3413 4753 3589 4826 (Rom.

2014 4830 2061 4881 1.
2088 4829 2177 4885 2|.
2197 4830 2314 4901 22).
2355 4834 2643 4889 Declarans
2667 4836 2861 4892 deinde
2896 4855 3056 4910 quam
3083 4845 3331 4899 θεραπαιιί
3362 4856 3417 4900 ct
3449 4849 3596 4903 stulti

2009 4930 2209 4986 essent,
2240 4924 2387 4979 addit
2416 4925 2531 4981 hcce
2560 4928 2719 4983 verba
2751 4945 2767 4984 :
2803 4928 3221 5005 Mutaveruutque
3260 4937 3479 5008 gloriam
3514 4941 3596 4994 iu-

2008 5014 2349 5082 corruptibilis
2375 5012 2470 5069 Dei
2495 5016 2547 5070 in
2585 5017 2967 5075 similitudinem
3000 5023 3235 5095 imaginis
3257 5029 3601 5100 corruptibilis

2009 5102 2226 5158 hominis
2250 5146 2266 5171 ,
2295 5114 2340 5159 et
2372 5106 2654 5163 volatilium
2677 5149 2691 5173 ,
2722 5119 2768 5164 et
2794 5111 3183 5185 quadrupedum
3205 5158 3219 5182 ,
3250 5129 3306 5172 let
3338 5121 3597 5191 reptilium

2011 5193 2175 5263 (Ibid.
2209 5212 2261 5251 υ.
2282 5195 2398 5267 9.*5).
2425 5197 2529 5254 Sed
2577 5200 2674 5257 has
2705 5203 2957 5261 tenebras
2988 5205 3120 5263 lides
3149 5208 3376 5265 adventu
3411 5225 3510 5267 suo
3541 5212 3594 5266 in

2010 5287 2315 5341 universum
2344 5289 2561 5345 discutit
2591 5291 2642 5346 in
2670 5292 2870 5359 anima,
2900 5310 3020 5366 quae
3044 5311 3105 5352 se
3127 5296 3357 5367 hospitio
3376 5301 3594 5369 dignata

2012 5375 2171 5433 fuerit
2211 5396 2225 5434 :
2264 5389 2318 5433 ct
2350 5382 2801 5451 quemadmodum
2842 5402 3034 5441 navem
3076 5397 3352 5443 ventorum
3391 5389 3592 5459 impetu

2005 5466 2257 5538 jactatam
2284 5513 2299 5538 ,
2346 5482 2400 5527 et
2450 5471 2705 5529 ﬂuctuum
2747 5475 2952 5530 assultu
2994 5474 3328 5547 inundatam,
3360 5479 3593 5536 demissa

2007 5577 2206 5618 ancora
2236 5565 2455 5617 omnino
2482 5564 2715 5633 stabilit,
2748 5573 2802 5619 et
2831 5565 2914 5619 vel
2944 5566 2996 5620 in
3026 5566 3203 5620 medio
3232 5569 3419 5642 pelago
3447 5572 3590 5626 radi-

2005 5664 2096 5709 eat
2124 5673 2135 5708 :
2167 5654 2237 5709 ita
2264 5657 2422 5709 etiam
2449 5665 2679 5711 mentem
2701 5664 2938 5711 nostram
2959 5660 3235 5715 extraneis
3256 5663 3595 5731 cogitationi-

2010 5754 2108 5808 bus
2128 5753 2379 5821 iactatam
2401 5753 2630 5808 adventu
2654 5768 2752 5808 suo
2781 5753 2914 5811 ﬁdes
2937 5756 3099 5811 tutius
3124 5772 3285 5826 quam
3305 5773 3501 5815 ancora
3526 5777 3592 5817 ex

2011 5844 2308 5901 imminenti
2337 5843 2608 5916 naufragio
2637 5844 2854 5915 liberat,
2879 5855 3148 5920 tamquam
3178 5852 3230 5907 in
3254 5852 3596 5923 tranquillutn
