4006 6466
481 374 586 436 £75

485 515 722 576 portum,
759 507 813 564 in
839 507 1180 566 conscientia:
1199 512 1572 570 certitudinem
1597 513 1890 573 deducens.
1916 519 2068 587 Quod

484 609 542 656 et
573 602 746 671 ipsum
787 602 983 660 Paulus
1024 605 1326 674 signiﬁcans
1377 607 1504 662 dicit
1550 625 1563 661 :
1613 607 1890 679 Propterea
1931 610 2069 666 dedit

487 695 627 751 Deus
654 695 909 765 apostolos
941 697 1009 748 ad
1040 699 1524 752 consummationem
1553 711 1844 754 sanctorum
1863 742 1878 767 ,
1910 701 2072 756 donec

483 804 808 848 occurramus
833 799 1005 847 omnes
1040 792 1095 846 in
1128 792 1374 847 unitatem
1399 794 1519 862 ﬁdei
1547 805 1596 848 et
1634 795 1907 865 agnitionis
1947 793 2072 849 Filii

483 883 580 938 Dei
597 926 612 950 ,
644 893 696 936 ut
717 891 778 936 ne
804 884 1030 954 amplius
1059 885 1218 939 simus
1240 885 1438 954 paruuli
1463 873 1768 954 ﬂuctuantes
1788 926 1801 950 ,
1829 896 1877 939 et
1897 887 2071 952 quovis

479 986 627 1029 rente
647 975 743 1029 huc
769 983 918 1044 atque
942 975 1068 1028 illuc
1096 974 1273 1040 iactati
1313 974 1530 1047 (Ephes.
1567 976 1618 1030 Δ.
1655 976 1712 1030 11
1767 1005 1794 1016 -
1828 975 1950 1046 14).
1985 975 2071 1029 γε-

479 1067 576 1120 des
616 1065 740 1120 ﬁdei
769 1065 973 1120 lacinus
1004 1067 1318 1135 praeclarum
1341 1107 1356 1131 ,
1387 1067 1528 1136 quod
1557 1081 1655 1120 ceu
1687 1081 1882 1121 ancora
1919 1083 2066 1136 qua:-

479 1160 624 1227 piatn
670 1157 972 1221 tutissima,
1015 1172 1044 1211 a
1092 1157 1436 1211 ﬂuctuatione
1475 1157 1660 1210 liberat
1696 1175 1709 1209 :
1749 1159 1886 1211 sicut
1931 1159 2068 1211 idem

481 1260 668 1301 rursus
695 1246 761 1300 ad
792 1246 1044 1300 liebncos
1072 1247 1277 1306 scribit,
1301 1249 1401 1301 hoc
1423 1247 1583 1300 modo
1604 1249 1668 1301 de
1690 1246 1792 1302 ﬁde
1811 1249 2033 1316 loquens
2056 1267 2068 1300 :

485 1341 651 1405 Quam
681 1339 815 1392 velut
835 1356 1077 1393 ancoram
1098 1351 1323 1394 tenemus
1344 1343 1549 1409 animm,
1569 1353 1728 1394 tutam
1749 1344 2066 1412 ﬁrmamque,

481 1439 527 1481 et
556 1430 888 1482 introeuntem
913 1446 1073 1500 usque
1090 1430 1158 1482 ad
1183 1447 1242 1484 ea
1269 1446 1384 1502 qua!
1403 1443 1518 1485 sunt
1538 1433 1671 1485 intra
1693 1434 1855 1487 velum
1883 1433 2068 1505 (Hebr.

480 1520 535 1574 6.
586 1520 648 1575 l9
677 1519 717 1590 ).-
764 1521 840 1574 Ne
883 1523 1024 1575 enim
1070 1522 1248 1576 audita
1285 1538 1480 1577 ancora
1529 1535 1682 1592 putes
1726 1525 1976 1580 deorsum
2021 1537 2071 1581 te

481 1615 838 1681 trahendum,-
872 1615 1102 1670 ostendit
1142 1627 1335 1669 novum
1375 1632 1494 1670 esse
1543 1617 1810 1686 quoddam
1856 1633 2070 1673 ancora:

482 1721 669 1776 genus,
697 1723 815 1776 qua:
841 1723 945 1760 non
968 1708 1362 1775 dcpritnatgsed
1386 1721 1595 1762 sursum
1618 1719 1851 1773 tuentem
1874 1711 2067 1775 elevet,

481 1800 548 1853 ad
573 1801 762 1854 ca-lum
792 1809 960 1869 usque
989 1800 1251 1854 Sublatam
1273 1842 1288 1868 ,
1325 1811 1381 1856 et
1411 1803 1548 1856 intra
1580 1803 1752 1856 velum
1781 1817 1878 1858 ceu
1909 1818 2069 1858 manu

478 1891 767 1946 deductam
813 1909 826 1946 :
875 1891 1052 1945 velum
1095 1893 1238 1946 enim
1288 1893 1392 1947 hoc
1438 1895 1556 1948 loco
1596 1895 1788 1949 caelum
1839 1897 2067 1951 vocavit.

479 1983 608 2049 Cur,-
635 1992 728 2037 aut
754 1998 912 2052 quam
942 1982 1013 2037 ob
1037 1984 1291 2038 causam?
1309 1985 1442 2050 Quia
1468 1985 1606 2040 sicut
1628 1986 1804 2040 velum
1825 1985 1892 2042 ab
1917 1997 2067 2043 este-

481 2075 624 2129 riore
659 2082 806 2143 parte
834 2073 1161 2128 tabernaculi
1192 2073 1479 2130 dirimebat
1508 2085 1693 2131 sancta
1716 2088 2023 2133 sanctorum
2047 2119 2065 2147 ,

477 2165 552 2223 ita
578 2165 768 2218 caelum
808 2163 949 2218 istud
982 2173 1249 2234 tamquam
1276 2165 1453 2220 velum
1492 2166 1726 2222 medium
1753 2169 1892 2223 inter
1919 2185 2070 2224 crea-

482 2265 653 2309 turam
689 2256 958 2325 objectum
981 2297 997 2321 ,
1025 2257 1094 2311 ab
1129 2257 1398 2313 exteriore
1425 2260 1804 2328 tabernaculo,
1847 2261 1948 2317 hoc
1986 2273 2068 2319 est

478 2347 678 2401 mundo
703 2346 805 2402 hoc
821 2361 980 2418 quem
1011 2348 1274 2417 ridemus,
1301 2350 1503 2406 dirimit
1525 2361 1707 2408 sancta
1737 2362 2065 2416 sanctorum.

477 2437 730 2493 videlicet
752 2449 814 2494 ea
845 2455 965 2510 qua:
995 2449 1159 2510 supra
1191 2457 1250 2496 se
1287 2451 1444 2507 sunt,
1484 2452 1593 2514 quo
1633 2457 1934 2514 pmcursbr
1970 2461 2068 2516 pro

477 2531 634 2585 nobis
663 2530 1022 2602 introgressus
1051 2543 1132 2589 est
1153 2532 1421 2590 Christus.

545 2623 600 2677 4.
629 2622 780 2689 Quod
803 2632 980 2679 autem
1011 2624 1140 2679 dicit
1167 2665 1181 2688 ,
1214 2627 1290 2681 sic
1319 2626 1721 2698 intelligendum
1753 2639 1836 2684 est
1867 2647 1880 2680 :
1914 2629 2064 2699 Illuc,

475 2713 668 2782 inquit,
697 2715 930 2768 animatn
964 2725 1201 2771 nostram
1227 2718 1509 2774 sublimem
1531 2720 1728 2775 attollit
1758 2720 1889 2776 ﬁdes
1908 2763 1923 2788 ,
1957 2737 2062 2776 non

473 2804 660 2860 sineus
691 2808 812 2861 ullis
831 2810 1190 2878 praesentibus
1213 2811 1366 2866 malis
1395 2811 1643 2882 deprimi,
1675 2813 1770 2867 sed
1795 2825 1891 2884 spe
1921 2814 2064 2869 l'utuo

473 2912 657 2952 rerum
711 2899 922 2954 labores
959 2900 1218 2956 allevans.
1269 2901 1366 2969 Qui
1416 2903 1558 2958 enim
1601 2902 1772 2958 futura
1818 2915 2062 2973 spectat,

473 2987 709 3042 cmlesﬁa
747 3004 972 3058 sperans
992 3031 1007 3055 ,
1053 3001 1106 3045 et
1150 2994 1345 3046 mentis
1372 2993 1554 3048 oculos
1584 2989 1678 3050 illo
1705 2995 1940 3065 dirigens
1960 3038 1973 3062 ,
1999 3012 2067 3052 ne

474 3077 640 3132 sentit
703 3078 918 3148 Quide
982 3083 1326 3151 przesentium
1393 3084 1653 3139 malomm
1721 3088 2062 3153 molestiam,

473 3170 928 3239 quemadmodum
976 3187 1149 3242 neque
1194 3172 1392 3228 Paulus
1440 3176 1744 3243 sentiebat,
1803 3187 1856 3232 et
1909 3178 2065 3248 hujus

475 3260 831 3332 philosophia:
861 3269 1076 3317 citus-tiu
1103 3264 1329 3319 docebat
1355 3265 1542 3321 dicens
1577 3286 1589 3322 ε
1621 3266 1761 3322 Nam
1789 3279 2066 3325 mamenta-

473 3369 572 3406 nea
636 3353 814 3408 levitas
878 3355 1162 3426 afﬂictionis
1216 3369 1404 3411 nostra:
1462 3359 1587 3413 mire
1638 3377 1796 3431 supra
1859 3363 2067 3418 modum

474 3454 722 3498 eternunt
762 3446 960 3515 pondus
999 3449 1181 3518 gloria
1219 3450 1353 3516 parit
1397 3450 1538 3504 nobis
1578 3449 1669 3520 (2.
1715 3451 1832 3507 Cor.
1869 3457 1924 3512 4.
1957 3450 2066 3530 17).

476 3535 758 3603 Quomodo
777 3546 829 3592 et
849 3554 953 3607 qua
979 3541 1186 3594 ratione
1201 3542 1226 3594 ?
1255 3539 1394 3594 Dum
1418 3559 1518 3596 non
1541 3555 1827 3614 spectamus
1867 3554 1927 3601 ed
1950 3553 2066 3617 (fita!

473 3628 727 3693 uidentur,
751 3629 840 3682 sed
861 3647 917 3682 ea
936 3646 1048 3699 qua:
1069 3649 1168 3685 non
1193 3633 1426 3687 uidentur
1446 3634 1550 3706 (Ib.
1578 3653 1624 3688 υ.
1651 3637 1718 3691 18
1750 3640 1788 3701 ),
1814 3639 2063 3694 nimirutu

475 3719 647 3773 oculis
687 3719 831 3774 ﬁdei.
871 3721 1024 3776 Sicut
1061 3724 1202 3778 enim
1246 3727 1489 3795 Corporis
1533 3728 1674 3782 oculi
1716 3728 1845 3785 nihil
1883 3731 2065 3786 vident

475 3812 830 3885 intelligibile,
861 3816 933 3870 ita
959 3819 1098 3873 oculi
1133 3818 1253 3873 ﬁdei
1289 3819 1416 3874 nihil
1449 3820 1630 3876 vident
1651 3823 1923 3878 sensibile.
1959 3824 2062 3879 Sed

475 3905 546 3960 tle
569 3923 670 3977 qua
698 3907 800 3963 ﬁde
827 3907 912 3963 hic
939 3909 1172 3980 loquitur
1195 3911 1430 3967 Paulus?
1453 3929 1572 3968 nam
1602 3915 1720 3969 lidei
1748 3916 2064 3972 vocabulum

473 3995 738 4067 duplicent
770 3999 932 4055 habet
957 4001 1419 4071 signiﬁcationem.
1449 4002 1657 4058 Etenim
1690 4004 1822 4059 ﬁdes
1846 4005 2062 4073 dicitur,

476 4101 574 4154 per
601 4101 760 4156 quam
793 4089 1029 4160 prodigia
1074 4101 1200 4147 tunc
1240 4091 1505 4147 faciebant
1545 4095 1807 4164 apostoli,
1851 4096 1920 4151 de
1960 4113 2064 4167 qua

474 4179 719 4234 Christus
745 4179 957 4234 dicebat
999 4199 1012 4234 :
1057 4183 1117 4237 Si
1161 4185 1435 4239 habueritis
1478 4187 1632 4254 ﬁdem
1679 4189 1807 4242 sit-ut
1845 4207 2065 4259 granum

474 4269 678 4338 sinapi,-
711 4269 883 4324 dicetis
910 4272 1068 4324 inanti
1095 4272 1214 4325 huic
1234 4315 1250 4338 ,
1285 4273 1490 4344 Nigra,
1519 4283 1566 4329 et
1595 4277 1826 4346 migrabit
1848 4278 2063 4348 (Matth.

476 4360 566 4415 17.
601 4358 711 4434 19).
769 4361 834 4417 Ει
861 4377 1072 4416 rursum
1096 4377 1217 4417 cum
1244 4364 1487 4434 discipuli
1525 4378 1630 4421 nun
1661 4379 1880 4437 possent
1907 4371 2065 4425 luna-

477 4453 638 4506 ticum
661 4453 890 4510 liberare
914 4469 944 4509 a
971 4454 1246 4522 daemone,
1278 4467 1600 4527 causamque
1629 4460 2030 4518 sciscitarentur
2047 4507 2063 4531 ,

477 4545 614 4602 hanc
634 4547 714 4603 eis
736 4549 1112 4617 subindicavit,
1127 4549 1269 4622 quod
1294 4551 1429 4606 ﬁdes
1450 4567 1543 4608 eos
1566 4552 1841 4620 deﬁceret,
1857 4556 2064 4625 dicens,

477 4637 699 4709 PrOpter
719 4641 1123 4698 incredulitatem
1151 4656 1363 4699 uestram
1387 4645 1517 4716 (1b.)
1555 4647 1620 4703 Et
1655 4649 1850 4704 Paulus
1875 4650 1942 4706 de
1972 4667 2066 4707 ea-

476 4728 600 4784 dem
627 4730 841 4788 dicebat
869 4751 884 4788 :
915 4733 976 4788 Si
1002 4736 1224 4790 habuero
1257 4739 1412 4806 ﬁdem
1451 4741 1522 4794 ita
1547 4750 1602 4794 ut
1626 4753 1816 4796 montes
1845 4748 2067 4815 transfe-

477 4834 592 4873 ram
621 4821 700 4892 (l.
728 4820 846 4878 Cor.
881 4825 969 4880 i3.
999 4825 1079 4896 Ξ).
1103 4826 1170 4882 Ει
1214 4829 1400 4885 Petrus
1429 4845 1550 4886 cum
1581 4833 1974 4901 periclitaretur
2001 4851 2068 4892 ne

481 4919 816 4983 mergeretur
867 4917 1090 4985 pedibus
1145 4935 1240 4988 per
1287 4937 1434 4975 mare
1484 4923 1769 4988 ineedens,
1821 4927 2066 4982 eanuletu

482 5003 901 5073 increpationem
939 5008 1140 5063 audivit
1179 5025 1207 5063 a
1239 5010 1471 5076 Christo,
1499 5013 1718 5068 Modiam
1748 5017 1885 5082 ﬁdei,
1915 5025 2073 5088 quare

481 5093 722 5151 dubitasti
757 5095 977 5169 (Matth.
1032 5100 1110 5154 l4.
1150 5101 1209 5156 5|
1234 5099 1292 5173 )?
1323 5102 1503 5173 Itaque
1550 5103 1682 5160 ﬁdes
1723 5107 1918 5162 dicitur
1965 5125 2068 5178 qua

482 5189 740 5245 miracula
781 5200 834 5246 et
878 5189 1118 5262 prodigia
1167 5204 1441 5262 patrantur
1477 5215 1490 5250 :
1531 5197 1728 5252 dicitur
1763 5202 1890 5254 item
1937 5202 2071 5256 ﬁdes

480 5300 602 5356 qua:
628 5299 727 5342 nos
753 5285 821 5340 ad
852 5284 1182 5356 agnitionem
1212 5285 1305 5342 Dei
1337 5288 1614 5357 perducit,
1643 5292 1713 5344 ob
1741 5309 1899 5362 qnam
1921 5295 2071 5364 quis-

484 5393 592 5448 que
619 5387 859 5434 nostrum
892 5377 1066 5434 ﬁdelis
1094 5387 1179 5434 est
1211 5388 1226 5435 ε
1263 5377 1404 5433 sicut
1435 5381 1503 5434 ad
1531 5381 1800 5437 Romanos
1829 5386 2073 5440 scribens

489 5472 622 5527 dicit
657 5491 671 5526 :
708 5471 925 5527 Gratias
969 5487 1068 5542 ago
1114 5473 1220 5527 Deo
1255 5489 1368 5527 meo
1404 5481 1499 5542 per
1535 5461 1719 5529 Iesum
1771 5474 2066 5542 Christum,

495 5560 625 5616 mod
653 5563 783 5630 [ides
815 5573 986 5617 restra
1015 5566 1369 5618 annuntiatur
1409 5565 1464 5619 in
1499 5574 1609 5619 toto
1657 5563 1854 5620 mundo
1890 5567 2066 5637 (Rom.

492 5654 539 5704 1.
577 5651 668 5720 8);
717 5668 782 5706 ac
832 5667 1057 5708 rursum
1111 5655 1176 5708 ad
1219 5654 1791 5712 Thessalonicenses:
1837 5658 1878 5711 Α
1927 5657 2069 5712 vobis

487 5745 625 5795 enim
675 5747 943 5808 personuit
988 5762 1158 5800 sermo
1202 5747 1450 5810 Domini,
1501 5768 1605 5805 non
1653 5751 1827 5806 solum
1862 5753 1915 5806 in
1949 5744 2068 5806 Ma-

493 5833 712 5883 cedonin
753 5844 800 5886 et
843 5835 1083 5892 Achaia.
1134 5853 1306 5891 verum
1345 5842 1505 5894 etiam
1538 5843 1590 5895 in
1622 5844 1762 5896 omni
1799 5843 1910 5897 loco
1939 5845 2072 5912 ﬁdes

1194 397 1252 454 s.
1291 387 1569 456 JOANNIS
1608 396 2079 477 CllttYSOSTOMI
2120 405 2438 465 AliClllEP.
2481 394 3028 468 cossras'nuoe.
3641 402 3731 471 2'76

2180 531 2373 585 vestra,
2395 539 2512 595 qua
2534 532 2614 579 est
2645 525 2700 579 in
2731 524 2917 592 Deum,
2949 527 3242 585 dimanavit
3273 527 3347 598 (1.
3382 524 3557 588 Thess.
3590 530 3633 584 l.
3659 530 3724 598 8).

2268 619 2451 675 Fidem
2485 627 2788 694 cognitionis
2827 646 2918 682 cur
2956 629 3210 700 Spiritum
3253 630 3372 699 ﬁdei
3418 638 3586 692 uocet;
3620 627 3728 695 ﬁdes

2176 725 2331 778 quare
2354 715 2547 768 auxilio
2577 716 2804 785 Spiritus
2832 720 3073 789 indigeat.
3103 750 3173 760 —
3196 719 3416 788 Qualem
3446 719 3596 788 igitur
3617 717 3726 771 sub-

2179 801 2377 856 indicat
2399 805 2449 856 in
2475 803 2576 859 huc
2603 807 2721 862 loco
2749 807 2948 863 ﬁdem?
2976 810 3148 864 Dubio
3181 811 3361 880 procul
3393 809 3546 863 ﬁdem
3566 806 3726 877 cogni.

2177 892 2376 948 tionis:
2409 895 2459 948 id
2499 899 2640 967 quod
2683 915 2747 954 ex
2789 903 3135 969 sequentibus
3182 910 3343 970 patet.
3375 896 3729 957 Credintus.in-

2175 983 2310 1051 quit.
2337 998 2646 1057 quapropter
2683 1000 2730 1043 et
2771 990 3046 1059 loquimur.
3082 992 3221 1058 Quid
3265 991 3568 1046 credimus?
3604 989 3730 1055 Quod

2175 1074 2262 1140 qui
2300 1077 2612 1131 resuscitattit
2654 1080 2944 1146 Christum,
2985 1083 3136 1136 etiam
3179 1099 3271 1136 nos
3316 1081 3618 1136 resuscitabit
3657 1097 3730 1149 per

2176 1163 2406 1216 virtutem
2433 1183 2578 1220 suam
2609 1168 2685 1240 (ἓ.
2723 1168 2842 1225 Cor.
2882 1173 2930 1226 4.
2966 1173 3079 1239 14).
3106 1173 3210 1228 Sed
3255 1188 3421 1242 quare
3461 1182 3574 1225 eam
3600 1178 3730 1222 τοοθι

2177 1253 2429 1322 Spiritum
2456 1257 2594 1320 ﬁdei,
2625 1262 2751 1314 etin
2775 1262 3120 1318 donationum
3147 1263 3392 1317 ordinem
3417 1261 3730 1316 annutnerat?

2176 1343 2307 1397 Nam
2343 1347 2386 1400 si
2431 1349 2629 1403 donum
2667 1361 2749 1406 est
2779 1352 2936 1417 ﬁdes,
2977 1363 3031 1408 et
3071 1355 3236 1408 solius
3266 1354 3496 1422 Spiritus
3524 1352 3728 1413 domum

2177 1451 2282 1488 non
2316 1447 2555 1493 nostrum
2598 1443 2888 1509 meritum,
2929 1459 3102 1514 neque
3147 1443 3407 1498 increduli
3447 1443 3728 1511 punientur.

2177 1543 2348 1598 neque
2377 1531 2660 1588 credentes
2702 1535 2914 1590 laudem
2946 1537 3416 1606 promerebuntur.
3442 1535 3578 1588 Talis
3611 1533 3730 1586 enim

2173 1631 2254 1674 cst
2282 1621 2628 1678 donationum
2659 1635 2868 1691 natura,
2898 1642 3002 1682 non
3022 1636 3146 1682 sunt
3165 1643 3403 1690 coronae,
3431 1641 3592 1695 neque
3616 1638 3730 1693 pra:-

2174 1705 2298 1758 tnia.
2336 1705 2540 1762 Donum
2567 1711 2710 1764 enim
2743 1727 2848 1764 non
2879 1723 2959 1767 est
3000 1712 3311 1781 accipientis
3355 1711 3626 1773 meritum,
3650 1710 3728 1763 sed

2175 1793 2442 1865 largitoris
2467 1798 2800 1855 liberalitatis
2824 1802 3163 1872 gratilicatio.
3194 1801 3344 1856 lianc
3367 1804 3438 1855 ob
3465 1815 3570 1854 rem
3594 1801 3729 1854 etiam

2173 1889 2464 1959 discipulos
2488 1893 2649 1960 jussit
2678 1909 2783 1948 non
2823 1894 3058 1965 gaudere
3084 1909 3151 1948 eo
3185 1893 3330 1964 quod
3361 1893 3622 1948 daemonas
3643 1891 3728 1959 eji-

2173 1992 2378 2047 cerent,
2406 1993 2462 2038 et
2480 1999 2575 2039 eos
2599 1987 2688 2056 qui
2721 1987 2772 2040 in
2805 1987 3021 2042 nomine
3058 2002 3157 2041 suo
3193 1985 3658 2056 prophetavcrant.
3686 1991 3732 2036 et

2175 2071 2399 2127 virtutes
2436 2075 2630 2130 multas
2659 2075 2936 2144 fecerant,
2967 2078 3170 2147 expulit
3195 2092 3225 2132 c
3252 2091 3424 2146 regno
3462 2075 3726 2130 cmlorum:

2172 2162 2422 2230 quoniam
2451 2180 2518 2219 ex
2557 2168 2665 2221 suis
2707 2169 2912 2223 meritis
2941 2170 3139 2224 tmllam
3172 2167 3442 2222 habebant
3481 2165 3726 2229 ﬁduciam,

2171 2251 2265 2306 sed
2293 2252 2362 2306 ob
2391 2255 2534 2309 solas
2561 2257 2875 2314 donationes
2900 2261 3032 2315 salvi
3065 2259 3179 2315 ﬁeri
3205 2259 3477 2314 volebant.

2243 2343 2298 2397 5.
2330 2341 2384 2398 Si
2409 2345 2567 2414 igitur
2589 2349 2750 2402 etiam
2793 2349 2926 2405 ﬁdes
2958 2351 3064 2404 tale
3090 2349 3344 2420 quiddam
3389 2357 3504 2412 est,
3534 2358 3586 2402 et
3617 2345 3728 2399 nihil

2170 2447 2237 2486 ex
2259 2445 2444 2490 nostro
2469 2438 2813 2503 contulimus,
2845 2440 2937 2496 sed
2967 2450 3135 2495 totum
3164 2450 3248 2496 est
3276 2440 3462 2510 gratia:
3489 2437 3726 2507 Spiritus.

2171 2534 2226 2579 et
2248 2525 2360 2594 ipsa
2395 2528 2535 2582 ultro
2568 2545 2628 2585 se
2655 2531 2707 2585 in
2728 2532 2937 2587 animas
2963 2541 3176 2587 nostras
3205 2531 3450 2602 ingessit,
3477 2539 3528 2583 et
3555 2527 3728 2582 nullam

2173 2630 2270 2683 pro
2305 2631 2367 2672 ea
2406 2621 2670 2690 recepturi
2713 2637 2897 2676 sumus
2937 2621 3272 2684 mercedem,
3301 2618 3568 2690 quomodo
3595 2618 3729 2687 igitur

2170 2705 2299 2761 dicit
2332 2725 2346 2761 :
2375 2708 2538 2764 Corde
2579 2713 2714 2766 enim
2761 2713 2983 2767 creditur
3026 2713 3096 2766 ad
3137 2711 3430 2783 justitiam,
3471 2725 3553 2762 ore
3584 2715 3728 2761 autent

2170 2801 2418 2869 confessio
2457 2802 2518 2870 ﬁt
2556 2803 2623 2857 ad
2658 2805 2871 2860 salutem
2898 2804 3074 2874 (Rom.
3103 2805 3189 2860 19.
3221 2803 3309 2876 10)
3330 2804 3356 2856 7
3405 2801 3650 2870 Qoniant
3683 2804 3728 2852 et

2169 2891 2287 2958 ejus
2314 2892 2404 2961 qui
2425 2894 2686 2963 credidit,
2715 2897 2932 2952 virtutis
2951 2898 3198 2952 meritum
3227 2905 3310 2952 est
3346 2895 3496 2950 ﬁdes.
3521 2893 3628 2960 Quo
3648 2905 3726 2944 su-

2172 2991 2277 3037 tem
2308 2986 2469 3042 modo
2493 2988 2617 3044 alibi
2651 2991 2704 3045 id
2729 3003 2942 3046 rursum
2967 2989 3271 3046 subindicat
3301 2987 3520 3052 dicens,
3553 2984 3612 3038 Ei
3630 2997 3727 3036 rere

2167 3075 2255 3142 qui
2291 3093 2390 3130 non
2416 3091 2694 3148 operatur,
2725 3083 2814 3136 sed
2846 3083 3003 3136 credit
3025 3083 3078 3136 in
3117 3099 3230 3136 eum
3257 3081 3342 3148 qui
3380 3079 3624 3151 justiﬁcat
3646 3075 3727 3127 int-

2170 3168 2338 3234 piunt,
2375 3169 2654 3240 imputatur
2688 3173 2815 3242 ﬁdes
2844 3190 2938 3228 sua
2975 3172 3043 3226 ad
3077 3172 3331 3245 justitiam
3378 3168 3542 3241 (Ibid.
3566 3167 3615 3222 4.
3639 3164 3725 3234 5).

2169 3261 2213 3313 si
2239 3271 2404 3316 totum
2431 3275 2510 3318 est
2537 3267 2722 3335 gratiae
2749 3266 3012 3336 Spiritus?
3037 3266 3128 3336 qui
3161 3265 3304 3320 enim
3335 3264 3498 3319 etiam
3535 3258 3728 3329 patriar.

2170 3349 2324 3404 cham
2352 3352 2620 3409 Abraham
2662 3356 2910 3425 plurimis
2945 3355 3215 3410 redimivit
3254 3352 3472 3408 laudum
3504 3345 3724 3408 coronis.

2168 3457 2234 3497 eo
2260 3445 2401 3513 quod
2434 3449 2755 3518 contemptis
2794 3449 2956 3503 rebus
2993 3446 3363 3518 praesentibus,
3389 3451 3579 3514 prazter
3597 3449 3724 3507 spem

2171 3534 2223 3587 in
2251 3550 2401 3605 spem
2425 3539 2687 3593 credidit?
2709 3539 2878 3608 Quam
2909 3541 2978 3594 ob
3008 3553 3121 3593 rem
3161 3538 3322 3608 igitur
3346 3536 3596 3605 Spiritum
3623 3524 3726 3581 ﬁdei

2171 3638 2326 3684 voeat
2356 3631 2520 3684 eam?
2551 3631 2681 3686 Illud
2724 3633 2976 3686 nimirum
3018 3631 3304 3686 ostendere
3348 3629 3569 3690 violens,
3605 3616 3726 3691 (ιιιοά

2171 3719 2322 3774 initio
2345 3721 2601 3788 credere,
2631 3733 2686 3778 et
2728 3738 2919 3794 parere
2955 3722 3203 3785 voeanti,-
3244 3728 3449 3774 nostra;
3485 3725 3566 3771 est
3595 3712 3730 3766 bona

2173 3816 2366 3870 mentis
2395 3832 2408 3867 :
2441 3825 2498 3870 at
2523 3827 2804 3886 postquam
2831 3817 2972 3886 jacta
2999 3814 3196 3870 fuerint
3229 3812 3350 3867 ﬁdei
3378 3808 3728 3865 fundamenta.

2165 3905 2275 3974 jam
2301 3921 2437 3975 opus
2462 3917 2545 3961 est
2580 3908 2778 3962 auxilio
2816 3907 3075 3977 Spiritus,
3118 3915 3174 3959 ut
3213 3905 3267 3958 in
3307 3902 3464 3957 nobis
3498 3903 3729 3968 perpetuo

2171 4006 2385 4050 maneat
2435 3999 2750 4054 inconcussa
2793 4006 2850 4053 et
2890 3995 3337 4066 inexpugnabilis.-
3389 3991 3569 4059 Neque
3604 3983 3727 4039 enim

2171 4087 2332 4152 Deus,
2364 4104 2537 4157 neque
2557 4089 2788 4160 Spiritus
2811 4090 2979 4160 gratia
3010 4097 3252 4143 nostrum
3281 4081 3536 4154 prmvcnit
3562 4087 3730 4148 pI'OW‘

2172 4179 2334 4232 situm
2360 4197 2374 4231 τ
2405 4181 2498 4236 sed
2529 4182 2739 4236 tametsi
2763 4190 2935 4246 vocet,
2960 4187 3236 4250 exspectat
3256 4187 3457 4240 tamen,
3483 4181 3540 4226 ut
3564 4173 3730 4238 εροιιιε

2173 4279 2227 4325 et
2249 4273 2462 4340 propria
2485 4273 2756 4328 voluntate
2781 4271 3098 4327 accedamus
3123 4311 3136 4336 ,
3169 4284 3233 4323 ac
3254 4277 3361 4321 tum
3391 4265 3601 4320 demum
3625 4267 3728 4312 cunt

2173 4365 2563 4420 accesserimus
2607 4364 2760 4419 nobis
2804 4379 2959 4418 suum
3001 4370 3169 4416 totum
3215 4358 3437 4414 exhibet
3479 4351 3726 4409 auxilium.

2173 4457 2434 4525 Quoniam
2458 4458 2598 4511 enim
2630 4456 2892 4517 diabolus,
2915 4462 3260 4524 posteaquam
3285 4449 3351 4504 ad
3381 4448 3539 4503 ﬁdem
3567 4451 3729 4496 acces-

2173 4551 2341 4604 simus
2363 4590 2378 4614 ,
2408 4549 2661 4603 continuo
2690 4549 2930 4616 subrepit
2957 4547 3142 4601 volens
3183 4542 3450 4614 egregiam
3497 4539 3626 4593 hanc
3661 4545 3732 4586 ra-

2172 4640 2345 4696 dicem
2401 4640 2671 4701 evellere,
2722 4648 2775 4692 et
2824 4637 3024 4692 zizania
3066 4648 3354 4706 properans
3403 4635 3730 4685 intersercre.

2173 4748 2593 4803 germanumque
2615 4747 2679 4786 ac
2701 4747 2889 4800 purum
2921 4746 3101 4785 semen
3130 4727 3345 4792 hedere,
3361 4739 3496 4794 opus
3521 4731 3622 4775 tum
3647 4714 3730 4768 ha-

2178 4827 2366 4880 bemus
2413 4826 2610 4879 auxilio
2638 4824 2900 4892 Spiritus,
2940 4833 2998 4876 ut
3037 4818 3482 4891 quemadmodum
3510 4816 3732 4903 strenuus

2176 4916 2407 4986 agricola
2433 4916 2627 4969 aninue
2654 4923 2850 4968 nostra:
2874 4912 3131 4975 insidens,
3165 4913 3327 4966 multa
3354 4922 3481 4962 cura
3507 4911 3560 4960 et
3583 4910 3734 4998 ντίξνξο

2178 5009 2358 5063 tientia
2400 5008 2661 5061 novellam
2699 5004 2821 5059 ﬁdei
2866 5004 3101 5074 plantam
3147 5001 3503 5069 undeqnaque
3534 4992 3730 5047 muniat-

2180 5103 2303 5158 ldeo
2340 5097 2909 5156 Thessalonicensibus
2948 5109 3160 5167 quoque
3209 5089 3478 5148 scribebat
3518 5085 3686 5141 dicens
3720 5089 3732 5128 :

2181 5195 2434 5267 Spiritum
2468 5211 2532 5248 ne
2555 5189 2886 5263 exstinguatis
2922 5190 2996 5263 (l.
3034 5189 3208 5243 Thess.
3237 5186 3291 5243 ες.
3318 5183 3408 5254 19)
3443 5199 3458 5237 :
3491 5187 3549 5235 ut
3572 5181 3732 5230 osten-

2180 5288 2300 5352 dat,
2340 5286 2628 5342 accedente
2672 5285 2899 5355 Spiritus
2936 5284 3139 5353 gratia,
3190 5272 3617 5346 inexpugnabiles
3653 5277 3736 5319 ξιοὸ

2183 5381 2324 5435 malo
2338 5378 2568 5434 daemoni
2586 5388 2744 5446 atque
2763 5377 3012 5430 omnibus
3033 5374 3150 5442 ejus
3171 5369 3376 5426 insidiis
3397 5366 3596 5422 futuros

2183 5473 2314 5527 Nam
2345 5472 2388 5526 si
2419 5483 2576 5526 nemo
2619 5478 2795 5540 potest
2831 5467 3012 5522 dicere
3051 5464 3332 5520 Dominum
3371 5459 3551 5515 Jesum
3576 5452 3668 5506 nisi
3692 5452 3734 5497 itI

2184 5566 2387 5627 Spiritu
2417 5574 2621 5628 sancto,
2645 5561 2813 5616 multo
2833 5560 3002 5628 magis
3029 5557 3184 5612 ﬁdem
3209 5562 3373 5608 tutam
3395 5559 3450 5606 et
3475 5544 3732 5603 radicatam

2190 5677 2294 5713 non
2329 5667 2524 5727 potent
2554 5656 2753 5712 habere
2779 5654 2878 5709 nisi
2912 5654 2963 5706 in
2993 5650 3193 5720 Spiritu
3221 5655 3426 5701 sancto.

2255 5749 2308 5800 (ἶ.
2355 5747 2620 5814 Quomodo
2667 5745 2892 5814 Spiritus
2937 5751 3142 5796 sanctus
3183 5741 3234 5791 in
3280 5737 3422 5789 nobis
3472 5731 3729 5785 retinentur.

2200 5842 2471 5911 l’irginitu's
2513 5841 2572 5896 sit
2589 5841 2774 5908 juncta
2795 5837 3185 5907 benignitati.—-
3217 5836 3280 5890 At
3309 5827 3570 5901 quomodo
3605 5821 3732 5888 ετοιθ·
