4006 6432
279 399 348 454 Π
924 391 1011 449 DE
1051 390 1302 448 VERBIS
1341 389 1699 458 APOSTOLI,
1742 386 2106 446 "ABENTES
2147 389 2435 448 EUMDEM
2475 387 2818 447 SPIRITUM.
2859 387 2900 446 l.

239 513 411 566 rimus
439 506 661 561 allicere
687 504 943 558 auxilium
973 504 1225 576 Spiritus,
1250 507 1405 575 eique
1426 502 1752 574 persuadere
1782 513 1841 555 ut

239 604 386 671 apud
417 615 514 654 nos
540 613 761 652 manere
793 597 957 651 velit?
993 597 1101 651 Per
1127 612 1289 666 Opera
1323 598 1460 651 bona
1489 607 1543 652 et
1584 597 1838 666 optimam

241 691 458 748 vivendi
498 690 785 745 rationem.
830 689 982 744 Sicut
1027 689 1168 743 enim
1217 689 1450 743 lucernae
1491 688 1669 742 lumen
1720 685 1844 740 oleo

216 785 526 872 iretinetur,
544 791 598 836 et
614 791 933 849 consumpto
955 795 1020 834 eo
1041 781 1210 848 ipsum
1229 795 1442 850 quoque
1464 795 1564 833 una
1587 794 1842 833 consum-

217 869 395 946 :ptum
426 872 703 928 evanescit
733 873 834 926 :ita
861 872 1020 926 etiam
1051 872 1279 939 Spiritus
1307 870 1499 941 gratia,
1519 869 1644 924 dum
1679 869 1844 923 hahe-

242 980 365 1020 mus
415 979 578 1036 opera
621 963 760 1018 bona
778 1004 799 1030 .,
844 969 898 1016 et
945 962 1150 1016 crebris
1201 962 1560 1032 eleemosynis
1605 962 1842 1014 animam

242 1061 506 1128 rigamus,
533 1066 714 1111 manet
733 1071 840 1110 non
866 1056 1022 1110 aliter
1045 1071 1200 1124 quam
1226 1054 1437 1108 ﬂamma
1460 1056 1581 1108 oleo
1602 1064 1842 1108 retenta:

240 1165 366 1220 qua:
393 1149 436 1204 si
461 1164 568 1202 non
597 1147 797 1212 adsint,
823 1147 1026 1202 recedit
1052 1163 1082 1200 a
1111 1147 1264 1200 nobis
1285 1158 1337 1202 et
1360 1147 1497 1211 abit;
1521 1146 1662 1216 quod
1684 1146 1844 1201 etiam

243 1241 486 1310 quinque
509 1238 612 1291 illis
641 1237 937 1306 virginibus
959 1236 1173 1290 accidit.
1191 1237 1401 1290 Etenim
1433 1237 1536 1290 illa:
1562 1244 1680 1304 post
1707 1237 1846 1289 mul-

247 1340 336 1385 tos
367 1329 583 1384 labores
609 1343 672 1382 ac
697 1326 921 1380 sudores
941 1366 957 1390 ,
986 1341 1106 1380 cum
1139 1327 1340 1381 nullum
1370 1327 1630 1381 haberent
1660 1343 1723 1382 ex
1753 1344 1844 1380 sua

245 1421 578 1490 benignitate
607 1418 912 1488 praasidium
940 1460 955 1484 ,
990 1433 1094 1472 non
1127 1428 1412 1487 potuerunt
1442 1419 1581 1488 apud
1625 1435 1682 1472 se
1724 1420 1848 1472 reti-

245 1528 380 1566 uere
421 1511 650 1581 Spiritus
674 1509 898 1580 gratiam
936 1528 948 1564 :
982 1521 1143 1579 atque
1197 1510 1319 1564 ideo
1366 1519 1491 1565 sunt
1536 1526 1566 1564 a
1614 1511 1848 1566 thalamo

244 1605 510 1676 repulsae,
547 1618 845 1674 vocemque
873 1603 1017 1657 illam
1051 1603 1343 1658 terribilem
1375 1604 1662 1658 audierunt
1701 1622 1714 1658 :
1751 1603 1846 1657 Di-

243 1699 456 1763 scedite,
480 1715 581 1751 non
601 1697 716 1750 novi
739 1713 824 1750 vos
851 1696 1064 1768 (Matth.
1099 1696 1191 1751 95.
1217 1698 1306 1766 1‘2)
1330 1716 1342 1752 :
1364 1713 1483 1767 qua:
1505 1698 1586 1752 vel
1603 1697 1846 1768 gehenna

245 1789 347 1842 fuit
374 1789 626 1858 gravior;
650 1797 867 1856 prepter
887 1787 990 1842 hoc
1011 1788 1170 1842 etiam
1194 1788 1372 1842 stulta:
1398 1799 1522 1842 sunt
1547 1789 1845 1858 appellatas;

247 1888 310 1933 et
353 1879 591 1932 merito:
625 1878 877 1948 quoniam
916 1893 1036 1934 cum
1083 1879 1487 1948 impotentiores
1529 1881 1850 1950 cupiditates

247 1969 526 2034 vicissent,
552 1984 582 2022 a
622 1969 798 2024 minus
837 1971 1008 2025 valida
1047 1979 1171 2025 sunt
1212 1972 1384 2026 victa).
1421 1971 1575 2036 Vide,
1617 1986 1800 2041 qttmso
1831 1988 1845 2024 :

248 2072 462 2116 natura:
509 2062 814 2116 violentiam
855 2074 1272 2132 superaverunt,
1315 2065 1554 2118 rabidam
1587 2065 1848 2119 insaniam

248 2153 597 2209 frenaveruut
625 2195 642 2220 ,
673 2155 980 2224 cupidinnm
1013 2154 1208 2210 ﬂuetus
1232 2156 1554 2211 sedaverunt
1576 2198 1591 2222 ,
1625 2157 1674 2210 in
1708 2170 1847 2211 terra

248 2246 512 2315 degentes
538 2246 835 2316 angelicam
863 2246 1024 2300 vitam
1056 2247 1337 2312 vixerunt,
1375 2263 1603 2316 corpore
1645 2247 1849 2300 vcstitre

251 2337 606 2406 incorporeas
647 2337 870 2391 virtutes
909 2338 1174 2391 tumulata;
1215 2347 1376 2404 sunt,
1423 2348 1478 2393 et
1517 2347 1636 2407 post
1677 2347 1848 2394 tantos

249 2426 466 2482 labores
505 2443 852 2496 pecuniarum
891 2428 1236 2498 cupiditatem
1283 2444 1388 2483 non
1421 2437 1847 2497 superaverunt,

250 2519 431 2572 stulta:
463 2534 648 2572 rcVera
681 2528 735 2573 et
760 2519 1047 2573 inseusata:
1076 2537 1090 2574 :
1119 2531 1447 2590 quapropter
1467 2536 1535 2576 ne
1557 2523 1708 2574 venia
1732 2521 1843 2588 qui.

247 2609 376 2663 dem
414 2608 592 2679 dignm
626 2622 750 2665 sunt
790 2610 1004 2664 habitae.
1037 2610 1242 2680 Lapsus
1269 2613 1408 2665 enim
1441 2628 1625 2667 earum
1663 2627 1848 2664 socor-

247 2700 354 2755 dia:
385 2702 480 2755 fuit
502 2703 668 2756 solius
703 2720 718 2757 :
749 2718 869 2772 qua:
898 2703 1042 2757 enim
1073 2703 1124 2756 in
1158 2713 1302 2756 tanta
1335 2703 1545 2756 flamma
1579 2703 1848 2758 fornacem

249 2802 534 2862 potuerant
562 2793 870 2863 cupidinnm
893 2794 1253 2865 exstinguere,
1283 2804 1336 2848 et
1372 2796 1506 2848 ultra
1528 2804 1675 2863 septa
1708 2807 1852 2848 tran-

250 2885 536 2946 siliet-ant,
582 2894 637 2939 et
685 2885 836 2954 plura
879 2901 1037 2954 quam
1077 2886 1241 2954 juss:e
1286 2895 1439 2940 erant
1491 2886 1853 2956 prmstiterant

256 2976 423 3046 (nulla
465 2977 606 3030 enim
647 2976 731 3030 lex
782 2977 1140 3047 virginitatem
1185 2977 1426 3047 prteeipit
1469 2994 1482 3029 :
1523 2978 1705 3032 libera:
1747 2977 1852 3032 hoc

251 3067 510 3121 voluntati
539 3067 843 3122 auditorum
873 3066 1234 3139 relinquitur),
1273 3078 1390 3138 post
1421 3068 1535 3121 lucc
1561 3069 1738 3121 omnia
1767 3069 1848 3121 vi-

249 3167 355 3212 cta:
381 3167 504 3212 sunt
539 3173 571 3212 a
603 3159 823 3228 pecunia
857 3177 868 3214 :
902 3176 1009 3229 quo
1045 3159 1170 3228 quid
1199 3175 1318 3215 esse
1364 3160 1718 3215 mi~erabilius
1757 3176 1852 3230 po-

253 3257 393 3316 test,
433 3249 477 3302 si
507 3259 725 3319 propter
755 3251 1032 3319 paululum
1073 3253 1281 3322 argenti
1319 3267 1574 3307 coronam
1611 3268 1642 3308 e
1676 3253 1854 3322 capite

254 3340 582 3410 projiciant?
612 3341 735 3396 llaec
761 3342 904 3408 dico,
933 3357 1040 3396 non
1069 3341 1212 3412 quod
1239 3358 1428 3398 manus
1459 3345 1721 3413 virginum
1743 3343 1852 3398 dis-

251 3435 458 3489 solvam
481 3477 499 3500 ,
531 3450 706 3504 neque
733 3435 874 3506 quod
899 3436 1258 3507 virginitatem
1299 3437 1643 3508 exstinguere
1667 3439 1852 3504 velim,

255 3525 352 3581 sed
381 3541 448 3580 ne
487 3526 747 3581 inutiliter
769 3539 1022 3596 currant,
1055 3545 1123 3585 ne
1162 3540 1283 3600 post
1325 3530 1584 3600 plurimos
1627 3531 1853 3588 sudores

253 3634 454 3672 corona
477 3619 699 3688 privatae
721 3628 776 3674 ct
803 3621 1007 3688 pudore
1035 3623 1206 3690 plena:
1234 3638 1301 3676 ex
1340 3638 1502 3678 arena
1541 3623 1845 3680 discedant.

258 3711 408 3766 Bona
448 3727 538 3768 res
583 3721 662 3767 est
707 3714 1012 3784 virgini-tas,
1040 3723 1096 3769 et
1123 3715 1294 3783 majus
1320 3731 1478 3784 quam
1520 3731 1616 3785 pro
1647 3725 1848 3772 natum

254 3803 460 3858 viribus
487 3804 736 3858 meritum
771 3823 784 3858 :
817 3805 911 3860 sed
940 3806 1078 3860 bona
1105 3805 1220 3861 haac
1247 3821 1334 3861 res
1364 3816 1417 3877 et
1443 3823 1632 3876 magna
1670 3817 1723 3862 et
1751 3824 1850 3862 na—

252 3905 431 3950 turam
461 3911 746 3966 superans,
771 3898 872 3951 nisi
898 3898 1276 3967 benignitatem
1307 3897 1498 3952 haheat
1519 3899 1847 3967 adjunctam,

253 4004 325 4043 ne
374 3989 424 4042 iu
472 3988 793 4044 vestibulum
839 3989 1054 4060 quidem
1105 3989 1322 4044 thalami
1373 3991 1580 4060 ingredi
1631 3992 1850 4059 poterit.

253 4083 432 4154 Atque
455 4079 540 4134 hic
567 4080 699 4134 mihi
728 4081 1008 4137 conside-ra
1039 4081 1383 4152 benignitatis
1409 4084 1515 4136 vim
1540 4092 1591 4138 et
1616 4084 1848 4138 eleemo-

252 4189 403 4244 syria:
429 4174 737 4242 potentiam.
766 4174 1052 4244 Virginitas
1073 4176 1189 4229 sine
1211 4175 1555 4246 elecmosyna
1585 4191 1652 4231 ne
1682 4177 1732 4229 in
1762 4192 1852 4232 ve-

251 4265 514 4320 stibulum
547 4266 762 4336 quidem
795 4265 1013 4320 thalami
1047 4267 1342 4336 perducere
1370 4284 1405 4339 p
1428 4269 1580 4334 ituit;
1610 4269 1850 4324 eleemo-

251 4371 388 4427 syna
434 4372 562 4411 vero
612 4357 695 4411 vel
740 4357 859 4414 sine
903 4357 1207 4428 virginitate
1254 4359 1500 4414 alumnos
1552 4375 1680 4415 suos
1729 4376 1851 4415 cmn

253 4463 450 4517 magna
477 4447 640 4506 laude
665 4447 720 4502 in
750 4463 976 4518 regnum
1003 4457 1129 4505 ante
1169 4450 1446 4504 conditum
1487 4452 1675 4506 urbem
1717 4469 1854 4521 pra:-

256 4547 502 4606 paratum
525 4555 684 4594 manu
709 4539 942 4595 deducit.
967 4541 1064 4595 lla:
1083 4540 1347 4610 siquidem
1370 4543 1620 4612 quoniam
1651 4543 1850 4613 largam

255 4633 657 4703 cleemosynam
681 4649 786 4688 non
809 4633 1186 4700 exhibuerant,
1210 4633 1496 4688 audierunt
1521 4652 1534 4687 :
1557 4634 1724 4702 Abite,
1751 4653 1853 4691 non

257 4728 374 4779 novi
396 4741 482 4779 vos
513 4741 532 4780 :
563 4725 638 4779 illi
677 4740 804 4780 vero
828 4726 918 4795 qui
957 4726 1227 4781 sitientem
1257 4736 1572 4796 potaverunt
1593 4768 1608 4793 ,
1637 4738 1692 4783 et
1729 4743 1854 4783 esu-

258 4816 486 4871 rientem
511 4816 761 4870 aluerunt
788 4817 1092 4883 Christum,
1122 4818 1330 4872 tametsi
1360 4819 1714 4888 virginitatem
1745 4837 1850 4874 non

264 4907 569 4976 proferrent
613 4909 664 4962 in
709 4909 971 4974 medimn,
1013 4911 1341 4965 audierunt:
1382 4911 1575 4980 Venite,
1607 4911 1852 4966 benedicti

264 4997 438 5053 Patris
466 5000 595 5067 mei,
629 5001 881 5068 possidete
911 5018 1120 5071 regnum
1147 5013 1385 5071 paratum
1423 5003 1560 5058 vobis
1597 5021 1628 5057 a
1666 5006 1855 5058 euneti-

257 5091 452 5143 tutioue
497 5091 673 5145 utendi
720 5089 902 5160 (Ibid.
933 5108 982 5145 υ.
1010 5093 1081 5148 3i
1106 5091 1150 5164 ).
1202 5093 1268 5148 Et
1309 5095 1538 5148 merito:
1569 5094 1657 5163 qui
1709 5096 1851 5151 enim

261 5179 622 5250 virginitatem
651 5191 861 5249 servat,
903 5191 959 5237 et
995 5181 1244 5252 jejunat,
1273 5185 1373 5240 sibi
1417 5185 1515 5255 ipsi
1555 5185 1699 5240 utilis
1727 5195 1849 5240 est:

255 5274 348 5341 qui
369 5286 497 5326 vero
512 5272 814 5340 miseretur,
832 5275 1132 5329 communis
1147 5285 1230 5329 est
1245 5275 1622 5348 naufragorum
1646 5286 1850 5346 portus,

261 5364 625 5433 proximorum
649 5376 1016 5437 paupertatem
1041 5367 1348 5435 sublevans,
1367 5379 1423 5424 et
1444 5370 1631 5425 alienis
1666 5385 1853 5426 ncces-

259 5456 509 5511 sitatibus
533 5473 874 5513 succurrens.
897 5459 1162 5514 Caeterum
1181 5476 1246 5515 ex
1275 5461 1566 5517 benefactis
1586 5478 1855 5530 qua'cum-

259 5563 364 5621 quc
383 5550 449 5605 ad
471 5552 696 5606 aliormn
716 5553 996 5609 utilitatem
1017 5555 1171 5620 ﬁunt,
1189 5570 1254 5610 ea
1276 5555 1613 5624 potissimum
1640 5555 1852 5610 laudem

258 5643 556 5712 promereri
588 5645 786 5698 solent.

330 5735 386 5789 7.
423 5734 550 5800 Qua!
574 5746 826 5806 praecepta
849 5734 959 5790 Deo
983 5753 1118 5792 cura:
1143 5738 1243 5791 sint
1268 5753 1374 5806 pra:
1397 5739 1608 5793 (tuleris.
1636 5739 1854 5810 Virgini-

259 5829 378 5882 tatis
404 5827 648 5898 dignitas.
672 5857 741 5866 -—
771 5828 838 5884 Et
867 5838 923 5883 ut
951 5829 1089 5885 scias
1120 5828 1239 5885 talia
1268 5839 1529 5900 praecepta
1558 5847 1664 5902 pra!
1692 5841 1850 5887 catte-

3438 394 3546 451 978

1954 501 2028 556 ris
2060 502 2169 556 Deo
2192 517 2337 557 cura:
2357 517 2508 568 esse,
2539 501 2608 558 de
2631 501 2838 573 jejunio
2865 511 2920 558 et
2949 502 3249 573 virginitate
3274 504 3548 562 disserens

1949 594 2097 664 regni
2128 595 2380 649 caelorum
2413 595 2655 650 meminit
2683 613 2697 650 :
2732 596 2822 651 ubi
2854 611 2982 651 vero
3021 595 3089 650 de
3127 598 3464 667 elecmosyua
3495 608 3552 652 et

1952 685 2269 741 liberalitate
2296 687 2440 756 agit,
2473 696 2528 742 et
2552 696 2609 740 ut
2636 702 2734 741 nos
2763 687 3140 742 misericordes
3168 687 3546 752 exhibeamus,

1953 778 2212 847 praecipit,
2245 778 2403 846 longe
2427 779 2659 848 amplius
2685 794 2846 849 quam
2875 794 3095 848 regnum
3124 779 3381 833 (sclorum
3415 796 3550 848 pra:-

1952 868 2115 921 mium
2139 870 2386 939 propnnit
2416 885 2431 922 z
2460 867 2529 924 Ut
2555 870 2712 938 ﬁalis,
2738 869 2928 939 inquit,
2956 870 3146 923 similes
3175 868 3348 924 Putris
3377 871 3546 933 vestri,

1951 961 2039 1029 qui
2061 963 2114 1015 in
2141 964 2277 1017 rariis
2305 972 2375 1016 est
2406 962 2620 1031 (Matt/1.
2649 963 2706 1018 5.
2735 964 2850 1029 45).
2902 963 3011 1018 “lae
3039 963 3183 1018 enim
3213 964 3548 1031 potissimum

1954 1052 2098 1121 leges
2135 1053 2402 1108 hominem
2447 1055 2677 1110 similem
2723 1057 2831 1109 ilco
2873 1055 3122 1119 reddunt,
3155 1065 3413 1123 quatenus
3442 1056 3550 1109 Deo

1953 1144 2181 1198 similem
2223 1145 2335 1198 fieri
2373 1145 2647 1200 hominem
2691 1146 2831 1209 licet,
2862 1162 2985 1214 qum
3011 1145 3075 1199 ad
3107 1145 3372 1214 publicam
3405 1146 3548 1198 utili-

1955 1243 2116 1290 tatem
2151 1235 2368 1292 faciuut.
2401 1236 2467 1290 Et
2488 1237 2590 1292 hoc
2613 1236 2916 1306 significans
2946 1236 3188 1291 Christus
3208 1237 3340 1292 dicit
3371 1255 3387 1291 :
3417 1236 3550 1302 Quia

1951 1329 2110 1380 solem
2150 1345 2297 1382 suum
2343 1329 2465 1382 oriri
2508 1329 2627 1398 facit
2666 1346 2818 1398 super
2857 1330 3012 1382 bonos
3038 1345 3098 1383 ac
3126 1331 3317 1391 malos,
3346 1339 3391 1384 et
3419 1327 3551 1397 pluit

1952 1437 2104 1489 super
2120 1421 2289 1491 justas
2312 1437 2373 1472 ac
2397 1421 2632 1491 injustas.
2683 1420 2754 1474 lla
2787 1437 2881 1475 vos
2916 1436 3126 1490 quoque
3155 1436 3250 1488 pro
3278 1436 3374 1474 sua
3400 1421 3549 1489 quis-

1954 1528 2057 1581 que
2083 1512 2219 1565 virili
2249 1512 2588 1566 facultatibus
2621 1514 2815 1566 vestris
2857 1513 2908 1566 in
2947 1527 3287 1569 communem
3328 1512 3549 1566 fratrum

1956 1602 2235 1657 utilitatem
2267 1603 2498 1669 utendo,
2540 1603 2819 1657 imitamini
2853 1619 2974 1658 eum
3003 1604 3090 1674 qui
3121 1604 3257 1658 bona
3293 1618 3386 1656 sua
3425 1619 3553 1673 pro-

1958 1694 2103 1761 pnnit
2124 1709 2190 1746 ex
2218 1709 2375 1762 inquo
2395 1693 2664 1748 omnibus.
2702 1694 2892 1764 lugens
2916 1703 3002 1748 est
3025 1694 3346 1764 virginitatis
3375 1696 3551 1764 digni-

1957 1795 2056 1852 tas,
2090 1786 2317 1856 ideoque
2344 1787 2488 1840 illam
2517 1787 2806 1840 admodum
2833 1788 2938 1840 coli
2979 1797 3034 1842 et
3073 1787 3330 1842 celebrari
3370 1787 3550 1856 cupio.

1957 1881 2050 1936 Est
2085 1883 2229 1937 enim
2263 1882 2495 1952 dignitas
2521 1883 2858 1952 virgiuiuttis,
2895 1897 2998 1936 non
3025 1882 3195 1937 solum
3235 1882 3503 1935 abstinere
3525 1898 3554 1933 a

1957 1973 2194 2042 nuptis,
2239 1989 2424 2028 vermu
2470 1975 2630 2029 etiam
2678 1975 2968 2043 benignum
3019 1989 3180 2040 esse,
3231 1983 3286 2026 et
3335 1973 3554 2026 fratrum

1953 2076 2244 2130 amantem,
2269 2074 2320 2118 et
2354 2081 2578 2134 pronum
2601 2065 2667 2118 ad
2697 2065 3388 2132 cctt'ttttiserationem.Qttac
3413 2065 3555 2119 enim

1955 2166 2038 2213 est
2070 2157 2273 2210 utilitas
2297 2157 2618 2226 virginitatis
2643 2171 2765 2210 cum
2794 2155 3151 2211 crudelitate?
3176 2155 3301 2224 quiti
3331 2155 3462 2209 lucri
3488 2171 3555 2210 ex

1958 2250 2308 2319 temperantia
2357 2265 2479 2304 cum
2525 2247 2917 2304 inhumanitate
2960 2247 3287 2316 conjuncta?
3334 2246 3448 2300 Non
3493 2260 3557 2299 es

1955 2352 2108 2412 capta
2135 2357 2422 2411 corporum
2456 2341 2910 2412 concupiscentia,
2947 2338 3041 2393 sed
3067 2345 3221 2406 capta
3252 2351 3312 2392 es
3345 2335 3556 2406 cupidi-

1959 2444 2065 2488 tate
2095 2434 2439 2504 pecuuiarum
2473 2448 2620 2490 :nou
2665 2447 2726 2487 es
2765 2431 3026 2486 admirata
3064 2431 3294 2484 hominis
3341 2429 3552 2495 faciem,

1957 2527 2050 2580 sed
2075 2525 2334 2580 admirata
2378 2540 2437 2579 cs
2478 2524 2593 2577 auri
2637 2523 3086 2592 pulchritudinem
3121 2541 3134 2576 :
3169 2523 3424 2590 majorem
3455 2521 3554 2574 ad-

1957 2617 2247 2673 versarium
2279 2616 2481 2680 vicisti,
2513 2615 2609 2669 scd
2645 2614 2837 2669 minori
2882 2623 2937 2668 et
2982 2611 3318 2667 imbecilliori
3363 2627 3554 2666 succu-

1957 2710 2136 2764 hnisti.
2187 2710 2363 2778 Atque
2402 2708 2522 2762 ideo
2567 2707 2775 2776 turpius
2820 2705 2956 2760 vieta
3000 2721 3094 2768 es;
3143 2703 3264 2758 ideo
3303 2720 3371 2758 ne
3401 2704 3553 2756 venia

1955 2800 2169 2870 quidem
2198 2801 2356 2870 digna
2395 2814 2487 2866 es,
2520 2799 2766 2854 videlicet
2788 2814 2910 2866 qua:
2939 2806 3138 2850 tantam
3165 2796 3272 2850 vim
3298 2794 3557 2849 sustinui-

1956 2892 2046 2958 5ti,
2069 2901 2125 2946 et
2154 2892 2413 2947 adversus
2443 2892 2613 2961 ipam
2643 2901 2888 2944 naturam
2935 2889 3178 2958 pugnasti
3208 2927 3224 2953 ,
3270 2886 3338 2942 ab
3380 2887 3558 2940 avari-

1959 2985 2029 3038 tia
2076 2998 2205 3038 vero
2251 2993 2552 3052 expugnata
2597 2996 2695 3047 es,
2731 2996 2889 3050 quam
2929 2991 2983 3036 et
3023 2978 3289 3048 mancipia
3315 2993 3559 3047 szepeuu-

1957 3089 2108 3128 mero
2133 3116 2146 3139 ,
2187 3083 2241 3129 et
2275 3073 2484 3129 barbari
2518 3072 2760 3128 homines
2790 3072 3013 3126 minimo
3047 3070 3268 3140 negotio
3303 3083 3560 3138 superare

1959 3174 2268 3237 potuerunt.

2029 3257 2083 3312 8.
2115 3257 2241 3312 ilice
2267 3256 2427 3327 igitur
2450 3254 2628 3310 omnia
2654 3253 2887 3309 scientes
2909 3293 2926 3321 ,
2953 3249 3170 3318 dilecti,
3201 3249 3316 3305 sive
3346 3249 3397 3303 in
3421 3265 3558 3305 con-

1952 3350 2123 3420 jugio,
2166 3349 2280 3403 sive
2321 3349 2374 3402 in
2411 3347 2717 3416 virginitate
2757 3345 3036 3414 degentes.
3066 3357 3257 3412 magna
3282 3341 3555 3409 diligentia

1957 3443 2354 3510 eleemosynam
2392 3451 2764 3502 exerceamus,
2793 3433 3223 3505 quandoquidem
3264 3431 3406 3486 nulla
3447 3431 3552 3486 alia

1957 3533 2166 3588 ratione
2205 3533 2324 3586 licet
2366 3531 2432 3584 ad
2470 3545 2690 3600 regnum
2719 3529 2975 3583 carlorutn
3007 3527 3306 3597 pervenire.
3347 3525 3479 3579 Nam
3509 3525 3556 3580 si

1959 3625 2234 3695 virginitas
2264 3623 2468 3692 absque
2509 3622 2850 3690 eleemosyua
2894 3620 2959 3674 ad
3003 3635 3225 3690 regnum
3255 3633 3360 3672 non
3390 3617 3558 3671 valuit

1959 3717 2273 3788 perducere,
2314 3715 2581 3785 quodnam
2624 3714 2768 3768 aliud
2817 3713 3150 3768 benefactum
3199 3711 3302 3766 hoc
3341 3711 3559 3766 efficere

1958 3810 2076 3864 sine
2103 3808 2201 3862 hac
2222 3806 2458 3878 poterit?
2483 3805 2730 3861 Profecto
2753 3804 2978 3858 milium.
3015 3803 3151 3856 Toto
3173 3802 3332 3872 igitur
3351 3801 3554 3867 animo,

1961 3902 2190 3969 totisque
2217 3899 2416 3954 viribus
2447 3899 2622 3952 oleum
2648 3895 2982 3950 all'umlamns
3024 3893 3358 3961 lampadibus
3400 3892 3559 3961 idque

1959 3991 2174 4062 largiter
2216 4005 2279 4045 ac
2325 3988 2721 4052 indesinenter,
2757 3997 2811 4040 ut
2843 3985 3010 4039 hilare
3035 4000 3098 4036 ac
3127 3984 3332 4053 largum
3376 3983 3555 4036 lumen

1960 4093 2288 4156 permaneat.
2315 4082 2426 4138 Nec
2452 4096 2742 4152 pauperem
2782 4078 3035 4147 respicias
3063 4077 3436 4146 accipientem,
3461 4074 3556 4130 sed

1963 4177 2128 4231 Deum
2159 4174 2493 4229 redditurum
2527 4189 2540 4224 :
2575 4187 2682 4226 non
2713 4187 2836 4225 eum
2864 4170 2953 4239 qui
2983 4169 3177 4238 stipem
3210 4166 3430 4235 accipit,
3462 4165 3558 4220 sed

1959 4284 2081 4323 cum
2107 4267 2196 4335 qui
2225 4281 2285 4322 se
2317 4265 2408 4319 tibi
2430 4262 2728 4319 debitorem
2748 4263 2970 4332 obligat.
3000 4260 3133 4315 Nam
3162 4259 3284 4314 ideo
3304 4259 3440 4313 alius
3465 4274 3555 4312 ac-

1959 4363 2108 4430 cipit,
2136 4361 2270 4415 alius
2300 4358 2496 4426 reddit,
2527 4366 2585 4412 ut
2605 4356 2918 4426 accipientis
2950 4362 3234 4425 paupertas
3262 4361 3318 4406 et
3344 4351 3558 4405 calami-

1961 4463 2042 4507 tas
2063 4452 2126 4506 ad
2152 4451 2571 4506 miscriCordiam
2594 4459 2646 4502 te
2670 4448 2888 4501 ﬂectant
2910 4461 2974 4500 ac
2994 4443 3516 4498 commiserationetn
3539 4459 3555 4495 :

1959 4544 2157 4599 divitia}
2177 4558 2305 4597 vero
2335 4540 2429 4594 Dei
2457 4539 2733 4602 reddituri,
2763 4534 3098 4604 fidejubentis
3126 4533 3285 4587 etiam
3312 4547 3432 4585 cum
3460 4547 3558 4585 au—

1959 4634 2130 4688 ctario
2159 4631 2480 4686 solutionem
2509 4627 2764 4689 futuram,
2795 4625 3052 4693 majorem
3085 4622 3177 4676 tibi
3208 4621 3274 4676 de
3300 4620 3475 4675 fructu
3504 4628 3561 4674 ct

1960 4740 2120 4779 usura
2169 4721 2414 4776 fiduciam
2465 4718 2679 4782 indant,
2728 4726 2778 4770 et
2831 4716 2897 4770 ad
2947 4715 3226 4784 largiorem
3262 4714 3560 4783 electuosy-

1961 4831 2083 4871 nam
2112 4820 2422 4884 provocent.
2449 4810 2580 4876 Quis
2604 4808 2769 4872 enim,
2796 4821 2948 4876 rogo,
2976 4807 3282 4874 centuplum
3312 4813 3559 4870 receptu-

1963 4921 2087 4970 rus,
2120 4913 2175 4959 ct
2201 4907 2268 4958 de
2297 4899 2604 4972 recipiendo
2634 4913 2890 4965 securus,
2924 4912 3030 4950 non
3057 4896 3236 4950 omnia
3265 4909 3360 4948 sua
3387 4893 3561 4949 libens

1960 5005 2144 5067 eroget
2158 4996 2181 5048 ?

2019 5089 2333 5143 Cohortatur
2387 5086 2456 5140 ad
2512 5085 2882 5153 eleemosynam
2939 5079 3344 5150 impertiendum.
3374 5107 3444 5120 --
3485 5077 3563 5132 Ne

1963 5183 2122 5252 igitur
2163 5197 2442 5252 parottmus
2481 5179 2753 5248 pecuniaz,
2787 5178 2894 5231 ima
2922 5190 3051 5230 vero
3082 5188 3364 5244 pareamus
3399 5186 3561 5240 pecu-

1965 5276 2067 5330 niae
2095 5293 2110 5329 :
2139 5289 2260 5327 nam
2296 5273 2384 5344 qui
2429 5270 2772 5326 facultatibus
2797 5270 2909 5324 suis
2945 5266 3141 5337 parcit,
3181 5264 3232 5317 in
3263 5275 3557 5331 pauperum

1964 5384 2154 5424 manus
2182 5383 2274 5423 eas
2302 5366 2554 5436 deponit,
2584 5363 2636 5417 in
2670 5364 2976 5418 thesaurum
3007 5364 3427 5417 sacrosanctum,
3451 5368 3560 5423 quo

1966 5477 2066 5516 nec
2090 5463 2345 5522 latrones,
2377 5473 2478 5514 nec
2499 5457 2661 5521 servi,
2693 5469 2791 5508 nec.
2816 5449 3158 5522 sycophanta:
3185 5445 3437 5511 malefici,
3459 5460 3560 5500 nec

1964 5556 2086 5610 ullae
2137 5553 2440 5608 mortalium
2489 5549 2694 5604 insidia:
2735 5553 3014 5614 penetrare
3057 5539 3283 5592 valeant.
3333 5537 3558 5606 Quodsi

1964 5647 2124 5700 etiam
2171 5644 2254 5698 his
2292 5641 2486 5694 auditis
2524 5639 2665 5706 piget
2708 5645 2758 5688 te
2794 5651 2824 5688 e
2861 5633 3014 5684 Inuus
3039 5631 3142 5684 tuis
3169 5627 3408 5684 nonnihil
3435 5643 3557 5681 ero-

1963 5754 2110 5808 gare,
2154 5746 2208 5790 et
2255 5750 2427 5801 neque
2468 5730 2774 5798 centuplum
2808 5724 3193 5794 recipiendum,
3224 5736 3395 5789 neque
3422 5734 3556 5790 pau-

1966 5830 2108 5902 peris
2135 5827 2435 5888 calatnitas,
2465 5838 2634 5892 neque
2663 5820 2802 5877 aliud
2832 5819 3114 5891 quidquam
3144 5819 3357 5872 flectere
3388 5825 3438 5869 te
3468 5827 3561 5883 po.
