4006 6408
450 375 558 432 279

453 497 587 557 test,
632 502 817 561 reputa
859 507 1017 564 quam
1063 495 1226 552 multa
1273 499 1614 568 peccaveris,
1665 500 1943 572 ingredere
1987 503 2042 559 in

454 582 834 638 conscientiam
853 584 1191 650 delictorum,
1212 599 1401 643 excute
1421 606 1634 646 omnem
1655 603 1829 647 actam
1855 595 2039 662 vitam,

451 683 700 729 accurate
741 685 913 730 errata
954 686 1038 732 tua
1079 693 1361 749 cognosce,
1393 691 1446 738 et
1485 684 1560 739 sis
1602 685 1726 741 licet
1767 687 2041 744 hominum

452 763 689 818 omnium
734 765 1228 837 inhumanissimus,
1269 782 1415 828 certe
1458 791 1654 845 pavore
1700 788 2040 847 peccatorum

451 854 596 907 omni
644 863 883 924 tempore
927 862 1266 929 compulsus,
1311 873 1365 919 et
1409 867 1778 924 remissionem
1825 881 2043 941 propter

447 941 843 1016 eleemosynam
883 961 1136 1018 sperans,
1169 953 1251 1007 vel
1289 969 1482 1024 eorpus
1509 968 1654 1012 tuutu
1688 959 1904 1029 insuper
1942 962 2040 1016 im-

450 1035 670 1101 pendes,
701 1039 894 1094 nednm
924 1045 1220 1111 pecuniam.
1266 1047 1321 1103 Si
1349 1049 1491 1105 enim
1519 1052 1682 1108 saucii
1701 1095 1717 1117 ,
1745 1063 1800 1110 et
1825 1057 2041 1113 morbos

449 1129 759 1196 corporales
806 1130 1080 1202 depellere
1124 1137 1440 1206 cupientes,
1493 1143 1656 1198 nullis
1702 1144 2041 1202 facultatibus

450 1219 738 1286 parcimus,
755 1222 966 1279 etiamsi
981 1225 1348 1285 indumentum
1365 1232 1534 1302 ipsum
1545 1234 1936 1292 divendcndum
1950 1238 2041 1304 sit,

450 1319 508 1365 ut
533 1311 600 1366 ab
631 1313 935 1372 inﬁrmitate
959 1319 1050 1375 illa
1085 1321 1376 1379 liberemur
1404 1342 1420 1380 :
1451 1327 1618 1381 multo
1649 1331 1815 1399 magis
1844 1331 2040 1386 anima:

449 1402 809 1460 inﬁrmitatem
841 1417 896 1462 et
925 1411 1238 1479 gravissima
1269 1425 1607 1485 peccatorum
1633 1421 1851 1474 vulnera
1881 1437 2039 1476 cura-

448 1497 550 1549 turi
597 1512 693 1567 per
729 1501 1144 1574 eleemosyuam,
1175 1521 1297 1562 cum
1347 1524 1554 1564 summa
1604 1511 1880 1568 alacritate
1919 1530 2038 1569 eam

447 1589 838 1646 exercehimus.
872 1594 1028 1665 Atqui
1055 1599 1265 1666 quoties
1290 1611 1552 1671 mgrotas,
1590 1619 1696 1658 non
1727 1607 1907 1659 statim
1936 1620 2039 1660 nu-

449 1687 652 1732 merata
682 1683 902 1750 pecunia
935 1684 1179 1742 liberaris
1205 1705 1235 1743 a
1268 1692 1457 1746 morbo
1481 1734 1496 1757 ,
1527 1694 1621 1748 sed
1666 1709 2042 1766 sarpenumero

449 1778 504 1823 et
530 1769 764 1826 sectione
793 1789 930 1844 opus
959 1786 1060 1844 est,
1081 1787 1136 1833 et
1160 1781 1388 1846 ustione,
1414 1792 1468 1838 et
1493 1785 1690 1840 amaris
1717 1785 2040 1854 pharmacis,

449 1870 502 1913 et
531 1860 687 1927 fame,
717 1875 771 1919 et
797 1865 1013 1937 frigore,
1043 1879 1097 1923 ct
1124 1872 1243 1926 aliis
1270 1876 1601 1943 gravioribus
1629 1879 1891 1932 mandatis
1916 1892 1929 1932 :
1956 1879 2041 1934 hic

449 1964 629 2005 autem
660 1969 764 2008 non
795 1957 903 2022 sic,
931 1959 1022 2012 sed
1053 1961 1185 2017 satis
1214 1972 1299 2018 est
1321 1965 1448 2020 dare
1474 1982 1719 2024 nummos
1759 1969 1811 2024 in
1854 1985 2043 2028 manus

453 2055 766 2112 pauperum,
784 2055 839 2100 et
858 2049 1036 2105 statim
1065 2051 1300 2111 ablueris
1328 2059 1504 2112 omnia
1533 2071 1768 2130 peccata,
1798 2063 1913 2116 sine
1937 2064 2043 2120 ullo

453 2134 533 2188 vel
559 2134 746 2193 dolore
776 2141 856 2195 vel
888 2141 1092 2199 labore.
1136 2145 1371 2205 Medicus
1399 2152 1541 2206 enim
1569 2154 1657 2224 qui
1685 2156 1915 2210 animam
1950 2172 2044 2211 cu-

452 2235 555 2292 rat,
581 2243 687 2282 non
719 2245 852 2299 opus
883 2233 1043 2290 habet
1070 2247 1202 2305 arte,
1233 2257 1339 2296 non
1369 2245 1736 2302 instrumentis
1759 2249 1909 2314 artis,
1934 2265 2041 2306 non

449 2317 590 2375 ferro
613 2330 704 2376 aut
727 2321 848 2394 igne
874 2343 888 2380 :
911 2327 1005 2383 sed
1033 2330 1180 2385 solus
1210 2342 1370 2390 nutus
1398 2336 1616 2406 sufﬁcit,
1635 2353 1698 2394 ac
1719 2355 1841 2396 mox
1863 2344 2042 2398 omnia

449 2423 662 2481 [necata
693 2415 759 2470 ah
781 2417 958 2474 anima
985 2423 1296 2481 auferuntur
1314 2437 1370 2483 et
1395 2439 1737 2487 evanescunt.

521 2502 574 2557 9.
619 2503 992 2565 Monac/torum
1039 2517 1168 2568 dura
1215 2518 1412 2573 vivendi
1458 2523 1607 2577 ratio.
1640 2554 1711 2564 —
1746 2524 1861 2581 Non
1893 2526 2045 2583 vides

449 2597 740 2686 monachos
769 2600 899 2656 istos
919 2605 1007 2675 qui
1029 2607 1322 2664 solitariam
1347 2612 1516 2668 vitam
1539 2617 1958 2686 amplectuntur,
1986 2630 2042 2675 et

449 2684 502 2740 in
541 2690 768 2746 vertices
797 2694 1058 2752 montium
1088 2700 1383 2770 secedunt,
1415 2719 1572 2774 quam
1603 2684 1791 2762 duram
1830 2684 2045 2766 vivendi

452 2779 710 2838 rationem
740 2784 1040 2853 perferant?
1071 2789 1279 2848 Etenim
1303 2795 1540 2852 cinerem
1560 2798 1662 2854 sibi
1689 2800 2044 2858 substernen-

451 2878 551 2936 tes,
595 2881 650 2926 et
691 2887 906 2931 saccum
953 2877 1258 2949 induentes,
1299 2893 1353 2939 et
1388 2887 1594 2943 caunis
1641 2887 1832 2944 ferreis
1873 2901 2043 2948 totum

449 2975 646 3029 corpus
672 2962 1045 3035 degravantes,
1074 2980 1130 3025 et
1167 2973 1220 3026 in
1260 2989 1384 3029 casa
1422 2976 1630 3048 seipsos
1664 2980 2045 3039 concludentes

449 3051 668 3145 assidue
683 3069 814 3145 cum
846 3055 986 3114 fame
1005 3060 1294 3132 luctantur,
1328 3066 1382 3120 in
1409 3065 1538 3123 ﬁetu
1564 3071 1752 3126 vivunt
1777 3083 1830 3127 et
1852 3075 2044 3145 vigiliis

451 3139 896 3213 intolerabilibus,
936 3154 998 3204 ut
1042 3160 1246 3220 partem
1293 3155 1522 3226 aliquam
1571 3139 1932 3229 peccatorum.
1952 3167 2047 3222 ab-

456 3237 602 3290 luant
632 3253 646 3290 :
681 3237 772 3294 tibi
795 3250 920 3297 vero
946 3243 1071 3300 licet
1095 3246 1212 3303 sine
1236 3249 1382 3304 omni
1418 3251 1510 3307 illo
1540 3253 1677 3308 duro
1701 3256 1840 3312 victu
1878 3274 2045 3328 expe-

453 3325 618 3382 ditam
664 3329 802 3386 hanc
829 3341 885 3388 et
913 3333 1123 3391 facilem
1169 3339 1382 3408 pietatis
1417 3343 1556 3398 viam
1588 3343 1816 3416 ingredi.
1860 3325 2046 3416 Qualis

449 3419 615 3487 enim,
647 3435 800 3510 rogo,
832 3423 984 3482 labor
1020 3436 1122 3492 est,
1159 3428 1240 3486 his
1275 3447 1394 3502 qua:
1422 3434 1616 3489 adsunt
1651 3435 1752 3491 frui
1774 3479 1787 3502 ,
1821 3447 1876 3492 et
1902 3441 2044 3510 quod

449 3520 699 3581 superest
721 3505 1001 3586 in'egenos
1020 3518 1324 3578 insumere?
1351 3523 1482 3579 Nam
1505 3527 1712 3583 etiamsi
1736 3531 1879 3585 nulla
1901 3505 2044 3588 mer-

451 3618 545 3657 ees
568 3616 710 3660 esset
739 3609 1030 3679 proposita,
1061 3611 1269 3668 etiamsi
1299 3630 1403 3670 non
1428 3625 1534 3671 tam
1559 3620 1734 3690 ampla
1765 3623 2045 3680 retributio

450 3698 711 3768 prmlinita
743 3712 902 3768 esset,
933 3719 1109 3760 annon
1141 3708 1225 3763 vel
1247 3708 1359 3778 ipsa
1389 3710 1467 3766 rei
1495 3723 1681 3768 natura
1703 3719 2045 3784 quantumvis

453 3789 758 3848 inhumanis
786 3797 1108 3864 persuadere
1139 3811 1362 3869 poterat,
1384 3812 1438 3856 ut
1455 3818 1521 3858 eo
1540 3805 1680 3874 quod
1703 3805 1832 3878 ipsis
1851 3821 2044 3878 supera

450 3893 534 3938 est
560 3884 626 3938 ad
649 3901 942 3958 egenorum
969 3891 1207 3948 solamen
1248 3897 1564 3952 uterentur?
1591 3897 1741 3954 Nunc
1769 3914 1891 3955 cum
1922 3909 2043 3955 tan-

451 3983 562 4028 tum
583 3989 902 4035 coronarum
922 4022 938 4046 ,
971 3991 1177 4038 tantum
1202 3985 1608 4042 netributionum
1631 4027 1648 4055 ,
1679 3997 1823 4045 tanta
1849 4005 2043 4061 pecca—

453 4073 629 4121 torum
657 4069 854 4126 ohlivio
881 4085 978 4142 per
996 4074 1395 4148 eleemosynam
1425 4088 1662 4150 paretur,
1683 4097 1865 4152 quam,
1888 4098 2040 4155 rogo,

449 4158 850 4214 excusationem
876 4161 1164 4230 habebunt,
1196 4169 1285 4237 qui
1309 4171 1547 4239 pecunia:
1574 4185 1818 4242 parcunt,
1851 4183 1906 4230 et
1928 4178 2044 4229 ani-

454 4264 595 4303 mam
647 4267 797 4307 suam
846 4253 899 4308 in
947 4255 1269 4326 profundum
1312 4270 1649 4330 peccatorum
1696 4265 2042 4337 demergunt?

451 4339 586 4396 Nam
615 4341 824 4399 etiamsi
863 4345 995 4401 nihil
1023 4347 1164 4402 aliud
1195 4359 1246 4405 te
1277 4362 1487 4406 moveat
1514 4361 1569 4409 et
1596 4355 1791 4410 excitet
1815 4356 1882 4411 ad
1912 4371 2042 4411 cono

451 4433 738 4492 dolendum
769 4447 821 4494 et
849 4439 916 4495 ad
943 4440 1174 4498 dandam
1203 4445 1618 4518 elecmosynam,
1641 4449 1829 4504 saltem
1857 4461 2041 4520 reputa

451 4540 610 4595 quam
653 4529 888 4587 incertus
929 4531 1002 4588 sit
1041 4534 1162 4590 vitze
1207 4537 1348 4602 ﬁnis,
1377 4547 1432 4594 et
1459 4540 1633 4610 cogita
1661 4541 1804 4611 quod
1832 4543 2040 4598 etiamsi

454 4620 776 4687 pauperibus
799 4637 904 4678 non
931 4623 1049 4692 des,
1079 4637 1253 4684 morte
1281 4637 1459 4686 tamen
1481 4633 1914 4702 superveniente,
1947 4651 2042 4690 ve-

455 4705 520 4795 lis
559 4707 715 4775 nolis,
749 4719 866 4766 tuas
900 4729 986 4769 res
1019 4717 1138 4771 aliis
1171 4733 1230 4773 es
1257 4735 1525 4776 cessurus.
1571 4723 1711 4793 Ergo
1736 4725 2043 4795 dispensata

453 4793 666 4853 divitias
694 4808 832 4867 tuas,
864 4814 918 4859 et
943 4805 1071 4861 dum
1101 4807 1256 4877 licet,
1287 4809 1554 4868 humanus
1591 4822 1727 4870 esto.
1776 4793 2042 4872 Extrema:

454 4888 598 4945 enim
631 4897 861 4950 vesania:
890 4897 1068 4966 fuerit,
1091 4916 1152 4955 ea
1176 4905 1367 4973 quibus
1388 4906 1469 4961 vel
1495 4907 1690 4961 invitus
1715 4908 1837 4963 aliis
1862 4923 2042 4964 cessuo

454 4996 546 5037 rns
575 4998 632 5038 es
651 5025 666 5048 ,
707 4987 847 5041 nolle
877 4989 1232 5061 indigentibus
1259 4999 1657 5054 communicare
1685 4999 1856 5063 ultro,
1885 4999 2044 5070 idque

454 5090 577 5132 cum
604 5086 751 5133 tanta
781 5082 916 5136 bona
955 5100 1022 5138 ex
1066 5085 1167 5141 hac
1204 5087 1530 5160 benignitate
1558 5091 1652 5148 tibi
1679 5092 1786 5147 sint
1810 5091 2041 5163 proveh-

455 5181 591 5226 tura.
639 5171 710 5228 Ut
739 5182 920 5242 vestra,
950 5175 1138 5248 inquit,
1166 5179 1315 5249 copia
1333 5193 1596 5236 succurrat
1625 5184 1830 5238 illorum
1855 5185 2045 5255 irrepit:

455 5265 533 5336 (2.
563 5265 684 5322 Cor.
707 5268 760 5324 8.
793 5269 907 5340 l4).
955 5270 1092 5338 Quid
1128 5281 1210 5327 est
1247 5282 1424 5326 autem
1461 5275 1604 5343 quod
1641 5275 1804 5330 dicit?
1844 5276 2042 5346 Majora

452 5361 671 5432 accipis,
691 5379 848 5434 quam
872 5365 986 5420 das.
1022 5364 1127 5421 Das
1155 5366 1445 5433 sensibilia,
1471 5368 1668 5436 accipis
1690 5369 2039 5440 intelligibilia

457 5462 508 5507 rt
553 5456 883 5524 spiritualia;
929 5459 1026 5516 das
1077 5461 1354 5530 pecuniam
1381 5503 1396 5527 ,
1428 5461 1627 5530 accipis
1672 5463 2041 5517 remissionem

453 5556 832 5614 peccatorum;
863 5551 1057 5607 liberas
1089 5568 1374 5623 pauperem
1405 5569 1434 5608 a
1466 5552 1628 5618 fame,
1659 5553 1747 5608 ille
1776 5561 1829 5607 te
1853 5553 2045 5608 liberat

455 5636 523 5690 ab
553 5637 626 5692 ira
651 5638 850 5695 divina.
887 5641 1266 5700 Rctrihntionis
1297 5645 1398 5700 hoc
1422 5661 1588 5715 genus
1613 5652 1695 5700 est
1721 5652 1774 5698 et
1801 5645 2042 5714 negotiav

459 5727 647 5788 tionis.
698 5730 839 5798 quod
892 5733 1146 5800 majorem
1189 5752 1252 5789 ac
1295 5738 1558 5792 utiliorem
1608 5737 1836 5792 reditum
1884 5734 2042 5790 habet

458 5831 618 5882 quam
641 5832 927 5890 sumptum.
958 5825 1090 5880 Nam
1114 5839 1352 5897 sumptus
1384 5833 1724 5900 pecuniarum
1753 5841 1832 5887 est
1861 5848 1872 5884 :
1901 5829 2042 5886 redi~

1285 379 1342 442 S.
1374 383 1652 444 JOANNIS
1691 385 2166 445 CIIRYSOSTOMI
2207 393 2521 451 AltClilEP.
2564 392 3094 460 CONSTANTINOP.

3653 391 3756 451 230

2153 514 2236 560 tus
2265 523 2394 562 vero
2407 523 2510 564 non
2526 501 2778 580 pecunias
2801 515 2954 570 all‘ert
2982 524 3209 583 tantum,
3237 517 3331 572 sed
3357 518 3522 573 etiam
3553 532 3751 575 remta-

2149 597 2354 653 sionem
2379 613 2740 669 peccatorum,
2765 605 3032 677 simulque
3058 607 3304 664 ﬁduciam
3323 624 3449 680 erga
3471 610 3668 679 Deum,
3701 621 3754 666 et

2148 704 2370 759 regnum
2401 692 2678 756 calorum,
2707 705 2761 749 et
2800 696 2937 752 bona
2975 698 3061 753 illa
3091 715 3210 770 qua:
3240 715 3416 769 neque
3443 703 3631 756 oculus
3663 701 3752 755 vi-

2146 779 2256 844 dit,
2289 797 2389 838 nce
2414 784 2559 838 auris
2585 785 2820 853 audivit,
2849 803 2949 844 nec
2973 790 3025 844 in
3055 804 3150 844 cor
3175 790 3410 846 hominis
3447 791 3754 848 adscende-

2147 879 2273 925 runt
2305 871 2379 943 (t.
2409 872 2528 928 Cor.
2559 874 2614 929 2.
2647 876 2727 945 9).
2777 877 2971 934 Annon
3018 879 3178 951 igitur
3218 881 3508 938 absurdum
3533 924 3549 948 ,
3599 883 3749 954 quod

2148 965 2504 1032 negotiatores
2533 968 2664 1022 nulli
2710 969 2784 1023 rei
2823 980 3073 1041 parcant,
3120 971 3280 1043 idque
3315 987 3437 1028 cum
3477 989 3584 1030 non
3623 977 3748 1030 sin-

2144 1055 2346 1124 gularia
2390 1059 2673 1126 quaedam,
2716 1062 2811 1116 sed
2853 1064 2997 1132 paria
3041 1063 3152 1119 fere
3191 1064 3406 1133 paribus
3435 1076 3746 1136 permutare

2145 1153 2350 1208 soleant
2375 1173 2387 1208 :
2409 1169 2507 1210 nos
2525 1171 2674 1224 vero,
2693 1172 2812 1212 cum
2841 1173 2945 1212 non
2971 1159 3336 1228 corruptibilia
3359 1169 3413 1214 et
3440 1171 3750 1215 momenta-

2148 1259 2247 1298 nea
2269 1287 2286 1310 ,
2314 1245 2408 1301 sed
2458 1247 2878 1317 incorruptibilia
2906 1259 2958 1304 et
2982 1252 3307 1320 sempiterna
3340 1251 3493 1307 liceat
3515 1267 3618 1322 pro
3642 1269 3748 1306 no-

2147 1336 2272 1390 stris
2297 1337 2730 1406 corruptihilibus
2753 1354 2818 1394 ac
2845 1341 3235 1395 momentaneis
3257 1349 3606 1408 commutare,
3630 1357 3745 1397 non

2145 1426 2390 1482 eamdem
2421 1444 2579 1496 quam
2612 1428 2684 1483 illi
2713 1430 3040 1500 diligentiam
3070 1430 3454 1486 adhibeamus?

2219 1517 2375 1573 Fides
2400 1519 2588 1590 indiget
2613 1522 2807 1575 auxilio
2837 1521 3084 1591 Spiritus.
3139 1517 3221 1576 Ea:
3261 1523 3505 1593 pravitate
3539 1539 3748 1577 morum

2149 1609 2315 1663 oritur
2338 1610 2683 1666 incredulitas.
2701 1636 2775 1653 --
2799 1609 2916 1666 Non
2945 1611 3035 1677 ita,
3060 1611 3273 1676 fratres,
3305 1627 3411 1667 non
3442 1613 3509 1666 ita
3539 1624 3748 1668 nostra:

2145 1697 2304 1754 saluti
2332 1699 2470 1754 male
2497 1701 2858 1767 consulamus,
2888 1701 2981 1756 sed
3013 1702 3144 1756 moti
3171 1704 3416 1773 exemplo
3447 1699 3744 1772 virginum,

2146 1797 2201 1844 et
2225 1803 2411 1844 eorum
2449 1790 2540 1860 qui
2583 1789 2850 1844 ducuntur
2874 1791 2926 1845 in
2958 1791 3133 1861 ignem
3169 1802 3408 1862 paratum
3446 1793 3656 1848 diabolo
3686 1803 3751 1848 et

2145 1881 2352 1952 angelis
2376 1882 2524 1953 ejus,
2557 1898 2624 1939 eo
2648 1883 2789 1953 quod
2812 1897 2916 1938 non
2947 1883 3198 1947 aluerint,
3239 1900 3409 1956 neque
3439 1887 3747 1956 potaverint

2144 1973 2418 2028 Christum
2441 2015 2456 2040 ,
2487 1974 2816 2030 retineamus
2845 1976 3016 2031 sancti
3043 1975 3278 2045 Spiritus
3303 1976 3474 2046 ignem
3502 1993 3596 2047 per
3621 1979 3749 2032 lar-

2145 2081 2264 2137 gam
2309 2066 2690 2137 benignitatem
2721 2076 2777 2123 et
2801 2067 3047 2136 profusas
3070 2068 3439 2139 eleemosynas
3459 2109 3475 2135 ,
3503 2085 3570 2124 ue
3591 2073 3748 2125 circa

2148 2156 2306 2212 ﬁdem
2338 2157 2674 2228 naufragium
2713 2158 2987 2214 iaciamus.
3028 2157 3187 2214 Fides
3223 2160 3366 2215 enim
3403 2176 3535 2230 opus
3575 2161 3749 2218 habet

2145 2250 2344 2306 auxilio
2371 2251 2600 2322 Spiritus
2624 2266 2690 2307 ac
2715 2252 3109 2321 perseverantia
3133 2294 3147 2318 ,
3177 2261 3236 2306 ut
3261 2251 3572 2308 inconcussa
3605 2268 3744 2320 per-

2147 2353 2361 2400 maneat
2387 2361 2402 2397 :
2433 2343 2687 2398 auxilium
2730 2353 2909 2398 autem
2948 2343 3181 2414 Spiritus
3213 2343 3336 2398 vita:
3359 2344 3586 2414 puritate
3612 2361 3744 2400 mo-

2147 2435 2401 2506 ribusque
2436 2435 2674 2506 probatis
2717 2435 2935 2491 retineri
2970 2434 3110 2506 apud
3149 2448 3250 2490 nos
3285 2435 3442 2490 solet.
3490 2435 3660 2502 Quare
3689 2437 3744 2491 si

2147 2527 2393 2597 cupimus
2443 2525 2603 2583 ﬁdem
2656 2527 2945 2582 radicatam
2999 2525 3229 2593 habere,
3275 2525 3486 2581 vivendi
3528 2526 3749 2582 ratione

2148 2633 2280 2690 pura
2329 2619 2485 2674 nobis
2527 2634 2663 2689 opus
2711 2627 2811 2684 est,
2852 2633 2973 2688 quae
3015 2615 3271 2688 Spiritum
3300 2621 3602 2684 retineat,a
3629 2634 3747 2686 quo

2105 2741 2108 2744 ~
2149 2719 2313 2765 totam
2341 2709 2460 2765 ﬁdei
2493 2711 2598 2764 vim
2628 2709 2936 2779 dependere
2957 2718 3187 2764 constat.
3239 2709 3569 2779 lmpossihilc
3591 2709 3744 2764 enim

2147 2811 2252 2867 est,
2279 2801 2614 2872 impossibile
2643 2801 2881 2871 profecto
2905 2801 2950 2856 si
2985 2801 3147 2856 vitam
3174 2801 3438 2871 impuram
3465 2799 3660 2856 habeas
3680 2802 3744 2856 in

2149 2891 2254 2947 ﬁde
2281 2907 2390 2947 non
2409 2893 2682 2947 vacillare.

2222 2981 2308 3038 l0.
2349 2980 2507 3038 Certe
2533 2981 2623 3052 qui
2657 2981 2725 3037 de
2761 2980 2872 3037 fato
2897 2991 3182 3052 angantur,
3211 2990 3266 3038 et
3293 2981 3516 3038 salutari
3541 2981 3611 3038 de
3638 2999 3733 3038 re.

2147 3073 2478 3128 surrectione
2500 3073 2733 3128 sermoni
2759 3089 2863 3129 non
2885 3073 3134 3142 credunt,
3155 3074 3224 3129 ob
3248 3075 3436 3129 malam
3460 3075 3748 3130 conscien-

2150 3166 2278 3219 tiam
2307 3173 2362 3219 et
2383 3179 2560 3219 mores
2586 3165 2907 3236 depravatos
2947 3167 2998 3219 in
3041 3167 3142 3220 hoc
3172 3167 3555 3222 incredulitatis
3579 3167 3744 3222 bara-

2149 3256 2327 3312 thrum
2368 3259 2576 3328 seipsos
2614 3259 2964 3328 praecipitant.
3001 3257 3070 3312 Et
3107 3259 3553 3328 quemadmodum
3584 3259 3742 3316 febre

2148 3347 2474 3414 laborantes,
2503 3348 2630 3403 dum
2659 3349 2846 3404 volunt
2871 3349 3242 3404 :estuationem
3272 3348 3558 3418 depellere,
3590 3367 3746 3420 saepe

2148 3443 2201 3495 in
2231 3439 2473 3511 frigidam
2501 3457 2693 3511 aquam
2723 3455 2845 3497 sese
2868 3441 3187 3512 projiciunt,
3222 3451 3276 3496 et
3303 3441 3567 3512 paulisper
3588 3442 3741 3496 miti-

2145 3542 2271 3605 gato
2315 3532 2490 3599 malo,
2538 3533 2837 3604 graviorem
2877 3531 2977 3588 sibi
3013 3531 3262 3588 ardorem
3304 3531 3597 3587 accendunt
3626 3550 3640 3586 :
3665 3533 3737 3587 ita

2146 3625 2235 3694 qui
2284 3624 2422 3678 mala
2458 3624 2787 3678 conscientia
2831 3631 3181 3693 premuntur,
3220 3630 3276 3678 et
3313 3622 3737 3679 consolationem

2144 3715 2376 3785 aliquam
2401 3723 2666 3784 quzerunt,
2698 3729 2801 3770 nec
2829 3723 3005 3770 tamen
3033 3716 3216 3770 volunt
3243 3729 3340 3786 per
3368 3715 3738 3784 pcenitentiam

2145 3815 2363 3878 peccata
2391 3805 2629 3872 abluere,
2671 3804 2739 3859 ad
2769 3805 2862 3860 iati
2893 3803 3225 3876 tyrannidem
3248 3846 3265 3870 ,
3293 3814 3349 3860 et
3375 3806 3731 3862 resurrectio-

2145 3899 2230 3953 nis
2263 3896 2576 3968 coulitgiunt
2613 3895 3024 3967 abnegationem
3055 3913 3069 3949 :
3097 3903 3259 3964 atque
3287 3894 3387 3949 hoc
3417 3903 3574 3964 pacto
3599 3895 3732 3950 dum

2145 4005 2206 4047 se
2234 3990 2289 4045 in
2320 3990 2419 4045 hac
2445 3990 2550 4044 vita
2579 3988 2783 4060 frigidis
2823 3989 3118 4044 rationibus
3145 3987 3414 4058 paulisper
3446 3989 3736 4044 consolan-

2147 4082 2564 4152 tur,.majorem
2615 4081 2874 4152 gehennae
2915 4078 3186 4134 ﬂammam
3237 4079 3339 4134 sibi
3390 4079 3732 4143 accendunt;

2145 4174 2574 4248 quandoquidem
2618 4173 2891 4244 segniores
2935 4171 3024 4225 hic
3065 4169 3228 4238 facti,
3272 4179 3554 4242 postquam
3609 4171 3736 4226 illuc

2145 4267 2461 4323 devenerint
2482 4306 2497 4331 ,
2544 4264 2802 4320 videbunt
2831 4276 2930 4333 pro
2957 4262 3071 4318 suis
3096 4275 3363 4331 quemque
3391 4261 3622 4331 peccatis
3649 4261 3738 4317 deo

2146 4360 2252 4414 bita
2303 4357 2561 4429 supplicia
2611 4355 2938 4425 persolvere.
2993 4352 3064 4408 Et
3113 4361 3173 4407 ut
3223 4353 3324 4408 hoc
3375 4366 3561 4406 verum
3608 4367 3734 4407 esse

2144 4449 2325 4506 sciatis
2347 4489 2362 4514 ,
2400 4446 2524 4503 ﬁdei
2566 4461 2760 4516 nempe
2799 4445 2962 4500 robur
3001 4443 3140 4498 mala
3182 4457 3348 4512 opera
3387 4442 3737 4498 vehementer

2147 4539 2404 4610 impedire
2429 4582 2444 4606 ,
2489 4536 2668 4593 audite
2707 4535 2836 4607 quid
2879 4535 3076 4591 Paulus
3114 4534 3258 4589 dicat
3294 4534 3358 4588 ad
3388 4533 3732 4589 Timotheum

2145 4631 2388 4688 scribens
2420 4646 2434 4683 :
2471 4627 2536 4682 Ut
2566 4629 2746 4682 milites
2769 4663 2785 4692 ,
2817 4625 2987 4696 inquit
3009 4665 3026 4690 ,
3059 4625 3308 4696 egregiam
3337 4624 3572 4678 militiam
3595 4666 3612 4688 ,
3644 4625 3735 4678 Ita-

2145 4724 2262 4777 bens
2291 4723 2444 4792 ﬁdem
2474 4739 2536 4775 ac
2561 4722 2741 4776 bonam
2765 4719 3122 4774 conscientiam
3167 4718 3336 4788 (bona
3385 4727 3568 4773 autem
3607 4733 3736 4773 cona-

2145 4817 2364 4872 seientia
2403 4832 2469 4870 ex
2509 4816 2614 4870 vita
2658 4822 2712 4868 et
2743 4812 2994 4883 operibus
3018 4812 3171 4867 bonis
3189 4813 3498 4879 contingere
3516 4809 3730 4884 solet):

2143 4925 2294 4980 quam
2321 4907 2562 4977 quidam,
2594 4905 2793 4975 inquit,
2824 4902 3141 4975 repellentes,
3169 4904 3304 4956 circa
3331 4903 3484 4970 fidem
3522 4907 3734 4975 naufra-

2145 5002 2283 5070 gium
2301 5001 2521 5070 fecerunt
2543 4999 2623 5065 (Ι.
2646 4995 2779 5050 Tim.
2813 4997 2866 5050 l.
2909 4994 2994 5052 18.
3030 4993 3386 5061 i9).Rursum
3415 4992 3542 5048 alibi
3578 5010 3594 5047 :
3627 4992 3733 5047 Ra-

2145 5092 2236 5145 dix-
2262 5090 2486 5144 omnium
2515 5089 2765 5142 malorum
2791 5095 2866 5141 est
2892 5087 3106 5140 auaritia
3128 5125 3143 5148 ,
3177 5101 3267 5151 per
3295 5085 3442 5155 cujus
3477 5085 3733 5152 cupidita-

2147 5194 2244 5239 tem
2282 5183 2488 5253 quidam
2533 5199 2566 5236 a
2611 5181 2714 5251 ﬁde
2753 5180 3105 5234 aberrauerunt
3133 5175 3299 5245 (ibid.
3330 5177 3385 5231 6.
3415 5177 3543 5248 10).
3581 5175 3735 5232 Vides

2147 5287 2258 5331 tum
2286 5276 2408 5330 illos
2435 5283 2716 5344 pr0pterea
2743 5269 3074 5341 naufragium
3104 5268 3292 5322 fecisse
3315 5309 3331 5333 ,
3364 5276 3474 5321 tum
3505 5269 3639 5324 istos
3665 5267 3734 5322 ob

2147 5369 2254 5423 hoc
2277 5369 2450 5437 ipsum
2473 5363 2842 5421 aberravisse:
2865 5362 3116 5432 quoniam
3139 5359 3216 5413 illi
3236 5359 3428 5413 bonam
3455 5362 3734 5416 conscien-

2149 5462 2275 5515 tiam
2305 5459 2641 5528 repulerunt,
2673 5455 2760 5510 isti
2785 5467 2916 5509 vero
2941 5447 3178 5506 avaritia:
3204 5451 3580 5506 adineserunt?
3608 5450 3732 5519 Qum

2146 5550 2359 5623 quidem
2388 5550 2566 5603 omnia
2591 5551 2890 5616 cogitantes
2911 5582 2929 5611 ,
2959 5555 3204 5613 magnam
3235 5556 3416 5595 curam
3446 5541 3734 5596 habeamus

2147 5643 2268 5695 vita:
2294 5655 2451 5710 quam
2479 5640 2682 5708 optime
2709 5631 3078 5698 instituendas,
3101 5641 3160 5686 ut
3185 5631 3380 5701 duplex
3413 5632 3566 5688 nobis
3593 5647 3730 5686 mer-

2149 5750 2237 5790 ces
2265 5733 2558 5804 contingat,
2592 5745 2694 5788 una
2722 5745 2786 5786 ex
2819 5746 3040 5800 operum
3071 5729 3418 5786 retributione
3438 5769 3452 5794 ,
3483 5729 3648 5786 altera
3670 5744 3731 5784 ex

2153 5828 2276 5884 ﬁdei
2301 5828 2516 5883 robore.
2543 5827 2694 5882 Sicut
2719 5825 2862 5882 enim
2889 5840 2947 5882 se
2974 5824 3132 5880 habet
3159 5821 3224 5877 ad
3249 5830 3464 5881 (οξτο-ε,
3491 5816 3563 5872 ita
3593 5831 3730 5874 recta
