4006 6406
318 369 422 424 279

319 483 460 555 μετά
491 479 768 554 ἀκριϐείας
786 495 801 510 ο
839 476 941 531 κᾶν
991 477 1242 530 ἀπάντων
1265 473 1568 545 ἀνθρώπιον
1593 473 1894 544 ἀπηνέστε-

317 583 411 638 ρος
451 563 539 638 ᾖς,
584 562 803 623 πάντως
837 561 941 612 ὑπὸ
988 558 1082 611 τοῦ
1143 557 1309 626 φόϐου
1345 556 1453 608 τῶν
1488 555 1895 626 ἡμαρτημένων

632 645 807 698 πάντα
835 644 928 696 τὸν
960 624 1165 712 χρόνον
1194 624 1527 708 ὠθούμενος,
1559 624 1653 692 καὶ
1677 624 1763 692 διὰ
1797 639 1896 707 τῆς

316 729 686 801 ἐλεημοσύνης
723 726 915 794 ἄφεσίν
945 743 1027 778 σοι
1052 723 1364 795 προσδοκῶν
1387 722 1641 790 γενέσθαι
1667 721 1892 784 τούτων,

316 817 411 868 καὶ
425 815 488 867 τὸ
517 813 676 882 σῶμα
711 810 998 872 ἐπιδῶσεις
1025 805 1244 870 σαυτοῦ,
1280 808 1410 876 μήτι
1433 822 1495 873 γε
1523 806 1802 875 χρήματα.
1833 805 1896 857 El

314 897 425 968 γὰρ
477 895 775 967 τραύματα
825 893 1039 961 ἔχοντες
1064 929 1078 952 ,
1134 891 1226 943 καὶ
1277 889 1558 958 νοσήματα
1609 887 1895 958 σωματικά

311 976 763 1050 ἀποκρούσασθαι
789 973 1121 1044 βουλόμενοι,
1144 971 1357 1034 οὐδενὸς
1372 970 1480 1024 τῶν
1508 971 1680 1024 ὅντων
1705 970 1896 1039 φειδώ-

317 1059 480 1130 μεθα,
517 1059 619 1112 κᾶν
649 1057 780 1111 αὐτὸ
814 1055 874 1108 τὸ
904 1054 1116 1125 ἱμάτιον
1141 1052 1439 1106 ἀποδόσθαι
1461 1051 1590 1118 δέοι,
1622 1052 1763 1105 ὥστε
1795 1052 1895 1120 τῆς

312 1141 628 1214 ἀρρωστίας
659 1138 1036 1208 ἀπαλλαγῆναι
1071 1137 1288 1208 ἐκείνης
1313 1152 1328 1169 ο
1357 1135 1537 1205 πολλῷ
1576 1135 1774 1206 μᾶλλον
1793 1134 1896 1204 τῆς

311 1226 494 1296 ψυχῆς
525 1222 836 1296 ἀρρωστίαν
873 1219 1226 1274 ἀποτίθεσθαι
1265 1219 1550 1290 μέλλοντες
1587 1219 1775 1272 καὶτὰ
1800 1237 1895 1289 χα-

313 1308 454 1360 λεπά
497 1307 606 1359 τῶν
647 1303 1064 1375 ἁμαρτημάτων
1091 1302 1384 1373 τραύματα
1421 1302 1510 1356 διὰ
1539 1303 1637 1373 τῆς
1669 1300 1894 1371 ἐλεημο-

208 1388 212 1389 ⁷
312 1390 504 1461 σύνης,
560 1387 697 1460 μετὰ
735 1387 917 1456 πάσης
970 1385 1281 1457 προθυμίας
1309 1385 1479 1454 αὐτὴν
1510 1383 1892 1454 ἐργασώμεθα.

314 1472 510 1526 Καίτοι
536 1487 600 1539 γε
629 1471 722 1522 ἐπὶ
754 1469 854 1540 μὲν
886 1467 994 1521 τῶν
1037 1467 1359 1538 νοσημάτων
1391 1469 1490 1520 οὐκ
1515 1467 1661 1520 ἐστιν
1694 1465 1896 1528 εὐθέως

312 1554 691 1610 καταϐαλόντα
714 1551 979 1622 ἀργύριον
1004 1551 1384 1621 ἀπαλλαγῆναι
1409 1551 1509 1621 τῆς
1557 1551 1734 1609 νόσου,
1759 1547 1892 1602 ἀλλά

311 1639 390 1691 δεῖ
411 1639 506 1692 καὶ
532 1636 705 1708 τομῆς
731 1635 993 1698 πολλάκις
1017 1635 1112 1688 καὶ
1135 1633 1384 1697 καύσεως
1401 1635 1496 1687 καὶ
1517 1631 1730 1704 πικρῶν
1757 1649 1894 1701 φαρ-

316 1722 530 1790 μάκων,
575 1721 672 1772 καὶ
706 1717 890 1790 λιμοῦ,
931 1717 1024 1771 καὶ
1051 1717 1279 1787 ψύχους,
1326 1717 1421 1770 καὶ
1467 1716 1670 1786 ἐτέρων
1709 1732 1894 1786 φορτι-

299 1803 572 1872 κωτέραν]
597 1803 986 1872 ἐπιταγμάτων
1006 1818 1020 1832 ο
1058 1799 1292 1857 ἐνταῦθα
1321 1799 1378 1857 δὲ
1414 1800 1512 1869 οὐχ
1544 1798 1739 1861 οὕτως,
1777 1796 1891 1850 ἀλλ’

312 1887 474 1957 ἀρκεῖ
509 1884 835 1938 καταϐαλεῖν
867 1884 928 1937 τὸ
952 1883 1216 1954 ἀργύριον
1241 1885 1321 1947 είς
1363 1883 1462 1946 τὰς
1499 1883 1608 1935 τῶν
1644 1881 1891 1951 πενήτων

313 1972 521 2042 χεῖρας,
554 1971 648 2024 καὶ
676 1969 855 2024 πάντα
885 1968 1087 2033 εὐθέως
1114 1968 1516 2022 ἀπολούσασθαι
1537 1966 1608 2020 τά
1637 1965 1892 2035 πεπλημ-

313 2052 598 2123 μελημένα
613 2053 782 2123 χωρὶς
805 2051 1000 2123 ὀδύνης
1025 2052 1120 2104 καὶ
1146 2051 1332 2104 πόνου.
1365 2051 1423 2104 '0
1452 2052 1561 2122 γάρ
1591 2049 1692 2120 τὴν
1712 2048 1890 2118 ψυχὴν

313 2135 633 2207 θεραπεύων
670 2135 876 2206 ίατρδς,
907 2137 970 2188 οὐ
1019 2133 1191 2188 δεῖται
1232 2133 1469 2205 μεθόδων
1495 2135 1589 2188 καὶ
1618 2131 1888 2203 ὀργάνων,

310 2219 404 2274 καὶ
443 2218 664 2290 σιδήρου
701 2219 796 2273 καὶ
833 2217 1038 2288 πυρός·
1086 2217 1202 2274 ἀλλ’
1243 2219 1408 2288 ἀρκεῖ
1455 2216 1645 2270 νεῦσαι
1707 2215 1889 2286 μόνον,

309 2304 406 2358 καὶ
449 2303 627 2358 πάντα
663 2303 817 2373 ἐκρεῖ
847 2302 947 2372 τῆς
991 2302 1269 2372 ἡμετέρας
1308 2301 1488 2372 ψυχῆς
1528 2299 1599 2354 τὰ
1637 2299 1892 2370 πλημμει-

307 2387 549 2457 λήματα,
572 2385 668 2438 καὶ
693 2385 772 2448 είς
795 2385 856 2437 τὸ
884 2384 959 2455 μὴ
991 2384 1050 2437 δν
1084 2385 1426 2453 ἀφανίζεται.

379 2471 446 2526 θ’.
487 2469 600 2540 Οὐχ
639 2469 772 2539 ὁρᾷς
807 2467 933 2530 τοὺς
964 2468 1234 2537 μοναχοὺς
1258 2468 1386 2530 τοὺς
1409 2467 1502 2520 τὸν
1530 2467 1740 2539 μονήρη
1777 2467 1890 2538 βίον

303 2552 724 2624 ἐπιθυμοῦντας,
759 2551 853 2604 καὶ
889 2552 968 2612 εἰς
993 2550 1093 2614 τὰς
1128 2550 1372 2620 κορυφάς
1415 2551 1523 2603 τῶν
1556 2550 1727 2622 ὀρέων
1755 2553 1889 2604 ἀνασ-

304 2637 640 2710 χωροῦντας,
669 2637 800 2705 ὅσην
826 2635 1154 2706 ὑπομένουσι
1174 2633 1625 2704 σκληραγωγίαν;
1654 2636 1763 2688 Καὶ
1781 2637 1890 2705 γάρ

306 2721 503 2775 σποδὸν
557 2716 1090 2790 ὑποστρωννύμενοι,
1141 2717 1236 2770 καὶ
1301 2717 1504 2770 σάκκον
1565 2717 1890 2789 περιϐαλλό-

309 2820 482 2874 μενοι,
509 2802 606 2855 καὶ
632 2799 788 2854 κλοιά
822 2800 987 2855 παντὶ
1019 2799 1097 2869 τῷ
1125 2797 1338 2869 σώματι
1371 2799 1764 2869 περιτιθέντες,
1793 2799 1889 2853 καὶ

303 2887 365 2940 ἐν
391 2887 525 2957 οίκῳ
549 2884 939 2956 καθείρξαντες
996 2883 1243 2948 ἑαυτοὺς,
1289 2882 1432 2954 λιμῷ
1472 2883 1761 2940 παλαίουσι
1807 2885 1888 2938 διν

213 3028 224 3036 _
301 2973 509 3042 ηνεκεῖ,
538 2970 756 3041 θρήνοις
774 2967 974 3031 συζῶσι
995 2967 1088 3018 καὶ
1113 2966 1442 3036 ἀγρυπνίαις
1458 2967 1773 3038 ἀφορήτοις,
1799 2969 1887 3022 ἵνα

301 3051 574 3123 δυνηθῶσι
612 3050 808 3122 μικρὸν
835 3047 968 3116 γοῦν
986 3049 1053 3119 μέ
1064 3066 1155 3120 ρος
1172 3049 1278 3101 τῶν
1296 3049 1700 3119 ἡμαρτημένων
1716 3052 1888 3127 ἀπορ-

303 3136 596 3211 ρίψασθαι·
636 3136 720 3189 σοὶ
757 3134 814 3187 δὲ
854 3133 1032 3199 ἔξεστι
1078 3134 1249 3205 χωρὶς
1293 3135 1393 3205 τῆς
1463 3136 1887 3207 σκληραγωγίας

299 3221 523 3291 ἁπάσης
550 3219 767 3289 ἐκείνης
795 3218 894 3290 τὴν
929 3215 1150 3271 εῦκολον
1178 3217 1384 3288 ταύτην
1412 3220 1508 3273 καὶ
1553 3219 1744 3291 ῥᾳδίαν
1793 3220 1884 3272 εύο

299 3303 526 3359 λάϐειαν
575 3301 967 3367 ἐπιδείξασθαι.
1004 3301 1163 3363 Ποῖος
1195 3301 1305 3372 γάρ
1349 3302 1549 3366 πόνος,
1602 3303 1725 3357 είπέ
1761 3320 1882 3373 μοι,

297 3385 413 3440 τῶι
444 3386 613 3440 ὄντων
649 3383 1042 3448 ἀπολαύοντας,
1087 3385 1157 3438 τά
1201 3385 1438 3456 περιττά
1464 3386 1564 3458 τῆς
1589 3387 1780 3458 χρείας
1803 3389 1885 3452 είς

299 3469 430 3533 τοὺς
459 3468 1093 3539 δεομένουςοάναλῶσαις
1128 3471 1190 3523 Et
1211 3467 1325 3541 γὰρ’
1347 3471 1423 3542 μὴ
1455 3471 1652 3540 μισθὸς
1680 3470 1881 3535 ἔκειτο,

300 3551 354 3608 εί
379 3551 488 3624 γὰρ
522 3552 596 3622 μὴ
631 3551 833 3623 ἀμοιϐὴ
874 3553 1115 3623 τοσαύτη
1165 3552 1387 3623 ῶριστο,
1420 3555 1560 3623 αὑτὴ
1603 3552 1699 3606 τοῦ
1742 3555 1883 3624 πρά-

298 3651 512 3704 γματος
549 3635 583 3705 ὴ
628 3635 791 3703 φύσις
827 3636 926 3706 οὑχ
970 3635 1129 3706 ἱκανὴ
1159 3637 1254 3689 καὶ
1277 3637 1404 3698 τοὺς
1443 3635 1647 3708 σφόδρα
1679 3637 1883 3706 ἀνημέ-

299 3733 433 3786 ρους
459 3720 664 3784 πεῖσαι,
703 3721 813 3782 τοῖς
845 3719 1254 3791 περιττεύουσιν
1280 3719 1360 3782 είς
1389 3719 1744 3790 παραμυθίαν
1773 3720 1882 3773 τῶν

297 3798 570 3871 δεομένων
604 3801 1019 3872 ἀποχρήσασθαι
1047 3819 1062 3868 ;
1090 3803 1257 3855 Ὅταν
1283 3802 1340 3854 δὲ
1362 3803 1456 3855 καὶ
1483 3802 1727 3859 τοσοῦτοι
1763 3804 1882 3857 στέ-

299 3901 482 3951 φανοι,
522 3886 617 3938 καὶ
645 3884 905 3938 τοσαῦται
938 3884 1181 3956 ἀμοιϐαὶ,
1233 3886 1330 3941 καὶ
1360 3885 1599 3957 τοσαύτη
1631 3888 1882 3959 ἁμαρτη-

303 3965 490 4036 μάτων
519 3967 796 4036 ἀμνηστία
829 3967 915 4020 διά
940 3968 1037 4038 τῆς
1063 3967 1430 4038 ἐλεημοσύνης
1454 3968 1689 4041 γίνηται,
1722 3971 1879 4024 ποίαν

298 4049 515 4114 ἕξουσιν
543 4049 861 4118 ἀπολογίαν,
887 4051 1008 4103 είπέ
1035 4067 1148 4120 μοι,
1176 4052 1225 4103 οί
1249 4052 1553 4122 χρημάτων
1575 4052 1878 4122 φειδόμενοι

298 4134 396 4186 καὶ
431 4134 532 4205 τὴν
575 4133 754 4204 ψυχὴν
805 4133 903 4204 τὴν
958 4131 1169 4186 ἑαυτῶν
1230 4134 1716 4199 καταποντίζοντες
1765 4139 1879 4200 τοῖς

299 4218 732 4288 ἀμαρτήμασινς
786 4217 851 4270 Et
901 4216 1010 4288 γάρ
1043 4217 1137 4270 καὶ
1186 4218 1352 4289 μηδέν
1398 4235 1457 4271 σε
1505 4219 1688 4288 ἕτερον
1741 4223 1883 4274 κινεῖ

298 4301 397 4354 καὶ
451 4300 756 4369 διανίστησι
782 4298 918 4370 πρὸς
960 4299 1305 4370 συμπάθειαν
1333 4303 1428 4355 καὶ
1479 4302 1616 4372 πρὸς
1652 4305 1882 4374 ἐλεημο-

301 4382 490 4452 σύνην,
524 4383 623 4453 τῆς
666 4383 921 4453 τελευτῆς
973 4382 1072 4454 τὴν
1119 4384 1347 4454 ἀδηλίαν
1389 4385 1707 4455 ἀναλόγισαι
1735 4406 1748 4422 ’
1786 4389 1880 4442 καὶ

299 4465 623 4536 ἐνθυμηθεὶς
643 4478 690 4528 ι,
725 4466 806 4519 ὅτι
839 4465 943 4519 κᾶν
967 4465 1042 4536 μὴ
1069 4465 1265 4536 πένησι
1291 4465 1415 4537 δῷς,
1448 4470 1768 4533 ἐπελθόντος
1785 4471 1878 4525 τοῦ

297 4549 527 4602 θανάτου
553 4550 648 4602 καὶ
677 4549 826 4604 ἄκων
857 4550 1098 4620 ἐκστήσῃ
1135 4549 1346 4620 ἐτέροις
1379 4552 1580 4616 αὐτῶν,
1610 4553 1712 4607 κᾶν
1733 4554 1878 4608 οὕτω

297 4632 459 4700 γενοῦ
500 4632 879 4703 φιλάνθρωπος
912 4631 1026 4685 νῦν.
1057 4633 1166 4686 Καὶ
1198 4633 1306 4706 γάρ
1343 4636 1578 4706 ἐσχάτης
1609 4638 1794 4700 ἀνοίας
1811 4638 1876 4691 ἂν

299 4718 410 4788 εἴη.
447 4712 523 4771 ὧν
566 4717 664 4770 καὶ
704 4719 929 4781 ἄκοντες
969 4717 1286 4781 ἐξίστασθαι
1329 4717 1626 4790 μέλλομεν,
1669 4722 1876 4792 ἐτέροις

300 4799 454 4872 [268]
486 4799 690 4853 τούτων
724 4801 799 4872 μὴ
845 4799 1170 4870 μεταδοῦναι
1191 4801 1417 4864 ἑκόντας
1441 4805 1550 4865 τοῖς
1575 4802 1872 4872 δεομένοις,

297 4883 589 4937 καὶταῦτα
617 4883 906 4953 μέλλοντας
931 4882 1170 4939 τοσαῦτα
1209 4884 1319 4936 ἀπὸ
1345 4885 1444 4953 τῆς
1479 4884 1876 4957 φιλοφροσύνης

295 4967 500 5038 ταύτης
515 4965 859 5037 καρποῦσθαι
873 4965 1029 5020 καλά.
1052 4966 1120 5020 Τὸ
1139 4967 1306 5035 ὑμῶν
1316 4969 1872 5043 περίσσευμα,φησὶ,

292 5051 559 5120 γενέσθω
597 5053 687 5115 εἰς
725 5049 792 5102 τὸ
837 5050 1088 5103 ἐκείνων
1112 5051 1442 5120 ὑστέρημα.
1481 5053 1544 5105 Τί
1570 5053 1628 5108 δέ
1661 5055 1807 5106 ἐστιν
1846 5055 1874 5108 ὃ

291 5131 482 5200 λέγεις
520 5133 756 5197 Μείζονα
795 5131 1113 5203 λαμϐάνεις,
1145 5133 1385 5203 ῆηδίδως.
1414 5135 1582 5198 Δίδως
1617 5136 1872 5206 αίσθητά,

293 5217 390 5269 καὶ
405 5217 467 5268 λα
475 5215 696 5286 μϐάνεις
712 5216 882 5287 νοητὰ
898 5217 992 5270 καὶ
1012 5218 1358 5288 πνευματικά
1376 5235 1388 5248 ⁸
1407 5217 1564 5282 δίδως
1586 5220 1869 5292 ἀργύριον,

291 5299 388 5350 καὶ
435 5298 732 5369 λαμϐάνεις
773 5301 1188 5371 ἁμαρτημάτων
1239 5300 1467 5371 ἀφεσιν⁹
1501 5303 1646 5365 λύεις
1686 5306 1751 5357 σὺ
1796 5305 1873 5375 τῷ

289 5380 485 5450 πένητι
526 5382 703 5453 λιμδν,
749 5383 958 5445 ἐκεῖνος
989 5383 1044 5436 δέ
1086 5400 1168 5438 σοι
1197 5383 1313 5437 λύει
1345 5382 1438 5437 τοῦ
1469 5386 1604 5439 Θεοῦ
1635 5385 1733 5457 τὴν
1776 5387 1870 5459 69-

287 5466 415 5534 γήν.
468 5465 759 5530 ’Λντίδοσίς
806 5466 890 5529 τίς
919 5467 1034 5520 ἐστι
1069 5468 1163 5522 καὶ
1194 5470 1546 5539 πραγματεία
1577 5471 1712 5525 πολὺ
1767 5471 1870 5541 τῆς

283 5549 534 5620 δαπάνης
595 5550 767 5620 μείζω
827 5549 922 5602 καὶ
979 5552 1398 5624 χρησιμωτέραν
1450 5554 1552 5624 τὴν
1607 5555 1868 5626 πρόσοδον

285 5635 506 5703 ἔχουσα.
552 5633 618 5686 Ἦ
672 5633 770 5703 μὲν
819 5631 925 5703 γὰρ
966 5632 1182 5704 δαπάνη
1215 5637 1272 5687 ἐν
1325 5639 1567 5707 χρήμασι
1621 5641 1865 5706 γίνεται·

285 5718 321 5786 ἡ
349 5715 611 5787 πρόσοδος
659 5717 717 5770 δέ
759 5717 860 5770 οὐκ
887 5717 969 5769 ἔτι
1012 5718 1069 5770 ἐν
1096 5718 1342 5789 χρήμασι
1382 5721 1563 5786 μόνον,
1597 5722 1735 5777 ἀλλά
1774 5725 1869 5780 καὶ
1923 5769 1929 5776 .

335 5893 358 5920 ³³
379 5888 490 5941 Duo
516 5903 614 5940 mss
645 5890 935 5952 ἐνθυμήθητι.

932 368 1018 422 DE
1057 367 1302 422 VERBIS
1343 365 1695 422 APOSTOLI.
1739 363 2104 417 ιιΑιιΕΝτιςς
2146 361 2433 418 EUMDEM
2477 357 2823 415 SPIRITUM.
2874 355 2937 409 Ιῐ.

3472 366 3582 421 280

2000 476 2056 526 ἐν
2089 475 2506 547 ἁμαρτημάτων
2528 473 2744 544 ἀφέσει,
2781 476 2873 529 καὶ
2899 477 3181 550 παρρησίᾳ
3218 481 3285 550 τῇ
3323 480 3458 552 πρὸς
3488 486 3581 538 τὸν

1997 560 2150 625 Θεὸν,
2188 559 2286 613 καὶ
2323 558 2571 629 βασιλείᾳ.
2599 559 2707 610 τῶν
2757 559 3034 630 οὐρανῶν,
3082 563 3177 615 καὶ
3209 566 3276 634 τῇ
3308 565 3416 617 τῶν
3443 567 3582 635 ἀγα-

1999 645 2106 697 θῶν
2156 646 2477 706 ἀπολαύσει,
2516 643 2552 698 ἀ
2603 645 2741 714 μήτε
2777 644 3054 715 ὀφθαλμὸς
3102 643 3233 711 εἶδε,
3294 652 3434 722 μήτε
3487 647 3582 716 οῦς

1997 731 2219 799 ἢκουσε,
2257 733 2393 800 μήτε
2425 730 2518 782 ἐπὶ
2547 728 2777 798 καρδίαν
2807 729 3094 799 ἀνθρώπου
3119 733 3306 804 ἀνέϐη.
3340 735 3464 798 Πῶς
3487 730 3581 789 οῦν

1996 811 2097 864 οὐκ
2129 812 2349 876 ἄτοπον,
2385 813 2512 873 τοὺς
2565 811 2664 882 μὲν
2701 811 2979 881 ἐμπόρους
3025 814 3254 884 μηδενὸς
3304 815 3578 884 φείδεσθαι

1995 893 2105 946 τῶν
2135 895 2326 958 ὄντων,
2371 896 2465 948 καὶ
2497 895 2670 948 ταῦτα
2703 895 2801 963 οὐχ
2831 895 3026 965 ἐτέρας
3052 896 3198 958 τινὸς
3236 898 3577 968 καινοτέρας,

1996 978 2112 1031 ἀλλ’
2139 980 2332 1048 ὁμοίας
2361 982 2427 1050 τῇ
2459 979 2663 1050 ἐνθήκῃ
2695 979 2793 1047 τῆς
2832 980 3102 1050 ἐμπορίας
3130 981 3313 1034 αὐτῶν
3353 981 3579 1053 μελλού-

1998 1077 2098 1130 σης
2146 1061 2400 1114 ἔσεσθαι·
2452 1063 2602 1131 ημᾶς
2654 1063 2710 1115 δὲ
2757 1061 2844 1115 διὰ
2875 1062 3129 1130 φθαρτῶν
3168 1065 3265 1118 καὶ
3300 1065 3580 1136 ἐπικήρων

1995 1144 2116 1212 οὐχὶ
2150 1143 2362 1215 φθαρτὰ
2386 1145 2480 1197 καὶ
2508 1145 2769 1215 ἐπίκηρα,
2801 1144 2916 1198 ἀλλ’
2941 1145 3192 1217 ἄφθαρτα
3215 1147 3307 1198 καὶ
3335 1146 3584 1200 ἀθάνατα

1998 1226 2336 1296 καρποῦσθαι
2372 1227 2663 1296 μέλλοντας
2690 1227 2889 1295 ἀγαθά,
2919 1229 3053 1298 μηδὲ
3103 1228 3203 1295 τήν
3232 1228 3401 1300 αὐτὴν
3431 1228 3579 1282 ἐκεί-

1997 1325 2110 1370 νοις
2164 1310 2476 1380 φιλοτιμίαν
2516 1311 2645 1382 περὶ
2686 1310 2756 1364 τά
2797 1310 2927 1363 ὄντα
2974 1311 3416 1377 ἐπιδείκνυσθαις
3463 1312 3579 1384 Μή,

1996 1389 2234 1459 ἀδελφοὶ,
2268 1393 2342 1464 μὴ
2377 1392 2521 1446 οὕτω
2547 1393 2734 1457 κακῶς
2761 1394 2889 1464 περὶ
2921 1393 3022 1464 τῆς
3067 1395 3278 1447 ἑαυτῶν
3310 1394 3580 1464 βουλευώο

1999 1473 2140 1542 μεθα
2178 1475 2494 1546 σωτηρίας·
2539 1476 2677 1529 ἀλλά
2722 1477 2784 1529 τὸ
2823 1475 3175 1547 παράδειγμα
3215 1477 3326 1530 τῶν
3372 1477 3581 1549 παρθέ-
3667 1540 3680 1555 .

1995 1572 2102 1610 νων
2147 1557 2372 1626 εἰδότες,
2409 1559 2663 1623 καὶτοὺς
2715 1561 2794 1623 είς
2841 1559 2902 1612 τὸ
2956 1558 3068 1630 πῦρ
3107 1559 3490 1630 ἀπαγομένους
3520 1559 3583 1614 τδ

1995 1641 2397 1710 ἡτοιμασμένον
2425 1641 2503 1711 τῷ
2551 1640 2781 1710 διαϐόλῳ
2825 1643 3054 1704 καὶτοῖς
3105 1643 3358 1710 ἀγγέλοις
3391 1643 3580 1703 αὑτοῦ,

1997 1723 2184 1794 ἐπειδὴ
2209 1723 2284 1794 μὴ
2311 1723 2565 1794 ἔθρεψαν,
2588 1726 2724 1796 μηδέ
2752 1725 3010 1779 ἐπότισαν
3031 1726 3122 1780 τὸν
3153 1727 3408 1798 Χριστὸν.
3450 1743 3584 1784 κατ-

1997 1805 2212 1876 έχωμεν
2231 1807 2326 1860 τοῦ
2359 1807 2678 1878 Πνεύματος
2710 1809 2770 1861 τὸ
2797 1809 2908 1880 πῦρ
2938 1809 3027 1862 διὰ
3054 1809 3465 1879 φιλανθρωπίας
3485 1810 3582 1867 δας

1994 1887 2184 1958 ψιλοῦς
2216 1890 2312 1947 καλ⁸
2337 1891 2739 1966 ἐπιτεταμένης
2786 1892 3190 1964 ἐλεημοσύνης,
3227 1895 3316 1946 ἵνα
3346 1895 3418 1964 μή
3452 1893 3584 1964 περὶ

1995 1971 2092 2043 τήν
2124 1971 2305 2026 πίστιν
2324 1975 2747 2046 ναυαγήσωμεν.
2796 1976 2859 2028 Ἦ
2892 1977 2990 2045 μὲν
3015 1976 3123 2044 γὰρ
3153 1977 3336 2041 πίστις
3355 1977 3457 2046 τῆς
3487 1974 3583 2036 τοῦ

1996 2055 2316 2126 Πνεύματος
2340 2055 2513 2111 δεῖται
2545 2057 2800 2128 βοηθείας
2827 2060 2924 2112 καὶ⁹
2956 2059 3058 2130 τῆς
3091 2062 3439 2131 παραμονῆς,
3495 2059 3585 2114 ἵνα

1993 2141 2242 2203 ἆσειστος
2268 2140 2405 2212 μένῃ
2431 2159 2441 2169 ·
2466 2142 2500 2211 ἡ
2531 2141 2587 2194 δέ
2623 2141 2715 2194 τοῦ
2745 2140 3065 2210 Πνεύματος
3091 2140 3315 2212 βοήθεια
3339 2140 3427 2195 διὰ
3463 2142 3581 2212 βίου

1994 2222 2233 2294 καθαροῦ
2261 2223 2354 2277 καὶ
2381 2223 2658 2287 πολιτείας
2693 2223 2922 2294 ἀρίστης
2948 2225 3079 2294 ἡμῖν
3107 2224 3296 2277 εἴωθεν
3332 2226 3582 2295 παραμέ-

1991 2325 2126 2362 νειν.
2164 2308 2327 2361 Ὥστε
2355 2309 2403 2360 εί
2435 2307 2724 2379 μέλλοιμεν
2765 2307 3143 2378 ἐρριζωμένην
3175 2308 3320 2379 ἔχειν
3355 2309 3452 2380 τὴν
3491 2309 3582 2362 πί,

1995 2408 2133 2454 στιν,
2190 2391 2467 2454 πολιτείας
2515 2392 2646 2462 ἡμῖν
2687 2392 2770 2445 δεῖ
2803 2390 3053 2462 καθαρᾶς
3100 2391 3198 2463 τῆς
3243 2393 3303 2445 τὸ
3355 2393 3584 2465 Πνεύμα

1992 2473 2285 2544 πειθούσης
2326 2474 2509 2545 μένειν
2538 2475 2631 2528 καὶ
2665 2473 2913 2545 συνέχειν
2943 2475 3159 2544 ἐκείνης
3189 2477 3285 2545 τὴν
3325 2476 3578 2547 δύναμιν.

1991 2559 2065 2610 Οὐ
2093 2562 2202 2630 γὰρ
2236 2557 2401 2619 ἔστιν,
2433 2557 2534 2612 οὐκ
2582 2555 2697 2611 ἔστι
2743 2558 2856 2626 βίον
2890 2557 3199 2629 ἀκάθαρτον
3248 2559 3461 2628 ἔχοντα,
3502 2561 3577 2632 μὴ

1991 2641 2088 2693 καὶ
2117 2641 2245 2711 περὶ
2265 2640 2365 2710 τὴν
2387 2640 2571 2694 πίστιν
2593 2639 2933 2694 σαλεύεσθαι.

2065 2731 2117 2778 ι’.
2157 2726 2221 2777 OE
2263 2723 2393 2793 γοῦν
2445 2724 2573 2794 περὶ
2620 2725 2963 2795 εἱμαρμένης
3001 2725 3319 2796 ληροῦντες,
3373 2727 3467 2780 καὶ
3499 2727 3579 2796 τῷ

1992 2807 2328 2879 σωτηριώδει
2353 2809 2452 2878 τῆς
2476 2808 2825 2870 ἀναστάσεως
2854 2808 3264 2874 διαπιστοῦντες
3284 2809 3447 2881 λόγῳ,
3467 2812 3578 2864 ἀπὸ

1993 2890 2293 2953 συνειδότος
2345 2889 2582 2960 πονηροῦ
2617 2890 2712 2944 καὶ
2751 2887 3003 2960 πράξεων
3032 2892 3444 2963 διεφθαρμένων
3485 2896 3578 2951 ἐπὶ

1987 2975 2049 3028 τὸ
2097 2973 2372 3046 βάραθρον
2405 2974 2508 3043 τῆς
2551 2974 2810 3038 ἀπιστίας
2858 2976 3065 3046 ταύτης
3112 2977 3434 3029 κατέπεσον.
3468 2979 3579 3031 Καὶ

1989 3057 2243 3128 καθάπερ
2279 3059 2328 3111 οί
2365 3057 2730 3126 πορέττοντες
2764 3056 3077 3127 βουλόμενοι
3115 3058 3176 3114 τὸ
3223 3060 3414 3126 πνῖγος
3441 3059 3579 3113 ἀποι-

1986 3138 2329 3204 τινάξασθαι,
2369 3139 2512 3192 κατά
2539 3139 2766 3210 ψυχρῶν
2792 3140 3021 3204 ἑαυτοὺς
3058 3139 3318 3205 πολλάκις
3347 3141 3579 3213 ἔρριψαν

1989 3223 2218 3285 ὑδάτων,
2244 3222 2338 3275 καὶ
2367 3221 2504 3292 πρὸς
2522 3222 2698 3293 βραχὺ
2730 3223 3260 3294 παραμυθησάμενοι
3282 3225 3378 3295 τήν
3399 3227 3574 3290 νόσον,

1986 3305 2379 3376 χαλεπωτέραν
2435 3304 2660 3376 ὓστερον
2710 3306 2924 3374 ἀνῆψαν
2956 3307 3056 3377 τὴν
3087 3307 3263 3376 φλόγα
3283 3324 3295 3337 ·
3335 3308 3478 3366 οὕτω
3510 3311 3574 3381 δὴ

1985 3389 2083 3443 καὶ
2122 3389 2171 3440 οί
2200 3386 2423 3458 πονηρῷ
2466 3388 2814 3458 συνεχόμενοι
2847 3388 3130 3453 συνειδότι,
3167 3385 3285 3449 εἶτα
3317 3409 3576 3462 παραμυο

1987 3471 2108 3524 θίαν
2170 3469 2460 3540 ζητοῦντες
2495 3470 2679 3542 εὑρεῖν
2715 3471 2809 3524 καὶ
2867 3471 2941 3542 μὴ
2975 3470 3288 3542 βουλόμενοι
3315 3475 3576 3546 μετανοίᾳ

1983 3553 2054 3608 τὰ
2092 3554 2468 3624 ἁμαρτήματα
2498 3552 2892 3622 ἀπονίψασθαι,
2944 3553 3043 3624 τὴν
3092 3555 3192 3625 τῆς
3229 3558 3575 3629 εἱμαρμένης

1984 3638 2354 3706 ἐπεισήγαγον
2403 3635 2717 3706 τυραννίδα,
2775 3636 2870 3689 καὶ
2909 3635 3008 3707 τὴν
3053 3637 3154 3707 τῆς
3221 3639 3574 3704 ἀναστάσεως

1983 3721 2261 3776 ἀπιστίαν.
2297 3720 2396 3773 Διά
2419 3717 2575 3772 τοῦτο
2597 3718 2833 3772 ἐνταῦθα
2856 3721 3086 3784 ἑαυτοὺς
3118 3722 3206 3776 διὰ
3225 3722 3334 3774 τῶν
3349 3722 3573 3794 ψυχρῶν

1983 3801 2257 3873 λογισμῶν
2283 3805 2418 3872 πρὸς
2445 3801 2620 3872 βραχὺ
2651 3801 3207 3873 παραμυθησάμενοι,
3233 3805 3454 3874 μείζονα
3469 3807 3572 3877 τῆς

1983 3885 2210 3956 γεέννης
2228 3885 2524 3956 ἀνάψουσιν
2542 3887 2754 3948 ἑαυτοῖς
2771 3884 2869 3956 τὴν
2899 3885 3095 3954 φλόγα,
3136 3886 3265 3939 ὅταν
3287 3889 3571 3959 γενόμενοι

1985 3967 2368 4039 ρᾳθυμότεροι,
2401 3962 2520 4021 εἶτα
2555 3966 2884 4031 ἀπελθόντες
2935 3969 3051 4025 ἐκεῖ
3108 3968 3411 4024 θεάσωνται
3460 3971 3570 4027 τῶν

1984 4052 2196 4114 ἑαυτοῖς
2243 4049 2796 4124 πεπλημμελημένων
2848 4051 3080 4110 ἕκαστον
3135 4052 3298 4105 αὑτὸν
3358 4054 3572 4109 διδόντα

1983 4133 2230 4196 εὐθύνας.
2266 4134 2377 4186 Καὶ
2401 4133 2487 4186 ἵνα
2516 4133 2725 4204 μάθητε
2747 4134 2830 4186 ὅτι
2859 4133 3017 4186 τοῦτό
3051 4135 3198 4187 ἐστιν
3225 4135 3444 4207 ἀληθὲς,
3475 4140 3571 4196 καὶ

1983 4215 2211 4286 πράξεις
2246 4217 2484 4288 πονηραὶ
2511 4218 2576 4286 τῇ
2619 4216 2718 4286 τῆς
2760 4216 3000 4279 πίστεως
3025 4216 3377 4288 λυμαίνονται
3409 4223 3569 4294 στερ-

1987 4301 2193 4370 ρότητι,
2229 4299 2462 4356 ἄκουσον
2485 4299 2536 4351 τί
2566 4315 2732 4368 φησιν
2760 4299 2788 4351 ό
2819 4299 3033 4362 Παῦλος
3049 4299 3126 4372 τῷ
3147 4301 3396 4372 Τιμοθέῳ
3419 4301 3566 4374 [269]

1983 4383 2211 4454 γράφων
2230 4399 2243 4414 ο
2285 4383 2409 4437 Ἵνα
2434 4382 2804 4450 στρατεύσῃ,
2832 4383 2984 4451 φησὶ,
3015 4381 3133 4448 τὴν
3158 4382 3360 4450 καλὴν
3386 4399 3570 4453 στρα-

1983 4467 2169 4531 τείαν,
2195 4465 2352 4533 ἔχων
2368 4466 2580 4517 πίστιν
2605 4463 2706 4516 καί
2769 4463 3006 4532 ἀγαθὴν
3032 4463 3396 4530 συνείδησιν
3424 4467 3476 4535 (ἡ
3509 4465 3565 4522 δὲ

1983 4548 2163 4618 ἀγαθὴ
2235 4547 2536 4617 συνείδησις
2592 4547 2701 4600 ἀπὸ
2755 4547 2872 4614 βίου
2935 4547 3029 4598 καὶ
3079 4547 3333 4618 πράξεων
3386 4549 3566 4619 ὀρθῶν

1982 4631 2178 4700 γένοιτ’
2208 4630 2294 4701 ἀν)
2319 4647 2332 4661 ·
2365 4630 2446 4697 ἢν
2498 4647 2658 4700 τινες
2690 4628 3078 4698 ἀπωσάμενοι
3098 4670 3113 4695 ,
3159 4632 3294 4700 περὶ
3325 4633 3440 4700 τὴν
3470 4635 3567 4688 πί-

1981 4731 2142 4780 στιν,
2198 4715 2382 4784 φησὶν,
2439 4712 2846 4783 ἐναυάγησαν.
2901 4714 3012 4772 Καὶ
3067 4715 3228 4768 πάλιν
3285 4715 3518 4788 ἀλλαχοῦ
3547 4735 3562 4751 ο

1993 4797 2147 4860 Ῥίζα
2165 4796 2408 4851 πάντων
2441 4793 2561 4849 τῶν
2581 4793 2783 4850 κακῶν
2815 4796 2987 4849 ἐστιν
3015 4799 3052 4866 ἡ
3082 4801 3464 4868 φιλαργυρία,
3488 4798 3566 4874 ἧς

1981 4899 2141 4946 τινες
2171 4880 2511 4950 ὀρεγόμενοι
2544 4878 3071 4947 ἀπεπλανήθησαν
3112 4881 3222 4950 τῆς
3279 4885 3563 4952 πίστεως.

1981 4962 2136 5028 Εἶδες
2163 4964 2246 5016 ὅτι
2289 4964 2534 5018 κάκεῖνοι
2580 4962 2927 5032 ἐναυάγησαν
2969 4962 3059 5018 διά
3085 4964 3265 5031 τοῦτο,
3291 4967 3388 5019 καὶ⁵
3417 4965 3563 5022 οὗτοι

1978 5048 2064 5101 διά
2091 5048 2249 5100 τοῦτο
2278 5046 2774 5123 ἀπεπλανήθησαν,
2799 5046 2989 5120 ἐπειδὴ
3017 5048 3067 5106 οἱ
3100 5049 3198 5118 μὲν
3219 5051 3318 5121 τὴν
3348 5051 3562 5123 ἀγαθὴν

1981 5129 2282 5199 συνείδησιν
2339 5127 2660 5192 ἀπώσαντο,
2717 5121 2864 5184 οὗτοι
2919 5130 2977 5189 δὲ
3031 5131 3130 5202 τῆς
3201 5121 3563 5205 φιλαργυρίας

1978 5211 2335 5274 ἐπελάϐοντο;
2371 5212 2551 5284 ’Ἃπερ
2591 5213 2806 5266 ἅπαντα
2831 5213 3181 5285 λογισάμενοι
3210 5213 3238 5252 ι’
3259 5217 3375 5283 μετ’
3402 5217 3563 5287 ἀκρι-

1976 5294 2149 5360 ϐείας,
2170 5294 2559 5365 ἐπιμελώμεθα
2589 5295 2861 5358 πολιτείας
2887 5297 3134 5368 ἀρίστης,
3150 5295 3289 5348 ὥστε
3305 5297 3560 5363 γενέσθαι

1973 5377 2193 5433 διπλοῦν
2227 5379 2358 5447 ἡμῖν
2391 5377 2483 5430 τὸν
2519 5377 2729 5447 μισθὸν.
2765 5377 2861 5430 ἕνα
2911 5377 3031 5446 μὲν,
3074 5377 3165 5427 τὸν
3205 5377 3269 5429 ἐκ
3309 5378 3408 5448 τῆς
3450 5380 3559 5436 τῶν

1973 5460 2150 5532 ἔργων
2174 5460 2407 5530 ἀμοιϐῆς
2431 5456 2850 5530 ἡτοιμασμένον,
2885 5458 3070 5527 ἕτερον
3094 5457 3169 5521 δὲ,
3199 5458 3292 5511 τὸν
3336 5461 3402 5512 ἐκ
3458 5465 3557 5534 τῆς

1973 5544 2116 5598 κατά
2143 5543 2325 5597 πίστιν
2361 5542 2740 5614 στερρότητος.
2789 5541 2969 5610 Ὅπερ
2994 5541 3103 5610 γάρ
3124 5541 3273 5598 ἐστιν
3312 5545 3344 5612 ἡ
3375 5544 3552 5619 τροφὴ

1971 5629 2049 5698 τῷ
2084 5627 2315 5696 σώματι,
2333 5624 2490 5677 τοῦτο
2517 5627 2550 5693 ἠ
2587 5623 2831 5676 πολιτεία
2859 5625 2924 5693 τῇ
2945 5622 3124 5675 πίστει
3144 5639 3159 5654 ο
3188 5625 3283 5677 καὶ
3304 5625 3554 5698 καθάπερ

1973 5714 2006 5780 ἡ
2044 5709 2144 5780 τῆς
2180 5707 2380 5778 σαρκὸς
2415 5703 2574 5774 φύσις
2610 5705 2711 5777 τῆς
2743 5704 3038 5774 ’ἡμετέρας
3070 5705 3170 5760 οὐκ
3217 5707 3284 5760 ἂν
3333 5707 3558 5784 διακριιρ

2033 5887 2061 5930 ιδ
2074 5888 2179 5938 Duo
2198 5898 2311 5937 mss.
2330 5881 2636 5947 λογιζόμενοι.
