4006 6420
459 346 568 403 283

461 457 754 528 perfectius.
778 487 850 500 -—
875 455 1058 530 Itaque
1076 463 1294 516 nomine
1321 471 1525 517 tantum
1551 463 1690 518 inter
1715 478 1773 518 se
1800 463 2056 519 diﬂ‘eruut

461 546 830 614 Testamenta,
861 558 917 608 at
945 566 1052 606 non
1094 564 1350 621 pugnant,
1383 570 1558 624 neque
1600 563 1725 610 sunt
1765 558 2056 612 contraria.

470 638 637 694 Vetus
660 639 804 694 enim
825 655 888 694 ex
913 655 1054 696 novo
1090 643 1148 697 tit
1174 653 1359 708 vetus;
1389 645 1492 700 hoc
1521 655 1700 700 autem
1731 661 1836 701 non
1867 662 2059 718 pugute

463 737 546 783 est
583 744 758 799 neque
773 731 1188 799 contrarietatis,
1212 733 1304 788 8rd
1330 733 1648 790 differentia:
1682 738 1913 791 nominis
1944 747 2060 792 tan-

470 821 768 876 tummodo.
821 822 934 892 Ego
975 834 1154 878 autem
1180 826 1342 892 addo,
1371 828 1513 897 quod
1540 829 1750 884 etiamsi
1777 830 2060 885 contraria:

465 922 650 968 essent
694 914 837 986 leges
871 915 1077 972 Veteris
1129 918 1336 988 legibus
1389 921 1544 987 Novi,
1592 937 1958 978 asseverarem
1994 940 2061 978 ne

464 1003 544 1058 sic
577 1003 792 1074 quidem
828 1007 989 1062 alium
1018 1009 1183 1064 Deum
1215 1009 1382 1067 fuisse
1419 1013 1965 1080 superinduccmlum.
2005 1015 2060 1070 Si

465 1093 611 1148 enim
641 1095 833 1152 eodem
866 1107 1128 1169 tempore,
1161 1101 1365 1158 eisdem
1398 1103 1727 1168 hominibus,
1759 1105 1811 1160 in
1858 1104 2060 1159 eisdem

469 1183 633 1239 rebus
671 1189 1030 1255 versantibus,
1061 1192 1248 1248 eadem
1278 1194 1460 1248 munia
1483 1196 1828 1264 abeuntibus,
1848 1207 2062 1250 contra-

469 1274 580 1330 rias
605 1276 752 1348 leges
779 1280 1076 1348 statuisset,
1108 1285 1371 1340 rationem
1420 1286 1662 1341 fortassis
1705 1287 1940 1358 aliquam
1973 1289 2066 1340 ha-

471 1366 600 1424 bere
645 1372 906 1440 potuisset
949 1387 1315 1432 eonunentum
1368 1378 1604 1449 ipsorum
1638 1397 1652 1433 :
1684 1379 1826 1451 quod
1858 1381 1902 1436 si
1944 1380 2066 1435 aliis

470 1459 598 1526 ilhc,
629 1462 748 1519 aliis
783 1464 865 1520 ha:
912 1468 1128 1538 scripta:
1171 1480 1318 1537 sunt,
1350 1472 1458 1526 alio
1509 1482 1752 1543 tempore
1800 1473 1928 1538 illis.
1959 1474 2066 1529 alio

467 1552 575 1618 his,
605 1553 763 1610 aliter
801 1571 864 1613 se
903 1558 1223 1616 habentibus
1252 1561 1361 1617 illis
1401 1563 1727 1630 hominibus,
1761 1564 1915 1620 aliter
1957 1563 2063 1632 his,

470 1641 598 1710 quid
649 1660 872 1703 necesse
901 1657 988 1704 est
1037 1661 1255 1723 propter
1306 1654 1480 1724 legum
1529 1653 2068 1727 ditl'erentiam‘duos

469 1737 776 1792 contrarios
827 1740 1164 1810 lcgislatores
1211 1744 1513 1802 inducere?
1558 1745 1820 1814 Equidem
1869 1747 2068 1806 nullam

475 1831 849 1886 necessitatem
902 1833 1056 1890 video
1088 1854 1101 1890 :
1145 1837 1244 1907 ipsi
1274 1838 1570 1912 proferant,
1608 1841 1654 1894 si
1701 1839 1897 1901 habent
1927 1839 2068 1911 quod

474 1918 654 1975 dicant
690 1939 704 1976 :
745 1923 841 1978 sed
889 1925 1020 1981 nihil
1055 1927 1253 1984 habere
1297 1939 1539 2001 possunt.
1587 1931 1827 2003 Namque
1855 1942 1910 1987 et
1955 1947 2070 1986 me-

476 2009 630 2066 dicus
667 2028 1041 2084 smpenumero
1089 2021 1252 2075 multa
1302 2023 1572 2078 contraria
1621 2023 1765 2088 facit,
1817 2025 1910 2078 sed
1965 2040 2068 2078 non

473 2105 744 2160 contraria
774 2108 1001 2175 ratione,
1032 2109 1140 2166 imo
1163 2113 1350 2169 eadem
1381 2123 1436 2170 et
1463 2117 1838 2178 conveniente,
1860 2116 2070 2172 Etenim

475 2195 582 2250 ttrit
617 2207 671 2251 et
711 2213 816 2253 non
863 2204 986 2266 urit.
1029 2212 1178 2258 sec.tt
1205 2214 1258 2259 et
1289 2221 1393 2265 non
1425 2217 1572 2262 secat
1617 2224 1782 2269 unum
1812 2219 1866 2264 et
1921 2209 2064 2263 idem

473 2299 671 2357 corpus
701 2306 716 2342 :
749 2305 889 2346 nunc
924 2307 1130 2358 amara,
1174 2310 1316 2354 nunc
1345 2297 1520 2351 dulcia
1562 2297 1850 2367 pharmaca
1895 2297 1962 2352 ad
1994 2297 2074 2355 hi-

476 2378 706 2435 bendmn
727 2381 923 2438 offert:
951 2394 1005 2440 et
1035 2386 1160 2442 facit
1181 2387 1398 2461 quidem
1419 2390 1717 2456 contraria,
1743 2390 1837 2446 sed
1864 2391 2074 2447 ratione

477 2471 636 2526 simili
663 2483 825 2545 atque
863 2476 1052 2533 eadem
1083 2497 1098 2533 :
1132 2496 1296 2540 unum
1336 2481 1480 2538 enim
1525 2481 1689 2543 tinem
1733 2493 1961 2556 spectat,
1995 2483 2077 2538 ni-

479 2563 673 2619 mirum
704 2566 832 2637 :egri
873 2568 1180 2626 sanitatem.
1225 2572 1420 2631 Annon
1464 2574 1625 2644 igitur
1665 2573 1956 2633 absurdum
1993 2583 2079 2630 est

478 2654 745 2711 medicum
767 2659 983 2727 quidem
1017 2678 1123 2716 non
1156 2663 1426 2730 incusare,
1446 2663 1588 2735 quod
1619 2665 1784 2720 multa
1806 2666 2074 2720 contraria

479 2745 638 2807 faciat
660 2749 803 2805 circa
831 2751 990 2806 unius
1010 2755 1252 2824 corporis
1276 2764 1545 2822 naturam,
1569 2754 1738 2810 Deum
1761 2767 1940 2814 autem
1969 2755 2076 2810 cri-

482 2840 675 2899 minari
723 2841 864 2918 quod
908 2842 1124 2900 diverso
1178 2855 1442 2918 tempore.
1486 2845 1715 2906 diversis
1745 2845 2073 2917 hominibus,

485 2928 700 2986 diversa
732 2933 978 2988 mandata
1006 2935 1256 2991 dederit?

553 3021 609 3077 3.
653 3022 1088 3082 Demonstratum
1133 3038 1216 3085 est
1265 3029 1427 3100 igitur
1457 3045 1564 3084 non
1614 3029 1781 3090 fuisse
1825 3030 2080 3090 incusan-

486 3113 634 3179 dmn,
669 3115 883 3172 etiamsi
937 3120 1082 3190 leges
1130 3121 1270 3175 inter
1310 3137 1368 3177 se
1399 3122 1627 3178 fuissent
1666 3125 1950 3180 contraria:
1977 3142 1991 3176 :
2022 3135 2080 3180 ut

483 3217 662 3267 autem
711 3209 947 3268 sciamus
997 3228 1105 3268 non
1155 3227 1278 3270 eSse
1324 3215 1646 3281 contrarias,
1695 3215 1791 3271 sed
1840 3215 2080 3274 diversas

484 3310 723 3371 tantum,
772 3319 872 3375 age
929 3305 1071 3380 ipsas
1122 3305 1268 3377 leges
1319 3308 1371 3362 in
1415 3307 1653 3368 medium
1700 3308 2077 3382 producamus.

482 3395 732 3464 Audistis,
753 3396 942 3469 inquit,
973 3401 1110 3476 quod
1129 3400 1320 3458 dictum
1341 3402 1408 3459 sit
1437 3403 1679 3470 antiquis,
1711 3401 1834 3456 Non
1861 3403 2078 3458 occides.

482 3487 612 3548 llzec
658 3490 743 3545 lex
789 3500 873 3549 est
924 3502 1119 3560 vetus;
1171 3493 1444 3548 videmnus
1493 3509 1634 3550 nunc
1681 3509 1874 3548 novam
1911 3513 1925 3554 :
1966 3493 2079 3564 Ego

481 3591 652 3637 autem
695 3583 810 3637 dico
854 3585 1009 3649 vobis,
1050 3586 1352 3660 quicumque
1401 3585 1638 3640 irascitur
1683 3587 1835 3658 fratri
1875 3603 1970 3641 suo
2011 3597 2081 3640 le-

484 3694 641 3745 mere,
692 3695 808 3733 reus
859 3688 934 3734 est
980 3680 1225 3751 gehennae
1268 3681 1400 3753 ignis
1449 3679 1661 3752 (Matth.
1716 3681 1770 3736 5.
1817 3679 1909 3741 2i.
1961 3679 2076 3749 22).

484 3769 734 3827 ll.eccine
756 3781 899 3837 sunt,
928 3772 1174 3839 obsecro,
1211 3774 1478 3833 contraria
1510 3772 1798 3828 mandata?
1845 3772 1914 3827 Et
1961 3773 2082 3843 quis

486 3859 590 3916 hoc
633 3861 837 3919 diceret
884 3865 1210 3931 mortalium,
1241 3864 1402 3920 modo
1448 3865 1670 3924 rationis
1711 3864 1971 3936 compos?
2023 3863 2080 3918 Si

485 3953 628 4008 enim
654 3954 831 4024 priore
871 3955 986 4025 lege
1016 3965 1230 4012 vetante
1253 3956 1521 4020 occidere,
1552 3955 1818 4025 posterior
1839 3955 2077 4024 iuberet,

485 4045 712 4106 fortasse
722 4047 917 4124 aliquis
929 4049 980 4102 in
1000 4048 1084 4110 his
1101 4063 1184 4103 vet
1197 4047 1466 4118 hislegum
1485 4063 1712 4118 pugnam
1726 4063 1845 4102 esse
1855 4046 2077 4104 diceret:

486 4153 631 4194 nunc
668 4154 790 4192 cum
840 4139 928 4192 illa
949 4139 1172 4208 iubente
1218 4155 1326 4193 non
1374 4140 1641 4205 occidere,
1691 4138 1982 4207 hmcjubet
2013 4153 2082 4193 ne

487 4230 643 4291 irasci
671 4229 906 4299 quidem,
931 4241 1158 4300 augetur
1180 4232 1329 4300 prius
1358 4229 1688 4292 mandatum,
1719 4247 1824 4283 non
1861 4229 2081 4283 affertur

486 4326 864 4381 contrarium:
906 4323 994 4378 illa
1023 4323 1165 4378 enim
1207 4323 1434 4377 fructum
1478 4321 1693 4376 malitia:
1732 4330 1960 4385 resecat,
1997 4321 2079 4375 vi-

485 4414 675 4471 delicet
697 4420 898 4471 aedem
929 4433 941 4470 :
973 4414 1088 4470 ha-c
1109 4430 1236 4469 vero
1256 4414 1414 4470 etiam
1438 4414 1667 4469 radicem
1693 4413 1860 4490 ipsam
1881 4414 2078 4484 evellit,

485 4508 738 4569 nimirum
767 4508 1094 4565 iracundiam
1128 4526 1141 4562 :
1175 4509 1262 4562 illa
1293 4507 1466 4562 rivum
1494 4506 1783 4572 tollitvitii,
1819 4505 1931 4560 hmc
1960 4505 2078 4561 fon-

489 4609 596 4662 tem
645 4599 816 4670 ipsum
867 4601 1120 4660 exsiccat.
1179 4599 1322 4655 Fons
1364 4601 1506 4654 enim
1535 4609 1588 4652 et
1616 4598 1764 4653 radix
1807 4599 1971 4653 ezedis
2001 4607 2084 4654 est

487 4689 638 4749 turor
679 4698 735 4742 et
777 4689 1069 4751 iracundia.
1104 4689 1193 4749 Illa
1226 4691 1310 4744 lex
1342 4696 1585 4752 naturam
1633 4699 1870 4745 nostram
1901 4698 2080 4759 poste-

489 4779 618 4834 riori
673 4781 993 4848 paratiorem
1035 4781 1298 4843 reddidit.
1352 4781 1466 4836 hzrc
1511 4783 1894 4854 superveniens
1941 4780 2082 4854 quod

491 4871 897 4933 desiderabatur
944 4874 1230 4943 supplevit.
1265 4873 1519 4949 Quaenam
1565 4873 1681 4931 lucc
1733 4881 1819 4928 est.
1863 4883 2081 4934 contm-

493 4963 673 5024 rictas,
706 4963 834 5021 dum
883 4979 984 5022 una
1017 4965 1176 5025 linem
1223 4965 1505 5029 malorum,
1537 4965 1703 5020 altera
1749 4980 1877 5020 vero
1920 4965 2080 5019 etiam

493 5055 811 5125 principium
839 5055 1136 5125 exstirpat?
1179 5055 1270 5110 Illa
1299 5072 1512 5114 manum
1543 5072 1726 5127 puram
1756 5055 1878 5111 facit
1903 5071 1933 5111 a
1953 5073 2080 5111 sau-

491 5147 669 5217 guine,
701 5147 816 5202 ha-c
843 5155 1076 5202 mentem
1105 5150 1265 5206 etiam
1293 5158 1471 5206 servat
1504 5165 1532 5202 a
1569 5151 1708 5203 mala
1736 5150 2075 5221 cogitatione,

493 5238 621 5294 lla-c
639 5251 817 5296 autem
845 5239 1292 5296 consentientium
1315 5247 1440 5295 sunt
1477 5240 1675 5309 legum,
1704 5257 1807 5294 non
1841 5256 2081 5311 pugnau-

491 5331 644 5396 tium,
679 5333 815 5388 sicut
842 5329 1082 5391 veritatis
1125 5330 1325 5384 inimici
1356 5329 1632 5385 adstruere
1660 5340 1942 5398 conantur,
1977 5348 2080 5395 non

489 5423 1004 5486 animadvertentes,
1035 5421 1178 5494 quod
1209 5422 1288 5476 sic
1326 5435 1520 5490 magno
1561 5421 1779 5479 incuria:
1809 5433 1862 5476 et
1903 5425 2081 5495 segni-

499 5516 590 5568 tiei
631 5514 840 5573 crimini
871 5517 1035 5570 Deum
1065 5515 1199 5570 Novi
1244 5513 1573 5569 Testamenti
1619 5513 1876 5582 objiciunt
1900 5534 1912 5568 :
1936 5529 2072 5571 enm.

495 5603 733 5678 perietur
753 5607 896 5658 enim
919 5607 1058 5662 Deus
1083 5608 1222 5676 (quze
1252 5606 1466 5682 quidem
1499 5604 1825 5681 blasphemia
1853 5604 1906 5658 in
1928 5613 2087 5674 caput

496 5691 708 5746 illorum
740 5703 932 5759 vertat,
959 5695 1048 5765 qui
1080 5696 1233 5749 nobis
1271 5696 1383 5750 luec
1421 5693 1670 5764 loquendi
1712 5695 2083 5749 necessitatem

493 5780 811 5853 imponunt)
840 5784 1215 5859 intempestive
1262 5801 1352 5846 res
1401 5797 1612 5847 nostras
1660 5787 2078 5861 dispensavissc.

1177 348 1233 404 S.
1269 349 1547 407 JOANNIS
1582 350 2066 409 CHRYSOSTOMI
2108 352 2424 409 ARCHIEP.
2465 347 3004 408 CONSTANTINOP.

3659 347 3761 402 ω

2165 465 2298 532 Qua:
2328 476 2503 519 autem
2525 463 2666 526 dico,
2697 463 2776 518 sic
2803 462 2952 516 vobis
2975 459 3200 514 clariora
3228 456 3439 514 faciam.
3462 457 3646 513 Laetis
3665 459 3766 512 ali-

2163 565 2346 610 mento
2373 554 2562 607 similis
2587 565 2671 609 est
2702 552 2910 607 Veteris
2949 551 3278 605 Testamenti
3301 549 3574 613 educatio,
3598 549 3770 603 solido

2165 662 2292 700 vero
2315 647 2435 700 cibo
2455 645 2585 700 Novi
2610 644 2942 702 Testamenti
2970 643 3304 714 philosophia
3327 661 3342 696 :
3365 657 3432 697 ac
3459 658 3624 696 nemo
3641 652 3767 697 ante

2166 738 2318 793 lactis
2345 739 2651 792 alimoniam
2693 737 2925 791 solidum
2960 736 3136 791 cibum
3176 735 3414 792 adhibet.
3447 734 3606 804 Quod
3643 737 3766 804 qui-

2165 828 2287 883 dem
2314 827 2446 882 Novi
2478 827 2814 883 Testamenti
2844 828 2985 882 Deus
3013 826 3158 892 fecit,
3181 826 3225 881 si
3253 842 3360 881 non
3391 825 3536 881 idem
3566 833 3651 880 est
3679 826 3766 894 qui

2164 920 2324 975 etiam
2350 919 2513 974 Vetus
2544 918 2778 988 prodidit
2810 936 2825 975 :
2859 919 3004 988 prius
3031 917 3175 973 enim
3209 932 3370 988 quam
3411 916 3555 971 lacte
3601 917 3769 971 nutri-

2167 1021 2270 1078 ret,
2303 1011 2405 1066 hoc
2448 1019 2536 1067 est
2577 1011 2710 1081 legis
2759 1011 3060 1080 disciplina,
3090 1010 3156 1065 ad
3197 1009 3428 1064 solidum
3461 1022 3562 1062 nos
3590 1007 3768 1060 cibum

2166 1104 2407 1158 adduxit.
2439 1103 2554 1158 Non
2584 1103 2741 1173 hujus
2768 1114 2947 1160 autem
2978 1104 3174 1164 solum.
3202 1101 3296 1156 sed
3337 1100 3562 1169 majoris
3607 1099 3767 1158 etiam

2166 1198 2405 1253 criminis
2421 1213 2543 1254 eum
2571 1213 2721 1253 reum
2760 1196 2982 1262 faciunt,
2999 1193 3429 1265 quandoquidem
3454 1203 3576 1264 post
3602 1191 3765 1261 quin-

2168 1289 2321 1358 quies
2357 1287 2502 1342 mille
2543 1288 2760 1342 demum
2805 1302 2996 1353 annos,
3026 1295 3118 1343 aut
3146 1285 3345 1355 plures,
3377 1283 3769 1353 providentiam

2169 1380 2338 1433 nostri
2379 1380 2594 1449 generis
2623 1379 2877 1450 suscepit.
2919 1378 2973 1434 Si
3003 1378 3146 1431 enim
3179 1391 3283 1430 non
3317 1375 3458 1430 idem
3494 1383 3638 1440 erat,
3678 1373 3771 1442 qui

2171 1485 2266 1540 per
2311 1470 2597 1540 prophetas
2635 1479 2695 1526 et
2741 1469 3071 1540 patriarchas
3101 1477 3153 1523 et
3189 1468 3366 1539 justos
3407 1467 3656 1521 homines
3682 1480 3773 1520 res

2171 1570 2386 1616 nostras
2407 1560 2772 1630 dispensabat,
2804 1559 2898 1615 sed
2927 1559 3062 1615 alter
3087 1559 3349 1630 quispiam
3382 1568 3578 1628 pra:ter
3603 1557 3771 1622 hunc,

2170 1667 2296 1707 sero
2319 1651 2608 1706 admodum
2639 1662 2690 1705 et
2715 1653 2865 1706 tarde
2891 1650 3158 1706 videbitur
3186 1650 3351 1703 nostri
3381 1647 3776 1718 providentiam

2172 1759 2476 1819 aggressus,
2504 1743 2655 1815 quasi
2696 1759 2791 1816 per
2815 1753 3183 1801 anteactorum
3213 1741 3578 1811 penitentiam
3605 1739 3672 1793 ad
3711 1753 3776 1792 se

2174 1853 2460 1892 reversus:
2494 1837 2636 1908 quod
2679 1837 2893 1916 quidem
2934 1845 3136 1890 tantum
3180 1835 3334 1889 abest
3358 1850 3388 1888 a
3418 1833 3547 1894 Deo,
3583 1841 3638 1884 ut
3663 1844 3776 1884 nec

2175 1929 2228 1984 iu
2261 1945 2424 1984 unum
2466 1929 2708 1999 quemvis
2748 1929 2906 2000 vulgo
2957 1927 3227 1982 hominem
3279 1932 3562 2001 competat,
3614 1930 3778 1976 tanto

2176 2030 2416 2090 tempore
2464 2031 2568 2076 tam
2613 2021 2796 2076 multis
2844 2019 3019 2090 perire
3064 2017 3356 2088 permissis,
3408 2015 3461 2069 in
3508 2012 3779 2068 extremis

2174 2111 2390 2168 demum
2420 2112 2629 2166 saeculis
2654 2111 2719 2165 ad
2760 2108 3434 2180 paucorum_quorumdam
3480 2103 3780 2175 provideo.

2177 2206 2303 2263 tiam
2332 2219 2394 2259 ac
2422 2219 2603 2260 curam
2645 2202 2922 2259 accedere.
3237 2212 3240 2214 ‘

2248 2297 2301 2352 4.
2347 2295 2494 2352 Unus
2523 2306 2595 2350 est
2644 2297 2901 2364 utriusque
2935 2292 3239 2347 Testamenti
3285 2289 3559 2360 legislator.
3606 2286 3779 2340 Pauli

2179 2387 2552 2452 Samosatensis
2603 2402 2763 2441 error.
2799 2416 2871 2427 ———
2897 2384 3128 2439 Videsne
3166 2383 3379 2453 quantis
3421 2379 3777 2449 hlasphemiis

2180 2481 2350 2536 Deum
2379 2479 2577 2542 faciant
2607 2479 2898 2541 obnoxium
2942 2478 3051 2544 isti,
3080 2477 3170 2546 qui
3217 2476 3377 2530 alimn
3405 2473 3532 2529 Novi
3575 2472 3781 2526 Testa-

2179 2575 2343 2630 menti
2369 2575 2728 2643 legislatorem
2752 2572 2955 2635 dicunt,
2987 2570 3150 2624 alium
3179 2567 3431 2624 Veteris?
3475 2566 3604 2631 Qure
3633 2579 3780 2618 sane

2179 2679 2369 2721 omnes
2412 2673 2762 2729 evanescunt,
2812 2663 2856 2718 si
2905 2677 3068 2718 unum
3121 2661 3395 2727 utriusque
3439 2655 3779 2710 Testamenti

2179 2755 2540 2817 assentiamur
2568 2770 2689 2810 esse
2738 2755 2929 2810 Deum.
2979 2752 3070 2808 Sic
3116 2752 3259 2806 enim
3301 2747 3594 2818 apparebit,
3640 2759 3780 2799 eum

2179 2845 2369 2902 ordine
2393 2855 2447 2900 et
2486 2845 2624 2900 bona
2671 2846 2880 2900 ratione
2921 2859 3009 2898 res
3034 2854 3244 2897 nostras
3280 2840 3608 2908 dispensare,
3640 2843 3783 2890 tunc

2179 2939 2395 3008 quidem
2425 2953 2520 3006 per
2551 2937 2744 3008 legem,
2778 2949 2921 2993 nunc
2945 2943 3122 2988 autem
3162 2947 3255 3002 per
3288 2931 3543 3001 gratiam:
3576 2938 3626 2982 et
3658 2942 3783 2982 non

2180 3044 2391 3096 recens,
2417 3044 2591 3099 neque
2643 3043 2830 3096 nuper,
2862 3025 2956 3081 sed
3008 3025 3118 3095 jam
3172 3023 3294 3078 inde
3341 3023 3409 3076 ab
3455 3021 3600 3075 initio
3627 3028 3685 3074 et
3743 3034 3780 3073 a

2185 3122 2354 3192 prima
2383 3136 2554 3190 usque
2573 3121 2661 3176 die
2691 3129 2872 3175 nostra
2899 3119 3079 3173 omnia
3108 3117 3422 3188 gubernare.
3449 3113 3562 3181 Quo
3586 3120 3783 3166 autem

2183 3212 2351 3281 magis
2401 3226 2588 3266 eorum
2618 3226 2710 3264 ora
2756 3209 3132 3272 ohstruamus,
3165 3222 3261 3277 age
3308 3206 3417 3276 jam
3465 3204 3784 3262 testimonia

2182 3313 2293 3358 tum
2327 3303 2727 3373 prophetarum,
2754 3311 2864 3356 tmn
2893 3300 3256 3371 apostolorum
3287 3299 3628 3359 adducamus,
3651 3295 3783 3350 cla-

2184 3394 2467 3459 mantium,
2490 3409 2652 3448 unum
2679 3408 2798 3448 esse
2839 3393 3115 3461 utriusque
3140 3387 3462 3444 Testamenti
3501 3386 3788 3457 lcgislalo-

2183 3501 2318 3541 rem.
2362 3485 2620 3540 Procedat
2667 3485 2825 3556 igitur
2869 3484 2920 3538 in
2971 3481 3207 3537 medium
3249 3479 3506 3536 Jeremias
3538 3479 3588 3531 iu
3618 3487 3784 3532 utero

2183 3577 2568 3643 sanctificatus,
2602 3587 2655 3632 et
2701 3576 2896 3646 probet
2945 3576 3047 3629 hoc
3094 3572 3395 3637 manifeste,
3445 3585 3604 3624 unum
3650 3584 3786 3623 esse

2183 3671 2539 3741 eamdemque
2563 3670 2726 3724 Deum
2757 3677 2868 3723 tum
2897 3666 3028 3722 Novi
3057 3665 3384 3721 Testamenti
3411 3705 3426 3727 ,
3473 3673 3581 3715 tum
3614 3661 3786 3714 Vetee

2184 3763 2278 3816 ris.
2307 3761 2446 3828 Quid
2478 3761 2640 3831 igitur
2667 3761 2754 3815 hic
2778 3759 2908 3814 dicit
2942 3774 3008 3813 ex
3035 3771 3260 3829 persona
3308 3753 3628 3824 legislatoris
3665 3752 3784 3804 cla-

2185 3853 2375 3908 maus?
2426 3851 2663 3906 Testabor
2704 3851 2842 3905 vobis
2881 3858 3230 3905 testamentum
3259 3861 3461 3910 novum,
3502 3861 3603 3897 non
3646 3843 3786 3897 sicut

2186 3957 2536 4002 testamentum
2560 3947 2697 4016 quod
2725 3955 2935 4000 testatus
2958 3960 3072 3998 sum
3102 3939 3327 4012 patribus
3355 3938 3527 3993 vestris
3557 3936 3780 4008 (Jerem.

2185 4042 2274 4096 3|.
2308 4041 2422 4109 5|).
2456 4039 2638 4110 Itaque
2668 4039 2758 4108 qui
2784 4036 2990 4091 Novum
3017 4033 3417 4088 Testamentum
3444 4027 3614 4092 dedit,
3634 4025 3783 4080 idem

2185 4143 2269 4188 est
2318 4134 2474 4198 Deus,
2521 4133 2610 4201 qui
2655 4131 2782 4186 olim
2818 4129 2981 4183 Vetus
3021 4127 3179 4180 etiam
3218 4123 3348 4178 illud
3395 4120 3637 4177 dederat.
3677 4117 3784 4172 llic

2185 4241 2316 4280 sane
2343 4224 2490 4279 Pauli
2516 4238 2728 4293 quoque
2747 4221 3143 4277 Samosatcnsis
3167 4215 3522 4272 sectatoribus
3537 4228 3629 4266 ora
3653 4219 3785 4266 sunt

2185 4317 2422 4382 occlusa,
2463 4315 2552 4385 qui
2605 4321 2799 4383 negant
2845 4320 2969 4367 ante
3003 4309 3194 4365 smcula
3229 4307 3391 4363 fuisse
3441 4303 3784 4374 Uuigenitum

2189 4406 2301 4460 Dei.
2335 4405 2392 4461 Si
2423 4406 2566 4460 enim
2616 4412 2740 4458 ante
2785 4403 2963 4456 Maria:
3015 4409 3246 4470 partum,
3290 4406 3346 4452 et
3389 4405 3677 4465 antequam
3725 4394 3783 4448 in

2185 4514 2348 4552 carne
2374 4512 2432 4552 se
2461 4495 2745 4552 videndum
2776 4493 3059 4563 prarberet,
3094 4505 3201 4544 non
3229 4498 3364 4551 erat,
3398 4485 3672 4556 quomodo
3696 4485 3778 4539 le-

2186 4605 2305 4660 gem
2338 4588 2536 4644 fercbat
2565 4603 2684 4642 cum
2710 4602 2814 4640 non
2836 4583 3021 4640 esset?
3045 4580 3315 4651 quomodo
3339 4589 3514 4632 autem
3538 4576 3780 4632 dicebat:

2187 4679 2432 4735 Tcstabor
2459 4678 2596 4733 vobis
2623 4685 2974 4731 testamentum
3001 4689 3204 4736 nouum,
3235 4688 3337 4724 non
3361 4671 3488 4724 sicut
3514 4678 3785 4722 testamen-

2189 4783 2296 4827 tum
2316 4771 2452 4841 (ιριοά
2481 4778 2686 4824 testatus
2715 4785 2828 4821 sum
2854 4767 3080 4838 patribus
3107 4762 3318 4818 vestris?
3335 4760 3617 4832 quomodo
3638 4758 3780 4814 enim

2190 4871 2569 4918 testamentum
2612 4859 2772 4914 dabat
2817 4857 3056 4928 patribus
3103 4857 3324 4917 eorum,
3369 4867 3492 4907 cum
3543 4849 3782 4906 nondum

2188 4963 2350 5017 esset,
2385 4962 2442 5007 ut
2486 4952 2560 5006 illi
2593 4951 2806 5021 quidem
2851 4947 3158 5002 affirmant?
3195 4944 3302 5000 Sed
3341 4952 3526 4998 contra
3569 4941 3786 4997 Judmos

2188 5045 2426 5117 quidem,
2456 5044 2752 5111 eodemque
2791 5039 2977 5094 morbo
3007 5039 3310 5092 laborantes
3341 5035 3647 5099 Paulianos,
3675 5035 3786 5087 ido-

2189 5154 2347 5193 neum
2375 5147 2458 5192 est
2485 5134 2627 5206 quod
2677 5141 2978 5202 Opponatur
3011 5127 3284 5199 prOphetze
3335 5125 3494 5195 hujus
3535 5125 3783 5180 testimo-

2191 5231 2381 5285 nium:
2423 5238 2480 5282 ut
2527 5237 2704 5281 autem
2733 5226 2892 5280 etiam
2937 5221 3346 5276 Manichaeorum
3390 5234 3484 5274 ora
3526 5218 3781 5272 cohibea-

2192 5337 2331 5385 mus,
2362 5337 2426 5376 ex
2458 5319 2610 5374 Novo
2650 5317 2994 5371 Testamento
3030 5312 3358 5367 adducamus
3388 5309 3776 5370 testimonium,

2189 5410 2618 5483 quandoquidem
2652 5408 2817 5463 Vetus
2848 5406 2998 5461 nihili
3024 5403 3293 5474 pendunt:
3329 5403 3437 5456 imo
3465 5416 3598 5455 vero
3623 5400 3782 5454 etiam

2192 5503 2419 5568 Novum,
2455 5503 2539 5558 cui
2567 5501 2809 5574 quamvis
2841 5499 3097 5553 honorem
3147 5495 3346 5550 habere
3387 5493 3555 5548 videri
3599 5493 3779 5552 velint,

2194 5612 2298 5653 non
2333 5597 2592 5648 minorem
2641 5603 2819 5646 tamen
2858 5591 2980 5645 huic
3017 5605 3174 5660 quam
3224 5587 3298 5642 illi
3336 5587 3486 5642 alteri
3536 5585 3778 5654 iujuriam

2194 5691 2430 5745 inferunt
2459 5707 2472 5742 :
2503 5703 2608 5742 uno
2635 5685 2850 5755 quidem
2880 5683 3058 5748 modo,
3077 5681 3216 5751 quod
3245 5679 3370 5735 dum
3403 5678 3526 5732 illud
3551 5693 3579 5730 a
3606 5673 3778 5736 Veteri

2193 5779 2547 5846 exscindunt,
2590 5776 2744 5848 hujus
2769 5789 2981 5849 quoque
3025 5772 3395 5833 auctoritatem
3446 5769 3777 5831 labefactant.
