4006 6428
264 522 411 590 καις,
459 504 516 559 οὑ
550 520 722 590 μάχη,
759 508 878 563 οὑδέ
911 513 1250 579 ἐναντίωσις.
1282 516 1354 569 Τὸ
1384 518 1494 590 γάρ
1524 522 1756 577 παλαιὸν
1787 524 1851 577 ἐκ

263 588 363 641 τοῦ
394 588 581 642 καινοῦ
614 589 822 658 γίνεται
852 593 1082 649 παλαιόν
1103 613 1118 629 ο
1149 597 1307 652 τοῦτο
1332 600 1388 653 δέ
1416 588 1476 654 ού
1510 605 1712 676 μάχης,
1730 607 1852 660 ούδέ

261 669 657 759 ἐναντιώσεως.
843 674 1105 748 διαφορᾶς
1119 680 1381 753 ὀνόματος
1405 669 1773 759 μόνης.”“ίῑγὼ
1797 690 1852 744 δέ

261 753 536 834 τοσαύτην
573 754 881 831 ὑπερϐολὴν
930 761 1213 834 ποιοῦμαι,
1270 767 1374 831 ὅτι,
1398 753 1447 822 εί
1480 753 1578 823 καὶ
1618 753 1851 827 ἐναντίοι

257 831 405 929 ᾖσαν
426 837 478 889 οί
508 837 665 929 νόμοι
694 840 795 912 τῆς
827 842 1069 929 Παλαιᾶς
1095 831 1208 912 τοῖς
1237 849 1339 920 τῆς
1368 853 1598 924 Καινῆς,
1646 856 1852 929 σφόδρα

261 919 807 1009 ξνλδιισχυρισάμην,
836 926 914 992 ῶς
948 930 1070 984 οὐδὲ
1101 931 1276 998 οὕτως
1296 919 1494 1006 ἕτερον
1531 919 1854 1009 ἐπεισάγέιν

255 1003 714 1095 Θεὸν-ἐχρῆνηΕί
742 1010 843 1082 μὲν
869 1013 980 1086 γάρ
1000 1017 1143 1095 κατά
1168 1014 1263 1072 τὸν
1290 1003 1455 1075 αὑτὸν
1496 1023 1709 1095 καιρὸν,
1740 1003 1851 1086 τοῖς

257 1088 447 1176 αὑτοῖς
466 1090 796 1176 ἀνθρώποις,
823 1098 949 1173 περὶ.
967 1099 1037 1154 τά
1056 1093 1205 1155 ἀὑτὰ
1231 1088 1621 1176 διατρίϐουσιν,
1651 1088 1711 1162 ἐν
1737 1109 1855 1171 τοῖς

256 1170 600 1263 αζότοῖςμοῦσι
629 1170 974 1250 πράγμασιν,
1002 1182 1280 1252 ἐναντίους
1319 1170 1584 1244 ἐπέταττε
1607 1170 1846 1263 ⁷νόμους,

257 1249 411 1345 εἶχεν
443 1256 510 1311 ἄν
540 1276 663 1345 τινα
713 1249 897 1328 αὐτοῖς
945 1265 1102 1335 λόγον
1134 1249 1273 1331 ἴσως
1306 1270 1368 1325 τὸ
1389 1271 1663 1345 σόφισμα·
1690 1249 1763 1329 ἐί

255 1337 472 1428 ἐτέροιῌς
505 1340 854 1428 μένᾷἐκεῖνοι,
887 1349 1097 1422 ἐτέροις
1123 1353 1180 1407 δέ
1211 1337 1537 1428 ἐγράφησαν
1554 1337 1729 1427 οὗτοι,
1751 1361 1848 1415 καὶ

256 1421 532 1513 ενιέτέριρ
572 1426 674 1513 μὲν
706 1429 940 1513 ἐκείνοις
984 1421 1190 1507 καιρῷ,
1232 1421 1295 1494 ἐν
1313 1421 1484 1513 ἐτ’έρῳ
1522 1442 1582 1497 δέ
1608 1421 1844 1512 τούτοις,

253 1501 441 1594 ἄλλως
485 1507 715 1594 ἐκείνοις
764 1501 1151 1586 διακειμένοις,
1176 1501 1291 1575 ⁷καὶ
1342 1501 1546 1594 ἑτέρως
1590 1501 1844 1593 τούτοιςῖ

254 1589 392 1679 ποία
418 1600 446 1630 ι
475 1590 796 1679 ἀνάγκῃδιὰ
822 1597 1044 1669 τὴντῶν
1070 1603 1249 1672 νόμων
1281 1589 1546 1679 διαφοράν
1570 1589 1845 1673 ἐναντίους

253 1673 502 1766 είσάγειν
521 1677 819 1766 νομοθέτας
839 1681 931 1736 δύο
954 1701 970 1751 ;
1001 1685 1144 1754 Ἐγὼ
1160 1688 1262 1759 μὲν
1280 1673 1537 1763 οὐδεμίαν
1554 1693 1686 1766 ὁρῶ,
1710 1696 1761 1748 εί
1782 1693 1843 1747 δέ

252 1756 415 1849 abaci
436 1756 623 1849 λέγειν
648 1761 853 1833 έχουσι,
890 1756 1204 1826 εἰπάτωσαν
1224 1790 1236 1804 ·
1264 1773 1382 1829 ἀλλ’
1408 1756 1512 1830 οὐκ
1542 1756 1610 1832 ἂν
1643 1756 1839 1849 ἔχοιεν.

253 1838 372 1929 Καὶ*
394 1843 501 1929 γάρ
542 1847 637 1902 καὶ
667 1849 852 1925 ίατρὸς
892 1854 1113 1909 ἐναντία
1151 1859 1324 1914 πολλὰ
1353 1865 1498 1916 ποιεῖ
1538 1838 1800 1929 πολλάκις
1822 1883 1837 1897 ⁸

251 1924 375 2020 ἀλλ’
400 1928 502 1981 οὐκ
538 1930 649 2020 ἀπὸ
690 1933 941 2020 ἐναντίας
994 1940 1092 2011 τῆς
1123 1941 1370 2015 γνώμης,
1411 1945 1526 2000 ἀλλ’
1564 1947 1675 2002 ἀπὸ
1711 1924 1842 2020 μιᾱς

252 2010 352 2105 καί
380 2013 711 2105 συμφώνου-
737 2019 862 2105 ’Καὶ
903 2021 1022 2105 ,γὰρ
1052 2010 1199 2079 καίει
1234 2010 1327 2081 καὶ
1358 2029 1417 2082 ού
1455 2032 1619 2098 καίει,
1650 2010 1840 2105 τέμνει

253 2095 354 2149 καὶ
381 2096 442 2187 οὑ
480 2097 671 2187 τέμνει
794 2104 926 2158 αὐτὸ
955 2106 1112 2177 σῶμα
1158 2110 1448 2177 πολλάκις”
1480 2116 1576 2169 καὶ
1606 2095 1840 2187 νῦν¹μέν

252 2183 453 2268 πικρὰ,
485 2182 581 2268 νῦν
602 2185 658 2239 δὲ
688 2185 895 2255 γλυκέα
916 2190 1099 2245 δίδωσι
1129 2195 1305 2249 πίνειν
1330 2197 1601 2268 φάρμακα
1618 2216 1632 2230 θ
1660 2182 1754 2254 καί
1771 2199 1840 2254 τά

256 2264 360 2334 μὲν
391 2267 649 2339 γινόμενα
670 2271 909 2339 ἐναντία,
945 2276 979 2342 ἡ
1003 2274 1197 2350 γνώμη
1228 2277 1306 2343 δὲ,
1338 2264 1432 2349 άφ³
1450 2264 1529 2352 -ἦς
1549 2280 1722 2335 ταῦτα
1750 2281 1838 2350 γί-

252 2352 752 2435 νεταιησύμφωνος
780 2356 874 2409 καὶ
896 2357 1024 2428 μίαο
1062 2360 1197 2430 πρὸς
1223 2360 1333 2434 γὰρ
1362 2362 1421 2417 ἐν
1448 2364 1601 2429 τέλος
1624 2364 1836 2435 βλέπει,

247 2432 352 2520 τήν
364 2433 460 2520 τοῦ
480 2437 779 2507 κάμνοντος
804 2440 1033 2510 ὑγίειαν.
1064 2443 1191 2508 Πῶς
1205 2432 1419 2499 οῦνήοὺκ
1439 2432 1639 2502 ἄτοπον
1667 2446 1838 2520 ἰατρῷ

250 2517 356 2601 μέν
396 2518 472 2590 μὴ
522 2520 776 2590 ἐγκαλεῖν
820 2524 1038 2579 ἐναντία
1077 2525 1319 2580 ποιοῦντι
1367 2527 1539 2582 πολλά
1576 2529 1672 2583 καὶ
1706 2517 1836 2601 περὶ

248 2599 507 2673 σώματος
534 2606 655 2670 ἐνὸς
681 2606 865 2676 φύσιν,
899 2607 977 2680 τῷ
1005 2608 1125 2681 Θεῷ
1161 2611 1219 2664 δὲ
1255 2610 1464 2683 μέμψιν
1506 2613 1755 2682 ἐπάγειν,
1782 2599 1836 2667 εί

247 2685 397 2739 κατά
411 2685 701 2760 διαφόρους
727 2692 954 2762 καιροὺς
974 2691 1251 2765 διαφόροις
1272 2693 1579 2767 ἀνθρώποις
1604 2695 1854 2768 διάφορα.

248 2769 423 2824 ἔδωκε
452 2771 520 2826 τά
542 2774 939 2846 προστάγματα
960 2793 974 2842 ;

320 2859 393 2927 γ’.
419 2860 542 2914 Ὅτι
568 2862 668 2933 μὲν
696 2860 811 2931 οὖν,
834 2866 885 2918 εί
910 2866 1007 2920 καὶ
1026 2868 1260 2924 ἐναντίοι
1275 2864 1416 2941 ἦσαν
1445 2870 1496 2924 οἱ
1515 2870 1693 2943 νόμοι,
1710 2870 1834 2926 οὐδὲ

246 2944 425 3010 οὕτως
476 2948 728 3018 ἐγκαλεῖν
775 2951 901 3017 ἔδει,
934 2953 1091 3026 δῆλον
1113 2958 1179 3010 ἐκ
1228 2957 1464 3012 τούτων·
1510 2960 1595 3013 ὅτι
1628 2958 1684 3012 δέ
1713 2958 1835 3012 ούδέ

246 3034 387 3087 εἰσιν
408 3034 661 3104 ἐναντίοι,
680 3038 817 3093 ἀλλά
833 3039 1082 3113 διάφοροι
1107 3043 1290 3113 μόνον,
1310 3044 1464 3115 φέρε,
1486 3045 1613 3108 τοὺς
1635 3045 1834 3116 νόμους

246 3124 331 3187 είς
365 3124 531 3194 μέσον
576 3128 1071 3202 προχειρισώμεθα.
1139 3132 1492 3197 Ἠκούσατε,
1520 3134 1706 3205 φησὶν,
1742 3134 1834 3188 ὅτι

242 3210 457 3281 έέρέθη
477 3213 604 3285 τοῖς
625 3214 915 3285 ἀρχαίοις,
942 3220 1025 3272 Οὐ
1049 3220 1392 3288 φονεύσεις.
1412 3214 1581 3284 Οὗτος
1605 3220 1835 3285 παλαιὸς

243 3300 277 3353 6
325 3299 508 3371 νόμοςσ
565 3301 763 3375 ἴδωμεν
810 3305 904 3359 τὸν
953 3305 1053 3377 τῆς
1084 3306 1333 3376 Καινῆς⁹
1380 3307 1528 3376 Ἐγὼ
1570 3307 1640 3362 δὲ
1676 3308 1833 3378 λέγω

243 3384 869 3459 ὑμῖν-,τοόρτιζόμενος
891 3391 971 3459 τῷ
1011 3390 1254 3462 ἀδελφῷ
1294 3392 1482 3450 αὐτοῦ
1539 3393 1692 3464 εικῆ.
1737 3393 1833 3449 ἓν·

244 3473 394 3543 οχός
403 3475 572 3530 ἐστιν
592 3479 681 3544 εὶς
698 3476 812 3548 τὴν
825 3478 1080 3550 γέενναν
1101 3480 1210 3537 τοῦ
1233 3483 1443 3550 πυρός.
1472 3481 1656 3536 Ταῦτα
1679 3484 1831 3536 ἐναν-

243 3560 357 3617 τία.
386 3562 507 3616 εἰπέ
549 3580 659 3632 μοι,
691 3565 758 3619 τὰ
795 3567 1228 3639 προστάγματας
1255 3566 1360 3623 Καὶ
1386 3568 1470 3632 τίς
1503 3568 1830 3640 ἀνθρώπων,

246 3647 349 3702 κᾶν
365 3650 615 3704 ὁπωσοῦν
631 3652 869 3718 διανοίας
892 3655 1157 3727 μετέχων,
1179 3655 1336 3711 τοῦτο
1352 3657 1417 3712 ἂν
1436 3656 1581 3711 εἴποι
1604 3674 1619 3724 ;
1642 3659 1704 3712 Εί
1732 3657 1831 3728 μὲν

245 3733 358 3806 γάρ
403 3736 498 3790 τοῦ
546 3740 811 3811 προτέρου
866 3742 1221 3807 κελεύσαντος
1254 3746 1328 3816 μὴ
1379 3745 1646 3813 φονεύειν,
1678 3742 1832 3811 οὗτος

243 3824 566 3893 ἐκέλευσεν,
594 3827 725 3894 ἴσως
761 3830 827 3885 ἀν
864 3849 948 3892 τις
974 3833 1291 3904 ἀντινομίαν
1338 3834 1539 3906 ἔφησεν
1586 3831 1727 3889 εἶναι
1769 3836 1830 3889 τὸ

246 3908 401 3981 {272]
418 3910 707 3983 λεγόμενον
723 3929 736 3942 ·
760 3916 808 3967 εί
835 3914 891 3969 δέ
910 3916 1117 3970 ἐκείνου
1136 3916 1448 3983 κελεύοντος
1467 3918 1540 3991 μὴ
1564 3919 1826 3989 φονεύειν,

243 3991 402 4061 οὗτος
429 3998 682 4053 ἐκέλευσε
716 4002 850 4074 μηδέ
883 4002 1220 4076 ὀργίζεσθαι,
1252 4004 1521 4071 ἐπίτασις,
1549 4007 1650 4060 οὑκ
1679 4008 1830 4061 ἐναν-

245 4085 437 4149 τίωσις
468 4087 496 4141 6
522 4088 788 4161 πρότερος
820 4091 914 4144 τοῦ
935 4092 1188 4164 δευτέρου
1214 4093 1242 4133 δ
1269 4093 1427 4164 νόμος
1460 4094 1607 4148 ἐστίν
1626 4113 1641 4126 ο
1672 4097 1701 4149 6
1731 4096 1829 4166 μὲν

247 4173 357 4243 γὰρ
382 4173 472 4228 τὸν
497 4176 711 4247 καρπὸν
739 4177 838 4248 τῆς
867 4179 1067 4243 κακίας
1100 4179 1322 4252 ἐξέτεμε
1345 4221 1360 4244 ,
1412 4182 1504 4235 τὸν
1531 4182 1709 4252 φόνον,
1738 4178 1828 4238 οὗ·

246 4277 340 4324 τος
362 4261 417 4314 δὲ
469 4262 564 4316 καὶ
608 4263 708 4334 τὴν
738 4265 892 4335 ῥίζαν
918 4266 1212 4333 ἀνέσπασε,
1250 4269 1347 4341 τὴν
1379 4271 1548 4342 ὀργήν
1574 4287 1588 4301 '
1624 4272 1830 4335 ἐκεῖνος

246 4348 311 4401 τὸ
343 4348 521 4420 ῥεῦμα
555 4351 654 4421 τῆς
680 4352 943 4424 πονηρίας
968 4353 1246 4426 ἐξέκοψεν,
1276 4352 1430 4423 οὗτος
1462 4359 1556 4412 καὶ
1597 4359 1696 4430 τὴν
1721 4376 1829 4431 πη-

251 4434 353 4505 γὴν
390 4436 559 4508 αὐτὴν
604 4436 852 4509 ἐξήρανε,
901 4441 1060 4513 Πηγὴ
1099 4442 1208 4515 γὰρ
1250 4445 1342 4497 καὶ
1385 4445 1508 4516 ῥίζα
1535 4445 1631 4500 τοῦ
1668 4447 1828 4515 φόνου

249 4523 420 4592 Guy)»;
448 4526 544 4578 καὶ
581 4525 740 4598 ὀργή.
785 4526 1019 4591 Ἐκεῖνος
1072 4529 1232 4583 τοῦτο
1260 4540 1283 4569 ο
1312 4531 1830 4603 προπαρεσκεύασεν

245 4611 276 4663 6
304 4610 466 4681 νόμος
491 4611 591 4682 τὴν
622 4611 785 4681 φύσιν
813 4612 914 4685 τὴν
942 4616 1237 4687 ἡμετέραν,
1260 4610 1419 4683 οὗτος
1443 4619 1614 4673 ἐλθὼν
1641 4621 1701 4673 τὸ
1723 4620 1829 4674 λετ-

247 4714 349 4751 πον
376 4699 685 4771 ἐπλήρωσε.
721 4701 858 4754 Ποία
891 4703 1220 4776 ἐναντιότης,
1244 4706 1373 4759 ὅταν
1398 4708 1427 4759 6
1458 4707 1557 4777 μὲν
1590 4709 1651 4761 τὸ
1680 4710 1831 4772 τέλος

245 4784 357 4839 τῶν
385 4786 591 4854 κακῶν,
633 4789 662 4840 6
686 4787 744 4841 δὲ
775 4790 871 4842 καὶ
910 4789 1011 4862 τὴν
1042 4792 1219 4864 ἀρχὴν
1271 4794 1546 4867 ἐκκόπτῃ;
1591 4796 1831 4860 Ἐκεῖνος

244 4873 345 4944 τὴν
376 4878 535 4946 χεῖρα
581 4873 831 4948 καθαράν
856 4879 1112 4949 ἐποίησεν
1145 4882 1395 4952 αἵματος,
1418 4875 1572 4947 οὗτος
1606 4883 1701 4938 καὶ
1729 4884 1829 4957 τὴν

244 4961 483 5017 διάνοιαν
504 4963 676 5033 αὐτὴν
702 4965 979 5037 ἀπήλλαξε
1003 4968 1113 5023 τῶν
1138 4971 1393 5042 πονηρῶν
1420 4970 1825 5044 βουλευμάτων.

244 5049 432 5103 Ταῦτα
456 5050 515 5105 δέ
544 5052 981 5123 συμφωνούντων
1009 5055 1260 5128 ἀλλήλοις
1282 5059 1482 5129 νόμων,
1510 5061 1632 5131 οὐχὶ
1661 5078 1831 5132 μαχο-

246 5137 427 5208 μένων
450 5138 601 5192 ἐστίν
623 5156 637 5169 °
661 5140 799 5212 ὅπερ
825 5140 939 5195 ἄνω
966 5143 1062 5196 καὶ
1091 5144 1243 5198 κάτω
1276 5146 1635 5212 σπουδάζουσι
1662 5165 1832 5202 κατα·

243 5225 535 5289 σκευάζειν
567 5229 619 5282 οἱ
642 5229 743 5300 τῆς
779 5229 1040 5300 ἀληθείας
1091 5231 1298 5305 ἐχθροὶ,
1361 5234 1433 5306 μὴ
1470 5236 1825 5307 συνορῶντες,

241 5314 327 5368 ὃτι
359 5316 425 5369 ἐκ
454 5314 643 5370 τούτου
673 5317 886 5390 μεγάλῃ
921 5319 1194 5391 ῥᾳθυμίας
1226 5321 1322 5375 καὶ
1355 5321 1657 5393 ὑπεροψίας
1682 5323 1830 5395 αἰτίᾳ

238 5401 337 5458 τὸν
361 5403 457 5475 τῆς
494 5405 705 5475 Καινῆς
726 5405 858 5459 Θεὸν
881 5407 1275 5463 ὑποϐάλλουσιν
1292 5424 1307 5439 °
1334 5410 1692 5482 εὑρεθήσεται
1722 5413 1831 5484 γὰρ

243 5490 313 5561 (ή
359 5490 417 5546 δέ
450 5491 775 5564 βλασφημία
817 5495 897 5558 είς
924 5494 1024 5566 τὴν
1058 5496 1166 5550 τῶν
1190 5497 1365 5552 ταῦτα
1413 5498 1832 5568 ἀναγκαζόντων

309 5663 336 5693 ⁸
360 5663 458 5712 Mss
510 5666 627 5714 ποία
663 5666 863 5729 ἀνάγκη.
912 5667 1017 5716 Vox
1058 5669 1173 5718 ποία
1219 5674 1377 5719 totum
1413 5676 1570 5720 mutat
1612 5686 1827 5722 sensum.

237 5723 453 5793 Pﬁwagat
469 5723 917 5793 ἀυιεπιλΕόῆ-ῐοτιιω
937 5730 1156 5793 lectioni,
1181 5731 1229 5779 in
1251 5729 1431 5793 quibus
1454 5734 1568 5782 ποία
1587 5735 1747 5785 deest.

305 5785 333 5856 [³
362 5788 518 5856 ξιιιϋ.
542 5790 671 5856 cqnj.
694 5791 722 5839 6
746 5790 960 5853 δεύτερος
981 5790 1067 5840 τοῦ
1087 5785 1337 5856 προτέρου.

305 5849 330 5883 ⁸
361 5848 490 5897 Fort.
515 5850 687 5911 τούτῳ.

569 5933 841 5999 Ριτιιοι.
890 5930 1007 5993 Gn.
1054 5932 1148 5999 ιι.

886 406 981 466 DE
1017 409 1264 471 VERBIS
1300 410 1667 483 APOSTOLI,
1707 414 2074 472 HABENTES
2113 416 2405 475 EUMDEM
2446 419 2797 479 SPIMTUM.
2843 422 2904 476 ll.

3332 424 3541 492 ’281

1959 528 2108 598 ἡμᾶς
2138 528 2315 600 λέγειν
2346 536 2713 607 περιτραπείη
2747 538 3020 608 κεφαλήν)
3046 540 3291 612 ἀκαίρως
3323 540 3391 594 τά
3421 546 3539 596 καθ’

1957 617 2106 688 ἡμᾶς
2133 621 2492 693 οἰκονομήσας
2513 640 2526 654 ·
2563 625 2625 677 τὸ
2646 623 2702 678 δέ
2742 627 2880 691 πῶς,
2907 626 3021 696 ἐγὼ
3065 628 3230 698 λέγω.
3268 628 3544 683 Γαλακτοο

1956 707 2157 779 τροφίᾳ
2187 711 2508 781 προσέοικεν
2537 713 2572 784 ή
2608 713 2708 784 τῆς
2737 715 2984 780 Παλαιᾶς
3027 714 3305 788 Διαθήκης
3345 718 3543 772 παιδα-

1956 799 2155 868 γωγία,
2190 804 2390 874 στερεᾷ
2417 802 2475 856 δὲ
2505 806 2681 876 τροφῇ
2729 806 2829 876 τῆς
2852 807 3063 880 Καινῆς
3086 807 3363 880 Διαθήκης
3388 809 3423 880 ἠ
3455 826 3544 878 φιο

1955 889 2212 959 λοσοφία·
2247 891 2423 954 οὐδεὶς
2443 892 2501 946 δέ
2531 895 2715 967 πρὶνῆ
2740 896 2938 967 θρέψαι
2983 897 3240 967 γάλακτι,
3267 898 3404 968 πρὸς
3441 899 3541 971 τὴν

1957 981 2184 1051 στερεὰν
2213 982 2336 1052 ἀγει
2364 986 2593 1056 τροφήν.
2627 988 2805 1058 Ὅπερ
2837 987 2993 1043 ἔσται
3042 988 3359 1061 πεποιηκὼς
3386 990 3415 1041 6
3443 989 3542 1059 τῆς

1955 1063 2164 1137 Καινῆς
2195 1066 2329 1133 Θεὸς
2351 1068 2526 1142 άνπερ
2553 1072 2629 1144 μὴ
2659 1069 2877 1148 αὑτὸςῇ
2907 1077 2936 1129 6
2973 1076 3071 1148 τὴν
3111 1077 3353 1132 Παλαιὰν
3378 1076 3541 1131 δεδω-

1956 1152 2065 1219 κὼς
2086 1172 2100 1187 ⁸
2129 1159 2236 1230 πρὸ
2263 1160 2374 1232 γάρ
2405 1161 2500 1215 τοῦ
2554 1163 2751 1235 θρέψαι
2781 1167 3015 1236 γάλακτι
3048 1169 3145 1225 καὶ
3190 1171 3257 1242 τῇ
3317 1168 3407 1224 διά
3441 1169 3539 1223 τοῦ

1953 1247 2120 1318 νόμον
2146 1251 2516 1325 παιδαγωγίᾳ,
2544 1256 2638 1308 ἐπὶ
2669 1257 2767 1327 τὴν
2799 1259 3028 1332 στερεὰν
3049 1262 3198 1332 ἡμᾶς
3219 1262 3395 1332 ῆγαγε
3414 1278 3539 1333 τρο-

1953 1340 2082 1410 φήν.
2121 1341 2197 1395 Οὐ
2238 1343 2416 1416 τούτῳ
2463 1346 2520 1400 δὲ
2562 1349 2725 1420 μόνον
2751 1393 2766 1418 ,
2817 1351 2955 1407 ἀλλά
2981 1353 3078 1408 καὶ
3105 1353 3282 1425 ἐτέρῳ
3329 1352 3538 1426 μείζονι

1949 1431 2142 1485 τούτου
2196 1434 2357 1490 πάλιν
2402 1437 2565 1493 αὑτὸν
2596 1440 2989 1499 ὑποϐάλλουσιν
3038 1444 3363 1518 ἐγκλήματι,
3397 1445 3452 1499 εῐ
3471 1463 3537 1515 γε

1953 1521 2093 1589 μετά
2129 1527 2544 1597 πεντακισχίλια
2597 1530 2692 1584 καὶ
2722 1531 2943 1588 πλείονα
2969 1533 3065 1607 ἐτη
3093 1534 3188 1589 τοῦ
3218 1536 3408 1606 γένους
3431 1532 3536 1610 ῆκε

1949 1614 2267 1685 προνοήσων
2290 1617 2386 1671 τοῦ
2412 1620 2702 1692 ἡμετέρου.
2755 1624 2817 1678 Εί
2848 1625 2957 1696 γάρ
2986 1626 3064 1699 μὴ
3085 1626 3248 1693 αὐτὸς
3283 1623 3373 1699 ἦν,
3400 1629 3430 1682 6
3448 1628 3538 1684 διὰ

1948 1704 2057 1757 τῶν
2088 1709 2383 1780 προφητῶν
2412 1711 2507 1765 καὶ
2530 1713 2639 1767 τῶν
2667 1717 3020 1790 πατριαρχῶν
3044 1718 3138 1772 καὶ
3172 1720 3281 1773 τῶν
3310 1719 3535 1775 δικαίων

1947 1794 2252 1869 ἀνθρώπων
2279 1800 2346 1855 τὰ
2368 1801 2489 1856 καθ’
2511 1805 2661 1874 ἡμᾶς
2681 1804 2896 1861 ἃπαντα
2922 1808 3241 1880 οἰκονομῶν,
3272 1809 3387 1864 ἀλλ’
3414 1811 3534 1864 ἐτε-

1949 1886 2043 1957 ρός
2074 1906 2158 1952 τις
2185 1892 2335 1964 παρὰ
2382 1893 2570 1950 τοῦτον
2601 1895 2698 1969 ὀψέ
2733 1914 2864 1953 ποτε
2911 1900 3007 1955 καὶ
3034 1900 3277 1975 βραδέως
3304 1902 3534 1975 εὑρεθή-

1950 1994 2099 2033 σεται
2127 1985 2230 2053 τῆς
2262 1985 2540 2058 ἡμετέρας
2589 1988 2996 2061 ἐπειλημμένος
3033 1993 3310 2067 προνοίας,
3345 1992 3536 2068 ὥσπερ

1947 2068 2011 2123 ἐκ
2041 2087 2187 2137 τινος
2220 2077 2508 2145 μετανοίας
2534 2080 2844 2150 ἀνενεγκών
2867 2096 2883 2112 ⁸
2910 2083 3048 2154 ὅπερ
3082 2085 3141 2137 οὑ
3174 2084 3312 2138 Θεοῦ
3349 2085 3532 2157 μόνον,

1945 2161 2081 2218 ἀλλὰ
2111 2165 2205 2218 καὶ
2233 2166 2523 2238 ἀνθρώπου
2542 2170 2639 2224 τοῦ
2666 2172 2924 2243 τυχόντος
2944 2172 3163 2238 ἀνάξων
3189 2175 3256 2229 ἂν
3277 2176 3387 2247 εῐη,
3415 2193 3533 2231 τοσ-

1944 2252 2134 2318 ούτους
2150 2256 2379 2326 ἀφέντος
2392 2259 2691 2315 ἀπολέσθαι
2713 2263 2772 2316 ἐν
2801 2263 3040 2335 τοσούτῳ
3059 2264 3255 2337 χρόνῳ,
3274 2265 3374 2336 ὀψέ
3396 2283 3529 2323 ποτε

1944 2346 2002 2399 ἐν
2030 2348 2242 2419 ἐσχάτῳ
2288 2348 2398 2404 τῶν
2426 2349 2636 2423 καιρῶν
2668 2352 2768 2424 τῆς
2797 2352 2905 2407 τῶν
2942 2352 3143 2424 ὀλίγων
3170 2353 3527 2411 ἐπιλαϐέσθαι

1946 2440 2225 2510 προνοίας.

2014 2530 2078 2586 δ’.
2130 2533 2291 2605 Ὁρᾷς
2312 2534 2466 2601 ὅσαις
2486 2535 2576 2591 τόν
2598 2537 2731 2593 Θεὸν
2760 2538 3122 2595 ὑποϐάλλουσι
3150 2539 3524 2613 βλασφημίαις

1941 2621 2160 2686 ἐκεῖνοι,
2187 2623 2374 2693 ἕτερον
2406 2626 2506 2697 μὲν
2544 2628 2647 2700 τῆς
2682 2630 2895 2702 Καινῆς
2915 2670 2933 2697 ,
2979 2631 3166 2703 ἕτερον
3204 2632 3261 2685 δέ
3287 2632 3388 2703 τῆς
3417 2633 3527 2688 Ila-

1942 2709 2097 2775 λαιᾶς
2136 2712 2385 2783 λέγοντες
2413 2713 2550 2771 εἶναι
2583 2719 2909 2792 νομοθέτην;
2946 2721 3126 2793 Ἀπερ
3158 2723 3373 2778 ἃπαντα
3399 2723 3520 2778 λύε-

1941 2820 2050 2869 ται,
2076 2803 2143 2859 ἃν
2173 2805 2271 2860 Eva
2299 2807 2568 2881 ἑκατέρας
2597 2810 2695 2881 τῆς
2710 2811 2985 2883 Διαθήκης
3006 2811 3186 2884 δῶμεν
3209 2809 3350 2868 εἶναι
3369 2813 3522 2869 Θεόν.

1941 2895 2310 2969 Εὑρεθήσεται
2342 2898 2451 2972 γάρ
2480 2902 2621 2956 κατά
2678 2901 2835 2971 λόγον
2860 2903 2928 2957 τὰ
2961 2904 3083 2958 καθ’
3127 2907 3276 2977 ἡμᾶς
3321 2908 3525 2960 οίκονοα

1944 2987 2083 3058 μῶν,
2114 2989 2237 3043 τότε
2263 2989 2367 3061 μὲν
2391 2991 2482 3046 διά
2506 2991 2600 3046 τοῦ
2625 2993 2810 3064 νόμου,
2841 2994 2935 3048 νῦν
2963 2995 3018 3049 δὲ
3037 2994 3125 3050 διά
3151 2996 3253 3068 τῆς
3282 2997 3522 3068 χάριτος,

1941 3078 2038 3132 καὶ
2057 3078 2119 3131 οὐ
2159 3081 2510 3151 προσφάτως,
2536 3082 2655 3136 οὑδέ
2684 3084 2902 3150 νεωστὶ,
2942 3085 3057 3138 ἀλλ’
3089 3085 3297 3141 ἄνωθεν
3333 3089 3429 3143 καὶ
3460 3088 3523 3145 ἐκ

1940 3166 2165 3242 πρώτης
2181 3171 2394 3245 ἡμέρας
2408 3175 2507 3245 τῆς
2532 3173 2804 3245 ἡμετέρας
2827 3175 3227 3248 ἐπειλημμένος
3242 3177 3522 3248 προνοίας.

1942 3260 2061 3315 Ἵνα
2091 3261 2147 3315 δὲ
2178 3262 2443 3334 μειζόνως
2481 3264 2663 3319 αὐτῶν
2692 3267 2759 3320 τὰ
2817 3266 3058 3338 στόματα
3087 3267 3521 3339 ἀπορῤάψωμεν,

1940 3353 2092 3425 φέρε,
2128 3354 2223 3408 καὶ
2251 3355 2421 3419 αὐτὰς
2448 3355 2548 3420 τὰς
2581 3358 2769 3428 ῥήσεις
2800 3358 3232 3429 παραγάγωμεν,
3262 3360 3355 3412 καὶ
3384 3376 3520 3430 προσ

1939 3446 2138 3517 φήτας,
2164 3447 2259 3499 καὶ
2282 3446 2614 3511 ἀποστόλους
2642 3446 2903 3517 βοῶντας,
2936 3451 3018 3503 ὃτι
3050 3452 3259 3522 Καινῆς
3291 3451 3382 3503 καὶ
3404 3452 3519 3503 Πα-

1938 3536 2096 3599 λαιᾶς
2118 3530 2196 3601 εἷς
2220 3538 2367 3593 ἐστιν
2389 3540 2417 3591 6
2444 3538 2762 3613 νομοθέτης.
2789 3540 3010 3612 Παρίτω
3038 3542 3217 3599 τοίνυν
3242 3544 3323 3606 είς
3356 3542 3520 3615 μέσον

1935 3630 1964 3682 6
1999 3632 2063 3682 ἐκ
2090 3630 2298 3695 κοιλίας
2325 3631 2610 3700 ἀγιασθεὶς
2636 3633 2924 3706 Ἱερεμίας,
2955 3634 3050 3692 καὶ
3074 3636 3208 3695 αὑτὸ
3233 3636 3392 3692 τοῦτο
3414 3636 3522 3695 δει-

1938 3718 2115 3774 κνύτω
2144 3721 2329 3791 σαφῶς
2355 3722 2449 3775 ἐνα
2480 3724 2574 3777 καὶ
2604 3724 2695 3777 τὸν
2721 3725 2882 3779 αὑτὸν
2910 3725 3062 3800 [275]
3096 3727 3362 3801 ἑκατέρας
3386 3727 3519 3783 ὄντα

1935 3810 2036 3881 τῆς
2063 3812 2333 3885 Διαθήκης
2354 3814 2505 3868 Θεόν.
2540 3815 2605 3869 Τί
2627 3812 2721 3897 οὖν
2748 3811 2901 3882 οὗτός
2930 3834 3115 3890 φησιν,
3137 3820 3203 3872 ἐκ
3222 3818 3519 3891 προσώπου

1935 3901 2029 3954 τοῦ
2062 3902 2354 3973 νομοθέτου
2391 3904 2714 3977 κηρύττων;
2743 3906 3110 3978 Διαθήσομαι
3142 3908 3286 3980 ὑμῖν
3311 3908 3521 3975 διαθή-

1936 4010 2054 4063 κην
2073 3995 2310 4065 καινὴν,
2345 3999 2418 4052 οὐ
2447 3999 2598 4053 κατὰ
2634 3997 2748 4068 τὴν
2769 3998 3086 4068 διαθήκην,
3119 3997 3201 4067 ἢν
3236 3999 3521 4070 διεθέμην

1935 4087 2061 4153 τοῖς
2101 4088 2402 4158 πατράσιν
2443 4090 2629 4160 ὑμῶν.
2678 4093 2842 4147 Ὥστε
2889 4094 2918 4145 6
2964 4091 3063 4164 τὴν
3095 4091 3305 4165 Καινὴν
3338 4093 3520 4158 αὑτοῖς

1934 4181 2272 4254 διαθέμενος,
2296 4184 2459 4248 αὑτός
2480 4188 2629 4239 ἐστιν
2656 4188 2684 4239 6
2709 4186 2799 4241 καὶ
2828 4186 2929 4259 τὴν
2954 4186 3198 4243 Παλαιὰν
3221 4187 3344 4252 δοὺς
3363 4185 3515 4251 Θεός.

1948 4273 2211 4329 Ἐνταῦθα
2241 4274 2336 4329 καὶ
2366 4277 2493 4341 τοὺς
2525 4277 2634 4332 ἀπὸ
2658 4278 2871 4333 Παύλου
2886 4278 2979 4334 τοῦ
3003 4279 3365 4352 Σαμοσατέως
3394 4280 3522 4333 ἐπε·

1939 4363 2193 4434 στόμισεν
2240 4365 2440 4430 ἱκανῶς
2465 4407 2479 4433 ,
2512 4366 2560 4420 οἳ
2588 4366 2685 4439 τὴν
2721 4368 3045 4441 προαιώνιον
3093 4367 3325 4439 ὓπαρξιν
3367 4367 3520 4421 ἀναι-

1938 4452 2092 4526 ροῦσι
2119 4454 2214 4508 τοῦ
2245 4457 2603 4526 Μονογενοῦς.
2624 4460 2687 4512 El
2707 4459 2816 4530 γὰρ
2846 4459 2952 4531 πρὸ
2973 4457 3067 4513 τοῦ
3092 4458 3253 4514 τόκου
3277 4457 3379 4528 τῆς
3405 4458 3519 4512 Μα-

1937 4548 2060 4620 ρίας
2089 4549 2190 4601 οὐκ
2210 4544 2299 4620 ἦν,
2340 4550 2461 4603 ούδέ
2487 4550 2698 4622 ὑπῆρχε
2737 4551 2866 4622 πρὶν
2900 4549 2933 4622 ἢ
2967 4553 3198 4623 φανῆναι
3225 4552 3285 4605 ἐν
3329 4551 3518 4622 σαρκὶ,

1936 4637 2055 4701 πῶς
2087 4638 2394 4710 ἐνομοθέτει
2424 4641 2453 4692 6
2491 4641 2566 4712 μὴ
2619 4640 2730 4708 (av;
2766 4641 2885 4705 πῶς
2915 4643 2972 4696 δέ
3002 4641 3157 4712 ἔλεγε
3176 4683 3192 4709 ,
3232 4643 3522 4711 Διαθήσοα

1929 4747 2039 4800 μαι
2053 4731 2199 4800 ὑμῖν
2216 4731 2516 4802 διαθήκην
2535 4734 2774 4804 καινὴν,
2803 4738 2874 4789 οὐ
2897 4736 3049 4790 κατὰ
3072 4737 3187 4805 τὴν
3201 4736 3518 4807 διαθήκην,

1937 4821 2018 4892 ἢν
2063 4822 2344 4894 διεθέμην
2396 4824 2516 4892 τοῖς
2562 4826 2868 4896 πατράσιν
2892 4827 3094 4900 ὐμῶν;
3147 4829 3265 4892 πῶς
3314 4829 3522 4883 διέθετο

1935 4919 2049 4979 τοῖς
2078 4916 2350 4987 πατράσιν
2385 4917 2565 4970 αὐτῶν
2596 4918 2671 4989 μὴ
2706 4919 2968 4992 ὑπάρχων
2993 4959 3008 4985 ,
3062 4921 3197 4992 μηδὲ
3228 4919 3325 4989 ὢν,
3381 4922 3524 4979 κατὰ

1934 5007 2026 5061 τὸν
2061 5008 2284 5062 ἐκείνων
2321 5007 2513 5077 λόγον;
2551 5008 2717 5065 Ἀλλὰ
2765 5010 2902 5086 πρὸς
2954 5012 3241 5077 Ἰουδαίους
3284 5014 3385 5085 μὲν
3429 5017 3522 5073 καὶ

1935 5100 2062 5163 τοὺς
2082 5101 2149 5154 τὰ
2182 5099 2448 5154 Ἰουδαίων
2472 5100 2761 5164 νοσοῦντας
2784 5103 3122 5169 Παυλιανοὺς
3146 5106 3305 5177 ἱκανὴ
3328 5108 3520 5181 στῆναι

1936 5195 1971 5265 ή
2006 5193 2098 5247 τοῦ
2133 5196 2414 5265 προφήτου
2451 5196 2758 5269 μαρτυρία*
2821 5197 2909 5250 ἵνα
2940 5197 2997 5251 δὲ
3041 5199 3138 5252 καὶ
3184 5200 3521 5269 Μανιχαίους

1936 5289 2401 5363 ἐπιστομίσωμεν,
2435 5291 2544 5344 ἀπὸ
2558 5291 2657 5363 τῆς
2688 5291 2899 5362 Καινῆς
2913 5295 3011 5364 τὴν
3044 5292 3349 5366 μαρτυρίαν
3380 5307 3522 5362 παρ-

1937 5380 2260 5451 ἀγάγωμεν,
2332 5382 2521 5454 ἐπειδὴ
2570 5384 2670 5453 τῆς
2717 5384 2962 5445 Παλαιᾶς
2990 5383 3165 5450 οὐδεὶς
3187 5384 3370 5445 αὐτοῖς
3403 5385 3519 5440 ἐστι

1936 5472 2114 5541 λόγος,
2140 5473 2339 5543 μᾶλλον
2375 5474 2432 5529 δὲ
2465 5475 2587 5530 οὑδέ
2607 5476 2703 5544 τῆς
2733 5474 2942 5543 Καινῆς
2963 5487 2977 5501 ⁵
3010 5472 3147 5526 ἀλλὰ
3180 5473 3274 5529 καὶ
3292 5472 3517 5545 ταύτην,

1941 5563 2002 5636 ἦν
2031 5564 2248 5618 δοκοῦσι
2285 5564 2472 5635 τιμᾷν,
2504 5563 2602 5632 οὐχ
2624 5558 2785 5634 ἦττον
2822 5561 3031 5631 ἐκείνης
3062 5559 3479 5630 καθυϐρίζουσιν
3503 5575 3518 5592 ο

1937 5658 2018 5710 ἐνὶ
2051 5657 2150 5729 μὲν
2171 5659 2378 5729 τρόπῳ,
2403 5657 2480 5728 τῷ
2501 5658 2602 5725 τῆς
2626 5656 2873 5721 Παλαιᾶς
2900 5658 3152 5729 ἐκκόψαι,
3182 5658 3277 5712 κα)⁵
3296 5658 3356 5712 τὸ
3377 5657 3525 5725 ἀξιό-

1939 5766 2130 5803 πιστον
2152 5749 2322 5818 αὑτῆς
2345 5745 2707 5817 λυμήνασθαι.
2735 5748 2812 5802 Οὐ
2839 5748 2948 5821 γὰρ
2972 5747 3146 5821 μικρά
3164 5747 3273 5803 τῶν
3303 5749 3361 5802 ἐν
3382 5748 3520 5820 αὐτῇ
3630 5758 3635 5759 ⁷

1942 5840 2208 5914 κειμένων
2240 5844 2339 5916 τῆς
2375 5843 2634 5916 ἀληθείας
2668 5841 2961 5911 ἀπόδειξις,
2997 5842 3108 5897 τῶν
3129 5845 3188 5896 ἐν
3214 5844 3282 5915 τῇ
3310 5841 3525 5919 Παλαιᾷ

3079 5949 3154 6012 18
