4006 6428
481 416 589 474 285

480 524 886 598 προφητειῶνὴ
914 523 1363 597 προαναφώνησις
1391 518 1480 596 ῆν,
1504 522 1597 589 οὒς
1619 523 2062 597 ἀποστραφέντες

484 611 629 672 οὗτοι
662 619 763 672 οὐκ
811 616 1152 671 αἰσθάνονται
1203 616 1313 669 τῶν
1344 616 1639 688 προφητῶν
1692 615 1893 687 μᾶλλον
1936 616 2064 678 τοὺς

485 711 812 773 ἀποστόλους
837 708 1222 779 ἀτιμάσαντες.
1264 708 1377 761 Ἑνὶ
1418 708 1518 780 μὲν
1552 703 1646 763 οὖν
1666 708 1855 780 τρόπῳ
1890 708 2068 779 τούτῳ

486 801 584 872 τὴν
615 800 823 871 Καινὴν
852 797 1296 870 καθυϐρίζουσιν,
1327 798 1503 870 ἑτέρῳ
1524 798 1580 852 δὲ
1613 798 1775 853 πάλιν
1803 797 2063 869 δευτέρῳ,

484 893 563 962 τῷ
586 891 656 945 τά
694 890 914 945 πλείονα
968 891 1138 962 αὐτῆς
1180 888 1434 959 ἐκκόψαι.
1463 888 1614 960 Πλὴν
1640 889 1777 944 ἀλλά
1808 888 1905 943 καὶ
1930 889 2067 959 αὐτὴ

482 986 591 1038 τῶν
623 985 681 1037 ἐν
709 986 776 1054 τῇ
804 984 943 1055 αὐτῇ
988 981 1259 1052 κειμένων
1292 983 1326 1052 ἡ
1356 979 1588 1052 δύναμις
1628 980 1870 1052 τοσαύτη
1904 993 1956 1048 ⁸,
1993 980 2071 1045 ὡς

487 1076 579 1130 καὶ
602 1076 698 1130 ἀπ’
729 1072 909 1128 αὐτῶν
929 1073 1037 1127 τῶν
1061 1072 1331 1144 λειψάνων
1359 1072 1679 1144 εὐφώρατον
1705 1072 1889 1128 αὐτῶν
1918 1073 2073 1142 γενέ-

487 1166 611 1222 σθαι
634 1166 894 1236 ποιεῖτὴν
921 1164 1256 1235 κακουργίαν
1274 1181 1290 1197 ο
1325 1163 1395 1219 τά
1421 1165 1530 1237 γὰρ
1559 1163 1911 1220 ἀποκοπέντα
1934 1162 2072 1235 μέλη

487 1257 683 1331 κράζει
702 1258 795 1313 καὶ
821 1257 939 1330 βοᾷ,
977 1256 1077 1329 τὴν
1099 1256 1237 1328 πρὸς
1273 1255 1346 1313 τά
1371 1258 1547 1312 οίκεῖα
1572 1256 1715 1330 μέλη
1753 1255 2073 1330 συμφωνίαν

488 1349 869 1423 ἐπιζητοῦντα.

559 1516 625 1565 ε’.
659 1507 783 1572 Πῶς
811 1501 905 1562 οὖν
925 1505 1304 1576 ἀποδείξομεν,
1332 1504 1412 1559 ὅτι
1449 1504 1662 1576 Καινῆς
1691 1504 1784 1558 καὶ
1828 1503 2072 1566 Παλαιᾶς

489 1597 571 1665 εἷς
590 1603 739 1655 ἐστιν
758 1601 785 1655 6
802 1598 1101 1671 νομοθέτης
1119 1614 1134 1663 ;
1178 1597 1310 1653 Ἀπὸ
1337 1597 1544 1652 τούτων
1559 1597 1589 1638 b
1606 1595 1714 1649 τῶν
1738 1596 1870 1668 παρ’
1890 1596 2073 1660 αὐτοῖς

492 1688 964 1762 ὑπολελειμμένων
1004 1688 1266 1760 ῥημάτων
1303 1687 1412 1742 τῶν
1438 1685 1831 1749 ἀποστολικῶν,
1858 1685 1896 1740 ἀ
1928 1684 2076 1740 δοκεῖ

494 1782 593 1854 μὲν
622 1781 766 1853 ἔχειν
791 1780 884 1834 τοῦ
913 1779 1079 1851 νόμου
1108 1778 1466 1851 κατηγορίαν,
1504 1778 1787 1849 συνίστησι
1825 1776 1882 1830 δὲ
1912 1776 2075 1830 αὐτὸν

470 1872 750 1944 μάλιστα,
771 1872 869 1926 καὶ
897 1870 1133 1924 δεικνύει
1166 1869 1309 1924 θεῖον
1333 1869 1464 1925 ὄντα
1488 1868 1736 1942 χρησμὸν
1753 1868 1848 1923 καὶ
1871 1868 2077 1923 ἀνωθεν

492 1965 718 2034 ἥκοντα.
747 1962 860 2016 Καὶ
886 1961 1047 2016 τοῦτο
1070 1960 1128 2014 δέ
1154 1961 1254 2033 τῆς
1273 1959 1368 2015 τοῦ
1408 1959 1728 2032 Πνεύματος
1749 1960 1964 2030 ἐγένετο
1984 1976 2076 2014 σο·

496 2055 647 2125 φίας,
679 2053 821 2108 ὥστε
841 2056 908 2125 τῇ
944 2053 1217 2125 προχείρῳ
1240 2055 1397 2125 ρήσει
1424 2051 1812 2117 δελεασθέντας
1837 2052 1963 2117 τοὺς
1983 2051 2077 2106 τοῦ

495 2149 660 2220 νόμου
695 2143 1135 2218 κατηγοροῦντας
1164 2145 1395 2211 ἄκοντας
1425 2144 1523 2200 καὶ
1556 2144 1889 2214 ἀγνοοῦντας
1928 2143 2081 2210 δέξαι

496 2239 621 2294 σθαι
657 2238 757 2311 τὴν
795 2238 936 2310 ὑπὲρ
975 2237 1141 2291 αὐτοῦ
1174 2237 1571 2309 γεγραμμένην
1603 2236 1932 2307 ἀπολογίαν·
1968 2236 2076 2301 ἵνα,

494 2325 564 2381 ἂν
603 2326 701 2398 μὲν
729 2324 999 2397 θελήσωσι
1022 2324 1159 2397 πρὸς
1191 2325 1288 2395 τὴν
1318 2324 1580 2398 ἀλήθειαν
1608 2325 1757 2392 ἰδεῖν,
1787 2326 1953 2397 ἔχωσι
1981 2325 2080 2398 τὴν

464 2417 655 2489 ,ῥῆσιν
685 2416 783 2490 την
811 2415 1259 2488 χειραγωγοῦσαν
1288 2416 1490 2481 αὐτούς
1509 2436 1522 2448 ·
1569 2417 1636 2471 ἂν
1688 2416 1745 2471 δέ
1779 2416 2080 2489 ἐπιμένωσι

496 2509 564 2579 τῇ
593 2507 838 2578 ἀπιστίᾳ,
862 2506 1133 2577 μηδεμιᾶς
1160 2505 1490 2580 συγγνώμης
1515 2507 1700 2563 λοιπὸν
1727 2507 1952 2579 τύχωσι,
1987 2508 2083 2563 καὶ

496 2598 703 2663 αὐτοῖς,
734 2595 817 2661 οίς
848 2595 1065 2650 δοκοῦσι
1098 2595 1398 2664 πιστεύειν,
1431 2597 1789 2662 ἀπιστοῦντες
1814 2598 1957 2653 κατά
1983 2598 2083 2670 τῆς

486 2686 708 2743 τέαυτῶν
739 2686 1036 2760 σωτηρίας.
1089 2686 1198 2741 Ποῦ
1229 2686 1408 2741 τοίνυν
1442 2687 1477 2757 ἡ
1506 2687 1684 2759 Καινὴ
1739 2685 1943 2757 ἐαυτῆς
1988 2688 2084 2741 καὶ

497 2784 601 2853 τῆς
632 2778 880 2844 Παλαιᾶς
925 2778 1022 2833 ἐνα
1056 2779 1148 2832 τὸν
1178 2777 1475 2849 νομοθέτην
1500 2773 1640 2833 εἶναί
1662 2795 1830 2849 φησι;
1873 2777 2082 2832 Πολλα-

499 2872 599 2945 χοῦ
627 2872 726 2944 μέν
756 2871 852 2925 καὶ
878 2867 1115 2942 ἀλλαχοῦ
1137 2885 1151 2900 ·
1178 2871 1340 2941 ἡμεῖς
1358 2869 1416 2922 δὲ
1442 2868 1658 2939 ἐκείνην
1685 2869 1823 2933 τέως
1854 2868 2086 2922 σπουδά-

504 2963 669 3033 ζομεν
691 2962 789 3033 τὴν
808 2960 1115 3034 περικοπὴν
1130 2962 1209 3024 είς
1238 2959 1403 3031 μέσον
1423 2960 1672 3028 ἀγαγεῖν,
1689 2959 1788 3030 τὴν
1817 2959 1911 3013 καὶ
1935 2958 2087 3032 παρά

502 3054 617 3116 τοῖς
646 3051 962 3121 Μανιχαίοις
986 3050 1298 3120 σωζομένην
1322 3049 1403 3102 ἔτι
1432 3049 1527 3102 καὶ
1554 3049 1670 3103 νῦν.
1698 3050 1794 3113 Τίς
1818 3045 1910 3105 οὖν
1939 3051 2087 3106 ἐστιν

476 3166 483 3189 λ
503 3143 675 3214 αὐτης
705 3140 919 3211 Λέγει-ἐ
957 3158 1090 3211 μοι,
1127 3144 1181 3195 οὶ
1208 3140 1329 3198 ὑπὸ
1368 3140 1558 3209 νόμον
1598 3140 1878 3209 θέλοντος
1912 3143 2084 3213 εἶναι,

505 3235 660 3306 φησὶ,
689 3233 797 3287 τὸν
837 3234 1027 3303 νόμον
1056 3234 1167 3287 οὐκ
1212 3232 1494 3298 ἀκούετεζ,
1545 3231 1635 3286 ὅτι
1688 3232 1942 3304 Ἀϐραὰμ
1977 3233 2087 3289 δύο

500 3325 676 3392 υἱοὺς
703 3324 893 3395 ἔσχεν
914 3367 929 3392 ,
958 3323 1069 3378 ἕνα
1106 3323 1175 3377 ἐκ
1204 3321 1315 3391 τῆς
1365 3322 1715 3392 παιδίσκης,
1745 3322 1844 3377 καί
1882 3322 1990 3378 ἕνα
2018 3324 2088 3380 ἐκ

505 3415 615 3486 τῆς
642 3414 1177 3489 [274]ἐλευθέρας;
1233 3415 1512 3468 Ἤκουσαν
1568 3416 1616 3468 οί
1670 3415 1958 3489 αἱρετικοὶ,
2004 3416 2087 3470 ὃτι

475 3507 603 3562 Ἰἕνα
631 3509 698 3560 ἐκ
726 3506 826 3577 τῆς
850 3506 1162 3578 παιδίσκης,
1193 3506 1286 3560 καὶ
1312 3504 1515 3570 εὐθέως
1551 3505 1904 3578 ἐπεπήδησαν
1923 3523 1936 3537 ·
1969 3508 2086 3563 ἐνό-

508 3616 674 3669 μισαν
700 3597 809 3669 γάρ
832 3597 1168 3669 κατηγορίαν
1192 3593 1332 3650 εἶναι
1361 3594 1456 3649 τοῦ
1487 3597 1653 3667 νόμου
1684 3596 1742 3650 τὸ
1771 3597 2084 3669 λεγόμενον·

484 3687 602 3741 an".
651 3686 985 3756 ἐκκόψαντες
1032 3686 1203 3758 αὐτὴν
1253 3686 1355 3757 τῆς
1388 3686 1582 3757 λοιπῆς
1639 3687 1980 3752 ἀκολουθίας,
2013 3688 2089 3753 ὡς

510 3774 916 3849 συνηγοροῦσαν
946 3775 1130 3840 αὐτοῖς
1163 3775 1472 3848 κατέχουσι.
1501 3776 1640 3847 Φέρε
1666 3772 1759 3830 οὖν
1798 3778 1892 3831 ἀπ’
1923 3779 2089 3833 αὐτοῦ

488 3869 768 3940 ,δείξωμεν
784 3867 880 3923 ἐνα
907 3868 1038 3922 ὄντα
1060 3867 1151 3921 τὸν
1181 3866 1497 3940 νομοθέτην.
1531 3868 1775 3938 Ἀϐραὰμ
1795 3867 1903 3923 δύο
1923 3871 2092 3938 υἱοὺς

488 3962 712 4029 ἔσχεν,
761 3959 870 4014 ἕνα
917 3959 986 4014 ἐκ
1030 3958 1141 4028 τῆς
1195 3959 1545 4029 παιδίσκης,
1586 3960 1687 4014 καί
1723 3961 1832 4014 ἕνα
1862 3962 1932 4015 ἐκ
1980 3963 2092 4033 τῆς

504 4049 829 4118 ἐλευθέρας
848 4066 862 4081 ’
886 4049 1075 4103 ταῦτα
1099 4049 1167 4104 δέ
1190 4049 1345 4115 ἐστι,
1373 4052 1558 4122 φησὶν,
1577 4051 2089 4122 ἀλληγορούμενα.

510 4139 577 4193 Τί
608 4138 666 4192 δέ
713 4141 900 4204 ἐστιν,
945 4140 1501 4209 ’Δλληγομούμενιη
1562 4140 1735 4195 Τύποι
1779 4143 1889 4196 τῶν
1939 4144 1997 4196 ἐν
2027 4146 2092 4216 τῇ

504 4229 697 4302 ,χάριτι
730 4229 1036 4300 γενομένων
1061 4225 1200 4300 ἦσαν
1235 4230 1305 4284 τά
1323 4233 1381 4283 ἐν
1402 4234 1471 4304 τῇ
1495 4232 1710 4304 Παλαιᾷ
1740 4233 1986 4307 Διαθήκῃ
2012 4252 2097 4304 γι-

511 4320 732 4391 νόμενα.
766 4320 979 4393 Ὠσπερ
1003 4321 1113 4393 γὰρ
1145 4322 1263 4375 ἐκεῖ
1289 4321 1382 4376 δύο
1407 4327 1685 4393 γυναῖκες,
1715 4324 1889 4389 οὔτως
1910 4325 2096 4380 ἐνταῦο

506 4410 579 4466 θα
603 4409 696 4464 δύο
719 4411 1009 4483 Διαθῆκαι.
1045 4412 1268 4484 Πρῶτον
1298 4414 1396 4485 μὲν
1434 4417 1493 4468 ἐν
1518 4415 1692 4487 τούτῳ
1728 4415 1969 4470 δείκνυσι
1997 4419 2096 4491 τὴν

512 4502 831 4570 συγγένειαν
853 4503 951 4574 τῆς
970 4503 1178 4574 Καινῆς
1200 4504 1338 4576 πρὸς
1362 4503 1460 4576 τὴν
1483 4503 1749 4569 Παλαιὰν,
1766 4505 1894 4559 ὅταν
1916 4507 2097 4560 ἐκεῖνα

509 4593 716 4649 τούτων
764 4592 1018 4666 ᾖτύπος.
1079 4598 1141 4652 Ὃ
1171 4598 1280 4671 γὰρ
1313 4598 1482 4663 τύπος
1532 4598 1634 4671 τῆς
1689 4598 1950 4672 ἀληθείας
1998 4600 2097 4653 οὐκ

507 4685 790 4750 ἐναντίον,
835 4688 971 4741 ἀλλά
1016 4691 1301 4759 συγγενές.
1346 4691 1410 4744 El
1443 4690 1501 4744 δὲ
1531 4691 1772 4757 ἐναντίος
1808 4686 1878 4762 ῆν
1905 4693 1934 4746 6
1962 4692 2094 4756 Θεὸς

506 4774 613 4845 τῆς
640 4776 878 4842 Παλαιᾶς
903 4779 981 4850 τῷ
1012 4781 1131 4852 Θεῷ
1155 4782 1255 4852 τῆς
1281 4782 1513 4852 Καινῆς,
1544 4783 1645 4836 οὐκ
1665 4781 1856 4853 ἔμελλε
1871 4782 1959 4837 διά
1989 4783 2096 4838 τῶν

513 4868 790 4934 γυναικῶν
818 4870 1216 4940 προδιατυποῦν
1264 4874 1363 4944 τῆς
1406 4875 1617 4947 Καινῆς
1666 4875 1947 4947 Διαθήκης
1997 4877 2097 4949 τὴν

513 4957 810 5029 ὑπεροχήν.
840 4962 904 5014 Εἰ
934 4962 991 5015 δέ
1025 4963 1121 5017 καὶ
1151 4967 1359 5029 ἐκεῖνος
1384 4965 1814 5037 προδιετύπωσε,
1836 4967 1929 5021 τὸν
1953 4966 2098 5020 Παύ-

512 5049 603 5103 λον
625 5051 794 5121 ἐχρῆν
827 5053 904 5122 μὴ
935 5054 1353 5125 ἀποχρήσασθαι
1379 5056 1460 5128 τῷ
1487 5056 1664 5128 τύπῳ.
1700 5058 1764 5112 El
1784 5057 1842 5112 δὲ
1860 5057 2093 5127 λέγοιεν,

508 5134 598 5188 ὅτι
640 5136 900 5209 Ἰουδαϊκῇ
934 5142 1380 5208 συγκαταϐαίνων
1400 5145 1678 5219 ἀσθενείᾳ,
1705 5147 1864 5201 τοῦτο
1895 5148 2090 5210 ἐποίει,

510 5227 685 5301 ἐχρῆν
734 5228 831 5285 καὶ
859 5231 1083 5304 Ἕλλησι
1124 5234 1466 5306 κηρύττοντα
1506 5237 1711 5301 τύπους
1754 5238 2099 5310 Ἑλληνικοὺς·

502 5320 778 5390 εἰσάγειν,
810 5322 904 5377 καὶ
938 5323 1183 5396 ίστορίας
1207 5326 1520 5397 μεμνῆσθαι
1552 5327 1662 5380 τῶν
1696 5327 1826 5399 παρ’
1871 5327 2096 5400 Ἕλλησι

515 5413 894 5484 γεγενημένων
920 5417 1287 5488 πραγμάτων.
1328 5416 1489 5471 Ἀλλά
1510 5418 1612 5471 οὐκ
1646 5418 1871 5489 ἐποίησε
1897 5418 2056 5472 τοῦτο
2080 5435 2095 5449 ·

516 5501 612 5555 καὶ
635 5503 781 5572 μάλα
799 5508 1043 5574 εἰκότως.
1082 5510 1296 5566 Ἐκεῖνα
1323 5509 1424 5581 μὲν
1451 5510 1561 5581 γὰρ
1595 5509 1747 5562 οὐδὲν
1780 5509 1957 5563 κοινὸν
1984 5505 2098 5580 εἶχε

519 5591 657 5658 πρὸς
693 5592 794 5655 τὴν
830 5595 1087 5667 ἀλήθειαν
1107 5637 1124 5663 ,
1156 5598 1330 5655 ταῦτα
1364 5601 1421 5655 δὲ
1460 5599 1599 5654 Θεοῦ
1627 5599 1867 5672 χρησμοὶ
1895 5599 1988 5654 καὶ
2017 5600 2101 5653 νό-

580 5738 610 5804 f‘
636 5746 858 5804 Τοσαύτη
881 5748 1024 5795 deest
1045 5751 1093 5796 in
1118 5763 1235 5798 mss.

582 5797 613 5837 δ
634 5803 745 5853 Mss.
768 5797 1038 5857 ἀπἀὐτῶν.

1176 422 1231 477 S.
1276 423 1351 479 JO
1369 422 1562 477 \‘NNIS
1601 420 2090 477 CHRYSOSTOMI
2132 420 2448 475 ARI’ZHIEP.
2491 413 3039 477 CONSTANTINOP.

3636 403 3743 457 εεε

2178 536 2294 591 μοι·
2327 521 2409 575 διὸ
2441 521 2534 575 καὶ
2562 520 2766 591 πολλὴν
2800 523 3118 590 συγγένειαν
3152 516 3263 589 ἔχει
3288 518 3353 572 τά
3378 517 3590 572 παλαιά
3617 521 3756 590 πρὶς

2170 612 2267 684 τὴν
2291 612 2499 685 Καινὴν
2533 611 2830 683 Διαθήκην.

2241 792 2315 849 ς’,
2359 784 2582 857 Πρῶτον
2618 784 2718 856 μὲν
2752 778 2845 839 οὖν
2889 782 3045 838 τοῦτο
3067 781 3358 847 δείκνυσιν,
3398 782 3486 835 ὃτι
3514 781 3685 852 πολλῆ
3713 783 3748 852 ἢ

2173 877 2462 947 συμφωνία
2485 876 2585 948 τῆς
2604 876 2814 947 Καινῆς
2834 874 2970 947 πρὸς
2990 873 3089 944 τὴν
3112 872 3384 928 Παλαιάν·
3404 873 3666 944 δεύτερον
3699 872 3757 925 δὲ

2168 968 2269 1021 οὐκ
2292 965 2511 1021 ἔλαττον
2526 964 2741 1032 τούτου,
2761 964 2855 1019 καὶ
2878 964 3014 1035 αὐτῇ
3041 965 3106 1034 τῇ
3139 963 3369 1034 ἱστορίᾳ.
3404 963 3584 1015 Ὦσπε
3593 978 3623 1030 ρ
3646 961 3759 1030 γὰρ

2172 1060 2293 1112 τότε
2317 1056 2412 1112 δύο
2442 1059 2699 1127 γυναῖκες
2735 1051 2874 1128 ῆσαν
2911 1055 3029 1119 ἐνὸς
3065 1054 3281 1126 ἀνδρὸς,
3334 1052 3479 1107 οὕτω
3528 1053 3626 1105 καὶ
3661 1051 3756 1105 νῦν

2170 1147 2264 1201 δύο
2283 1146 2550 1220 Διαθῆκαι
2579 1147 2697 1213 ἐνὸς
2748 1147 3036 1219 νομοθέτου
3064 1163 3078 1176 ·
3124 1146 3269 1209 ἐπεὶ,
3303 1145 3369 1199 ἀν
3397 1143 3560 1207 ἄλλος
3654 1143 3759 1211 τῆς

2172 1240 2404 1312 Καινῆς,
2434 1241 2531 1294 καὶ
2556 1240 2717 1305 ἀλλος
2744 1240 2843 1310 τῆς
2869 1239 3136 1305 Παλαιὰ,
3179 1235 3450 1313 περιττῶς
3472 1236 3575 1307 τὴν
3611 1237 3760 1289 ἱστο-

2176 1330 2297 1404 ρίαν
2341 1333 2658 1404 είσήγαγεν.
2707 1331 2783 1387 Οὐ
2822 1331 2933 1401 γάρ
2985 1330 3147 1395 ἀλλος
3186 1330 3286 1401 μὲν
3324 1325 3394 1400 ῆν
3411 1332 3512 1400 τῆς
3540 1328 3758 1399 Σάρρας

2173 1424 2314 1496 ἀνὴρ
2336 1463 2354 1492 ,
2404 1422 2564 1487 ἄλλος
2600 1422 2659 1476 δέ
2711 1421 2810 1492 τῆς
2845 1421 3049 1492 Ἅγαρ,
3103 1417 3219 1473 ἀλλ’
3250 1414 3329 1484 εἷς
3364 1421 3459 1474 καὶ
3494 1421 3524 1472 6
3567 1417 3756 1480 αὐτός.

2176 1514 2338 1567 Ὥστε
2357 1553 2373 1579 ,
2419 1514 2549 1567 ὃταν
2572 1512 2708 1585 λέγῃ
2727 1550 2743 1576 ,
2776 1506 2960 1567 Αὗται
3010 1509 3122 1581 γάρ
3147 1512 3267 1565 εισι
3302 1510 3413 1564 δύο
3446 1508 3759 1576 διαθῆκαι,

2173 1603 2326 1659 οὐδὲν
2351 1602 2537 1673 ἓτερον
2565 1601 2718 1670 λέγει
2740 1643 2754 1668 ,
2778 1601 2891 1656 ἀλλ’
2913 1601 2971 1673 ἢ,
2995 1601 3078 1655 ὅτι
3096 1599 3195 1654 ἕνα
3221 1599 3403 1670 έχουσι
3431 1597 3761 1669 νομοθέτην,

2175 1694 2428 1766 καθάπερ
2466 1696 2671 1748 ἐκεῖναι
2725 1693 2823 1747 ἐνα
2858 1693 3026 1763 ἄνδρα
3055 1692 3149 1745 τὸν
3215 1690 3487 1763 Ἁϐραάμ.
3545 1689 3693 1743 Ἀλλ’
3726 1691 3765 1759 ἡ

2179 1787 2276 1860 μὲν
2305 1786 2486 1858 δούλη,
2520 1785 2705 1857 φησὶν.
2736 1786 2771 1856 ἡ
2803 1785 2858 1837 δέ
2885 1784 3149 1856 ἐλευθέρα
3190 1779 3283 1854 ἦν.
3333 1782 3444 1836 Καὶ
3484 1782 3537 1835 τί
3558 1779 3764 1846 τοῦτο;

2174 1880 2313 1943 τέως
2340 1879 2450 1949 γὰρ
2473 1877 2806 1949 ζητούμενον
2832 1871 2922 1945 ἦν,
2947 1878 2997 1929 εί
3021 1870 3104 1939 εἷς
3131 1874 3410 1945 ἑκατέρων
3433 1870 3759 1942 νομοθέτης.

2176 1969 2678 2035 Καταδεξάσθωσαν
2733 1968 2913 2022 τοίνυν
2966 1966 3125 2020 τοῦτο
3168 1965 3455 2036 πρότερον,
3494 1960 3589 2015 καὶ
3630 1959 3767 2012 τότε

2179 2063 2314 2136 πρὸς
2366 2065 2539 2116 ἐκεῖνο
2593 2061 2777 2124 αὐτοῖς
2829 2055 3295 2129 ἀποκρινούμεθα.
3336 2055 3433 2107 “Av
3457 2053 3565 2123 γὰρ
3594 2050 3772 2104 τοῦτο

2178 2154 2601 2225 καταναγκάζῃς
2627 2153 2822 2215 αὐτοὺς
2847 2148 3122 2216 δέξασθαι,
3157 2147 3253 2202 καὶ
3281 2143 3587 2205 πεισθῶσιν,
3607 2140 3771 2195 ἅπαν

2179 2246 2358 2300 αὐτῶν
2385 2244 2445 2299 τὺ
2466 2244 2641 2314 δόγμα
2666 2243 2964 2314 οἰχήσεται.
2998 2242 3165 2296 Ὅταν
3184 2240 3293 2311 γὰρ
3314 2238 3511 2311 εὑρεθῇ
3530 2235 3625 2289 τοῦ
3653 2236 3770 2290 αὐ-

2177 2337 2272 2393 τοῦ
2306 2335 2597 2408 νομοθέτου
2630 2334 2723 2388 καὶ
2752 2337 2785 2405 ἡ
2819 2330 3032 2387 Παλαιά
3055 2327 3215 2397 οὖσα,
3254 2330 3502 2400 καθάπερ
3532 2323 3625 2382 οὖν
3656 2327 3773 2380 καὶ

2179 2430 2315 2498 ἔστι,
2350 2431 2498 2483 πᾶσα
2520 2427 2739 2482 λέλυται
2766 2426 2897 2498 ἡμῖν
2919 2425 2953 2496 ἠ
2980 2423 3118 2494 πρὸς
3142 2422 3382 2485 ἐκείνους
3409 2417 3773 2491 ἀμφισϐήτη’

2183 2536 2288 2583 σις.
2323 2519 2441 2574 Ἷνα
2491 2517 2548 2571 δὲ
2597 2515 2731 2587 μηδὲ
2790 2512 2948 2567 τοῦτο
2976 2512 3120 2582 ὑμᾶς
3152 2509 3377 2581 θορυϐῇ,
3430 2507 3773 2581 πρόσχωμεν

2182 2607 2424 2681 ἀκριϐῶς
2450 2610 2516 2678 τῇ
2547 2608 2722 2678 ῥήσει.
2759 2604 2835 2657 οὐ
2863 2602 2972 2673 γὰρ
3005 2597 3151 2666 εἷπε,
3178 2603 3293 2658 Μία
3327 2600 3424 2671 μὲν
3449 2598 3633 2667 δούλη,
3657 2597 3775 2669 μία

2180 2700 2237 2753 δὲ
2265 2699 2526 2770 ἐλευθέρα
2549 2713 2564 2727 ·
2585 2696 2742 2761 ἀλλὰ,
2767 2697 2885 2750 Μία
2901 2692 3019 2764 μὲν
3036 2696 3126 2760 εις
3146 2692 3434 2747 δουλείαν
3458 2688 3775 2761 τεητῖισα’

2182 2792 2244 2846 οὐ
2283 2792 2501 2855 πάντως
2532 2791 2588 2843 δέ
2619 2790 2653 2861 ὴ
2682 2790 2762 2852 είς
2802 2787 3047 2841 δουλείαν
3077 2782 3403 2855 γεννήσασα.
3432 2780 3591 2846 δούλη
3615 2797 3632 2810 ·
3664 2781 3778 2833 καὶ

2183 2881 2314 2936 αὐτὸ
2345 2881 2403 2934 δὲ
2434 2881 2497 2934 τὸ
2544 2881 2626 2944 είς
2673 2879 2917 2934 δουλείαν
2963 2874 3240 2947 τεχθῆναι,
3273 2872 3336 2927 οὐ
3370 2872 3471 2942 τῆς
3497 2870 3777 2939 τεκούσης

2183 2972 2455 3043 ἔγκλημα,
2487 2972 2623 3026 ἀλλά
2665 2970 2775 3025 τῶν
2798 2968 3098 3039 τεχθέντων
3128 2965 3372 3021 παιδίων.
3416 2963 3628 3033 Ἐπειδὴ
3652 2964 3779 3035 γὰρ

2183 3064 2284 3136 τῆς
2306 3063 2620 3135 ἐλευθερίας
2646 3061 2739 3115 διά
2759 3062 2857 3131 τὴν
2876 3060 3077 3114 κακίαν
3107 3058 3332 3121 ἑαυτοὺς
3354 3055 3777 3127 ἀπεστέρησαν,

2185 3158 2279 3211 καὶ
2303 3156 2403 3226 τῆς
2426 3154 2702 3223 εὐγενείας
2725 3151 3001 3217 ἐξέπεσον,
3027 3150 3103 3214 ὡς
3123 3148 3341 3212 δούλους
3365 3146 3559 3209 αὐτοὺς
3585 3143 3781 3215 ἀγνώ-

2189 3264 2354 3320 μονας
2388 3246 2706 3300 ἐπαίδευσεν
2754 3243 2784 3296 6
2813 3241 2948 3305 Θεὸς
3002 3240 3153 3312 φόϐῳ
3202 3239 3460 3308 διηνεκεῖ,
3517 3235 3777 3299 κολάζων

2184 3339 2473 3411 τιμωρίαις
2500 3337 2593 3390 καὶ
2616 3333 2885 3396 ἀπειλαῖς.
2919 3331 3116 3385 Πολλοὶ
3135 3331 3266 3399 γοῦν
3292 3328 3387 3383 καὶ
3401 3328 3495 3383 νῦν
3529 3325 3779 3398 πατέρες

2189 3429 2338 3504 [275]
2372 3431 2499 3493 τοὺς
2530 3426 2739 3482 ἑαυτῶν
2792 3427 2964 3489 υίούς,
2997 3425 3096 3495 οἰχ
3128 3423 3203 3487 ὡς
3250 3424 3399 3485 υἱοὺς
3455 3419 3775 3488 ἐνάγουσιν,

2186 3523 2322 3575 ἀλλὰ
2360 3520 2496 3593 μετά
2533 3517 2628 3572 τοῦ
2673 3516 2971 3587 πρέποντος
3005 3513 3245 3576 οἰκέταις
3287 3510 3452 3582 φόϐου
3477 3527 3493 3541 ο
3552 3508 3649 3563 καὶ
3703 3510 3779 3563 τὺ

2187 3611 2438 3682 ἔγκλημα
2486 3609 2606 3678 οὐχὶ
2652 3607 2761 3660 τῶν
2821 3604 3072 3677 πατέρων
3103 3604 3271 3669 ἐστὶν,
3318 3600 3453 3656 ἀλλά
3498 3599 3605 3652 τῶν
3640 3600 3778 3663 τοὺς

2190 3702 2433 3773 πατέρας
2467 3696 3004 3770 παρασκευασάντων
3046 3694 3285 3761 παίδων,
3315 3693 3390 3757 ῶς
3436 3691 3645 3754 δούλοις
3671 3707 3777 3743 κε-

2191 3791 2425 3864 χρῆσθαι
2457 3793 2570 3855 τοῖς
2613 3788 2935 3860 ἐλευθέροις.
2971 3785 3128 3840 Οὕτω
3158 3783 3251 3839 καὶ
3282 3786 3310 3838 6
3338 3783 3468 3847 Θεὸς
3513 3782 3606 3835 τὸν
3638 3780 3780 3835 λαὸν

2191 3884 2313 3937 τότε
2339 3884 2542 3936 ἐκεῖνον
2576 3882 2717 3952 μετά
2742 3879 2994 3933 τοσούτου
3037 3877 3201 3948 φόϐου
3235 3876 3329 3930 καὶ
3354 3874 3622 3945 τιμωρίας
3649 3890 3780 3925 τοσ-

2193 3973 2362 4043 αύτης
2390 3971 2571 4043 ἐνῆγε,
2609 3968 2729 4043 μεθ’
2747 3971 2879 4040 ὅσης
2908 3969 3054 4032 εἰκὸς
3078 3963 3147 4039 ῆν
3182 3966 3398 4036 οἰκέτην
3435 3964 3734 4035 ἀγνώμονα
3755 3980 3774 3994 ·

2191 4064 2306 4118 ἀλλ’
2344 4064 2406 4117 οὐ
2460 4062 2763 4133 κατηγορία
2791 4059 2886 4113 τοῦ
2917 4058 3052 4112 Θεοῦ
3094 4059 3152 4111 τὸ
3199 4057 3505 4128 γινόμενον,
3525 4054 3647 4107 οὐδὲ
3676 4053 3778 4123 ἐγ-

2191 4156 2379 4227 κλημα
2408 4154 2502 4209 τοῦ
2531 4154 2718 4225 νόμου,
2748 4152 2886 4205 ἀλλά
2910 4150 3016 4205 τῶν
3042 4147 3449 4220 ἀφηνιαζόντων
3481 4145 3776 4209 Ἰουδαίων,

2195 4222 2556 4319 σφοδροτέρου
2596 4222 2903 4317 *δεηθέντων
2930 4241 3181 4313 χαλινοῦ.
3253 4241 3342 4293 Ἐν
3369 4239 3508 4310 αὐτῇ
3543 4233 3673 4307 γοῦν
3700 4241 3776 4312 τῇ
3828 4222 3831 4227 ”

2194 4336 2405 4409 Παλαιᾷ
2430 4335 2817 4407 εὑρεθήσονται
2844 4333 3028 4387 πολλοὶ
3055 4333 3155 4404 οὐχ
3169 4331 3338 4394 οὕτως
3359 4329 3643 4400 ἀχθέντες,
3659 4324 3776 4383 οἷον

2192 4428 2222 4481 6
2251 4426 2437 4495 Ἅϐελ,
2470 4427 2499 4480 6
2524 4425 2670 4492 Νῶε,
2701 4427 2731 4479 6
2775 4424 3050 4495 Ἀϐραὰμ,
3083 4425 3112 4476 6
3166 4422 3373 4485 Ὶσαάκ,
3417 4423 3446 4473 6
3491 4418 3707 4485 Ἰακὼϐ,
3744 4420 3778 4472 6

2206 4518 2426 4590 Ἰωσὴφ,
2455 4519 2485 4572 6
2509 4517 2768 4588 Μωῡσῆς,
2799 4518 2830 4571 6
2868 4516 3073 4578 Ἠλίας,
3107 4516 3135 4566 6
3183 4514 3505 4574 Ἐλισσαῖος,
3537 4513 3587 4564 οί
3619 4511 3775 4565 ἄλλοι

2194 4613 2418 4678 πάντες,
2442 4612 2556 4665 ὅσοι
2583 4611 2682 4682 τὴν
2704 4612 2762 4662 ἐν
2782 4610 2852 4680 τῇ
2886 4609 3067 4679 Καινῇ
3114 4604 3428 4674 φιλοσοφίαν
3466 4600 3773 4673 ἐζήλωσαν.

2194 4704 2271 4758 Οὐ
2296 4702 2406 4774 γὰρ
2433 4701 2583 4771 φόϐῳ
2608 4701 2705 4754 καὶ
2730 4698 2967 4765 κολάσει,
2994 4696 3118 4751 οὐδέ
3143 4696 3340 4764 ἀπειλῇ
3371 4694 3467 4747 καὶ
3504 4696 3774 4764 τιμωρία,

2194 4793 2311 4849 ἀλλ’
2329 4790 2520 4863 ἀγάπῃ
2540 4791 2661 4862 θείᾳ
2688 4790 2783 4845 καὶ
2805 4788 3013 4860 φίλτρῳ
3038 4786 3212 4853 ζέοντι
3239 4786 3319 4857 τῷ
3346 4785 3474 4855 περὶ
3497 4783 3635 4836 Θεὸν
3653 4783 3775 4852 ἐγέο

2193 4902 2346 4939 ευοντο
2361 4883 2612 4948 τοιοῦτοι,
2632 4877 2734 4935 οἶοι
2754 4881 2821 4953 δὴ
2836 4882 2931 4935 καὶ
2958 4879 3222 4949 ἐγένοντο.
3241 4877 3316 4930 Οὐ
3340 4875 3450 4946 γάρ
3472 4874 3774 4945 ἐδεήθησαν

2199 4976 2654 5047 προσταγμάτων,
2708 4973 2832 5028 οὐδέ
2858 4971 3087 5026 ἐντολῶν
3115 4971 3210 5025 καὶ
3236 4970 3434 5041 νόμων,
3467 4967 3617 5021 ὥστε
3645 4968 3777 5038 ἀρε-

2193 5069 2293 5140 τὴν
2316 5067 2529 5121 ἐλέσθαι
2553 5067 2648 5122 καὶ
2668 5067 2891 5137 φεύγειν
2918 5065 3135 5128 κακίαν,
3171 5061 3288 5116 ἀλλ’
3310 5060 3500 5131 ῶσπερ
3530 5060 3774 5127 εὐγενεῖς

2195 5158 2383 5221 παῖδες
2409 5157 2502 5211 καὶ
2548 5154 2848 5227 ἐλεύθεροι,
2886 5154 2985 5225 τὴν
3013 5153 3221 5208 οίκείαν
3251 5152 3567 5220 ἐπιγνόντες
3594 5150 3774 5215 ἀξίαν,

2197 5249 2365 5320 χωρὶς
2394 5247 2562 5317 φόϐου
2608 5247 2753 5312 τινὸς
2779 5247 2876 5301 καὶ
2921 5246 3196 5311 κολάσεως
3224 5244 3606 5317 ηὐτομόλησαν
3639 5244 3777 5316 πρὸς

2196 5341 2296 5412 τὴν
2327 5338 2556 5411 ἀρετήν’
2611 5341 2661 5394 οί
2696 5340 2756 5393 δέ
2780 5339 2960 5393 λοιποὶ
3005 5339 3206 5402 πάντες
3263 5338 3542 5402 Ἰουδαῖοι,
3588 5335 3777 5406 ἐπειδὴ

2199 5432 2334 5503 πρὸς
2360 5433 2561 5485 κακίαν
2593 5431 2912 5497 ἀπέκλιναν,
2946 5430 3041 5485 τοῦ
3072 5430 3213 5485 κατά
3238 5430 3329 5483 τὸν
3353 5429 3517 5500 νόμον
3550 5428 3776 5499 ἐδεήθη⁴

2199 5539 2300 5576 σαν
2329 5521 2569 5593 χαλινοῦ.
2603 5522 2736 5576 Ὅτε
2760 5523 2890 5591 γοῦν
2911 5522 3173 5593 ἐποίησαν
3205 5521 3297 5575 τὸν
3338 5521 3560 5594 μόσχον,
3596 5523 3690 5574 καὶ
3717 5519 3780 5573 τὸ

2200 5614 2439 5685 γλυπτὸν
2496 5615 2932 5687 προσεκύνησαν,
2989 5616 3111 5669 τότε
3168 5616 3438 5685 ἤκουσαν·
3496 5615 3712 5683 Κύριος
3736 5616 3768 5667 ὁ

2201 5707 2346 5773 Θεός
2390 5720 2529 5772 σου,
2564 5706 2781 5774 Κύριος
2827 5706 2915 5773 εἷς
2959 5706 3157 5760 ἐστιν’
3194 5707 3283 5759 ὅτε
3316 5707 3633 5777 ἐφόνευσαν,
3681 5705 3777 5760 καὶ

2206 5797 2301 5860 τὰς
2321 5798 2584 5867 γυναῖκας
2612 5798 2720 5852 τῶν
2744 5796 2970 5869 πλησίον
2994 5796 3326 5868 διέφθειραν,
3367 5798 3486 5850 τότε
3515 5797 3775 5868 ἥκουσαν,
