4006 6406
238 405 346 468 285

241 527 359 582 Non
412 538 602 597 parum
649 525 794 582 enim
841 526 1119 587 veritatem
1165 522 1283 591 ejus
1333 521 1601 577 illustrant
1632 520 1837 578 Veteris

241 617 577 674 Testamenti
618 617 999 688 prophetarum
1044 616 1328 686 praeconia,
1370 628 1509 683 quos
1552 612 1638 668 isti
1685 626 1838 667 aver-

240 710 412 766 sando
459 725 564 765 nou
616 709 918 779 intelligunt
960 706 1163 776 majore
1206 706 1480 776 apostolos
1508 719 1667 775 quam
1713 717 1840 774 pro-

240 802 433 869 phetas
471 800 799 857 contumelia
839 815 899 855 se
928 799 1165 854 afﬁcere.
1199 797 1393 864 Unam,
1424 797 1658 868 inquam,
1686 794 1838 851 Novo

244 893 594 948 Testamento
624 892 870 963 injuriam
903 892 1101 945 faciunt
1136 890 1323 955 istam;
1366 889 1475 944 alio
1520 902 1648 944 vero
1675 887 1836 943 modo

239 985 464 1049 iterum,
484 982 629 1055 quod
656 983 853 1040 bonam
874 997 941 1036 ex
967 996 1034 1037 eo
1061 989 1264 1051 partem
1294 987 1560 1035 resecant.
1585 982 1834 1034 Attamen

241 1085 390 1130 tanta
420 1084 502 1131 est
533 1090 740 1140 eorum,
767 1088 888 1144 qua)
916 1073 969 1128 in
1014 1073 1104 1128 illo
1141 1071 1504 1137 continentur,
1532 1069 1635 1135 vis,
1672 1079 1729 1125 ut
1755 1070 1835 1124 vel

240 1180 311 1222 ex
341 1166 471 1237 ipsis
499 1165 736 1236 reliquiis
769 1162 925 1219 tacite
948 1162 1268 1219 maleﬁcium
1292 1163 1513 1218 istorum
1539 1161 1837 1232 deprehen-

239 1257 405 1312 datur
435 1274 450 1311 :
492 1264 696 1312 resecta
724 1254 867 1310 enim
898 1254 1139 1310 membra
1176 1254 1429 1321 clamant,
1460 1262 1513 1308 et
1555 1252 1835 1323 pristinum

238 1362 369 1402 cum
421 1346 536 1403 suis
575 1344 835 1402 membris
862 1359 1184 1400 consensum
1233 1343 1598 1399 indesinenter
1655 1342 1834 1413 requi-

240 1449 393 1496 runt.

315 1530 370 1585 5.
413 1527 605 1584 Probat
638 1546 793 1584 unum
843 1544 952 1584 esse
996 1528 1334 1600 legislatorem
1354 1514 1636 1597 utriusque
1658 1525 1836 1581 Testa-

237 1620 399 1674 umui
421 1635 486 1674 ea:
511 1620 800 1689 apostolicis
828 1621 1006 1685 verbis,
1035 1629 1080 1675 et
1105 1636 1168 1674 ea:
1195 1636 1252 1676 eo
1280 1622 1414 1690 quod
1455 1619 1605 1674 Vetus
1632 1618 1837 1673 Novum

237 1712 667 1783 prcﬁgarauerit.
694 1739 767 1753 --
801 1711 1083 1779 Quomodo
1133 1710 1292 1782 igitur
1350 1709 1837 1767 demonstrabimus

243 1803 456 1860 Veteris
483 1813 536 1859 et
561 1803 697 1859 Novi
719 1803 1049 1859 Testamenti
1083 1818 1245 1857 unum
1274 1816 1395 1858 esse
1434 1802 1836 1872 lcgislatorem?

239 1893 325 1947 Ex
346 1892 479 1962 ipsis
498 1894 806 1963 apostolicis
836 1895 1032 1959 verbis,
1059 1909 1182 1964 quae
1216 1892 1360 1962 apud
1386 1894 1533 1963 ipsos
1560 1892 1721 1947 etiam
1751 1905 1837 1948 re-

236 1982 365 2038 licta
395 1992 520 2037 sunt
542 2000 555 2036 :
576 1998 694 2053 quae
718 1986 926 2038 tametsi
971 1984 1137 2053 prima
1166 1983 1341 2037 fronte
1369 1981 1649 2037 videantur
1674 1980 1834 2038 Vetas

242 2071 375 2127 illud
411 2086 690 2139 accusare,
722 2089 828 2128 non
874 2073 1218 2128 mediocriter
1259 2083 1435 2128 tamen
1479 2074 1530 2127 id
1560 2088 1837 2128 commen-

240 2165 395 2231 dant,
424 2174 478 2220 et
503 2164 697 2219 divinis
738 2164 971 2219 oraculis
1005 2165 1213 2219 etelitus
1259 2164 1525 2234 proditum
1551 2178 1671 2218 esse
1696 2163 1838 2219 indi-

237 2264 389 2310 cant.
434 2254 505 2311 Et
531 2255 633 2311 hoc
659 2256 827 2311 sancti
873 2256 1103 2327 Spiritus
1132 2256 1392 2327 sapientia
1422 2255 1619 2310 factum
1645 2264 1747 2319 est,
1781 2262 1840 2310 ut

236 2358 585 2403 accusatores
612 2348 765 2418 legis,
794 2347 971 2403 allecti
1018 2347 1186 2418 prima
1237 2347 1374 2403 faeie
1401 2349 1704 2414 verborum,
1739 2348 1840 2403 im-

239 2436 536 2508 prudentes
562 2447 616 2494 et
647 2438 797 2492 inviti
821 2439 1142 2508 adscriptam
1159 2438 1278 2509 ejus
1291 2438 1661 2493 defensionem
1689 2452 1836 2494 rece-

238 2529 421 2599 perint
450 2546 465 2584 :
495 2537 553 2584 ut
598 2529 644 2584 si
685 2530 881 2585 vellent
910 2529 977 2584 ad
1018 2545 1204 2585 verum
1259 2529 1546 2599 respicere,
1578 2529 1840 2585 haberent

237 2636 544 2678 sermonem
572 2637 732 2692 quem
754 2632 1106 2693 sequerentur
1133 2639 1147 2676 :
1172 2622 1311 2692 quod
1325 2624 1367 2676 si
1392 2623 1445 2676 in
1465 2622 1836 2680 incredulitate

238 2722 637 2782 permanerent,
672 2714 870 2767 nullam
920 2714 1022 2768 sibi
1067 2714 1121 2768 in
1170 2722 1442 2782 posterum
1484 2714 1657 2768 venite
1686 2728 1837 2783 spem

240 2803 501 2874 reliquam
531 2803 765 2859 facerent
793 2821 807 2858 :
841 2813 900 2859 ut
926 2804 1017 2875 qui
1045 2803 1207 2858 etiam
1250 2803 1356 2858 illis
1393 2819 1513 2874 quae
1541 2803 1672 2858 alias
1696 2805 1839 2859 reci-

239 2909 373 2965 pere
398 2893 668 2962 vidcntur,
699 2895 858 2950 ﬁdem
890 2895 942 2949 in
969 2909 1121 2950 suam
1152 2895 1388 2965 ipsorum
1428 2894 1718 2965 perniciem
1743 2894 1840 2950 ab-

240 2994 518 3059 rogarent.
557 2987 659 3044 Ubi
709 2990 870 3060 igitur
917 2987 1125 3043 Novum
1172 2987 1574 3043 Testamentum
1620 3003 1838 3044 suarum

240 3094 311 3135 ac
334 3088 576 3136 veterum
604 3081 779 3150 legum
808 3081 1056 3136 eumdem
1097 3088 1374 3136 auctorem
1420 3094 1543 3136 esse
1575 3079 1840 3136 testatur?

243 3172 314 3227 Et
342 3171 467 3227 alibi
493 3171 708 3243 quidem
734 3186 840 3226 non
873 3187 979 3227 uno
1002 3171 1123 3226 loco
1149 3189 1163 3226 :
1196 3184 1296 3226 nos
1326 3179 1504 3227 tamen
1529 3171 1652 3226 data
1674 3186 1837 3241 opera

240 3276 366 3318 cant
419 3270 598 3317 textus
645 3271 851 3332 partem
896 3260 1251 3328 adducemus,
1283 3276 1402 3331 qua!
1427 3262 1511 3317 vel
1565 3261 1619 3317 in
1669 3261 1839 3317 Mani-

245 3353 521 3408 clarorum
552 3350 827 3407 codicibus
855 3350 1112 3407 hactenus
1136 3351 1331 3405 mansit
1356 3350 1659 3407 incolumis.
1683 3351 1840 3420 Qua:-

242 3459 371 3500 nam
410 3444 564 3500 hac?
606 3444 771 3499 Dicite
792 3445 935 3512 mihi,
968 3444 1158 3516 inqttit,
1180 3444 1266 3514 qui
1291 3444 1383 3498 sub
1407 3444 1516 3514 lege
1535 3442 1686 3499 uultis
1711 3461 1835 3510 esse,

246 3537 411 3608 legem
436 3552 538 3591 non
562 3537 776 3592 audistis
793 3538 820 3592 7
860 3536 996 3608 quod
1028 3535 1285 3591 Abraham
1312 3536 1441 3591 duos
1466 3536 1600 3606 filios
1624 3536 1798 3590 habuit
1817 3551 1836 3589 :

247 3645 493 3686 unumex
518 3630 729 3696 ancilla,
755 3629 973 3685 alterum
1015 3646 1044 3685 e
1087 3630 1245 3684 libera
1293 3626 1436 3701 (Gal.
1481 3630 1536 3684 4.
1579 3628 1671 3684 Si.
1701 3629 1836 3700 22)?

244 3723 581 3779 Audiverunt
600 3721 836 3779 haeretici
859 3739 1020 3777 unum
1043 3722 1293 3778 habuisse
1314 3737 1381 3778 ex
1403 3722 1599 3779 ancilla
1616 3734 1697 3787 ,et
1717 3740 1840 3778 cott-

244 3814 427 3869 festim
445 3824 794 3870 aceurrerunt
818 3832 832 3870 :
864 3814 966 3869 rati
992 3814 1135 3869 enim
1164 3812 1249 3869 bis
1270 3812 1447 3870 verbis
1466 3814 1599 3885 legis
1617 3828 1841 3870 accusa-

245 3907 448 3961 tionem
471 3907 754 3971 eontineri.
775 3908 997 3965 resectis
1015 3909 1491 3979 consequentibus,
1511 3909 1653 3964 illam
1681 3922 1841 3965 aecu-

243 3999 511 4054 sationcm
529 3999 761 4055 retinent
775 4000 878 4057 sibi
897 4001 1338 4071 patrocinantem.
1355 4003 1467 4073 Age
1484 4002 1642 4073 igitur
1656 4016 1720 4057 ex
1742 4002 1841 4057 hoc

243 4092 368 4161 ipso
418 4090 538 4147 loco
587 4092 937 4148 ostendamus
986 4093 1239 4149 eumdem
1289 4109 1411 4150 esse
1456 4094 1837 4164 legislaturem.

246 4182 506 4237 Abraham
541 4182 671 4238 duos
710 4183 849 4254 ﬁlios
886 4182 1079 4251 habuit,
1116 4201 1272 4239 unum
1302 4201 1366 4240 ea:
1391 4184 1600 4250 ancilla,
1626 4185 1839 4239 alterunt

246 4296 315 4335 ex
337 4281 523 4336 libera.
577 4281 702 4336 Haec
738 4292 913 4336 autem
961 4289 1106 4345 sunt,
1154 4281 1354 4351 inquit,
1402 4298 1495 4353 per
1519 4280 1845 4354 allegoriam

248 4369 393 4421 dicta
421 4367 522 4441 (Ib.
550 4387 599 4425 υ.
631 4371 743 4442 25).
776 4370 919 4438 Quid
938 4380 1043 4435 est,
1076 4370 1178 4425 Per
1206 4370 1524 4443 allegoriam
1545 4371 1732 4427 dicta?
1758 4368 1849 4426 Fi-

244 4471 395 4526 gnrae
423 4472 634 4521 eorum,
667 4475 782 4527 qua:
812 4461 913 4513 sub
952 4461 1119 4529 gratia
1149 4470 1487 4530 gererentur,
1518 4472 1674 4518 erant
1696 4479 1843 4533 qua:-

244 4565 478 4621 cnmque
498 4551 598 4606 sub
622 4550 763 4620 Lege
789 4552 1006 4608 ﬁebant.
1041 4554 1189 4608 Sicut
1221 4554 1366 4608 enim
1419 4555 1528 4609 illic
1569 4554 1689 4609 duae
1720 4572 1840 4609 mu-

248 4640 431 4709 lieres,
464 4642 536 4695 ita
567 4640 655 4697 hic
681 4641 790 4698 duo
829 4642 1199 4698 Testamenta.
1240 4643 1473 4698 Primum
1517 4644 1572 4699 in
1622 4645 1723 4700 hoe
1750 4663 1845 4714 ap-

244 4738 403 4802 paret
425 4733 672 4803 cognatio
719 4732 847 4788 Novi
896 4749 1018 4789 cum
1053 4735 1264 4798 Veteri,
1320 4735 1461 4805 quod
1510 4735 1601 4791 illa
1649 4736 1839 4791 horum

248 4824 434 4893 ligarat
463 4834 636 4880 erant.
664 4826 858 4897 Figura
883 4828 1026 4882 enim
1056 4829 1267 4883 veritati
1299 4845 1403 4884 non
1438 4831 1704 4884 contraria
1735 4843 1838 4896 est,

245 4913 343 4969 sed
369 4924 615 4985 cognata.
643 4916 796 4985 Quod
822 4918 868 4974 si
902 4918 1106 4976 Veteris
1132 4920 1275 4975 illius
1317 4920 1456 4975 Deus
1499 4919 1632 4975 Novi
1685 4921 1841 4991 hujus

250 5006 363 5060 Deo
395 5007 703 5062 contrarius
729 5017 895 5074 esset,
926 5009 1334 5082 haudquaquam
1378 5026 1475 5081 per
1500 5012 1619 5066 illas
1656 5013 1844 5067 mulie-

245 5112 339 5151 res
366 5096 494 5151 Nuvi
537 5099 957 5168 pra'cellentiam
1010 5101 1425 5172 pra-ﬁgurasset.
1456 5102 1610 5170 Quod
1662 5104 1706 5158 si
1756 5104 1845 5159 ille

247 5188 631 5259 prmﬁguravit,
664 5206 762 5260 par
789 5199 908 5246 erat
949 5192 1171 5248 Paulum
1199 5208 1307 5248 non
1336 5194 1480 5248 abuti
1510 5194 1609 5250 hac
1651 5194 1843 5265 ﬁgura.

246 5281 345 5335 Sin
375 5293 554 5335 autem
585 5282 787 5349 dicant,
820 5284 960 5352 quod
991 5284 1059 5338 ad
1085 5284 1361 5339 Judaicam
1392 5283 1753 5341 inﬁrmitatem
1784 5302 1844 5341 se

246 5372 538 5426 demittens
567 5373 671 5428 hoc
704 5372 951 5439 faciebat,
983 5377 1267 5446 Oportebat
1299 5392 1420 5432 eum
1448 5379 1610 5432 etiam
1641 5377 1845 5434 Graecis

249 5464 633 5534 prmdicautem
685 5468 880 5538 ﬁguras
918 5470 1233 5523 Graecorum
1275 5469 1553 5537 adhibere,
1580 5480 1635 5525 et
1659 5485 1840 5526 rerum

244 5554 390 5625 apud
418 5556 638 5612 Grarcos
664 5568 934 5627 gestarum
968 5552 1220 5615 historias
1259 5575 1703 5617 commemorare.
1735 5561 1840 5617 Sed

240 5646 350 5703 hoc
390 5664 652 5718 nusquam
700 5650 842 5716 fecit,
881 5660 936 5705 et
977 5653 1190 5705 merito.
1236 5651 1328 5706 illa
1371 5654 1514 5707 enim
1544 5653 1678 5708 nihil
1718 5670 1840 5709 cum

240 5748 468 5795 ventate
506 5754 796 5797 commune
845 5739 1133 5807 habebant,
1165 5742 1279 5795 htee
1322 5754 1499 5797 autem
1554 5743 1646 5798 Dei
1697 5744 1843 5814 leges

239 5840 416 5898 erant,
440 5839 496 5887 et
524 5830 746 5887 oracula
853 5852 868 5890 :
934 5845 1269 5906 quapropter
1331 5855 1525 5910 magna
1592 5833 1844 5908 cognatio

887 404 975 465 DE
1019 400 1264 465 VERBIS
1304 400 1655 474 APOSTOLI,
1698 400 2065 464 HABENTES
2099 408 2384 465 EUMDE)!
2423 402 2765 465 SPlRlTUM.
2809 406 2876 463 ll.

3410 413 3514 467 ἓξὲῐὶ

1939 519 2221 577 veteribus
2270 519 2376 574 illis
2426 534 2550 574 cum
2598 518 2752 575 Novo
2800 517 3152 577 Testamento
3202 522 3513 594 intercedit.

2009 613 2064 669 6.
2087 613 2466 684 Argumentum
2493 613 2775 667 secundum
2798 628 2866 669 ea:
2893 617 3077 669 eadem
3112 615 3359 670 historia.
3394 615 3519 670 Non
3544 676 3551 679 _

1947 706 2097 775 pauci
2124 706 2177 760 in
2217 704 2379 761 Veteri
2406 700 2727 761 Testamento
2751 723 2924 762 arnore
2948 708 3106 773 ducti,
3140 727 3240 764 non
3262 713 3536 767 timore.—

1947 797 2183 853 Primnm
2206 797 2366 868 igitur
2391 808 2763 870 argumentum
2782 799 2885 856 hoc
2909 811 3013 868 est,
3040 802 3203 859 Vetus
3223 802 3538 863 Testamen-

1946 895 2058 943 tum
2090 889 2263 944 modis
2286 890 2535 947 omnibus
2561 906 2682 946 cum
2708 891 2858 948 Novo
2884 907 3212 951 consonare:
3242 897 3538 954 secundum

1942 989 2122 1035 autem
2175 979 2265 1036 illo
2317 996 2423 1035 non
2477 980 2688 1049 minus,
2739 997 2803 1038 ex
2857 983 2970 1053 ipsa
3016 984 3240 1041 historia
3286 989 3532 1048 sumitur.

1941 1068 2404 1137 Quemadmodum
2431 1073 2575 1129 enim
2608 1081 2735 1130 tunc
2761 1072 2883 1132 duae
2914 1075 3170 1134 mulieres
3202 1088 3359 1135 erant
3379 1081 3536 1136 unius

1943 1162 2071 1217 viri:
2102 1163 2174 1217 ita
2204 1178 2346 1220 nunc
2386 1164 2493 1220 duo
2531 1164 2872 1223 Testamenta
2905 1168 3061 1226 unius
3106 1170 3459 1242 legislatoris;
3490 1177 3533 1229 si

1941 1254 2087 1310 enim
2113 1255 2249 1312 alius
2276 1265 2422 1312 esset
2438 1254 2571 1312 Novi
2593 1299 2610 1323 ,
2630 1259 2768 1316 alius
2795 1260 3002 1318 Veteris
3031 1302 3049 1329 ,
3080 1277 3532 1333 supervacaneum

1942 1355 2058 1400 erat
2085 1344 2223 1401 hanc
2253 1346 2529 1403 historiam
2550 1349 2838 1407 adducere.
2865 1351 3048 1423 Neque
3071 1356 3215 1410 enim
3244 1356 3408 1412 alium
3440 1357 3534 1412 ha-

1944 1436 2101 1493 bebat
2122 1438 2254 1495 Sara
2289 1440 2483 1507 virum,
2512 1440 2677 1497 alium
2708 1442 2880 1513 Agar;
2917 1443 3012 1499 sed
3044 1454 3266 1518 utraque
3294 1463 3456 1504 unum
3479 1461 3537 1505 et

1940 1530 2210 1587 eumdem.
2229 1530 2412 1604 Itaque
2434 1533 2663 1589 dicendo
2692 1574 2710 1601 ,
2751 1533 2879 1589 Hice
2911 1537 3043 1590 enim
3078 1547 3196 1592 sunt
3230 1539 3333 1593 duo
3355 1538 3535 1595 Testa-

1940 1632 2108 1678 menta
2157 1623 2326 1695 (Gal.
2355 1626 2411 1680 ι.
2448 1626 2519 1680 ει
2544 1626 2564 1698 )
2590 1667 2607 1693 ,
2640 1627 2769 1681 nihil
2824 1628 2968 1684 aliud
3014 1628 3146 1685 dicit
3189 1646 3348 1702 quam
3393 1634 3535 1704 quod

1940 1712 2190 1769 eumdem
2220 1714 2450 1771 habeant
2473 1715 2857 1787 legislatoretn,
2888 1719 3027 1774 sicut
3050 1720 3153 1775 illa:
3173 1736 3344 1777 unum
3362 1722 3534 1780 virum

1941 1803 2238 1860 Abraham.
2278 1803 2386 1861 Sed
2415 1807 2585 1862 altera
2615 1809 2830 1879 quidem
2858 1819 2973 1865 erat
2998 1824 3152 1867 serva
3176 1853 3193 1879 ,
3216 1814 3385 1870 altera
3405 1831 3538 1872 vero

1941 1896 2129 1953 libera.
2149 1897 2287 1966 Quid
2306 1899 2456 1954 tum?
2479 1899 2738 1957 hactenus
2766 1902 2908 1956 enim
2930 1905 3288 1973 quarrebatur,
3311 1922 3379 1962 an
3401 1923 3538 1964 unus

1941 1988 2219 2058 utriusque
2257 1989 2328 2045 sit
2375 1989 2666 2060 legislator.
2711 1991 2993 2062 Recipiant
3036 1993 3199 2064 igitur
3223 1998 3372 2066 prius
3398 1998 3536 2068 hoc,

1941 2091 2004 2133 ac
2058 2087 2169 2134 tum
2227 2079 2444 2134 demum
2500 2080 2566 2136 ad
2629 2081 2757 2136 illud
2822 2083 3052 2137 alterum
3101 2084 3185 2139 eis
3245 2090 3542 2158 responde—

1943 2173 2135 2227 bimus.
2181 2172 2238 2229 Si
2293 2175 2435 2230 euim
2484 2190 2578 2230 eos
2628 2175 2731 2231 hoc
2786 2187 2843 2231 ut
2903 2178 3220 2246 admittant,
3267 2196 3331 2238 ac
3378 2184 3537 2240 nobis

1942 2266 2306 2323 assentiamur
2332 2310 2347 2335 ,
2396 2269 2638 2341 coegeris
2665 2311 2681 2336 ,
2725 2271 3035 2328 universum
3077 2273 3290 2330 illorum
3336 2276 3531 2348 dogma

1941 2366 2177 2412 corruet.
2227 2357 2520 2428 Comperto
2559 2359 2702 2417 enim
2751 2362 2912 2417 etiam
2953 2362 3162 2420 Veteris
3204 2367 3535 2426 Testamenti

1940 2446 2188 2502 eumdem
2220 2447 2579 2520 legislaturem
2610 2465 2731 2507 esse
2760 2494 2777 2519 ,
2819 2454 2959 2508 sicut
2998 2470 3187 2512 revera
3216 2468 3300 2514 est
3323 2501 3340 2525 ,
3375 2460 3536 2517 linem

1943 2537 2157 2595 habebit
2182 2541 2358 2595 omnis
2389 2540 2601 2596 illorum
2628 2544 2906 2599 nobiscum
2948 2549 3335 2604 controversia.
3379 2552 3533 2606 Atta-

1943 2644 2066 2685 men
2111 2646 2179 2685 ne
2220 2632 2304 2687 vel
2343 2631 2467 2687 hinc
2506 2634 2791 2690 turbemini
2816 2675 2834 2702 ,
2875 2635 3216 2694 advertamus
3256 2639 3536 2711 diligenter

1944 2720 2059 2775 lure
2085 2719 2267 2775 verba.
2300 2721 2415 2777 Non
2445 2724 2586 2778 enim
2614 2723 2748 2779 dixit
2772 2766 2788 2793 ,
2820 2724 2935 2782 Una
2959 2727 3177 2797 quidem
3219 2744 3372 2784 serva
3390 2771 3405 2795 ,
3428 2746 3533 2786 una

1940 2824 2072 2866 vero
2099 2810 2306 2867 libera:
2334 2812 2428 2868 sed
2456 2853 2472 2879 ,
2507 2812 2624 2869 Utta
2662 2815 2864 2886 quidem
2892 2815 2947 2870 in
2993 2817 3279 2872 servitutem
3322 2821 3536 2890 gignens

1942 2900 2129 2973 (Ibid.)
2161 2919 2176 2958 :
2208 2916 2308 2958 nec
2331 2904 2509 2959 statim
2537 2920 2690 2960 serva
2714 2914 2795 2961 est
2821 2945 2837 2970 .
2874 2922 2995 2977 quae
3024 2908 3076 2962 in
3102 2910 3418 2966 servitutem
3447 2913 3531 2982 gi-

1940 2994 2058 3065 gnit
2080 3012 2094 3050 :
2118 2994 2298 3051 ethoc
2324 2997 2496 3066 ipsum
2521 2998 2588 3051 ad
2608 2999 3118 3056 servitutenmatum
3144 3016 3264 3058 esse
3286 3019 3391 3059 non
3417 3017 3534 3059 ma-

1944 3085 2041 3140 tris
2092 3094 2177 3141 est
2240 3088 2445 3143 crimen
2475 3128 2493 3157 ,
2541 3090 2637 3145 sed
2685 3091 3025 3161 parvulorum
3070 3094 3163 3164 qui
3218 3105 3532 3152 nascuntur.

1942 3176 2206 3246 Quoniam
2230 3182 2378 3236 enim
2420 3196 2517 3237 sua
2552 3183 2752 3239 malitia
2783 3185 2992 3256 seipsos
3022 3186 3266 3245 libertate
3292 3190 3536 3261 privave-

1944 3280 2070 3328 runt
2098 3314 2114 3340 ,
2146 3283 2202 3328 et
2238 3288 2269 3329 a
2302 3273 2426 3344 jure
2468 3275 2809 3345 ingenuitatis
2838 3276 3153 3334 exciderunt
3183 3321 3199 3346 ,
3242 3295 3348 3334 non
3376 3295 3533 3337 secus

1942 3378 2102 3434 quam
2134 3364 2372 3434 ingratos
2400 3377 2588 3420 servos
2617 3367 2864 3422 tractavit
2886 3380 2982 3422 eos
3018 3369 3158 3424 Deus
3188 3408 3205 3436 ,
3240 3377 3446 3426 terrore
3471 3387 3535 3427 ae

1943 3456 2103 3510 minis
2135 3457 2422 3525 castigans.
2452 3454 2594 3525 Quin
2635 3466 2692 3512 et
2727 3458 2885 3513 hodie
2922 3460 3074 3515 multi
3115 3470 3296 3532 patres
3333 3463 3539 3517 liberos

1942 3559 2071 3600 suos
2093 3560 2197 3601 non
2229 3555 2286 3600 ut
2306 3545 2466 3614 ﬁlios,
2498 3546 2592 3604 sed
2617 3557 2675 3602 ut
2700 3563 2887 3604 servos
2922 3560 3070 3607 metu
3098 3560 3384 3608 coemant:
3413 3566 3535 3624 qua:

1941 3640 2096 3709 culpa
2129 3654 2232 3694 non
2259 3649 2537 3709 parentum
2560 3651 2663 3708 est,
2703 3642 2800 3698 sed
2824 3643 3074 3711 ﬁliorum,
3104 3646 3193 3716 qui
3221 3662 3382 3702 causa
3421 3648 3535 3704 fue—

1944 3738 2069 3785 runt
2097 3731 2406 3801 parentibus
2430 3739 2486 3786 ut
2506 3733 2756 3789 servilem
2785 3734 2838 3788 in
2871 3735 3089 3790 modum
3127 3737 3195 3791 ab
3218 3738 3301 3792 eis
3325 3738 3531 3795 educa«

1942 3831 2147 3877 rentur.
2173 3821 2437 3879 Eumdcm
2465 3823 2532 3877 ad
2559 3823 2778 3879 modum
2815 3825 2977 3880 etiam
3006 3827 3148 3882 Deus
3174 3827 3296 3897 ejus
3322 3838 3535 3898 tempo-

1919 3914 2018 3968 ris
2038 3914 2293 3985 populum
2319 3915 2615 3971 terroribus
2639 3929 2702 3970 ac
2733 3916 2906 3986 poenis
2931 3917 3230 3983 erudiebat,
3249 3935 3354 3973 non
3370 3920 3532 3976 aliter

1945 4018 2103 4073 quam
2152 4005 2351 4059 nullius
2393 4005 2560 4076 frugis
2599 4020 2853 4071 servum;
2907 4022 3008 4062 nec
3058 4015 3236 4062 tamen
3282 4008 3397 4064 hac
3439 4010 3538 4066 Del

1942 4095 2097 4166 culpa
2125 4095 2240 4162 fuit,
2271 4106 2363 4150 aut
2381 4096 2534 4167 legis,
2563 4096 2657 4152 sed
2678 4096 2986 4152 ludmorum
3034 4100 3403 4168 respuentium
3432 4098 3539 4156 fre-

1944 4203 2103 4253 num,
2137 4196 2192 4243 et
2215 4187 2418 4243 duriori
2446 4187 2603 4245 freno
2627 4203 2763 4260 opus
2799 4188 3132 4245 habentium.
3172 4192 3445 4263 Siquidem
3481 4192 3535 4251 in

1946 4278 2063 4348 ipso
2087 4277 2267 4334 Veteri
2287 4278 2630 4336 Testamento
2650 4281 2847 4336 multos
2876 4282 3116 4351 reperire
3140 4281 3285 4349 licet,
3306 4285 3398 4354 qui
3426 4299 3536 4341 non

1944 4371 2012 4426 ad
2047 4372 2293 4428 eamdem
2331 4373 2440 4428 sint
2480 4373 2634 4428 tracti
2673 4372 3052 4443 disciplinam,
3088 4382 3146 4427 ut
3168 4375 3297 4430 Abel
3323 4415 3339 4440 ,
3373 4375 3485 4430 Noe
3520 4418 3534 4439 ,

1945 4461 2215 4516 Abraham
2244 4503 2260 4530 ,
2284 4461 2464 4530 Isaac,
2492 4462 2692 4525 Jacob,
2717 4462 2952 4532 Joseph,
2972 4462 3146 4517 Moses
3164 4504 3177 4527 ,
3206 4463 3352 4517 Elias
3373 4506 3388 4530 ,
3421 4463 3532 4519 Eli-

1944 4565 2086 4605 smus
2113 4591 2127 4614 ,
2158 4559 2213 4605 et
2237 4565 2427 4606 omnes
2455 4552 2546 4620 qui
2590 4550 2724 4605 Novi
2770 4550 3098 4605 Testamenti
3131 4552 3373 4607 instituta
3410 4563 3533 4609 sum

1946 4640 2215 4695 tumulati:
2244 4654 2353 4695 non
2398 4641 2540 4696 enim
2580 4649 2788 4696 terrore
2818 4656 2884 4696 ac
2919 4641 3113 4712 poenis,
3158 4658 3256 4696 nec
3285 4643 3446 4698 minis
3473 4657 3534 4697 ac

1947 4734 2178 4802 mutetis,
2209 4734 2304 4790 sed
2335 4747 2521 4789 amore
2547 4733 2638 4789 Dei
2665 4775 2681 4801 ,
2715 4743 2770 4789 et
2798 4732 3024 4788 ferventi
3053 4749 3180 4804 erga
3216 4733 3365 4789 illum
3406 4736 3528 4790 affe-

1945 4827 2125 4881 ctione
2156 4825 2290 4880 tales
2309 4840 2434 4895 erga
2464 4824 2628 4880 Deum
2669 4832 2795 4879 sunt
2831 4824 3060 4888 redditi,
3088 4824 3273 4894 quales
3298 4823 3536 4881 fuerunt.

1946 4917 2062 4972 Non
2088 4917 2232 4971 enim
2257 4930 2394 4986 opus
2420 4915 2685 4971 habebant
2710 4915 2995 4982 mandatis,
3017 4930 3191 4982 neque
3208 4916 3540 4986 praescriptis

1947 5017 2003 5064 et
2030 5008 2260 5079 legibus,
2292 5017 2349 5063 ut
2373 5008 2625 5062 virtutem
2662 5016 3001 5062 sectarentur
3023 5020 3087 5061 ac
3106 5006 3233 5060 vitia
3265 5005 3536 5077 fugerent:

1948 5101 2043 5156 sed
2073 5109 2129 5156 ut
2156 5100 2369 5171 ingenui
2400 5107 2454 5153 et
2496 5097 2701 5153 liberali
2744 5097 2960 5168 ingenio
3003 5097 3094 5152 lilii
3120 5139 3135 5165 ,
3175 5107 3536 5166 agnoscentes

1949 5207 2099 5248 suam
2128 5191 2517 5256 conditionem,
2546 5189 2748 5260 absque
2773 5199 2918 5245 metu
2945 5189 3055 5243 ullo
3072 5196 3164 5243 aut
3184 5187 3537 5257 castigatione

1951 5286 2003 5340 in
2026 5285 2241 5340 virtutis
2264 5294 2439 5340 castra
2471 5299 2531 5338 se
2559 5283 2940 5338 contulerunt:
2968 5281 3230 5349 reliquum
3260 5293 3390 5332 vero
3415 5279 3536 5332 vul-

1949 5392 2048 5448 gus
2088 5376 2395 5432 Judrcorum
2430 5418 2445 5443 ,
2482 5376 2735 5446 quoniam
2782 5372 2849 5428 ad
2897 5372 3152 5426 malitiam
3196 5368 3537 5434 defecerant,

1954 5469 2089 5541 legis
2126 5468 2281 5525 freno
2329 5468 2637 5526 necessario
2680 5464 2964 5522 coercendi
3016 5461 3247 5516 fuerunt.
3301 5461 3535 5531 Ideoque

1951 5573 2233 5634 postquam
2268 5563 2491 5616 vitulum
2539 5561 2807 5613 finxerunt
2836 5598 2850 5621 ,
2882 5565 2935 5610 et
2981 5556 3229 5624 sculptile
3278 5555 3537 5609 adorave-

1951 5664 2106 5719 runt,
2134 5662 2245 5706 tum
2271 5651 2487 5706 demum
2515 5648 2819 5712 audierunt,
2850 5645 3100 5700 Dominus
3127 5644 3262 5699 Deus
3291 5654 3408 5697 tuas
3433 5642 3539 5697 Do-

1953 5744 2121 5797 minus
2147 5757 2280 5796 unus
2307 5741 2420 5811 est(
2447 5738 2594 5793 Deut.
2619 5737 2674 5792 6.
2702 5736 2737 5792 4
2762 5740 2816 5806 );
2850 5745 3196 5806 posteaquam
3224 5733 3403 5789 caedes
3444 5750 3535 5804 pa-

1962 5841 2230 5889 traverunt
2296 5840 2350 5885 ct
2406 5843 2599 5885 uxores
2653 5829 2885 5900 proximi
2957 5835 3376 5898 stupravernnt,
3417 5836 3539 5881 tunc
