4006 6424
462 429 564 485 987

467 541 786 596 audiverunt
814 580 826 601 ,
861 533 977 589 Non
1011 533 1202 588 occides
1234 575 1248 599 ,
1283 550 1381 587 non
1409 530 1767 586 nmehaberir:
1798 539 1849 582 et
1885 527 2048 582 simili

468 629 632 686 modo
654 629 852 697 reliqua
879 627 1076 678 munia.

541 723 594 775 7.
629 721 806 789 Itaque
845 731 950 771 non
981 725 1062 770 est
1105 715 1424 784 vituperium
1470 712 1604 782 legis
1627 710 1770 782 quod
1800 709 1978 779 puniat
1997 715 2049 760 et

469 815 690 868 muletet
711 851 727 876 ,
756 819 811 866 et
833 823 1027 864 servos
1047 809 1190 862 velut
1219 806 1494 877 improbos
1521 805 1771 860 emendet
1795 817 1858 857 ac
1883 801 2045 856 casti-

471 913 578 973 get,
605 903 700 958 sed
731 902 1055 973 prteconium
1085 900 1308 970 insigne,
1343 913 1440 953 nee
1469 897 1702 967 vulgaris
1730 897 1847 950 laus
1866 935 1880 961 ,
1906 893 2046 964 quod

471 1011 566 1051 eos
589 994 764 1066 quiad
791 1003 1086 1052 extremam
1113 993 1370 1048 malitiam
1388 991 1635 1060 v-prolapsi
1661 988 1870 1042 fuerant
1899 1027 1913 1051 ,
1949 999 2048 1055 po-

471 1089 631 1142 tuerit
660 1087 949 1142 severitate
993 1100 1088 1139 sua
1128 1084 1355 1138 liberare
1383 1097 1412 1134 a
1440 1082 1582 1136 vitiis
1603 1122 1618 1145 ,
1651 1080 1972 1147 mollireque
1993 1084 2050 1130 et

471 1183 826 1249 obsequentes
872 1177 1054 1248 gratiae
1115 1176 1323 1238 facere,
1363 1184 1522 1242 atque
1573 1172 1638 1226 ad
1678 1185 1867 1225 novam
1915 1168 2050 1222 hanc

473 1272 862 1342 philosophiam
877 1285 978 1325 ceu
988 1269 1126 1323 viam
1151 1266 1434 1338 quamdam
1456 1276 1714 1320 sternere.
1737 1262 1887 1318 rldem
1908 1261 2050 1317 enim

471 1366 699 1437 Spiritus
747 1373 858 1418 tum
903 1361 957 1416 in
997 1359 1175 1416 Veteri
1223 1357 1602 1419 Testamento,
1639 1363 1754 1409 tum
1804 1354 1856 1407 in
1907 1351 2052 1406 Novo

474 1455 820 1529 dispensabat
870 1451 1049 1508 omnia
1077 1493 1092 1518 ,
1141 1451 1267 1506 licet
1301 1449 1515 1504 diverso
1553 1446 1731 1501 modo.
1764 1445 2051 1514 Propterea

474 1551 669 1604 Paulus
681 1547 891 1602 dicebat
911 1561 926 1600 :
946 1543 1192 1598 Habentes
1208 1551 1374 1594 autem
1393 1539 1623 1594 eumdem
1638 1536 1886 1606 Spiritum
1909 1535 2051 1602 ﬁdei,

477 1638 604 1691 sicut
631 1639 869 1708 scriptum
901 1645 972 1689 est
989 1677 1002 1696 ,
1023 1632 1248 1698 Credidi,
1282 1639 1486 1702 propter
1509 1628 1644 1699 quod
1665 1627 1900 1696 loquutus
1919 1641 2049 1680 sum.

554 1731 751 1783 Moram
778 1728 1000 1798 probitas
1024 1741 1136 1778 cum
1162 1723 1282 1792 ﬁdei
1299 1720 1584 1776 sinceritate
1588 1715 2059 1788 ﬁngenda—Nec

479 1821 647 1872 aulum
679 1828 898 1889 propter
925 1816 1025 1870 hoc
1049 1815 1206 1873 dixit.
1241 1810 1490 1864 Eumdem
1511 1809 1765 1876 spiritum,
1784 1801 1878 1861 sed
1904 1812 1958 1857 et
1984 1803 2058 1859 ob

477 1914 634 1966 aliam
674 1925 780 1964 non
811 1909 1064 1962 leviorem
1096 1917 1310 1958 causam
1341 1941 1354 1960 .
1376 1916 1536 1970 quam
1569 1897 1813 1952 volebam
1841 1895 2058 1965 quidem

434 2016 624 2057 vnunc
666 1999 898 2062 ati'erre;
928 1995 1022 2052 sed
1070 1993 1274 2049 veritus
1319 2006 1384 2045 ne
1423 1987 1664 2059 pluribus
1707 1983 1906 2056 gravati
1947 1983 2055 2053 jam

448 2097 738 2149 “dictorum
766 2085 1170 2147 obliviscamini,
1201 2084 1252 2138 in
1269 2082 1425 2137 aliam
1449 2080 1590 2135 diem
1617 2077 1766 2132 vobis
1795 2091 1915 2130 eum
1945 2089 2058 2130 ser-

467 2199 689 2241 monem
713 2180 938 2237 servabo
961 2219 976 2244 ,
1007 2177 1214 2234 interim
1239 2175 1476 2230 hortatus
1495 2212 1512 2238 ,
1545 2178 1601 2225 ut
1629 2177 1946 2241 praesentem
1976 2175 2060 2222 to-

472 2288 592 2331 tum
619 2277 668 2330 in
697 2272 1010 2328 memoriam
1045 2267 1342 2324 recondatis
1374 2307 1390 2330 ,
1422 2275 1581 2333 atque
1618 2262 1902 2332 diligenter
1929 2259 2054 2314 reti-

482 2365 654 2422 neatis
692 2406 708 2428 ,
741 2373 903 2432 utque
951 2362 1173 2414 virtutes
1223 2357 1550 2412 Christianas
1585 2367 1707 2407 cum
1757 2351 2060 2421 dogmatum

489 2459 714 2528 puritate
747 2452 1119 2524 eoiijungatis:
1156 2449 1221 2504 Ut
1263 2450 1334 2502 sic
1364 2447 1453 2514 ﬁat
1478 2445 1668 2514 integer
1695 2443 1844 2496 homo
1876 2439 1970 2494 Dei
1997 2439 2064 2493 ad

485 2545 984 2618 statuatis-bonum
1005 2548 1320 2612 praeparatus
1346 2537 1420 2608 ('2.
1443 2534 1574 2589 Tim.
1602 2535 1654 2589 5.
1677 2531 1762 2604 Π)
1789 2529 2066 2601 :quando-

485 2633 870 2711 quidem-nihil
920 2633 1072 2686 nobis
1118 2628 1373 2701 profuerit
1420 2635 1563 2681 recte
1608 2624 1806 2679 sentire
1835 2662 1850 2686 ,
1877 2622 1920 2675 si
1959 2621 2064 2674 vita

486 2728 695 2784 interim
734 2726 893 2781 fuerit
920 2724 1075 2780 malis
1103 2722 1340 2776 moribus
1371 2719 1548 2772 vitiata
1574 2735 1588 2770 :
1619 2711 2064 2786 quemadmodum

485 2829 671 2878 contra
694 2818 820 2872 nihil
848 2816 1064 2887 prodest
1095 2815 1196 2868 vita
1225 2812 1529 2880 incorrupta
1550 2850 1566 2876 ,
1607 2808 1705 2863 nisi
1744 2804 1965 2863 accedat
2001 2804 2066 2857 ti-

491 2908 576 2959 tei
602 2922 811 2978 quoque
834 2906 1129 2961 sinceritas.
1181 2902 1246 2958 Ut
1273 2901 1428 2971 igitur
1470 2901 1730 2968 integram
1784 2895 2066 2951 utilitatem

487 3008 878 3067 consequamur
903 3037 919 3061 ,
948 2995 1195 3060 utrinque
1223 2991 1375 3045 nobis
1406 2987 1779 3058 provideamus
1810 3027 1825 3052 ,
1867 2985 2069 3040 fructus

486 3088 648 3143 etiam
673 3098 963 3156 generosos
1003 3085 1056 3138 in
1099 3082 1217 3136 aliis
1262 3077 1630 3149 proferentes:
1658 3086 1712 3131 et
1738 3091 1858 3131 eum
1887 3075 2072 3145 primis

487 3180 907 3249 elocutosynam,
927 3174 995 3230 de
1023 3189 1125 3243 qua
1153 3172 1312 3228 etiam
1341 3185 1510 3241 nuper
1536 3169 1602 3223 ad
1634 3183 1728 3223 vos
1751 3166 1915 3222 verba
1946 3166 2068 3233 feci,

488 3285 823 3341 magnaeum
849 3267 1088 3338 largitate
1101 3277 1260 3334 atque
1279 3265 1550 3318 alacritate
1574 3261 1714 3316 illam
1733 3267 2068 3316 exercentes.

490 3361 593 3428 Qui
619 3361 770 3416 enim.
801 3374 949 3430 parce
982 3357 1314 3420 srtninat,.ait
1337 3354 1631 3424 Scriptura,
1662 3368 1813 3422 parte
1835 3359 1882 3406 et
1905 3358 2071 3404 metet:

485 3461 532 3506 et
555 3451 641 3524 qni
658 3451 869 3506 seminat
892 3449 959 3502 in
989 3445 1414 3502 benedictionibus
1438 3485 1457 3509 ,
1484 3443 1546 3496 de
1557 3439 1990 3496 benedictionibus
2015 3449 2065 3492 et

485 3552 630 3597 metet
654 3540 732 3611 (2.
757 3539 875 3596 Cor.
902 3538 1057 3607 9.6).
1071 3537 1206 3604 Quid
1233 3544 1334 3600 est,
1353 3534 1414 3588 In
1441 3532 1868 3588 benedictionibus
1888 3532 1914 3586 .9
1939 3530 2072 3585 Cum

489 3648 682 3703 magna
714 3631 978 3702 largitate.
1011 3629 1122 3684 .llie
1163 3628 1378 3697 quidem
1426 3627 1477 3679 iu
1528 3625 1688 3680 rebus
1732 3622 2078 3680 smeularibus

489 3737 596 3781 tam
627 3723 815 3778 messis
838 3737 995 3793 quam
1025 3719 1280 3776 sementis
1305 3715 1614 3773 earumdem
1646 3722 1728 3770 est
1767 3713 2030 3770 seminum
2059 3728 2074 3764 :

491 3831 612 3872 nam
643 3814 732 3885 qui
762 3813 940 3879 serit,
975 3811 1204 3866 triticum
1243 3819 1338 3864 aut
1379 3808 1637 3862 hordeum
1687 3806 1958 3870 seminat,
1987 3811 2078 3858 aut

485 3905 938 3978 aliquidusimile,
977 3913 1032 3961 et
1059 3902 1147 3974 qui
1188 3901 1389 3967 metit,
1418 3899 1646 3970 idipsum
1676 3897 1866 3964 metit;
1912 3907 1967 3952 at
2015 3897 2069 3951 in

477 4000 833 4069 cleemosyna
868 4011 972 4050 non
1018 3994 1158 4049 idem
1189 4008 1288 4047 usu
1315 3992 1480 4046 venit.
1509 3988 1617 4046 Sed
1651 3989 1856 4060 spargis
1885 4002 2080 4057 argen-

490 4099 637 4152 tum,
667 4098 722 4142 et
741 4087 948 4156 colligis
979 4085 1222 4140 fiduciam
1249 4097 1376 4153 erga
1407 4081 1610 4135 Deum:
1637 4081 1733 4135 das
1761 4077 2078 4148 pecuniam,

489 4187 547 4233 et
572 4177 772 4246 accipis
821 4175 1191 4231 remissionem
1239 4181 1616 4243 peccatorum:
1643 4171 1849 4242 prmbes
1878 4185 2077 4241 panem

493 4285 558 4326 ac
585 4278 810 4332 vestem,
837 4275 892 4321 et
913 4261 1123 4336 pro-his
1153 4278 1372 4333 regnum
1399 4263 1652 4317 caelorum
1689 4261 1781 4316 tibi
1816 4271 2028 4330 paratur
2062 4301 2077 4325 ,

491 4361 738 4429 bamque
757 4356 845 4412 illa
876 4353 1102 4416 inﬁnita,
1133 4368 1250 4422 quae
1279 4367 1377 4407 nec
1404 4351 1590 4406 oculus
1615 4351 1781 4418 vidit,
1807 4366 1906 4406 nec
1933 4353 2080 4406 auris

491 4450 711 4516 audivit,
739 4463 836 4503 nec
857 4447 910 4502 in
926 4461 1022 4502 eor
1048 4445 1276 4498 hominis
1290 4444 1650 4498 ascenderunt
1672 4442 1690 4512 (
1703 4443 1748 4496 ι.
1773 4442 1890 4497 Cor.
1908 4443 1969 4497 .2.
1985 4444 2078 4512 .9):

490 4551 546 4597 et
571 4539 713 4612 quod
741 4547 828 4594 est
846 4538 1084 4593 omnium
1108 4535 1369 4590 bonorum
1399 4549 1606 4590 stnnma
1631 4576 1646 4600 ,
1680 4535 1872 4590 similis
1897 4535 2080 4590 efﬁce-

493 4631 567 4684 ris
596 4629 726 4695 Deo,
753 4637 1014 4698 quatenus
1043 4626 1094 4680 id
1126 4626 1325 4681 homini
1354 4636 1435 4681 est
1463 4625 1738 4695 possibile.
1778 4625 1910 4680 Nam
1952 4641 2074 4679 eum

493 4720 562 4773 de
606 4720 945 4789 eleemosyna
983 4727 1036 4772 et
1081 4717 1408 4787 benignitate
1445 4716 1796 4772 disseruisset
1843 4717 2084 4772 Christus

497 4809 771 4877 subjunxit
791 4807 902 4864 :«Ut
931 4809 1214 4880 rﬁicinmini
1239 4807 1621 4863 similesPatri
1646 4819 1807 4863 vestro
1837 4809 2032 4864 molesti
2063 4850 2079 4874 ,

495 4898 580 4966 qui
609 4898 782 4953 .solem
810 4914 964 4953 suum
1001 4899 1124 4950 oriri
1172 4898 1305 4962 iubet
1336 4915 1486 4968 super
1532 4899 1690 4953 malos
1717 4916 1776 4950 ac
1801 4899 1956 4952 bonos
1983 4941 1998 4965 ,
2035 4910 2082 4953 et

502 4987 636 5059 pluit
665 5004 817 5056 super
841 4989 1011 5054 justas
1039 5004 1098 5040 ac
1123 4989 1338 5057 injustas
1372 4989 1584 5058 (Matth.
1618 4989 1667 5042 5.
1702 4990 1770 5044 45
1795 4989 1832 5061 ).
1865 4990 1941 5044 Tn
1977 5007 2081 5045 non

497 5089 650 5152 potes
679 5079 806 5134 oriri
841 5078 1030 5145 jubere
1068 5079 1234 5132 Solem
1269 5119 1285 5145 ,
1320 5095 1492 5148 neque
1524 5080 1722 5134 imbres
1750 5080 2035 5136 iu‘nuittere
2063 5120 2080 5146 ,

493 5187 670 5244 neque
714 5168 983 5226 beneficus
1021 5182 1140 5222 esse
1181 5169 1231 5222 in
1267 5170 1447 5222 orbem
1479 5181 1739 5224 terrarum
1786 5179 1891 5225 tam
1931 5172 2085 5242 longe

497 5265 706 5335 lateque
740 5268 1010 5334 patentem
1037 5275 1051 5316 :
1082 5267 1233 5313 utere
1281 5258 1615 5315 facultatibus
1656 5262 1760 5316 tuis
1785 5262 1852 5316 ad
1883 5263 2082 5326 benefi-

489 5358 723 5413 centiam
749 5397 764 5421 ,
807 5363 863 5412 et
891 5353 1064 5410 iactus
1084 5366 1144 5406 es
1167 5351 1356 5407 similis
1386 5351 1436 5405 ei
1460 5353 1546 5420 qui
1577 5354 1745 5407 solem
1773 5371 1925 5408 suum
1953 5357 2082 5410 oriri

492 5449 688 5518 jubet.,
715 5447 766 5502 in
790 5455 1043 5518 quantum
1072 5444 1345 5500 hominem
1374 5444 1481 5497 Deo
1515 5443 1743 5498 similem
1786 5447 1895 5500 fieri
1939 5449 2079 5502 ticet.

574 5540 627 5594 8.
654 5537 988 5607 Eteemosyna
1013 5539 1163 5591 etiam
1193 5537 1415 5607 indignis
1444 5537 1616 5591 datur.
1671 5537 1861 5609 Segncs
1891 5554 2084 5596 revocat

501 5629 688 5685 αὐτοιὶο
714 5626 954 5692 Paulus,
977 5628 1064 5681 sed
1101 5628 1312 5681 multum
1346 5628 1482 5682 abest
1523 5629 1640 5698 quin
1670 5647 1698 5683 tt
1729 5631 2084 5700 benefaciendi)

502 5715 1229 5774 overtat.-—-Attitttadvertitc
1259 5717 1543 5788 diligenter
1579 5736 1698 5791 qua:
1726 5721 1845 5777 dico
1871 5741 1885 5778 :
1918 5723 2086 5792 Super

505 5809 658 5864 bonos
679 5823 736 5859 ac
759 5809 953 5872 malos,
990 5807 1177 5880 inquit.
1208 5808 1347 5878 Ergo
1367 5820 1427 5866 .tu
1454 5827 1665 5886 quoque
1699 5815 1911 5886 quaties
1938 5817 2083 5873 clcco

1169 421 1232 476 S.
1273 417 1551 476 JOANNlS
1585 413 2064 474 CHRYSOSTOMI
2106 411 2420 470 ARClllEP.
2463 413 2998 472 CONSTANTINOP.

3635 422 3745 480 238

2153 541 2432 598 Inosynam
2452 526 2588 580 facis
2611 567 2626 590 ,
2658 544 2724 580 ne
2767 527 2932 580 vitam
2972 529 3247 583 examines
3275 570 3295 596 τ
3321 546 3496 601 neque
3527 548 3750 590 morum

2151 619 2412 674 rationem
2437 633 2714 688 reposcos.
2742 619 3094 692 Eleemosyna
3117 623 3262 676 enim
3287 663 3302 688 ,
3333 622 3435 678 hoc
3458 634 3544 679 est
3573 627 3746 681 mise-

2154 711 2290 764 ratio
2319 753 2334 775 ,
2369 710 2489 765 ideo
2528 711 2726 766 dicitur
2749 753 2765 778 ,
2801 721 2871 767 «ut
2905 714 3066 767 etiam
3113 713 3345 785 indignis
3371 717 3751 786 praebeamus:

2151 804 2243 876 qui
2271 807 2414 860 enim
2438 807 2743 874 miseratur,
2777 817 3054 863 non'recte
3075 809 3342 865 viventem
3359 849 3376 875 ,
3403 811 3504 866 sed
3528 827 3753 882 peccan-

2155 907 2260 952 tem
2303 900 2584 952 miseratur
2605 914 2770 955 :'nam
2795 901 2885 970 qui
2913 910 3054 955 recte
3080 900 3227 962 vivit,
3258 901 3414 956 laude
3431 913 3529 958 est
3555 904 3755 973 dignus

2155 997 2207 1042 et
2232 1002 2432 1042 corona
2457 1005 2470 1048 ;
2495 990 2582 1057 qui
2621 1003 2748 1042 vero
2791 999 2975 1059 peccat
3009 1029 3024 1052 ,
3055 992 3210 1045 venia
3251 999 3308 1045 et
3350 993 3748 1048 misericordia.

2155 1080 2489 1149 Quapropter
2536 1081 2634 1134 hac
2665 1095 2880 1152 quoque
2919 1090 3070 1151 parte
3111 1081 3278 1134 Deum
3309 1082 3672 1148 imitabimur,
3708 1085 3754 1138 si

2157 1173 2317 1225 etiam
2349 1170 2501 1223 malis
2531 1169 2918 1240 benignitatem
2945 1180 3182 1225 nostram
3216 1187 3320 1226 non
3361 1173 3749 1229 subducamus.

2157 1259 2443 1314 Considera
2473 1259 2614 1314 enim
2641 1275 2799 1330 quam
2822 1262 2974 1316 multi
3003 1261 3189 1316 orbem
3215 1271 3482 1318 terrarum
3507 1264 3758 1320 habitent

2158 1351 2454 1420 blasphemi
2475 1392 2490 1416 ,
2537 1351 2819 1417 scelerati,
2851 1353 3266 1423 prmstigiatores
3286 1395 3301 1418 ,
3329 1356 3580 1411 omnibus
3605 1357 3757 1409 vitiis

2158 1442 2371 1508 referti;
2398 1453 2632 1497 attamen
2662 1446 2758 1498 bos
2783 1459 2994 1513 quoque
3016 1459 3112 1513 per
3129 1445 3381 1514 singulos
3401 1445 3518 1500 dies
3545 1448 3758 1502 enutrit

2161 1533 2298 1588 Deus
2325 1575 2340 1598 ,
2375 1533 2574 1587 decens
2602 1548 2703 1587 nos
2721 1543 2777 1588 ut
2804 1535 3085 1590 universos
3109 1535 3370 1592 'homines
3392 1537 3754 1593 beneﬁcentia

2157 1625 2600 1694 complectamur.
2634 1625 2743 1681 Nos
2775 1641 2902 1680 vero
2928 1628 3104 1681 omnia
3139 1628 3408 1684 contrario
3437 1629 3601 1685 modo
3623 1629 3761 1684 faei-

2159 1735 2314 1776 mus:
2340 1729 2444 1769 non
2483 1721 2655 1770 solum
2688 1717 2832 1770 enim
2877 1717 3046 1773 malos
3087 1727 3144 1773 et
3189 1719 3462 1790 improbos
3501 1718 3762 1774 homines

2160 1819 2488 1872 aversamur,
2516 1807 2862 1862 verumetiam
2886 1822 3009 1862 cum
3038 1823 3200 1862 sanus
3215 1810 3476 1880 quispiam
3493 1797 3595 1865 nos
3612 1810 3757 1868 adit.

2161 1907 2253 1953 aut
2282 1910 2500 1970 propter
2524 1899 2863 1969 probitatem,
2889 1911 2982 1955 aut
3007 1910 3227 1971 propter
3249 1901 3549 1956 libertatem
3570 1943 3584 1965 ,
3607 1901 3764 1956 forte

2161 1991 2323 2045 etiam
2357 2001 2572 2060 propter
2602 1991 2906 2060 ptgritiam(
2939 2000 2995 2045 ut
3023 2001 3078 2046 et
3105 1993 3207 2047 hoe
3229 1992 3460 2065 addam)
3485 2034 3500 2058 ,
3532 1995 3585 2048 in
3615 2009 3764 2064 pau-

2165 2089 2374 2152 pertate
2397 2083 2598 2145 vixens,
2633 2083 2850 2151 probra,
2877 2083 3234 2136 contumelias
3254 2123 3270 2147 ,
3303 2092 3359 2138 et
3382 2084 3651 2138 innumera
3695 2085 3764 2138 in

2164 2189 2285 2229 eum
2309 2174 2526 2244 jaculati
2551 2174 2774 2229 dicteria
2800 2216 2814 2240 ,
2839 2175 3022 2229 vacuis
3045 2175 3222 2245 ipsum
3259 2176 3502 2230 manibus
3523 2177 3766 2230 remitti-

2168 2279 2307 2332 mus,
2329 2263 2690 2319 valetudinem
2722 2263 3114 2334 exprobrantes
3143 2307 3157 2329 ,
3199 2266 3364 2320 otium
3386 2266 3702 2335 objicientes
3737 2309 3757 2331 ,

2167 2371 2354 2426 pronas
2381 2365 2748 2426 reposcentes.
2779 2355 3011 2411 Haecine
3037 2357 3216 2424 jussus
3238 2371 3298 2412 es
3321 2398 3337 2423 ,
3368 2371 3405 2411 ο
3433 2358 3588 2412 homo
3612 2397 3626 2422 ,
3651 2358 3767 2411 ob-

2163 2447 2380 2518 jurgare
2427 2456 2630 2502 tanttnn
2687 2462 2751 2502 ac
2804 2446 3083 2515 increpare
3128 2448 3370 2518 egeries?
3405 2447 3640 2502 Miserari
3696 2463 3770 2502 ac

2169 2539 2451 2594 sublevare
2478 2549 2843 2608 paupertatem
2869 2553 3054 2593 eorum
3078 2539 3238 2608 jussit
3268 2540 3425 2605 Deus,
3458 2553 3558 2594 non
3589 2542 3769 2593 ratio-

2171 2646 2294 2684 nem
2320 2645 2603 2701 reposcere
2623 2646 2685 2684 ac
2707 2631 3014 2686 conviciari.
3046 2630 3152 2686 Sed
3180 2632 3256 2685 vis
3287 2633 3422 2686 illius
3449 2645 3623 2686 mores
3639 2647 3772 2685 cor-

2173 2720 2364 2791 rigere,
2393 2732 2446 2775 et
2476 2720 2744 2776 hominem
2769 2722 2994 2776 inertem
3018 2738 3047 2774 a
3078 2723 3303 2794 segnitie
3333 2737 3427 2777 sua
3454 2733 3771 2777 revocatum

2172 2812 2238 2866 ad
2280 2827 2414 2883 opus
2444 2813 2656 2883 aliquod
2687 2814 2989 2884 applicare?
3018 2815 3090 2868 Da
3120 2816 3284 2885 prius,
3319 2830 3380 2869 ac
3406 2824 3516 2869 tum
3543 2816 3773 2871 demum

2176 2904 2411 2973 increpa,
2446 2915 2502 2957 ut
2525 2921 2631 2958 non
2651 2904 2983 2960 crudelitatis
3020 2916 3299 2976 suspectus
3323 2907 3418 2961 tias
3438 2949 3453 2971 ,
3483 2907 3575 2962 sed
3614 2907 3777 2961 beni-

2175 2994 2396 3063 gnitatis
2441 2994 2653 3050 laudem
2696 3007 2955 3065 reportes.
2987 2997 3122 3052 Eum
3153 2999 3294 3053 enim
3323 2999 3411 3068 qui
3455 2999 3583 3053 nihil
3626 2999 3777 3054 dans

2178 3092 2380 3138 tantum
2409 3086 2715 3154 opprobrat,
2741 3097 3016 3142 aversatur
3041 3103 3243 3158 pauper
3271 3130 3286 3152 ,
3314 3099 3366 3144 et
3408 3089 3584 3159 inique
3616 3088 3721 3143 fert
3751 3130 3772 3155 ,

2177 3191 2240 3230 ac
2265 3193 2332 3231 ne
2382 3179 2621 3247 aspicere
2668 3179 2884 3249 quidem
2939 3181 3296 3245 sustinet;et
3343 3181 3553 3235 merito.
3601 3180 3771 3235 Putat

2177 3269 2320 3322 enim
2347 3284 2452 3322 non
2479 3269 2622 3340 quod
2646 3271 2781 3325 bene
2807 3271 2912 3326 sibi
2941 3271 3104 3337 velit,
3148 3272 3241 3326 sed
3263 3272 3401 3342 quod
3424 3272 3553 3327 dare
3581 3271 3721 3325 nolit
3757 3311 3776 3332 .

2179 3358 2572 3428 oltjurgatorem
2599 3375 2722 3415 eum
2765 3376 2888 3416 esse
2921 3377 2936 3425 ;
2966 3362 3034 3415 ita
3066 3371 3121 3416 ut
3148 3379 3334 3417 revera
3365 3371 3466 3418 est.
3498 3363 3596 3430 Qui
3637 3377 3780 3416 vero

2186 3461 2531 3520 posteaquam
2567 3451 2716 3507 dedit
2761 3453 3043 3523 obiurgat,
3087 3455 3209 3510 facit
3250 3464 3308 3510 ut
3351 3454 3536 3510 libenti
3585 3455 3779 3509 animo

2181 3540 2484 3611 objurgatio
2531 3556 2628 3596 sua
2678 3543 2963 3613 recipiatur
2992 3561 3007 3599 :
3032 3560 3097 3599 eo
3135 3547 3273 3616 quod
3308 3561 3412 3601 non
3441 3561 3658 3615 proper
3683 3548 3781 3600 iu-

2185 3635 2592 3702 lnnnanitatem,
2621 3637 2716 3691 sed
2750 3645 2966 3708 propter
2993 3639 3417 3693 benevolentiam
3448 3640 3780 3708 increpatis:-

2184 3741 2304 3780 nem
2327 3725 2584 3782 adhibere
2604 3727 2867 3783 videatur.
2900 3730 2990 3783 Sic
3015 3733 3175 3784 etiam
3223 3731 3419 3785 Paulus
3458 3730 3579 3785 fecit
3606 3749 3620 3793 ;
3650 3747 3777 3785 cum

2183 3820 2324 3873 enim
2351 3819 2603 3877 dixisset;
2631 3821 2729 3888 Qui
2755 3839 2857 3876 non
2877 3823 2980 3876 vult
3006 3825 3225 3895 operari,
3257 3841 3320 3878 ne
3338 3825 3452 3878 edat
3480 3826 3570 3893 (2.
3589 3824 3776 3878 Thess.

2186 3911 2240 3964 3.
2274 3910 2339 3965 lO
2369 3911 2405 3981 ),
2449 3911 2688 3982 adjungit
2724 3912 3151 3970 exhortationem
3194 3915 3415 3969 dicens:
3449 3914 3557 3969 γε.
3603 3927 3780 3969 autem

2186 3999 2371 4053 bonum
2418 4003 2657 4071 facientes
2697 4020 2759 4056 ne
2796 4005 3044 4072 deﬁciatis
3072 4006 3089 4076 (
3116 4004 3199 4060 Ib.
3224 4021 3271 4058 υ.
3303 4005 3427 4076 l3).
3453 4007 3613 4076 Atqui
3659 4006 3726 4059 In
3746 4022 3782 4061 ο

2188 4102 2449 4163 μνωοριιιδ
2492 4097 2759 4150 contraria
2813 4111 2934 4152 esse
2974 4097 3240 4153 videntur.
3299 4098 3352 4154 Si
3397 4098 3541 4152 enim
3563 4101 3782 4154 otiosos

2189 4202 2296 4240 non
2315 4187 2722 4255 oportetcibum
2751 4204 2944 4257 capere
2966 4232 2982 4254 ,
3008 4190 3278 4259 quomodo
3299 4191 3458 4259 jubes
3488 4191 3627 4246 bene
3653 4193 3780 4244 tali-

2189 4278 2288 4332 bus
2320 4277 2526 4333 faccre?
2546 4278 2651 4334 Sed
2684 4295 2789 4334 non
2819 4290 2944 4334 sunt
2967 4281 3232 4334 contraria
3253 4297 3268 4334 :
3287 4281 3443 4335 absit.
3477 4280 3602 4335 ldeo
3632 4281 3780 4335 enim

2186 4367 2293 4421 hoc
2316 4367 2454 4434 dixi,
2480 4368 2668 4438 inquit,
2698 4370 2795 4435 Qui
2827 4386 2924 4424 non
2951 4371 3055 4424 cuit
3083 4372 3306 4441 operari,
3331 4387 3394 4424 ne
3413 4372 3554 4435 edat,
3586 4386 3689 4426 non
3721 4383 3782 4425 ut

2188 4473 2282 4514 eos
2318 4458 2406 4528 qui
2437 4461 2632 4530 alioqui
2662 4460 2901 4530 largituri
2943 4471 3137 4528 erant,
3178 4473 3476 4516 averti-rem
3529 4477 3563 4516 ε
3605 4463 3783 4516 danda

2187 4550 2548 4620 elei-mosyna,
2577 4549 2672 4604 sed
2704 4560 2761 4604 ut
2786 4551 2836 4604 in
2865 4551 2974 4605 otio
2997 4552 3234 4606 viventes
3255 4566 3284 4604 a
3314 4552 3541 4619 segnitie
3569 4566 3666 4606 sua
3695 4566 3785 4608 re-

2189 4653 2460 4694 vocarem.
2493 4639 2671 4708 Itaque
2689 4656 2809 4695 cum
2843 4641 2990 4707 dicit,
3025 4640 3110 4696 Ne
3137 4643 3290 4706 edat,
3325 4642 3782 4698 illosexstimulat

2189 4729 2255 4782 ad
2287 4730 2540 4790 laborem,
2572 4731 2982 4786 eonuniuatione
3007 4731 3105 4786 hac
3130 4733 3378 4787 territos:
3401 4747 3524 4786 cunt
3547 4748 3681 4787 vero
3701 4733 3783 4787 div

2192 4819 2286 4885 cit,
2320 4817 2519 4872 Bonum
2541 4820 2779 4889 facientes
2799 4836 2861 4874 ne
2883 4819 3152 4889 deﬁciatis,
3186 4821 3283 4874 hos
3303 4823 3498 4876 excitat
3522 4821 3590 4876 ad
3613 4823 3780 4876 bene-

2194 4909 2501 4973 ficentiam,
2533 4909 2648 4964 utili
2675 4910 3050 4965 exhortatione
3075 4911 3354 4980 impulsos.
3369 4911 3453 4965 Ne
3478 4912 3623 4966 enim
3657 4914 3780 4980 qui-

2190 4999 2311 5054 dum
2336 5001 2674 5055 retraherent
2703 5017 2891 5056 manus
2917 5002 3100 5057 audito
3130 5017 3232 5072 qua
3260 5003 3335 5056 illi
3363 5005 3782 5058 comminatione

2195 5091 2472 5154 feriantur,
2493 5091 2564 5145 ad
2595 5091 3002 5146 beneficentiam
3034 5092 3116 5146 his
3138 5093 3315 5147 verbis
3343 5092 3462 5147 illos
3486 5104 3742 5162 provocat
3765 5113 3781 5149 ς

2189 5182 2390 5238 Bonum
2431 5184 2664 5253 faciendo
2705 5201 2767 5238 ne
2808 5186 3076 5254 deﬁciatis.
3119 5186 3298 5257 Itaque
3337 5184 3554 5240 etiamsi
3608 5186 3783 5240 otioso

2191 5277 2306 5341 des,
2335 5275 2532 5331 bonum
2561 5275 2753 5332 fecisti.

2261 5369 2314 5424 9.
2351 5369 2462 5423 lloe
2501 5379 2555 5424 et
2592 5369 2646 5423 in
2690 5371 3036 5438 sequentibus
3077 5371 3412 5426 manifestum
3457 5371 3606 5427 fecit.
3652 5371 3780 5428 Cum

2191 5461 2333 5514 enim
2360 5460 2592 5517 dixisset
2622 5479 2636 5517 :
2667 5463 2730 5518 Si
2753 5465 2863 5530 quis
2889 5480 2991 5518 non
3015 5464 3157 5518 audit
3181 5481 3436 5519 sermones
3463 5474 3662 5518 nostras
3700 5479 3783 5532 per

2190 5552 2485 5620 epistolam,
2517 5553 2652 5605 hunc
2680 5554 2928 5617 indicate,
2961 5565 3008 5608 et
3042 5570 3103 5608 ne
3141 5571 3237 5608 ron
3257 5555 3570 5609 misceomini
3595 5555 3672 5608 illi
3695 5555 3781 5624 (Ξ.

2194 5639 2370 5696 Thess.
2395 5643 2453 5696 5.
2486 5644 2596 5712 is),
2629 5655 2787 5714 atque
2815 5647 2916 5698 hoc
2955 5646 3114 5700 modo
3145 5645 3413 5702 hominem
3444 5646 3693 5715 ejecisset
3721 5660 3784 5700 ex

2192 5733 2430 5789 Ecclesia
2455 5773 2470 5798 ,
2499 5750 2711 5789 rursum
2752 5737 2858 5790 alio
2897 5737 3055 5792 modo
3081 5752 3204 5794 eum
3245 5737 3554 5792 reconciliat
3578 5780 3594 5802 ,
3627 5737 3784 5791 redu-

2192 5837 2321 5878 cens
2364 5825 2418 5880 in
2461 5827 2683 5894 gratiam
2726 5842 2846 5882 cum
2892 5827 2972 5881 cis
3019 5842 3046 5882 a
3086 5828 3279 5899 quibus
3319 5828 3523 5898 ejeCtns
3563 5825 3785 5882 fuerat:
