4006 6422
492 361 598 421 289

492 485 669 552 ήγαγε
697 479 828 549 γοῦν
854 479 1046 548 λέγων·
1069 478 1166 548 Μὴ
1188 479 1269 546 ὡς
1299 479 1538 548 ἐχθρὸν,
1575 479 1762 550 φησὶν,
1802 479 2066 550 ἡγεῖσθε,

490 563 630 619 ἀλλ’
658 563 739 628 ὡς
764 561 1054 632 ἀδελφόν.
1073 561 1282 632 Ὥσπερ
1307 557 1400 616 οὖν
1430 561 1621 626 εἰπὼν,
1653 562 1727 616 EI
1751 579 1843 629 τις
1875 563 1948 617 οὐ
1977 561 2071 618 θέ-

491 651 583 702 λει
606 644 968 717 ἐργάζεσθαι,
982 643 1138 714 μηδὲ
1159 644 1426 710 ἐσθιέτω,
1447 647 1560 710 τοῖς
1588 646 1798 716 κυρίοις
1815 645 2066 699 ἐκέλευσε

493 732 692 801 πολλὴν
729 727 908 782 αὐτῶν
957 727 1226 782 ποιεῖσθαι
1266 728 1524 798 πρόνοιαν
1556 729 1754 782 πάλινο
1791 727 1935 783 οὐτω
1974 729 2070 782 καὶ

492 811 721 865 ἐνταῦθα
741 809 930 874 εἰπὼν,
967 811 1062 878 Μὴ
1091 812 1626 881 συναναμίγνυσθε
1645 811 1825 878 αὐτῷ,
1850 812 1950 866 οὐκ
1967 813 2070 865 ἀπ-

493 895 718 965 έστησεν
741 892 906 946 αὐτοῦ
939 893 1039 964 τῆς
1064 893 1383 963 ἐπιμελείας
1415 896 1544 959 τοὺς
1576 895 1897 960 ἀκούοντας,
1933 894 2068 948 ἀλλά

489 977 584 1030 καὶ
647 977 854 1048 σφόδρα
911 977 1092 1039 αὐτοῖς
1139 977 1522 1031 ἀντιλαϐέσθαι
1588 978 2065 1048 παρεκελεύσατο,

488 1059 748 1130 προσθεὶς
774 1059 869 1113 καί
895 1058 1086 1123 εἰπὼν,
1130 1059 1242 1115 Καὶ
1285 1059 1373 1130 μὴ
1416 1060 1498 1126 ὡς
1542 1061 1760 1131 ἐχθρὸν
1801 1061 2066 1132 ᾐτεῖσθε,

489 1143 628 1196 ἀλλ’
676 1143 756 1209 ὡς
793 1142 1082 1212 ἀδελφόν.
1137 1143 1472 1214 Ἐχωρίσθης
1520 1143 1686 1197 αὐτοῦ
1732 1145 1830 1215 τῆς
1880 1161 2060 1197 συνου-

493 1224 614 1288 σίας
637 1263 653 1289 ,
689 1224 825 1280 ἀλλά
852 1224 926 1296 μὴ
959 1224 1236 1296 χωρισθῇς
1264 1225 1366 1294 τῆς
1392 1225 1716 1296 κηδεμονίας
1736 1244 1750 1258 ·
1782 1226 2070 1296 ἀπέκοψας

488 1307 651 1361 αὐτὸν
681 1308 780 1378 τῆς
806 1308 1046 1372 συνόδου,
1076 1307 1150 1378 μὴ
1184 1307 1468 1381 ἀποκόψῃς
1499 1308 1663 1362 αὐτὸν
1690 1309 1791 1379 τῆς
1821 1309 2062 1380 ἀγάπης.

490 1389 596 1444 Καὶ
621 1389 731 1461 γὰρ
775 1390 905 1444 αὐτὸ
944 1389 1102 1442 τοῦτο
1145 1389 1212 1443 δι’
1245 1389 1466 1461 ἀγάπην
1505 1391 1767 1444 ἐκέλευσα
1797 1391 2065 1460 γίνεσθαι,

491 1471 576 1525 ῖνα
596 1471 674 1543 τῷ
699 1470 964 1544 χωρισμῷ
1005 1471 1296 1542 γενόμενος
1322 1471 1569 1542 βελτίων,
1603 1473 1740 1545 πρὸς
1781 1474 1842 1526 τὸ
1880 1473 2068 1529 λοιπὸν

487 1554 762 1628 ἐπανέλθῃ
803 1554 992 1625 σῶμαο
1045 1554 1168 1607 ἐπεὶ
1218 1555 1315 1608 καὶ
1367 1557 1415 1609 οἰ
1463 1556 1702 1628 πατέρες
1745 1556 1844 1627 τῆς
1887 1557 2068 1622 οἰκίας

485 1636 587 1707 τῆς
619 1637 828 1690 ἐαυτῶν
851 1635 1170 1689 ἐκϐάλλουσι
1199 1637 1326 1701 τοὺς
1352 1637 1566 1704 παῖδας,
1600 1639 1700 1708 οὐχ
1722 1639 1808 1692 ῖνα
1832 1638 1939 1705 ἔξω
1967 1641 2067 1711 μέ-

487 1737 618 1772 νωσι
655 1719 955 1788 διηνεκῶς,
1001 1718 1116 1771 ἀλλ’
1174 1719 1262 1772 ῖνα
1307 1720 1386 1791 τῷ
1434 1721 1534 1790 τῆς
1581 1721 1758 1784 οἰκίας
1813 1723 2067 1776 ἐκπεσεῖν

489 1801 770 1872 γενόμενοι
809 1800 1238 1873 σωφρονέστεροι
1261 1844 1276 1865 ,
1307 1804 1444 1874 πρὸς
1485 1803 1584 1874 τὴν
1633 1804 1811 1857 οἰκίαν
1844 1805 2067 1858 ἐπανέλ-

488 1883 622 1936 θωσι
659 1883 844 1938 πάλιν.
885 1885 1028 1955 Πρὸς
1064 1887 1163 1956 μὲν
1189 1882 1282 1938 οὐν
1321 1885 1448 1947 τοὺς
1473 1885 1669 1955 ἀργίαν
1703 1887 2066 1954 ἐγκαλοῦντας

491 1963 654 2020 ἱκανὰ,
673 1965 743 2017 τὰ
770 1966 1052 2036 εἰρημένα.

571 2049 786 2118 Ἐπειδὴ
808 2050 866 2103 δέ
889 2051 985 2103 καὶ
1012 2050 1201 2122 ἐτερός
1231 2052 1346 2103 ἐστι
1377 2049 1592 2114 πολλοῖς
1628 2050 2066 2123 μεμελετημένος

485 2131 642 2200 λόγος
673 2132 810 2203 πρὸς
841 2131 1160 2201 ἀπολογίαν,
1209 2132 1606 2202 ἀπανθρωπίας
1647 2134 1742 2187 καῖ⁵
1782 2134 2066 2205 ὠμότητος

485 2215 702 2286 γέμων,
742 2215 956 2286 ἀνάγκη
1000 2217 1093 2269 καὶ
1133 2214 1321 2269 τοῦτον
1357 2216 1686 2287 διεξελέγξαι
1738 2218 1920 2280 πάλιν,
1967 2218 2065 2288 οὐχ

485 2299 572 2352 ἵνα
593 2299 890 2368 ἀπολογίας
918 2302 1114 2364 αὐτοὺς
1146 2301 1633 2373 ἀποστερήσωμεν.
1657 2301 1807 2374 [278]
1833 2303 1946 2356 ἀλλ’
1977 2305 2065 2357 ἵνα

484 2381 763 2450 πείσωμεν
791 2381 890 2454 τὴν
916 2383 1017 2436 οὐκ
1048 2380 1234 2446 οὖσαν,
1282 2384 1400 2437 οὐδέ
1424 2383 1740 2452 ὠφελοῦσαν
1768 2385 2065 2454 ἀπολογίαν

485 2463 806 2529 ἀποθέσθαι,
852 2463 952 2535 τὴν
978 2464 1037 2519 δὲ
1063 2461 1230 2520 οὖσαν
1275 2465 1368 2519 καὶ
1416 2466 1718 2538 προστῆναι
1759 2467 2064 2540 δυναμένην

483 2546 578 2599 ἐπὶ
604 2545 697 2598 τοῦ
736 2545 978 2616 βήματος
1007 2545 1102 2600 τοῦ
1141 2546 1413 2618 Χριστοῦ,
1448 2547 1654 2619 ταύτην
1696 2549 1786 2602 διά
1829 2550 1940 2604 τῶν
1983 2550 2064 2623 ἑρ-

483 2644 595 2696 γων
628 2628 857 2700 μελετᾷν
882 2629 1167 2700 διηνεκῶς.

553 2711 651 2774 Τίς
684 2706 776 2765 οὖν
819 2712 966 2766 ἐστιν
998 2714 1030 2784 ή
1058 2711 1244 2783 ψυχρὰ
1281 2714 1376 2768 καί
1424 2712 1678 2785 ἀνόνητος
1707 2712 1817 2769 τῶν
1852 2713 2063 2769 πολλῶν

482 2792 776 2860 ἀπολογία;
813 2795 1178 2866 Παιδοτροφίᾳ
1207 2795 1372 2859 συζῶ,
1392 2797 1576 2866 φησὶν,
1595 2797 1772 2860 οἰκίας
1802 2799 2062 2869 προΐστα-

487 2892 610 2945 μαι,
645 2878 879 2947 γυναῖκα
906 2876 1114 2946 τρέφω,
1146 2877 1346 2942 πολλὰς
1373 2878 1482 2948 ἔχω
1507 2878 1755 2950 δαπάνης
1790 2880 2058 2948 ἀνάγκας’

484 2958 606 3009 ὅθεν
637 2959 736 3011 οὐκ
775 2958 991 3029 εὐπορῶ
1024 2960 1151 3023 τούς
1179 2961 1504 3031 προσιόντας
1535 2978 1625 3031 μοι
1650 2962 1842 3016 ἐλεεῖν.
1882 2965 1946 3018 Τί
1971 2963 2060 3016 λέ-

487 3055 642 3107 γεις;
675 3039 866 3096 Παιδία
901 3041 1142 3110 τρέφεις,
1173 3045 1268 3095 καὶ
1293 3043 1380 3096 διά
1409 3042 1568 3095 τοῦτο
1593 3043 1718 3108 τούς
1743 3047 2064 3115 προσιόντας

484 3120 587 3174 οὐκ
631 3121 830 3187 ἐλεεῖςς
863 3125 940 3173 Δι’
974 3123 1115 3177 αὐτά
1160 3125 1258 3195 μὲν
1285 3121 1379 3178 οὖν
1419 3123 1594 3179 ταῦτα
1625 3127 1750 3190 τοὺς
1779 3127 2064 3198 δεομένους

485 3205 661 3262 ἐλεεῖν.
681 3204 779 3268 δεῖ,
807 3204 895 3259 διά
920 3205 987 3259 τὰ
1010 3206 1221 3272 παιδία,
1255 3209 1350 3261 καί¹
1378 3208 1476 3279 τὴν
1500 3208 1680 3262 αὐτῶν
1704 3211 2060 3280 προστασίαν,

487 3287 574 3341 ἵνα
605 3288 713 3341 ἀπὺ
740 3287 936 3355 ὀλίγων
968 3291 1268 3360 χρημάτων
1303 3291 1432 3344 ἵλεω
1463 3291 1554 3345 τὸν
1576 3291 1734 3345 δόντα
1771 3293 1909 3346 αὐτά
1932 3294 2066 3350 Θεὸν

483 3371 752 3442 ποιήσῃς,
801 3371 887 3424 ίνα
931 3371 1239 3445 καταλίπῃς
1270 3374 1457 3437 αὐτοῖς
1503 3376 1812 3448 προστάτην
1857 3378 2064 3432 ἐκεῖνον

483 3452 578 3510 καὶ
610 3454 748 3522 μετά
777 3455 871 3507 τὸν
897 3454 988 3509 σὸν
1017 3453 1264 3520 θάνατον,
1295 3457 1382 3510 ἶνα
1409 3457 1611 3529 πολλὴν
1645 3461 1832 3525 αὐτοῖς
1856 3461 2091 3516 ἀνωθεν.

483 3531 696 3615 εῦνοιαν
743 3535 1024 3607 ἐπισπάσῃ
1063 3537 1174 3590 ἀπὸ
1217 3537 1326 3592 τῶν
1369 3541 1593 3594 ἐκείνων
1637 3543 1936 3613 χρημάτων
1984 3544 2064 3615 τῷ

484 3615 602 3685 Θεῷ
648 3614 920 3670 δαπανῶν.
972 3621 1084 3689 Οὐχ
1132 3621 1266 3691 ὁρᾷς
1290 3659 1305 3684 ,
1363 3622 1446 3675 ὅτι
1497 3623 1681 3676 πολλοὶ
1741 3614 2064 3696 ἀνθρώπους

484 3696 848 3762 πλουτοῦντας
868 3700 960 3753 καὶ
988 3702 1047 3754 ἐν
1071 3701 1412 3768 δυναστείαις
1441 3704 1624 3772 ὄντας,
1648 3707 1944 3778 οὐδαμόθεν
1967 3710 2061 3764 αύ-

482 3780 595 3844 τοῖς
623 3782 1032 3853 προσήκοντας,
1062 3787 1142 3848 εἰς
1185 3786 1286 3850 τάς
1323 3787 1590 3858 διαθήκας
1622 3789 1884 3855 πολλάκις
1946 3794 2059 3847 εἰσ-

481 3863 694 3949 ήγαγον
720 3863 1071 3949 τάςᾲέαυτῶν,
1089 3870 1182 3922 καί
1209 3871 1319 3933 τοῖς
1338 3871 1546 3925 ἑαυτῶν
1571 3875 1729 3928 παισὶ
1759 3875 2060 3949 συγκληρο-

481 3947 678 4019 νόμους
706 3947 994 4019 ἐποίησαν,
1037 3951 1104 4004 δι’
1152 3951 1281 4009 ἀλλο
1332 3955 1432 4024 μὲν
1473 3957 1645 4024 οὐδὲνζ
1689 3947 1774 4011 ἵνα
1801 3959 1858 4012 δὲ
1886 3947 2062 4029 ἀσφά-

479 4030 662 4113 λειαν
689 4031 801 4093 τοῖς
846 4032 1053 4087 ἐαυτῶν
1110 4036 1419 4104 κτήσωνται
1464 4043 1651 4093 παισὶν
1702 4041 1816 4096 ἀπὸ
1865 4043 2060 4113 ὀλίγων

479 4111 815 4180 χρημάτων;
842 4113 938 4166 καὶ
963 4114 1156 4179 ταῦτα,
1184 4119 1286 4175 οὐκ
1321 4121 1522 4185 ειδότες
1551 4123 1667 4187 πῶς
1695 4111 2059 4185 διακείσονται

484 4191 623 4276 μετὰ
643 4191 760 4276 *τήν
787 4194 970 4248 αὐτῶν
994 4196 1250 4272 τελευτὴν
1276 4204 1406 4273 περὶ
1431 4207 1558 4269 τούς
1585 4207 1767 4261 αὐτῶν
1791 4212 1988 4276 παῖδας
2008 4216 2058 4268 οἰ

478 4271 572 4366 τοῦ
607 4273 810 4346 κλήρου
834 4279 1118 4366 γενόμενοι
1144 4271 1423 4352 κοινωνοί;
1476 4288 1550 4340 Σὺ
1578 4289 1634 4342 δὲ
1677 4291 1834 4356 εἰδὼς
1857 4294 1917 4346 τὸ
1949 4271 2062 4366 φιλ-

477 4357 767 4430 άνθρωπον
799 4362 892 4416 καί
929 4364 1166 4436 χρηστὸν
1212 4366 1310 4422 καίΙ
1339 4368 1584 4435 ἐπιεικὲς
1611 4372 1703 4432 τοῦ
1733 4375 1827 4428 σοῦ
1861 4357 2061 4433 Δεσπό-

1181 376 1236 434 S.
1278 369 1562 433 JOANMS
1597 376 2062 433 CHRYSOSTOM

2165 374 2450 429 RCHJCP.
2487 371 3036 428 CONSTAI‘TINOP.

3657 363 3758 420 E90

2169 497 2264 533 του
2286 522 2300 546 ,
2332 479 2393 533 οὐ
2435 479 2682 549 ποιήσεις
2730 479 2891 533 αὐτὸν
2925 477 3181 534 κοινωνὸν
3210 478 3309 549 τῆς
3345 476 3622 546 διαθήκης
3659 478 3757 546 τῆς

2172 563 2304 633 σῆς;
2343 563 2405 616 οὐ
2435 563 2682 634 ποιήσεις
2717 561 2884 615 αὐτὸν
2914 560 3355 631 συγκληρονόμον
3388 558 3499 612 τῶν
3534 559 3745 612 παίδων

2169 645 2278 698 τῶν
2322 645 2460 712 σῶν;
2505 647 2601 699 καί
2635 646 2738 700 ποῦ
2771 646 2945 700 ταῦτα
2975 645 3184 715 πατρὸς
3204 686 3219 710 ,
3255 643 3377 697 εἰπέ
3412 659 3525 713 μοι,
3560 643 3757 707 παῖδας

2171 727 2478 798 φιλοῦντοςς
2516 730 2579 782 Εἰ
2603 727 2715 800 γάρ
2742 730 2881 800 κήδῃ
2912 728 3020 783 τῶν
3049 727 3348 798 τεχθέντων
3383 726 3621 790 παίδων,
3649 742 3751 778 κα-

2168 812 2390 866 τάλειπε
2434 815 2819 882 γραμματεῖον
2870 812 3054 875 αὐτοῖς
3078 851 3092 875 ,
3129 813 3190 864 ἐν
3221 803 3267 877 ᾧ
3301 809 3394 862 τὸν
3438 807 3573 861 Θεὸν
3616 807 3758 877 ἔχεις

2170 895 2488 949 ὑπεύθυνον.
2509 895 2682 949 Τοῦτο
2702 897 2934 966 μεγίστη
2953 892 3314 965 κληρονομία,
3335 891 3496 946 τοῦτο
3527 891 3758 959 κόσμος,

2168 978 2326 1031 τοῦτο
2352 978 2638 1046 ἀσφάλεια.
2657 979 2934 1048 Εἰσάγαγε
2965 979 3032 1032 αὐ
3045 977 3134 1030 τὸν
3162 979 3243 1040 εἰς
3263 975 3364 1048 τὴν
3388 973 3756 1044 κληρονομίαν

2167 1063 2270 1134 τὴν
2313 1060 2571 1125 ἐνταῦθα,
2608 1060 2696 1114 ἴνα
2730 1077 2790 1114 σε
2820 1060 2960 1132 μετά
2993 1059 3100 1112 τῶν
3145 1057 3351 1134 παίδων
3401 1058 3481 1118 εἰς
3511 1055 3608 1124 τὴν
3638 1054 3759 1125 κλη-

2171 1132 2428 1217 ρονομίαν
2457 1142 2830 1214 ἀντεισαγάγῃ
2860 1143 2960 1211 τὴν
2993 1143 3129 1195 ἐκεῖ.
3159 1132 3329 1202 Οὗτος
3358 1140 3386 1192 ὁ
3417 1137 3758 1208 κληρονόμος

2175 1229 2439 1295 γενναῖος,
2468 1225 2871 1295 φιλάνθρωπος,
2904 1223 3162 1296 χρηστὸς,
3191 1221 3441 1283 δυνατὸς,
3474 1219 3756 1282 πλούσιος·

2167 1309 2307 1362 ὥστε
2356 1309 2477 1362 κατ’
2526 1308 2678 1362 οὐδὲν
2739 1306 2886 1360 ἐστιν
2939 1303 3277 1360 ὑποπτεῦσαι
3324 1304 3423 1374 τήν
3471 1301 3758 1355 κοινωνίαν

2167 1393 2352 1447 αὐτοῦ.
2389 1391 2490 1446 Διά
2511 1391 2672 1445 τοῦτο
2691 1389 2790 1444 καὶ
2814 1389 3011 1460 σπόρος
3041 1390 3074 1460 ή
3103 1387 3446 1459 ἐλεημοσύνη
3481 1385 3756 1449 καλεῖται,

2167 1477 2354 1550 ἐπειδὴ
2391 1476 2492 1530 οὐκ
2528 1475 2646 1529 ἐστι
2696 1473 2908 1544 δαπάνη
2952 1473 3012 1526 τὸ
3064 1473 3332 1544 πρᾶγμα,
3386 1469 3527 1524 ἀλλά
3580 1469 3754 1538 πρόσ-

2165 1561 2286 1624 οδος
2308 1577 2321 1591 ·
2350 1561 2415 1612 σὺ
2456 1559 2550 1624 δέ,
2586 1559 2717 1612 ὃταν
2753 1557 2852 1628 μὲν
2887 1555 3131 1629 σπείρειν
3172 1555 3302 1624 δέῃ,
3343 1555 3405 1607 οὐ
3437 1552 3756 1624 προσέχεις,

2167 1647 2249 1698 δτι
2289 1645 2467 1708 κενοῖς
2510 1643 2580 1697 τὰ
2619 1644 2845 1713 ταμιεῖα
2890 1641 3000 1694 τῶν
3033 1639 3278 1694 παλαιῶν
3317 1637 3679 1708 γεννημάτων
3707 1649 3754 1700 ε,

2167 1726 2304 1783 ἀλλά
2343 1726 2630 1798 προσέχεις
2685 1724 2764 1796 τῷ
2809 1724 3036 1797 μηδέπω
3067 1723 3298 1795 παρόντι
3326 1723 3436 1777 τῶν
3474 1721 3754 1791 γεννημά-

2164 1826 2274 1863 των
2311 1807 2537 1880 ἀμητῷ·
2571 1809 2668 1861 καὶ
2715 1807 2910 1872 ταῦτα,
2956 1807 3059 1860 οὐκ
3092 1805 3272 1870 εἰδὼς,
3305 1807 3389 1858 ὅτι
3421 1805 3641 1866 πάντως
3668 1805 3760 1855 ὲκ-

2166 1892 2413 1961 ϐήσεται.
2484 1891 2592 1944 Καὶ
2633 1891 2744 1961 γὰρ
2796 1891 2890 1944 καὶ
2935 1889 3185 1961 ἐρυσίϐη,
3235 1888 3331 1940 καὶ
3380 1887 3616 1959 χάλαζα,
3663 1888 3759 1938 καὶ

2166 1960 2358 2045 ἀκρίς,
2397 1974 2491 2026 καὶ
2526 1960 3041 2043 ἀέμυνάνωμαλία,
3099 1972 3194 2025 καὶ
3221 1969 3394 2023 πολλά
3421 1970 3522 2039 τῆς
3545 1968 3758 2032 ἐλπίδκ

2164 2060 2312 2129 ἡμᾶς
2351 2057 2664 2127 ἀντικρούει
2695 2057 2793 2127 τῆς
2825 2054 3156 2127 μελλούσηςο
3199 2054 3280 2116 εἰς
3315 2052 3373 2105 δὲ
3397 2051 3487 2105 τὸν
3527 2049 3756 2120 οὐρανὸν

2169 2142 2376 2213 μέλλων
2409 2141 2678 2213 σπείρειν,
2725 2141 2860 2194 ὅπου
2891 2140 3043 2193 πᾶσα
3081 2139 3180 2208 μὲν
3236 2135 3524 2206 ἀνωμαλία
3570 2134 3752 2204 ἀέρων

2165 2224 2513 2296 ἐκϐέϐληται,
2539 2224 2719 2294 πάσης
2748 2223 2805 2276 δὲ
2831 2222 3008 2292 λύπης
3039 2221 3134 2274 καί
3163 2218 3453 2288 ἐπιϐουλῆς
3485 2218 3755 2288 ἀνῄρηται

2166 2308 2438 2380 πρόφασις
2462 2347 2478 2372 ,
2523 2308 2703 2369 ὀκνεῖς
2748 2306 2842 2359 καὶ
2874 2304 3112 2376 ἀναδύῃ;
3149 2303 3260 2355 Καὶ¹
3293 2302 3451 2355 ποίαν
3499 2301 3756 2371 εὑρήσεις

2168 2389 2520 2461 συγγνώμην,
2554 2390 2682 2444 ὅταν
2724 2391 2805 2452 εἰς
2843 2389 2940 2460 μὲν
2971 2388 3070 2458 τὴν
3099 2386 3202 2455 γῆν
3229 2384 3585 2438 καταϐάλλων
3619 2383 3755 2453 θαρι⁴

2168 2475 2289 2543 ρᾕ,
2337 2474 2433 2526 καί
2478 2471 2617 2542 μετά
2657 2471 2966 2542 προθυμίας
3008 2469 3170 2523 τοῦτο
3200 2471 3383 2539 ποιῇς,
3428 2471 3510 2531 είς
3557 2468 3616 2520 δὲ
3659 2465 3756 2538 τὴν

2165 2558 2320 2628 χεῖρα
2343 2555 2436 2610 τοῦ
2466 2555 2604 2610 Θεοῦ
2643 2555 2853 2626 μέλλων
2876 2552 3262 2617 καταϐάλλειν,
3285 2553 3464 2615 ὀκνεῖς
3504 2551 3602 2603 καὶ
3629 2551 3757 2620 άμε·

2164 2635 2309 2702 λείς;
2359 2637 2426 2691 Εἰ
2475 2636 2582 2707 γάρ
2631 2639 2664 2706 ή
2718 2637 2791 2706 γῆ
2837 2636 2906 2689 τά
2950 2634 3366 2706 καταϐληθέντα
3421 2632 3756 2693 ἀποδίδωσι,

2163 2719 2346 2792 πολλῷ
2383 2720 2584 2791 μᾶλλον
2627 2721 2661 2791 ή
2700 2719 2796 2774 τοῦ
2839 2717 2978 2772 Θεοῦ
3019 2719 3172 2790 χεὶρ,
3221 2718 3364 2788 άπερ
3401 2715 3468 2770 ἀν
3510 2715 3753 2785 δέξηται,

2167 2803 2309 2875 μετά
2336 2805 2519 2875 πάσης
2544 2803 2817 2858 ἀποδώσει
2851 2819 2932 2856 σοι
2955 2801 3057 2873 τῆς
3087 2800 3425 2872 περιουσίας.

2238 2886 2285 2941 ι’.
2303 2886 2469 2941 Ταῦτ’
2504 2882 2598 2940 οὖν
2637 2885 2860 2950 εἰδότες,
2911 2884 2988 2957 μὴ
3020 2887 3087 2956 τῇ
3121 2883 3339 2956 δαπάνῃ
3367 2881 3754 2959 προσέχωμεν,

2163 2969 2292 3026 ὅταν
2308 2969 2681 3040 ἐλεημοσύνην
2700 2969 2966 3040 ποιῶμεν,
2981 2967 3117 3021 ἀλλὰ
3135 2969 3198 3038 τῇ
3219 2965 3466 3038 προσόδῳ
3489 2965 3583 3017 καὶ
3600 2961 3756 3035 [279}

2161 3053 2282 3116 ταῖς
2317 3051 2642 3120 μελλούσαις
2677 3050 2896 3115 ἐλπίσι,
2934 3050 3030 3104 καί¹
3056 3049 3132 3120 τῷ
3163 3048 3393 3119 παρόντι
3419 3046 3477 3098 δέ
3524 3046 3743 3117 κέρδει·

2161 3135 2224 3188 οὐ
2259 3134 2370 3205 γὰρ
2407 3133 2690 3204 βασιλείαν
2718 3131 2963 3204 οὐρανῶν
2993 3130 3334 3202 ἐλεημοσύνη
3370 3127 3627 3200 προξενεῖ
3661 3129 3754 3199 μός

2162 3234 2273 3284 νον,
2304 3215 2440 3270 ἀλλά
2468 3217 2563 3269 καί
2589 3215 2688 3288 τὴν
2716 3213 2861 3268 κατά
2888 3214 2983 3268 τὸν
3018 3214 3262 3285 παρόντα
3293 3212 3416 3282 βίον.
3450 3213 3755 3282 ἀσφάλειάν

2160 3315 2220 3351 τε
2265 3298 2361 3353 καὶ
2393 3298 2676 3368 ἀφθονίαν.
2714 3299 2811 3362 Τίς
2837 3296 3014 3353 ταῦτά
3062 3315 3227 3370 φησιν
3255 3313 3271 3361 ;
3307 3297 3481 3361 Αὐτὸς
3516 3299 3544 3350 ὀ
3573 3295 3752 3350 ταῦτα

2161 3380 2342 3435 δοῦναι
2392 3381 2600 3453 κύριος.
2637 3382 2696 3435 '0
2725 3381 2835 3453 γάρ
2861 3380 2932 3434 τά
2967 3379 3140 3435 αὐτοῦ.
3167 3379 3386 3451 πένησι,
3418 3378 3574 3449 φησί,
3606 3379 3752 3443 δοὺς,

2163 3465 2699 3519 ἑκατονταπλασίονα
2737 3464 2968 3537 λήψεται
3021 3463 3081 3519 ἐν
3104 3461 3183 3534 τῷ
3215 3462 3374 3524 αἰῶνι
3417 3461 3617 3532 τούτῳ,
3662 3461 3756 3516 καὶ

2163 3545 2310 3618 ζωὴν
2351 3547 2571 3602 αἰώνιον
2617 3549 3039 3620 κληρονομήσει.
3095 3547 3263 3620 Ὀρᾷς
3298 3547 3357 3600 ἐν
3402 3546 3649 3617 ἑκατέρᾳ
3680 3547 3747 3616 τῇ

2163 3627 2278 3700 ζωῇ
2307 3629 2406 3694 τὰς
2437 3630 2673 3701 ἀμοιϐάς
2692 3631 2975 3702 διδομένας
3000 3629 3141 3702 μετά
3171 3629 3371 3699 πολλῆς
3398 3630 3501 3700 τῆς
3525 3646 3750 3700 περιου-

2164 3712 2318 3777 σίας;
2351 3711 2443 3784 Μὴ
2469 3716 2651 3766 τοίνυν
2677 3713 2948 3785 ὀκνῶμεν,
2977 3713 3114 3785 μηδὲ
3135 3712 3590 3783 ἀναϐαλλώμεθα,
3617 3713 3754 3768 ἀλλὰ

2161 3792 2284 3846 καθ’
2314 3795 2559 3866 ἑκάστην
2609 3795 2822 3867 ἡμέραν
2866 3795 2957 3848 τὸν
2983 3795 3084 3865 τῆς
3115 3795 3487 3866 ἐλεημοσύνης
3536 3795 3752 3868 καρπον

2161 3877 2440 3950 φέρωμεν,
2491 3880 2578 3934 ἵνα
2605 3880 2698 3934 καὶ
2733 3879 2802 3932 τὰ
2829 3879 3072 3951 παρόντα
3106 3881 3240 3950 ἡμῖν
3271 3879 3576 3950 πράγματα
3609 3880 3755 3935 κατὰ

2227 3960 2289 4014 ῦν
2321 3962 2578 4033 φέρηται,
2609 3963 2702 4016 καί
2733 3962 2834 4033 τῆς
2859 3963 3162 4033 μελλούσης
3195 3962 3545 4032 ἐπιτύχωμεν
3564 3961 3748 4031 ζωῆς*

2158 3963 2289 4112 ἑοῦν
2321 3963 2578 4033 φέρηται,
2609 3963 2702 4016 καί
2733 3963 2834 4033 τῆς
2859 3963 3162 4033 μελλούσης
3195 3963 3545 4032 ἐπιτύχωμεν
3564 3963 3748 4031 ζωῆς*

2200 4059 2228 4106 ς
2263 4042 2474 4111 γένοιτο
2507 4045 2719 4108 πάντας
2767 4046 2916 4115 ἡμᾶς
2950 4046 3264 4115 μετασχεῖν,
3298 4044 3483 4115 χάριτι
3525 4045 3620 4097 καὶ
3664 4061 3751 4112 cpt.-

2159 4123 2479 4198 λανθρωπίᾳ
2508 4126 2603 4180 τοῦ
2643 4126 2854 4198 Κυρίου
2900 4127 3057 4197 ἡμῶν
3101 4125 3275 4197 Ἰησοῦ
3319 4124 3584 4196 Χριστοῦ,
3630 4127 3744 4196 μεθ’

2159 4202 2220 4264 οὗ
2246 4208 2324 4278 τῷ
2374 4209 2573 4280 Πατρὶ,
2609 4209 2728 4280 ἅμα
2761 4207 2841 4279 τῷ
2882 4208 3022 4280 ἁγίῳ
3069 4208 3368 4280 Πνεύματι,
3398 4207 3559 4282 δόξα,
3587 4207 3747 4278 τιμὴ,

2163 4290 2368 4362 κράτος
2401 4292 2483 4355 εἰς
2506 4291 2634 4356 τοὺς
2663 4291 2867 4356 αἰῶνας
2895 4291 3006 4345 τῶν
3041 4293 3275 4349 αἰώνων.
3326 4293 3523 4363 Ἀμήν.

2226 4395 2254 4427 ⁸
2279 4394 2414 4446 Unus
2437 4409 2528 4446 ms.
2551 4396 2634 4447 hic
2657 4403 2710 4447 et
2731 4410 2845 4447 mox
2861 4396 3156 4460 γενημάτων.

1029 4527 3738 4557 ..ψη-ΜΨ,-

1256 4639 1611 4728 ΠΑΛΙΝ
1665 4645 1839 4740 ΕΙΣ
1885 4649 2117 4735 ΤΗΝ
2163 4654 2544 4739 ΑΥΤΗΝ
2591 4656 2922 4742 ΡΗΣΙΝ

467 4798 487 4829 ι
513 4777 793 4856 Ἔχοντες
819 4787 888 4838 δὲ
917 4790 984 4843 τὸ
1010 4793 1156 4850 αὐτὸ
1185 4797 1429 4868 Πνεῦμα
1456 4799 1568 4870 τῆς
1599 4803 1876 4872 πίστεως,
1925 4809 2075 4864 κατὰ
2102 4810 2170 4864 τὸ
2197 4817 2625 4886 γεπραμμένον·
2653 4837 2671 4871 ι
2713 4819 2812 4872 καί
2851 4817 2950 4875 διὰ
2996 4819 3052 4873 τί
3102 4815 3276 4886 κοινῇ
3318 4815 3544 4879 πάντες
3593 4811 3749 4867 ἀετο-Δ

1387 4892 1765 4962 λαμϐάννουσι
1789 4898 1863 4957 τὰ
1885 4899 2096 4977 ἀγαθὰ,
2123 4904 2380 4981 καὶπερὶ
2418 4908 2862 4986 ἐλεημοσύνης.

542 5108 617 5161 α’.
739 5104 983 5194 προτέρᾳ
1000 5111 1225 5194 συνάξει
1243 5116 1338 5175 καὶ
1354 5120 1422 5190 τῇ
1441 5119 1548 5190 πρὸ
1568 5121 1786 5194 ἐκείνης
1807 5121 1936 5193 μίαν
1960 5123 2052 5180 τοῦ

475 5189 781 5278 Λποστόλου
807 5189 964 5278 ῥῆσιν
986 5193 1371 5278 ἀπολαϐόντες,
1400 5189 1495 5266 εἰς
1515 5203 1616 5275 τὴν
1639 5189 1903 5278 ἐξήγησιν
1921 5208 2053 5260 ταύ-

467 5292 570 5347 της
609 5273 828 5360 ἅπαντα
861 5274 952 5360 τὸν
991 5276 1148 5345 λόγον
1179 5279 1541 5353 ἀνηλώσαμεν
1556 5273 1582 5320 ’Ῐ
1609 5289 1703 5340 καί⁵
1723 5273 1869 5360 τή-με
1879 5306 1972 5360 ρον
1996 5289 2057 5351 δέ

471 5361 539 5431 τῇ
599 5358 741 5443 αὐτῇ
793 5359 968 5434 ταύτῃ
1026 5362 1187 5420 πάλιν
1240 5365 1581 5439 ἐνδιατρίψαι
1639 5358 2052 5443 σπουδάζομεν·

467 5441 734 5526 ποιοῦμεν
759 5443 817 5497 δὲ
847 5445 1007 5500 τοῦτο
1031 5447 1287 5521 ἐπίτηδες
1325 5451 1463 5523 πρὸς
1491 5452 1765 5523 ὠφέλειαν
1785 5455 1886 5525 τῆς
1919 5441 2053 5526 ὐμε-

464 5523 634 5610 τιρας
665 5525 927 5610 ἀγάπης,
960 5531 1022 5583 οὐ
1047 5532 1185 5603 πρὸς
1222 5535 1482 5603 ἐπίδειξιν
1506 5537 1605 5610 τὴν
1643 5523 1937 5609 ἡμετέραν.
1958 5523 2047 5590 ὀὐ

468 5605 576 5693 γᾴρ
605 5606 963 5693 ἶνας-γᾷνιμόν
994 5614 1016 5637 ⁸
1060 5632 1180 5670 τινα
1209 5619 1305 5672 καὶ
1332 5605 1597 5676 πολύνουν
1629 5605 1868 5693 ἐμαυτόν
1910 5620 2048 5676 ἀπο-

469 5690 645 5779 ςιήνω,
683 5690 800 5744 ἀλλ’
835 5693 924 5747 ἵνα
963 5697 1058 5749 καὶ
1092 5699 1190 5770 τήν
1222 5703 1438 5760 Παύλου
1476 5690 1675 5778 σοφίαν
1718 5707 1848 5779 ὑμῖν
1885 5708 2050 5761 ἐκκα-

527 5777 543 5797 ⁸
578 5779 710 5832 Unus
729 5794 844 5833 mss.
875 5785 1121 5845 γνώριμον.

2075 5049 2145 5068 ᾳη-

2150 5123 2338 5193 λέῖψωμ,
2370 5123 2465 5175 καὶ
2496 5123 2594 5195 τὴν
2629 5124 2906 5198 ὑμετέραν
2934 5128 3188 5201 διεγείρω
3219 5126 3557 5200 προθυμίαν,
3586 5127 3732 5182 οὕτω

2153 5204 2521 5278 μεταχειρίζω
2558 5207 2659 5266 τὸν.
2680 5207 2875 5278 λόγον.
2907 5211 2980 5264 Τό
3007 5228 3065 5265 τε
3091 5211 3198 5286 γὰρ
3225 5210 3388 5281 βάθος
3405 5209 3506 5280 τῆς
3532 5211 3738 5266 ἐκείνου

2152 5290 2419 5352 συνέσεως
2466 5290 2717 5356 φαίνεται
2748 5293 3043 5361 μειζόνως,
3094 5296 3222 5355 ὅταν
3251 5295 3316 5346 ἐκ
3352 5295 3484 5364 μιᾶς
3530 5295 3740 5364 ρήσεως

2147 5370 2436 5435 τοσούτους
2480 5375 2614 5444 ἡμῖν
2657 5375 2827 5452 τίκτῃ
2871 5378 3150 5448 ποταμοὺς
3199 5376 3491 5448 νοημάτων
3519 5393 3534 5407 ·
3577 5378 3742 5447 ὑμεῖς

2146 5473 2207 5514 τε
2253 5457 2537 5528 μαθόντες,
2565 5459 2771 5530 ὅτικαί
2816 5462 2925 5520 ἀπὸ
2958 5465 3087 5534 μιᾶς
3123 5462 3323 5528 λέξεως
3365 5461 3734 5534 ἀποστολικῆς

2153 5539 2360 5609 ἄφατον
2408 5539 2524 5601 ἐστι
2577 5543 2975 5614 καρπώσασθαι
3022 5545 3339 5616 φιλοσοφίας
3391 5545 3642 5609 πλοῦτον,
3677 5548 3738 5601 οὐ

2156 5624 2606 5695 παραδραμεῖσθε
2639 5626 2735 5690 τὰς
2773 5629 3084 5694 Ἐπιστολάς
3107 5629 3315 5694 ἁπλῶς,
3349 5628 3487 5681 ἀλλά
3532 5645 3737 5699 προαχ-

2157 5707 2410 5777 θήσεσθε,
2437 5711 2557 5773 ταῖς
2587 5709 2766 5763 ἐλπίσι
2795 5711 3021 5777 ταύταις
3048 5712 3392 5784 τρεφόμενοι,
3422 5711 3531 5765 τῶν
3551 5714 3729 5780 ἐγκειο

2163 5790 2336 5861 μένων
2361 5793 2571 5865 ῥήσεων
2605 5794 2842 5867 ἑκάστην
2873 5797 3011 5869 μετὰ
3046 5797 3243 5869 πολλῆς
3274 5794 3735 5869 περιεργάζεσθαι
