4006 6400
194 342 301 398 *ιω

195 457 523 522 Quapropter
550 447 668 503 lucc
695 444 856 499 verba
888 439 1105 506 subdit,
1136 437 1252 492 Non
1296 447 1348 491 ut
1386 437 1643 490 inimicum
1683 435 1793 489 cati-

196 548 419 611 uimate,
434 540 523 596 scd
545 551 599 593 ut
622 540 828 611 fratrem
855 534 912 606 (2
928 532 1108 592 Thess.
1122 531 1174 586 3.
1194 527 1279 599 15)
1291 567 1304 579 .
1335 524 1792 594 Quemadmodum

197 637 360 707 igitur
383 649 502 690 cum
532 630 774 693 dixisset,
806 627 864 682 Si
890 625 1000 696 quis
1035 639 1137 678 non
1174 621 1282 676 vult
1309 620 1561 684 laborare,
1591 634 1654 672 ne
1677 618 1792 672 edat

201 729 221 798 (
245 726 327 782 Ib.
356 743 409 782 ν.
438 725 505 780 10
529 723 547 793 )
572 764 589 789 ,
618 722 736 776 illos
765 728 911 773 certe
929 758 945 783 ,
974 715 1061 785 qui
1106 721 1367 785 possunt,
1393 724 1575 765 curam
1606 722 1792 765 eorum

199 817 402 873 habere
435 813 595 885 jussit
637 828 651 864 :
694 811 764 866 ita
808 808 967 863 etiam
1008 805 1100 862 hic
1135 811 1480 875 posteaquam
1512 800 1679 864 dixit,
1714 799 1797 855 Nc

199 903 627 963 commisceamini
653 902 751 967 illi,
783 915 890 955 non
916 898 1166 959 alienavit
1192 894 1261 949 ab
1286 893 1403 964 ejus
1427 907 1556 948 cura
1584 890 1795 947 audito-

199 1012 307 1065 res,
335 995 435 1053 sed
459 994 611 1067 jubet
638 992 922 1062 diligenter
947 1003 1069 1044 eum
1100 985 1393 1054 suscipere,
1424 983 1608 1039 dicens
1635 1000 1648 1036 :
1680 981 1798 1036 Non

200 1098 256 1143 ut
276 1086 544 1142 inimicum
569 1083 851 1139 existimate
873 1121 889 1146 ,
918 1080 1007 1133 sed
1034 1087 1087 1131 ut
1113 1080 1342 1148 fratrem.
1376 1073 1657 1143 Reliquisti
1682 1072 1797 1141 ejus

201 1173 685 1238 consuetudinem,
717 1170 813 1227 sed
849 1184 919 1224 ne
961 1167 1232 1236 relinquas
1268 1164 1337 1219 de
1379 1178 1445 1219 co
1482 1162 1787 1219 soliieitudi.

205 1285 328 1325 nem
359 1286 375 1323 :
403 1266 677 1323 exclusisti
708 1278 828 1321 eum
855 1276 886 1316 a
917 1266 1203 1324 conventu,
1236 1272 1304 1313 ne
1328 1255 1581 1310 excludas
1608 1271 1638 1309 a
1663 1255 1801 1310 cari-

205 1368 334 1416 tate.
364 1357 578 1413 Etenim
605 1354 705 1410 hoc
733 1354 906 1423 ipsum
935 1350 1127 1406 aﬂ’ectu
1153 1346 1392 1402 caritatis
1433 1345 1714 1411 mandavi,
1746 1355 1804 1400 ut

207 1448 308 1504 hac
352 1446 697 1518 separatione
741 1445 910 1499 factus
950 1440 1172 1518 melior,
1203 1438 1270 1493 ad
1312 1436 1573 1506 reliquum
1608 1451 1803 1506 corpus

209 1517 612 1603 reverteretur;
644 1533 1077 1608 quandoquidem
1112 1517 1277 1586 etiam
1316 1538 1495 1600 patres
1523 1530 1680 1584 domo
1707 1544 1802 1583 sua

209 1631 348 1688 filios
376 1629 692 1700 expellunt,
723 1643 826 1681 non
859 1633 917 1680 ut
946 1632 1203 1694 perpetuo
1233 1620 1363 1677 foris
1396 1630 1682 1686 maneant,
1710 1619 1803 1673 sed

212 1735 268 1780 ut
294 1721 436 1793 quod
465 1722 630 1777 domo
654 1718 982 1782 exciderint,
1016 1713 1368 1769 modestiores
1398 1711 1555 1777 facti,
1585 1710 1802 1765 domum

212 1813 541 1885 postliminio
562 1816 921 1867 revertantur.
947 1808 1122 1877 Atque
1148 1806 1262 1859 hate
1286 1803 1555 1859 sul'liciaut
1573 1802 1639 1857 ad
1665 1801 1804 1866 illos,

211 1906 298 1976 qui
328 1903 598 1975 pigritiam
628 1900 750 1956 aliis
777 1898 1011 1969 obiicere
1036 1895 1232 1952 solent.

282 1996 480 2050 Verum
522 1992 775 2063 quoniam
813 1987 965 2044 multi
1002 1986 1120 2041 aliis
1159 1993 1383 2040 utttntur
1412 1982 1589 2039 verbis
1615 1983 1811 2053 quibus

216 2103 271 2143 se
297 2097 593 2150 excusent,
625 2099 744 2154 qua:
770 2082 925 2151 plena
955 2076 1287 2134 crudelitatis
1314 2090 1379 2130 ac
1404 2074 1809 2129 inlmmanitatis

217 2187 335 2232 sunt
356 2218 371 2242 ,
403 2189 633 2231 necesse
661 2180 745 2228 est
782 2180 839 2226 ut
877 2170 966 2224 illa
995 2182 1209 2239 quoque
1234 2165 1586 2236 redarguam,
1619 2180 1723 2220 non
1753 2174 1809 2219 ut

216 2266 613 2323 excusationem
653 2262 733 2318 eis
775 2260 1037 2324 adimam,
1082 2255 1177 2313 sed
1218 2271 1325 2327 quo
1367 2254 1712 2325 persuadeam
1754 2262 1812 2309 ut

218 2359 406 2414 omissa
436 2371 572 2410 vana
602 2363 657 2409 et
691 2350 900 2416 inutili,
932 2349 999 2406 ad
1032 2363 1215 2404 veram
1241 2356 1295 2403 et
1321 2345 1459 2416 apud
1488 2341 1682 2398 Christi
1712 2346 1808 2399 tri-

222 2448 373 2505 bunal
403 2446 744 2520 profuturam
768 2440 1135 2500 defensionem
1160 2438 1413 2509 aper-ibus
1436 2436 1564 2507 ipsis
1584 2451 1643 2491 se
1666 2452 1810 2491 exer-

219 2549 388 2598 ceant.

287 2629 657 2686 Excusationcs
682 2624 813 2680 alia:
837 2638 1109 2679 avarorum
1129 2618 1357 2693 refellit;
1382 2616 1647 2672 coheredes
1675 2618 1811 2687 ﬁlia-

222 2744 327 2783 rum
353 2735 468 2783 sunt
512 2736 801 2797 pauperes;
839 2728 1109 2775 sementem
1151 2730 1242 2769 cur
1279 2713 1646 2784 elecmosyuam
1675 2721 1811 2766 υοεει

224 2819 513 2890 Scriptura.
540 2815 759 2883 —~Qua:
782 2821 864 2867 est
905 2809 1065 2880 igitur
1090 2807 1180 2863 illa
1212 2804 1506 2876 vulgarium
1534 2802 1813 2857 hominum

225 2910 402 2982 frigida
443 2922 516 2965 ac
551 2906 753 2962 inutilis
782 2898 1064 2959 defensio?
1090 2894 1284 2953 Alendi
1322 2903 1448 2949 sunt
1470 2934 1485 2962 ,
1516 2893 1720 2964 inquit,
1750 2893 1814 2948 li-

225 3002 331 3059 beri
351 3044 364 3065 ,
396 3000 472 3056 rei
526 2995 803 3052 familiaris
839 2989 1073 3064 gerenda
1111 2996 1195 3044 est
1232 3001 1361 3041 cura
1386 3026 1401 3050 ,
1435 2998 1655 3039 uxorem
1689 2982 1775 3037 alo
1796 3025 1813 3048 ,

226 3090 557 3147 necessarios
604 3094 851 3155 sumptus
894 3080 1091 3136 multos
1135 3076 1378 3132 sustineo
1416 3090 1429 3126 :
1468 3071 1812 3144 quamobrem

227 3196 325 3237 non
363 3178 645 3251 suppetit,
690 3175 832 3231 unde
866 3169 1054 3227 obvios
1091 3166 1373 3224 sublevare
1418 3163 1639 3236 possim.
1680 3162 1816 3229 Quid

229 3275 336 3331 ais?
361 3274 534 3330 Filios
557 3271 658 3325 alis
677 3310 693 3337 ,
721 3276 776 3323 ct
804 3266 924 3321 ideo
952 3278 1061 3319 non
1087 3268 1171 3317 est
1200 3257 1341 3314 unde
1364 3257 1641 3312 venientes
1667 3253 1733 3309 ad
1766 3263 1818 3310 te

230 3366 514 3422 subleves?
553 3364 665 3418 lmo
709 3368 929 3430 propter
974 3354 1076 3409 hoc
1121 3354 1295 3422 ipsum
1340 3345 1653 3404 sublevandi
1696 3352 1821 3400 sunt

231 3457 394 3528 egeni,
420 3464 476 3511 ut
511 3453 699 3523 exigua
730 3448 950 3521 pecunia
987 3443 1268 3500 Dominum
1293 3438 1384 3509 qui
1414 3452 1509 3492 eos
1534 3437 1623 3492 tibi
1648 3434 1817 3498 dedit,

235 3526 498 3621 propitios,
531 3555 591 3601 ut
619 3545 781 3601 etiam
825 3549 945 3611 post
972 3545 1199 3621 mortem
1230 3541 1371 3588 tuam
1401 3539 1684 3601 patronum
1717 3526 1822 3582 illis

238 3617 521 3713 relinquas,
552 3646 613 3694 ut
635 3637 713 3693 eis
748 3647 998 3705 magnum
1038 3617 1275 3683 favorem
1300 3622 1505 3678 exelitus
1533 3619 1818 3684 concilies,

238 3737 359 3792 dum
383 3711 473 3791 illa
508 3731 733 3804 pecunia
771 3733 1019 3796 sumptus
1055 3722 1165 3776 Deo
1202 3727 1386 3788 gratos
1417 3711 1597 3769 facies.
1631 3712 1822 3777 Annon

240 3828 409 3896 vides,
440 3843 470 3883 a
500 3824 683 3881 multis
726 3819 970 3876 homines
1011 3818 1371 3887 prwpotentes
1407 3821 1472 3862 ac
1507 3798 1820 3875 opulentos,

242 3918 365 3975 nihil
386 3916 585 3988 alioqui
614 3914 679 3969 ad
707 3925 860 3967 suum
887 3920 1054 3980 genus
1081 3902 1395 3965 attinentes,
1424 3896 1475 3950 in
1506 3901 1826 3951 testamento

244 4024 336 4065 suo
358 3982 590 4064 insertos
616 4004 782 4059 fuisse
808 4042 824 4069 ,
860 4007 916 4054 et
941 3993 1125 4052 liberis
1159 3990 1272 4047 suis
1296 3985 1589 4045 coheredes
1619 3982 1787 4039 factos
1806 4022 1823 4049 ,

246 4099 368 4155 nihil
392 4098 459 4155 ob
485 4095 630 4152 aliud
666 4107 825 4164 quam
867 4098 926 4145 ut
967 4084 1308 4143 securitatem
1341 4077 1465 4132 filiis
1494 4073 1701 4130 modica
1733 4089 1826 4143 pe-

246 4195 391 4250 cunia
427 4191 721 4265 pararent?
761 4187 920 4257 idque
960 4199 1081 4239 eum
1124 4181 1383 4236 incertum
1413 4180 1558 4230 esset
1594 4180 1827 4241 quonam

247 4261 442 4341 aifectu'
464 4293 587 4356 post
611 4281 815 4337 obitum
843 4277 1080 4349 ipsorum
1107 4273 1245 4328 filios
1272 4269 1394 4325 illos
1418 4261 1715 4322 coheredes
1741 4273 1827 4315 es-

250 4386 362 4434 sent
383 4355 795 4448 prosequutnri?
820 4371 899 4427 Tn
924 4382 1054 4425 vero
1079 4380 1200 4422 cum
1227 4362 1367 4421 scias
1407 4355 1789 4413 humanitatem
1811 4388 1828 4418 ,

284 4500 537 4507 ,η’-...4

608 4496 803 4505 ...μ’-.-

837 328 926 386 DE
969 325 1214 383 VERBIS
1251 324 1609 392 APOSTOLI,
1650 322 1928 391 IIABENT
1935 319 2016 376 ES
2054 315 2353 375 EUMDEM
2392 311 2737 370 SPllilTUM.
2779 309 2868 365 lil.

3372 309 3517 366 294-2

1899 430 2226 494 bonitatem,
2251 435 2306 483 et
2334 426 2635 496 :equitatcm
2673 424 2746 478 tui
2791 421 3001 477 Domini
3022 462 3035 485 ,
3063 430 3334 490 expertem
3360 437 3482 476 eum

1899 522 1970 576 tui
2001 518 2301 575 testamenti
2336 515 2538 571 facies?
2577 530 2681 569 non
2724 514 2886 569 facies
2923 528 3045 568 cum
3072 511 3390 568 coheredem
3419 515 3507 568 li-'

1898 613 2148 667 berorum
2179 609 2425 664 tuorum?
2456 607 2688 663 Haecine
2711 615 2793 662 est
2816 605 3167 660 amantissimi
3194 606 3359 676 patris
3380 607 3486 660 oftia

1899 700 2080 757 cium?
2105 700 2236 755 Nam
2261 699 2307 754 si
2344 698 2507 769 prolis
2534 706 2639 752 tua:
2665 712 2850 751 curam
2878 696 3022 766 geris
3046 736 3060 759 ,
3102 695 3346 766 relinque
3383 696 3489 752 illis

1900 791 2195 848 chartulam
2220 789 2507 861 scriptam,
2535 788 2587 843 in
2613 804 2717 857 qua
2750 788 2915 842 Deum
2942 787 3238 843 debitorem
3267 788 3487 845 habeas.

1901 885 2027 941 Ha-c
2051 882 2283 940 maxima
2312 881 2601 947 hereditas,
2630 882 2730 935 hoc
2753 879 2919 935 decus
2936 887 3041 943 est,
3068 877 3184 934 lucc
3206 880 3492 938 securitas.

1906 976 2067 1029 lndnc
2091 989 2214 1029 eum
2250 973 2302 1027 in
2340 981 2605 1026 terrenam
2636 971 2775 1024 hanc
2801 968 3196 1033 hereditatem,
3230 979 3286 1024 ut
3309 978 3361 1025 te
3386 986 3493 1025 una

1903 1081 2023 1120 cum
2052 1064 2157 1118 tuis
2184 1064 2366 1118 liberis
2390 1063 2442 1116 in
2469 1062 2736 1117 each-stem
2781 1061 2923 1115 illam
2964 1059 3313 1116 hereditatem
3338 1061 3496 1116 indu-

1904 1166 2010 1211 cat.
2040 1156 2139 1211 Hic
2165 1154 2322 1210 heres
2350 1153 2545 1209 nobilis
2568 1162 2679 1216 est,
2709 1153 3003 1217 humanus,
3035 1152 3235 1220 bonus,
3265 1161 3457 1222 potens
3478 1196 3493 1219 ,

1905 1248 2092 1315 dives;
2120 1262 2284 1317 quare
2312 1246 2440 1301 nihil
2468 1254 2550 1300 est
2571 1260 2669 1300 cur
2700 1245 2816 1313 ejus
2843 1243 3155 1298 societatem
3186 1254 3493 1313 suspectam

1908 1339 2125 1395 habeas.
2171 1336 2297 1393 Ideo
2335 1336 2497 1392 etiam
2543 1336 2798 1392 sementis
2844 1343 3061 1390 vocatur
3110 1334 3451 1406 eleemosyna
3480 1379 3492 1400 ,

1907 1436 2029 1507 quia
2062 1448 2147 1489 res
2174 1433 2289 1487 hzec
2320 1446 2424 1486 non
2452 1438 2558 1485 tam
2589 1437 2831 1499 sumptus
2857 1437 2958 1492 est,
2983 1442 3141 1499 quam
3169 1427 3370 1482 reditus
3399 1445 3413 1482 :
3443 1437 3496 1482 tn

1909 1537 2087 1583 autem
2110 1524 2322 1596 quando
2343 1522 2713 1579 seminandum
2740 1530 2843 1586 est,
2873 1537 2977 1575 non
3002 1520 3177 1589 magni
3208 1520 3338 1575 facis
3357 1521 3497 1589 quod

1909 1634 2135 1675 evacues
2165 1617 2428 1672 h-nctuum
2458 1622 2697 1670 veterum
2728 1612 3110 1683 promptuaria,
3138 1610 3233 1666 sed
3256 1611 3323 1665 ad
3355 1626 3496 1665 mes.

1910 1711 1985 1766 sis
2014 1708 2205 1764 futura:
2238 1707 2463 1761 fructum
2507 1714 2717 1775 spectas
2741 1745 2755 1767 ,
2789 1702 2947 1772 idque
2974 1718 3094 1757 cum
3125 1712 3371 1757 eventum
3404 1719 3500 1758 nc-

1911 1802 2069 1859 scias.
2093 1798 2226 1854 Nam
2246 1808 2299 1853 et
2319 1797 2529 1867 rubigo,
2551 1805 2607 1851 et
2631 1794 2928 1860 calamitas,
2956 1804 3009 1849 et
3036 1794 3259 1859 locusta,
3288 1803 3342 1848 et
3366 1796 3505 1849 aeris

1913 1891 2261 1962 intemperies
2288 1898 2345 1945 et
2371 1890 2534 1944 multa
2560 1901 2660 1944 nos
2686 1902 2715 1941 a
2745 1900 2842 1956 spe
2869 1894 2925 1941 et
2947 1887 3343 1955 exspectatione
3371 1886 3506 1956 deji-

1913 1986 2063 2042 ciunt
2093 2002 2106 2038 :
2136 1997 2259 2039 cum
2288 1996 2416 2036 vero
2444 1980 2496 2034 in
2529 1979 2721 2034 cadum
2744 1988 2825 2033 est
2855 1991 3040 2033 semen
3062 1976 3390 2047 iaciendum,
3416 1979 3504 2033 ubi

1916 2079 2058 2134 nulla
2093 2075 2234 2133 aeris
2273 2071 2641 2141 intemperies,
2672 2069 2851 2124 nullus
2878 2068 3054 2133 dolor,
3086 2068 3247 2123 nulla:
3278 2068 3503 2129 insidiae.

1916 2165 2282 2239 tergiversaris
2304 2178 2367 2218 ac
2389 2160 2778 2233 procrastinas?
2803 2158 2869 2212 Et
2887 2174 3043 2228 quam
3068 2173 3252 2229 speras
3275 2159 3504 2223 veniam,
3544 2140 3547 2143 D

1915 2261 2005 2331 qui
2048 2260 2102 2314 in
2135 2269 2328 2313 terram
2369 2250 2715 2317 seminando,
2747 2249 3076 2308 conﬁdenter
3101 2259 3155 2303 et
3183 2249 3429 2305 alacriter
3456 2250 3507 2304 id

1917 2349 2046 2405 facis
2070 2367 2085 2415 ;
2112 2365 2232 2405 cum
2260 2361 2387 2401 vero
2414 2344 2467 2399 in
2497 2357 2712 2398 manum
2741 2341 2834 2397 Dei
2863 2339 3232 2394 scminaudnm
3262 2350 3364 2406 est,
3390 2356 3507 2397 ces-

1915 2457 2004 2498 sas
2044 2448 2099 2496 et
2141 2437 2403 2509 negiigis?
2431 2435 2563 2489 Nam
2607 2435 2651 2490 si
2696 2441 2835 2487 terra
2881 2431 3057 2487 reddit
3099 2432 3239 2501 quod
3289 2432 3390 2487 sibi
3425 2444 3511 2487 est

1916 2531 2201 2595 creditura,
2232 2527 2400 2581 multo
2423 2523 2590 2594 magis
2619 2521 2711 2576 Dei
2743 2536 2950 2583 manus,
2979 2536 3329 2592 qumemnque
3358 2536 3510 2577 acce-

1918 2623 2074 2695 perit,
2103 2633 2295 2690 magno
2320 2632 2442 2673 cum
2470 2614 2675 2672 [tenore
2699 2625 2781 2668 est
2808 2613 3095 2667 redditura.

1992 2713 2081 2770 10.
2110 2711 2235 2768 Haec
2264 2709 2422 2780 igitur
2446 2707 2679 2762 scientes
2705 2720 2809 2760 non
2840 2705 3187 2774 reapiciamus
3214 2714 3506 2774 sumptum,

1917 2805 2131 2879 quando
2156 2804 2552 2872 eleemosynam
2582 2796 2824 2862 facimus,
2854 2795 2948 2851 sed
2971 2810 3095 2850 eum
3120 2796 3211 2866 qui
3242 2796 3365 2852 inde
3390 2811 3511 2865 spe-

1920 2910 2067 2953 ratur
2102 2902 2449 2966 proventum,
2490 2891 2599 2946 imo
2635 2889 2795 2944 etiam
2842 2901 3079 2958 praesens
3116 2887 3324 2942 lucrum
3354 2904 3372 2941 ι
3405 2901 3511 2944 non

1919 2990 2093 3046 solum
2127 2986 2270 3044 enim
2311 2999 2534 3056 regnum
2564 2982 2819 3038 caelorum
2850 2982 3190 3051 eleemosyna
3226 2990 3513 3051 procurat,

1921 3081 2018 3137 sed
2043 3081 2095 3136 in
2127 3076 2377 3150 prmsenti
2406 3075 2565 3131 etiam
2598 3073 2703 3128 vita
2730 3071 3069 3127 securitatem
3090 3069 3246 3126 all‘ert
3271 3080 3324 3126 et
3347 3071 3517 3125 abnu-

1923 3173 2178 3229 dantiam.
2199 3169 2329 3237 Quis
2351 3168 2465 3223 haec
2482 3163 2798 3238 pollicetur?
2822 3161 2937 3231 Ipse
2952 3162 3040 3232 qui
3064 3170 3317 3231 praestare
3343 3171 3519 3231 potest

1927 3265 2201 3321 Dominus.
2236 3260 2371 3317 Dicit
2396 3258 2539 3315 enim
2571 3274 2585 3310 :
2617 3256 2719 3324 Qui
2756 3270 2850 3309 sua
2898 3253 3217 3322 pauperibus
3261 3253 3514 3320 largitur,

1924 3355 2231 3426 centuplum
2256 3351 2478 3421 accipiet
2505 3349 2558 3403 in
2587 3346 2690 3401 hoc
2713 3344 2911 3400 smculo
2929 3384 2941 3406 ,
2966 3351 3020 3398 et
3044 3342 3167 3397 vitae
3190 3351 3405 3396 wternie
3433 3340 3517 3395 he-

1927 3448 2205 3505 reditatem
2245 3440 2462 3497 habebit
2487 3436 2718 3508 (Matth.
2747 3436 2833 3490 19.
2862 3431 2989 3504 29).
3021 3431 3179 3485 Vides
3210 3431 3518 3486 retributio-

1929 3554 2052 3595 nem
2077 3537 2131 3591 in
2156 3543 2380 3604 utraque
2406 3531 2511 3585 vita
2532 3542 2655 3583 cum
2682 3540 2873 3596 magno
2896 3525 3098 3578 tumore
3127 3520 3518 3592 recipiendam?

1928 3631 2007 3687 Ne
2034 3629 2194 3700 igitur
2220 3636 2528 3686 cessemus,
2557 3632 2733 3689 neque
2778 3615 3263 3687 procrastinemus,
3300 3611 3393 3666 Sed
3427 3627 3522 3683 per

1929 3723 2166 3795 singulos
2190 3717 2304 3774 dies
2329 3717 2683 3784 eleemosynze
2714 3709 2942 3765 fructum
2984 3706 3355 3776 percipianius,
3385 3713 3524 3758 utet

1933 3819 1985 3872 in
2027 3811 2275 3886 prtesenti
2304 3806 2501 3864 saeculo
2526 3804 2686 3860 rebus
2716 3799 2967 3856 secundis
2994 3798 3232 3853 fruamur
3252 3837 3266 3863 ,
3295 3806 3351 3852 et
3378 3796 3520 3851 futu-

1935 3923 2048 3964 ram
2074 3905 2237 3961 vitam
2263 3909 2655 3969 consequamur
2681 3911 2695 3949 :
2720 3904 2839 3963 qua:
2870 3890 3020 3945 nobis
3043 3888 3291 3943 omnibus
3314 3886 3525 3941 contin-

1932 4011 2042 4072 gat,
2070 3997 2238 4069 gratia
2267 4002 2322 4051 et
2355 3989 2681 4061 benignitate
2708 3983 2916 4041 Domini
2949 3981 3115 4038 nostri
3150 3979 3277 4036 Jesu
3305 3978 3523 4043 Christi,

1934 4069 2054 4148 eum
2084 4103 2188 4159 quo
2216 4085 2358 4142 Patri
2387 4098 2489 4138 una
2517 4094 2639 4136 cum
2666 4076 2868 4149 Spiritu
2898 4083 3084 4130 sancto
3109 4074 3299 4145 gloria,
3331 4069 3523 4135 honor,

1939 4181 2217 4252 imperium
2246 4178 2297 4232 in
2326 4174 2520 4229 sarcula
2550 4170 2889 4227 saeculorum.
2919 4167 3110 4221 Amen.

812 4496 821 4499 γ
870 4471 1817 4499 Μία-ρ-

1924 4442 2635 4471 ________________..._.__

1361 4557 1502 4627 DE
1549 4542 1946 4623 EISDEM
1985 4526 2405 4613 VERBIS,

257 4740 575 4786 "ABENTES
618 4736 832 4782 ΔΕΤΕΜ
881 4728 1151 4776 ΕυΜῡΕΜ

1196 4722 1495 4770 smmum
1544 4715 1744 4765 FIDEI,
1790 4708 1969 4754 srcor
2013 4699 2324 4747 SCRIPTUM
2370 4694 2484 4738 EST
2530 4673 2549 4754 (
2592 4673 2652 4730 2.

692 4834 882 4887 CAUSA
931 4828 1129 4873 ιιΕιιυε
1174 4824 1352 4869 BONIS
1395 4816 1605 4864 OMNES
1648 4814 1733 4857 EX
1779 4811 1817 4852 Α

1924 4806 1961 4849 Ο
2005 4798 2369 4848 FRUANTUB.
2417 4794 2499 4837 ET
2532 4792 2615 4834 DE
2660 4783 3073 4831 ΕιΕΕΜοεγΝΑ

331 5054 382 5107 l.
407 5052 542 5109 Cum
568 5049 746 5120 priore
770 5028 1058 5106 conventu,
1089 5046 1144 5093 et
1171 5035 1260 5107 qui
1297 5032 1444 5087 illum
1475 5034 1842 5100 pra-cesserat,

266 5158 422 5198 unum
450 5116 674 5211 apostoli
704 5136 905 5192 dictum
932 5130 1326 5199 susceperimus
1351 5118 1762 5192 exponendum,
1795 5116 1843 5168 in

265 5233 377 5302 eius
401 5209 740 5288 enarratione
778 5235 947 5281 totum
977 5233 1281 5277 sermonem
1305 5209 1765 5281 consumpsimus,
1795 5212 1851 5257 et

272 5321 425 5378 hodie
467 5336 679 5393 quoque
721 5319 774 5372 in
820 5313 1007 5370 eodem
1050 5307 1254 5366 versari
1302 5302 1716 5376 proposuimus:
1751 5297 1852 5350 hoc

273 5424 440 5469 autem
465 5415 587 5469 data
612 5427 772 5483 opera
798 5407 1041 5469 facimus,
1067 5403 1134 5458 ad
1159 5410 1389 5457 vestram
1417 5395 1723 5457 utilitatem,
1748 5404 1850 5444 non

274 5506 335 5559 ad
362 5516 592 5561 nostram
617 5500 1051 5560 ostentationem.
1075 5496 1188 5550 Non
1211 5492 1352 5547 enim
1375 5499 1432 5542 ut
1462 5483 1748 5543 fecundum
1769 5497 1856 5537 me

275 5607 326 5649 ct
349 5579 665 5651 multideium
692 5591 1005 5655 ostendam;
1028 5587 1122 5643 sed
1150 5595 1206 5640 ut
1234 5593 1343 5638 tum
1372 5580 1516 5637 Pauli
1543 5574 1856 5648 sapientiam

278 5687 421 5741 vobis
443 5687 701 5757 aperiam,
728 5693 840 5740 tum
865 5690 1094 5736 vestram
1134 5673 1462 5731 alacritatem
1506 5667 1759 5732 excitem,
1788 5664 1859 5718 ita

284 5755 519 5835 mandem
547 5793 702 5837 verso
723 5788 1046 5834 sermonem.
1075 5769 1205 5825 Nam
1237 5774 1297 5851 et;
1326 5764 1464 5820 illius
1497 5755 1859 5830 intelligentia

1949 5015 2283 5091 profunditas
2312 5007 2480 5077 magis
2508 5001 2758 5065 elucebit,
2791 4997 2834 5053 si
2861 5011 2929 5052 ex
2964 5009 3070 5049 uno
3093 4990 3239 5047 dicto
3267 4999 3409 5046 tanta
3439 5004 3534 5042 no-

1950 5076 2034 5167 bis
2062 5076 2444 5163 sententiarum
2481 5095 2678 5151 ﬂuenta
2713 5088 2984 5161 proferat;
3011 5094 3064 5141 et
3095 5097 3190 5139 vos
3208 5122 3224 5146 ,
3252 5095 3373 5136 cum
3400 5076 3537 5132 didi.-

1949 5200 2130 5256 eeritis
2166 5210 2235 5250 ex
2281 5206 2388 5245 uno
2434 5183 2662 5257 apostoli
2713 5181 2879 5237 verbo
2923 5173 3220 5233 ineliabiles
3267 5167 3543 5237 sapientia:

1951 5288 2164 5347 divitias
2183 5280 2426 5354 depromi
2451 5254 2627 5350 posse,
2651 5288 2758 5328 non
2783 5270 3070 5327 oscitantes
3092 5258 3408 5331 percurretis
3430 5254 3547 5324 ejus

1954 5381 2230 5455 epistolas,
2264 5374 2357 5433 sed
2386 5374 2487 5429 hac
2514 5384 2610 5440 spe
2639 5364 2841 5422 inducti
2867 5357 3101 5427 singulas
3129 5365 3311 5407 earum
3338 5356 3548 5402 senten-

1959 5439 2060 5531 tias
2099 5439 2359 5545 exquisita
2396 5480 2524 5523 cura
2549 5439 2627 5516 iac
2665 5454 2935 5527 diligentia
2977 5439 3461 5519 perscrutabimiui.
3493 5440 3548 5496 Si

1961 5569 2103 5624 enim
2128 5531 2289 5621 unum
2316 5560 2515 5616 dictum
2543 5550 2721 5609 triduo
2749 5544 2903 5601 nobis
2936 5535 3236 5596 disserendi
3273 5531 3547 5590 materiam

2212 5696 2228 5722 ,
2257 5658 2510 5723 quantum
2552 5641 2747 5716 putatis
2787 5638 3093 5693 thesaurum
3134 5628 3289 5686 nobis
3329 5620 3545 5721 profun-

1966 5712 2247 5807 derctuna
2276 5712 2690 5813 quaepiam-pars
2720 5727 2998 5800 diligenter
3029 5727 3251 5779 tractata
3286 5732 3347 5773 ac
3379 5712 3540 5771 censio
