4062 6470
467 357 569 414 29f

467 468 693 528 demta?
721 467 800 524 Nc
828 466 990 539 igitur
1023 466 1348 522 deiassemur
1387 466 1692 536 priusquam
1723 472 1888 518 totum
1921 460 2060 531 quod

467 570 718 631 superest
765 559 1208 629 decerpseriinus.
1258 556 1316 613 Si
1365 557 1508 612 enim
1559 555 1896 610 metallorum
1948 547 2064 607 auri

470 654 706 709 fossores
729 691 744 716 ,
783 650 910 706 licet
947 649 1288 720 quantumvis
1317 647 1618 702 divntiarum
1652 646 1772 702 inde
1797 645 2061 700 exhause-

471 744 612 807 rint,
649 756 753 796 non
798 741 946 810 prius
992 747 1170 794 tamen
1213 738 1336 794 inde
1379 737 1674 800 absistunt,
1707 752 1864 807 quam
1896 745 2061 788 totum

469 847 655 887 aurum
697 829 982 884 auferant:
1013 829 1184 883 multo
1222 829 1478 898 majorem
1516 842 1615 884 nos
1645 827 1972 881 alacritatem
2000 841 2063 880 ac

473 925 798 996 diligentiam
830 925 881 978 in
912 923 1310 995 perscrutandis
1339 922 1532 977 divinis
1559 921 1784 990 eloquiis
1809 920 2064 975 adhibere

471 1017 738 1073 convenit.
763 1016 898 1072 Nam
921 1025 976 1072 et
999 1031 1096 1071 nos
1117 1030 1304 1070 aurum
1325 1013 1628 1077 elfodimus,
1655 1028 1758 1068 non
1787 1011 2058 1072 sensibile,

471 1109 566 1163 sed
605 1109 884 1178 spirituale
916 1124 929 1160 :
961 1122 1066 1162 non
1105 1107 1248 1161 enim
1292 1107 1343 1160 in
1383 1105 1610 1160 metallis
1649 1111 1836 1168 terrm,
1878 1101 1970 1156 sed
2013 1102 2062 1155 in
2101 1109 2121 1123 '

466 1200 695 1272 Spiritus
736 1201 965 1256 metallis
1004 1214 1306 1270 operamnr.
1356 1197 1591 1253 Paulinrc
1636 1197 1777 1252 enim
1819 1195 2061 1266 epistola:

469 1293 682 1347 metalla
710 1302 832 1348 sunt
857 1292 1087 1363 Spiritus
1113 1299 1167 1346 et
1195 1290 1367 1345 fontes
1397 1308 1410 1344 :
1439 1289 1649 1344 metalla
1681 1288 1916 1358 quidem,
1940 1288 2062 1358 quia

467 1385 656 1454 quovis
684 1398 818 1437 auro
846 1382 1192 1454 pretiosiores
1219 1380 1373 1435 nobis
1402 1379 1641 1450 pra-bent
1670 1379 1880 1433 divitias
1908 1395 1921 1433 :
1948 1377 2066 1432 fon-

470 1487 552 1532 tes
583 1491 731 1536 vero,
761 1476 885 1546 quia
915 1490 1202 1544 numquam
1235 1473 1524 1538 deficiunt;
1557 1473 1650 1526 sed
1677 1472 2066 1543 quantumlibet

466 1566 755 1622 exhaurias
776 1609 790 1631 ,
819 1565 1148 1620 tantumdem
1189 1579 1254 1619 ac
1293 1566 1460 1619 multo
1495 1565 1722 1634 amplius
1750 1579 1958 1618 rursum
1990 1565 2065 1617 af-

471 1657 608 1712 fluit.
635 1657 703 1712 Et
729 1657 832 1712 hoc
856 1657 1132 1714 evidenter
1159 1656 1436 1711 declarare
1460 1665 1635 1726 potest
1661 1665 1830 1710 totum
1855 1664 2064 1724 tempus

468 1749 611 1815 quod
652 1749 928 1819 praeteriit.
958 1746 1232 1815 Siquidem
1259 1761 1322 1800 cx
1351 1761 1458 1815 quo
1489 1746 1683 1800 Paulus
1716 1745 1878 1810 vixit,
1906 1745 2064 1814 quin-

473 1838 617 1906 genti
642 1839 751 1906 jam
773 1837 938 1906 elapsi
961 1845 1084 1891 sunt
1109 1835 1256 1900 anni,
1282 1845 1496 1904 totoque
1525 1835 1626 1889 hnc
1655 1843 1892 1904 tempore
1915 1835 2065 1889 multi

473 1938 586 1984 tum
605 1938 1078 1994 commentatores,
1101 1937 1216 1982 tum
1228 1927 1474 1982 doctores
1489 1942 1550 1981 ac
1572 1928 1883 1994 interpretes
1901 1925 2063 1979 multa

472 2034 620 2088 smpe
649 2017 771 2072 inde
795 2017 1178 2083 exhauserunt,
1211 2032 1312 2072 nec
1339 2026 1516 2072 taa'en
1548 2031 1688 2086 τειρο-
1707 2018 1806 2072 itas
1833 2016 1959 2071 inibi
1987 2017 2065 2071 di-

474 2108 630 2164 vitias
653 2122 912 2163 cvaenare
941 2108 1237 2162 valuerunt.
1266 2107 1378 2162 Non
1412 2116 1493 2162 est
1519 2108 1660 2161 enim
1685 2107 1954 2162 sensibilis
1981 2107 2068 2163 hic

475 2201 760 2256 thesaurus
783 2243 798 2268 ,
829 2209 885 2255 et
921 2199 1120 2256 idcirco
1166 2215 1272 2255 non
1306 2201 1637 2255 consumitur
1664 2216 1694 2255 a
1723 2199 1902 2254 multis
1931 2200 2064 2254 efl'u-

470 2291 732 2346 dicntinm
765 2291 1009 2346 manibus
1033 2333 1049 2359 ,
1089 2291 1184 2347 sed
1228 2300 1451 2362 augetur
1481 2302 1534 2347 ct
1573 2293 1970 2362 multiplicatur.
2003 2293 2069 2346 Et

471 2383 602 2453 quid
627 2383 753 2439 dicet
776 2383 844 2439 de
875 2383 978 2440 illis
1006 2383 1094 2455 qui
1123 2394 1248 2440 ante
1289 2399 1386 2440 nos
1425 2385 1678 2440 fuerunt?
1707 2384 1875 2452 Quam
1913 2385 2063 2439 multi

477 2483 598 2543 post
619 2490 718 2529 nos
745 2473 937 2530 dicturi
963 2484 1105 2540 sunt,
1137 2489 1199 2530 ac
1225 2490 1410 2531 rursus
1434 2484 1554 2546 post
1585 2476 1702 2530 illos
1726 2475 1836 2540 alii,
1861 2489 1960 2530 nec
1990 2485 2069 2529 ta-

476 2580 597 2620 men
627 2563 874 2621 deficient
903 2565 1066 2621 fontis
1090 2565 1142 2621 in
1169 2565 1384 2621 modum
1414 2575 1680 2622 scatentes
1703 2566 1900 2620 divitia!
1925 2607 1938 2631 ,
1973 2581 2069 2621 ne-

471 2673 579 2727 que
622 2658 958 2712 metallorum
1005 2658 1106 2713 hoc
1146 2672 1314 2728 genus
1352 2657 1737 2713 exhaurietnr?
1775 2656 2065 2726 spiritualia

471 2751 616 2803 enim
640 2758 782 2812 sunt,
806 2759 859 2804 et
884 2758 1071 2819 suapte
1096 2759 1282 2804 natura
1309 2765 1594 2820 numquam
1619 2751 1836 2804 omnino
1860 2749 2066 2804 absumi

476 2848 717 2909 possunt.
763 2839 913 2909 Quod
952 2851 1034 2895 est
1074 2842 1231 2911 igitur
1274 2841 1401 2895 illud
1437 2841 1635 2902 dictum
1673 2840 2068 2911 apostolicum?

479 2931 731 2987 Habentes
754 2943 923 2986 autem
951 2933 1181 2986 enuidem
1212 2933 1464 3003 Spiritum
1493 2933 1613 3002 ﬁdei
1631 2974 1647 2998 ,
1676 2932 1802 2987 sicut
1829 2933 2069 3002 scriptum

478 3031 570 3082 est.
600 3021 828 3087 Credidi,
855 3032 1162 3092 quapropter
1187 3023 1419 3093 loquutus
1446 3039 1576 3076 sum.

546 3111 602 3165 9.
636 3111 815 3180 Nuper
841 3111 999 3182 igitur
1023 3113 1364 3182 quzcsivimus
1388 3129 1616 3184 quanam
1643 3113 1718 3168 de
1736 3129 1894 3169 causa
1920 3115 2071 3169 dixe-

477 3205 581 3269 rit,
613 3201 859 3256 Eamdem
899 3203 1153 3275 Spiritum
1182 3204 1344 3272 ﬁdei;
1374 3214 1428 3260 et
1455 3220 1614 3259 unam
1651 3203 1912 3260 hactenus
1939 3221 2066 3260 cau-

475 3314 588 3354 sam
616 3299 890 3354 attulimus
920 3315 935 3352 :
967 3305 1086 3353 erat
1107 3305 1285 3353 autem
1327 3297 1440 3353 haec
1472 3314 1485 3351 :
1520 3307 1578 3351 ut
1602 3296 1909 3352 ostenderet
1937 3313 2068 3352 cun-

476 3390 777 3445 sonantiam
819 3389 1037 3446 Veteris
1073 3404 1137 3444 ac
1185 3389 1316 3444 Novi
1361 3389 1710 3444 Testamenti.
1751 3388 1883 3444 Cum
1926 3390 2078 3444 cnim

477 3483 745 3537 invenitur
768 3480 910 3538 idem
937 3481 1058 3536 fidei
1096 3481 1327 3552 Spiritus
1353 3493 1406 3536 et
1443 3482 1656 3537 Davidis
1686 3482 1916 3553 linguam
1951 3497 2069 3537 mo-

478 3575 652 3636 visse,
679 3573 944 3628 dicentem
963 3615 977 3637 ,
1009 3572 1250 3640 Credidi,
1289 3583 1493 3645 prapter
1526 3576 1660 3645 quod
1697 3575 1937 3643 loquutus
1958 3591 2070 3629 sum

478 3661 655 3730 (Psal‘.
683 3662 807 3718 115.
833 3662 946 3730 10),
974 3670 1028 3718 et
1057 3662 1109 3718 in
1130 3662 1276 3718 Pauli
1301 3665 1474 3718 anima
1498 3674 1749 3734 operatus
1773 3680 1913 3732 esse,
1941 3665 2070 3720 satis

477 3761 700 3824 apparet
731 3768 974 3824 magnam
1005 3768 1124 3809 esse
1148 3753 1528 3826 prophetarum
1556 3771 1676 3810 cum
1699 3756 1954 3827 apostolis
1975 3771 2069 3812 co-

475 3845 805 3913 gnationem,
827 3854 983 3915 atque
1008 3846 1077 3900 ita
1097 3848 1400 3902 necessario
1423 3848 1662 3918 sequitur
1683 3863 1927 3918 magnam
1951 3862 2071 3903 esse

479 3935 687 3992 Veteris
711 3946 767 3992 et
787 3936 917 3992 Novi
939 3937 1267 3993 Testanienti
1293 3941 1719 3994 consonantiam.
1748 3938 1852 3994 Sed
1881 3955 1949 3996 nc
1975 3940 2072 3994 itc-

479 4042 596 4080 rum
639 4027 826 4082 eadem
873 4036 1176 4098 repetentes
1219 4029 1428 4084 molesti
1470 4029 1619 4086 vobis
1658 4031 1853 4094 simus,
1887 4045 1984 4101 age
2018 4039 2071 4085 et

479 4117 700 4172 alteram
726 4132 940 4172 causam
971 4119 1321 4187 proferamus,
1351 4121 1418 4175 ob
1438 4137 1594 4190 quam
1617 4121 1771 4188 dixit,
1798 4121 2064 4178 Eumdem.

479 4206 607 4261 Jam-
627 4215 737 4261 tum
777 4208 928 4262 enim
962 4208 1184 4262 alterum
1226 4209 1382 4278 hujus
1408 4211 1534 4265 dicti
1561 4226 1773 4265 causam
1809 4213 2070 4281 promise-

482 4313 682 4352 ranius.
714 4296 822 4353 Sed
853 4313 988 4368 opus
1019 4309 1100 4352 est
1132 4307 1185 4352 nt
1217 4300 1517 4354 excitemini
1553 4319 1566 4354 :
1601 4301 1894 4370 profundus
1927 4307 2068 4356 enim

479 4399 570 4445 est
590 4404 779 4446 sensus
801 4406 960 4461 quem
985 4390 1194 4444 caritati
1228 4399 1420 4445 vestra:
1443 4406 1560 4445 sum
1588 4391 1849 4458 dicturus,
1873 4403 1926 4448 et
1954 4410 2069 4464 per-

481 4482 677 4552 spicaci
704 4483 885 4537 animo
911 4495 1046 4552 opus
1078 4481 1256 4548 habet,
1285 4482 1603 4553 ingenioque
1633 4496 1886 4554 peracute
1914 4505 1926 4541 :
1951 4503 2051 4557 qna

483 4581 700 4644 propter
740 4573 977 4627 obtestor
1016 4583 1075 4628 ut
1110 4588 1316 4628 summa
1354 4575 1648 4630 attentione
1688 4592 1807 4646 quae
1847 4576 2068 4632 dicenda

481 4675 606 4718 sunt
652 4665 981 4719 auscultatis.
1025 4663 1275 4720 Vestrum
1319 4675 1403 4720 est
1446 4667 1690 4731 lucrum,
1725 4677 1906 4724 noster
1945 4685 2072 4724 vero

484 4753 635 4808 labor
658 4769 682 4818 ;_
706 4753 812 4805 imo
845 4753 1029 4823 gratiae
1053 4753 1284 4824 Spiritus
1308 4757 1474 4810 sancti
1501 4755 1700 4810 donum
1728 4800 1738 4816 .
1770 4774 1877 4828 quo
1907 4775 2070 4814 reve-

487 4845 628 4899 lante
654 4852 858 4898 secreta
884 4887 901 4908 ,
928 4860 1100 4916 neque
1127 4847 1216 4916 qui
1243 4847 1401 4911 dicit,
1431 4863 1606 4917 neque
1629 4848 1715 4918 qui
1746 4849 1889 4902 audit
1918 4851 2061 4906 defao

485 4936 679 5004 tigatur
709 4951 722 4988 :
754 4934 1132 4991 revelationem
1163 4937 1305 4992 enim
1337 4953 1525 5008 magna
1559 4938 1782 4995 facilitas
1811 4943 2067 5012 sequitur.
2105 4925 2110 4932 ’

484 5026 846 5082 Attendamus
873 5028 1035 5097 igitur
1063 5043 1185 5083 cum
1213 5029 1489 5100 diligentia
1519 5050 1532 5085 :
1563 5033 1684 5087 licet
1714 5035 1856 5088 enim
1899 5038 2072 5105 majo-

481 5133 604 5173 rem-
641 5127 845 5188 partem
889 5119 1107 5172 auribus
1149 5122 1577 5190 persequamini,
1606 5123 1648 5177 si
1681 5123 1764 5178 vel
1793 5124 2069 5180 minimum

480 5208 921 5276 dormitaveritis,
946 5209 1255 5279 interrupto
1268 5212 1433 5265 semel
1458 5223 1710 5266 contextu
1731 5223 1896 5268 totum
1923 5215 2072 5285 igno-

484 5301 690 5356 rabitis.
720 5300 790 5355 Et
815 5300 1262 5371 quemadmodum
1294 5302 1388 5365 iis,
1420 5303 1507 5370 qui
1535 5305 1672 5357 viam
1714 5306 1989 5375 ignorant,
2017 5318 2076 5362 et

485 5393 706 5446 ductore
733 5405 873 5460 opus
910 5390 1139 5457 habent,
1169 5389 1257 5445 diu
1291 5390 1414 5446 licet
1453 5391 1596 5446 illum
1626 5396 1874 5462 sequuti,
1907 5397 1951 5450 si
1979 5413 2073 5467 per

488 5483 860 5552 negligentiam
887 5485 978 5538 vel
1001 5486 1270 5554 paululum
1307 5501 1373 5539 ex
1412 5485 1584 5540 oculis
1625 5501 1746 5540 eum
1784 5487 2076 5556 amittant,

490 5573 619 5627 nihil
660 5575 879 5644 prodest
905 5577 1160 5632 hactenus
1188 5588 1442 5648 sequutus
1469 5593 1588 5633 esse
1607 5619 1623 5645 ,
1652 5579 1744 5635 sed
1774 5579 2075 5636 consistunt

491 5666 657 5730 ignari
687 5681 915 5735 quanam
947 5667 1014 5720 sit
1057 5669 1496 5737 progrediendum
1529 5688 1541 5724 :
1577 5673 1646 5725 ita
1677 5675 1838 5726 etiam
1867 5673 1953 5742 qui
1987 5673 2070 5727 di-

497 5760 704 5807 centem
738 5769 1130 5828 prosequuntur
1158 5761 1335 5813 animo
1358 5801 1376 5828 ,
1406 5762 1622 5818 etiamsi.
1640 5774 1842 5822 attente
1869 5765 2072 5822 doctri-

1226 355 1282 411 s.
1323 352 1601 411 JUANNIS
1640 319 2118 406 cnnvsosroin
2162 345 2477 402 ARCIIIEP.
2519 343 3062 403 CONSTANTINOP.

3659 361 3759 420 ene

2174 473 2296 512 nam
2336 457 2452 528 ejus
2497 457 2804 524 hauserint,
2846 460 2888 513 si
2926 459 3194 531 paulisper
3236 470 3438 518 tantum
3481 465 3772 525 oscitanter

2171 549 2422 615 audiant,
2455 559 2564 604 tota
2606 551 2746 605 serie
2777 552 3010 611 amissa.
3043 567 3150 606 non
3181 565 3404 623 possunt
3441 559 3678 626 amplius
3708 561 3772 614 ad

2169 640 2556 696 sententiarum
2599 641 2758 696 finem
2800 644 3099 710 peivcnire.
3138 645 3214 701 Ne
3257 647 3414 716 igitur
3446 647 3592 703 idem
3620 651 3770 705 vobis

2169 732 2402 798 accidat,
2436 732 2684 786 omnibus
2720 748 2839 802 qua:
2881 735 3070 788 dicturi
3109 751 3292 790 smnus
3329 738 3443 807 pari
3475 747 3664 795 tenore
3692 741 3772 794 in-

2172 824 2394 888 tendite,
2427 823 2599 879 donec
2625 824 2690 877 ad
2727 824 2886 879 finem
2921 829 3310 894 perveniamus.

2239 916 2294 968 5.
2314 913 2415 967 Cur
2438 914 2572 966 dicat
2588 915 2814 968 eumdem
2839 932 2946 970 esse
2971 916 3224 987 Spiritum
3249 918 3390 986 ﬁdei.
3427 919 3616 992 Imago
3653 939 3770 991 prr-

2168 1007 2540 1073 sequutiommt.
2571 1035 2638 1044 —
2683 1005 2883 1060 Dicturi
2928 1007 3085 1077 igitur
3123 1025 3225 1078 qua
3261 1012 3330 1065 de
3379 1026 3539 1066 causa
3592 1013 3765 1080 dicat,

2181 1095 2427 1149 Habentes
2456 1105 2623 1149 autent
2652 1099 2882 1150 eutndem
2915 1097 3165 1165 Spiritum
3197 1101 3336 1168 fidei,
3369 1101 3560 1156 voletis
3585 1116 3751 1158 OSIcn-

2169 1186 2297 1241 dere
2316 1186 2557 1240 eamdem
2576 1200 2696 1240 esse
2713 1187 2989 1256 utriusque
3008 1188 3331 1244 Tcstamenti
3353 1190 3516 1246 fidem
3533 1193 3766 1246 omnium

2170 1278 2432 1332 bonorum
2457 1291 2681 1331 matrem
2707 1320 2719 1341 ,
2749 1276 2909 1347 paulo
2929 1278 3090 1333 altius
3115 1294 3417 1336 sermonem
3442 1295 3766 1351 repetamus.

2169 1371 2257 1428 Sic
2295 1373 2439 1428 enim
2486 1373 2641 1428 nobis
2667 1387 2826 1427 causa
2855 1373 3154 1428 evidentius
3181 1376 3478 1444 apparebit.
3514 1376 3767 1443 Qua-nam

2170 1464 2331 1534 igitur
2363 1474 2447 1520 est
2477 1467 2590 1520 haec
2613 1465 2816 1520 causa?
2844 1465 3087 1536 Magnum
3115 1460 3314 1521 bellum
3339 1470 3770 1525 circumsteterat

2171 1557 2357 1612 fideles
2378 1557 2505 1612 dum
2538 1557 2653 1611 haec
2677 1558 2993 1612 dicebantur
3021 1575 3035 1623 ;
3071 1558 3266 1612 bellutn
3289 1600 3304 1624 ,
3333 1560 3552 1630 inquam
3573 1603 3589 1626 ,
3615 1578 3771 1631 grave

2169 1659 2224 1703 et
2267 1649 2468 1720 absque
2517 1651 2640 1704 ullis
2672 1651 2916 1704 induciis.
2951 1650 3081 1705 Nam
3107 1658 3162 1705 et
3189 1651 3432 1708 civitates
3463 1654 3688 1724 integrae
3716 1664 3770 1710 et

2172 1742 2349 1809 populi
2381 1742 2614 1812 undique
2641 1743 2690 1796 in
2715 1757 2808 1797 cos
2833 1744 3254 1811 insnrrexerant,
3276 1755 3330 1799 et
3353 1746 3566 1816 tyranni
3587 1762 3772 1801 omnes

2171 1831 2558 1885 insidiabantur
2583 1875 2595 1896 ,
2640 1843 2694 1887 et
2722 1847 2876 1902 rcges
2902 1841 3087 1887 contra
3117 1848 3208 1887 eos
3237 1832 3434 1888 bellum
3465 1836 3727 1904 parabant
3754 1855 3767 1890 :

2169 1938 2317 1977 arma
2351 1925 2724 1989 movebantur,
2752 1925 2910 1994 gladii
2942 1927 3292 1993 acuebantur,
3317 1930 3588 1983 exercitus
3612 1930 3774 1983 ador—

2170 2013 2454 2076 nabantnr.
2489 2024 2542 2068 et
2567 2016 2742 2068 omnia
2769 2031 2962 2084 genera
2987 2031 3267 2085 poenarum
3295 2031 3358 2071 ac
3388 2020 3698 2089 supplicium
3721 2036 3771 2074 m

2170 2103 2610 2174 excogitabantur
2643 2124 2656 2158 :
2690 2105 2811 2159 inde
2851 2106 3162 2160 facultatum
3194 2109 3396 2177 rapinae
3426 2119 3478 2164 et
3509 2111 3773 2166 eonfisca-

2173 2193 2342 2247 tiones
2363 2234 2377 2259 ,
2419 2203 2473 2247 et
2501 2209 2748 2248 carceres
2776 2209 2838 2248 ac
2870 2205 3070 2248 mortes
3098 2197 3424 2266 quotidiana:
3447 2240 3460 2262 ,
3489 2207 3771 2265 tormenta,

2171 2285 2376 2338 \incula
2400 2324 2415 2350 ,
2442 2284 2579 2355 ignis
2601 2327 2615 2352 ,
2647 2284 2868 2350 ferrum,
2904 2284 3112 2349 bestize,
3139 2287 3396 2356 patibula,
3431 2298 3587 2352 rotae,
3618 2291 3770 2344 bara-

2173 2374 2309 2434 thra.
2334 2375 2648 2444 prmeipitia,
2668 2386 2719 2429 et
2741 2376 2992 2445 quidquid
3022 2376 3072 2429 in
3101 2377 3392 2445 perniciem
3414 2377 3651 2434 fidelium
3670 2398 3766 2435 ex-

2170 2467 2389 2535 cogitari
2423 2476 2631 2535 poterat
2657 2485 2669 2520 :
2703 2483 2763 2521 ac
2794 2483 2860 2522 ne
2881 2469 3014 2522 intra
3046 2469 3142 2523 hos
3162 2469 3377 2539 quidem
3407 2470 3542 2526 fines
3569 2471 3772 2528 bellum

2171 2573 2230 2614 sc
2251 2560 2531 2614 continuit.
2563 2559 2677 2614 Non
2707 2561 2880 2614 solum
2909 2561 3051 2616 enim
3074 2562 3142 2617 ab
3162 2563 3392 2619 inimicis
3415 2566 3774 2635 excitabatur,

2172 2649 2268 2706 sed
2295 2650 2408 2719 ipsa
2431 2651 2592 2704 etiam
2615 2661 2800 2705 natura
2825 2662 3008 2706 contra
3034 2653 3264 2722 seipsam
3311 2656 3642 2712 irritabatur.
3687 2659 3777 2713 Et-

2171 2742 2312 2797 enim
2342 2741 2524 2797 liberis
2560 2743 2948 2801 insidiabantur
2976 2753 3170 2814 patres,
3205 2757 3258 2801 et
3289 2746 3409 2802 filiae
3440 2765 3636 2806 exesas
3665 2769 3779 2806 ma-

2173 2844 2282 2890 tres
2325 2834 2632 2901 habebant,
2678 2845 2731 2889 et
2771 2836 2928 2890 amici
2969 2837 3170 2892 amicos
3206 2839 3615 2910 aversabantur,
3644 2845 3775 2898 etin

2173 2928 2517 2999 cognationes
2541 2942 2604 2982 ac
2628 2928 2855 2982 familias
2881 2927 3078 2982 bellum
3109 2928 3212 2984 hoc
3239 2929 3469 2987 latenter
3499 2946 3625 2988 sese
3651 2934 3778 2988 insi-

2175 3021 2377 3076 nuabat
2399 3063 2413 3087 ,
2444 3035 2775 3090 magnusque
2801 3021 3060 3076 tumultus
3084 3032 3200 3077 crat
3223 3038 3318 3093 per
3344 3025 3655 3081 universum
3685 3044 3774 3082 ur-

2173 3115 2294 3169 bem
2332 3113 2696 3168 habitabilem.
2726 3113 2788 3167 Et
2816 3114 2953 3168 sicut
2979 3115 3129 3169 navis
3159 3115 3312 3170 undis
3341 3116 3768 3190 insurgentibus,

2175 3203 2407 3259 nubibus
2445 3205 2889 3259 concurrentibus
2914 3245 2930 3272 ,
2983 3206 3132 3261 elisis
3181 3207 3468 3263 tonitribus
3491 3251 3506 3274 ,
3545 3211 3777 3282 caligine

2177 3297 2410 3366 undique
2437 3296 2689 3366 scapham
2721 3297 2988 3367 cingente,
3023 3299 3156 3353 mari
3190 3297 3420 3364 furente,
3449 3301 3649 3358 bcllnis
3676 3320 3779 3359 sae-

2174 3389 2461 3454 vientibus,
2491 3390 2678 3460 piratis
2708 3391 3170 3460 oppugnantibus,
3203 3391 3332 3460 ipsis
3359 3395 3670 3450 vectoribus
3699 3397 3776 3449 in-

2179 3492 2257 3536 ter
2302 3496 2361 3536 se
2399 3481 2819 3546 dissidentibus,
2863 3481 3268 3553 haudquaquam
3297 3485 3526 3541 evadere
3554 3499 3774 3558 potest,

2175 3572 2275 3628 nisi
2304 3573 2534 3628 caelestis
2563 3572 2780 3628 dextera
2805 3613 2822 3640 ,
2857 3589 3045 3644 magna
3071 3575 3155 3628 illa
3183 3589 3248 3629 ac
3273 3586 3463 3646 potens
3481 3619 3497 3643 ,
3529 3578 3778 3635 discusso

2176 3662 2418 3733 periculo
2442 3672 2494 3718 et
2525 3663 2708 3718 sedata
2739 3673 3057 3732 tempestate
3081 3706 3094 3729 ,
3130 3666 3181 3719 in
3213 3668 3656 3737 tranquillitatem
3691 3689 3776 3726 re-

2174 3754 2335 3810 ducat
2362 3755 2672 3826 naiigantcs
2700 3773 2713 3810 :
2745 3758 2816 3810 ita
2841 3757 3002 3810 etiam
3032 3767 3156 3812 tunc
3179 3758 3318 3814 inter
3341 3760 3486 3815 initia
3511 3764 3778 3831 prardica-

2174 3849 2336 3903 tionis
2376 3849 2586 3903 accidit.
2634 3848 2749 3903 Non
2796 3850 2968 3904 solum
3014 3851 3159 3904 enim
3201 3862 3420 3907 externa
3453 3863 3778 3925 tempestate

2174 3939 2552 4011 pulsaban—tur,
2584 3940 2684 3996 sed
2707 3941 2848 3996 intus
2876 3943 3035 3996 etiam
3069 3943 3378 4013 plerumque
3408 3947 3678 4006 seditione
3706 3952 3780 4006 la-

2178 4033 2464 4089 borabant.
2517 4034 2647 4102 Quis
2677 4033 2778 4089 hoc
2808 4034 2974 4089 dicit?
3004 4037 3196 4092 l‘anlus
3226 4039 3338 4107 ipse
3381 4039 3459 4093 sic
3486 4042 3729 4098 scribens
3760 4064 3773 4098 :

2176 4123 2331 4179 Foris
2373 4141 2592 4196 pugna,
2638 4126 2774 4179 intus
2819 4127 3021 4181 timores
3061 4128 3140 4200 (2.
3177 4128 3293 4185 Cor.
3339 4131 3390 4184 7.
3421 4132 3504 4202 5).
3539 4133 3608 4188 Et
3637 4139 3782 4205 quod

2178 4215 2279 4271 hoc
2307 4231 2492 4271 verum
2522 4218 2621 4283 sit,
2650 4218 2905 4289 quodque
2931 4219 3181 4274 doctores
3209 4222 3409 4291 pariter
3439 4238 3504 4278 ac
3525 4224 3773 4297 discipuli

2176 4309 2474 4364 innumeris
2501 4311 2637 4380 septi
2670 4311 2869 4365 fuerint
2897 4311 3081 4378 malis,
3111 4321 3164 4366 et
3192 4327 3287 4382 per
3313 4329 3503 4370 omnes
3530 4331 3599 4371 ex
3622 4334 3776 4389 {equo

2175 4401 2376 4455 bellum
2418 4401 2520 4456 hoc
2561 4400 2719 4456 fuerit
2757 4411 3056 4472 grassatum
3087 4445 3102 4466 ,
3146 4405 3394 4459 eumdem
3428 4406 3654 4463 Paulum
3682 4412 3776 4466 ite-

2189 4505 2292 4550 rum
2316 4497 2508 4546 testem
2535 4490 2764 4546 adduco.
2797 4490 3007 4547 Vestrm
3033 4502 3210 4548 autem
3240 4503 3421 4564 partes
3440 4510 3565 4551 sunt
3585 4502 3777 4555 menti-

2177 4581 2318 4638 nisse
2355 4584 2594 4638 omnium
2625 4583 2815 4639 horum
2846 4599 2964 4654 quae
2989 4584 3146 4652 dico,
3177 4594 3234 4640 ut
3261 4588 3490 4657 cognitis
3516 4593 3772 4658 periculis

2175 4688 2239 4729 ac
2286 4673 2703 4739 tentationibus,
2751 4675 3110 4746 omnibusque
3149 4676 3602 4746 adversitatibus,
3647 4699 3778 4753 quas

2175 4764 2292 4833 ejus
2331 4764 2587 4834 temporis
2616 4763 2801 4820 ﬁdeles
2827 4764 3185 4834 perferebant,
3218 4776 3366 4821 tanto
3394 4770 3632 4839 majores
3659 4791 3774 4844 gra-

2179 4854 2278 4910 tias
2306 4856 2478 4924 agatis
2509 4853 2640 4922 Deo,
2675 4857 2764 4926 qui
2789 4856 3040 4910 omnibus
3073 4858 3177 4912 illis
3197 4859 3593 4919 calamitatibus
3621 4865 3775 4920 finem

2178 4949 2451 5020 imposuit,
2479 4958 2535 5005 et
2559 4961 2922 5005 averruncato
2951 4950 3094 5005 bello
3115 4993 3130 5017 ,
3161 4954 3659 5023 tranquillissimam
3691 4976 3779 5029 pa-

2176 5053 2293 5094 cem
2322 5039 2484 5095 nobis
2505 5041 2738 5097 confecit
2765 5058 2779 5095 :
2809 5051 2866 5096 ut
2887 5057 3046 5095 nemo
3069 5043 3152 5096 vel
3175 5045 3434 5100 socordia:
3457 5062 3680 5115 poenam
3700 5052 3778 5106 cf-

2177 5130 2365 5200 fugiat,
2396 5131 2478 5186 vel
2510 5131 2761 5185 ebviuun
2790 5141 2937 5186 recte
2963 5143 3134 5186 actam
3159 5135 3466 5189 extollatur.

2248 5224 2302 5277 4.
2327 5221 2464 5276 Pace
2494 5221 2733 5276 Ecclesia
2760 5239 2860 5276 non
2887 5224 3470 5295 abutendum—Neque
3499 5233 3643 5285 enim
3662 5249 3782 5301 per.

2180 5312 2302 5368 inde
2347 5321 2464 5378 est,
2515 5314 2558 5366 si
2605 5312 2942 5383 uudiquaquc
2995 5315 3332 5382 iinpngnatns
3381 5328 3433 5372 et
3482 5320 3780 5379 innumeris

2179 5402 2602 5457 adversitatibus.
2640 5403 2871 5457 obrutus
2912 5419 3171 5472 generose
3218 5406 3479 5462 snlisistas
3503 5449 3519 5474 ,
3559 5425 3627 5466 ac
3651 5415 3697 5466 si
3731 5417 3778 5467 in

2178 5502 2341 5562 portu
2379 5509 2521 5546 nunc
2562 5491 2778 5556 sedens,
2810 5503 2863 5546 et
2894 5494 2944 5546 in
2976 5508 3181 5547 summa
3215 5497 3507 5552 securitate
3530 5503 3785 5558 eumdem

2179 5585 2412 5639 animttm
2465 5599 2573 5653 pra:
2615 5595 2666 5638 te
2707 5584 2868 5639 feras.
2922 5585 3136 5639 Illorum
3167 5588 3310 5640 enitn
3342 5589 3582 5644 conditio
3613 5594 3785 5650 nihilo

2182 5679 2370 5732 melior
2399 5688 2536 5742 erat,
2564 5693 2722 5746 quam
2747 5693 2933 5732 eorum
2957 5681 3044 5749 qui
3080 5681 3290 5734 turbato
3315 5691 3447 5736 niarl
3472 5685 3774 5754 iactantur:

2183 5788 2279 5827 nos
2310 5771 2698 5827 vero’sccurius
2726 5772 2932 5843 agimus
2959 5788 3114 5842 quam
3141 5774 3228 5842 qui
3255 5774 3305 5828 in
3333 5785 3551 5845 portum
3573 5779 3778 5836 devecti
