4062 6448
335 482 435 550 τῆς
459 476 714 549 σπουδῆς.
738 477 805 532 Εἰ
827 477 934 549 γὰρ
957 479 1056 549 μία
1078 476 1222 542 λέξις
1240 477 1645 551 τριῶνήμερῶν
1674 479 1908 546 διάλεξιν

333 566 471 633 ἡμῖν
501 560 675 624 ἔτεκε,
713 561 877 614 πόσον
904 562 1036 631 ἡμῖν
1058 560 1351 614 ἀναϐλύσει
1385 560 1661 633 θησαυρὸν
1691 562 1910 631 ὁλόκλη-

335 662 434 715 ρος
462 643 737 715 περικοπή
768 643 906 714 μετά
940 642 1226 713 ἀκριϐείας
1261 643 1647 715 θεωρουμένη;
1692 646 1783 716 Μὴ
1807 645 1911 698 τοί-

333 745 431 782 νυν
474 727 873 797 ἀποκάμωμεν,
912 726 1016 790 ἕως
1060 725 1126 779 ἂν
1165 726 1227 779 rb
1263 728 1370 780 πᾶν
1416 728 1910 799 ὰποτρυγήσωμεν.

337 805 402 866 Εἰ
446 811 556 883 γὰρ
600 813 650 865 οἰ
699 810 936 881 μέταλλα
969 809 1337 880 διορύττοντες
1379 809 1627 883 χρυσίου,
1674 812 1798 865 ὅσον
1845 811 1912 865 ἂν

336 896 546 949 ἐκεῖθεν
576 893 857 949 κενώσωσι
895 892 1143 960 πλοῦτον,
1174 894 1233 946 οὐ
1266 894 1533 965 πρότερον
1561 894 1911 963 ἀφίστανται,

924 382 1010 437 DE
1040 381 1289 440 VERBIS
1329 383 1691 442 APOSTOL'.
1738 382 2115 439 "ABENTES
2159 378 2446 436 FUMDEM
2491 372 2844 434 SPIRITUM.
2886 372 2975 429 III.

3481 363 3582 421 29!

2016 497 2128 545 τες,
2168 480 2264 535 ἐάν
2301 481 2452 555 παρά
2487 484 2667 536 πᾶσαν
2710 480 2809 551 τήν
2849 476 3198 534 διδασκαλίαν
3232 479 3584 551 προσέχοντες

2017 564 2214 635 μικρὸν
2259 565 2671 638 ρᾳθυμήσωσιν,
2726 567 2945 620 ἃπασαν
2992 564 3091 634 τὴν
3136 562 3459 617 ἀκολουθίαν
3504 567 3585 635 ρε-

2013 645 2234 714 ψαντες,
2267 648 2366 701 οὐκ
2396 650 2478 702 ἔτι
2512 649 2699 702 λοιπὸν
2727 649 3017 717 ἐπιστῆναι
3045 644 3122 716 τῷ
3145 644 3286 699 τέλει
3321 645 3430 699 τῶν
3461 662 3586 717 νοη-

2018 730 2204 799 μάτων
2247 729 2585 802 δυνήσονται.
2621 732 2714 785 Ἴν’
2763 727 2856 784 οὖν
2902 730 2976 801 μὴ
3028 729 3184 782 τοῦτο
3232 729 3461 800 πάθητε,
3502 730 3596 784 διὰ

2015 812 2235 865 πάντων
2260 814 2368 867 τῶν
2393 813 2693 883 μελλόντων
2724 811 3056 884 ῥηθήσεσθαι
3089 811 3188 882 τὴν
3215 812 3336 881 ῖσην
3362 827 3453 881 μοι
3482 829 3588 864 πα-

2022 895 2206 965 ρέχετε
2238 896 2494 967 σπουδὴν,
2529 897 2634 960 ἕως
2663 897 2728 950 ἂν
2762 897 2842 960 είς
2876 896 3011 949 αὑτὸ
3037 895 3099 948 rb
3128 894 3281 958 τέλος
3319 894 3585 966 ἔλθωμεν.

336 978 443 1042 ἕως
486 978 551 1032 ἂν
596 977 657 1031 rb
704 977 812 1030 πᾶν
855 977 1153 1030 ἀνέλωνται
1199 978 1422 1048 χρυσίον
1442 993 1453 1005 ·
1488 977 1666 1048 πολλῷ
1714 978 1913 1049 μᾶλλον
1958 1002 1995 1057 χ
2085 984 2154 1047 γ’.
2180 978 2336 1041 Τίνος
2356 975 2448 1033 οὖν
2469 978 2657 1033 ἕνεκεν
2681 978 2925 1051 εἴρηκεν,
2958 979 3244 1047 Ἔχοντες
3268 976 3336 1029 δὲ
3357 976 3421 1030 τό
3441 976 3589 1031 αὐτὸ

336 1062 486 1130 ἡμᾶς
521 1060 729 1130 “item
774 1058 1054 1130 προθυμίᾳ
1096 1058 1400 1129 κεχρῆσθαι
1444 1060 1527 1112 δεῖ
1562 1061 1656 1113 καὶ
1709 1061 1911 1131 σπουδῇ

338 1145 470 1215 περὶ
502 1146 601 1216 τήν
648 1144 755 1198 τῶν
799 1144 961 1198 θείων
1006 1144 1208 1212 λογίων
1241 1144 1487 1215 ἔρευναν.
1522 1145 1633 1198 Kal
1663 1144 1773 1217 γάρ
1820 1147 1915 1199 καὶ

337 1229 502 1298 ἡμεῖς
521 1228 744 1299 χρυσίον
767 1226 1065 1299 ὀρύττομεν
1085 1265 1099 1288 ,
1132 1228 1232 1280 οὑκ
1265 1226 1542 1296 αἰσθητὸν,
1583 1227 1719 1281 ἀλλά
1750 1245 1915 1281 πνευ-

342 1310 604 1380 ματικόνο
649 1309 712 1363 οὑ
759 1308 867 1380 γὰρ
915 1309 1153 1378 μέταλλα
1188 1309 1326 1379 γῆς,
1354 1310 1493 1363 άλλά
1540 1310 1782 1380 μέταλλα
1819 1309 1914 1363 τοῦ

335 1390 657 1463 Πνεύματος
700 1390 1068 1463 ἐργαζόμεθα.
1104 1391 1171 1444 Αἰ
1198 1390 1306 1461 γάρ
1335 1392 1613 1445 ἐπιστολαὶ
1639 1392 1734 1446 τοῦ
1765 1392 1916 1447 Παύ-

337 1474 434 1529 λου
463 1474 556 1529 τοῦ
582 1474 900 1544 Πνεύματός
925 1476 1030 1528 εἰσι
1052 1474 1289 1543 μέταλλα
1318 1475 1414 1527 καί
1440 1475 1611 1546 πηγαί
1635 1492 1649 1505 ·
1679 1475 1916 1545 μέταλλα

340 1558 465 1628 μὲν,
497 1559 578 1612 ὅτι
609 1557 833 1629 χρυσίου
863 1558 1064 1622 παντὸς
1092 1558 1419 1632 τιμιώτερον
1458 1562 1589 1630 ἡμῖν
1614 1560 1915 1632 παρέχουσι

340 1640 571 1694 πλοῦτον
595 1657 608 1671 ⁸
640 1643 817 1711 πηγαὶ
847 1641 923 1707 δὲ,
954 1643 1035 1695 ὅτι
1070 1642 1324 1695 οὐδέποτε
1354 1641 1728 1696 ἐπιλείπουσιν
1753 1659 1767 1673 ·
1800 1642 1917 1696 ἀλλ’

334 1725 465 1777 ὅσον
492 1723 558 1778 ἂν
596 1723 842 1797 κενώσῃς
880 1723 1109 1789 ἐκεῖθεν,
1145 1723 1397 1777 τοσοῦτον
1426 1724 1521 1778 καὶ
1547 1723 1729 1795 πολλῷ
1756 1724 1918 1778 πλέον

336 1808 562 1880 ἐπιρρεῖ
590 1806 770 1861 πάλιν.
801 1805 953 1878 [280]
981 1807 1090 1861 Kal
1115 1806 1306 1860 τούτου
1330 1807 1526 1875 γένοιτ’
1549 1806 1614 1860 ἂν
1644 1807 1917 1874 ἀπόδειξις

336 1890 522 1961 σαφής
547 1891 577 1943 6
601 1889 791 1961 χρόνος
818 1891 847 1944 6
876 1887 1162 1962 παρελθὼν
1200 1889 1365 1952 ἄπας.
1407 1889 1496 1954 Ἐξ
1519 1882 1580 1941 οὗ
1609 1888 1738 1958 γοῦν
1768 1888 1917 1941 Παῦ-

339 1972 432 2036 λος
460 1972 712 2041 ἐγένετο,
755 1971 1089 2025 πεντακόσια
1118 1971 1307 2025 λοιπῦν
1358 1970 1454 2042 ἔτη
1495 1971 1779 2043 παρῆλθε·
1825 1975 1919 2026 καὶ

337 2055 529 2111 τοῦτον
572 2056 789 2111 ἅπαντα
832 2054 923 2109 τὸν
965 2054 1154 2127 χρόνον
1190 2054 1375 2108 πολλοί
1424 2055 1524 2126 μὲν
1555 2058 1917 2127 συγγραφεῖς,

337 2139 529 2194 πολλοί
567 2140 625 2194 δὲ
665 2138 976 2194 διδάσκαλοι
1007 2139 1103 2192 καί
1145 2137 1410 2209 ἐξηγηταί
1458 2138 1627 2191 πολλά
1662 2138 1920 2202 πολλάκις

337 2223 554 2276 εκεῖθεν
576 2221 930 2295 ἐξήντλησαν,
969 2221 1065 2276 καὶ
1089 2220 1182 2275 τὸν
1203 2221 1567 2292 ἀποκείμενον
1587 2222 1690 2275 οὑκ
1721 2221 1921 2275 ἐκένωη

339 2319 444 2361 σαν
497 2306 744 2360 πλοῦτον.
783 2307 859 2360 Οὑ
913 2304 1021 2375 γάρ
1067 2304 1340 2376 ,αἰσθητὸς
1376 2306 1405 2359 6
1458 2304 1776 2377 θησαυρός·
1829 2304 1919 2359 διά

337 2388 500 2443 τοῦτο
515 2390 614 2442 οὑκ
627 2387 979 2443 ἀναλίσκεται
1001 2390 1069 2458 τῇ
1091 2386 1197 2440 τῶν
1220 2387 1554 2458 όρυττόντων
1576 2386 1917 2458 πολυχειρίᾳ,

337 2470 459 2526 ἀλλ’
480 2469 701 2536 αὑξεται
728 2471 823 2526 καὶ
848 2470 1153 2533 πλεονάζει.
1180 2470 1289 2522 Kal
1315 2468 1369 2522 τί
1391 2468 1535 2537 λέγω
1554 2471 1681 2534 τοὺς
1711 2470 1921 2540 ἐμπροο

342 2553 507 2620 σθεν;
531 2555 691 2607 Πόσοι
724 2554 841 2624 μεθ’
870 2554 1018 2624 ἡμᾶς
1033 2551 1215 2624 ἐροῦσι
1227 2552 1320 2605 καί
1345 2551 1462 2623 μετ’
1489 2551 1726 2614 ἐκείνους
1744 2551 1921 2621 ἕτεροι

341 2635 530 2701 πάλιν,
575 2638 669 2690 καὶ
716 2636 777 2689 οὑ
815 2635 1083 2689 παύσεται
1113 2633 1379 2706 πηγάζων
1422 2636 1451 2688 6
1496 2633 1760 2698 πλοῦτος,
1800 2633 1923 2687 ούδέ

342 2717 613 2788 ἐπιλείψει
648 2717 820 2790 ταύτῃ
857 2718 925 2772 τά
962 2717 1239 2789 μέταλλα;
1271 2717 1617 2789 πνευματικά
1642 2717 1751 2789 γάρ
1783 2718 1921 2782 ἐστι,

339 2801 440 2854 καὶ
479 2802 541 2855 οὐ
584 2801 795 2872 πέφυκε
842 2798 1185 2855 δαπανᾶσθαι
1231 2816 1382 2855 ποτε.
1429 2800 1528 2863 Τίς
1571 2795 1665 2854 οὖν
1697 2802 1844 2854 ἐστιν
1889 2801 1924 2870 ἡ

343 2882 508 2954 ῥῆσις
539 2884 572 2954 ή
609 2882 986 2957 ἀποστολικὴν
1021 2883 1152 2954 περί
1191 2876 1260 2955 ἦς
1291 2883 1387 2936 καὶ
1429 2881 1621 2954 πρώην
1649 2881 1785 2953 πρὸς
1822 2882 1925 2952 τήν

343 2966 623 3038 ὑμετέραν
645 2968 869 3039 ἀγάπην
892 2967 1246 3039 διελέχθημεν
1264 2985 1280 3032 ;
1302 2968 1591 3036 Ἔχοντες
1611 2966 1680 3021 δὲ
1695 2967 1762 3021 τό
1776 2965 1924 3021 αὐτὸ

342 3049 590 3119 Πνεῦμα
641 3048 753 3118 τῆς
787 3051 1062 3116 ,πίστεως
1084 3089 1102 3117 ,
1156 3050 1307 3103 κατὰ
1360 3049 1430 3104 τὸ
1482 3048 1923 3119 τεγφαμμένον*

358 3133 752 3199 Ἐπίστευσα,
784 3131 876 3187 διὸ
908 3132 1207 3202 ἐλάλησα.

422 3214 488 3284 β’.
524 3216 657 3270 Τότε
693 3215 793 3287 μὲν
828 3211 921 3271 οὖν
954 3214 1279 3288 ἐζητοῦμεν,
1312 3215 1457 3280 τίνος
1497 3214 1684 3269 ἕνεκεν
1715 3216 1925 3287 εἴρηκε,

345 3298 593 3369 Πνεῦμα
624 3300 884 3367 πίστεως
926 3299 992 3354 τὸ
1040 3301 1224 3353 αὐτό’
1259 3300 1352 3353 καί
1401 3298 1531 3369 μίαν
1569 3299 1752 3352 αἰτίαν
1790 3300 1928 3362 τέως

344 3385 678 3455 εἰρήκαμεν’
697 3381 835 3455 αὕτη
860 3383 915 3436 δὲ
943 3378 1030 3453 ἦν,
1058 3382 1119 3435 rb
1149 3380 1316 3449 δεῖξαι
1348 3381 1638 3452 σύμφωνον
1658 3385 1724 3453 τῇ
1752 3384 1927 3453 Καινῇ

344 3465 449 3537 τήν
479 3464 724 3519 Παλαιὰν
750 3461 936 3519 οὖσαν.
973 3465 1142 3519 Ὅταν
1183 3464 1292 3536 γάρ
1323 3464 1580 3534 φαίνηται
1606 3464 1667 3517 τὸ
1707 3462 1931 3533 Πνεῦμα

348 3548 454 3619 τῆς
498 3548 737 3612 πίστεως
777 3549 838 3602 rb
884 3547 1018 3601 αὑτὸ
1064 3549 1162 3601 καὶ
1204 3547 1306 3618 τήν
1343 3546 1439 3599 τοῦ
1490 3541 1654 3599 Δαυῒδ
1696 3549 1930 3617 κινῆσαν

348 3629 598 3698 γλῶτταν
630 3631 728 3703 τήν
757 3631 1044 3699 λέγουσαν,
1089 3629 1476 3693 Ἐπίστευσα,
1498 3627 1589 3681 διὸ
1613 3629 1890 3695 ἐλάλησα
1911 3668 1927 3693 ,

350 3715 451 3768 καὶ
480 3716 560 3779 εἰς
591 3715 689 3787 τὴν
711 3715 807 3769 τοῦ
836 3714 1049 3770 Παύλου
1071 3713 1251 3785 ψυχὴν
1281 3711 1560 3783 ἐνεργοῦν,
1600 3709 1823 3781 εὔδηλον
1847 3712 1930 3764 ὅτι

350 3803 527 3874 πολλή
585 3803 875 3873 συγγένεια
934 3801 1233 3875 προφητῶν
1294 3801 1388 3855 καί
1443 3798 1779 3864 ἀποστόλων,
1837 3800 1933 3853 καὶ

350 3892 570 3963 ἀνάγκη
602 3892 803 3964 πολλὴν
838 3891 1079 3954 Παλαιᾶς
1110 3891 1205 3944 καὶ
1243 3889 1453 3958 Καινῆς
1480 3884 1622 3941 εἶναι
1654 3886 1753 3959 τήν
1793 3905 1933 3958 συμ⁴

351 3981 587 4051 φωνίαν.
627 3981 767 4035 Ἀλλ’
813 3980 902 4035 ἵνα
941 3980 1016 4051 μὴ
1059 3979 1221 4034 πάλιν
1258 3977 1330 4031 τὰ
1357 3976 1501 4031 αὐτά
1542 3975 1929 4041 άνακινοῦντες

351 4066 662 4138 ἐνοχλῶμεν
677 4069 826 4137 ὑμῖν,
839 4067 993 4141 φέρε,
1025 4067 1120 4121 καὶ
1140 4067 1242 4137 τὴν
1263 4064 1456 4136 ἑτέραν
1468 4062 1649 4118 αἰτίαν
1664 4062 1931 4136 εἴπωμεν,

350 4156 423 4211 δι’
448 4155 515 4227 ἧν
525 4154 739 4226 εἴρηκε,
758 4156 826 4209 T6
852 4154 1022 4210 αὑτόο
1044 4152 1257 4226 καὶγὰρ
1282 4154 1377 4206 καὶ
1395 4151 1517 4205 τότε
1537 4151 1668 4222 ὑμῖν
1691 4151 1930 4221 ὑπεσχό⁴

355 4242 499 4316 μεθα
530 4243 723 4315 ιτέραν
749 4240 930 4297 αἰτίαν
960 4243 1105 4313 ἐρεῖν
1135 4240 1238 4312 τῆς
1267 4241 1480 4313 ρήσεως
1499 4239 1726 4311 ταύτης.
1769 4238 1931 4293 Ἀλλά

352 4331 702 4403 διανάστητε’
734 4331 872 4402 βαθὺ
903 4330 1012 4403 γάρ
1042 4330 1105 4384 rb
1121 4330 1301 4401 νόημα
1325 4328 1483 4384 τοῦτό
1513 4330 1682 4394 ἐστιν,
1703 4327 1732 4382 6
1759 4328 1938 4399 μέλλω

352 4421 539 4489 λέγειν
583 4419 722 4491 πρὸς
749 4418 849 4491 τὴν
889 4417 1164 4490 ὑμετέραν
1202 4416 1444 4487 ἀγάπην,
1485 4416 1581 4470 καὶ
1622 4416 1937 4488 διορατικῆς

353 4508 611 4579 δεόμενον
639 4508 899 4573 διανοίας,
928 4506 1022 4560 καὶ
1038 4506 1305 4576 ὀξυτάτης
1318 4504 1517 4575 ψυχῆς·
1534 4504 1615 4558 διὸ
1633 4504 1939 4577 παρακαλῶ

358 4595 502 4667 μετά
510 4595 795 4668 ἀκριϐείας
808 4592 1235 4666 παρακολουθεῖν
1244 4594 1357 4654 τοῖς
1370 4590 1702 4663 ῥηθήσεσθαι
1723 4590 1941 4662 μέλλου-

360 4703 467 4739 σιν.
494 4686 557 4738 Εἰ
578 4683 687 4756 γάρ
708 4682 976 4754 ἡμέτερος
990 4682 1020 4734 6
1040 4679 1218 4745 πόνος,
1237 4677 1350 4733 ἀλλ’
1367 4678 1632 4750 ὑμέτερον
1653 4678 1715 4732 rb
1727 4677 1937 4750 κέρδος,

362 4772 636 4844 μᾶλλονδέ
653 4770 776 4826 οὑδὲ
798 4769 1067 4842 ήμέτερος
1094 4770 1124 4823 6
1156 4767 1337 4832 πόνος.
1359 4765 1495 4821 ἀλλά
1523 4766 1624 4835 τῆς
1653 4766 1748 4819 τοῦ
1781 4765 1943 4821 Πνεύ-

362 4878 534 4932 ματος
552 4859 822 4932 χάριτοςή
847 4858 1045 4930 δωρεά·
1072 4858 1198 4912 ὅταν
1215 4856 1273 4911 δέ
1294 4854 1640 4928 ἀποκαλύψῃ,
1662 4852 1785 4908 οὔτε
1808 4855 1837 4908 6
1854 4853 1943 4908 λέ-

358 4961 500 5015 γων,
525 4943 649 5000 οὔτε
670 4946 719 4999 οἰ
745 4942 1035 5007 ἀκούοντες
1053 4943 1341 5015 κάμνουσι·
1369 4940 1540 5013 πολλὴ
1557 4939 1668 5013 γάρ
1684 4940 1785 5013 τῆς
1805 4941 1943 4995 ἀπο·

360 5032 650 5103 καλύψεως
673 5035 707 5105 ή
737 5030 976 5086 εὐκολία.
1016 5029 1350 5103 Πρόσχωμεν
1388 5028 1568 5083 τοίνυν
1604 5028 1745 5101 μετὰ
1780 5029 1941 5101 ἀκρι-

359 5120 427 5175 ϐε
437 5121 538 5185 ἔας’
564 5119 790 5192 κάνγάρ
804 5121 917 5182 τοῖς
939 5117 1147 5172 πλείοσι
1163 5115 1705 5189 παρακολουθήσητε,
1735 5117 1864 5188 περί
1886 5116 1944 5170 δὲ

365 5207 542 5278 βραχῦ
575 5207 740 5280 μέρος
776 5205 1219 5276 ἀπονυστάξητε,
1249 5203 1312 5257 rb
1357 5205 1466 5257 πᾶν
1499 5204 1798 5275 ἀγνοήσετε
1849 5203 1945 5257 τοῦ

362 5295 618 5362 κάλλους,
670 5294 1029 5366 διακοπείσης
1073 5293 1176 5365 τῆς
1220 5292 1544 5356 ἀκολουθίας
1591 5290 1799 5346 λοιπόν.
1840 5289 1945 5346 Kal

363 5381 621 5455 καθάπερ
645 5382 695 5436 οἰ
716 5381 819 5447 τάς
841 5381 995 5447 ὁδοὺς
1017 5379 1341 5451 ἀγνοοῦντες
1361 5379 1458 5433 καὶ
1472 5378 1675 5450 ἑτέρων
1702 5375 1947 5447 δεόμενοι

364 5467 479 5524 τῶν
503 5468 861 5542 όδηγούντων,
893 5469 999 5524 κᾶν
1016 5468 1150 5523 πολὺ
1168 5467 1507 5541 προέλθωσιν
1529 5464 1949 5528 ἀκολουθοῦντες

364 5558 578 5623 αὐτοῖς,
615 5557 811 5630 μικρὸν
843 5557 901 5611 δὲ
926 5555 1494 5629 ἀπορρᾳθυμήσαντες
1522 5552 1830 5607 ἀπολέσωσι
1860 5552 1949 5605 τὸν

361 5643 696 5715 ἡγούμενον,
725 5643 879 5697 οὐδὲν
917 5642 1105 5706 αὑτοῖς
1133 5640 1324 5711 δφελος
1350 5638 1503 5693 ἔσται
1540 5638 1640 5709 τῆς
1677 5638 1948 5711 προτέρας

363 5730 807 5802 ἀκολουθήσεως,
829 5730 944 5785 ἀλλ’
968 5730 1214 5784 ἵστανται
1236 5726 1446 5790 λοιπὸν,
1466 5726 1568 5780 οὑκ
1589 5725 1788 5789 εἰδότες
1814 5726 1949 5780 ὅπου

370 5817 718 5886 προέλθωσιν
736 5833 752 5850 ο
781 5816 1036 5873 οὕτωκαὶ
1067 5817 1117 5871 οἰ
1145 5815 1223 5887 τῷ
1242 5814 1433 5884 λέγοντ
1476 5812 1946 5886 παρακολουθοῦν.

2015 1059 2258 1130 Πνεῦμα
2278 1060 2385 1129 τῆς
2421 1062 2701 1127 πίστεως,
2743 1061 2840 1114 xal
2882 1058 3171 1122 σπουδάζει
3201 1058 3369 1124 δεῖξαι
3399 1059 3494 1111 καί
3530 1060 3590 1111 ἐν

2013 1144 2081 1212 τῇ
2104 1143 2317 1213 Παλαιᾷ
2351 1145 2442 1197 καὶ
2466 1145 2523 1197 ἐν
2548 1147 2612 1215 τῇ
2635 1147 2810 1215 Καινῇ
2844 1144 3027 1196 πίστιν
3057 1138 3220 1196 οὖσαν
3248 1142 3347 1213 τὴν
3379 1140 3589 1213 μητέρα

2015 1224 2124 1278 τῶν
2147 1226 2389 1295 ἀγαθῶν,
2428 1227 2618 1299 μικρὸν
2645 1227 2851 1281 ἄνωθεν
2892 1228 3188 1295 ἀναγκαῖον
3217 1228 3422 1278 εἰπεῖν’
3451 1224 3591 1278 οὕτω

2016 1306 2126 1379 γάρ
2159 1308 2310 1361 ἔσται
2354 1310 2654 1380 κατάδηλος
2697 1312 2826 1379 ἡμῖν
2864 1312 2898 1380 ή
2941 1309 3089 1363 αἰτία
3122 1308 3340 1378 μᾶλλον.
3375 1308 3471 1371 Τίς
3498 1302 3591 1362 οὖν

2018 1391 2164 1443 ἐστιν
2219 1392 2252 1461 ή
2297 1390 2448 1465 [281]
2486 1392 2667 1456 αἰτία;
2714 1392 2885 1455 Πολὺς
2936 1392 3171 1462 πόλεμος
3220 1389 3591 1461 περιειστήκει

2017 1472 2145 1536 τοὺς
2179 1476 2403 1539 πιστοὺς
2429 1516 2443 1537 ,
2488 1477 2650 1545 ήνίκα
2682 1474 2854 1529 ταῦτα
2886 1474 3123 1542 ἐλέγετο,
3159 1473 3394 1544 πόλεμος
3433 1470 3591 1542 χαλε-

2022 1555 2120 1619 πὸς
2175 1556 2271 1611 καὶ
2320 1558 2652 1629 ἀκήρυκτος.
2715 1556 2819 1610 Kal
2876 1558 2985 1628 γάρ
3034 1557 3129 1610 καί
3180 1555 3364 1617 πόλεις
3410 1554 3593 1615 αὐτοῖς

2018 1639 2304 1711 ὁλόκληροι
2348 1643 2440 1693 καί
2472 1641 2633 1711 δῆμοι
2666 1640 2931 1695 πάντοθεν
2963 1640 3342 1703 ἐπανίσταντο,
3382 1636 3478 1689 καὶ
3499 1634 3579 1687 τύ-

2024 1738 2206 1792 ραννοι
2238 1724 2439 1788 πάντες
2458 1724 2833 1788 ἐπεϐούλευον,
2868 1724 2962 1777 καί
2984 1722 3223 1793 βασιλεῖς
3248 1718 3594 1792 παρεσκευά-

2022 1805 2195 1870 ζοντο,
2247 1808 2339 1860 καὶ
2386 1808 2528 1861 ὅπλα
2563 1810 2824 1871 ἐκινεῖτο,
2859 1807 2955 1860 καὶ
3000 1805 3127 1875 ξίφη
3169 1804 3403 1874 ἠκονᾶτο
3430 1842 3445 1867 ,
3493 1800 3596 1855 καὶ

2024 1890 2364 1958 στρατόπεδα
2409 1891 2793 1962 ηὑτρεπίζετο,
2842 1889 2937 1942 καὶ
2985 1890 3094 1941 πᾶν
3126 1882 3264 1949 εἶδος
3315 1884 3595 1946 κολάσεως

2022 1970 2113 2025 καὶ
2150 1973 2418 2045 τιμωρίας
2451 1974 2725 2026 ἐπενοεῖτο
2749 1987 2763 2001 ⁸
2795 1973 2919 2028 ὅθεν
2958 1970 3314 2039 ὑπαρχόντων
3349 1964 3599 2039 ἁρπαγαὶ

2022 2056 2115 2107 nl
2142 2056 2460 2127 δημεύσεις.
2486 2058 2582 2112 καί
2608 2056 2901 2125 ἀπαγωγαὶ
2928 2058 3023 2111 καὶ
3045 2057 3264 2110 θάνατοι
3291 2052 3598 2121 καθημερι-

2021 2140 2120 2200 vol.
2155 2141 2250 2193 καὶ
2277 2140 2657 2213 στρεϐλώσεις,
2688 2140 2781 2194 καὶ
2808 2141 3180 2210 δεσμωτήρια,
3215 2135 3309 2190 καὶ
3337 2134 3470 2206 πῦρ,
3505 2130 3598 2185 καὶ

2024 2222 2260 2294 σίδηρος,
2309 2224 2403 2276 καί⁵
2438 2222 2622 2294 θηρία,
2659 2222 2751 2276 καὶ
2782 2222 2959 2287 ξύλον,
2999 2222 3092 2276 καί
3120 2221 3336 2292 τροχὸς,
3367 2218 3461 2273 καὶ
3504 2214 3598 2284 βά·

2027 2304 2222 2376 ραθρα,
2254 2305 2349 2360 καί
2374 2306 2630 2376 κρημνοὶ,
2664 2307 2759 2359 καὶ
2788 2306 2966 2360 πάντα
2991 2305 3059 2358 τά
3084 2306 3163 2369 εἰς
3186 2303 3429 2357 ἐπίνοιαν
3461 2297 3599 2369 πρὸς

2022 2388 2113 2440 τὸν
2158 2387 2264 2441 τῶν
2315 2389 2523 2443 πιστῶν
2556 2388 2775 2460 ὄλεθρον
2820 2390 3087 2441 ἐκινεῖτοο
3142 2386 3238 2439 καὶ
3266 2383 3387 2437 ούόἐ
3434 2383 3597 2449 μέχρι

2021 2474 2227 2528 τούτων
2281 2475 2310 2526 6
2364 2475 2598 2547 πόλεμος
2642 2475 2909 2545 εἱστήκει.
2963 2473 3097 2527 Ούδέ
3133 2472 3242 2542 γάρ
3293 2470 3446 2539 παρὰ
3492 2468 3598 2519 τῶν

2023 2562 2236 2634 ἐχθρῶν
2284 2564 2664 2635 ἀνερριπίζετο
2725 2564 2919 2633 μόνον,
2969 2561 3105 2614 ἀλλά
3149 2560 3244 2613 καὶ
3288 2559 3424 2626 αὑτὴ
3477 2555 3597 2608 καθ’
3700 2596 3725 2621 ,

2025 2653 2223 2720 ἑαυτῆς
2250 2655 2283 2722 ἡ
2320 2652 2482 2721 φύσις
2509 2651 2774 2721 ἐσχίζετο.
2802 2651 2914 2704 Kal
2943 2649 3051 2719 γὰρ
3079 2648 3266 2701 παισὶν
3297 2645 3598 2714 ἐπολέμουν

2024 2740 2281 2812 πατέρες,
2315 2740 2409 2796 καὶ
2438 2740 2734 2811 θυγατέρες
2768 2740 2994 2810 ἐμίσουν
3022 2736 3121 2799 τὰς
3153 2735 3472 2806 κυησάσας,
3505 2732 3601 2783 καὶ

2028 2828 2173 2899 φίλοι
2215 2829 2400 2898 φίλους
2430 2827 2837 2899 ἀπεστρέφοντο
2857 2866 2871 2889 ,
2904 2826 2997 2878 καὶ
3024 2827 3104 2888 εἰς
3131 2822 3230 2886 τάς
3281 2819 3600 2889 συγγενείας

2028 2916 2121 2969 καὶ
2152 2916 2233 2977 εἰς
2262 2915 2360 2978 τὰς
2380 2914 2557 2978 οἰκίας
2586 2916 2615 2966 6
2640 2914 2875 2984 πόλεμος
2897 2906 3050 2976 οὗτος
3075 2911 3260 2982 ἕρπων
3283 2908 3476 2980 εἰσῄει,
3510 2908 3602 2959 καὶ

2030 3002 2257 3074 θόρυϐος
2298 2997 2367 3073 ἧν
2414 3002 2534 3054 τότε
2581 3000 2749 3063 πολὺς
2790 2999 2933 3053 κατὰ
2960 2999 3059 3069 τὴν
3103 2996 3449 3067 οἰκουμένην.
3492 2993 3603 3048 Kal

2030 3090 2285 3161 καθάπερ
2342 3088 2544 3153 πλοῖον,
2599 3088 2858 3159 κυμάτων
2915 3084 3367 3156 διανισταμένων,
3427 3081 3605 3151 νεφῶν

2032 3176 2524 3251 συρρηγνυμένων,
2570 3174 2808 3247 βροντῶν
2841 3172 3399 3245 καταρῤηγνυμένων,
3438 3169 3606 3239 ζόφου

2033 3265 2298 3319 πάντοθεν
2322 3262 2646 3326 κυκλούντος
2676 3262 2738 3315 rb
2773 3261 3003 3331 σκάφος,
3033 3263 3134 3331 τῆς
3171 3260 3445 3331 θαλάσσης
3477 3273 3609 3329 μαι-

2029 3352 2283 3424 νομένης,
2329 3350 2535 3423 θηρίων
2574 3348 3047 3419 ἐπανισταμένων,
3101 3346 3378 3416 πειρατῶν
3432 3360 3606 3415 προσ-

2032 3438 2358 3502 ϐαλλόντων,
2408 3437 2587 3491 αὐτῶν
2616 3435 2725 3489 τῶν
2765 3435 2913 3488 ἔνδον
2945 3432 3374 3498 στασιαζόντων,
3405 3432 3506 3485 οὐκ
3540 3431 3607 3484 ἂν

2031 3525 2284 3595 διαφύγοι
2316 3526 2408 3578 τὸν
2435 3523 2696 3589 κίνδυνον,
2729 3523 2778 3576 εἰ
2808 3521 2883 3593 μὴ
2920 3522 2955 3592 ἡ
2993 3520 3105 3574 ἀνω
3133 3521 3273 3592 χεὶρ,
3305 3521 3339 3591 ή
3373 3521 3610 3590 κραταιᾶ

2035 3613 2131 3668 καὶ
2162 3612 2395 3685 μεγάλη,
2430 3609 2834 3681 ἀποκρούσαιτο
2860 3608 2951 3663 τὸν
2978 3607 3238 3679 πόλεμον,
3271 3608 3366 3662 καὶ
3397 3606 3612 3661 λύσασα

2032 3701 2126 3755 τὸν
2151 3699 2395 3772 χειμῶνα
2417 3696 2809 3768 καταστήσειεν
2833 3696 2891 3748 ἐν
2920 3693 3135 3765 γαλήνη
3152 3694 3281 3756 τοὺς
3310 3693 3572 3755 πλέοντας
3595 3708 3609 3722 °

2034 3788 2179 3843 οὕτω
2206 3789 2271 3859 δὴ
2304 3786 2400 3840 καὶ
2430 3784 2550 3840 τότε
2579 3786 2636 3837 ἐν
2666 3784 2809 3855 ἀρχῇ
2845 3781 2942 3836 τοῦ
2973 3780 3330 3853 κηρύγματος
3362 3780 3609 3848 γέγονεν.

2033 3879 2107 3933 Ού
2135 3877 2245 3949 γὰρ
2290 3873 2488 3943 ἔξωθεν
2532 3870 2898 3944 προσέϐαλλεν
2938 3872 2966 3924 6
3002 3867 3209 3940 χειμὼν
3246 3868 3427 3939 μόνον,
3476 3866 3614 3920 ἀλλά

2035 3967 2133 4021 καὶ
2182 3968 2231 4019 οἰ
2278 3962 2425 4018 ἔνδον
2468 3959 2731 4025 πολλάκις
2769 3959 2905 4029 πρὸς
2958 3956 3224 4029 ἀλλήλους
3264 3954 3607 4021 ἐστασίαζον.

2036 4054 2135 4117 Τίς
2157 4050 2316 4107 τοῦτό
2342 4068 2505 4121 φησιν
2527 4068 2543 4117 ;
2573 4048 2744 4112 Αὐτὸς
2771 4048 2799 4101 6
2829 4046 3040 4112 Παῦλος
3066 4047 3314 4118 γράφων,
3350 4044 3615 4110 Ἐξωθεν

2032 4139 2240 4212 μάχαι,
2285 4139 2511 4194 ἔσωθεν
2551 4136 2740 4206 φόϐοι.
2780 4135 2893 4187 Kal
2919 4134 3001 4188 ὅτι
3040 4133 3193 4187 ταῦτ’
3223 4132 3369 4186 ἔστιν
3406 4130 3615 4204 ἀληθῆ,

2038 4229 2135 4283 καὶ
2162 4225 2513 4289 διδασκάλους
2551 4224 2646 4276 καὶ
2681 4220 2932 4294 μαθητάς
2967 4220 3139 4293 μυρία
3184 4218 3619 4291 περιεστοίχιστο

2040 4316 2207 4381 κακά,
2241 4317 2337 4369 καὶ
2364 4312 2574 4373 πάντας
2606 4311 2635 4363 6
2662 4309 2897 4379 πόλεμος
2924 4308 3240 4379 ἐπενέμετο,
3267 4306 3432 4360 αὑτοῦ
3460 4306 3621 4361 πάλιν

2039 4404 2136 4458 τοῦ
2166 4401 2382 4457 Παύλου
2409 4399 2511 4470 τὴν
2542 4395 2847 4469 μαρτυρίαν
2874 4396 3126 4467 παράγω.
3178 4394 3366 4464 Ὑμεῖς
3394 4393 3450 4445 δὲ
3481 4409 3618 4462 μνη-

2047 4488 2302 4559 μονεύετε
2333 4487 2443 4540 τῶν
2486 4483 2796 4554 λεγομένων
2825 4481 3107 4544 ἁπάντων,
3147 4481 3213 4533 ἵν’
3242 4480 3370 4534 ὅταν
3407 4479 3618 4551 μάθητε

2041 4578 2169 4640 τοὺς
2199 4574 2502 4638 κινδύνους,
2534 4572 2663 4633 τοὺς
2705 4567 3077 4640 πειρασμοὺς,
3115 4564 3186 4620 τά
3235 4566 3408 4639 μυρία
3436 4566 3618 4631 κακά,

2044 4665 2189 4735 άπερ
2232 4662 2284 4716 οἰ
2324 4660 2446 4713 τότε
2481 4656 2833 4719 πιστεύοντες
2880 4655 3175 4726 ὑπέμενον,
3214 4652 3479 4724 μειζόνως
3525 4653 3622 4707 καί⁸

2042 4751 2133 4807 διά
2157 4749 2317 4806 τοῦτο
2352 4746 2713 4820 εὐχαριστῆτε
2742 4743 2820 4816 τῷ
2865 4743 3016 4815 Θεῷ,
3062 4742 3144 4815 τῷ
3173 4741 3401 4797 λύσαντι
3443 4741 3622 4796 πάντα

2044 4842 2232 4894 ἐκεῖνα
2271 4836 2340 4891 τά
2382 4833 2564 4901 δεινὰ,
2597 4833 2692 4888 καὶ
2735 4832 2960 4905 εἰρήνην
2987 4830 3337 4900 εἰσαγαγόντι
3380 4829 3621 4900 βαθεῖαν,

2044 4928 2142 4983 καὶ
2164 4926 2256 4981 τὸν
2285 4925 2521 4994 πόλεμον
2541 4918 2901 4985 ἀπελάσαντι,
2922 4917 3020 4973 καὶ
3048 4917 3250 4990 πολλὴν
3276 4918 3623 4973 κατασκευά-

2048 5033 2203 5072 σαντι
2228 5013 2326 5086 τήν
2347 5011 2591 5083 γαλήνην
2610 5024 2626 5040 ο
2652 5008 2741 5062 ἴνα
2766 5007 2958 5079 μηδεὶς
2982 5006 3122 5078 μήτε
3144 5005 3407 5078 ῥᾳθυμῶν
3428 5006 3622 5078 νομίζῃ

2045 5103 2361 5176 διαφεύγειν
2403 5098 2505 5173 τήν
2537 5096 2790 5164 κόλασιν,
2834 5096 2976 5169 μήτε
3005 5093 3289 5168 κατορθῶν
3327 5094 3624 5166 ἰπαίρηται

2046 5212 2163 5250 νυν.

2117 5281 2178 5335 δ’.
2221 5278 2297 5333 Οὑ
2331 5277 2442 5348 γάρ
2477 5277 2626 5330 ἐστιν
2671 5274 2788 5329 ἴσον
2831 5270 3173 5342 πανταχόθεν
3220 5265 3626 5337 πολεμούμενον

2048 5368 2144 5423 καί¹
2173 5365 2389 5439 μυρίοις
2412 5362 2735 5436 περιαντλού
2744 5377 2903 5431 μενον
2927 5358 3116 5419 κακοῖς
3128 5353 3421 5423 δυνηθῆναι
3435 5352 3624 5439 στῆναι

2049 5437 2336 5526 γενναίως,
2368 5451 2462 5506 καὶ
2493 5449 2743 5520 καθάπερ
2771 5450 2829 5500 ἐν
2863 5444 3041 5514 λιμένι
3068 5441 3375 5526 καθήμενον
3406 5437 3503 5526 νῦν
3532 5441 3627 5492 καί

2052 5524 2234 5614 πάσης
2285 5537 2631 5595 ἀπολαύοντα
2664 5533 2849 5595 ἀδείας
2895 5531 2994 5600 τὴν
3034 5526 3203 5599 αὑτὴν
3256 5524 3626 5614 ἐπιᾷίεασθαι

2055 5612 2387 5706 προθυμίαν.
2447 5624 2675 5706 Ἐκεῖνοι
2720 5619 2819 5690 μὲν
2864 5616 2973 5706 γὰρ
3013 5615 3121 5671 τῶν
3276 5612 3502 5706 πελάγει
3538 5629 3625 5706 σα-

2054 5699 2319 5774 λέυόντων
2347 5710 2466 5765 τότε
2490 5708 2584 5763 καί
2609 5703 3083 5773 κλυδωνιζομένων
3105 5701 3258 5756 οὑδέν
3284 5701 3505 5768 ἄμεινον
3549 5699 3626 5751 δι-

2062 5811 2154 5863 έκε
2164 5822 2270 5860 ιντο
2286 5822 2300 5836 ·
2322 5803 2480 5871 ἡμεῖς
2499 5801 2554 5854 δὲ
2572 5799 2678 5855 τῶν
2696 5800 2753 5852 ὲν
2772 5793 2952 5866 λιμένι
2976 5791 3297 5861 καθημένων
3313 5788 3626 5855 ἀδεέστερον
