4062 6432
513 424 775 498 διάγομεν
795 427 911 482 νῦν.
936 430 1031 503 Μὴ
1058 432 1235 487 τοίνυν
1270 436 1408 506 μήτε
1440 437 1535 492 ἐπὶ
1557 440 1669 504 τοῖς
1701 440 2088 513 κατορθώμασι

519 517 662 589 μέγα
695 519 1000 591 φρονῶμεν,
1034 524 1172 594 μήτε
1205 526 1299 579 ἐπὶ
1334 530 1445 592 τοῖς
1478 531 1849 601 συμπίπτουσι
1897 550 2091 605 πειρα-

517 609 676 676 σμοῖς
706 609 1165 682 καταπέπτωμεν,
1199 615 1336 685 μήτε
1365 616 1441 679 είς
1473 618 1746 689 ρᾳθυμίαν
1790 624 1856 692 τῇ
1886 622 1984 692 τῆς
2011 622 2092 675 εί-

518 698 690 768 ρήνης
733 699 886 770 ἀδείᾳ
928 701 1327 774 ἀποχρώμεθα’
1374 706 1513 763 ἀλλά
1561 711 1824 782 νήφωμεν
1868 712 1960 766 ἀεὶ
1997 714 2093 767 καὶ

516 788 895 860 γρηγορῶμεν.
920 792 1076 847 Ἔστι
1092 797 1201 866 γὰρ
1224 797 1315 849 καὶ
1336 798 1470 869 ἡμῖν
1502 801 1646 873 πάλη
1679 803 1817 875 πρὸς
1843 805 1943 869 τὰς
1974 808 2095 859 ἐπι-

516 875 715 946 θυμίας
744 879 840 949 τῆς
865 879 1102 949 φύσεως.
1138 883 1254 937 Οὐκ
1288 887 1680 944 ἐπανίστανται
1717 892 1813 945 νῦν
1841 896 1973 964 ἡμῖν
1998 894 2094 949 ἄν·

514 965 743 1037 θρωποι,
768 970 883 1024 ἀλλ’
907 973 1297 1031 ἐπανίστανται
1334 980 1391 1034 αἱ
1422 980 1520 1050 τῆς
1550 984 1752 1053 σαρκὸς
1780 985 1963 1056 ήδοναί
1985 1002 2000 1018 ο
2032 987 2094 1039 ού

513 1058 666 1131 [282]
697 1061 992 1132 πολεμοῦσι
1038 1065 1289 1137 τύραννοι
1320 1070 1415 1123 καὶ
1446 1071 1714 1140 βασιλεῖς,
1742 1075 1879 1129 ἀλλὰ
1936 1077 2095 1130 πολε-

514 1152 607 1219 μεῖ
624 1149 817 1222 θυμὸς,
836 1154 1137 1223 κενοδοξίας
1156 1158 1315 1229 ἔρως,
1337 1160 1548 1230 φθόνος,
1576 1163 1893 1234 βασκανίαι,
1918 1167 2012 1221 καὶ
2024 1166 2092 1221 τὰ

513 1234 684 1305 μυρία
712 1237 811 1309 τῆς
830 1236 1009 1310 ψυχῆς
1030 1240 1201 1312 πάθη.
1240 1243 1394 1297 Ἐπεὶ
1412 1241 1507 1299 οὖν
1524 1247 1751 1302 ἐκείνων
1767 1249 1877 1302 τῶν
1899 1269 1989 1303 πει
1998 1269 2093 1322 ρα-

512 1325 666 1416 σμῶν
693 1329 1120 1403 ἀπηλλάγμεθα,
1149 1335 1356 1391 τούτων
1388 1340 1829 1412 περιγενώμεθα.
1863 1344 1963 1397 Διά
1983 1345 2093 1416 γὰρ

507 1415 667 1469 τοῦτο
682 1418 963 1493 ἀνέμνησα
980 1424 1125 1495 ὑμᾶς
1136 1425 1247 1480 τῶν
1264 1429 1474 1501 καιρῶν
1489 1431 1714 1486 ἐκείνων
1726 1433 1794 1487 τὰ
1808 1435 2039 1504 προσοχο
2050 1415 2093 1487 {-

510 1523 714 1577 σματα,
751 1510 837 1564 ἴνα
867 1512 962 1565 καὶ
988 1515 1017 1567 ὁ
1062 1514 1120 1568 ἐν
1168 1515 1347 1587 θλίψει
1381 1520 1477 1573 νῦν
1509 1520 1608 1586 ῶν,
1651 1523 1846 1595 ἱκανὴν
1879 1525 2091 1579 ἐκεῖθεν

507 1596 762 1672 λαμϐάνῃ
790 1603 1155 1677 παράκλησιν,
1175 1609 1269 1662 καὶ
1291 1610 1318 1662 ό
1344 1610 1547 1683 πολλῆς
1570 1614 1859 1670 ἀπολαύων
1881 1616 2086 1680 ἀδείας.

507 1687 629 1741 ἀντὶ
682 1692 781 1762 τῆς
839 1694 1094 1767 ἀτεχνίας
1134 1699 1245 1752 τῶν
1297 1702 1561 1758 κινδύνων
1606 1707 1835 1762 ἐκείνων
1888 1708 2090 1780 πολλὴν

505 1780 703 1872 magn
726 1784 1037 1857 προθυμίαν
1063 1791 1142 1854 είς
1170 1790 1268 1862 τὴν
1295 1793 1404 1848 τῶν
1430 1796 1650 1852 ἀτόπων
1672 1799 1951 1870 λογισμῶν
1981 1802 2087 1872 μά-

506 1886 631 1940 χην.
667 1871 763 1937 Είς
799 1874 910 1947 γὰρ
948 1878 1223 1951 ἡμετέραν
1263 1883 1548 1940 νουθεσίαν
1600 1889 1694 1941 καὶ
1741 1871 2089 1962 παράκλησιν

507 1962 603 2015 καὶ
638 1963 915 2038 ὑπομονὴν
947 1968 1128 2023 πάντα
1172 1972 1360 2028 ἐκεῖνα
1388 1977 1692 2047 ἐγράφετο·
1738 1980 1884 2054 ειπερ
1929 1983 2091 2053 ἀναγ-

506 2055 661 2108 καῖον
672 2054 767 2110 νῦν
784 2059 919 2129 πρὸς
931 2059 1075 2131 ὑμᾶς
1087 2065 1283 2130 εἰπεῖν,
1309 2068 1403 2120 καὶ
1430 2069 1638 2137 διδάξαι
1653 2072 1715 2126 τὸ
1737 2074 1967 2143 μέγεθος
1981 2077 2089 2131 τῶν

504 2145 627 2199 τότε
661 2149 786 2214 τοὺς
820 2155 1048 2216 πιστοὺς
1078 2160 1519 2231 περιεστηκότων
1546 2162 1736 2217 δεινῶν
1756 2205 1770 2230 ,
1804 2166 1925 2236 οὐχὶ
1963 2169 2089 2233 τοὺς

502 2237 859 2305 διδασκάλους
908 2242 1069 2313 μόνον
1089 2288 1103 2312 ,
1136 2246 1272 2302 ἀλλά
1306 2251 1400 2304 καὶ
1426 2251 1555 2316 τοὺς
1586 2253 1857 2326 μαθητάς.
1893 2258 2089 2312 Ἀκου-

506 2345 597 2381 σον
649 2330 780 2398 γοῦν
830 2332 885 2386 τί
935 2352 1100 2403 φησιν
1150 2339 1179 2390 ὁ
1224 2340 1438 2406 Παῦλος
1480 2343 1709 2414 γράφων
1781 2347 2082 2419 Ἑϐραίοις·

516 2422 1064 2494 Ἀναμιμνήσκεσθε
1112 2432 1217 2499 τὰς
1256 2433 1547 2503 προτέρας
1583 2436 1839 2507 ἡμέρας,
1883 2440 1954 2495 ἐν
1989 2439 2086 2509 αἷς

502 2516 900 2584 φωτισθέντες
931 2523 1176 2591 πολλὴν
1211 2526 1475 2594 ἄθλησιν
1511 2532 1868 2600 ὑπεμείνατε
1892 2537 2086 2603 παθη-

501 2604 722 2673 ιιιίτων.
773 2608 907 2663 Ούδέ
937 2612 1044 2685 γάρ
1082 2614 1286 2687 βραχὺς
1311 2617 1583 2688 διεγένετο
1610 2621 1798 2693 χρόνος
1818 2662 1834 2689 ,
1864 2624 1983 2678 ἀλλ’
2026 2625 2086 2679 ἐν

501 2697 686 2762 αὐτοῖς
727 2700 891 2767 εὐθὺς
922 2707 1035 2769 τοῖς
1085 2708 1399 2779 προοιμίοις
1428 2712 1529 2783 τῆς
1579 2715 1939 2785 κατηχήσεως
1991 2718 2088 2771 καὶ

501 2788 600 2859 τῆς
628 2788 980 2859 διδασκαλίας
1012 2798 1389 2869 ἐπανέστησαν
1419 2802 1605 2869 αὐτοῖς
1636 2808 1953 2877 πειρασμοὶ,
1990 2808 2086 2861 καὶ

503 2878 893 2952 βαπτισθέντες
951 2887 1155 2953 εὐθέως
1206 2892 1580 2948 ἐκινδύνευον·
1642 2898 1695 2950 τί
1758 2899 2083 2970 πάσχοντες,

501 2971 667 3027 ἄκουε
688 2992 702 3005 ·
742 2977 925 3033 Τοῦτο
961 2978 1080 3049 μὲν
1096 3020 1112 3046 ,
1146 2982 1512 3054 ὀνειδισμοῖς
1545 2986 1643 3041 καί
1671 2990 1920 3056 θλίψεσι
1954 2995 2086 3047 θεα-

503 3062 847 3135 τριζόμενοι.
900 3068 1109 3135 Πάντες
1144 3072 1254 3145 γὰρ
1286 3075 1578 3142 ἐνέπτυον,
1629 3078 1886 3151 ὕϐριζον,
1922 3100 2086 3137 κατε-

504 3154 713 3222 γέλων,
753 3157 1078 3228 ἐχλεύαζον,
1117 3167 1334 3236 μωροὺς
1366 3167 1631 3235 ἐκάλουν,
1677 3171 1969 3244 ἀνοήτους,
2003 3178 2085 3232 ὅτι

502 3244 603 3316 τῆς
651 3248 908 3320 πατρῴας
943 3252 1280 3321 ἀποστάντες
1312 3258 1624 3327 πολιτείας,
1675 3263 1864 3318 καινὸν
1908 3266 2085 3339 δόγμα

504 3341 877 3408 κατεδέξαντο.
927 3347 1002 3400 Ού
1055 3351 1252 3421 μικρὸν
1299 3352 1355 3405 δὲ
1383 3351 1543 3408 τοῦτο
1578 3355 1715 3427 πρὸς
1744 3357 1805 3411 τὸ
1831 3376 2084 3431 παρασα-

501 3433 691 3489 λεῦσαι
738 3438 947 3526 ψυχὴν,
994 3440 1090 3494 ἐὰν
1137 3442 1212 3514 μὴ
1256 3443 1605 3519 ἐρριζωμένη
1636 3449 1780 3503 κατά
1822 3450 2083 3526 βάθουςή

501 3526 688 3616 πίστις
850 3532 959 3585 Kal
990 3533 1100 3604 γάρ
1144 3535 1297 3591 οὐδὲν
1346 3536 1492 3592 οὕτω
1543 3539 1731 3595 δάκνει
1773 3543 1973 3616 ψυχὴν,
2008 3525 2085 3613 ὠς

500 3615 731 3681 ὄνειδος·
763 3619 919 3675 οὐδὲν
967 3620 1112 3676 οὓτω
1154 3624 1313 3695 τήκει
1359 3625 1536 3700 ψυχὴν
1568 3629 1665 3684 xal
1696 3615 1967 3702 διάνοιαν,
2008 3638 2084 3703 ὡς

503 3705 814 3780 σκώμματα
864 3712 962 3766 καὶ
993 3712 1282 3786 λοιδορίαν
1315 3717 1502 3773 πολλοὶ
1549 3720 1659 3794 γάρ
1693 3724 1952 3792 πολλάκις
1984 3729 2083 3783 άν-

496 3799 625 3872 δρες
672 3802 1144 3878 ύπεσκελίσθησαν
1171 3808 1573 3881 ὀνειδιζόμενοι.
1612 3814 1799 3870 Ταῦτα
1836 3817 1892 3870 δέ
1940 3819 2085 3890 λέγω

500 3890 631 3959 νῦν,
677 3892 764 3948 ἵνα
810 3895 869 3948 ἐν
908 3898 1196 3970 παρρησία
1242 3899 1342 3973 τὴν
1376 3901 1560 3956 πίστιν
1600 3903 1834 3976 ἔχωμεν.
1883 3910 1946 3962 El
1975 3911 2085 3985 γὰρ

499 3982 658 4051 τότε,
707 3985 797 4038 ὅτε
849 3988 998 4042 πᾶσα
1042 3989 1226 4054 αὐτοῖς
1275 3991 1551 4057 ὠνείδιζεν
1601 3996 1925 4069 οἰκουμένη,
1984 3982 2084 4075 οὐχ

501 4073 1006 4148 ὑπεσκελίσθησαν,
1048 4079 1226 4151 πολλῷ
1270 4082 1471 4152 μᾶλλον
1503 4084 1598 4139 νῦν
1628 4088 1685 4138 ἐν
1720 4090 1999 4166 παρρησίᾳ
2024 4073 2085 4149 τδ

501 4165 767 4238 κήρυγμα
790 4169 891 4240 τῆς
930 4168 1190 4241 ἀληθείας
1222 4171 1367 4244 ἔχειν
1397 4175 1507 4242 δεῖ,
1535 4178 1627 4232 ὅτε
1660 4182 1813 4236 πᾶσα
1842 4185 1876 4255 ἡ
1903 4165 2086 4241 οἰκου-

503 4256 641 4328 μένη
688 4256 825 4329 πρὸς
871 4259 1018 4329 ἡμᾶς
1045 4261 1398 4331 μετετάξατο.
1419 4264 1541 4319 Ὅτι
1570 4266 1626 4319 δέ
1654 4269 1715 4321 ού
1757 4272 1916 4343 μέχρι
1951 4293 2084 4329 κατ-

499 4348 733 4421 ηγορίας
766 4349 861 4403 καὶ
896 4349 1225 4423 ὀνειδισμῶν
1265 4355 1362 4409 καὶ
1396 4354 1668 4429 λοιδορίας
1700 4359 1919 4418 ἵσταντο
1946 4368 2085 4423 ἐκεῖ·

500 4458 579 4495 νοι
598 4483 615 4508 ,
656 4440 795 4496 ἀλλά
823 4443 917 4498 καὶ
950 4443 1170 4515 ἔχαιρον
1202 4445 1251 4500 οί
1279 4445 1455 4503 ταῦτα
1480 4450 1785 4523 πάσχοντες
1803 4495 1819 4520 ,
1849 4458 2083 4516 ἄκουσον

497 4531 606 4587 τῶν
633 4533 782 4605 ἐξῆς.
820 4535 934 4591 Καὶ
962 4536 1072 4607 γὰρ
1102 4535 1215 4608 τὴν
1237 4539 1521 4611 ἁρπαγὴν
1546 4544 1667 4598 τῶν
1689 4547 2084 4620 ὑπαρχόντων

499 4621 697 4717 ξγμῶν,
734 4624 873 4717 φησί
891 4665 906 4690 ,
935 4625 1086 4696 μετὰ
1124 4629 1315 4701 χαρᾶς
1372 4634 1848 4702 προσεδέξασθε.
1918 4643 2080 4717 Ὁρᾷς

496 4713 581 4766 ὅτι
607 4714 704 4767 καὶ
727 4715 785 4769 al
813 4716 993 4771 οὐσίαι
1021 4719 1205 4774 αὐτῶν
1238 4722 1567 4795 ἐδημεύοντο
1596 4727 1659 4781 τὸ
1687 4731 1946 4797 παλαιὸν,
1982 4713 2082 4791 καὶ

502 4803 667 4858 πᾶσιν
722 4804 805 4872 είς
855 4808 1117 4881 ἁρπαγὴν
1175 4812 1497 4883 προέκειντο
1557 4820 1672 4882 τοῖς
1732 4820 2080 4894 βουλομένοις

498 4895 855 4969 ἐπηρεάζειν.
899 4900 1010 4955 Καὶ
1052 4901 1226 4960 ταῦτα
1278 4904 1379 4976 μὲν
1435 4906 1708 4980 Ἑϐραίοις
1747 4913 2079 4976 ἐπιστέλλων

498 4986 675 5058 ἐλεγέ.

569 5086 633 5136 ε’.
666 5079 1119 5147 Θεσσαλονικεῦσι
1138 5083 1196 5141 δὲ
1210 5085 1373 5159 ἐτερα
1388 5089 1614 5146 τοιαῦτα
1631 5099 1904 5166 μαρτυρεῖ
1919 5098 2078 5153 πάλιν

497 5169 674 5242 λέγων
694 5187 708 5202 ⁸
753 5171 952 5242 Ὑμεῖς
977 5174 1088 5243 γὰρ
1106 5179 1377 5246 μιμηταί,
1406 5182 1591 5253 φησὶν,
1625 5184 1947 5257 ἐγενήθητε
1972 5191 2077 5246 τοῦ

501 5263 719 5334 Κυρίου
749 5264 849 5320 καί
880 5263 1084 5336 ἡμῶν,
1123 5267 1438 5338 δεξάμενοι
1469 5272 1575 5328 τὸν
1600 5279 1789 5349 λόγον
1835 5281 1907 5335 ἐν
1946 5283 2076 5339 θλί-

498 5359 600 5426 ψει
626 5358 848 5428 πολλῇ.
888 5360 1029 5431 Ὅρα
1056 5360 1151 5415 καὶ
1194 5360 1419 5427 τούτους
1452 5364 1832 5438 θλιϐομένους,
1861 5373 1956 5427 καὶ
1980 5377 2077 5447 οὐχ

497 5450 716 5542 ἀπλῶς,
751 5452 868 5507 ἀλλ’
914 5454 974 5507 ἐν
1008 5452 1184 5526 θλίψει
1232 5454 1425 5528 πολλῇ.
1471 5459 1606 5512 Μετ’
1638 5461 1943 5530 ἐπιτάσεως
1969 5468 2075 5542 γὰρ

495 5532 564 5610 ἦν
588 5552 615 5582 ει
641 5542 670 5594 ό
704 5543 1007 5612 πειρασμὸς
1026 5584 1040 5610 ,
1076 5545 1334 5616 διηνεκὴς
1364 5549 1393 5601 ό
1420 5548 1694 5618 κίνδυνος,
1727 5552 1849 5607 οὐδὲ
1885 5532 2076 5628 μικρὸν

497 5627 834 5685 ἀναπνεῦσαι
862 5634 1118 5705 παρέχων
1146 5637 1261 5699 τοῖς
1291 5636 1715 5712 ἀγωνιζομένοις
1740 5642 1879 5701 τότε.
1937 5627 2075 5701 ’Λλλ’

560 5762 587 5791 ⁸
614 5762 748 5824 Haec,
765 5765 856 5831 γὰρ
878 5767 951 5826 ἧν,
978 5767 1157 5821 desunt
1176 5771 1226 5820 in
1252 5770 1440 5823 duobus
1462 5788 1577 5827 mss.

1213 333 1270 393 Β.
1312 337 1599 396 JOANNIS
1636 339 2121 399 CHRYSOSTOMI
2161 344 2460 400 ARCHIEP
2521 344 3071 402 CONSTANTINOP.

3674 343 3801 404 2M.

2196 468 2346 538 ὅμως
2376 468 2471 521 καὶ
2502 468 2676 523 ταῦτα
2729 468 3027 540 πάσχοντες
3069 468 3168 523 οὐκ
3211 469 3623 542 ἐδυσχέραινον.
3663 460 3783 528 οὐδέ

2194 559 2636 624 ἀπεδυσπέτουν,
2706 559 2842 613 ἀλλά
2901 559 3102 630 μᾶλλον
3153 561 3248 613 καὶ
3304 561 3545 632 ἔχαιρον.
3610 563 3784 617 Πόθεν

2194 650 2351 704 τοῦτο
2377 650 2572 721 δῆλον;
2617 651 2739 705 Ἀπ’
2767 650 2948 705 αὐτῶν
2977 651 3085 705 τῶν
3113 651 3208 706 τοῦ
3237 652 3449 705 Παύλου
3477 652 3745 724 ῥημάτων
3763 672 3779 686 ·

2194 739 2366 795 εἰπὼν
2408 740 2552 814 γὰρ,
2600 741 2697 795 Ἐν
2737 743 2938 811 θλίψει
2967 741 3207 811 πολλῆ,
3255 742 3590 815 προσέθηκε,
3619 745 3783 799 Μετὰ

2194 830 2385 902 χαρᾶς
2445 834 2794 904 Πνεύματος
2837 836 3009 904 ἁγίου
3027 850 3042 865 ·
3085 834 3264 905 δηλῶν
3306 835 3388 888 ὅτι
3435 837 3486 887 οί
3530 836 3633 906 μὲν
3661 853 3782 890 πει-

2198 923 2402 995 ρασμοὶ
2419 924 2520 998 τὴν
2545 924 2723 995 θλίψιν
2748 925 2984 991 ἐποίουν,
3011 928 3044 998 ή
3068 926 3124 979 δέ
3148 927 3257 979 τῶν
3282 928 3613 999 πειρασμῶν
3642 929 3783 981 ύπόο

2195 1006 2346 1077 θεσις
2372 1013 2472 1087 τὴν
2495 1016 2672 1088 χαράν
2700 1016 2885 1081 αὐτοῖς
2914 1017 3147 1072 ἐτικτεν.
3180 1019 3380 1088 Ἤρκει
3413 1023 3523 1090 γὰρ
3550 1022 3634 1083 είς
3666 1037 3779 1073 πα-

2198 1105 2471 1178 ραμυθίαν
2498 1107 2560 1161 τὸ
2584 1108 2878 1162 συνειδέναι
2908 1109 3122 1174 ἑαυτοῖς
3141 1148 3157 1171 ,
3202 1111 3287 1164 ὅτι
3336 1110 3513 1164 ταῦτα
3553 1111 3646 1165 διὰ
3683 1111 3782 1164 τὸν

2192 1200 2429 1271 Χριστὸν
2655 1202 2914 1273 ἔπασχον.
2956 1203 3103 1256 Διότι
3144 1204 3288 1274 οὐχιι
3324 1203 3468 1258 οὕτω
3509 1204 3781 1274 θαυμάζω

2192 1293 2320 1356 τοὺς
2346 1293 2502 1357 τότε,
2540 1294 2625 1347 ὅτι
2659 1294 2961 1360 ἐθλίϐοντο,
3001 1294 3078 1358 ῶς
3124 1294 3422 1365 θαυμάζω,
3456 1297 3540 1349 ὅτι
3596 1296 3780 1349 θλιϐό-

2197 1401 2348 1455 μενοι
2374 1385 2462 1439 διά
2491 1386 2582 1440 τὸν
2608 1385 2742 1440 Θεὸν
2780 1386 3016 1459 ἔχαιρον.
3046 1387 3216 1440 Τοῦτο
3241 1387 3353 1458 γὰρ
3382 1388 3645 1455 γενναίας
3681 1389 3782 1440 καὶ

2193 1474 2443 1544 φιλοθέου
2474 1476 2687 1547 ψυχῆς,
2718 1475 2783 1531 τὸ
2818 1476 3096 1531 θλίϐεσθαι
3144 1478 3240 1531 καὶ
3277 1479 3466 1541 κακῶς
3499 1479 3738 1547 πάσχειν
3761 1495 3776 1509 ’

2191 1567 2253 1621 τδ
2280 1567 2337 1621 δέ
2363 1568 2626 1636 γενναίως
2652 1570 2841 1641 φέρειν
2865 1570 2956 1625 τὸν
2981 1569 3304 1641 πειρασμὸν,
3333 1575 3429 1623 καὶ
3454 1569 3535 1640 τῷ
3564 1587 3784 1639 συγχω-

2195 1659 2376 1730 ροῦντι
2408 1660 2509 1724 τὰς
2536 1660 2745 1732 θλίψεις
2772 1662 3146 1733 εὐχαριστεῖν,
3179 1660 3340 1715 τοῦτο
3380 1662 3648 1732 μεγίστης
3679 1661 3780 1713 άν-

2190 1751 2375 1823 δρείας
2397 1793 2411 1817 ,
2441 1751 2600 1806 τοῦτο
2627 1753 3057 1824 διεγηγερμένης
3089 1752 3271 1823 ψυχῆς
3299 1752 3394 1805 καὶ
3419 1751 3528 1805 τῶν
3562 1752 3782 1824 ἀνθρω-

2194 1841 2365 1896 πίνων
2393 1842 2827 1917 ἀπηλλαγμένης
2853 1843 3129 1898 ἁπάντων.

2260 1956 2376 2010 Ούκ
2407 1955 2641 2011 ἐνταῦθα
2676 1957 2733 2011 δέ
2760 1958 2949 2027 μόνον,
2985 1956 3121 2011 ἀλλά
3160 1957 3252 2011 καὶ
3307 1955 3537 2028 ἑτέρωθι
3569 1954 3777 2025 δηλῶν,

2189 2048 2288 2101 ὅσα
2322 2047 2560 2119 ἔπασχον
2588 2048 2639 2102 οί
2670 2048 3021 2112 πιστεύοντες
3041 2048 3164 2102 τότε
3198 2048 3348 2101 κακὰ
3375 2045 3529 2118 παρὰ
3554 2045 3662 2100 τῶν
3692 2047 3780 2099 ol-

2190 2139 2355 2193 κείων
2381 2140 2474 2193 καὶ
2495 2138 2777 2208 συγγενῶν
2801 2140 2820 2209 <
2842 2138 2999 2192 τοῦτο
3020 2138 3128 2210 γὰρ
3149 2134 3217 2209 ἦν
3241 2138 3302 2192 τὺ
3324 2135 3775 2208 χαλεπώτατον),

2188 2231 2388 2284 οὑτωσί
2414 2230 2533 2295 πώς
2562 2249 2728 2302 φησιν
2748 2248 2762 2262 ο
2806 2230 3006 2301 ’Υμεῒς
3028 2229 3394 2301 γὰρμιμηταὶ
3424 2227 3775 2298 ἐγενήθητε,

2188 2322 2471 2391 ἀδελφοὶ,
2505 2321 2627 2377 τῶν
2670 2319 3047 2390 Ἐκκλησιῶν
3092 2321 3198 2375 τοῦ
3228 2321 3378 2375 Θεοῦ
3418 2319 3534 2373 τῶν
3560 2317 3776 2373 οὐσῶν

2187 2410 2259 2464 ἐν
2285 2410 2362 2480 τῇ
2423 2410 2692 2479 Ἰουδαίᾳ.
2728 2410 2886 2466 Κατά
2932 2410 2984 2463 τί
3013 2410 3285 2482 μιμηταί;
3318 2410 3439 2463 ’Ότι
3466 2409 3561 2463 καὶ
3598 2408 3780 2477 ὑμεῖς

2189 2502 2261 2557 τὰ
2305 2504 2458 2557 αὐτὰ
2500 2500 2751 2557 ἐπάθετε
2793 2501 2914 2557 ἀπὸ
2962 2500 3083 2555 τῶν
3128 2498 3294 2553 ἰδίων
3327 2497 3777 2570 συμφυλετῶν,

2187 2594 2384 2661 καθὼς
2426 2593 2528 2647 καὶ
2567 2593 2739 2648 αὐτοὶ
2788 2593 2907 2647 ὑπὸ
2947 2592 3068 2647 τῶν
3122 2592 3450 2649 Ἰουδαίων.
3501 2591 3633 2644 Ἰδοὺ
3673 2590 3782 2645 καὶ

2187 2685 2456 2756 πόλεμος,
2487 2683 2626 2739 άλλά
2647 2684 2740 2738 καὶ
2769 2684 3003 2755 πόλεμος
3038 2683 3330 2755 ἐμφύλιος,
3361 2682 3391 2735 ὃ
3422 2680 3589 2753 μείζω
3624 2684 3783 2735 ποιεῖ

2186 2777 2284 2848 τὴν
2305 2776 2519 2847 ὀδύνην.
2555 2778 2625 2830 El
2653 2776 2765 2845 γὰρ
2786 2776 2999 2845 ἐχθρός
3021 2774 3292 2830 ὠνείδισέ
3319 2791 3426 2844 με,
3455 2772 3782 2841 ὑπήνεγκα

2185 2867 2284 2935 ἂν,
2317 2868 2450 2940 φησί
2472 2884 2487 2900 ο
2518 2867 2602 2922 σὺ
2628 2866 2726 2932 δὲ,
2762 2866 3035 2936 ἄνθρωπε
3060 2868 3354 2935 ίσόψυχε,
3383 2864 3618 2935 ἡγεμών
3646 2881 3780 2933 μου

2186 2959 2287 3016 καὶ
2322 2959 2555 3032 γνωστέ
2586 2976 2739 3030 μου·
2769 2960 2907 3030 ὅπερ
2929 2957 3051 3012 τότε
3084 2957 3366 3012 συνέϐαινε
3399 2954 3776 3027 συμϐολικῶς.

2187 3054 2280 3108 Διὸ
2308 3052 2403 3107 καὶ
2432 3051 2635 3123 πολλῆς
2658 3050 2867 3105 ἐδέοντο
2893 3049 2993 3120 τῆς
3022 3048 3441 3121 παρακλήσεως.
3470 3049 3651 3118 Ὅπερ
3677 3046 3779 3101 οὖν

2187 3144 2283 3198 καὶ
2310 3142 2522 3207 Παῦλος
2551 3142 2816 3214 συνορῶν,
2836 3141 2931 3196 καὶ
2957 3141 3085 3205 τοὺς
3107 3141 3201 3195 ὑπ’
3228 3140 3377 3212 αύτῷ
3402 3138 3776 3210 ταττομένους

2189 3235 2402 3307 βλέπων
2439 3235 2748 3306 κάμνοντας
2791 3234 2887 3289 καὶ
2921 3232 3235 3306 ἱδροῦντας,
3268 3230 3666 3304 βαρυνομένους
3690 3231 3777 3301 τῷ

2190 3327 2408 3399 μεγέθει
2453 3327 2563 3381 τῶν
2592 3324 2887 3398 συμφορῶν
2933 3325 3027 3378 καὶ
3054 3327 3175 3390 ταῖς
3209 3323 3532 3394 ἐπαλλήλοις
3562 3321 3777 3375 όδυνω·

2190 3423 2388 3492 μένους
2416 3417 2686 3490 πληγαῖς,
2729 3418 3087 3489 πολυτρόπως
3129 3415 3309 3470 αὐτῶν
3347 3415 3654 3483 διανίστησι
3700 3411 3777 3467 τὰ

2186 3513 2540 3584 φρονήματα,
2589 3510 2685 3565 νῦν
2735 3510 2834 3582 μὲν
2864 3510 3071 3579 λέγων,
3124 3509 3309 3578 Εἴπερ
3330 3508 3565 3562 δίκαιον
3601 3505 3777 3574 παρὰ

2187 3604 2311 3670 Θεῷ
2358 3602 2805 3659 ἀνταποδοῦναι
2836 3600 2962 3668 τοῖς
2993 3601 3308 3656 θλίϐουσιν
3334 3596 3489 3669 ὑμᾶς
3516 3597 3738 3665 θλίψιν
3754 3635 3773 3655 ,

2184 3695 2285 3751 καὶ
2312 3693 2456 3765 ὑμῖν
2483 3693 2608 3760 τοῖς
2640 3691 3015 3763 θλιϐομένοις
3043 3690 3257 3745 ἄνεσιν
3287 3690 3415 3761 μεθ’
3444 3686 3641 3758 ἡμῶν
3671 3687 3773 3739 νῦν

2182 3788 2241 3842 δέ
2278 3787 2452 3857 λέγων
2471 3827 2486 3852 ,
2533 3786 2588 3839 Ὁ
2618 3785 2831 3853 Κύριος
2857 3782 3057 3854 ἐγγὺς,
3074 3781 3271 3853 μηδὲν
3290 3778 3611 3851 μεριμνᾶτε
3629 3798 3640 3805 ·
3675 3780 3774 3832 καὶ

2184 3880 2378 3944 πάλιν,
2442 3877 2541 3945 Μὴ
2597 3875 2941 3943 ἀποϐάλητε
2990 3874 3108 3942 τὴν
3164 3872 3506 3943 παρρησίαν
3556 3870 3771 3940 ὑμῶν’

2187 3971 2498 4043 ὑπομονῆς
2549 3969 2659 4041 γὰρ
2703 3969 2873 4038 ἔχετε
2901 3966 3141 4036 χρείαν,
3168 3966 3271 4019 ἵνα
3305 3963 3371 4018 τὸ
3402 3964 3633 4033 θέλημα
3659 3964 3773 4018 τεῦ

2154 4064 2336 4120 ’Θεοῦ
2390 4062 2757 4131 ποιήσαντες
2770 4102 2786 4127 ,
2831 4059 3168 4128 κομίσησθε
3218 4055 3334 4123 τὴν
3377 4054 3766 4124 ἐπαγγελίαν.

2184 4152 2322 4210 Εἶτα
2366 4154 2502 4227 πρὸς
2535 4153 2636 4224 τὴν
2680 4148 2958 4220 ὑπομονὴν
2992 4147 3232 4216 ἀλείφων
3277 4145 3503 4209 αὐτοὺς,
3543 4144 3778 4210 ἐπάγει·

2188 4250 2319 4303 Ἔτι
2360 4246 2471 4316 γὰρ
2493 4243 2708 4315 μικρὸν
2746 4242 2927 4305 ὅσον,
2961 4241 3145 4305 ὅσον,
3183 4241 3219 4293 ὁ
3245 4238 3568 4307 ἐρχόμενος
3596 4235 3767 4302 ἣξει,

2185 4340 2283 4394 καὶ
2311 4341 2385 4394 οὐ
2415 4334 2663 4408 χρονιεῖ.
2693 4336 2804 4389 Καὶ
2827 4334 3082 4404 καθάπερ
3108 4331 3317 4386 παιδίον
3339 4328 3764 4400 κλαυθμυρίζον,

2182 4430 2533 4500 δυσχεραῖνον
2555 4466 2569 4491 ,
2596 4425 2694 4479 καὶ
2734 4425 2830 4494 τὴν
2874 4422 3088 4494 μητέρα
3138 4418 3436 4489 ἐπιζητοῦν
3477 4418 3769 4489 παρακαθ‹

2182 4518 2384 4592 ήμενός
2409 4534 2493 4581 τις
2524 4513 2928 4586 παραμυθεῖται
2951 4512 3125 4581 λέγων
3141 4549 3157 4575 ,
3177 4514 3258 4568 ὃτι
3274 4514 3393 4567 Ἔτι
3410 4507 3607 4580 μικρὸν
3637 4506 3770 4561 awa-

2185 4626 2387 4684 μεινον,
2430 4608 2524 4662 καὶ
2555 4604 2926 4673 ἀπαντήσεται
2954 4602 3171 4665 πάντως
3199 4601 3474 4674 ήμήτηρ·
3507 4597 3768 4652 οὕτωκαὶ

2182 4701 2395 4763 Παῦλος
2436 4696 2577 4767 ὁρῶν
2621 4693 3181 4764 δυσανασχετοῦντας,
3226 4691 3611 4765 ὀδυρομένους,
3664 4690 3766 4760 τὴν

2181 4789 2485 4863 παρουσίαν
2523 4782 2916 4855 ἐπιζητοῦντας
2951 4782 3048 4836 τοῦ
3092 4782 3329 4853 Χριστοῦ
3359 4782 3485 4844 τοὺς
3514 4781 3638 4834 τότε
3675 4797 3764 4833 πι-

2180 4882 2469 4942 στεύοντας
2504 4876 2594 4931 διὰ
2637 4875 2734 4948 τὴν
2780 4876 3054 4947 ἀφόρητον
3078 4873 3185 4928 τῶν
3215 4871 3400 4929 κακῶν
3429 4870 3760 4939 ἐπαγωγὴν,

2178 4970 2672 5047 παραμυθούμενος
2700 4967 2886 5028 ἔλεγεν
2904 4983 2918 4997 ·
2957 4967 3078 5019 Ἔτι
3099 4964 3316 5034 μικρὸν
3360 4962 3546 5030 ὅσον,
3576 4963 3758 5028 ὅσον,

2177 5068 2211 5121 ό
2243 5064 2572 5135 ἐρχόμενος
2597 5059 2753 5130 ἣξει,
2788 5057 2888 5112 καὶ
2921 5058 2993 5113 οὐ
3031 5055 3271 5128 χρονιεῖ.

2252 5184 2327 5246 ς’.
2360 5178 2485 5232 Ὅτι
2518 5173 2620 5246 μὲν
2652 5168 2746 5227 οῦν
2791 5172 2841 5226 οἱ
2877 5168 3119 5244 μαθηταὶ
3147 5168 3440 5225 ἐθλίϐοντο.
3470 5167 3567 5221 καὶ
3592 5168 3761 5238 μυρία

2177 5272 2413 5342 ἔπασχον
2439 5265 2589 5323 δεινὰ
2607 5306 2623 5333 ,
2671 5266 2767 5321 καὶ
2795 5264 3044 5335 καθάπερ
3067 5263 3126 5315 ἐν
3158 5260 3344 5333 μέσοις
3368 5257 3758 5329 ἐπειλημμένοι

2177 5363 2362 5426 λύκοις
2402 5362 2565 5433 ἄρνες
2583 5399 2599 5423 ,
2644 5356 2788 5412 οὕτω
2834 5354 3099 5411 πάντοθεν
3149 5353 3476 5424 ἠλαύνοντο,
3510 5350 3665 5420 δῆλον
3695 5350 3759 5401 ἐκ

2179 5457 2417 5512 τούτων’
2474 5452 2562 5507 ἵνα
2609 5451 2667 5505 δὲ
2725 5450 2902 5523 μάθῃς
2959 5451 3041 5505 ὅτι
3083 5447 3176 5502 καὶ
3225 5448 3273 5500 οἱ
3320 5443 3629 5498 διδάσκαλοι
3660 5442 3757 5494 οὐκ

2177 5549 2437 5604 ἐλάττονα
2482 5542 2690 5598 τούτων
2706 5582 2721 5608 ,
2753 5542 2892 5597 ἀλλὰ
2918 5542 3013 5595 xal
3038 5538 3220 5609 πολλῷ
3248 5535 3605 5609 χαλεπώτερα
3635 5535 3755 5588 τότε

2177 5642 2446 5713 ὑπέμενον
2489 5638 2634 5710 (ὅσῳ
2658 5635 2766 5708 γὰρ
2797 5634 3060 5711 μειζόνως
3104 5631 3337 5687 ἐλύπουν
3371 5631 3498 5694 τοὺς
3534 5629 3755 5701 ἐχθροὺς

2242 5790 2271 5834 ι
2297 5788 2394 5840 Alii
2416 5784 2575 5845 διόπερ
2598 5784 2706 5849 οὐχ.
