4062 6438
348 375 457 434 295

351 490 644 548 incolumes
683 491 794 560 jam
842 503 938 558 per
986 487 1153 542 otium
1203 499 1262 540 sc
1309 481 1578 538 reficiunt.
1607 479 1945 550 Quapropter

350 598 522 653 neque
563 590 782 651 propter
825 580 1018 634 bonam
1063 576 1275 633 vivendi
1302 574 1563 631 rationem
1593 571 1950 636 extollantur,

349 687 522 743 nume
548 670 933 726 tentationibns
966 667 1242 732 ced:-mus,
1265 681 1438 738 neque
1463 664 1750 721 securitate
1774 662 1956 718 Eccle.

347 767 439 819 sia:
463 772 701 817 nostram
727 761 795 816 ad
825 761 1105 831 segnitiem
1130 758 1419 814 abutamur
1449 774 1462 810 :
1495 756 1625 826 quin
1659 755 1836 826 potius
1859 768 1950 808 :0-

350 854 450 909 brii
484 853 654 909 simus
693 867 756 907 ac
789 852 1092 921 vigilemus.
1119 849 1251 905 Nam
1279 848 1434 904 nobis
1463 861 1678 918 quoque
1699 855 1783 901 est
1809 845 1949 899 lucta

347 944 605 1000 adversus
628 943 838 998 innatas
861 941 1342 1011 concupiscentias.
1372 939 1488 994 Non
1511 939 1794 1009 insurgunt
1815 951 1951 992 eon-

350 1046 428 1090 tra
456 1050 556 1090 nos
585 1033 832 1090 homines
855 1075 871 1100 ,
899 1032 992 1088 sed
1022 1033 1307 1104 insurgunt
1334 1031 1579 1087 carnales
1607 1031 1946 1100 voluptates;

349 1142 457 1181 non
505 1128 819 1196 impugnant
858 1139 957 1180 nos
997 1139 1152 1195 reges
1178 1133 1339 1192 atque
1365 1123 1574 1194 tyranni
1601 1163 1616 1188 ,
1649 1121 1742 1178 sed
1775 1121 1950 1190 impu-

348 1228 478 1290 gnat
517 1219 596 1273 ira
622 1258 637 1282 ,
675 1232 827 1272 vana:
864 1217 1048 1287 gloria:
1092 1216 1322 1286 cupido,
1369 1215 1605 1282 invidia,
1645 1214 1948 1278 aimulatio,

350 1317 510 1378 atque
556 1307 609 1362 id
654 1322 826 1377 genus
865 1307 956 1362 alii
985 1306 1206 1362 allectus
1233 1305 1519 1361 innumeri.
1546 1304 1769 1372 Quando
1794 1305 1952 1376 igitur

350 1400 472 1455 illas
513 1398 838 1454 tentationes
875 1398 1144 1454 evasimus
1164 1440 1180 1466 ,
1226 1412 1294 1454 ne
1320 1398 1388 1453 ab
1414 1398 1498 1452 his
1517 1396 1794 1452 vincamur
1818 1411 1950 1466 ope-

352 1507 468 1546 ram
510 1489 722 1546 demus.
767 1487 892 1545 Ideo
930 1490 1074 1544 enim
1102 1488 1256 1544 vobis
1282 1489 1332 1543 in
1363 1489 1676 1543 memoriam
1704 1486 1949 1542 revocavi

352 1581 496 1636 illius
531 1581 790 1649 temporis
814 1580 1148 1635 calamitates
1173 1621 1188 1644 ,
1218 1589 1275 1634 ut
1302 1594 1443 1634 nunc
1467 1589 1523 1634 et
1544 1579 1633 1649 qui
1660 1577 1914 1647 afﬂigitur
1932 1617 1949 1643 ,

351 1670 598 1726 idoneam
641 1670 768 1726 inde
805 1680 1162 1740 consequatur
1199 1671 1656 1737 consolationem,
1699 1679 1754 1726 et
1779 1670 1869 1740 qui
1895 1669 1947 1724 in

351 1761 637 1816 securitate
689 1761 828 1832 agit,
871 1770 1054 1833 utpote
1102 1778 1208 1816 non
1246 1765 1570 1818 exercitatus
1613 1777 1740 1818 aere
1763 1773 1949 1819 contra

349 1852 609 1907 absurdas
637 1853 986 1924 cogitationes
1011 1865 1280 1910 certamen
1308 1857 1950 1929 suscipiat‘.Propterno-

351 1955 520 2001 stram
557 1947 702 2000 enim
742 1946 1164 2003 admonitionem
1195 1957 1250 2003 et
1272 1950 1692 2004 consolationem
1721 1964 1784 2004 ac
1811 1949 1948 2005 tole-

352 2037 584 2091 rantiam
607 2036 697 2092 illa
725 2039 904 2093 omnia
932 2049 1056 2095 sunt
1075 2042 1277 2110 scripta
1307 2058 1321 2096 :
1348 2057 1467 2112 qua:
1491 2041 1706 2112 quidem
1730 2057 1950 2098 necesse

351 2129 613 2186 habemus
649 2146 790 2186 nunc
829 2132 970 2202 apud
1009 2148 1107 2188 vos
1144 2134 1360 2204 eloqui,
1403 2143 1459 2190 et
1498 2134 1695 2190 docere
1738 2137 1952 2205 quantis

350 2221 764 2280 adversitatibus
791 2224 907 2294 ejus
935 2226 1192 2296 temporis
1211 2226 1395 2282 fideles
1411 2227 1615 2282 obsessi
1629 2227 1823 2282 fuerint
1844 2242 1948 2282 non

349 2313 598 2370 doctores
640 2315 856 2382 solum,
899 2319 1248 2374 verumetiam
1304 2317 1574 2390 discipuli.
1621 2319 1758 2374 Audi
1793 2320 1950 2389 igitur

349 2407 480 2477 quid
526 2408 668 2464 dicat
713 2409 908 2465 Paulus
948 2410 1017 2466 ad
1060 2411 1313 2467 llebrzeos
1358 2412 1602 2468 scribens
1639 2431 1653 2468 :
1702 2412 1950 2468 lllemores

348 2508 511 2556 estote
531 2501 760 2571 priorum
781 2503 998 2570 dierum,
1026 2505 1080 2558 in
1108 2503 1287 2574 quibus
1313 2504 1588 2558 illuminati
1613 2505 1823 2558 multum
1842 2523 1951 2560 cer-

351 2600 522 2646 tamen
545 2594 879 2664 afﬂictionum
895 2596 1204 2650 sustinuistis
1224 2595 1404 2666 (Hebr.
1430 2596 1515 2651 10.
1538 2596 1652 2665 52).
1677 2596 1790 2651 Non
1808 2598 1949 2654 enim

352 2699 452 2753 per
471 2683 635 2741 breve
666 2695 877 2757 tempus
895 2727 911 2754 ,
943 2687 1039 2744 sed
1066 2704 1187 2744 mox
1217 2689 1286 2744 ab
1308 2689 1423 2760 ipso
1448 2690 1668 2746 exordio
1694 2692 1952 2761 prmdica-

352 2777 518 2834 tionis
558 2787 614 2835 et
652 2779 913 2836 doctrinae
951 2781 1353 2838 insurrexerunt
1377 2783 1636 2840 adversus
1657 2800 1751 2840 eos
1774 2793 1951 2841 tenta~

352 2869 562 2935 tiones,
602 2879 659 2926 et
701 2887 826 2926 mox
870 2887 901 2926 a
942 2883 1195 2944 suscepto
1230 2875 1496 2945 baptismo
1525 2877 1776 2946 periculis
1799 2887 1954 2934 erant

351 2959 579 3016 obnoxii
609 2977 622 3015 :
651 2971 708 3016 at
728 2963 1001 3033 quomodo
1024 2965 1149 3020 audi
1176 2983 1190 3018 :
1219 2965 1520 3037 Opprobriis
1546 2978 1594 3023 et
1614 2969 1955 3024 tribulationi-

351 3051 446 3106 bus
469 3053 811 3121 spectaculum
829 3055 952 3124 facti
981 3055 1088 3124 (lb.
1117 3072 1164 3111 u.
1194 3057 1311 3129 35).
1331 3058 1532 3114 Omnes
1559 3061 1702 3114 enim
1724 3060 1956 3130 despue-

353 3140 484 3198 bant
508 3157 636 3212 eos,
666 3147 1010 3203 contumeliis
1047 3147 1387 3217 afﬂciebant,
1435 3150 1778 3216 deridebant,
1811 3153 1953 3208 vitu-

353 3233 649 3302 perabant,
696 3235 870 3292 fatuos
908 3237 1172 3295 vocabant
1219 3255 1282 3295 ac
1312 3240 1619 3299 insensatos
1640 3285 1655 3309 ,
1688 3244 1829 3314 quod
1856 3245 1951 3301 de-

352 3336 501 3380 serta
541 3327 712 3396 patria
752 3329 959 3384 vivendi
1000 3329 1257 3398 formula,
1290 3347 1426 3388 nova
1451 3334 1642 3403 placita
1683 3340 1954 3405 suscepis-

354 3426 500 3473 sent.
539 3419 673 3486 Qua:
709 3420 926 3490 quidem
959 3437 1064 3476 non
1096 3437 1283 3493 parum
1312 3424 1493 3480 valent
1518 3427 1584 3479 ad
1611 3441 1956 3480 commoven-

354 3509 482 3565 dam
521 3511 789 3576 animam,
834 3512 886 3566 ni
929 3511 1063 3568 ﬂdes
1108 3514 1370 3584 profunde
1410 3516 1480 3570 sit
1523 3516 1777 3572 radicata.
1814 3518 1954 3574 Nihil

354 3602 501 3657 enim
540 3619 694 3674 aeque
731 3604 963 3659 animam
997 3605 1239 3671 mordet,
1270 3621 1333 3660 ac
1364 3607 1788 3679 improperium;
1823 3610 1954 3664 nihil

355 3708 512 3762 teque
536 3694 782 3749 tabefaeit
808 3703 1043 3750 mentem
1066 3737 1081 3761 ,
1111 3710 1174 3751 ac
1198 3695 1418 3752 dicteria
1445 3707 1500 3752 et
1524 3698 1764 3754 convicia
1795 3716 1807 3752 :
1833 3715 1954 3754 nam

357 3785 515 3840 multi
550 3785 648 3839 viri
691 3801 786 3856 per
828 3788 1069 3842 convicia
1095 3797 1222 3842 sunt
1247 3804 1390 3858 stepe
1415 3790 1680 3845 subversi.
1712 3791 1836 3846 llzce
1857 3806 1956 3845 au-

359 3888 467 3932 tem
506 3877 696 3948 loquor
722 3895 895 3944 nunc,
930 3890 985 3934 ut
1015 3895 1136 3935 cum
1163 3881 1351 3935 fiducia
1383 3881 1539 3937 lidem
1569 3893 1869 3938 teneamus.
1899 3885 1954 3940 Si

356 3970 503 4025 enim
553 3970 627 4025 illi
680 3973 840 4025 totius
881 3972 1028 4026 orbis
1066 3973 1310 4028 convicio
1349 3988 1455 4028 non
1501 3983 1624 4028 sunt
1674 3975 1956 4044 subversi,

358 4064 530 4119 multo
553 4066 724 4135 magis
748 4075 929 4121 nostra
958 4075 1114 4122 :etate
1143 4067 1275 4122 fides
1303 4082 1494 4138 magna
1525 4069 1848 4125 conﬁdentia
1875 4085 1955 4125 re-

360 4157 579 4213 tinenda
609 4169 692 4213 est
712 4201 726 4223 ,
750 4159 964 4229 quando
997 4169 1140 4215 totus
1166 4160 1312 4216 orbis
1336 4163 1402 4216 ad
1428 4171 1636 4216 nostras
1664 4173 1846 4233 partes
1872 4179 1961 4220 ac-

359 4249 542 4303 cessit.
573 4249 724 4316 Quod
751 4263 929 4306 autem
963 4252 1036 4306 illi
1068 4267 1172 4306 non
1203 4251 1340 4306 intra
1372 4254 1667 4310 calumnias
1687 4263 1888 4310 tantum
1907 4265 1961 4311 et

359 4340 646 4409 opprobria
676 4342 1026 4413 Conviciaque
1047 4343 1356 4412 patientiam
1379 4347 1696 4400 retinnerint
1716 4389 1729 4410 ,
1754 4347 1847 4401 sed
1874 4348 1958 4402 illa

360 4445 485 4484 eum
515 4432 706 4501 gaudio
730 4435 1094 4499 toleraverint,
1127 4435 1249 4490 audi
1272 4452 1392 4506 qurc
1411 4447 1729 4507 sequuntur.
1761 4437 1894 4493 Nam
1915 4449 1960 4493 et

361 4523 725 4593 direptionem,
771 4525 941 4594 inquit
960 4568 972 4586 ,
1005 4526 1303 4595 facultatum
1333 4537 1608 4581 vestrarum
1633 4546 1747 4582 cum
1773 4531 1960 4598 gaudio

364 4617 640 4687 pertulistis
669 4616 775 4690 (lb.
803 4633 831 4671 υ
883 4618 994 4691 δι).
1026 4617 1192 4674 Vides
1219 4618 1361 4689 quod
1383 4628 1436 4674 et
1463 4621 1599 4675 bona
1622 4636 1807 4676 eorum
1827 4637 1960 4677 eon-

366 4708 692 4764 iiscabantur
732 4710 860 4766 olim
887 4751 901 4775 ,
943 4721 996 4767 et
1030 4702 1282 4767 omnibus
1313 4711 1364 4766 in
1395 4711 1630 4782 praedam
1657 4721 1840 4778 erant,
1870 4715 1959 4784 qui

365 4813 459 4854 eos
485 4799 679 4854 laedere
700 4812 980 4870 cuperent.
1017 4804 1188 4872 Atque
1222 4803 1334 4856 hate
1363 4803 1576 4872 quidem
1611 4805 1673 4858 ad
1709 4805 1962 4861 llebrazus

363 4891 570 4946 scribit.

438 4983 493 5038 5.
555 4984 630 5039 De
693 4984 1262 5040 Thessalonicensibus
1329 5001 1457 5039 vero
1531 5001 1740 5040 rursum
1811 4985 1959 5041 aliud

361 5073 618 5146 quiddam
679 5077 783 5131 tale
846 5085 1132 5130 testatur:
1195 5074 1295 5130 Vos
1341 5079 1513 5138 etaim,
1579 5077 1784 5146 inquit,
1842 5078 1960 5130 imi-

365 5176 553 5221 tatores
605 5165 730 5236 facti
773 5167 891 5224 estis
948 5165 1156 5221 Domini
1203 5183 1262 5220 ac
1309 5168 1490 5233 nostri,
1545 5169 1633 5236 qui
1677 5169 1964 5238 suscepistis

361 5273 648 5321 sermonem
673 5258 808 5314 [utne
833 5260 887 5311 in
909 5257 1229 5314 tribulatione
1253 5275 1438 5329 magna
1481 5257 1558 5331 (Ι.
1589 5257 1766 5314 Thess.
1797 5261 1847 5316 l.
1881 5261 1959 5329 li).

367 5349 504 5408 Vide
536 5349 697 5413 etiam
749 5350 851 5412 hos
903 5349 1102 5420 aﬂligi,
1151 5366 1326 5420 neque
1370 5349 1420 5406 id
1467 5351 1814 5420 simpliciter,
1869 5353 1964 5408 sed

363 5440 663 5503 afﬂictione
711 5457 922 5512 magna.
982 5442 1288 5506 Vehemens
1338 5446 1593 5508 tentatio,
1651 5445 1963 5502 continuum

365 5535 666 5606 periculum
711 5551 814 5590 nec
861 5535 1137 5597 minimam
1185 5536 1402 5607 quidem
1453 5537 1754 5607 reSpirandi
1795 5535 1964 5592 facul.

364 5637 537 5684 tatem
582 5627 911 5684 concedebat
953 5627 1065 5695 eis,
1121 5628 1210 5699 qui
1268 5635 1396 5682 tunc
1439 5629 1695 5696 temporis
1747 5627 1800 5684 in
1847 5643 1966 5684 cer-

365 5720 573 5780 tamine
626 5730 800 5775 erant.
843 5721 1092 5775 Attamen
1145 5735 1266 5774 cum
1321 5719 1438 5773 hare
1483 5719 1808 5784 tolerarent,
1861 5736 1965 5776 non

373 5815 562 5884 inique
596 5813 859 5878 ferebant,
915 5829 1085 5884 neque
1130 5815 1364 5868 animum
1405 5811 1826 5883 despondcbant,
1861 5814 1967 5867 imo

880 376 972 432 DE
1000 371 1250 432 VERBIS
1290 365 1644 434 APOS'I'OLI,
1686 361 2047 421 HABENTES
2083 357 2382 419 EUMDEM
2419 357 2764 416 SPIRITUM.
2811 354 2896 415 Ill.

3541 367 3650 421 ΞΜ

2059 472 2362 544 gaudebant
2411 473 2595 529 etiam.
2663 470 2818 529 Unde
2864 472 2965 527 hoe
3021 473 3289 544 apparet?
3345 472 3422 529 Ex
3474 477 3648 532 verbis

2061 566 2229 638 ipsius
2269 565 2438 621 Pauli.
2474 564 2573 620 Ubi
2607 565 2750 619 enim
2781 565 2920 619 dixit
2952 581 2964 616 :
2997 562 3061 618 In
3097 564 3417 619 tribulatione
3445 585 3650 640 magna,

2058 659 2280 725 addidit,
2299 658 2424 714 Cum
2444 658 2630 730 gaudio
2653 657 2877 727 Spiritus
2897 661 3056 710 sancti
3073 659 3122 727 (l
3138 697 3150 708 .
3175 655 3353 711 Thess.
3380 659 3427 712 l.
3447 658 3500 718 6i
3518 697 3533 719 ,
3549 664 3652 713 sci-

2059 750 2180 806 licet
2207 751 2430 806 tentatio
2453 749 2688 820 pariebat
2731 748 3096 815 afﬂictionem,
3134 748 3436 817 gaudebant
3476 758 3652 805 tamen

2059 852 2368 914 reputantes
2395 859 2560 914 quare
2591 851 2942 898 tentarentnr.
2973 840 3166 895 Idonea
3197 842 3338 895 enim
3377 851 3492 896 erat
3521 858 3652 898 con-

2057 939 2278 1004 solatio,
2310 937 2450 1008 quod
2471 937 2670 992 conscii
2697 947 2876 991 essent
2900 945 3114 1006 promer
3147 935 3416 991 Christum
3453 952 3512 992 se
3540 939 3656 994 haec

2059 1031 2187 1099 pati.
2211 1041 2535 1101 quapropter
2573 1047 2677 1085 non
2723 1042 2826 1085 tam
2869 1030 3104 1084 demiror
3130 1029 3271 1100 quod
3300 1030 3389 1084 illo
3416 1039 3656 1102 tempore

2057 1122 2458 1193 afﬂigerentur,
2507 1141 2666 1194 quam
2724 1124 2866 1194 quod
2914 1123 3075 1193 afﬂigi
3117 1139 3176 1179 se
3219 1133 3438 1194 propter
3485 1125 3653 1180 Deum

2059 1213 2382 1269 tutarentur.
2438 1217 2548 1270 Hoc
2591 1217 2730 1271 enim
2781 1231 3059 1286 generosae
3100 1231 3162 1270 ac
3215 1216 3384 1271 Deum
3420 1218 3652 1272 amantis

2057 1307 2250 1360 animae
2292 1307 2529 1363 officium
2582 1318 2684 1376 est,
2732 1309 2983 1363 nimirum
3031 1308 3350 1364 afﬂictiones
3377 1318 3431 1363 et
3458 1309 3652 1366 adver-

2055 1397 2242 1454 sitates
2269 1397 2424 1454 ferre.
2446 1401 2708 1456 Carterum
2735 1415 2996 1471 generose
3025 1401 3253 1457 tolerare
3279 1402 3650 1467 tentationem,

2056 1500 2218 1561 atque
2271 1493 2490 1563 insuper
2522 1494 2724 1564 gratias
2767 1509 2928 1566 agere
2978 1494 3050 1559 ei,
3099 1493 3189 1564 qui
3221 1509 3279 1548 se
3308 1495 3499 1548 tentari
3528 1509 3652 1564 per-

2058 1583 2239 1648 mittit,
2291 1583 2342 1638 id
2397 1585 2610 1640 demum
2660 1599 2886 1638 summae
2936 1583 3262 1638 fortitudinis
3297 1593 3400 1648 est,
3431 1585 3652 1639 animai-

2056 1691 2158 1744 que
2191 1676 2472 1745 vigilantis,
2520 1687 2575 1732 et
2621 1692 2740 1747 quze
2786 1677 3038 1731 omnibus
3075 1676 3326 1730 humanis
3371 1675 3654 1732 affectibus

2055 1769 2123 1822 sit
2166 1770 2428 1838 superior.

2126 1859 2169 1913 Α
2237 1860 2576 1930 familiaribus
2629 1871 2676 1914 et
2740 1860 3035 1930 prapinquis
3111 1861 3278 1914 vexati
3348 1861 3644 1914 Christiani.

2054 1949 2260 2005 ——Nec
2299 1950 2385 2006 hic
2442 1960 2689 2015 tantum,
2761 1952 2857 2006 sed
2911 1961 2962 2006 et
3011 1951 3136 2004 alibi
3200 1949 3403 2005 docens
3461 1962 3654 2020 quanta

2057 2042 2194 2096 mala
2229 2052 2538 2112 paterentur
2566 2043 2684 2113 ejus
2713 2045 2968 2114 temporis
3001 2043 3188 2099 fideles
3226 2059 3256 2098 a
3309 2042 3656 2099 familiaribus

2057 2148 2118 2186 ac
2159 2135 2470 2204 propinquis
2507 2137 2632 2206 (hoc
2661 2136 2803 2191 enim
2832 2147 2946 2190 erat
2974 2135 3393 2206 gravissimum),
3428 2137 3480 2190 in
3513 2137 3654 2192 hunc

2056 2223 2274 2278 modum
2305 2225 2542 2294 loquitur
2575 2245 2593 2281 :
2630 2224 2732 2280 Vos
2773 2227 3050 2280 imitatores
3098 2227 3268 2298 fuistis
3312 2225 3654 2281 Ecclesiarmn

2057 2311 2183 2380 Dei,
2251 2331 2364 2384 qua:
2409 2326 2524 2370 sunt
2575 2318 2628 2370 in
2673 2316 2879 2371 Judtca.
2949 2316 3064 2383 Qua
3113 2317 3164 2372 in
3213 2332 3272 2372 re
3324 2317 3654 2373 imitatores?

2058 2407 2309 2470 Quoniam
2354 2417 2400 2461 et
2448 2424 2532 2462 vos
2574 2408 2750 2462 eadem
2797 2409 2915 2462 estis
2941 2409 3164 2478 perpessi
3212 2425 3244 2461 a
3289 2413 3508 2480 prapriis
3531 2425 3653 2462 con-

2055 2498 2318 2552 tribulibus
2347 2539 2363 2564 ,
2424 2500 2552 2554 sicut
2603 2511 2650 2554 et
2693 2501 2772 2554 illi
2813 2517 2846 2553 a
2897 2499 3097 2555 ludatis
3161 2500 3345 2574 (Ibid.
3397 2504 3452 2558 2.
3521 2506 3651 2575 Η).

2058 2591 2202 2647 Ecce
2253 2592 2484 2657 bellum,
2540 2593 2635 2648 sed
2691 2592 2886 2648 bellum
2945 2594 3135 2658 civile,
3192 2595 3336 2664 quod
3398 2596 3654 2666 majorem

2058 2683 2182 2740 facit
2223 2685 2662 2754 indignationem.
2725 2684 2788 2739 Si
2833 2691 2966 2738 enim
3020 2686 3256 2741 inimicus
3304 2688 3655 2757 exprobrasset

2057 2777 2201 2843 mihi,
2226 2778 2413 2848 inquit,
2447 2779 2794 2833 sustinuissent
2826 2779 3015 2848 utique.
3050 2778 3125 2832 Tu
3160 2796 3295 2843 vero,
3345 2782 3495 2834 homo
3527 2799 3653 2835 uua-

2059 2871 2228 2937 nimis,
2286 2870 2392 2924 dua:
2421 2888 2559 2925 meus
2601 2882 2646 2925 ct
2693 2881 2842 2925 notus
2881 2888 3018 2925 meus
3043 2870 3264 2943 (Psalm.
3305 2874 3393 2928 54.
3426 2875 3510 2929 15.
3540 2875 3654 2946 li);

2060 2959 2110 3013 id
2179 2961 2319 3030 quod
2389 2973 2497 3014 tum
2564 2961 2616 3016 in
2691 2961 2857 3032 figura
2915 2963 3278 3032 contingebat.
3323 2964 3657 3036 Quapropter

2059 3052 2225 3106 multa
2274 3068 2409 3122 opus
2468 3051 2734 3108 habebant
2797 3054 3184 3110 consolatione.
3237 3055 3389 3124 Quod
3444 3057 3656 3127 quidem

2065 3145 2257 3200 Paulus
2310 3161 2433 3200 cum
2477 3146 2713 3213 videret,
2764 3161 2966 3217 eosque
3012 3148 3102 3218 qui
3152 3147 3218 3202 ad
3267 3165 3418 3204 suam
3473 3166 3654 3204 curam

2062 3238 2400 3309 pertinebant
2474 3238 2720 3294 laborare
2787 3254 2850 3294 ac
2913 3239 3108 3294 sudare
3170 3240 3656 3303 animadverteret,

2060 3329 2201 3399 quod
2263 3329 2471 3398 magnis
2526 3331 2919 3385 calamitatibus
2972 3341 3344 3400 gravarentur,
3415 3342 3470 3387 et
3526 3334 3657 3388 alias

2061 3436 2221 3491 super
2262 3422 2393 3475 alias
2449 3421 2630 3490 plagas
2685 3437 2830 3492 mgre
2871 3423 3236 3489 sustinerent,
3307 3425 3427 3480 vide
3496 3442 3654 3495 quam

2063 3513 2224 3566 variis
2271 3511 2444 3566 modis
2487 3514 2698 3567 animos
2743 3528 2930 3568 eorum
2981 3515 3211 3578 excitet,
3257 3531 3397 3570 nune
3441 3517 3655 3586 quidem

2063 3603 2148 3658 his
2185 3603 2361 3658 verbis
2415 3622 2429 3658 :
2487 3605 2550 3659 Si
2597 3605 2800 3675 quidem
2843 3607 3034 3673 instant
3074 3617 3146 3661 est
3190 3608 3332 3678 apud
3381 3607 3541 3662 Deum
3589 3626 3660 3662 re-

2063 3693 2278 3748 tribuere
2320 3694 2676 3750 tribulantibus
2722 3710 2809 3749 vos
2850 3697 3246 3762 tribulationem,
3293 3708 3341 3752 et
3386 3699 3520 3754 vobis
3572 3703 3659 3770 qui

2063 3783 2392 3850 tribulnmini,
2454 3786 2676 3854 requiem
2747 3785 3006 3839 nobiseum
3063 3785 3137 3857 (Ξ.
3181 3786 3360 3841 Thess.
3395 3789 3444 3842 l.
3478 3788 3533 3843 6.
3563 3791 3654 3860 7):

2064 3892 2206 3932 nunc
2254 3892 2380 3932 vero
2427 3877 2508 3930 Itis
2552 3895 2566 3932 :
2607 3876 2857 3930 Dominus
2897 3895 3054 3948 prope
3098 3888 3213 3942 est,
3263 3879 3390 3932 nihil
3447 3881 3655 3934 solliciti

2062 3970 2172 4024 sitis
2222 3968 2477 4040 (Philipp.
2511 3971 2564 4024 4.
2609 3971 2662 4026 5.
2705 3971 2779 4039 6).
2813 3973 2890 4024 Ac
2927 3987 3161 4034 t‘ttrsllm,
3214 3970 3390 4026 Nolite
3432 3973 3659 4029 amittere

2063 4061 2420 4131 conﬁdentiam
2471 4072 2688 4116 vestram
2716 4079 2734 4117 :
2767 4080 2887 4117 nam
2921 4064 3166 4134 patientia
3196 4077 3323 4134 opus
3352 4066 3561 4134 habetis,
3608 4081 3660 4122 ut

2070 4154 2161 4207 Dei
2231 4155 2537 4209 voluntatem
2608 4157 2879 4228 facientes,
2952 4160 3217 4228 reportetis
3279 4162 3660 4229 promissionem

2064 4247 2254 4316 (Hebr.
2308 4248 2395 4304 10.
2437 4250 2526 4304 53.
2579 4247 2691 4320 56).
2726 4250 2926 4304 Deinde
2964 4250 3030 4304 ad
3070 4252 3378 4320 patientiam
3410 4269 3501 4308 eos
3525 4269 3659 4309 con-
3736 4319 3739 4322 _

2067 4337 2288 4392 firmans
2313 4338 2577 4394 Sttbittfert
2607 4356 2622 4393 :
2651 4338 2831 4393 Adhuc
2861 4340 2993 4393 enim
3024 4342 3274 4394 modicum
3292 4343 3660 4407 aliquantulum

2065 4432 2152 4501 qui
2199 4442 2436 4486 venturus
2482 4441 2552 4486 est
2605 4433 2784 4498 veniet,
2811 4444 2856 4486 et
2886 4449 2985 4485 non
3019 4433 3238 4485 tardabit
3279 4432 3438 4503 (Ibid.
3464 4450 3510 4487 υ.
3541 4435 3656 4506 37).

2065 4522 2214 4578 Sicut
2281 4523 2562 4592 puerulum
2638 4523 2973 4592 plorantem,
3061 4524 3285 4578 moleste
3364 4528 3657 4590 ferentem,

2069 4625 2398 4682 matremque
2446 4629 2595 4668 suam
2649 4615 3030 4684 requirentem,
3076 4614 3318 4672 assidens
3357 4617 3547 4688 aliquis
3585 4620 3663 4676 sic

2067 4703 2374 4758 consolatur
2418 4721 2430 4757 :
2479 4704 2755 4774 Paulisper
2803 4704 2981 4758 adhuc
3022 4716 3298 4775 exspecta,
3347 4717 3402 4762 et
3443 4709 3663 4763 omnino

2071 4805 2156 4848 tua
2207 4803 2378 4849 mater
2431 4794 2604 4849 aderit
2653 4812 2667 4848 :
2721 4794 2790 4849 ita
2827 4795 2986 4850 etiam
3037 4796 3250 4861 Paulus,
3300 4799 3487 4853 videns
3522 4815 3665 4870 :egro

1989 4929 2018 4938 .-
2071 4887 2324 4952 ferentes,
2380 4895 2811 4955 conquerentes,
2869 4886 3156 4942 adventum
3216 4889 3413 4944 Christi
3479 4899 3659 4958 re,ntv

2069 4991 2249 5035 rentes
2298 4980 2414 5049 ejus
2469 4981 2724 5048 temporis
2775 4980 2961 5035 fideles
3007 4993 3226 5051 propter
3271 4983 3658 5038 intolerabilem

2071 5073 2329 5124 malorum
2378 5073 2508 5134 vim,
2555 5072 2929 5126 consolaturus
2985 5073 3106 5127 illos
3153 5073 3282 5128 dicit
3311 5093 3324 5129 :
3353 5075 3531 5128 Adhuc
3555 5091 3662 5127 mo-

2071 5163 2238 5216 dicunt
2267 5164 2638 5234 aliquantulum
2665 5165 2752 5235 qui
2781 5176 3017 5221 venturus
3041 5175 3112 5220 est
3139 5167 3318 5234 veniet,
3359 5177 3404 5224 et
3433 5184 3532 5220 non
3564 5176 3668 5226 tar-

2069 5255 2227 5311 dabit.

2146 5351 2200 5407 6.
2246 5350 2491 5407 Doctores
2537 5351 2644 5423 ipsi
2695 5352 2898 5422 gravius
2942 5349 3142 5421 afﬂicti.
3185 5378 3252 5388 --
3296 5347 3476 5416 Itaque
3524 5349 3666 5416 quod

2073 5446 2317 5516 discipuli
2361 5445 2744 5516 afﬂigerentur,
2789 5454 2843 5498 et
2888 5442 3112 5512 plurima
3160 5440 3295 5493 mala
3336 5447 3659 5507 paterentur,

2081 5548 2136 5591 et
2188 5539 2325 5593 sicut
2379 5538 2501 5607 agni
2559 5537 2611 5590 in
2673 5535 2852 5589 medio
2903 5533 3146 5601 luporum
3203 5531 3435 5600 undique
3487 5545 3663 5599 perse~

2081 5630 2394 5700 quutionem
2439 5629 2784 5688 sustinerent,
2832 5639 2930 5693 per
2979 5623 3092 5678 lia-c
3133 5623 3264 5677 satis
3305 5631 3556 5692 apparet;
3611 5641 3671 5683 ιιι

2083 5732 2258 5775 autem
2321 5719 2537 5784 sciatis,
2583 5719 2742 5772 etiam
2794 5716 3042 5771 doctores
3102 5731 3206 5769 non
3268 5715 3505 5776 minoia,
3569 5712 3674 5765 imo

2087 5827 2217 5868 vero
2268 5810 2435 5865 multo
2481 5810 2726 5881 graviora
2784 5809 3102 5865 sustinuisse
3147 5807 3306 5879 (nam
3357 5821 3458 5877 quo
3503 5803 3674 5872 magis

453 5975 474 6003 θ
507 5969 628 6025 Ytde
658 5969 788 6021 hunc
817 5969 978 6020 locum
1003 5968 1232 6025 secundis
1260 5969 1391 6024 curis
1415 5977 1732 6024 retractatum
1761 5969 1807 6028 in
1841 5973 1889 6020 l‘t
1908 5972 2028 6019 alat.
2063 5968 2205 6028 hujus
2234 5967 2368 6024 tomi,
2394 5967 2487 6018 col.
2516 5967 2591 6022 tl.

2903 6029 2939 6052 ἢ
