4062 6432
463 371 566 426 293

465 484 714 539 inimicos
737 480 980 536 veritatis
1008 477 1411 539 contristabant,
1442 489 1507 530 eo
1537 472 1703 543 magis
1731 479 1786 526 et
1818 485 1846 524 a
1879 469 2046 540 pluri-

467 580 568 634 bus
625 568 1089 641 infestabantur).
1155 570 1254 622 hoc
1298 579 1508 636 quoque
1567 563 1636 617 ab
1680 561 1906 626 eodem,
1962 559 2052 631 qui

465 666 749 736 superiora
799 675 898 716 nos
952 660 1163 723 docuit,
1214 657 1512 712 audiemus.
1561 654 1851 710 Corinthiis
1911 655 2052 707 enim

465 758 728 823 scribens,
769 755 846 809 sic
892 753 1124 822 loquitur
1153 767 1166 802 :
1203 749 1412 804 Nemini
1440 747 1618 801 dantes
1640 746 1798 800 ullam
1827 745 2054 799 occasio-

470 867 604 915 nem,
653 857 708 901 ut
756 863 856 900 non
899 845 1209 914 vituperetur
1250 841 1581 894 ministerium
1632 849 1855 892 nostrum
1903 852 1921 891 :
1968 836 2055 889 sed

467 943 517 992 in
552 936 782 991 omnibus
829 934 1114 989 exhibentes
1164 931 1524 1002 nosmetipsos,
1577 930 1704 984 sicut
1744 927 1842 981 Dei
1903 926 2054 979 mini-

465 1041 595 1084 stros
614 1069 630 1095 ,
654 1029 706 1082 in
737 1029 896 1082 multa
925 1027 1186 1097 patientia,
1218 1027 1268 1077 in
1300 1022 1680 1094 afflictionibus,
1713 1024 1764 1074 in
1788 1020 2056 1073 necessita—

467 1121 627 1187 tibus,
656 1121 711 1174 in
735 1119 1002 1190 angustiis,
1030 1117 1084 1170 in
1115 1115 1298 1186 plagis,
1321 1115 1372 1167 in
1398 1112 1700 1178 carceribus,
1723 1114 1775 1165 in
1801 1110 2058 1164 siditioni-

463 1213 577 1276 bus,
599 1211 650 1264 in
673 1209 948 1274 laboribus,
975 1208 1027 1261 in
1052 1207 1254 1277 vigiliis,
1285 1205 1335 1258 in
1353 1205 1569 1274 jejuniis
1598 1203 1673 1272 (2.
1696 1202 1812 1257 Cor.
1834 1201 1884 1256 6.
1907 1202 2050 1269 5-5).

470 1301 715 1357 Vidistin’
763 1311 892 1370 quot
939 1298 1232 1353 certamina
1277 1295 1689 1356 enumeraverit,
1730 1307 1889 1362 quam
1935 1306 2055 1344 cre-

467 1393 590 1447 bras
619 1391 976 1447 tentationes?
1025 1389 1254 1442 Rursum
1285 1385 1488 1442 eisdem
1513 1384 1778 1448 scribens,
1836 1381 2056 1436 Ministri

463 1487 654 1543 Christi
690 1493 829 1549 sunt,
873 1483 1064 1552 inquit,
1109 1489 1159 1533 ut
1202 1480 1365 1533 minus
1403 1478 1606 1547 sapiens
1635 1476 1771 1543 dico,
1820 1475 1932 1543 plus
1966 1488 2056 1542 ego

471 1580 546 1651 (2.
575 1578 694 1634 Cor.
726 1577 812 1632 ll.
843 1577 958 1647 23).
1010 1573 1212 1628 Deinde
1265 1573 1448 1626 volens
1495 1570 1650 1625 nobis
1697 1568 2053 1639 persuadere,

466 1672 638 1726 multo
665 1668 1001 1739 praestantius
1031 1681 1150 1720 esse
1178 1673 1392 1734 propter
1413 1661 1684 1715 Christum
1709 1657 1870 1727 afﬂigi
1899 1673 2056 1727 quam

469 1762 707 1835 prodigia
739 1760 935 1822 facere,
965 1769 1014 1813 et
1041 1757 1408 1828 probationem
1435 1753 1680 1808 adferens
1707 1750 2054 1821 apostolatus,

467 1854 863 1923 ostendensque
912 1867 974 1905 se
1020 1847 1408 1921 prtelereudum
1461 1860 1582 1900 esse
1626 1844 1764 1909 aliis,
1798 1860 1901 1896 non
1931 1859 2059 1910 apo-

468 1944 646 2009 stolis,
690 1943 788 1998 sed
839 1939 1353 2012 pseudo-apostolis,
1404 1954 1510 1992 non
1546 1952 1577 1991 a
1636 1935 1903 1990 miraculis
1966 1950 2060 2003 per

470 2051 530 2091 se
572 2033 730 2090 editis
781 2039 1219 2103 argumentatur,
1289 2029 1382 2083 sed
1425 2043 1454 2081 a
1501 2026 1768 2082 continuis
1812 2025 2058 2095 periculis

468 2129 524 2185 in
568 2129 760 2200 quibus
815 2125 1145 2189 versabatur,
1193 2125 1242 2178 in
1293 2123 1434 2178 hunc
1485 2121 1700 2177 modmn
1755 2123 1994 2177 scribens
2041 2136 2058 2174 :

471 2222 536 2277 In
591 2219 843 2276 laboribus
885 2217 1159 2288 copiosius,
1203 2218 1254 2272 in
1293 2215 1574 2270 verberibus
1623 2233 1779 2284 supra
1831 2215 2054 2278 modum,

468 2313 521 2366 in
573 2311 858 2366 carceribus
904 2310 1270 2374 abundantius,
1321 2309 1374 2362 in
1428 2309 1671 2362 mortibus
1725 2312 2008 2378 frequenter
2037 2321 2056 2360 :

463 2421 499 2458 α
546 2403 746 2458 Judwis
795 2403 1057 2473 quinquies
1104 2401 1455 2472 quadragenas
1504 2417 1606 2453 una
1653 2401 1820 2452 minus
1863 2399 2052 2468 accepi,

467 2507 542 2551 ter
584 2495 737 2567 virgis
789 2508 947 2549 ca'sus
993 2510 1124 2559 sum,
1174 2492 1328 2547 semel
1355 2492 1614 2560 lapidatus
1640 2508 1773 2558 smn,
1820 2501 1894 2545 ter
1923 2507 2054 2543 nau-

465 2591 688 2661 fragium
738 2587 853 2660 feci,
898 2597 1043 2641 nocte
1095 2601 1156 2640 ac
1205 2585 1288 2639 die
1329 2585 1382 2638 in
1436 2585 1690 2656 profundo
1729 2586 1807 2656 egi
1835 2600 1853 2638 :
1881 2585 1931 2638 in
1975 2585 2056 2638 iti-

462 2683 667 2738 neribus
709 2696 865 2750 stupe,
907 2679 959 2734 in
1009 2678 1246 2750 periculis
1281 2677 1574 2747 fluminum,
1624 2677 1858 2747 periculis
1899 2677 2059 2730 latro-

465 2789 586 2828 num
614 2815 629 2840 ,
703 2771 941 2842 periculis
996 2786 1059 2824 ea:
1108 2785 1318 2841 genere,
1387 2768 1626 2838 periculis
1679 2784 1742 2823 ex
1785 2767 2054 2838 gentibus,

464 2864 700 2934 periculis
745 2865 798 2916 in
834 2863 1072 2927 civitate,
1129 2858 1368 2931 periculis
1414 2859 1466 2912 in
1518 2859 1715 2914 deserto
1743 2901 1756 2925 ,
1820 2859 2058 2928 periculis

463 2958 516 3009 in
562 2955 732 3022 mari,
774 2955 1009 3024 periculis
1051 2953 1107 3007 in
1165 2953 1310 3022 falsis
1353 2951 1596 3022 fratribus
1644 2966 1663 3004 :
1707 2953 1760 3004 in
1801 2951 1972 3005 labore
2009 2959 2057 3004 ct

467 3047 722 3111 molestia,
777 3047 832 3100 in
884 3045 1072 3115 vigiliis
1119 3060 1294 3114 sa’pe,
1351 3045 1404 3096 in
1457 3046 1592 3114 fante
1641 3052 1687 3095 et
1728 3043 1830 3105 siti,
1861 3043 1914 3096 in
1958 3043 2054 3114 fri-

463 3153 584 3208 gore
626 3146 673 3189 et
737 3135 997 3201 nuditate,
1051 3144 1232 3204 prieter
1278 3131 1372 3186 illa
1419 3149 1531 3201 qum
1582 3133 1890 3186 extrinsecus
1936 3142 2056 3186 sunt

464 3226 595 3296 (Ib.
632 3226 700 3279 ad
746 3241 792 3280 υ.
833 3225 906 3281 28
929 3232 970 3297 ).
1020 3223 1083 3278 lli
1141 3231 1264 3276 sunt
1312 3222 1421 3276 veri
1483 3222 1810 3292 apostolatus
1865 3224 2054 3278 chara-

459 3324 653 3376 cteres.
689 3313 932 3386 Prodigia
956 3313 1216 3384 siquidem
1253 3321 1307 3368 et
1333 3313 1423 3367 alii
1465 3327 1608 3380 smpe
1635 3312 1912 3380 fecerunt,
1957 3329 2053 3368 nec

462 3411 542 3465 eis
580 3407 771 3463 fecisse
811 3405 1030 3476 proluit,
1081 3403 1178 3460 sed
1221 3413 1340 3475 post
1383 3404 1562 3459 omnia
1598 3405 1683 3459 illa
1714 3405 2052 3469 audiverunt,

461 3497 733 3563 Recedite,
805 3513 906 3550 non
950 3497 1064 3551 novi
1114 3513 1199 3550 vos
1257 3497 1342 3567 qui
1396 3495 1680 3564 operamini
1741 3495 2055 3565 iniquitatem

462 3588 678 3662 (Matth.
730 3589 786 3642 7.
829 3587 925 3658 23)
957 3605 970 3640 :
1003 3603 1164 3642 nemo
1191 3602 1317 3642 vero
1349 3603 1534 3641 eorum
1577 3586 1668 3657 qui
1705 3587 1892 3642 eadem
1934 3604 2054 3658 qua:

462 3680 658 3736 Paulus
683 3694 1106 3735 commemorare
1135 3689 1380 3750 possunt,
1411 3694 1596 3734 vocem
1629 3679 1772 3734 illam
1803 3696 2051 3749 tuuquam

455 3781 544 3826 est
589 3771 867 3826 auditurus
913 3789 928 3825 :
979 3787 1163 3826 verum
1215 3785 1337 3825 cum
1385 3785 1574 3840 magna
1624 3769 1814 3824 ﬁducia
1860 3771 2050 3825 ca-lum

456 3863 819 3931 conscendet,
887 3862 1148 3934 bonisque
1201 3861 1502 3918 ca'lcstibus
1565 3863 1870 3932 perfruetur
1929 3863 2050 3917 uni-

456 3971 646 4012 νει-διε.

529 4047 582 4098 7.
625 4045 876 4099 Fortasse
919 4043 1180 4113 prolixior
1224 4044 1366 4098 visus
1414 4051 1498 4098 est
1541 4043 1692 4098 vobis
1732 4060 1909 4100 sermo
1954 4060 2051 4100 no-

455 4146 569 4192 ster
615 4151 628 4187 :
677 4134 768 4188 sed
809 4149 877 4187 ne
918 4133 1036 4188 sitis
1077 4132 1327 4198 solliciti;
1369 4148 1475 4188 non
1515 4149 1632 4189 sum
1679 4135 1878 4190 oblitus
1924 4152 2047 4206 pro-

457 4225 747 4291 missionis,
789 4223 882 4278 sed
925 4224 1101 4278 statim
1136 4223 1204 4277 ad
1250 4224 1393 4278 illam
1431 4233 1690 4278 revertar.
1722 4224 1846 4280 liae
1870 4238 2047 4281 autem

457 4335 562 4374 non
629 4325 830 4373 temere
881 4315 1107 4386 longiori
1156 4315 1400 4372 oratione
1458 4319 1766 4387 proseqnuti
1827 4334 2045 4386 sumus,

454 4410 547 4466 sed
588 4420 645 4464 ut
675 4409 947 4480 prolixiori
977 4408 1260 4462 verborum
1305 4416 1562 4480 apparatu
1597 4410 1791 4464 certius
1831 4425 1895 4465 ac
1934 4413 2048 4466 cla-

453 4503 564 4557 rius
617 4500 914 4556 doctrinam
969 4509 1208 4554 nostram
1260 4499 1712 4570 approbaremus,
1783 4503 2048 4576 simulque

453 4591 770 4647 alllietorum
833 4591 1040 4646 animas
1101 4592 1532 4656 consolaremur,
1587 4601 1645 4644 ut
1694 4604 1952 4664 quotquot
1992 4595 2044 4648 in

454 4685 701 4755 periculis
748 4695 1025 4740 versantur
1065 4693 1121 4740 et
1171 4686 1574 4750 tentatiOuibus,
1615 4685 1858 4742 idoneam
1905 4690 2042 4743 nacti

453 4778 873 4833 consolationem
920 4777 1219 4843 discedant,
1273 4778 1504 4833 scientes
1549 4780 1687 4848 quod
1728 4781 1857 4835 socii
1897 4781 2042 4834 Pauli

456 4887 548 4941 per
583 4871 677 4925 has
705 4869 1021 4925 alﬂictiones
1048 4868 1368 4934 efﬁciantur,
1413 4871 1520 4924 imo
1549 4886 1672 4924 vero
1700 4871 1864 4939 ipsius
1890 4871 2044 4927 Chri-

450 4973 520 5019 sti
570 4961 878 5032 angelorum
919 4961 1126 5015 Domini
1165 4977 1179 5012 :
1221 4961 1309 5031 qui
1337 4971 1516 5018 autem
1548 4960 1895 5018 amictionum
1925 4965 2042 5034 ejus

451 5052 721 5124 particeps
773 5059 856 5107 est
889 5051 942 5106 in
995 5050 1098 5106 hoc
1142 5051 1362 5116 saeculo,
1406 5053 1458 5108 in
1494 5052 1586 5109 illo
1627 5051 1893 5126 particeps
1940 5057 2043 5111 erit

448 5155 610 5202 etiam
660 5141 878 5215 gloriie;
949 5142 1027 5196 ait
1075 5142 1216 5196 enim
1261 5160 1274 5196 :
1317 5143 1377 5198 Si
1420 5145 1620 5214 quidem
1672 5149 2035 5218 compatimur,

450 5247 503 5291 ut
555 5245 602 5292 et
651 5233 1091 5307 congloriﬁcemur
1141 5231 1318 5302 (Rom.
1349 5234 1402 5289 8.
1435 5237 1556 5306 l7);
1601 5252 1663 5289 ac
1691 5253 1899 5291 rursum
1935 5255 1946 5290 :
1979 5237 2038 5292 Si

446 5330 773 5396 sustinemus,
815 5336 870 5382 ut
913 5327 1069 5382 simul
1096 5325 1249 5381 etiam
1275 5342 1536 5398 regnemus
1571 5327 1645 5399 (2.
1674 5329 1808 5383 Tim.
1836 5329 1891 5384 2.
1922 5331 2032 5401 l2).

444 5419 681 5478 Omnino
730 5421 872 5478 enim
918 5435 1140 5478 necesse
1195 5429 1312 5488 est,
1363 5431 1419 5475 ut
1467 5420 1702 5476 lidclium
1749 5439 1918 5493 genus
1953 5424 2034 5479 al-

445 5513 768 5570 ﬂictionibus
803 5523 1079 5584 prematur
1115 5533 1127 5568 :
1160 5513 1348 5569 Omnes
1389 5515 1520 5568 enim
1549 5514 1638 5587 qui
1671 5517 1840 5569 volunt
1870 5518 1954 5585 pie
1982 5519 2033 5570 in

446 5604 644 5658 Christo
692 5604 871 5671 virere,
923 5607 1355 5678 persequutionem
1397 5609 1652 5676 patientur
1713 5607 1788 5677 (2.
1822 5608 1952 5662 Tim.
1977 5611 2030 5664 5.

451 5694 576 5758 i2);
621 5711 684 5750 ac
729 5711 985 5753 rursum:
1019 5697 1158 5765 Fili,
1204 5699 1328 5753 dum
1371 5701 1566 5756 accedis
1609 5701 1676 5756 ad
1717 5703 2031 5758 serviendum

449 5780 701 5852 Domino,
753 5803 987 5857 prwpara
1047 5792 1266 5845 animam
1331 5802 1466 5848 tuam
1525 5796 1592 5849 ad
1660 5806 2025 5861 tentattoncm;

1209 362 1265 421 8.
1308 360 1586 419 JOANNIS
1624 353 2101 414 CIIRYSOSTOJH
2143 356 2456 415 .‘iRClllliP.
2503 359 3036 419 CONS'I'A-NTINOP.

3648 373 3754 431 296

2165 477 2298 525 recte
2343 475 2446 542 fac,
2498 483 2545 528 et
2583 490 2841 542 persevera
2894 474 3081 544 (Eccli.
3115 475 3166 528 2.
3201 474 3272 543 l).
3316 476 3475 532 Bella:
3530 481 3759 548 promis-

2163 561 2366 627 siones,
2415 563 2592 618 statim
2637 565 2704 617 ab
2751 565 2974 619 exordio
3021 567 3072 619 in
3120 567 3442 620 tentationes
3475 567 3763 620 incidi-re!

2163 653 2372 722 egregia
2421 670 2546 708 vero
2593 656 2898 710 exhortatio
2933 669 2984 710 et
3027 658 3248 724 insignis
3297 657 3598 711 conSoIatio
3642 661 3762 727 ejm

2163 744 2482 806 servitutis.
2540 747 2771 812 pericula
2833 746 3115 802 confestim
3173 747 3498 817 degustare?
3578 748 3760 802 Plana:

2165 838 2376 906 egregia
2430 840 2584 892 simul
2640 849 2693 892 ct
2747 839 3078 904 admiranda,
3121 848 3175 892 ct
3228 839 3516 893 maximum
3552 841 3758 895 lucrum

2162 926 2430 984 adferens.
2489 931 2766 996 Quodnam
2828 931 2995 986 illud?
3045 931 3177 985 Audi
3231 947 3350 1000 qua:
3400 942 3702 1000 sequuntur
3744 951 3758 985 :

2165 1019 2309 1073 Sicut
2355 1023 2485 1073 cnim
2545 1022 2598 1074 in
2652 1023 2766 1091 igne
2816 1024 3058 1091 probatur
3101 1039 3320 1085 aurum,
3385 1023 3460 1076 sic
3529 1025 3761 1077 homines

2162 1116 2354 1182 ,ιι-ιρι)τί
2384 1115 2433 1166 in
2461 1117 2666 1185 fornace
2695 1115 2982 1169 tentationis
3015 1113 3202 1185 (Eccli.
3246 1115 3302 1170 2.
3335 1116 3409 1184 ὃ).
3457 1116 3611 1182 Quod
3657 1133 3758 1170 an-

2165 1215 2269 1259 tem
2299 1207 2425 1260 dicit
2453 1209 2528 1260 sic
2553 1208 2737 1275 accipe
2779 1225 2792 1261 :
2826 1208 2962 1261 sicut
2999 1223 3188 1260 aurmu
3233 1207 3354 1278 igne
3391 1208 3760 1262 examinatum

2167 1300 2352 1368 purius
2408 1299 2670 1361 redditur,
2741 1300 2850 1368 pari
2923 1299 3083 1354 modo
3138 1283 3299 1353 etiam
3347 1299 3560 1365 anima,
3636 1316 3761 1368 qua:

2167 1393 2306 1446 inter
2348 1391 2666 1446 al‘llictioncs
2706 1401 2949 1446 versatur
2999 1407 3064 1446 ac
3118 1391 3382 1461 pericula,
3433 1391 3655 1446 hilarior
3700 1409 3764 1448 ac

2163 1485 2491 1556 splendidior
2538 1501 2634 1555 per
2673 1486 2760 1540 illa
2802 1486 2999 1551 evadit,
3053 1501 3375 1554 omnemque
3417 1496 3762 1555 peccatorum

2165 1579 2424 1634 maculam
2453 1579 2726 1650 abstergit.
2773 1579 2907 1634 lliuc
2952 1589 3033 1634 est
3083 1577 3224 1646 quod
3253 1579 3318 1631 ad
3358 1578 3579 1632 divitem
3609 1579 3762 1632 illum

2163 1669 2374 1725 dicebat
2422 1671 2688 1725 Abraham
2744 1689 2757 1724 :
2808 1669 3036 1724 Lazarus
3080 1669 3264 1738 recepit
3306 1668 3440 1722 mala
3489 1686 3582 1722 sua
3628 1685 3646 1722 :
3677 1669 3765 1721 hic

2162 1769 2329 1814 autem
2368 1761 2757 1815 consolationem
2787 1762 2962 1830 recipit
3001 1759 3154 1829 (Luc.
3190 1760 3278 1814 lli.
3304 1759 3416 1827 25).
3451 1761 3531 1812 Ae
3559 1759 3764 1812 Paulus

2163 1854 2453 1911 Corinthiis
2481 1854 2724 1910 scribens
2767 1854 2894 1908 dicit
2928 1871 2940 1907 :
2981 1851 3198 1920 PrOpter
3219 1853 3312 1908 hoc
3339 1853 3466 1905 inter
3492 1867 3580 1906 eos
3611 1853 3765 1904 multi

2161 1947 2433 2000 imbecilles
2479 1956 2526 1999 et
2572 1945 2799 2006 invalidi,
2851 1955 2897 1998 et
2945 1943 3202 1998 dormiunt
3245 1943 3410 1996 multi.
3468 1941 3666 1994 Etenim
3715 1942 3766 1992 si

2165 2057 2255 2094 nos
2295 2041 2434 2110 ipsos
2497 2039 2922 2110 diiudicaremus,
2987 2053 3089 2091 non
3139 2038 3310 2105 utique
3346 2034 3698 2106 judicarenmr
3745 2047 3763 2083 :

2162 2140 2214 2183 at
2257 2147 2370 2182 cum
2414 2130 2714 2199 judicamur
2769 2145 2799 2180 α
2839 2125 3060 2182 Domino
3117 2125 3453 2196 corripimur,
3517 2141 3579 2176 ne
3642 2139 3762 2174 cum

2163 2224 2352 2277 mundo
2397 2223 2698 2277 damnentur
2724 2222 2800 2290 (l.
2833 2221 2949 2274 ('or.
2986 2221 3068 2274 ll.
3113 2217 3336 2287 50-52).
3387 2217 3524 2284 Quin
3559 2227 3612 2269 ct
3651 2217 3763 2267 lur-

2164 2318 2455 2372 nieatorem
2502 2315 2652 2370 illum
2702 2313 2799 2368 hac
2839 2313 2906 2368 de
2949 2327 3108 2368 causa
3143 2310 3357 2364 tradidit
3396 2309 3448 2362 in
3483 2309 3761 2362 interitum

2163 2409 2360 2472 carnis,
2395 2416 2452 2461 ut
2476 2408 2695 2476 spiritus
2724 2408 2903 2459 salvus
2928 2404 3085 2460 ﬁeret
3129 2405 3208 2472 (l.
3239 2401 3356 2456 Cor.
3392 2401 3444 2457 5.
3474 2401 3550 2466 5).
3575 2409 3763 2453 osten-

2162 2499 2296 2552 dens
2326 2496 2574 2568 pratseuti
2604 2498 2894 2549 tcutatione
2929 2493 3158 2548 salutem
3203 2491 3402 2560 perlici,
3435 2501 3487 2543 et
3521 2490 3762 2559 pericula

2163 2592 2248 2653 iis,
2289 2591 2378 2660 qui
2417 2605 2538 2646 cum
2575 2591 2864 2659 gratiarum
2903 2587 3114 2641 actione
3153 2585 3380 2640 subeunt
3421 2582 3528 2645 illa,
3559 2581 3766 2634 anima:

2163 2683 2533 2752 purgationem
2563 2696 2682 2735 esse
2725 2681 3032 2732 maximam.
3065 2676 3248 2746 Itaque
3267 2673 3407 2745 quod
3435 2672 3765 2726 afﬂictiones

2163 2771 2481 2842 pertulerint
2511 2771 2717 2837 lideles,
2750 2779 2803 2823 et
2830 2769 3138 2822 innumeras
3158 2765 3485 2821 calamitates
3529 2773 3636 2815 tam
3667 2763 3765 2815 di-

2161 2864 2350 2933 scipuli
2413 2877 2571 2932 quam
2623 2861 2914 2925 doctores,
2973 2874 3038 2913 ac
3088 2873 3157 2912 ne
3201 2856 3476 2910 minimum
3535 2853 3763 2922 quidem

2163 2955 2582 3026 respiraverint,
2640 2954 2801 3008 variis
2847 2951 3082 3006 omnium
3113 2963 3364 3019 generum
3409 2946 3558 2999 bellis
3586 2943 3763 2998 undi-

2161 3062 2266 3117 que
2325 3045 2672 3107 circumdati.
2715 3045 2845 3098 satis
2890 3042 2975 3096 hic
3015 3049 3197 3095 noster
3241 3052 3419 3094 sermo
3441 3036 3760 3095 declaravit,

2161 3151 2214 3194 et
2258 3139 2408 3208 plura
2460 3136 2619 3192 etiam
2675 3135 2742 3190 de
2800 3133 2900 3187 hoc
2953 3139 3010 3187 et
3061 3129 3229 3186 sacris
3283 3128 3477 3184 Literis
3525 3125 3760 3181 studiosi

2160 3231 2410 3298 colligere
2453 3238 2698 3297 possunt.

2232 3321 2284 3374 8.
2327 3319 2586 3388 Superest
2630 3327 2686 3371 ut
2726 3317 2838 3370 haec
2879 3315 2944 3368 ad
2993 3311 3325 3382 prepositum
3373 3319 3615 3363 nostrum
3670 3307 3761 3362 ad-

2158 3414 2436 3468 ducamus.
2482 3411 2618 3478 Quid
2655 3418 2832 3464 autem
2882 3419 3333 3475 preposucramus
3376 3399 3593 3456 dicere?
3637 3399 3759 3466 Qua

2159 3505 2226 3559 de
2273 3520 2432 3560 causa
2479 3501 2673 3558 Paulus
2742 3501 2962 3562 dixerit,
3013 3496 3264 3550 Habentes
3314 3495 3538 3548 eumdem
3582 3492 3761 3560 Spiri-

2157 3607 2263 3650 tum
2317 3596 2455 3667 fidei.
2519 3596 2626 3650 Cur
2677 3595 2836 3664 igitur
2903 3591 3072 3647 dixit?
3125 3589 3398 3644 Turbabat
3448 3587 3547 3641 hoc
3589 3587 3759 3640 disci-

2160 3692 2334 3763 pulos,
2383 3688 2524 3760 quod
2565 3688 2745 3759 gravia
2797 3684 3011 3754 quidem
3063 3683 3114 3736 in
3171 3697 3230 3736 re
3272 3680 3516 3751 praesenti
3553 3693 3758 3750 exper-

2159 3783 2437 3845 iebantur,
2502 3779 2644 3835 bona
2695 3791 2823 3832 vero
2867 3790 2962 3846 spe
3006 3773 3180 3829 solum
3225 3770 3624 3840 concipiebaut,
3702 3779 3760 3822 et

2159 3873 2244 3927 illa
2295 3871 2512 3942 quidem
2553 3871 2662 3938 jam
2711 3867 2975 3931 aderant,
3049 3866 3163 3919 haae
3235 3862 3390 3931 longe
3438 3861 3755 3924 distabant;

2157 3964 2246 4018 illa
2291 3963 2399 4032 jam
2463 3959 2879 4031 contingebant,
2948 3957 3065 4010 haec
3130 3953 3304 4008 adhuc
3369 3951 3750 4022 sperabantur.

2155 4054 2291 4121 Quid
2341 4051 2532 4107 mirum
2575 4050 2619 4104 si
2663 4049 2814 4104 initio
2856 4045 3248 4117 prmdicatioriis
3289 4040 3598 4113 quibusdam
3649 4041 3755 4095 hoc

2155 4161 2253 4199 usu
2295 4143 2561 4208 veniebat,
2601 4137 3031 4212 quandoquidem
3063 4151 3207 4190 nunc
3235 4143 3351 4204 post
3383 4142 3582 4186 tantum
3613 4141 3750 4208 tem:

2157 4237 2299 4309 poris
2347 4235 2598 4305 spatium,
2660 4241 2780 4302 post
2809 4229 3242 4302 pra:dicationem
3284 4235 3396 4281 toto
3445 4225 3575 4282 urbe
3630 4240 3751 4294 pro-

2155 4337 2420 4402 pagatam,
2465 4335 2588 4400 post
2621 4335 2698 4380 tot
2748 4333 2894 4380 certa
2947 4321 3360 4394 promissionum
3405 4327 3746 4387 arguments,

2155 4423 2294 4478 idem
2335 4421 2514 4475 multis
2545 4419 2723 4475 adhuc
2766 4432 2865 4472 usu
2911 4415 3094 4470 venire
3146 4411 3318 4467 solet?

2222 4513 2289 4569 In
2345 4512 2504 4567 Veteri
2531 4510 2854 4567 Testamento
2894 4506 3102 4576 praemia
3134 4505 3216 4558 hic
3245 4501 3647 4572 accipiebantur.
3671 4528 3745 4541 —

2151 4605 2263 4661 Nec
2290 4604 2391 4658 hoc
2420 4603 2595 4657 solum
2623 4601 2742 4655 illos
2767 4596 3143 4668 perterrebat,
3172 4593 3267 4649 sed
3312 4602 3367 4648 et
3393 4590 3538 4646 aliud
3582 4590 3744 4661 quid-

2149 4696 2310 4759 dam,
2354 4693 2511 4763 idque
2549 4707 2654 4747 non
2697 4691 2890 4745 minus.
2932 4687 3211 4755 Quodnam
3244 4685 3391 4740 hoc?
3429 4682 3752 4754 Cogitabam

2148 4789 2286 4860 apud
2317 4803 2394 4853 se,
2425 4788 2476 4840 in
2502 4787 2668 4842 veteri
2690 4785 3033 4839 Testamento
3052 4797 3087 4837 n
3111 4797 3160 4835 in
3185 4779 3252 4834 ad
3272 4795 3393 4834 cum
3416 4779 3632 4841 modum
3657 4795 3756 4834 res-

2150 4881 2422 4935 hominum
2448 4877 2782 4949 dispensatas
2804 4875 2986 4940 fuisse,
3018 4874 3110 4929 sed
3139 4872 3350 4927 virtutis
3372 4873 3588 4940 praemia
3611 4887 3743 4926 cori-

2148 4971 2322 5027 festim
2341 4969 2610 5036 accepisse
2639 4967 2958 5038 quicumque
2975 4965 3172 5036 justam
3198 4977 3262 5018 ac
3285 4973 3634 5032 temperatam
3666 4964 3740 5015 vi-

2145 5064 2299 5120 vendi
2327 5064 2586 5117 rationem
2615 5059 2986 5130 prmtulisseot.
3017 5057 3132 5113 Non
3154 5057 3295 5112 enim
3319 5063 3440 5126 post
3457 5069 3747 5126 corporum

2145 5154 2614 5219 resurrectionem,
2647 5167 2820 5223 neque
2848 5152 2901 5206 in
2931 5151 3102 5206 futura
3132 5149 3257 5214 vita,
3289 5147 3384 5204 sed
3409 5147 3495 5204 hic
3519 5149 3575 5203 in
3605 5163 3738 5219 prie:

2144 5247 2282 5301 senti
2328 5246 2433 5300 vita
2458 5259 2646 5300 omnes
2686 5245 2766 5298 eis
2795 5242 3176 5314 promissiones
3223 5239 3602 5309 implebantur.
3651 5242 3738 5292 Ait

2143 5337 2286 5392 enim
2309 5355 2319 5392 :
2347 5335 2408 5392 Si
2434 5335 2669 5390 dilexeris
2698 5333 2974 5388 Dominum
2997 5332 3157 5386 Deum
3188 5340 3350 5394 tuum,
3372 5330 3496 5384 bene
3514 5331 3600 5383 tibi
3622 5331 3732 5386 erit.

2141 5439 2190 5483 et
2232 5428 2582 5498 multiplicabit
2612 5427 2747 5482 Deus
2775 5436 3004 5480 armenta
3035 5427 3182 5479 boum
3217 5433 3420 5478 tuorum
3442 5463 3458 5490 ,
3491 5433 3537 5476 et
3563 5439 3741 5495 greges

2141 5538 2382 5594 pecorum
2407 5531 2610 5574 tuorum
2647 5536 2787 5574 :non
2831 5519 2920 5572 erit
2950 5519 3088 5586 apud
3109 5526 3156 5569 te
3183 5514 3509 5584 infecundum
3535 5555 3550 5574 ,
3581 5530 3735 5578 neque

2140 5613 2341 5667 sterile:
2371 5628 2471 5666 non
2494 5613 2586 5665 erit
2611 5611 2748 5680 apud
2769 5620 2814 5663 te
2836 5609 3048 5680 languor
3091 5623 3248 5674 neque
3265 5606 3513 5677 aegritudo
3543 5605 3728 5677 (Deut.

2140 5705 2190 5757 7.
2224 5706 2306 5760 l5.
2339 5707 2402 5762 l5
2424 5704 2462 5770 ).
2494 5703 2703 5758 Emittet
2732 5702 2869 5757 Deus
2899 5701 3288 5756 benedictionem
3314 5701 3366 5753 in
3390 5698 3734 5767 promptuaria

2143 5797 2379 5852 cellarum
2413 5807 2610 5850 tuarum
2631 5799 2650 5867 (
2675 5794 2823 5848 Deut.
2851 5796 2940 5850 28.
2969 5795 3020 5849 8.
3059 5793 3120 5850 l2
3142 5794 3195 5863 );
3221 5794 3409 5864 aperiet
3437 5793 3638 5860 calum,
3681 5801 3728 5844 et
