4062 6432
337 365 462 422 993

354 483 454 553 τῆς
508 481 794 555 ἀληθείας,
840 484 1078 555 τοσούτῳ
1127 484 1222 538 καὶ
1265 480 1417 555 παρᾶ
1466 474 1728 535 πλειόνων
1773 474 1935 529 ἐϐάλ-

355 571 578 644 λοντο),
621 574 715 628 καὶ
751 574 926 629 ταῦτα
973 574 1122 646 παρά
1161 571 1255 629 τοῦ
1284 574 1353 628 τά
1390 575 1630 646 πρότερα
1658 567 1938 642 εἰρηκότος

359 662 703 736 ἀκούσωμεν.
763 665 1069 736 Κορινθίοις
1107 665 1216 736 γάρ
1245 664 1502 733 γράφων,
1533 661 1707 724 οὕτως
1749 659 1936 726 ἔλεγε·

354 755 668 826 Μηδεμίαν
702 755 773 809 ἐν
805 757 1020 826 μηδενὶ
1070 755 1341 821 διδόντες
1391 752 1755 824 προσκοπὴν
1771 791 1786 814 ,
1841 751 1943 805 ἵνα

351 846 441 915 μὴ
477 846 769 916 μωμασθῆ
813 845 853 914 ἡ
901 846 1177 901 διακονία
1224 832 1433 916 ὑμῶν,
1479 844 1619 901 ἀλλ’
1649 844 1719 897 ἐν
1762 840 1940 896 παντὶ

358 934 767 1003 συνιστῶντες
795 936 1070 1003 ἑαυτοὺς,
1104 936 1185 1000 ὡς
1219 935 1366 990 Θεοῦ
1394 933 1681 997 διάκονοι,
1711 932 1782 986 ἐν
1801 934 1944 987 ὑπο-

350 1026 517 1097 μονῇ
541 1029 747 1097 πολλῇ
767 1068 783 1091 ,
813 1029 884 1081 ἐν
916 1029 1204 1097 θλίψεσιν
1222 1066 1236 1091 ,
1261 1027 1331 1080 ὲν
1358 1024 1671 1095 ἀνάγκαις,
1707 1025 1779 1078 ὲν
1803 1037 1945 1077 στε-

358 1120 712 1189 νοχωρίαις,
739 1120 811 1174 ὲν
838 1119 1101 1189 πληγαῖς
1121 1161 1136 1183 ,
1175 1120 1242 1175 ἐν
1268 1116 1571 1189 φυλακαῖς
1589 1156 1603 1182 ,
1627 1115 1696 1169 ὲν
1727 1116 1921 1169 dicata

361 1210 673 1278 στασίαις,
693 1211 762 1264 ὲν
788 1211 1017 1275 κόποις,
1036 1211 1105 1264 ἐν
1126 1210 1503 1279 ἀγρυπνίαις,
1529 1207 1598 1261 ἐν
1619 1205 1943 1273 νηστείαις.

366 1294 522 1364 Εἶδες
569 1300 770 1363 πόσους
817 1298 1013 1363 ἄθλους
1054 1299 1360 1370 ἠρίθμησε,
1410 1296 1582 1359 πόσας
1626 1291 1949 1366 πειρασμῶν

360 1391 624 1460 νιφάδαςς
659 1391 826 1445 Πάλιν
858 1392 971 1454 τοῖς
1017 1391 1200 1454 αὐτοῖς
1231 1389 1383 1463 [284]
1427 1388 1784 1451 ἐπιστέλλων,
1821 1383 1951 1439 Διά-

359 1497 532 1536 ararat
581 1480 842 1550 Χριστοῦ
887 1483 1036 1546 είσι,
1091 1483 1253 1553 φησὶ,
1304 1480 1709 1552 παραφρονῶν.
1752 1477 1947 1540 λαλῶ,

360 1572 515 1641 ὑπὲρ
564 1572 698 1644 ἐγώ.
747 1568 883 1626 Εἶτα
923 1572 1246 1645 βουλόμενος
1293 1575 1441 1646 ἡμᾶς
1488 1575 1710 1637 πεῖσαι,
1740 1574 1823 1626 ὅτι
1854 1572 1949 1624 τοῦ

364 1667 573 1737 σημεῖα
612 1668 785 1719 ποιεῖν
826 1664 1004 1736 πολλῷ
1036 1665 1416 1737 λαμπρότερον
1464 1665 1526 1718 τὸ
1564 1664 1652 1720 διὰ
1685 1665 1777 1718 τὸν
1810 1665 1947 1735 Χρι-

371 1758 496 1814 στὸν
517 1756 821 1821 θλίϐεσθαι,
852 1758 947 1810 καὶ
975 1757 1297 1828 ποιούμενος
1321 1757 1593 1822 ἀπόδειξιν
1621 1756 1950 1827 ἀποστολῆς,

367 1852 467 1905 καὶ
494 1850 710 1915 δεικνὺς
735 1850 816 1904 ὅτι
852 1849 1083 1921 βελτίων
1110 1849 1289 1904 αὑτῶν
1316 1852 1463 1904 ἐστιν
1481 1893 1495 1914 ,
1528 1849 1651 1920 οὑχὶ
1682 1848 1792 1902 τῶν
1814 1848 1951 1901 ἀπο-

363 1942 573 1997 στόλων
609 1941 786 2011 λέγω,
834 1939 972 1996 ἀλλά
1024 1941 1134 1995 τῶν
1170 1941 1620 2012 ψευδαποστόλων
1637 1981 1651 2003 ,
1698 1940 1799 1994 οὑκ
1846 1939 1955 1994 ἀπὸ

362 2031 661 2104 θαυμάτων
696 2031 792 2088 καὶ
836 2030 1112 2104 σημείων,
1167 2032 1281 2086 ἀλλ’
1315 2034 1422 2086 ἀπὸ
1483 2031 1740 2087 κινδύνων
1786 2031 1955 2085 ὲποιλ⁸

363 2124 541 2195 λήλων
576 2125 808 2178 ποιεῖται
850 2122 941 2176 τὸν
985 2124 1085 2197 τῆς
1117 2125 1391 2194 ὑπεροχῆς
1443 2124 1696 2193 ἔλεγχον,
1753 2123 1956 2176 οὑτωσὶ

364 2215 576 2284 λέγων·
643 2216 740 2270 Ἐν
785 2217 996 2283 κόποις
1047 2215 1519 2284 περισσοτέρως,
1574 2215 1639 2269 ἐν
1697 2213 1957 2284 πληγαῖς

364 2309 871 2376 ὑπερϐαλλόντως
891 2347 905 2371 ,
943 2308 1013 2361 ἑν
1053 2307 1355 2376 φυλακαῖς
1383 2305 1856 2375 περισσοτέρως,
1890 2305 1960 2358 ἐν

367 2397 647 2464 θανάτοις
668 2397 969 2465 πολλάκις
987 2415 1000 2428 ·
1021 2397 1307 2463 πεντάκις
1330 2396 1783 2464 τεσσαράκοντα
1799 2392 1960 2465 παρὰ

360 2490 512 2558 μἰιν
548 2487 667 2543 ὑπὸ
706 2488 1013 2544 Ἰουδαίων
1051 2487 1310 2552 ἔλαϐον,
1352 2487 1480 2561 τρὶς
1521 2486 1959 2555 ὲρῤαϐδὶσθην,

365 2580 533 2647 ἅπαξ
583 2580 950 2650 ἐλιθάσθην,
981 2581 1107 2650 τρίς
1155 2579 1545 2650 ἐναυάγησα,
1579 2577 1961 2649 νυχθήμερον

362 2676 441 2728 ἐν
483 2673 561 2739 τῷ
599 2671 771 2739 ,βυθῷ
817 2675 1149 2742 πεποίηκα·
1202 2673 1571 2741 ὁδοιπορίαις
1620 2669 1958 2735 πολλάκις,

366 2761 677 2829 κινδύνοις
726 2762 1040 2833 ποταμῶν,
1075 2762 1382 2828 κινδύνοις
1425 2759 1709 2833 λῃστῶν,
1759 2760 1964 2814 κινδύ⁴

365 2866 501 2916 νοις
522 2850 590 2904 ἐκ
617 2849 851 2923 γένους,
886 2850 1197 2918 κινδύνοις
1226 2851 1297 2916 ἐξ
1316 2850 1528 2915 ἐθνῶν,
1562 2849 1870 2915 κινδύνοις
1896 2849 1964 2902 ἐν

368 2942 579 3007 πόλει,
626 2942 934 3009 κινδύνοις
976 2944 1048 2997 ἐν
1093 2942 1336 3011 ἐρημίᾳ,
1402 2938 1708 3005 κινδύνοις
1747 2940 1817 2993 ἐν
1864 2942 1965 2993 θα-

364 3031 616 3101 λάσσῃ,
663 3033 968 3101 κινδύνοις
1003 3034 1074 3088 ἐν
1130 3030 1619 3101 ψευδαδέλφοις·
1671 3031 1744 3084 ἐν
1801 3030 1968 3094 κόπῳ

370 3122 476 3176 καί
497 3123 721 3192 μόχθῳ,
752 3122 822 3176 ἐν
855 3123 1216 3193 ἀγρυπνίαις
1244 3119 1563 3186 πολλάκις,
1604 3120 1675 3173 ἐν
1695 3119 1849 3190 λιμῷ
1870 3119 1966 3174 καὶ

368 3214 557 3283 δίψει,
589 3215 661 3269 ἐν
691 3216 877 3284 ψύχει
918 3216 1013 3268 καὶ
1052 3214 1404 3284 γυμνότητι,
1432 3213 1614 3281 χωρίς
1660 3211 1780 3265 τῶν
1826 3227 1960 3279 παρ·

368 3309 577 3375 εκτός.
605 3301 766 3362 Οὗτοι
792 3308 891 3378 τῆς
907 3306 1169 3377 ἀκριϐοῦς
1198 3304 1501 3376 ἀποστολῆς
1518 3304 1566 3357 οἱ
1595 3303 1962 3376 χαρακτῆρες.

349 3400 587 3472 ,Σημεῖα
618 3400 716 3472 μὲν
744 3401 853 3473 γάρ
889 3400 983 3454 καὶ
1029 3399 1209 3471 ἕτεροι
1249 3397 1434 3451 πολλοὶ
1478 3397 1737 3461 πολλάκις
1783 3395 1969 3465 ἐποίη-

375 3507 509 3555 σαν,
537 3491 631 3545 καὶ
662 3490 813 3545 οὐδὲν
838 3489 1126 3546 ἁπὼναντο
1155 3489 1260 3541 τῶν
1294 3488 1613 3558 θαυμάτων,
1652 3486 1788 3540 ἀλλά
1834 3486 1971 3556 μετά

372 3582 555 3637 πάντα
587 3583 770 3636 ἐκ;ῖνα
802 3583 1040 3653 ἥκουσαν
1060 3598 1073 3611 ’
1119 3579 1408 3650 Ὑπάγετε
1428 3618 1442 3641 ,
1478 3578 1589 3632 οὐκ
1625 3573 1765 3631 οἴδα
1788 3573 1965 3645 ὑμᾶς,

365 3677 432 3728 ,οι
471 3673 849 3744 ἐργαζόμενοι
883 3671 999 3742 τὴν
1043 3670 1334 3739 ἀνομίαν·
1372 3669 1480 3723 τῶν
1518 3669 1575 3722 δὲ
1608 3668 1776 3721 ταῦτα
1814 3668 1970 3722 δυνα-

372 3766 561 3838 μένων
604 3767 807 3831 εἰπεῖν,
860 3765 1005 3837 ἆπερ
1055 3765 1083 3818 6
1117 3763 1330 3827 Παῦλος
1375 3761 1802 3833 ἀπηριθμήσατο
1847 3760 1968 3825 νῦν,

375 3859 557 3921 οὐδεὶς
608 3858 824 3929 ἐκείνης
878 3855 1171 3922 ἀκούσεται
1226 3854 1324 3925 τῆς
1372 3854 1591 3923 φωνῆς·
1649 3851 1784 3904 ἀλλά
1832 3850 1971 3922 μετά

379 3951 584 4021 πολλῆς
644 3949 747 4021 τῆς
809 3947 1123 4021 παρρησίας
1161 3945 1270 3999 τῶν
1331 3944 1578 4015 οὐρανῶν
1649 3943 1972 4014 ἐπιϐήσεται

378 4043 479 4098 καὶ
502 4041 613 4099 τῶν
643 4043 702 4096 ἐν
729 4042 840 4106 τοῖς
868 4041 1118 4113 οὐρανοῖς
1141 4036 1362 4105 ἀγαθῶν
1416 4035 1779 4090 ἀπολαύσεται
1833 4032 1973 4088 πάν-

380 4152 515 4191 των.

461 4242 526 4307 ζ’.
563 4240 716 4310 Τάχα
750 4237 1086 4312 μακρότερος
1117 4238 1250 4308 ἡμῖν
1283 4236 1312 4289 6
1342 4235 1501 4305 λόγος
1544 4231 1791 4307 ἐγένετο·
1837 4229 1976 4284 ἀλλά

384 4332 465 4406 μὴ
489 4331 725 4402 δείσητε·
768 4330 870 4384 οὑκ
892 4326 1300 4398 ἐπιλελήσμεθα
1327 4326 1428 4398 τῆς
1459 4323 1828 4395 ὑποσχέσεως,
1858 4320 1974 4375 ἀλλ’

372 4424 583 4481 αὐτίκα
618 4423 684 4494 δὴ
715 4422 851 4494 πρὸς
878 4419 1045 4491 αὑτὴν
1079 4418 1240 4473 πάλιν
1269 4416 1632 4487 ἒπανήξομεν.
1665 4415 1773 4469 Καὶ
1803 4413 1977 4468 ταῦτα

379 4514 443 4570 δὲ
473 4513 534 4568 οὑ
570 4512 747 4584 μάτην
790 4509 1145 4582 ὲμηκύναμεν
1168 4550 1183 4576 ,
1228 4506 1362 4560 ἀλλά
1401 4505 1490 4560 διὰ
1520 4504 1767 4567 πλείονος
1809 4519 1975 4556 κατα-

385 4608 592 4677 σκευῆς
643 4601 1129 4675 ἀναμφισϐήτητον
1177 4599 1273 4654 καὶ
1303 4598 1635 4669 σαφέστερον
1665 4595 1978 4665 βουλόμενοι

386 4692 723 4764 ποιήσασθαι
759 4691 857 4763 τὴν
890 4690 1200 4756 ἀπόδειξιν,
1240 4687 1378 4759 ὁμοῦ
1425 4687 1483 4740 δὲ
1513 4687 1612 4750 τὰς
1658 4685 1979 4755 θλιϐομένας

387 4784 773 4857 παρακαλέσαι
814 4783 992 4854 ψυχάς
1014 4823 1030 4847 ,
1083 4782 1149 4835 ἵν’
1179 4781 1406 4844 ἕκαστος
1430 4777 1539 4832 τῶν
1568 4780 1626 4830 ὲν
1660 4778 1980 4848 πειρασμοῖς

384 4877 558 4931 ὄντων
575 4875 667 4928 καὶ
681 4872 944 4937 κινδύνοις
962 4872 1154 4942 ἱκανὴν
1167 4869 1348 4924 λαϐὼν
1366 4866 1721 4939 παραμυθίαν
1741 4865 1951 4936 ἀπέλθῃ
1962 4904 1977 4929 ,

393 4966 584 5039 μαθὼν
620 4966 703 5020 ὅτι
731 4966 947 5019 Παύλου
978 4964 1232 5027 κοινωνὸς
1255 4962 1344 5016 διὰ
1368 4959 1479 5013 τῶν
1522 4958 1670 5029 παθη
1682 4958 1866 5030 μάτων
1892 4956 1979 5024 γί-

389 5079 575 5127 νεται,
625 5060 829 5132 μᾶλλον
880 5059 938 5114 δὲ
969 5059 1064 5113 τοῦ
1094 5058 1204 5113 τῶν
1249 5055 1499 5126 ἀγγέλων
1529 5055 1800 5109 Δεσπότου
1846 5056 1982 5126 Χρι-

393 5152 551 5207 ατοῦ·
584 5150 857 5207 κοινωνῶν
878 5150 935 5205 δὲ
978 5148 1146 5204 αὑτοῦ
1189 5149 1298 5203 τῶν
1351 5148 1692 5219 παθημάτων
1721 5144 1954 5199 ἐνταῦθα

392 5246 719 5317 κοινωνήσει
746 5244 847 5315 τῆς
887 5241 1048 5315 δόξης
1075 5244 1191 5298 ἐκεῖ
1211 5258 1224 5271 ·
1263 5242 1448 5310 Εἴπερ
1475 5240 1608 5310 γὰρ,
1642 5239 1804 5309 φησὶ,
1839 5254 1985 5307 συμ-

396 5334 736 5406 πάσχομεν,
755 5337 856 5389 ἵνα
879 5335 976 5391 καί
1001 5331 1518 5402 συνδοξασθῶμεν
1537 5348 1550 5361 ·
1576 5331 1670 5384 καὶ
1692 5330 1852 5383 πάλιν
1879 5346 1892 5359 ·
1915 5332 1962 5382 Ε
1968 5329 1986 5381 ί

401 5426 811 5496 ὑπομένομεν,
846 5427 948 5480 ἵνα
977 5425 1074 5479 καί
1105 5423 1707 5494 συμϐασιλεύσωμεν.
1752 5419 1983 5492 Ἀνάγκη

398 5520 510 5592 γὰρ
569 5521 663 5575 τὸν
709 5518 895 5573 πιστὸν
957 5517 1239 5573 θλίϐεσθαι
1288 5515 1537 5579 πάντως.
1594 5512 1827 5579 Πάντες
1878 5513 1986 5582 γὰρ

401 5615 456 5665 οί
503 5610 785 5676 θέλοντες
831 5607 935 5678 ζῇν
982 5607 1249 5674 εὐσεϐῶς
1294 5608 1365 5662 ἐν
1411 5602 1679 5674 Χριστῷ,
1731 5604 1987 5673 διωχθή-

400 5716 647 5756 σονται·
703 5703 799 5756 καὶ
846 5700 1009 5756 πάλιν
1033 5718 1048 5733 ·
1112 5699 1353 5763 Τέκνον,
1402 5699 1455 5751 εί
1497 5695 1803 5765 προσέρχῃ
1852 5694 1989 5749 δου-

408 5793 605 5852 λεύειν
637 5793 860 5863 Κυρίῳ,
902 5792 1225 5866 ἐτοίμασον
1246 5788 1363 5859 τὴν
1385 5791 1601 5860 ψυχήν
1625 5802 1741 5841 σου
1763 5790 1850 5855 εἰς
1871 5802 1990 5840 πει.

961 376 1048 431 ῡῐι.
1097 371 1340 432 VERBIS
1376 366 1739 435 APOSTOLI,
1783 361 2148 423 IIABENTES
2189 365 2478 425 EUMDEM
2520 366 2867 425 SPIRITUM.
2909 366 3000 425 Ill.

2032 473 2294 542 ραιγμὸν,
2323 472 2583 527 εὔθυνον
2603 469 2702 523 καὶ
2742 464 3132 538 καρτέρησον.
3166 460 3343 516 Καλαὶ
3371 461 3426 515 at
3454 461 3624 531 ἑπαγ-

3514 343 3622 399 29θ

2041 563 2217 631 γελίαι
2247 562 2311 615 ὲκ
2360 560 2664 633 προοιμίων
2709 559 2788 621 εἰς
2821 556 3161 627 πειρασμοὺς
3205 554 3498 622 ἐμπεσεῖν·
3535 568 3627 621 με·

2042 653 2181 724 γάλη
2205 652 2489 725 προτροπὴ
2510 651 2603 705 καὶ
2624 648 2971 720 παράκλησις
2998 643 3235 716 ἐναργὴς
3256 644 3356 714 τῆς
3378 642 3649 704 δουλείας

2043 745 2304 800 κινδύνων
2345 743 2551 806 εὐθέως
2604 738 3033 809 ἀπογεύσασθαι.
3086 734 3334 806 Μεγίστη
3386 729 3480 787 οὖν
3532 733 3628 786 καὶ

2045 836 2362 908 θαυμασία,
2413 834 2507 887 καὶ
2565 831 2756 903 κέρδος
2803 828 3004 900 ἔχουσα
3058 826 3332 897 μέγιστον.
3382 825 3540 879 Ποῖον
3569 824 3627 877 δὲ

2043 927 2231 991 τοῦτος
2284 927 2547 978 Ἀκουσον
2597 922 2706 975 τῶν
2755 919 2879 990 ἑξῆς
2904 936 2916 948 ·
2967 917 3193 984 ’Ὠσπερ
3233 913 3344 984 γὰρ
3376 912 3445 966 ἐν
3485 911 3630 979 πυρὶ

2044 1016 2415 1087 δοκιμάζεται
2458 1012 2716 1084 χρυσὸς,
2766 1010 2956 1074 οὕτως
2997 1006 3293 1075 ἄνθρωποι
3328 1002 3525 1057 δεκεοί
3559 1002 3632 1054 ἐν

2047 1110 2276 1179 καμίνῳ
2315 1105 2748 1171 ταπεινώσεως.
2808 1105 2873 1155 Ὃ
2904 1102 2963 1155 δὲ
3003 1099 3151 1168 λέγει
3182 1096 3424 1150 τοιοῦτόν
3449 1096 3628 1148 ἐστιν·

2054 1198 2340 1268 Ὥσπερτὸ
2370 1196 2590 1270 χρυσίον
2633 1195 2711 1267 τῷ
2754 1194 2888 1265 πυρὶ
2927 1189 3348 1263 βασανιζόμενον
3384 1185 3633 1259 καθαρώ-

2048 1309 2207 1366 τερον
2235 1293 2478 1362 γίνεται,
2526 1289 2669 1345 οὑτω
2700 1288 2794 1343 καὶ
2824 1290 2858 1358 ἡ
2888 1284 3064 1357 ψυχὴ,
3098 1282 3341 1353 θλίψεσιν
3369 1278 3635 1350 ὁμιλοῦσα

2052 1386 2146 1439 καὶ
2191 1383 2487 1446 κινδύνοις,
2548 1379 2877 1452 φαιδροτέρα
2933 1378 3027 1431 καὶ
3072 1374 3225 1448 [285]
3276 1371 3635 1444 λαμπροτέρα

2051 1474 2259 1538 ἄνεισι,
2310 1474 2402 1526 καὶ
2435 1475 2616 1527 πᾶσαν
2668 1469 3086 1542 ἁμαρτημάτων
3132 1464 3496 1539 ἀπορρίψεται
3544 1478 3638 1532 κη-

2051 1567 2187 1621 λῖδα.
2225 1566 2390 1619 Ὅθεν
2420 1565 2511 1618 καὶ
2543 1563 2678 1636 πρὸς
2702 1562 2795 1617 τὸν
2821 1560 3075 1614 πλούσιον
3102 1558 3254 1627 ἔλεγε
3283 1559 3311 1610 6
3362 1552 3634 1625 Ἀϐραὰμ,

2052 1659 2135 1712 ὅτι
2164 1655 2426 1725 Λάζαρος
2467 1654 2732 1710 ἀπέλαϐε
2766 1653 2837 1708 τὰ
2865 1651 3043 1716 κακὰ,
3084 1651 3184 1705 καὶ
3231 1647 3492 1702 ἐνταῦθα
3534 1659 3637 1699 πα·

2047 1750 2420 1820 ρακαλεῖται.
2493 1748 2606 1804 Καὶ
2656 1746 2869 1808 Παῦλος
2930 1741 3238 1816 Κορινθίοις
3307 1737 3641 1792 ἐπιστέλλων

2055 1837 2263 1910 ἔγραφε
2284 1854 2298 1867 ·
2329 1837 2434 1890 Διὰ
2464 1836 2643 1890 τοῦτο
2671 1835 2741 1888 ἐν
2774 1834 2915 1903 ὑμῖν
2949 1831 3168 1887 πολλοὶ
3212 1826 3489 1894 ἀσθενεῖς
3540 1825 3640 1879 καί

2055 1928 2365 1996 ἄρρωστοι.
2416 1929 2488 1980 El
2547 1926 2653 1996 γὰρ
2709 1924 2966 1990 ἑαυτοὺς
3019 1922 3358 1990 ἑκρίνομεν,
3410 1919 3521 1971 οὑκ
3568 1915 3647 1969 ἂν

2056 2018 2433 2087 ἐκρινόμεθα·
2463 2019 2802 2086 κρινόμενοι
2844 2014 2911 2067 δὲ
2944 2012 3061 2068 ὑπὸ
3107 2012 3329 2081 Κυρίου
3368 2007 3647 2062 παιδευό-

2051 2115 2236 2179 μεθα,
2283 2112 2383 2165 ἵνα
2403 2111 2490 2180 μὴ
2525 2110 2648 2164 σὺν
2686 2107 2765 2174 τῷ
2792 2107 2998 2177 κόσμῳ
3035 2102 3501 2173 κατακριθῶμεν.
3533 2098 3647 2152 Καὶ

2056 2206 2147 2258 τὸν
2181 2202 2592 2275 πεπορνευκότα
2638 2201 2695 2255 δὲ
2744 2201 2813 2253 δι’
2839 2199 2971 2253 αὑτὸ
3003 2199 3160 2251 τοῦτο
3209 2194 3528 2267 παρέδωκεν
3564 2191 3646 2253 είς

2062 2293 2275 2366 ὄλεθρον
2322 2295 2421 2366 τῆς
2463 2293 2694 2365 σαρκὸς,
2749 2292 2836 2345 ἵνα
2861 2291 2922 2344 τὸ
2965 2288 3183 2361 πνεῦμα
3218 2286 3400 2356 σωθῇ·
3431 2280 3648 2344 δεικνὺς

2059 2385 2141 2437 ὅτι
2170 2386 2448 2457 σωτηρίαν
2479 2384 2508 2436 6
2537 2383 2727 2454 παρὼν
2773 2378 3069 2453 ἐργάζεται
3118 2374 3445 2448 πειρασμὸς,
3474 2372 3569 2425 καὶ
3597 2370 3646 2424 οί

2060 2477 2292 2532 κίνδυνοι
2329 2481 2442 2541 τοῖς
2480 2478 2598 2549 μετ’
2631 2474 2981 2548 εὐχαριστίας
3029 2471 3225 2531 αὑτοὺς
3266 2466 3523 2538 φέρουσι,
3558 2479 3650 2516 κα-

2062 2569 2284 2641 θάρσιον
2309 2569 2488 2640 ψυχῆς
2513 2569 2619 2621 είσι
2654 2567 2928 2638 μέγιστον.
2964 2564 3086 2617 Ὅτι
3122 2560 3222 2631 μὲν
3252 2555 3346 2612 οὖν
3374 2555 3651 2610 ἐθλίϐοντο

2061 2662 2110 2715 οἱ
2142 2660 2352 2723 πιστοὶ,
2380 2662 2473 2714 καὶ
2499 2659 2667 2730 μυρία
2702 2658 2937 2726 ἔπασχον
2970 2652 3116 2708 δεινά
3142 2651 3236 2705 καὶ
3275 2648 3517 2721 μαθηταὶ
3548 2645 3647 2698 καὶ

2061 2751 2368 2806 διδάσκαλοι
2414 2754 2509 2804 καί
2542 2749 2661 2803 οὑδὲ
2703 2748 2898 2820 μικρὸν
2924 2744 3204 2806 ἀνέπνεον,
3242 2738 3510 2799 ποικίλοις
3532 2737 3646 2787 τισὶ

2065 2844 2161 2898 καὶ
2200 2844 2563 2905 παντοδαποῖς
2622 2840 2880 2895 πάντοθεν
2932 2830 3458 2908 περιεποιχισμένοι
3504 2828 3653 2881 πολὲ-

2071 2953 2212 3008 μοις,
2233 2933 2430 2996 ἱκανῶς
2450 2935 2475 2987 6
2496 2932 2649 2999 λόγος
2669 2926 3036 2992 απὲδειξε,κα“ι
3055 2925 3225 2979 πλείω
3242 2921 3297 2975 δὲ
3316 2921 3423 2974 τῶν
3441 2918 3655 2990 εἰρημέο

2068 3047 2175 3083 νων
2204 3029 2315 3094 τοῖς
2337 3025 2643 3095 φιλοπόνοις
2664 3022 2872 3088 ἔξεστιν
2890 3016 3252 3085 ἀναλέξασθαι
3282 3016 3346 3067 ὲκ
3366 3011 3476 3065 τῶν
3497 3010 3657 3064 θείων

2073 3120 2327 3192 Γραφῶν.

2138 3217 2209 3281 η’.
2235 3209 2435 3263 Λοιπὸν
2465 3207 2521 3260 δὲ
2548 3206 2641 3259 ἐπὶ
2670 3204 2728 3257 τὸ
2750 3202 3112 3281 προκείμενον
3139 3199 3230 3253 τὸν
3253 3197 3411 3263 λόγον
3445 3195 3657 3264 ἀγάγωι

2074 3276 2205 3371 μεν.
2252 3301 2316 3354 Τί
2360 3300 2417 3352 δὲ
2451 3299 2512 3351 τὸ
2554 3296 2912 3369 προκείμενον
2956 3290 3024 3364 ἦν
3040 3276 3258 3355 Ἇείπεῖν;
3290 3288 3446 3350 Τίνος
3473 3286 3660 3339 ἓνεκεν

2070 3388 2224 3446 εἶπεν
2240 3394 2266 3444 6
2287 3391 2521 3454 Παῦλος,
2554 3392 2839 3459 Ἔχοντες
2864 3384 3101 3452 Πνεῦμα
3124 3383 3386 3443 πίστεως
3398 3379 3465 3431 τὸ
3486 3378 3659 3431 αὑτό.

2070 3484 2225 3547 Τίνος
2255 3478 2348 3536 οὑν
2378 3482 2565 3535 ἕνεκεν
2590 3479 2778 3547 εἷπεν;
2820 3474 3100 3547 Ἐθορύϐει
3126 3472 3283 3527 τοῦτο
3322 3472 3448 3534 τοὺς
3494 3468 3661 3540 μαθηο

2070 3574 2196 3639 τὰς,
2227 3575 2308 3626 ὅτι
2355 3574 2423 3626 τὰ
2468 3573 2567 3644 μὲν
2614 3571 2761 3625 δεινά
2811 3572 2868 3624 ὲν
2920 3567 3121 3639 πείρᾳ,
3171 3564 3322 3619 τὰδὲ
3358 3559 3571 3633 χρηστά
3601 3561 3655 3610 ὲν

2071 3666 2284 3720 ἐλπίσι·
2322 3665 2415 3720 καὶ
2447 3664 2517 3717 τὰ
2562 3663 2660 3735 μὲν
2703 3664 2919 3734 παρῆν,
2967 3657 3037 3713 τά
3064 3658 3120 3711 δὲ
3170 3656 3528 3725 ἀφειστήκει·
3565 3650 3662 3704 καὶ

2070 3760 2141 3815 τὰ
2172 3759 2268 3831 μὲν
2304 3757 2545 3826 ἐγίνετο,
2579 3755 2649 3808 τά
2681 3754 2737 3807 δὲ
2770 3751 3050 3823 ἠλπίζετο.
3097 3748 3208 3801 Καὶ
3240 3747 3292 3799 τί
3325 3742 3659 3814 θαυμαστὸν,

2073 3855 2123 3907 εί
2143 3852 2263 3906 τότε
2287 3852 2344 3904 ὲν
2370 3850 2512 3921 ἀρχῇ
2543 3846 2634 3900 τοῦ
2663 3843 3016 3916 κηρύγματος
3038 3838 3197 3892 τοῦτο
3222 3836 3457 3906 ἔπασχόν
3485 3849 3654 3896 τινες,

2073 3944 2206 3997 ὅπου
2254 3958 2317 4011 γε
2374 3940 2469 3993 καὶ
2510 3936 2606 3990 νῦν
2670 3935 2811 4007 μετά
2859 3930 3114 3986 τοσοῦτον
3167 3928 3392 3999 χρόνον,
3430 3924 3567 3997 μετά
3598 3922 3661 3977 τὸ

2078 4031 2362 4105 πανταχοῦ
2400 4032 2498 4100 τῆς
2548 4026 2874 4097 οἰκουμένης
2921 4022 3213 4093 ἐκταθῆναι
3255 4018 3317 4072 τὸ
3365 4018 3660 4088 κήρυγμα,

2080 4125 2219 4197 μετά
2241 4125 2299 4178 τὸ
2319 4121 2504 4176 λαϐεῖν
2531 4118 2834 4184 ἀποδείξεις
2855 4114 3124 4178 τοσαύτας
3155 4111 3262 4165 τῶν
3293 4106 3662 4179 ὑποσχέσεων,

2077 4216 2263 4271 πολλοὶ
2295 4218 2343 4269 οἱ
2372 4213 2532 4267 τοῦτο
2560 4208 2864 4280 πάσχοντές
2895 4208 3070 4269 slew;

2147 4308 2223 4361 Οὑ
2263 4304 2422 4359 τοῦτο
2453 4303 2509 4356 δὲ
2537 4301 2694 4373 μόνον
2723 4297 2919 4360 αὑτοὺς
2950 4294 3301 4366 διετάραττεν
3325 4331 3339 4352 .
3394 4290 3529 4343 ἀλλά
3570 4289 3665 4343 καὶ

2077 4397 2263 4469 ἕτερον
2289 4395 2389 4449 οὑκ
2413 4394 2634 4448 ἔλαττον
2659 4388 2870 4443 τούτου.
2898 4388 3057 4439 Ποῖον
3082 4383 3146 4454 δὴ
3169 4381 3355 4445 τοῦτο;
3389 4378 3666 4433 Ἐνενόουν

2080 4467 2216 4559 πρδς
2250 4485 2474 4547 ἑαυτοὺς
2497 4524 2510 4547 ,
2540 4483 2621 4535 ὅτι
2651 4482 2709 4533 ὲν
2736 4482 2800 4549 τῇ
2849 4475 3066 4545 Παλαιᾷ
3098 4472 3344 4543 Διαθήκῃ
3377 4470 3475 4540 οὑχ
3515 4467 3659 4521 οὑτω

2078 4578 2148 4632 τά
2196 4578 2496 4649 πράγματα
2548 4570 2872 4644 ᾡκονομήθη
2899 4610 2913 4633 ,
2955 4566 3090 4621 ἀλλὰ
3138 4568 3236 4636 τῆς
3284 4563 3486 4635 ἀρετῆς
3540 4560 3667 4623 τοὺς

2080 4679 2275 4741 ἄθλους
2298 4677 2392 4730 καὶ
2418 4674 2546 4737 τοὺς
2577 4670 2804 4743 μισθοὺς
2831 4667 3032 4731 εὑθέως
3058 4663 3446 4734 ἀπελάμϐανον
3475 4663 3524 4714 οἱ
3551 4661 3668 4731 μετ’

2082 4778 2383 4841 ἐπιεικείας
2408 4777 2503 4831 καὶ
2523 4772 2878 4845 σωφροσύνης
2910 4767 3286 4842 προῃρημένοι
3317 4766 3434 4837 ζῇν.
3461 4765 3535 4817 Οὑ
3560 4762 3669 4834 γὰρ

2085 4877 2223 4948 μετά
2256 4876 2354 4948 τὴν
2390 4874 2499 4928 τῶν
2531 4872 2799 4942 σωμάτων
2825 4869 3124 4924 ἀνάστασιν
3146 4909 3161 4933 ,
3197 4867 3317 4921 οὐδὲ
3347 4867 3403 4919 ἐν
3434 4866 3500 4935 τῇ
3539 4863 3669 4934 μελ-

2082 4976 2248 5049 λούσῃ
2284 4975 2396 5046 ζωῇ
2418 5014 2432 5039 ,
2466 4973 2580 5027 ἀλλ’
2630 4968 2893 5033 ἐνταῦθα,
2952 4967 3048 5020 καὶ
3087 4965 3229 5020 κατά
3278 4965 3369 5018 τὸν
3424 4962 3670 5034 παρόντα

2087 5078 2199 5149 βίον
2228 5079 2400 5131 πᾶσαι
2450 5075 2633 5136 αὑτοῖς
2677 5070 3012 5142 ἐπληροῦντο
3055 5070 3113 5123 αἱ
3152 5066 3492 5138 ὑποσχέσεις.
3532 5064 3674 5115 Ἐὰν

2083 5181 2193 5253 γὰρ
2226 5178 2550 5251 ἁγαπήσῃς
2572 5218 2586 5242 ,
2622 5177 2756 5249 φησὶ
2781 5219 2795 5244 ,
2828 5177 3047 5245 Κύριον
3087 5173 3197 5227 τὸν
3244 5170 3393 5225 Θεόν
3422 5184 3567 5230 σου,
3598 5160 3669 5219 εὗ

2086 5298 2184 5336 σοι
2210 5282 2403 5347 ἔσται,
2430 5278 2527 5332 καί
2560 5274 2864 5346 πληθυνεῖ
2890 5279 2922 5330 ό
2961 5274 3107 5339 Θεὸς
3135 5271 3209 5325 τὰ
3225 5270 3528 5334 ,βουκόλια
3552 5264 3672 5318 τῶν

2081 5384 2249 5450 ,Βοῶν
2283 5398 2400 5436 σου
2422 5421 2435 5444 ,
2466 5379 2563 5433 καί
2604 5377 2677 5432 τὰ
2717 5377 2961 5447 ποίμνια
3008 5371 3127 5426 τῶν
3160 5367 3468 5437 προϐάτων
3515 5381 3665 5419 σου·

2088 5487 2199 5540 οὐκ
2227 5484 2397 5537 ἔσται
2420 5481 2488 5533 ἐν
2508 5476 2607 5533 σοί
2631 5476 2871 5547 ἄγονον,
2899 5468 3039 5527 οὐδὲ
3065 5467 3307 5535 στεζοον
3325 5482 3338 5496 ·
3372 5466 3481 5518 οὐκ
3499 5464 3672 5517 ἔσται

2088 5586 2157 5639 ἐν
2186 5584 2287 5639 σοὶ
2311 5579 2597 5651 μαλακία,
2626 5577 2810 5648 φησὶν,
2837 5570 2979 5626 οὐδὲ
3006 5571 3214 5633 νόσος.
3246 5560 3676 5630 Ἐξαποστελιπῖ

2091 5691 2123 5739 ό
2154 5684 2297 5748 Θεὸς
2330 5680 2444 5748 τὴν
2476 5676 2762 5745 εὐλογίαν
2807 5673 2995 5727 αὐτοῦ
3034 5672 3120 5737 είς
3158 5669 3229 5722 τὰ
3279 5664 3507 5736 ταμιεῖα
3551 5662 3673 5716 τῶν

2100 5776 2419 5847 ἀποθηκῶν
2451 5792 2566 5831 σου
2591 5793 2603 5804 ·
2637 5771 2867 5837 ἀνοίξει
2903 5771 3008 5826 τὸν
3036 5765 3324 5838 οὐρανὸν,
3361 5762 3458 5818 καί
3495 5762 3676 5816 δώσει
