4062 6428
458 331 565 386 297

458 461 557 498 σοι
606 442 787 497 ὑετὸν
840 442 1094 512 πρώῇιον
1148 442 1244 496 καί
1273 443 1515 513 ὄψιμον.
1542 445 1971 514 Rata/113mm:
2001 446 2034 500 δ

458 533 726 600 ἁλοητὸς
746 534 851 587 τόν
865 532 1157 602 τρυγητὸν
1177 534 1273 586 καὶ
1305 537 1338 587 ὁ
1360 536 1648 605 τρυγητὸς
1662 536 1767 590 τόν
1778 538 2027 605 σπόρον.

460 626 570 678 Καὶ
597 623 766 678 πολλά
797 625 957 696 ἐτερα
988 623 1210 677 τοιαῦτα
1239 625 1419 690 αὐτοῖς
1463 626 1857 696 ἐπηγγείλατο,
1889 627 2033 699 ἅπερ

460 718 674 777 ἅπαντα
708 715 845 769 κατά
893 716 991 786 τήν
1022 713 1302 787 παροῦσαν
1329 716 1473 788 ζωὴν
1504 718 1690 782 αὐτοῖς
1731 718 2028 772 ἀπεδίδοτο.

459 809 524 862 Εἴ
545 826 628 872 τις
650 807 932 878 ὀξύτερος,
962 806 1064 878 ήδη
1092 808 1389 880 προϐλέπει
1412 808 1510 880 τὴν
1538 807 1712 862 λύσιν.
1760 809 1913 862 Ἐπεὶ
1937 804 2032 862 οῦν

459 898 707 968 σώματος
730 897 910 968 ὑγίεια
934 936 948 962 ,
983 897 1078 952 καὶ
1101 898 1207 968 γῆς
1249 898 1512 971 εὐκληρία
1534 939 1549 964 ,
1574 900 1669 953 καὶ
1705 899 2032 955 πολυπαιδία

455 990 550 1044 καὶ
574 988 829 1043 εὐπαιδία
852 1031 868 1054 ,
903 990 997 1042 καὶ
1021 990 1249 1063 λιπαρὸν
1278 990 1457 1062 γῆρας
1481 1029 1496 1055 ,
1529 991 1623 1044 καὶ
1650 988 1810 1061 ὡρῶν
1837 993 2032 1062 κρᾶσις

453 1080 648 1152 ἀρίστη
669 1121 683 1145 ,
740 1082 835 1135 καὶ
888 1082 1144 1153 εὐετηρία
1169 1121 1185 1146 ,
1219 1082 1314 1136 καὶ
1365 1080 1586 1152 ὁμόρων
1612 1081 1866 1153 εὐκαιρία
1887 1120 1903 1146 ,
1937 1081 2033 1136 καὶ

452 1172 623 1227 πολλά
650 1173 876 1244 ποίμνια
907 1186 933 1215 ι
968 1174 1061 1227 καὶ
1101 1172 1373 1243 βουκόλια,
1401 1173 1495 1226 καὶ
1530 1172 1710 1227 πάντα
1742 1172 1927 1238 ἁπλῶς
1961 1172 2032 1227 τά

451 1262 631 1331 ἀγαθά
670 1264 810 1318 κατά
847 1263 948 1336 τὴν
981 1265 1262 1337 παροῦσαν
1309 1265 1492 1327 αὐτοῖς
1528 1263 1830 1335 ἐπληροῦτο
1861 1264 2028 1334 ζωὴν,

450 1356 602 1430 [286]
632 1358 725 1411 καὶ
752 1357 902 1411 οὐδὲν
921 1359 978 1410 ἐν
1001 1357 1213 1411 ἐλπίσιν
1241 1352 1329 1428 ἦν,
1353 1356 1471 1409 οὐδέ
1498 1356 1635 1426 μετά
1662 1356 1761 1426 τὴν
1781 1355 2029 1409 ἐντεῦθεν

450 1448 788 1519 ἀποδημίαν
812 1445 1260 1518 ἀναλογιζόμενοι
1292 1443 1386 1501 οὖν
1413 1446 1583 1500 ταῦτα
1621 1446 1669 1498 οἱ
1704 1446 1921 1511 πιστοὶ,
1947 1446 2026 1498 ὅτι

450 1542 562 1602 τοῖς
590 1539 875 1610 προγόνοις
907 1541 1020 1602 τοῖς
1067 1537 1276 1592 ἐαυτῶν
1324 1537 1474 1608 παρὰ
1506 1536 1670 1601 πόδας
1700 1537 1916 1591 ἅπαντα
1959 1534 2029 1589 τὰ

452 1629 632 1698 ἁγαθά
657 1632 893 1702 ἀπήντα,
928 1631 1109 1694 αὐτοῖς
1137 1630 1195 1684 δέ
1218 1631 1298 1694 είς
1324 1630 1423 1700 τὴν
1454 1629 1751 1701 μέλλουσαν
1784 1627 1929 1700 ζωὴν
1960 1628 2030 1682 τὰ

453 1718 661 1771 ἔπαθλα
688 1719 784 1771 καὶ
832 1720 881 1773 οί
923 1719 1176 1788 στέφανοι
1207 1720 1406 1783 πάντες
1435 1719 1543 1772 εἰσὶ
1590 1718 2026 1789 τεταμιευμένοι,

454 1811 547 1864 καὶ
571 1812 628 1863 ἐν
654 1810 834 1863 πίστει
856 1810 926 1865 τὰ
944 1809 1055 1865 τῶν
1074 1809 1437 1879 ἐπαγγελιῶν,
1459 1807 2026 1879 ἔκαμνον,ἐξελύοντο,

449 1901 550 1973 τὴν
583 1900 865 1973 παροῦσαν
920 1900 1065 1972 ζωὴν
1118 1901 1335 1955 ἃπασαν
1365 1898 1455 1954 διὰ
1503 1899 1824 1970 πειρασμῶν
1851 1899 2029 1953 ἐλκειν

449 1990 900 2060 ἀναγκαζόμενοι.
934 1989 1121 2042 Ταῦτα
1167 1984 1260 2043 οὖν
1293 1988 1489 2042 ἐννοῶν
1519 1988 1548 2041 6
1592 1988 1802 2054 Παῦλος
1839 1988 1934 2043 καὶ
1966 1987 2030 2044 τὸ

452 2079 681 2151 μέγεθος
701 2079 812 2133 τῶν
834 2078 1229 2151 ἐπηρτημένων
1254 2079 1438 2142 αὐτοῖς
1464 2077 1672 2141 δεινῶν,
1694 2079 1788 2132 καὶ
1812 2078 1893 2131 ὅτι
1912 2076 2032 2132 τού-

447 2187 561 2234 τοις
592 2170 691 2241 μὲν
726 2169 817 2222 τὸν
868 2167 1058 2239 μισθὸν
1089 2167 1199 2222 τῶν
1233 2166 1410 2221 πόνων
1458 2166 1596 2237 μετά
1633 2164 1733 2237 τὴν
1778 2165 2029 2221 ἐντεῦθεν

446 2263 630 2326 αὐτοῖς
662 2261 971 2331 ἀποδημίαν
1001 2262 1030 2314 6
1059 2259 1191 2324 Θεὸς
1230 2259 1614 2330 ἐπηγγείλατο,
1645 2259 1772 2323 τοὺς
1801 2258 1859 2312 δὲ
1888 2277 2026 2331 προ·

444 2354 635 2421 γόνους
660 2352 838 2407 αὐτῶν
863 2350 1114 2406 ἐντεῦθεν
1136 2352 1408 2423 ἠμείψατο
1426 2392 1440 2415 ,
1475 2352 1569 2405 καὶ
1615 2349 1855 2422 συνορῶν
1898 2352 2026 2405 πολ-

443 2445 541 2514 λὴν
571 2445 636 2496 ἐκ
683 2443 791 2496 τῶν
824 2442 1101 2512 λογισμῶν
1151 2441 1354 2518 τούτων
1398 2440 1627 2513 ἀκηδίαν
1669 2444 2025 2516 ἐγγινομένην

444 2540 627 2601 αὐτοῖς
653 2579 669 2602 ,
711 2537 1032 2608 βουλόμενος
1065 2539 1263 2602 αὐτοὺς
1307 2539 1609 2611 ἀναστῆσαι
1656 2540 1749 2593 καὶ
1794 2538 2019 2605 διδάξαι,

441 2630 525 2684 ὅτι
560 2630 655 2681 καὶ
683 2629 775 2681 ἐπὶ
802 2627 911 2682 τῶν
938 2627 1191 2699 πατέριον
1220 2627 1330 2683 τῶν
1380 2626 1559 2681 αὐτῶν
1588 2628 1732 2681 οὓτω
1769 2628 1838 2683 τὰ
1893 2629 2027 2701 πρά·

440 2738 627 2792 γματα
650 2719 998 2791 ᾠκονόμητο,
1030 2720 1126 2772 καὶ
1158 2720 1215 2773 ἐν
1257 2718 1437 2772 πίστει
1466 2717 1650 2772 πολλοὶ
1690 2718 1784 2773 τὸν
1834 2716 2023 2790 μισθὸν

440 2810 654 2873 ἐλαϐον,
684 2810 786 2864 οὐκ
812 2809 869 2861 ἐν
900 2809 966 2879 τῇ
1001 2807 1189 2879 πείρᾳ,
1222 2807 1526 2878 ἀνέμνησεν
1556 2807 1751 2872 αὐτοὺς
1776 2807 1873 2879 τῆς
1898 2825 2024 2880 προ-

442 2899 679 2969 φητικῆς
707 2899 936 2970 ρήσεως,
966 2897 1134 2953 είπών
1156 2914 1169 2926 ·
1202 2899 1488 2967 Ἔχοντες
1518 2896 1585 2951 τὸ
1608 2897 1754 2952 αὐτὸ
1780 2898 2023 2968 Πνεῦμα

440 2989 553 3057 τῆς
586 2990 844 3055 πίστεως
861 3029 877 3054 ,
900 2991 1051 3045 κατὰ
1070 2989 1137 3043 τὸ
1158 2989 1564 3059 γεγραμμένον
1585 3004 1598 3018 ⁸
1632 2989 2020 3055 Ἐπίστευσα,

441 3079 537 3133 διὸ
569 3079 846 3147 ἐλάλησα
870 3095 885 3110 ’
940 3080 1222 3149 μονονουχὶ
1252 3078 1460 3147 λέγων,
1511 3079 1591 3132 ὅτι
1645 3081 1741 3134 καὶ
1786 3082 1814 3134 6
1849 3081 2022 3151 μέγας

439 3171 607 3226 Δαϐὶδ
628 3211 645 3236 ,
669 3173 699 3225 6
730 3169 1045 3241 θαυμαστὸς
1093 3170 1187 3224 καὶ
1213 3170 1456 3238 γενναῖος
1486 3169 1771 3241 προφήτης
1796 3171 2020 3236 ἐκεῖνος,

442 3263 623 3317 πίστει
645 3261 746 3333 τὴν
769 3259 1005 3331 ἀμοιϐὴν
1033 3258 1345 3330 ἐκομίσατο,
1372 3258 1491 3328 οὐχὶ
1512 3261 1574 3329 τῇ
1604 3258 1797 3330 πείρᾳ·
1824 3260 1882 3313 οὐ
1913 3261 2021 3333 γὰρ

440 3353 544 3417 ἂν,
578 3352 628 3405 εί
676 3351 751 3424 μὴ
784 3349 944 3404 τοῦτο
968 3344 1067 3421 ἧν,
1114 3344 1302 3415 εἴπεν,
1342 3348 1714 3403 Ἐπίστευσα
1736 3388 1752 3414 ,
1800 3348 1892 3404 διὸ
1921 3351 2017 3405 καί

437 3442 738 3511 ἐλάλησα.
772 3442 838 3495 Ἥ
870 3441 980 3512 γὰρ
1004 3440 1187 3504 πίστις
1219 3438 1586 3510 ἐλπιζομένων
1616 3440 1764 3494 ἐστὶν
1790 3440 2023 3496 ὑπόστα-

441 3551 525 3598 σις
555 3532 916 3605 πραγμάτων,
945 3532 1005 3584 οὐ
1043 3530 1416 3601 βλεπομένων
1447 3529 1475 3584 ὃ
1504 3531 1559 3583 δὲ
1594 3529 1780 3600 βλέπει
1810 3548 1893 3596 τις
1913 3573 1929 3597 ,
1952 3534 2014 3587 οὐ

439 3623 657 3686 πάντως
686 3622 781 3677 καλ⁸
803 3621 1031 3685 ἐλπίζει.
1068 3623 1132 3675 Et
1160 3621 1339 3677 τοίνυν
1365 3621 1678 3686 ἐπίστευσε,
1715 3624 1829 3687 τοῖς
1859 3623 2015 3677 ἐλπιοι

439 3713 687 3786 ζομένοις
733 3710 1071 3765 ἐπίστευσεν.
1107 3710 1169 3764 Εί
1218 3711 1275 3765 δέ
1328 3712 1439 3775 τοῖς
1487 3709 1863 3781 ἐλπιζομένοις
1897 3711 2017 3766 ἐπίο

439 3823 653 3870 στευσε,
685 3803 756 3859 τὰ
781 3803 839 3860 δὲ
859 3802 1186 3874 ἐλπιζόμενα
1212 3802 1423 3856 οὐδέπω
1453 3801 1730 3871 βλέπεται,
1762 3801 1915 3856 οὔπω
1946 3798 2014 3874 ἧν

436 3896 751 3969 ἀπειληφὼς
791 3894 1000 3959 ταῦτα,
1038 3895 1120 3957 είς
1170 3894 1314 3965 ἅπερ
1353 3894 1638 3947 ἐπίστευσε
1662 3910 1677 3926 ’
1720 3893 1809 3948 διὰ
1856 3893 2013 3948 τοῦτό

436 4009 600 4061 φησιν
624 4031 639 4055 ,
667 3989 956 4056 Ἔχοντες
1002 3984 1070 4039 τὸ
1101 3983 1248 4038 αὐτὸ
1281 3985 1523 4053 Πνεῦμα
1571 3983 1684 4052 τῆς
1729 3985 2009 4052 πίστεως,

432 4080 579 4132 τοῦτ’
602 4079 739 4141 ἐστι,
772 4075 870 4146 τὴν
895 4075 1063 4145 αὐτὴν
1092 4073 1295 4137 πίστιν,
1322 4070 1420 4144 τὴν
1463 4077 1519 4127 ἐν
1550 4078 1617 4146 τῇ
1645 4075 1858 4148 Παλαιᾷ
1880 4117 1894 4142 ,
1919 4077 2013 4131 καὶ

433 4174 593 4242 ἡμεῖς
627 4169 840 4239 ἔχομεν.
865 4166 963 4219 Διὰ
995 4166 1152 4219 τοῦτο
1170 4165 1265 4219 καλ⁸
1292 4164 1526 4236 ἀλλαχοῦ
1564 4184 1718 4236 φησι,
1747 4171 1876 4239 περὶ
1903 4168 2012 4223 τῶν

433 4260 555 4313 τότε
585 4258 756 4326 ἁγίων
776 4255 948 4324 λέγων
972 4270 986 4286 ο
1012 4253 1349 4323 Περιῆλθον
1366 4255 1436 4308 ὲν
1452 4257 1760 4325 μηλωταῖς
1776 4300 1793 4323 ,
1819 4258 1889 4311 ἐν
1920 4259 2009 4312 αι-

431 4351 615 4423 τείοις
655 4346 945 4418 δέρμασιν
967 4385 983 4411 ,
1015 4345 1473 4415 ὑστερούμενοι,
1507 4346 1840 4415 θλιϐόμενοι
1862 4388 1877 4410 ,
1904 4364 2009 4402 κα-

430 4442 827 4511 κουχούμενοι
846 4476 862 4503 ,
896 4430 984 4492 ὧν
1003 4438 1114 4491 οὐκ
1137 4430 1217 4507 ἦν
1245 4435 1414 4503 ἄξιος
1445 4439 1479 4491 ό
1498 4437 1727 4507 κόσμος
1751 4454 1764 4467 ο
1788 4434 1905 4492 εἶτα
1928 4439 2008 4493 δι-

428 4531 664 4593 δάσκων,
691 4530 771 4582 ὅτι
795 4528 864 4582 τά
889 4526 1038 4583 δεινά
1071 4526 1171 4599 μέν
1195 4527 1511 4599 ὑπέμειναν,
1546 4528 1673 4593 τοὺς
1698 4528 1755 4582 δέ
1784 4530 2009 4601 μισθοὺς

428 4621 640 4674 οὐδέπω
667 4621 760 4674 καὶ
802 4618 896 4672 νῦν
949 4618 1221 4673 ἀπέλαϐον
1243 4659 1259 4684 ,
1300 4619 1550 4690 ἐπήγαγε
1599 4618 1772 4690 λέγων
1798 4637 1812 4654 ’
1846 4622 2008 4677 Κατὰ

426 4707 545 4774 τὴν
568 4710 777 4761 πίστιν
805 4707 1109 4764 ἀπέθανον
1143 4704 1307 4766 οὗτοι
1340 4709 1564 4776 πάντες
1589 4750 1603 4774 ,
1641 4713 1729 4779 μὴ
1761 4714 2008 4782 κομισά-

425 4814 595 4868 μενοι
638 4797 748 4862 τὰς
795 4799 1155 4868 ἐπαγγελίας
1177 4840 1192 4866 ,
1256 4801 1419 4855 ἀλλὰ
1462 4802 1766 4870 πόρρωθεν
1817 4803 2000 4872 αὐτὰς

430 4887 659 4953 ιδόντες
680 4888 778 4941 καὶ
800 4887 1241 4960 ἀσπασάμενοι.
1264 4891 1376 4945 Καὶ
1399 4891 1515 4956 πῶς
1546 4889 1707 4958 εἶδον,
1737 4895 1856 4949 εἰπέ
1889 4913 2001 4967 μοι,

425 4978 526 5042 τὰς
585 4976 811 5048 μηδέπω
867 4977 1188 5048 παρούσας;
1227 4981 1353 5045 Τοῖς
1389 4981 1493 5052 τῆς
1530 4981 1765 5048 πίστεως
1801 4983 2003 5054 ὀφθαλ-

427 5072 548 5144 μοῖς
570 5110 585 5137 ,
618 5071 732 5132 τοῖς
784 5068 1168 5139 ὑπερϐαίνουσι
1216 5069 1308 5125 τὸν
1339 5071 1569 5144 οὐρανὸν
1590 5113 1607 5138 ,
1641 5074 1738 5129 καὶ
1782 5074 1852 5130 τὰ
1887 5075 2007 5130 ἐκεῖ

423 5158 771 5217 κατασκοποῦ
778 5176 861 5215 σιν
896 5158 1132 5215 ἅπαντα.

493 5254 557 5308 θ’.
591 5254 664 5308 Σύ
689 5252 746 5307 δέ
779 5270 868 5325 μοι
899 5251 1092 5306 σκόπει
1117 5251 1253 5305 Θεοῦ
1280 5252 1492 5323 σοφίαν,
1534 5254 1651 5319 πῶς
1677 5256 1771 5309 καὶ
1796 5255 1999 5320 ἔδειξεν

419 5347 599 5409 αὐτοῖς
624 5345 692 5398 τὰ
715 5344 944 5417 βραδεῖα
983 5340 1267 5414 πόρρωθεν
1290 5385 1304 5409 ,
1342 5341 1438 5396 καὶ
1470 5342 1569 5395 οὐκ
1596 5342 1762 5397 ἐδωκε
1790 5345 1887 5415 μὲν
1909 5344 1998 5397 εὐ-

336 5448 339 5451 ·
419 5434 589 5499 θέως,
624 5436 711 5489 ἴνα
745 5435 966 5506 μείζονα
988 5433 1165 5489 αὐτῶν
1200 5433 1503 5505 ἐργάσηται
1539 5433 1639 5503 τὴν
1669 5433 1946 5504 ὑπομονήν
1978 5449 1992 5465 ⁸

419 5524 586 5589 ἔδειξε
611 5524 668 5577 δέ
696 5525 998 5595 πόρρωθεν,
1021 5522 1108 5577 ἵνα
1133 5525 1252 5587 ταῖς
1285 5522 1466 5576 ἐλπίσι
1492 5519 1718 5583 ταύταις
1737 5521 1996 5592 τρεφόμε-

421 5632 518 5678 νοι,
550 5616 686 5687 μηδέ
715 5615 964 5686 αἴσθησιν
993 5614 1100 5667 τῶν
1129 5616 1412 5687 παρόντων
1444 5613 1651 5668 λάϐωσι
1686 5612 1883 5666 πόνων.

479 5792 508 5865 ξ
530 5794 700 5866 Ᾱὶίἰμι)
720 5797 952 5866 (λούεται
975 5799 1305 5861 πολυποίμνια.
1333 5802 1483 5851 Sav“.
1505 5802 1558 5850 in
1576 5815 1727 5866 marg.
1755 5803 1988 5851 πολυποι-

417 5856 549 5907 μνία,
564 5856 646 5900 καὶ
666 5857 905 5914 βουκολία.

1151 350 1209 405 S.
1250 350 1540 407 JOANNIS
1569 349 2060 409 CHBYSOSTOMI
2105 349 2424 409 ARCHIEP.
2464 348 3015 409 CONSTANTINOP.

2225 449 2385 506 ’Λλλά
2410 451 2550 523 τάχα
2578 470 2663 519 τις
2688 456 2797 511 τῶν
2832 450 3085 529 ὀξύτερον
3126 461 3498 531 προσεχόντων
3537 465 3722 537 ἐαυτῷ

2143 544 2618 609 περιπεπτωκέναι
2653 546 2746 600 τὸν
2777 546 2933 616 λόγον
2966 549 3253 619 ἡγήσεται.
3284 553 3346 604 Εἰ
3386 551 3496 623 γὰρ
3523 555 3648 609 οὐδὲ
3671 558 3721 609 oi

2140 631 2415 705 πρότεροι,
2444 637 2634 707 φησὶν,
2665 639 3050 711 ἀπελάμϐανον
3080 641 3230 713 παρά
3259 644 3426 707 πόδας
3445 645 3513 699 τὰ
3539 647 3723 715 ἀγαθά

2138 723 2234 776 καὶ
2268 724 2368 789 τὰς
2391 727 2645 798 ἀμοιϐὰς,
2673 730 2792 796 πῶς
2822 733 2955 803 ἡμῖν
2982 733 3194 805 μακρὸν
3219 735 3512 800 ἀπέτεινας
3538 737 3716 806 λόγον,

2137 814 2613 891 ἀπαριθμούμενος
2648 820 2809 893 ὡρῶν
2837 823 3136 895 εὐκρασίαν
3154 865 3172 891 ,
3199 824 3451 896 σώματος
3483 826 3721 896 ὑγίειαν,

2137 907 2454 977 εὐπαιδίαν,
2504 911 2895 981 πολυπαιδίαν,
2937 914 3258 987 εὐετηρίαν,
3296 917 3528 988 καρπῶν
3553 920 3722 988 ἀφθοο

2137 997 2276 1058 νίαν,
2301 1000 2573 1070 βουκόλια,
2600 1004 3089 1076 ποίμνια,-ἀπασαν
3113 1007 3215 1078 τὴν
3241 1006 3500 1081 βιωτικὴν
3520 1010 3724 1080 εὐπρα·

2135 1090 2291 1158 γίαν;
2321 1092 2472 1167 [287]
2512 1095 2577 1149 Τί
2614 1091 2709 1151 οὖν
2760 1096 2828 1151 ἀν
2873 1097 3123 1169 εἴποιμεν
3174 1099 3311 1169 πρὸς
3351 1100 3541 1165 τοῦτο;
3594 1103 3719 1160 Ὅτι

2136 1182 2337 1253 ἑτέρως
2380 1186 2480 1256 μὲν
2523 1187 2585 1241 τὸ
2624 1187 2826 1260 πλῆθος
2855 1189 2951 1243 καὶ
2985 1189 3079 1244 τὸν
3105 1189 3495 1263 ἀσθενέστερον
3524 1192 3716 1263 δῆμον.

2135 1270 2335 1343 ἑτέρως
2353 1273 2409 1326 δέ
2441 1277 2567 1341 τοὺς
2603 1278 2884 1346 γενναίους
2915 1279 3007 1333 καὶ
3040 1278 3139 1351 τὴν
3171 1280 3229 1335 ἐν
3253 1282 3320 1351 τῇ
3360 1281 3539 1350 Καινῇ
3565 1279 3718 1349 φιλο⁴

2136 1362 2329 1431 σοφίαν
2352 1365 2452 1436 ήδη
2486 1367 2770 1437 μετιόντας
2796 1364 2931 1441 ἦγεν
2960 1372 2989 1424 ό
3006 1370 3139 1433 Θεὸς
3165 1370 3306 1423 τότε.
3329 1371 3455 1434 Τοῖς
3482 1370 3583 1442 μὲν
3606 1371 3720 1442 γὰρ

2135 1452 2350 1518 πολλοῖς
2375 1456 2470 1510 καὶ
2493 1458 2668 1529 χαμαὶ
2703 1459 3027 1532 ἐρπομένοις
3070 1462 3166 1516 καὶ
3188 1463 3342 1517 οὐδὲν
3374 1462 3519 1534 μέγα
3551 1463 3715 1517 δυναο

2138 1546 2320 1615 μένοις
2343 1547 2492 1613 ἰδεῖν,
2509 1549 2629 1603 οὐδέ
2655 1552 2890 1606 ἐκτεῖναι
2914 1553 3013 1624 τὴν
3039 1553 3139 1624 τῆς
3161 1553 3343 1624 ψυχῆς
3365 1555 3557 1607 ἐλπίδα
3579 1554 3717 1626 πρὸς

2135 1632 2232 1705 τὴν
2251 1634 2360 1689 τῶν
2376 1635 2674 1706 μελλόντων
2698 1638 2992 1695 ἀπόλαυσιν
3010 1640 3253 1709 ἀγαθῶν,
3276 1640 3453 1696 ταῦτα
3476 1641 3545 1694 τὰ
3570 1658 3716 1715 παρ-

2134 1724 2262 1778 όντα
2297 1728 2556 1798 παρεῖχεν
2585 1728 2787 1798 ἀγαθὰ,
2836 1730 2935 1801 τὴν
2978 1729 3262 1785 ἀσθένειαν
3295 1733 3395 1800 τῆς
3418 1731 3596 1804 ψυχῆς
3616 1732 3718 1786 αὐ-

2134 1815 2243 1869 τῶν
2271 1817 2788 1890 παραμυθούμενος,
2813 1821 2909 1875 καὶ
2930 1821 3020 1876 διά
3041 1822 3247 1877 τούτων
3276 1822 3472 1888 αὐτοὺς
3502 1823 3716 1894 ὁδηγῶν

2136 1903 2227 1957 ἐπὶ
2251 1903 2349 1976 τὴν
2371 1906 2471 1978 τῆς
2495 1909 2696 1980 ἀρετῆς
2724 1911 2985 1983 ἐργασίαν
3005 1950 3021 1976 ,
3052 1912 3147 1967 καὶ
3175 1914 3255 1976 είς
3278 1911 3375 1983 τὴν
3394 1911 3503 1966 τῶν
3528 1911 3715 1968 καλῶν

2135 1990 2427 2062 ἐπιθυμίαν
2458 1995 2744 2065 ἐμϐάλλων
2773 2012 2786 2026 ⁸
2839 1998 2933 2052 τὸν
2958 1999 3015 2052 δὲ
3052 1997 3238 2052 Ἠλίαν
3275 1998 3371 2052 καὶ
3402 1999 3492 2053 τὸν
3533 1999 3712 2052 Ἐλισ-

2136 2077 2312 2142 σαῖον,
2357 2078 2450 2134 τὸν
2502 2081 2771 2154 Ἱερεμίαν
2790 2123 2804 2147 ,
2841 2085 2929 2138 τὸν
2977 2086 3205 2140 Ἡσαΐαν
3228 2126 3243 2147 ,
3276 2086 3369 2140 καὶ
3405 2087 3613 2150 πάντας
3642 2085 3712 2158 δὴ

2133 2165 2321 2231 ἁπλῶς
2349 2168 2479 2234 τούς
2522 2174 2833 2242 προφήτας,
2869 2173 2962 2226 καὶ
2995 2172 3108 2227 ὅσοι
3139 2174 3235 2228 τοῦ
3262 2174 3422 2247 χοροῦ
3450 2176 3711 2246 γεγένην-

2132 2270 2222 2307 ται
2250 2255 2360 2309 τῶν
2388 2256 2556 2326 ἁγίων
2584 2260 2678 2313 καὶ
2711 2259 2961 2331 μεγάλων
3000 2262 3240 2335 ἀνδρῶν,
3269 2265 3360 2316 ἐπὶ
3382 2264 3509 2328 τοὺς
3547 2264 3711 2334 οὐρας

2134 2340 2259 2406 νούς
2307 2344 2491 2399 ἐκάλει
2529 2349 2623 2400 καὶ
2655 2347 2721 2403 τά
2754 2348 2870 2403 ἐκεῖ
2898 2350 3384 2422 παρεσκευασμένα
3413 2354 3526 2415 τοῖς
3562 2352 3709 2405 εὐδο-

2133 2432 2426 2502 κιμηκόσ;ν
2457 2434 2657 2503 ἀγαθά.
2684 2435 2773 2489 Διδ
2805 2437 2899 2490 καὶ
2935 2438 2963 2492 6
2991 2436 3203 2502 Παῦλος
3233 2438 3332 2509 οὐχ
3360 2439 3546 2503 ἁπλῶς
3572 2440 3712 2493 πάν-

2131 2532 2232 2580 τας
2258 2516 2682 2590 ἀπηριθμήσατο
2705 2559 2720 2581 ,
2762 2519 2898 2575 ἀλλά
2929 2522 3056 2585 τοὺς
3089 2522 3148 2575 ἐν
3191 2521 3466 2594 μηλωταῖς
3485 2561 3501 2588 ,
3532 2524 3591 2578 ἐν
3624 2523 3711 2577 al-

2132 2603 2301 2672 γείοις
2329 2603 2581 2675 δέρμασι,
2612 2606 2739 2669 τοὺς
2759 2607 2815 2659 ἐν
2835 2606 3070 2678 καμίνῳ,
3091 2608 3219 2671 τοὺς
3246 2609 3305 2661 ἐν
3325 2609 3705 2680 δεσμωτηρίῳ,

2130 2689 2259 2752 τοὺς
2284 2690 2883 2761 ἀποτυμπανισθέντας,
2912 2694 3038 2758 τούς
3066 2694 3549 2760 καταλευσθέντας,
3578 2700 3711 2762 τοὺς

2130 2777 2189 2831 ἐν
2225 2776 2399 2848 λιμῷ,
2428 2780 2557 2842 τοὺς
2585 2780 2645 2833 ἐν
2671 2779 2833 2852 πενία
2854 2822 2869 2844 ,
2914 2782 3042 2845 τοὺς
3077 2782 3136 2836 ἐν
3168 2781 3427 2854 ἐρημίαις
3448 2822 3464 2847 ,
3498 2784 3626 2847 τοὺς
3653 2785 3711 2837 ἐν

2132 2863 2421 2935 σπηλαίοις
2439 2906 2455 2929 ,
2490 2867 2617 2931 τοὺς
2650 2868 2709 2920 ἐν
2730 2870 2849 2931 ταῖς
2877 2867 3039 2932 ὀπαῖς
3060 2867 3163 2939 τῆς
3190 2869 3297 2939 γῆς
3313 2911 3330 2935 ,
3354 2870 3480 2934 τούς
3504 2870 3573 2924 τά
3609 2888 3703 2940 μυ-

2134 2946 2224 3018 ρία
2257 2946 2530 3011 παθόντας
2553 2947 2720 3004 δεινά.
2751 2952 2861 3005 Καὶ
2882 2951 3002 3004 τότε
3026 2947 3147 3004 εἷπε
3183 2952 3325 3006 κατά
3359 2952 3541 3005 πίστιν
3568 2953 3707 3007 πάνα

2129 3046 2230 3095 τας
2264 3030 2746 3101 τετελευτηκέναι,
2809 3033 2905 3086 καὶ
2959 3033 3188 3104 μηδέπω
3236 3033 3561 3105 κεκομίσθαι
3608 3034 3709 3098 τὰς

2130 3111 2463 3181 ἐπαγγελίας
2482 3128 2498 3144 ο
2524 3114 2644 3184 οὐχ)⁸
2674 3115 2736 3168 τὸ
2765 3114 2970 3183 πλῆθος
2992 3115 3056 3170 τὸ
3093 3115 3395 3179 Ἰουδαϊκὸν,
3418 3116 3556 3170 ἀλλά
3580 3119 3709 3182 τοὺς

2128 3195 2271 3249 κατά
2291 3194 2383 3249 τὸν
2418 3194 2606 3251 Ἠλίαν
2631 3199 2764 3269 ἡμῖν
2787 3199 3175 3268 αἰνιττόμενος.
3218 3200 3280 3252 Εἰ
3320 3199 3377 3251 δὲ
3399 3199 3545 3268 λέγοι
3581 3218 3667 3264 τις
3688 3218 3705 3232 ·

2127 3281 2292 3334 Αὐτοὶ
2313 3281 2369 3335 δέ
2396 3278 2541 3337 οὗτοι
2558 3283 2703 3346 τίνος
2730 3280 2915 3335 ἐνεκεν
2945 3282 3156 3335 οὐδέπω
3177 3283 3273 3335 καὶ
3309 3281 3405 3336 νῦν
3430 3283 3707 3338 ἀπέλαϐον

2125 3365 2251 3427 τοὺς
2282 3364 2660 3437 ὀφειλομένους
2703 3365 2885 3427 αὐτοῖς
2918 3365 3243 3433 στεφάνους;
3271 3364 3588 3436 μανθανέτω
3612 3367 3711 3419 καὶ

2123 3446 2327 3519 ταύτην
2359 3448 2508 3520 παρά
2540 3448 2750 3502 Παύλου
2782 3447 2883 3518 τὴν
2912 3446 3109 3500 αἰτίαν.
3140 3447 3326 3502 Είπὼν
3362 3447 3471 3518 γὰρ
3493 3488 3509 3514 ,
3544 3450 3705 3503 Κατὰ

2124 3532 2336 3587 πίστιν
2359 3533 2662 3587 ἀπέθανον
2691 3527 2856 3589 οὗτοι
2891 3531 3114 3598 πάντες
3140 3571 3155 3596 ,
3191 3531 3272 3601 μὴ
3314 3531 3705 3602 κομισάμενοι

2123 3617 2231 3683 τὰς
2265 3617 2624 3689 ἐπαγγελίας
2646 3656 2662 3683 ,
2696 3618 2963 3689 ἐπήγαγε,
2998 3614 3113 3669 Τοῦ
3161 3617 3309 3670 Θεοῦ
3338 3616 3608 3685 κρεῖττόν
3646 3634 3704 3670 τι

2122 3703 2623 3773 προϐλεψαμένου
2659 3702 2793 3771 περὶ
2823 3701 2992 3772 ἡμῶν
3015 3741 3031 3768 ,
3062 3701 3162 3754 ἵνα
3203 3700 3289 3769 μὴ
3322 3700 3496 3768 χωρὶς
3532 3699 3704 3769 ἡμῶν

2120 3784 2492 3840 τελειωθῶσι.
2532 3786 2699 3857 Κοινὴ
2735 3786 2844 3857 γάρ
2884 3787 3040 3850 ἐστι,
3072 3784 3237 3854 φησὶν
3258 3822 3275 3851 ,
3308 3785 3342 3855 ή
3372 3786 3697 3856 πανήγυρις,

2122 3869 2308 3940 ἐπειδὴ
2334 3869 2429 3922 καὶ
2463 3869 2665 3939 μείζων
2702 3868 2862 3940 ἡδονὴ
2885 3910 2900 3934 ,
2952 3869 3081 3922 ὅταν
3115 3870 3264 3938 κοινῇ
3311 3866 3702 3937 στεφανώμεθα

2121 3952 2342 4014 πάντες.
2370 3951 2543 4005 Τοῦτο
2588 3953 2680 4006 καὶ
2714 3953 2773 4005 ἐν
2820 3953 2929 4016 τοῖς
2977 3950 3364 4021 Ὀλυμπιακοῖς
3408 3948 3585 4018 ἀγῶσι
3613 3951 3702 4020 γί-

2119 4051 2271 4089 νεται
2290 4051 2304 4064 ·
2331 4035 2359 4088 ό
2392 4034 2664 4098 παλαίσας
2681 4073 2696 4098 ,
2725 4034 2753 4086 ὁ
2775 4032 3117 4099 πυκτεύσας,
3145 4035 3175 4086 ό
3198 4031 3615 4102 παγκρατιάσας
3641 4034 3702 4087 ἐν

2117 4115 2394 4187 διαφόροις
2423 4117 2521 4186 μὲν
2555 4118 2765 4188 καιροῖς
2794 4116 2920 4179 τοὺς
2950 4114 3167 4185 ἀγῶνας
3206 4114 3566 4184 ὑπομένουσιν
3588 4154 3605 4173 ,
3640 4116 3698 4167 ἐν

2122 4199 2223 4270 μιᾷ
2256 4198 2312 4251 δὲ
2363 4197 2558 4269 καιροῦ
2594 4200 2733 4269 ῥοπῇ
2786 4198 2988 4261 πάντες
3017 4194 3503 4269 ἀνακηρύττονται.
3542 4196 3697 4250 Οὕτω

2118 4283 2212 4337 καὶ
2239 4284 2297 4336 ἐν
2316 4284 2427 4343 τοῖς
2452 4278 2695 4352 ἀρίστοις
2722 4282 2951 4351 γίνεται.
2986 4283 3155 4337 Ὅταν
3184 4281 3292 4354 γὰρ
3314 4281 3423 4334 τῶν
3443 4281 3698 4353 δαιτυμό-

2118 4384 2223 4422 νων
2255 4366 2306 4419 οί
2340 4365 2441 4436 μέν
2466 4365 2711 4435 φθάσωσι
2740 4366 3281 4438 προαπαντήσαντες,
3305 4365 3355 4417 οί
3378 4364 3434 4417 δέ
3460 4365 3539 4417 ἔτι
3570 4365 3697 4435 μέλ-

2115 4449 2287 4508 λωσι,
2321 4448 2588 4518 τιμῶντες
2638 4450 2766 4512 τοὺς
2800 4448 3224 4516 ἀπολειφθέντας
3266 4450 3316 4502 οί
3359 4448 3692 4521 ἑστιάτορες,

2113 4533 2241 4596 τοὺς
2268 4531 2580 4601 φθάσαντας
2609 4531 2710 4603 ήδη
2739 4533 2833 4586 καὶ
2874 4532 3350 4605 παραγενομένους
3384 4531 3695 4586 κελεύουσιν

2113 4614 2408 4686 ἀναμένειν
2434 4614 2562 4678 τούς
2589 4615 3013 4686 ὑστερήσαντας.
3055 4614 3224 4668 Τοῦτο
3252 4615 3343 4669 καὶ
3371 4612 3399 4668 ό
3426 4613 3562 4678 Θεὸς
3598 4632 3695 4667 πε-

2113 4697 2367 4768 ποίηκεν
2403 4696 2591 4768 ἐπειδὴ
2628 4697 2736 4768 γὰρ
2763 4698 2889 4774 τ-οὐς
2916 4699 2981 4750 ἐκ
3007 4698 3107 4768 τῆς
3131 4698 3451 4767 οἰκουμένης
3472 4697 3694 4768 ἀπάσης

2112 4781 2255 4836 κατὰ
2281 4780 2571 4852 διαφόρους
2595 4782 2821 4853 καιροὺς
2851 4781 3278 4852 εὐδοκιμηκότας
3301 4781 3395 4834 ἐπὶ
3418 4780 3608 4851 κοινήν
3632 4796 3691 4833 τε

2112 4865 2206 4917 καὶ
2230 4864 2606 4935 πνευματικὴν
2632 4863 2866 4935 εὐωχίαν
2888 4864 3138 4929 ἐκάλεσε,
3171 4864 3296 4927 τοὺς
3320 4863 3424 4933 ἤδη
3458 4864 3689 4932 φθάσαν-

2108 4963 2209 5010 τας
2250 4947 2347 5001 καὶ
2404 4945 2844 5019 -προαπελθόντας
2891 4946 3102 5001 κελεύει
3150 4947 3276 5010 τοὺς
3331 4945 3470 5016 μετά
3514 4944 3687 4999 ταῦτα

2109 5029 2327 5084 ἀπιέναι
2359 5027 2652 5101 μέλλοντας
2685 5029 2976 5101 ἀναμένειν
2994 5073 3010 5097 ,
3053 5030 3119 5085 ἵν’
3155 5028 3297 5084 οὕτω
3322 5031 3475 5100 κοινῇ
3506 5047 3688 5101 παρα-

2080 5128 2088 5163 ;
2108 5113 2415 5185 γενομένων
2442 5113 2736 5179 ἀπάντων,
2770 5112 2925 5184 καὶὴ
2970 5113 3103 5185 τιμὴ
3156 5114 3249 5168 καὶ
3300 5114 3335 5183 ή
3380 5112 3543 5183 ⁴ήδονὴ
3591 5112 3688 5182 μία

2109 5198 2279 5251 ἆπασι
2313 5197 2561 5268 γένηται.

2181 5287 2229 5334 ι’.
2265 5280 2547 5351 Ἐννόησον
2564 5281 2672 5353 γὰρ
2687 5280 2873 5353 ἡλίκον
2890 5282 3038 5335 ἐστὶν
3059 5282 3138 5345 είς
3157 5280 3323 5352 τιμῆς
3341 5279 3517 5349 λόγον,
3537 5275 3687 5334 Παῦ-

2103 5363 2195 5418 λον
2226 5365 2321 5418 καὶ
2345 5366 2473 5428 τοὺς
2499 5364 2622 5418 κατ’
2646 5366 2853 5419 ἐκεῖνον
2877 5365 3142 5429 ἅπαντας,
3163 5364 3256 5417 τὸν
3293 5363 3566 5436 Ἀϐραὰμ,
3592 5362 3684 5418 καὶ

2104 5448 2229 5511 τοὺς
2260 5447 2380 5501 κατ’
2415 5447 2621 5502 ἐκεῖνον
2641 5488 2654 5509 ,
2687 5447 2780 5500 καὶ
2815 5448 2941 5511 τοὺς
2980 5448 3085 5519 πρὸ
3141 5445 3348 5501 ἐκείνου
3381 5446 3541 5500 πάλιν
3578 5446 3683 5518 πρὸ

2101 5530 2370 5585 τοσούτων
2400 5531 2536 5584 ἐτῶν
2568 5531 2909 5602 ἀθλήσαντας
2937 5531 3033 5584 καὶ
3055 5530 3378 5600 νικήσαντας
3416 5529 3683 5600 καθῆσθαι

2102 5613 2198 5670 νῦν
2222 5615 2318 5687 τὴν
2347 5616 2624 5686 ἡμετέραν
2654 5614 3020 5684 ἀναμένοντας
3043 5612 3408 5682 εὐδοκίμησιν.
3430 5612 3554 5665 Ὅτι
3574 5611 3681 5680 γὰρ

2100 5696 2310 5750 οὐδέπω
2339 5698 2432 5750 τὸν
2461 5697 2725 5766 στέφανον
2755 5695 2970 5759 Παῦλος
2998 5694 3327 5763 ἀπείληφεν,
3356 5693 3480 5748 οὐδέ
3524 5693 3680 5753 ἀλλος

2098 5779 2273 5844 οὐδεὶς
2305 5780 2416 5834 τῶν
2448 5779 2507 5844 ἐξ
2543 5779 2720 5852 ἀρχῆς
2753 5777 3219 5850 εὐηρεστηκότων,
3246 5774 3360 5829 ἀλλ’
3397 5774 3519 5829 οὐδὲ
3544 5774 3679 5827 ἀποσ

2100 5862 2400 5933 λήψονται,
2437 5864 2541 5927 ἕως
2589 5863 2656 5917 ἂν
2697 5862 2934 5927 ἅπαντες
2992 5862 3041 5915 οἱ
3069 5858 3228 5931 μέχρι
3265 5857 3457 5922 τέλους
3486 5872 3674 5925 στεφα-
