4062 6418
244 375 343 434 297

244 500 373 556 dabit
385 498 469 554 tibi
487 496 708 570 plurium
727 495 1023 549 matutinant
1043 501 1090 547 et
1108 489 1382 547 serotinum
1402 483 1572 561 (Ibid.
1601 485 1688 541 ll.
1713 483 1825 554 14).

244 588 462 656 Excipiet
487 602 606 641 area
627 586 956 648 vindemiam,
982 592 1028 638 et
1051 580 1303 636 vindemia
1329 584 1596 633 sementem
1625 573 1824 646 (Leuit.

240 683 326 736 9.6.
356 681 407 734 4.
438 679 473 733 5
496 679 535 748 ).
568 677 794 747 Aliaque
838 675 1005 730 multa
1047 672 1208 728 simili
1239 670 1398 726 modo
1437 668 1517 725 eis
1545 666 1826 737 promisit,

242 786 350 840 quis
392 768 602 840 quidem
633 768 814 823 omnia
858 766 911 820 in
943 764 1192 834 prmsenti
1218 763 1325 817 vita
1350 760 1432 818 eis
1478 756 1728 815 reddidit.
1771 756 1829 812 Si

242 861 352 929 quis
375 869 457 914 est
482 857 716 921 acutior,
761 855 869 926 jam
898 854 1154 925 prtcvidet
1194 852 1536 908 solutionem.
1570 847 1826 917 Quando-

241 951 445 1017 quidem
477 949 634 1020 igitur
657 946 899 1018 corporis
920 946 1122 1001 sanitas
1142 987 1157 1010 ,
1188 958 1442 1015 agrorum
1467 939 1692 997 felicitas
1714 979 1730 1004 ,
1758 939 1826 1042 li:

243 1042 477 1096 berorum
506 1039 714 1093 bonitas
739 1046 895 1108 atque
922 1036 1072 1107 capia
1097 1075 1115 1102 ,
1165 1035 1335 1090 fausta
1374 1043 1625 1089 senectus
1646 1072 1662 1097 ,
1701 1035 1828 1086 anni

245 1132 459 1200 partium
493 1129 778 1199 temperies
802 1129 1023 1197 Optima,
1050 1142 1279 1183 annona:
1307 1125 1519 1180 bonitas
1536 1166 1551 1192 ,
1579 1124 1829 1178 imbrium

242 1221 634 1293 opportunitas,
678 1228 1044 1274 armentorum
1088 1229 1143 1273 et
1185 1232 1409 1289 gregum
1462 1214 1785 1271 abundantia
1810 1253 1826 1280 ,

244 1313 410 1368 omnia
434 1311 662 1381 denique
702 1311 839 1365 bona
869 1310 974 1365 illis
1001 1309 1055 1365 in
1085 1309 1186 1364 hac
1225 1308 1332 1363 vita
1359 1305 1828 1377 repraesentabun-

243 1415 356 1472 tur,
387 1404 622 1474 nihilque
648 1414 768 1472 post
795 1405 932 1458 hanc
960 1402 1119 1456 vitam
1149 1401 1279 1456 etin
1306 1399 1544 1455 futurum
1575 1398 1830 1454 smculum

240 1496 549 1566 sperandum
603 1496 997 1567 proponebatur
1038 1494 1198 1551 :hzec
1242 1503 1555 1563 reputantes
1600 1490 1784 1545 ﬁdeles
1810 1529 1828 1557 ,

240 1588 516 1658 majoribus
536 1587 747 1657 quidem
774 1589 883 1641 suis
907 1587 1085 1641 omnia
1113 1587 1250 1641 bona
1280 1600 1388 1655 pne
1418 1583 1641 1654 pedibus
1663 1580 1831 1637 fuisse

240 1681 334 1735 sila
360 1721 374 1746 ,
403 1680 501 1736 sibi
529 1696 659 1736 vero
706 1680 760 1734 in
794 1682 1025 1745 futuram
1056 1684 1218 1734 vitam
1266 1677 1484 1748 praemia
1510 1684 1565 1731 et
1602 1687 1830 1730 coronas

244 1774 464 1844 reposita
495 1789 652 1854 esse,
684 1782 735 1828 et
762 1790 826 1828 ex
859 1773 963 1828 ﬁde
1008 1773 1241 1841 ipsorum
1284 1770 1666 1841 promissiones
1698 1783 1829 1839 peu-

241 1866 360 1922 dere
385 1882 399 1920 :
424 1867 828 1922 delassahantur
846 1881 909 1921 ac
928 1865 1268 1931 deﬁciebant,
1297 1874 1352 1920 ut
1371 1866 1564 1936 quibus
1586 1864 1830 1919 universa

241 1957 338 2011 vita
367 1958 501 2012 inter
527 1958 848 2012 tentationes
879 1958 1182 2012 necessario
1209 1944 1351 2011 chet
1378 1955 1657 2027 exigenda.
1699 1955 1825 2009 Ηιηο

245 2049 393 2120 igitur
418 2052 765 2106 considerans
790 2051 1020 2116 Paulus,
1066 2059 1120 2104 et
1168 2050 1429 2104 malorum
1460 2064 1580 2120 quae
1619 2047 1700 2103 eis
1728 2048 1833 2102 im-

245 2144 530 2211 pendebant
583 2142 1044 2214 magnitudinem,
1076 2142 1295 2212 etquod
1326 2141 1410 2196 his
1453 2140 1669 2211 quidem
1715 2147 1835 2211 post

243 2232 430 2286 obitum
457 2233 699 2289 laborum
728 2233 1032 2288 mercedem
1061 2233 1199 2287 Deus
1228 2240 1373 2287 esset
1399 2231 1670 2302 pollicitus
1692 2271 1708 2296 ,
1740 2244 1831 2300 pa-

243 2324 400 2379 tribus
424 2335 602 2380 autem
646 2334 965 2396 praesentem
1012 2325 1417 2380 retributionem
1459 2324 1831 2395 prmstitissct;

241 2417 660 2489 pcrspiciensque
705 2434 949 2490 magnam
1001 2420 1052 2474 in
1108 2419 1215 2475 illis
1260 2419 1542 2489 svgnitiem
1570 2433 1601 2474 e
1628 2418 1822 2474 talibus

242 2512 641 2582 cogitationibus
670 2513 932 2580 suboriri,
964 2525 1016 2569 et
1047 2515 1233 2569 volens
1262 2529 1358 2569 eos
1384 2515 1617 2569 excitare
1641 2528 1706 2569 ac
1732 2513 1829 2569 do-

241 2618 379 2669 cere,
403 2613 612 2672 patrum
635 2620 844 2676 quoque
865 2605 1195 2675 temporibus
1211 2605 1450 2661 eamdem
1474 2603 1637 2660 fuisse
1654 2619 1833 2660 rerum

241 2699 710 2771 dispensationem,
734 2698 1036 2768 multosque
1062 2696 1167 2752 ﬁde
1190 2695 1490 2751 mercedem
1512 2696 1834 2766 percepisse,

243 2807 338 2847 non
365 2808 441 2857 re,
471 2791 837 2863 propheticum
861 2790 965 2844 illis
983 2789 1181 2844 dictum
1208 2789 1259 2842 in
1282 2788 1594 2845 memoriam
1623 2796 1839 2844 revocat

240 2883 452 2941 dicens:
488 2886 748 2939 Habentes
793 2882 1024 2937 eumdem
1055 2881 1308 2952 Spiritum
1352 2880 1493 2948 ﬁdei,
1533 2881 1661 2935 sicut
1703 2883 1833 2934 scri-

243 2985 372 3044 ptum
395 2986 485 3042 est,
514 2974 744 3037 Credidi,
779 2981 984 3044 prapter
1003 2971 1140 3044 quod
1167 2971 1406 3041 loquutus
1433 2987 1545 3025 sum
1576 2987 1597 3025 :
1628 2981 1831 3026 tantum

244 3079 338 3118 non
364 3065 546 3121 dicens
568 3064 712 3137 quod
743 3078 966 3135 magnus
993 3062 1155 3117 etiam
1184 3062 1273 3116 ille
1302 3061 1485 3124 David,
1514 3061 1757 3133 egregius
1783 3065 1839 3116 et

241 3156 570 3212 admirandus
597 3154 855 3227 propheta
879 3193 894 3219 ,
925 3152 1029 3207 ﬁde
1058 3151 1467 3208 retributionem
1496 3152 1835 3221 perceperit,

243 3261 337 3301 non
373 3250 749 3316 experimento
778 3264 792 3300 :
823 3244 1023 3315 alioqui
1049 3285 1065 3308 ,
1110 3243 1210 3298 nisi
1271 3257 1358 3298 res
1388 3242 1459 3298 ita
1490 3258 1549 3298 se
1576 3243 1835 3309 haberet,

243 3354 338 3392 non
358 3341 576 3397 dixisset
605 3338 776 3410 (Psul.
804 3339 926 3394 115.
960 3337 1045 3405 10)
1076 3355 1089 3392 :
1119 3337 1344 3404 Credidi,
1371 3346 1576 3409 prapter
1598 3338 1733 3408 quod
1755 3339 1836 3392 lo-

150 3451 169 3455 -
241 3441 417 3500 quatas
440 3449 573 3488 sum.
594 3431 757 3488 Fides
784 3431 928 3487 enim
957 3430 1023 3486 ad
1050 3445 1111 3486 ea
1134 3446 1252 3501 qum
1273 3439 1560 3500 sperantur
1583 3430 1833 3494 refertur,

243 3537 337 3578 non
359 3524 422 3579 ad
450 3540 511 3580 ea
538 3540 664 3596 quae
690 3523 939 3579 videntur
963 3539 977 3577 :
1001 3522 1140 3593 quod
1164 3522 1306 3578 enim
1334 3520 1479 3576 videt
1506 3522 1648 3592 quis,
1679 3521 1837 3592 plane

241 3630 338 3670 non
366 3626 543 3687 sperat
572 3616 759 3689 (Hebr.
790 3617 882 3673 Η.
911 3613 1010 3688 1.).
1042 3613 1098 3671 Si
1138 3614 1296 3685 igitur
1319 3613 1584 3681 credidit,
1618 3614 1720 3668 illis
1756 3614 1838 3669 ni-

239 3708 423 3764 mirum
464 3709 700 3766 credidit
730 3723 850 3779 qute
879 3707 1148 3778 sperabat.
1177 3706 1329 3775 Quod
1370 3706 1415 3762 si
1461 3706 1540 3761 eis
1569 3721 1689 3776 quae
1712 3720 1837 3777 spe-

240 3798 382 3855 rabat
425 3800 678 3865 credidit,
706 3815 826 3870 quae
874 3815 1000 3854 vero
1046 3807 1367 3870 sperantur,
1411 3813 1518 3853 non
1564 3797 1833 3865 videntur,

238 3891 578 3960 consequitur
619 3905 742 3945 eum
787 3905 895 3944 non
944 3889 1214 3957 recepisse
1240 3903 1301 3944 ea
1328 3904 1447 3958 qua:
1491 3888 1834 3954 crediderat;

242 3992 511 4054 propterea
541 3982 961 4050 dicit,llabcntes
989 3983 1218 4037 eumdem
1249 3979 1502 4051 Spiritum
1538 3981 1661 4050 ﬁdei
1689 3997 1711 4036 .'
1736 3981 1838 4037 hoc

239 4084 354 4140 est,
382 4077 633 4131 eamdem
664 4074 820 4131 ﬁdem
839 4115 855 4140 ,
884 4089 1004 4144 qum
1031 4073 1128 4128 fuit
1156 4073 1209 4128 in
1240 4072 1419 4127 Veteri
1444 4072 1789 4127 Testamento
1815 4114 1833 4140 ,

240 4165 392 4222 etiam
418 4183 518 4223 nos
543 4167 831 4222 habemus.
861 4166 1199 4235 Quapropter
1228 4171 1284 4219 et
1307 4163 1433 4219 alibi
1457 4163 1526 4219 de
1550 4162 1668 4232 ejus
1697 4170 1835 4219 tem-

240 4257 381 4322 poris
405 4259 611 4313 sanctis
625 4257 691 4311 ad
715 4258 857 4313 hunc
883 4257 1099 4312 modum
1130 4256 1367 4326 loquitur
1395 4272 1410 4311 :
1441 4254 1757 4310 Circuierunt
1782 4256 1835 4310 in

242 4346 449 4412 mutatis,
479 4348 532 4401 in
555 4347 774 4416 pellibus
800 4345 1043 4418 caprinis,
1073 4355 1293 4417 egentes,
1317 4346 1505 4416 amicti,
1532 4346 1828 4417 angustiati,

241 4436 410 4494 quibus
452 4438 641 4508 dignus
680 4454 782 4492 non
820 4447 926 4491 erat
952 4436 1170 4490 mundus
1198 4435 1217 4505 (
1247 4435 1403 4489 Ilcbr.
1434 4437 1521 4491 ii.
1549 4437 1639 4490 '57.
1676 4436 1786 4508 58)
1819 4452 1835 4490 :

242 4526 429 4585 deinde
476 4531 683 4585 docens
732 4545 827 4586 eos
868 4530 1197 4584 calamitates
1238 4528 1452 4597 quidem
1504 4529 1830 4598 pertulisse,

240 4619 537 4674 mercedem
564 4634 693 4675 vero
716 4619 951 4673 nondum
977 4619 1265 4687 recepisse,
1293 4616 1472 4671 subdit
1496 4617 1656 4673 verba
1685 4618 1800 4673 haec
1817 4658 1835 4684 ,

242 4704 304 4759 In
329 4708 431 4777 ﬁde
457 4710 649 4763 mortui
683 4719 800 4763 sunt
839 4724 1012 4763 omnes
1059 4708 1112 4762 hi
1136 4748 1150 4768 .
1183 4723 1272 4761 nec
1311 4707 1666 4776 promissiones
1698 4725 1810 4763 rere

242 4808 435 4865 perunt,
466 4801 559 4855 sed
587 4818 619 4851 a
662 4802 811 4872 longe
837 4810 1031 4854 tantum
1057 4811 1287 4868 aspectas
1331 4797 1679 4853 salutauerunt
1708 4798 1728 4873 (
1753 4797 1834 4854 Ib.

243 4904 287 4943 υ.
318 4891 406 4947 '59.
436 4903 537 4947 etc.
559 4903 610 4948 et
659 4894 728 4950 i5
749 4893 792 4962 ).
827 4892 894 4948 Et
922 4891 1191 4963 quomodo
1211 4891 1461 4946 viderunt
1487 4906 1601 4959 eas,
1632 4908 1835 4963 qtucso,

239 4994 356 5048 qua:
384 4982 625 5038 nondum
654 4991 809 5038 erant
837 4981 1165 5053 pra-sentes?
1192 4979 1343 5037 Fidei
1374 4981 1621 5036 nimirum
1647 4982 1836 5050 oculis,

240 5071 328 5138 qui
353 5072 545 5126 czelum
576 5080 880 5144 penetrant,
903 5081 958 5129 et
985 5086 1105 5142 qua:
1129 5073 1181 5149 in
1204 5086 1272 5128 eo
1288 5079 1414 5127 sunt
1438 5073 1684 5129 universa
1709 5090 1841 5128 con-

242 5161 586 5230 templantur.

311 5254 365 5308 9.
392 5254 475 5309 Tu
498 5270 632 5309 vero
649 5254 927 5310 considera
951 5253 1081 5308 mihi
1100 5253 1192 5309 Dei
1214 5253 1551 5324 sapientiam,
1573 5254 1842 5326 quomodo

247 5342 347 5396 illis
373 5346 596 5414 praemia
622 5361 653 5400 e
675 5345 963 5417 longinquo
980 5345 1297 5410 ostenderit,
1313 5360 1433 5414 quze
1459 5344 1579 5399 ideo
1598 5345 1711 5399 suis
1738 5360 1843 5399 non

245 5437 419 5492 statim
442 5438 617 5505 dedit,
646 5453 752 5509 quo
779 5438 948 5508 major
970 5445 1114 5494 esset
1141 5452 1325 5493 eorum
1349 5437 1598 5507 patientia
1624 5455 1639 5492 :
1666 5446 1846 5493 osten-

245 5525 323 5583 dit
361 5537 544 5585 autem
576 5543 611 5585 e
638 5530 927 5600 longinquo
966 5529 1088 5585 ideo
1134 5538 1217 5597 ut,
1246 5528 1346 5583 hac
1382 5543 1480 5599 spe
1517 5528 1700 5584 refecti
1731 5570 1747 5595 ,
1778 5544 1847 5583 ne

246 5631 462 5674 sensum
487 5620 706 5692 quidem
737 5620 1077 5692 praesentium
1103 5619 1346 5674 laborum
1373 5620 1688 5691 percipiant.

317 5713 479 5767 Aliter
501 5730 620 5767 cum
647 5715 796 5785 uulgo
815 5722 863 5769 et
883 5713 1032 5768 aliter
1059 5728 1171 5765 cum
1194 5712 1345 5782 iustis
1371 5722 1417 5765 et
1444 5713 1634 5766 sanctis
1659 5727 1712 5770 se
1731 5728 1844 5782 ges-

252 5802 315 5855 sit
342 5802 500 5858 Deus.
532 5833 609 5845 ——-
629 5803 733 5860 Sed
773 5806 950 5860 forsan
988 5804 1179 5874 aliquis
1204 5818 1267 5858 es
1314 5802 1397 5858 his
1426 5803 1515 5874 qui
1554 5803 1733 5860 acrius
1759 5816 1839 5861 at-

859 368 946 425 ΒΕ
989 364 1235 424 VERBIS
1273 362 1623 429 APOSTOLI,
1671 360 2030 421 SIABENTES
2068 364 2358 424 EUMDEM
2398 368 2744 428 SPIRITUM.
2787 372 2872 431 ΙΙΙ.

3409 394 3516 452 298

1941 482 2184 552 tendunt,
2218 485 2359 543 inter
2385 503 2444 544 se
2474 492 2759 562 pugnantia
2789 508 2886 548 nos
2913 491 3093 552 dicere
3120 501 3345 568 putabit;
3378 503 3527 561 Dicet

1936 577 2079 632 cnim
2110 595 2123 632 :
2153 578 2208 633 Si
2240 596 2413 650 neque
2452 585 2643 653 priscis
2682 586 2786 640 illis
2809 588 2986 643 statim
3014 589 3192 646 oblata
3218 603 3340 649 sunt
3386 593 3525 652 bona

1935 679 1989 723 et
2018 672 2254 738 pnemia,
2286 674 2409 743 quid
2439 676 2507 729 ita
2531 676 2745 747 longum
2774 678 3001 735 habuisti
3033 696 3362 752 sermonem,
3391 704 3524 742 cnu-

1938 763 2193 817 merando
2209 765 2329 819 anni
2355 767 2582 835 partium
2609 770 2942 838 temperiem.
2961 772 3203 842 corporis
3218 777 3524 841 sanitatem,

1937 853 2224 910 liberorum
2254 857 2544 914 bonitatem
2575 874 2638 915 ac
2665 861 2898 932 copiam,
2928 877 3156 918 annona:
3184 864 3490 924 facilitatem
3511 914 3523 932 .

1939 943 2203 1000 fructuum
2230 946 2607 1004 abundantiam
2628 989 2646 1018 ,
2686 962 2949 1017 armenta,
2979 968 3200 1025 greges,
3233 965 3288 1012 et
3314 975 3528 1015 omnem

1940 1035 2149 1091 vivendi
2189 1036 2495 1094 felicitatem
2520 1041 2541 1095 ?
2569 1041 2704 1109 Quid
2752 1044 2909 1114 igitur
2938 1045 3003 1099 ad
3034 1047 3136 1102 hoc
3173 1059 3255 1104 est
3302 1065 3526 1122 respou-

1938 1127 2171 1185 dendum
2193 1130 2219 1184 'I
2241 1132 2412 1188 Aliter
2449 1149 2568 1188 cum
2619 1135 2774 1205 vulgo
2823 1146 2877 1191 et
2908 1138 3255 1197 imbecilliore
3284 1146 3480 1214 popqu
3509 1187 3526 1210 ,

1937 1220 2090 1275 aliter
2109 1237 2229 1277 cum
2249 1229 2525 1294 generosis
2548 1226 2873 1295 hominibus,
2904 1240 2957 1285 et
2977 1246 3119 1297 eam,
3148 1250 3266 1303 quae
3293 1247 3372 1291 εει
3398 1237 3529 1293 Novi

1937 1311 2263 1369 Tcstamenti
2289 1357 2305 1383 ,
2340 1316 2728 1389 philosophiam
2750 1321 2860 1390 jam
2888 1331 2997 1377 tum
3025 1325 3404 1384 meditantibus
3425 1373 3440 1396 ,
3472 1347 3532 1386 se

1937 1406 2169 1474 gessisse
2218 1408 2380 1462 Deum
2421 1409 2514 1465 illo
2565 1422 2826 1481 tempore.
2859 1412 3178 1472 Multitudini
3223 1420 3364 1475 enim
3413 1439 3533 1492 quae

1939 1494 2084 1549 humi
2128 1498 2345 1567 repehat
2367 1542 2382 1563 ,
2413 1516 2513 1556 nec
2540 1517 2786 1572 magnum
2816 1504 3013 1575 aliquid
3057 1508 3239 1565 videre
3280 1522 3483 1581 poterat
3514 1559 3529 1581 ,

1939 1602 2111 1656 neque
2141 1604 2289 1657 Spem
2327 1606 2476 1645 suam
2514 1593 2579 1647 ad
2608 1595 2902 1654 futurorum
2936 1599 3195 1656 bonorum
3228 1603 3531 1663 fruitionem

1938 1681 2263 1744 extendere,
2309 1688 2588 1754 praisentia
2623 1689 2759 1744 bona
2802 1691 3079 1762 exhibuit,
3123 1696 3533 1755 imbecillitatem

1939 1771 2131 1825 animm
2174 1787 2361 1828 eorum
2410 1778 2775 1845 consolando,
2829 1789 2882 1837 et
2910 1798 3007 1854 per
3030 1783 3132 1841 hoc
3174 1787 3239 1842 ad
3286 1788 3535 1847 virtutem

1939 1865 2293 1919 exercendam
2325 1866 2470 1936 ipsos
2498 1868 2847 1941 deducendo,
2879 1883 3038 1945 atque
3064 1878 3130 1932 ad
3162 1895 3336 1936 rerum
3369 1883 3537 1941 houe-

1939 1967 2142 2010 Starum
2164 1957 2487 2018 desiderium
2518 1979 2533 2025 ;
2566 1962 2732 2018 Eliam
2759 1976 2939 2021 autem
2968 1978 3020 2023 et
3047 1969 3294 2027 Elismum
3315 1985 3366 2029 et
3388 1975 3538 2033 Jere-

1941 2049 2102 2103 miam
2130 2060 2181 2105 et
2212 2050 2456 2106 llesaiam
2486 2062 2540 2108 et
2572 2054 2622 2108 in
2655 2071 2868 2111 summa
2900 2060 3181 2118 universos
3209 2066 3500 2136 prophetas
3523 2112 3536 2134 ,

1940 2148 1995 2194 et
2037 2149 2299 2210 quotquot
2346 2142 2412 2196 ad
2458 2159 2769 2214 ntagnormn
2811 2157 2867 2203 et
2908 2160 3215 2209 sanctorum
3266 2156 3539 2214 hominum

1946 2230 2168 2285 chorum
2194 2234 2548 2301 pertinebant,
2578 2237 2644 2290 ad
2672 2239 2833 2294 (λι-105
2856 2242 3100 2311 vocabat,
3127 2244 3193 2299 ad
3215 2262 3382 2316 caque
3405 2250 3540 2307 bona

1941 2338 2059 2391 quae
2100 2323 2286 2379 electis
2315 2334 2442 2379 sum
2485 2326 2593 2381 illic
2621 2342 2937 2399 prmparata.
2973 2333 3332 2402 Quamobrem
3378 2342 3537 2397 etiam

1942 2414 2136 2470 Paulus
2181 2432 2287 2471 non
2319 2433 2508 2474 manes
2554 2422 2712 2476 simul
2759 2427 3131 2494 enumeravit,
3182 2432 3277 2486 sed
3316 2435 3542 2492 amictus

1940 2506 2114 2561 ovillis
2136 2522 2198 2562 ac
2221 2508 2453 2579 caprinis
2482 2511 2705 2580 pellibus
2726 2553 2743 2580 ,
2806 2514 2857 2568 iu
2890 2514 3164 2575 fornacem
3212 2523 3488 2594 conjectos
3514 2570 3529 2591 ,

1942 2597 2166 2652 vinculis
2194 2600 2511 2656 constrictos
2532 2644 2547 2664 ,
2581 2602 2841 2661 distentos
2863 2647 2877 2673 ,
2903 2609 3047 2663 saxis
3076 2610 3333 2681 lapidatos
3355 2656 3370 2679 ,
3406 2615 3543 2671 fame

1941 2696 1996 2742 et
2039 2688 2214 2759 inopia
2246 2691 2551 2750 laborantes
2576 2736 2590 2759 ,
2634 2693 2688 2749 in
2737 2697 3115 2757 solitudinibus
3137 2742 3152 2768 ,
3194 2705 3462 2775 speluncis
3490 2718 3545 2762 et

1940 2782 2182 2836 cavernis
2201 2791 2354 2838 terra:
2378 2785 2655 2858 degentes,
2677 2790 3062 2863 innumeraque
3104 2795 3241 2849 tnala
3271 2799 3541 2855 sustinen-

1942 2878 2043 2924 tes.
2075 2872 2143 2926 At
2172 2881 2281 2927 tum
2313 2875 2528 2932 demum
2558 2879 2694 2935 dixit
2722 2896 2910 2938 omnes
2942 2883 3040 2939 hos
3063 2885 3113 2939 in
3142 2900 3237 2957 spe
3270 2900 3543 2959 mortuos,

1944 2979 2043 3018 nec
2073 2965 2247 3020 adhuc
2279 2973 2690 3037 promissionem
2733 2978 3001 3045 recepisse
3028 2996 3040 3031 :
3070 2979 3414 3037 subindicaus
3445 2999 3539 3038 no-

1942 3053 2024 3109 bis
2052 3072 2158 3111 non
2185 3058 2372 3129 vulgus
2398 3060 2699 3130 Iudaicum,
2726 3066 2819 3121 sed
2853 3066 3096 3122 homines
3121 3071 3187 3124 ad
3222 3071 3350 3127 Elia:
3392 3075 3543 3131 simt-

1942 3144 2218 3202 litudinem
2263 3152 2601 3208 accedentes.
2634 3155 2783 3223 Quod
2829 3157 2872 3211 si
2902 3160 3021 3228 quis
3051 3159 3193 3216 dicat
3223 3181 3236 3215 :
3271 3163 3332 3218 lli
3363 3175 3543 3221 autem

1944 3236 2042 3307 ipsi
2065 3241 2412 3309 quamobrem
2446 3260 2514 3299 ne
2539 3260 2682 3313 nunc
2709 3247 2924 3318 quidem
2953 3249 3161 3306 debitas
3183 3254 3284 3308 sibi
3317 3270 3545 3312 coronas

1942 3322 2348 3399 perceperunt?
2389 3349 2604 3390 causam
2632 3336 2789 3404 hujus
2817 3339 2897 3394 rei
2926 3340 3098 3397 discat
3122 3359 3149 3394 a
3184 3344 3366 3400 Paulo.
3399 3348 3533 3401 Cum

1942 3422 2085 3475 enim
2116 3423 2338 3478 dixisset
2367 3443 2381 3479 :
2415 3424 2546 3480 Fide
2572 3438 2691 3481 sunt
2717 3432 2901 3484 mortui
2921 3447 3093 3487 omnes
3118 3434 3171 3487 lli
3197 3452 3297 3489 non
3324 3440 3543 3507 acceptis

1944 3512 2373 3581 promissionibus,
2402 3517 2691 3587 subjunxit,
2723 3518 2833 3575 Deo
2857 3538 2950 3592 pro
2978 3524 3121 3577 nobis
3146 3526 3325 3580 melius
3350 3529 3545 3600 aliquid

1943 3603 2252 3673 prorideute,
2272 3616 2327 3659 ut
2353 3623 2454 3662 non
2473 3609 2582 3662 sine
2601 3611 2743 3665 nobis
2758 3622 3257 3687 consummarentur(
3271 3617 3426 3673 llebr.
3457 3623 3542 3677 Η.
3564 3654 3567 3655 ν

1943 3696 2035 3750 15.
2067 3696 2136 3752 40
2160 3696 2199 3769 ).
2232 3697 2542 3754 Communis
2571 3702 2714 3756 enim
2742 3715 2820 3759 est
2846 3705 3131 3762 celebritas
3162 3708 3277 3765 haec
3300 3752 3315 3777 ,
3351 3711 3542 3782 inquit,

1941 3788 2370 3859 quandotptidem
2397 3791 2569 3862 major
2597 3795 2760 3849 etiam
2792 3805 2875 3849 est
2902 3798 3171 3869 voluptas,
3203 3801 3328 3857 dum
3358 3821 3545 3861 onlnes

1944 3879 2130 3934 eadem
2174 3897 2335 3951 Opera
2378 3897 2719 3940 coronamur.
2768 3886 2910 3942 ldem
2942 3889 3001 3944 fit
3043 3902 3098 3945 et
3140 3892 3192 3946 in
3218 3892 3545 3966 Olympiacis

1941 3975 2323 4031 certaminibus
2350 3994 2363 4030 :
2395 3976 2656 4045 luctator,
2689 3980 2827 4050 pugil
2852 4023 2865 4042 ,
2899 3983 3250 4050 pancratiasta
3270 4026 3288 4053 ,
3318 3987 3454 4042 d;vei
3469 3991 3546 4043 sis

1941 4065 2154 4135 quidem
2188 4068 2516 4136 temporibus
2544 4078 2814 4127 certamen
2846 4072 3077 4132 subeunt
3104 4117 3118 4139 ,
3148 4076 3241 4131 sed
3272 4093 3380 4132 uno
3407 4088 3541 4135 tem-

1942 4157 2090 4226 poris
2136 4167 2412 4215 momento
2438 4175 2628 4217 omnes
2665 4177 2696 4217 a
2742 4179 2988 4233 prmCone
3033 4168 3264 4223 victores
3305 4186 3546 4242 pronun-

1946 4247 2166 4302 tiantur.
2196 4247 2339 4305 idem
2371 4250 2426 4306 ﬁt
2454 4260 2508 4307 et
2531 4251 2584 4306 in
2616 4254 2896 4309 conviviis.
2935 4255 3153 4323 Quale
3182 4259 3324 4313 enim
3350 4264 3539 4318 convi-

1944 4351 2130 4393 varum
2157 4338 2246 4394 alii
2274 4351 2537 4396 venerunt
2564 4342 2824 4399 maturius
2842 4386 2856 4407 ,
2884 4345 2973 4399 alii
3002 4346 3176 4402 adhuc
3197 4359 3535 4419 cunctantur,
3618 4378 3623 4381 -

1944 4429 2315 4486 convivatorcs
2344 4431 2396 4486 in
2425 4432 2681 4489 honorem
2707 4435 3006 4491 absentium
3028 4437 3216 4505 jubent
3246 4451 3539 4509 pnrsentes

1930 4523 2220 4593 paulisper
2262 4540 2481 4580 manere
2507 4565 2524 4590 ,
2564 4526 2738 4582 donec
2767 4528 2840 4582 illi
2870 4544 3082 4598 quoque
3121 4531 3358 4587 veniant.
3390 4531 3536 4589 Idem

1944 4614 2105 4667 etiam
2133 4614 2269 4669 Deus
2298 4615 2414 4668 fecit
2453 4632 2465 4667 :
2494 4617 2742 4686 quon’am
2772 4618 2913 4670 ettitn
2936 4634 3001 4672 ex
3031 4628 3143 4674 toto
3164 4620 3296 4677 orbe
3314 4622 3543 4679 diversis

1946 4703 2274 4772 temporibus
2312 4704 2515 4758 electos
2544 4705 2609 4759 ad
2640 4719 2925 4761 comnmue
2964 4716 3020 4763 et
3048 4706 3325 4777 spirituale
3351 4715 3534 4768 convi-

1947 4794 2088 4847 vium
2106 4793 2360 4857 invitavit,
2381 4795 2530 4864 jubet
2548 4810 2643 4850 eos
2658 4797 2744 4866 (ιιιέ
2763 4796 2967 4867 priores
2988 4799 3212 4864 in-runt,
3226 4815 3540 4874 exspectare

1949 4898 2044 4939 eos
2068 4886 2156 4954 qui
2190 4886 2513 4954 posteriores
2537 4894 2663 4942 sunt
2688 4888 2928 4955 venturi,
2959 4899 3020 4945 ut
3060 4890 3164 4946 hoc
3191 4903 3345 4962 pacto
3369 4897 3547 4950 ninni-

1950 4976 2049 5031 hus
2074 4993 2176 5032 una
2218 4978 2593 5048 praesentibus,
2629 4995 2769 5036 unus
2794 4982 3043 5038 omnibus
3071 4987 3343 5059 contingat
3372 4989 3549 5044 honor

1949 5077 2003 5121 et
2032 5082 2135 5122 una
2163 5068 2424 5139 Voluptas.

2026 5160 2109 5216 i0.
2134 5159 2320 5231 Cogita
2339 5162 2481 5216 enim
2503 5174 2700 5231 quanta
2720 5162 2787 5217 sit
2809 5162 3029 5221 honoris
3046 5167 3303 5233 accessio,
3324 5169 3548 5225 Paulum

1951 5262 2007 5306 ct
2034 5251 2115 5306 sui
2147 5253 2401 5321 temporis
2421 5251 2685 5322 homines,
2713 5256 3071 5312 Abrahamnm
3097 5258 3223 5313 item
3244 5268 3405 5327 atque
3428 5261 3547 5329 ejus

1953 5343 2126 5397 :rtatis
2156 5342 2340 5410 viros,
2384 5358 2449 5398 ac
2485 5360 2696 5400 rursum
2726 5346 2862 5401 alios
2905 5346 2997 5416 qui
3040 5355 3115 5400 tot
3160 5347 3372 5403 sareulis
3418 5360 3544 5405 ante

1955 5435 2100 5489 illum
2128 5446 2466 5492 certaverunt
2492 5446 2541 5492 et
2567 5439 2823 5502 vicerunt,
2854 5437 3043 5493 sedere
3065 5453 3203 5492 nunc
3226 5449 3545 5509 exspectano

1957 5537 2037 5582 tes
2057 5529 2227 5584 donec
2246 5544 2344 5584 nos
2361 5544 2571 5599 quoque
2591 5528 2797 5598 probati
2818 5529 3006 5587 simus.
3026 5529 3176 5597 Quod
3195 5529 3338 5586 enim
3355 5531 3549 5587 Paulus

1959 5620 2193 5674 nomium
2218 5634 2472 5673 coronam
2516 5622 2815 5688 receperit,
2852 5633 3026 5689 neque
3052 5634 3236 5676 eorum
3265 5624 3547 5693 quisquam

1957 5712 2047 5781 qui
2080 5725 2308 5780 unquam
2338 5708 2406 5763 ab
2438 5708 2590 5763 initio
2621 5709 2728 5763 Deo
2759 5708 3102 5778 placuerunt,
3146 5711 3252 5765 imo
3284 5728 3353 5767 ne
3392 5728 3549 5769 rece-

1961 5803 2098 5873 pturi
2129 5801 2342 5872 quidem
2374 5802 2482 5856 sint
2523 5800 2696 5857 donec
2725 5817 2914 5857 cunnos
2955 5804 3043 5874 qui
3096 5805 3387 5861 coronandi
3427 5808 3559 5857 sunt
