4062 6428
443 382 554 436 299

445 492 798 550 convenerint
825 533 840 557 ,
889 489 1010 544 audi
1043 491 1212 557 ipsum
1253 483 1475 540 Paulum
1503 480 1768 534 dicentem
1801 496 1813 532 :
1846 475 2043 531 Bonum

446 597 704 640 certamen
745 584 928 638 certari
952 624 968 648 ,
999 597 1198 635 cursum
1223 575 1564 632 consummavi
1581 616 1596 635 .
1625 573 1777 643 ﬁdem
1799 573 1990 625 servavi
2024 587 2043 625 :

449 676 504 729 in
535 679 730 746 reliquo
760 674 979 742 reposita
1003 681 1077 725 est
1111 670 1236 722 mihi
1259 684 1445 722 corona
1464 666 1710 736 justitite,
1755 680 1908 736 quant
1929 665 2045 717 red-

449 772 530 820 det
561 768 682 820 mihi
703 768 874 836 justus
891 764 1060 834 judesc
1087 762 1180 835 (Ξ.
1222 759 1358 814 Tim.
1389 761 1441 814 4.
1475 758 1528 813 7.
1561 757 1656 830 8
1685 756 1952 823 Quando?
1983 754 2043 808 lu

447 859 537 912 illa
567 856 667 920 die,
698 871 799 908 non
829 856 996 907 solum
1020 863 1185 906 autent
1214 852 1357 916 mihi,
1390 849 1478 904 sed
1499 859 1547 902 et
1574 846 1803 901 munibus
1845 847 1933 916 qui
1960 847 2042 899 di-

447 957 614 1024 ligunt
635 947 906 1000 adventum
944 947 1072 1016 ejus.
1103 945 1168 998 Et
1211 957 1423 997 rursum
1454 940 1579 994 alibi
1626 939 1864 992 indicans
1907 937 2044 990 bona

449 1041 535 1094 illa
574 1039 845 1094 universis
889 1037 1049 1092 simul
1089 1035 1158 1091 ad
1203 1033 1486 1091 fruendum
1521 1032 1860 1088 concedenda
1889 1045 2045 1097 esse,

445 1129 1013 1185 Thessalonicensibus
1045 1129 1126 1184 sic
1162 1126 1348 1182 scribit
1378 1143 1391 1179 :
1421 1124 1684 1192 Siquidem
1722 1125 1918 1194 justum
1975 1133 2049 1177 est

445 1220 585 1290 apud
605 1221 770 1274 Deum
797 1229 852 1274 ut
881 1218 1122 1272 reddatur
1155 1215 1484 1289 afﬂigeutibus
1523 1230 1609 1269 vos
1647 1213 1848 1284 aﬁiictio
1872 1255 1885 1278 ,
1910 1212 2047 1266 vobis

447 1320 614 1364 autent
631 1311 718 1380 qui
757 1309 1037 1382 aﬂligimiui
1070 1309 1317 1362 relaxatio
1344 1323 1444 1360 una
1466 1304 1719 1359 nobiscum
1749 1304 1818 1375 (2
1873 1303 2045 1357 Thess.

457 1405 502 1456 Ι.
531 1403 584 1457 6.
615 1402 706 1471 7).
740 1404 816 1457 Ac
847 1416 1060 1456 rursum
1097 1419 1108 1454 :
1141 1399 1395 1467 Quoniam
1435 1414 1528 1451 uos
1553 1397 1638 1466 qui
1682 1397 1922 1460 vivimus,
1957 1394 2044 1466 qui

449 1494 777 1565 relinquimur
801 1494 854 1547 in
874 1494 1146 1546 adventum
1170 1490 1394 1554 Domini,
1424 1506 1526 1544 non
1563 1488 1922 1560 prazveuiemus
1964 1503 2050 1541 eos

446 1585 532 1653 qui
578 1585 888 1638 dormierunt
934 1581 1027 1655 (1.
1075 1581 1256 1636 Thess.
1294 1581 1348 1635 4.
1395 1579 1500 1650 14)
1530 1596 1543 1633 :
1579 1596 1673 1648 per
1717 1578 1831 1633 11.υο
1870 1578 2048 1631 omnia

447 1679 647 1732 docens
677 1685 928 1746 oportere
952 1689 1049 1730 nos
1073 1673 1232 1728 simul
1259 1688 1450 1730 omnes
1477 1681 1529 1727 et
1555 1673 1607 1725 in
1637 1685 1920 1725 commune
1947 1685 2052 1724 ca:-

451 1769 597 1822 lestis
628 1767 843 1822 honoris
869 1766 1267 1836 possessionem
1295 1779 1362 1819 ac
1392 1763 1619 1818 fructum
1643 1763 1906 1832 accipere.
1941 1761 2052 1816 lloc

454 1861 628 1928 ipsum
649 1859 808 1913 etiam
842 1858 946 1911 illis
977 1857 1067 1926 qui
1093 1871 1190 1909 nos
1213 1862 1610 1925 praecesserunt
1632 1867 1875 1923 inagnam
1900 1851 2055 1907 aﬂ'ert

459 1950 807 2019 voluptatem,
838 1947 979 2019 quod
1005 1963 1107 2002 una
1123 1963 1242 2001 cum
1263 1946 1497 2019 propriis
1517 1944 1772 1999 membris
1792 1945 1898 1998 sint
1923 1944 2055 1998 incf-

459 2042 709 2097 fabilibus
739 2042 840 2095 illis
868 2042 1023 2094 bonis
1039 2038 1368 2111 perfruituri.
1397 2037 1605 2092 Etenim
1635 2045 1788 2106 paler
1816 2050 2054 2090 mensam

452 2133 654 2189 habens
681 2131 1011 2202 Splendidam
1036 2145 1099 2184 ac
1124 2131 1399 2201 epiparam
1421 2168 1438 2195 ,
1469 2137 1578 2183 tum
1609 2127 1822 2183 demum
1853 2126 2057 2197 majore

449 2243 570 2280 cum
602 2227 871 2295 voluptate
900 2239 962 2279 ea
995 2223 1220 2289 fruetur,
1249 2223 1462 2293 quando
1491 2222 1643 2276 liberi
1669 2233 1794 2276 sunt
1816 2221 1931 2291 ejus
1958 2237 2056 2277 vo-

453 2319 671 2390 luptatis
715 2334 779 2372 ac
827 2317 1112 2372 hilaritatis
1163 2317 1470 2387 participes.
1523 2317 1612 2370 Sic
1655 2315 1813 2370 etiam
1863 2315 2058 2371 Paulus

452 2413 677 2482 ejusque
703 2411 904 2466 similes
935 2411 1003 2464 ita
1029 2410 1244 2465 demum
1275 2411 1596 2479 ampliorem
1630 2411 1863 2463 sentient
1888 2409 2053 2463 animi

455 2507 783 2575 voluptatem
812 2547 827 2572 ,
860 2504 1074 2574 quando
1106 2519 1206 2558 una
1247 2519 1370 2559 cum
1409 2503 1638 2574 propriis
1669 2503 1926 2558 membris
1971 2503 2058 2556 illa

451 2598 806 2669 perfruentur.
839 2597 1021 2668 Neque
1047 2597 1190 2652 enim
1225 2597 1462 2666 patribus
1498 2605 1677 2651 tantus
1717 2605 1800 2651 est
1827 2612 1951 2663 erga
1990 2595 2056 2650 li-

458 2694 614 2746 beros
643 2690 864 2745 allectus
884 2733 898 2757 ,
930 2699 1182 2760 quantam
1221 2689 1296 2744 illi
1342 2689 1754 2744 sollicitudinem
1779 2699 1972 2760 gerunt
1995 2690 2062 2744 de

451 2784 530 2837 eis
563 2782 654 2853 qui
693 2782 934 2838 eamdem
981 2782 1190 2836 virtutis
1215 2783 1354 2835 viam
1381 2789 1507 2836 sunt
1535 2780 1779 2851 ingressi.
1813 2779 1883 2835 Ut
1906 2780 2064 2850 igitur

454 2875 616 2928 etiam
649 2889 746 2927 nos
777 2873 830 2926 in
873 2888 1062 2928 eorum
1093 2872 1181 2942 qui
1229 2882 1354 2926 tunc
1393 2871 1799 2926 honorabuntur
1837 2886 2062 2925 numero

455 2965 656 3030 simus,
687 2963 876 3018 demus
919 2978 1135 3032 operam
1175 2973 1232 3017 ut
1275 2973 1490 3017 sanctos
1528 2962 1648 3016 illos
1693 2977 2060 3032 assequamur.

458 3059 526 3114 Et
554 3060 821 3130 quomodo
861 3061 1074 3129 assequi
1101 3060 1398 3129 poterimus
1423 3101 1438 3125 ,
1469 3059 1719 3128 inquies?
1743 3059 1865 3129 quis
1909 3057 2065 3113 nobis

457 3154 596 3208 viain
619 3195 633 3218 ,
662 3170 780 3224 qua:
821 3153 886 3208 ad
918 3153 1039 3207 illos
1069 3152 1248 3215 ducit,
1280 3151 1575 3205 indicabit?
1607 3150 1723 3221 Ipse
1755 3159 2061 3205 sanctorum

457 3246 670 3299 illorum
701 3245 976 3308 Dominus,
1010 3243 1103 3314 qui
1125 3259 1230 3296 non
1259 3243 1432 3297 solum
1464 3242 1734 3311 quomodo
1764 3241 1882 3295 illos
1906 3255 2060 3296 assc-

455 3353 682 3408 quamnr
707 3337 880 3401 docet,
915 3335 1266 3389 verumetiam
1295 3333 1565 3403 quomodo
1592 3333 1803 3387 illorum
1827 3333 2064 3386 omnium

455 3429 865 3485 contubernales
905 3443 968 3483 ac
1010 3426 1222 3482 sodales
1268 3426 1380 3480 fieri
1430 3427 1697 3495 possimus
1728 3442 1740 3478 :
1771 3425 1846 3480 ait
1874 3425 2016 3480 enim
2051 3442 2064 3479 :

465 3519 642 3574 Facite
677 3520 817 3574 vobis
847 3519 1034 3573 amicos
1078 3519 1140 3571 de
1184 3533 1474 3571 mammona
1494 3517 1773 3589 iniquitatis
1802 3559 1817 3585 ,
1856 3527 1911 3571 ut
1949 3534 2066 3572 cum

461 3611 764 3684 defcceritis,
787 3612 1032 3682 recipiant
1056 3626 1142 3664 vos
1169 3611 1219 3663 in
1247 3620 1436 3664 a’tcrna
1455 3627 1548 3664 sua
1566 3609 1890 3664 tabernacula
1913 3609 2064 3680 (Luc.

466 3696 553 3750 16.
573 3695 651 3765 9).
673 3695 835 3748 Recte
855 3693 1006 3757 dixit,
1030 3692 1101 3746 ΑΞ
1107 3704 1265 3747 terna.
1286 3692 1416 3748 Nam
1446 3694 1499 3748 in
1523 3693 1626 3748 hoc
1641 3693 1839 3748 saeculo
1859 3693 2066 3749 etiamsi

464 3787 798 3858 splendidam
829 3785 1044 3841 domum
1078 3785 1292 3850 habeas,
1327 3786 1551 3840 omnino
1579 3794 1844 3840 vetustate
1869 3795 1952 3840 est
1979 3800 2069 3856 pe-

462 3883 628 3937 ritura
659 3899 673 3934 :
703 3881 810 3935 imo
858 3879 1008 3950 prius
1062 3893 1220 3949 quam
1270 3879 1360 3933 illa
1407 3887 1634 3948 pereat,
1668 3893 1814 3933 mors
1858 3877 2072 3933 irruens

463 3975 649 4044 ejicict
677 3984 728 4028 te
759 3989 824 4028 ex
855 3971 1137 4043 magniﬁco
1179 3971 1284 4026 isto
1311 3971 1582 4027 domicilio
1614 3990 1626 4025 ε
1659 3989 1763 4027 ιιοη
1795 3987 1919 4026 raro
1954 3973 2071 4040 qui-

465 4067 591 4124 dem
612 4066 694 4120 vel
725 4074 849 4120 ante
874 4064 1078 4119 obitum
1100 4060 1327 4118 infausta
1356 4065 1562 4135 negotia
1585 4105 1598 4128 ,
1626 4064 2070 4120 calumniatorum

472 4161 704 4230 impetus
729 4173 792 4214 ac
822 4157 1026 4214 insidia:
1052 4159 1256 4214 faciunt
1280 4201 1294 4226 ,
1325 4169 1383 4212 ut
1407 4159 1529 4214 inde
1560 4159 1811 4228 ejiciaris.
1840 4160 1950 4213 Illic
1979 4175 2074 4213 au-

471 4260 580 4304 tem
611 4265 718 4304 non
741 4259 823 4303 est
853 4249 995 4320 quod
1041 4250 1147 4304 tale
1190 4251 1476 4320 quidquam
1504 4252 1739 4305 verearis
1772 4269 1785 4304 :
1819 4267 1926 4305 non
1954 4267 2072 4306 cor-

473 4345 778 4414 ruptionem
807 4386 820 4406 ,
851 4358 954 4397 non
986 4353 1232 4408 mortem,
1268 4358 1371 4397 non
1403 4345 1650 4408 ruinam,
1684 4360 1788 4396 non
1817 4344 2071 4398 damnum

467 4453 496 4489 a
514 4437 1006 4502 calumniatoribus,
1033 4453 1138 4492 non
1151 4436 1291 4490 aliud
1309 4436 1616 4506 quidquam;
1637 4436 1728 4490 sed
1750 4435 2077 4491 immmobile

473 4541 524 4585 ct
564 4531 864 4585 immortale
915 4539 998 4585 est
1036 4530 1387 4586 domicilium.
1431 4529 1769 4599 Quapropter
1813 4538 2074 4586 aeternum

471 4620 598 4675 illud
627 4621 929 4690 appellavit.
962 4620 1138 4676 Facite
1165 4622 1300 4676 vobis
1321 4623 1512 4675 amicos
1543 4664 1557 4688 ,
1589 4621 1760 4692 inquit
1785 4663 1798 4686 ,
1835 4621 1897 4674 de
1919 4637 2078 4674 mam-

474 4726 622 4763 mona
647 4711 946 4781 iniquitatis.

553 4803 641 4856 11.
676 4801 1006 4873 Eleemosyna
1032 4820 1093 4858 ex
1119 4805 1298 4870 rapina
1327 4804 1468 4871 data,
1494 4822 1593 4858 non
1622 4814 1693 4858 est
1739 4806 2072 4876 elcemosyua.

487 4894 835 4965 Electuosyna:
861 4895 1056 4949 Iaudes.
1099 4897 1202 4950 Cur
1232 4913 1321 4966 pro
1344 4898 1535 4965 foribus
1563 4896 1864 4967 templorum
1887 4913 2079 4968 paupe-

482 5003 607 5052 res;
634 4990 799 5057 fontes
845 4993 960 5039 ante
1001 4989 1241 5042 oratoria.
1278 5018 1344 5030 -—
1374 4988 1506 5042 \‘idc
1533 4996 1727 5057 «planta
1773 4990 1841 5043 sit
1871 4988 2076 5042 Domini

490 5076 811 5148 benignitas,
845 5086 1045 5145 quanta
1087 5079 1294 5132 bonitas
1339 5095 1401 5133 ac
1430 5082 1691 5149 atquizas;
1726 5096 1898 5150 neque
1935 5082 2077 5134 enim

493 5182 694 5224 temere
715 5168 816 5222 hoc
843 5167 1083 5238 adjunxit
1109 5185 1120 5220 :
1150 5169 1241 5223 sed
1270 5169 1516 5237 quoniam
1541 5171 1778 5241 plerique
1807 5172 1996 5226 divites
2014 5189 2076 5226 cx

489 5261 691 5332 rapinis
719 5276 781 5315 ac
812 5259 998 5315 fraude
1042 5259 1252 5314 divitias
1279 5259 1379 5313 sibi
1410 5271 1872 5328 Comparuverttul,
1922 5263 2076 5328 Male,

485 5352 676 5421 inquit,
708 5352 926 5418 factum,
955 5366 1056 5407 nec
1082 5349 1363 5421 oportebat
1405 5360 1454 5403 te
1481 5349 1548 5402 ita
1578 5353 1830 5420 pecunias
1859 5353 2074 5424 collige-

486 5460 542 5499 re
563 5464 577 5510 ;
605 5456 974 5500 verumtamen
1000 5442 1427 5514 quandoquidem
1447 5441 1556 5510 jam
1580 5442 1860 5511 Collegisti,
1881 5444 1928 5496 (Ις
1951 5445 2080 5498 siste

489 5551 514 5586 a
545 5537 730 5604 rapina
774 5549 827 5589 et
871 5536 1072 5599 fraude,
1106 5547 1158 5591 et
1203 5543 1355 5590 utere
1403 5536 1621 5604 pecunia
1664 5535 1729 5587 ad
1775 5549 1858 5594 ea,
1891 5535 2083 5604 quibus

488 5641 622 5693 opus
665 5625 848 5680 habes.
879 5627 992 5680 Non
1022 5627 1184 5695 jubeo
1233 5638 1281 5681 te
1324 5643 1442 5681 esse
1486 5644 1547 5680 cx
1591 5636 1743 5696 rapto
1783 5627 2084 5681 miscricor-

493 5714 638 5778 dcm,
685 5716 775 5769 sed
805 5732 832 5769 a
863 5716 1045 5769 fraude
1077 5729 1482 5786 temperantem,
1517 5718 1713 5772 divitiis
1744 5717 1807 5771 ad
1841 5717 2081 5787 benigni-

491 5805 656 5848 tati-in
673 5808 724 5852 et
740 5802 1139 5874 elecmosynam
1160 5808 1258 5865 uti.
1285 5809 1389 5864 Nisi
1419 5811 1558 5866 enim
1579 5824 1610 5865 a
1629 5813 1810 5880 rapina
1833 5809 2081 5876 desistas,

1122 373 1178 425 S.
1220 365 1499 425 JOANNIS
1537 356 2010 419 CllllYSOSTOMl
2052 352 2370 412 ARCIIIEP.
2412 351 2950 413 CONSTANTINOP.

3642 368 3748 432 που

2154 495 2220 532 ne
2250 478 2592 550 eleemosyna
2624 479 2838 548 quidem
2871 479 2971 534 erit
3006 499 3018 535 :
3053 481 3146 536 sed
3189 484 3396 541 etiamsi
3442 491 3754 545 innumeras

2152 572 2402 641 pecunias
2431 571 2528 626 des
2558 573 2608 624 in
2639 588 2826 626 manus
2851 589 3164 644 egenorum,
3193 593 3223 632 a
3271 577 3459 636 fraude
3484 591 3541 637 et
3568 586 3753 654 rapina

2152 665 2364 719 interim
2393 680 2497 718 non
2523 664 2819 732 abstinens,
2847 667 2898 720 in
2925 665 3308 723 homicidarum
3333 687 3560 727 numero
3589 688 3621 728 ι
3643 675 3755 729 Deo

2150 756 2568 825 computaberis.
2591 757 2928 828 Quapropter
2952 769 3165 827 Oportet
3187 777 3217 815 a
3254 762 3442 818 fraude
3466 764 3752 827 absistere,

2151 862 2215 901 ac
2243 860 2353 902 tum
2383 847 2598 903 demunt
2647 849 2699 902 in
2731 863 2932 919 egenos
2959 850 3357 908 misericordem
3388 869 3530 910 esse.
3563 855 3754 928 Magna

2153 941 2294 994 enim
2323 950 2405 994 est
2431 941 2788 1011 elceniosynte
2809 943 2907 1004 vis,
2931 943 2998 997 de
3027 959 3130 1014 qua
3159 945 3319 1000 etiam
3351 947 3606 1018 inpriore
3625 965 3758 1006 con-

2154 1040 2315 1085 ventu
2345 1031 2485 1100 apud
2529 1047 2623 1086 vos
2669 1033 3041 1096 disseruimus,
3074 1051 3136 1090 ac
3167 1053 3307 1091 nunc
3336 1055 3551 1110 quoque
3577 1041 3759 1097 disse-

2154 1136 2355 1174 remus.
2401 1121 2505 1176 Sed
2553 1137 2712 1176 nemo
2759 1137 2991 1179 vestrum
3039 1126 3108 1180 ita
3151 1128 3370 1196 cogitet,
3403 1130 3541 1185 hanc
3567 1132 3761 1187 admo-

2157 1213 2317 1265 nendi
2345 1213 2708 1268 assiduitatem
2739 1216 2804 1269 ad
2845 1216 3145 1270 auditorum
3191 1219 3412 1275 tendere
3453 1224 3758 1277 accusatio.

2158 1319 2302 1358 nem.
2353 1303 2484 1358 Nam
2551 1315 2604 1359 et
2657 1307 2711 1360 in
2763 1308 3145 1363 certaminibus
3196 1310 3266 1364 illi
3338 1313 3676 1380 potissimum
3726 1331 3758 1372 a

2156 1398 2550 1466 spectatoribus
2595 1399 2912 1462 excitantur,
2941 1400 3030 1468 qui
3062 1401 3127 1455 ad
3159 1413 3355 1457 metam
3407 1405 3629 1475 propius
3668 1422 3761 1462 ac-

2157 1489 2375 1552 cedunt,
2406 1498 2460 1544 et
2486 1491 2769 1546 certiorem
2803 1492 3038 1546 victoriae
3067 1508 3215 1563 spem
3257 1493 3457 1550 habere
3488 1498 3757 1554 videntur.

2159 1580 2301 1649 Ergo
2331 1580 2452 1650 quia
2482 1596 2672 1650 magna
2702 1582 2976 1638 alacritate
2997 1583 3153 1637 video
3179 1601 3275 1639 vos
3303 1585 3372 1640 de
3412 1588 3760 1662 eleemosyna

2159 1686 2462 1725 sermonem
2494 1672 2771 1740 excipere,
2801 1688 2868 1727 eo
2896 1675 3063 1744 magis
3094 1674 3222 1730 libet
3249 1676 3402 1731 istam
3425 1679 3762 1737 exhortatio-

2159 1779 2280 1818 nem
2326 1765 2661 1820 continuare.
2709 1764 2896 1820 Medici
2937 1768 3236 1822 animarum
3286 1781 3588 1838 nostrarum
3634 1783 3764 1829 sunt

2161 1871 2443 1926 pauperes,
2489 1857 2860 1912 benefactores
2897 1867 2951 1913 et
2988 1869 3324 1930 protectores
3355 1881 3368 1914 :
3403 1878 3576 1934 neque
3616 1867 3762 1921 enim

2162 1958 2367 2003 tantum
2408 1949 2524 2017 das,
2549 1960 2806 2020 quantum
2849 1950 3086 2021 accipis;
3117 1953 3214 2007 das
3245 1957 3545 2023 pecuniam,
3574 1967 3630 2011 et
3665 1972 3768 2013 ac-

2160 2041 2296 2110 cipis
2344 2056 2566 2110 regnum
2607 2042 2859 2095 cmlorum
2889 2058 2904 2105 ;
2936 2043 3184 2098 sublevas
3229 2056 3543 2115 egestatem,
3580 2058 3634 2102 et
3675 2063 3770 2103 re-

2161 2130 2421 2185 concilias
2453 2131 2545 2185 tibi
2593 2131 2898 2185 Dominum.
2928 2132 3089 2187 Vides
3132 2135 3390 2204 imparem
3435 2153 3556 2191 csse
3601 2140 3762 2192 retri-

2161 2222 2481 2278 butionem?
2529 2223 2654 2278 llzcc
2703 2233 2828 2278 sunt
2878 2236 3129 2290 terrena,
3175 2227 3262 2281 illa
3319 2229 3589 2294 caelestia;
3645 2228 3768 2285 haec

2164 2317 2424 2386 peritura,
2475 2317 2562 2370 illa
2613 2317 3013 2385 permanentia;
3045 2317 3158 2372 lucc
3203 2331 3636 2389 corrumpuntur,
3669 2322 3768 2377 illa

2164 2417 2290 2462 sunt
2319 2417 2469 2462 extra
2498 2408 2857 2477 corruptionis
2888 2409 3337 2477 periculum.‘Hac
3366 2411 3432 2466 de
3457 2428 3614 2467 causa
3645 2429 3770 2466 ma-

2159 2500 2308 2569 jores
2337 2500 2504 2554 nostri
2539 2515 2634 2569 pro
2665 2499 2868 2554 foribus
2897 2500 3243 2555 ecclesiarum
3273 2517 3531 2574 pauperes
3555 2507 3773 2559 consti-

2168 2601 2383 2649 luerunt
2413 2634 2428 2660 ,
2485 2603 2541 2648 ut
2587 2593 2668 2647 vel
2716 2592 3220 2649 inhumanissinnnn
3280 2606 3334 2650 et
3387 2598 3772 2668 segnissimum

2167 2699 2436 2755 quemque
2484 2695 2732 2753 aspectus
2765 2685 2878 2754 ipse
2919 2700 3212 2755 egenorum
3255 2687 3325 2742 ad
3367 2689 3772 2762 eleemosynam

2168 2778 2384 2831 excitet.
2419 2777 2517 2832 Ubi
2565 2779 2708 2832 enim
2756 2787 2861 2832 stat
2911 2778 3110 2833 chorus
3151 2795 3338 2834 senum
3381 2782 3722 2837 incurvorum
3753 2826 3770 2849 ,

2172 2885 2566 2939 pannosorum,
2614 2869 3018 2940 squalidorum,
3069 2872 3497 2938 sordidatorum,
3548 2873 3776 2929 baculus

2172 2967 2490 3031 tenentium,
2539 2975 2698 3033 atque
2743 2963 2824 3016 his
2863 2979 3006 3034 aegre
3051 2979 3109 3018 se
3155 2967 3588 3032 sustentantium,
3639 2984 3777 3021 non-

2171 3073 2461 3128 numquam
2507 3057 2676 3111 oculis
2723 3057 3056 3123 orbatorum,
3112 3066 3329 3127 totoque
3363 3073 3582 3128 corpore
3626 3061 3777 3114 male

2173 3149 2576 3215 mulctatorum,
2603 3151 2722 3219 quis
2755 3157 2863 3202 tam
2887 3164 3080 3203 saxeus
3101 3157 3202 3214 est,
3232 3149 3352 3219 quis
3376 3159 3481 3203 tam
3512 3151 3780 3205 adaman-

2150 3242 2339 3308 ’tinus,
2371 3241 2465 3311 qui
2505 3240 2571 3294 ad
2604 3255 2788 3295 eorum
2833 3239 3292 3310 grandzevitatem,
3327 3240 3776 3306 imbecillitatem,

2171 3336 2488 3399 caecitatem,
2521 3343 2839 3403 egestatem,
2891 3332 3104 3387 habitus
3149 3331 3429 3397 vilitatem,
3457 3341 3639 3402 totque
3661 3332 3779 3388 alia

2172 3426 2236 3479 ad
2271 3424 2664 3480 condolendum
2708 3425 2995 3487 moventia,
3027 3423 3294 3479 obdurare
3337 3439 3394 3479 se
3420 3436 3473 3479 et
3502 3423 3780 3479 inﬂexibi-

2175 3517 2242 3572 lis
2269 3526 2430 3587 queat
2472 3514 2832 3586 permanere?
2860 3515 2972 3570 llac
3011 3514 3080 3569 de
3108 3530 3267 3570 causa
3294 3530 3389 3585 pro
3436 3514 3640 3570 foribus
3664 3531 3740 3569 no
3766 3544 3782 3554 -

2174 3612 2300 3664 stris
2327 3619 2490 3675 stant,
2533 3617 2588 3663 et
2615 3609 2732 3679 ipso
2759 3617 3002 3679 aspectu,
3031 3610 3198 3678 magis
3243 3624 3402 3679 quam
3433 3609 3551 3663 ullis
3590 3609 3781 3664 verbis

2175 3713 2419 3772 possunt,
2450 3700 2517 3754 ad
2563 3699 2967 3754 beneﬁcentiam
3005 3708 3298 3769 provocant
3342 3713 3436 3753 eos
3461 3699 3550 3768 qui
3594 3698 3784 3752 intro-

2176 3794 2514 3863 grediunlur.
2565 3792 3026 3858 Quemadmodum
3094 3791 3236 3846 enim
3299 3792 3538 3845 solenme
3583 3799 3668 3844 est
3710 3801 3783 3845 ut

2177 3887 2352 3942 fontes
2381 3895 2577 3957 praesto
2625 3886 2730 3940 sint
2755 3893 2879 3940 ante
2903 3885 3158 3950 oratoria,
3202 3893 3258 3938 ut
3288 3883 3556 3940 adoraturi
3599 3884 3777 3940 Deum

2178 3994 2368 4035 manus
2415 3980 2563 4051 prius
2610 3979 2747 4034 lotas
2797 3979 2937 4034 inter
2977 3978 3300 4047 precandum
3348 3976 3591 4031 attollant
3637 3996 3650 4030 :
3695 3977 3780 4032 ita

2181 4086 2447 4142 pauperes
2477 4069 2705 4126 fontium
2750 4070 2867 4125 vice
2899 4081 3022 4126 ante
3053 4069 3195 4126 fores
3218 4069 3615 4125 collocaverunt
3655 4085 3778 4121 ma-

2177 4165 2325 4231 jorcs
2353 4162 2542 4228 nostri,
2569 4173 2622 4215 ut
2645 4162 3094 4230 quemadmodum
3124 4177 3310 4216 manus
3329 4161 3591 4214 abluimus
3610 4175 3776 4227 aqua,

2181 4256 2259 4309 sic
2289 4255 2436 4324 prius
2472 4270 2565 4324 per
2595 4254 2998 4308 bencliccntiam
3031 4253 3269 4309 abstersa
3315 4253 3510 4317 anima,
3543 4261 3653 4307 tum
3680 4251 3783 4305 de-

2185 4361 2328 4400 nium
2357 4359 2544 4414 preces
2574 4354 2785 4400 nostras
2815 4344 3124 4398 offeramus.

2256 4437 2343 4491 12.
2385 4435 2500 4490 Non
2544 4437 2684 4490 enim
2735 4445 2841 4489 tam
2890 4446 3010 4505 apta
3061 4445 3142 4489 est
3182 4451 3315 4503 aqua
3367 4433 3434 4487 ad
3481 4432 3782 4487 abluendas

2183 4528 2425 4598 corporis
2474 4527 2729 4591 maculas,
2781 4542 2940 4596 quam
2988 4526 3325 4596 cleemosyna
3367 4525 3433 4578 ad
3485 4523 3786 4579 abolendae

2185 4618 2373 4675 sordes
2399 4618 2609 4672 animm.
2644 4616 3102 4686 Quemadmodum
3137 4616 3297 4684 igitur
3327 4630 3429 4669 non
3460 4614 3624 4668 audes
3655 4613 3782 4667 illo—

2187 4711 2252 4764 tis
2284 4709 2529 4764 manibus
2557 4709 2622 4764 ad
2653 4709 2976 4780 precandum
3001 4709 3218 4770 intrare,
3242 4707 3482 4777 quamvis
3517 4705 3689 4761 levius
3713 4707 3784 4758 sit

2193 4804 2292 4857 hoc
2321 4803 2546 4866 crimen,
2581 4802 2652 4855 ita
2698 4815 2796 4855 nec
2839 4801 3040 4869 absque
3070 4799 3414 4870 elcemosyna
3457 4799 3521 4852 ad
3555 4813 3783 4867 precatio

2186 4896 2311 4950 dum
2344 4910 2595 4965 umquam
2637 4893 2880 4948 acced..s.
2928 4892 3085 4960 Atqui
3137 4909 3240 4944 non
3282 4906 3406 4944 raro
3452 4892 3614 4945 etiam
3661 4905 3785 4943 Clllll

2188 5003 2346 5058 puras
2375 5004 2563 5040 niaiius
2597 4987 2906 5047 habeamus,
2939 4999 3044 5036 non
3090 4983 3358 5037 tendimus
3392 4981 3459 5035 ad
3489 4982 3655 5035 Deum
3685 4981 3788 5034 nisi

2189 5081 2336 5150 prius
2368 5080 2503 5132 lotas
2535 5097 2546 5130 :
2579 5087 2783 5131 tantum
2818 5076 2956 5130 valet
2980 5073 3330 5131 consuetudo.
3365 5072 3595 5141 ldipsum
3627 5072 3790 5141 igitur

2189 5171 2239 5224 in
2265 5171 2604 5240 elecmosyna
2646 5177 2729 5222 est
2759 5167 3055 5222 faciendum
3081 5184 3096 5232 ;
3126 5177 3179 5220 ct
3208 5167 3333 5219 licet
3378 5165 3576 5218 nullius
3607 5165 3786 5233 magni

2190 5263 2390 5330 peccati
2433 5261 2585 5315 nobis
2615 5261 2781 5314 simus
2810 5260 3042 5325 conscii,
3075 5267 3250 5312 tamen
3293 5246 3633 5326 eleemosyna
3663 5257 3786 5310 data

2189 5355 2572 5409 conscientiam
2618 5363 2855 5410 nostram
2906 5352 3212 5420 abstergere
3250 5359 3481 5419 Oportet.
3530 5348 3690 5402 Multa
3739 5351 3789 5401 in

2195 5446 2310 5500 foro
2347 5445 2439 5499 tibi
2481 5443 2794 5497 contraxisti
2827 5443 2966 5497 mala
3000 5460 3012 5495 :
3047 5441 3295 5495 inimicus
3335 5441 3582 5506 irritavit,
3623 5441 3787 5509 judcs

2191 5537 2386 5605 aliquid
2419 5551 2604 5604 parum
2635 5535 2890 5590 decorum
2923 5535 3098 5587 facere
3135 5533 3410 5601 compulit,
3445 5531 3606 5587 verba
3645 5545 3790 5599 5;ch

2193 5628 2462 5683 ell‘ntivisti
2497 5644 2600 5680 non
2636 5627 2793 5692 bona,
2828 5641 2894 5679 ne
2923 5625 3150 5678 iunicum
3180 5623 3484 5678 ollenderes
3512 5633 3787 5694 peccaturo

2193 5721 2408 5790 aliquod
2441 5718 2700 5773 admisisti
2734 5736 2744 5769 :
2775 5718 2906 5770 alias
2937 5732 3039 5770 non
3071 5730 3263 5785 paucas
3298 5716 3531 5770 maculas
3570 5724 3788 5767 contra.

2201 5811 2339 5878 sisti,
2375 5821 2428 5866 ut
2474 5810 2646 5864 solent
2677 5809 2918 5862 homines
2950 5807 3035 5872 qui
3083 5808 3134 5861 in
3165 5806 3280 5861 foro
3309 5815 3610 5870 versantur,
3645 5800 3790 5869 judi-
