4062 6420
297 396 405 453 299

297 509 522 566 νοῦσθαι
573 507 858 578 μέλλοντες
899 507 1240 576 ἀφίκωνται,
1293 506 1524 560 ἄκουσον
1577 501 1740 557 αὐτοῦ
1787 497 1880 552 τοῦ

301 590 455 664 [288]
492 590 706 644 Παύλου
730 591 978 658 λέγοντος
1001 605 1016 619 ³
1049 591 1160 644 Τὸν
1173 587 1374 658 ἀγῶνα
1390 588 1496 642 τὸν
1519 586 1715 640 καλὸν
1739 583 1886 654 ἠγώο

298 693 530 744 magum,
563 674 673 728 τὸν
692 674 915 744 δρόμον
938 673 1238 734 τετέλεκα,
1266 673 1382 740 τὴν
1405 671 1615 726 πίστιν
1637 669 1879 738 τετήρη-

299 775 411 813 καο
438 758 658 814 λοιπὸν
681 758 990 812 ἀπόκειταί
1007 775 1107 827 μοι
1129 760 1162 810 ό
1183 755 1294 824 τῆς
1325 755 1719 822 δικαιοσύνης
1745 749 1882 806 στέ-

299 861 527 914 φανος,
558 843 632 898 ὃν
654 843 952 898 ἀποδώσει
979 860 1081 911 μοι
1114 845 1147 896 ό
1186 841 1417 906 δίκαιος
1445 834 1836 907 κριτήςίΠότε
1867 854 1881 901 ;

311 931 420 983 Ἐν
449 929 652 997 ἐκείνῃ
695 927 769 996 τῇ
807 927 1030 996 ἡμέρᾳ·
1075 928 1147 980 οὐ
1177 926 1372 995 μόνον
1418 924 1486 977 δὲ
1523 923 1650 992 ἐμοὶ
1677 963 1692 986 ,
1724 919 1885 976 ἀλλὰ

298 1011 401 1066 καί
428 1011 582 1065 πᾶσι
613 1011 738 1077 τοῖς
764 1011 1108 1081 ἠγαπηκόσι
1137 1009 1253 1077 τὴν
1283 1006 1639 1076 ἐπιφάνειαν
1671 1005 1881 1060 αὑτοῦ.

299 1097 410 1148 Καὶ
441 1095 602 1148 πάλιν
637 1093 874 1166 ἀλλαχοῦ
913 1093 1159 1156 δεικνὺς,
1191 1093 1273 1146 ὅτι
1306 1094 1460 1164 κοινῇ
1493 1091 1660 1144 πᾶσιν
1693 1091 1726 1160 ἡ
1776 1089 1884 1142 τῶν

298 1177 522 1246 ἀγαθῶν
545 1177 848 1240 ἀπόλαυσις
899 1177 1096 1230 δίδοται
1123 1217 1136 1238 ,
1162 1173 1616 1230 Θεσσαλιονικεῦσι
1653 1173 1884 1245 γράφων

299 1261 486 1329 ἐλεγεν
505 1277 518 1290 ·
548 1260 734 1328 Εἴπερ
759 1260 992 1314 δίκαιον
1013 1259 1175 1327 παρὰ
1221 1257 1345 1323 Θεῷ
1374 1257 1708 1312 ἀποδοῦναι
1759 1255 1885 1320 τοῖς

299 1346 617 1399 θλίϐουσιν
641 1343 796 1412 ὑμᾶς
817 1344 1048 1412 θλίψιν,
1076 1343 1173 1396 καὶ
1206 1341 1344 1410 ὑμῖν
1366 1339 1489 1406 τοῖς
1513 1339 1884 1408 θλιϐομένοις

297 1427 520 1482 ἄνεσιν
546 1427 676 1496 μεθ’
708 1426 896 1496 ἡμῶν.
919 1426 1028 1480 Καὶ
1059 1425 1222 1479 πάλιν
1245 1441 1258 1455 ⁸
1286 1424 1417 1478 Ὀτι
1442 1423 1616 1492 ἡμεῖς
1657 1424 1710 1475 οὶ
1741 1419 1882 1482 ζῶν-

296 1528 420 1577 τες,
451 1514 506 1565 οὶ
533 1511 1008 1580 περιλειπόμενοι
1033 1511 1120 1575 εὶς
1139 1508 1256 1577 τὴν
1277 1507 1620 1574 παρουσίαν
1645 1505 1750 1559 τοῦ
1766 1508 1884 1558 Κυ-

287 1595 455 1663 ρίου,
471 1596 542 1648 οὐ
561 1593 647 1662 μὴ
669 1593 992 1663 φθάσωμεν
1011 1593 1153 1657 τοὺς
1179 1591 1601 1660 κοιμηθέντας·
1631 1587 1719 1642 διά
1747 1587 1884 1642 πάν·
1915 1591 1922 1595 ’

295 1694 406 1732 των
439 1677 642 1732 τούτων
672 1676 869 1747 δηλῶν,
894 1677 975 1729 ὅτι
1007 1677 1158 1746 κοινῇ
1187 1674 1395 1737 πάντας
1425 1672 1520 1726 καὶ
1543 1672 1678 1744 ὁμοῦ
1705 1689 1882 1742 παρα·

294 1760 625 1828 γενομένους
643 1759 750 1812 τῶν
773 1757 1038 1830 οὐρανίων
1057 1757 1232 1827 τιμῶν
1249 1755 1540 1810 ἀπολαύειν
1563 1756 1692 1828 χρή.
1713 1753 1883 1808 Τοῦτο

293 1843 530 1906 καὶτοῖς
561 1843 796 1911 φθάσασι
819 1841 1020 1912 πολλὴν
1045 1843 1200 1912 φέρει
1226 1840 1324 1911 τὴν
1353 1839 1568 1909 ἡδονήν,
1591 1840 1717 1892 ὅταν
1745 1839 1883 1908 μετά

291 1925 407 1978 τῶν
432 1925 647 1978 οἰκείων
678 1925 856 1995 μελῶν
885 1926 992 1979 τῶν
1031 1925 1358 1996 ἀπορρήτων
1396 1923 1618 1976 ἐκείνων
1646 1920 1883 1975 ἀπολαύ-

295 2025 468 2062 σωσιν
497 2007 736 2076 ἀγαθῶν.
782 2009 890 2062 Ka‘:
939 2007 1048 2080 γάρ
1099 2007 1281 2078 πατὴρ
1310 2005 1589 2076 τραπέζης
1640 2003 1881 2075 μετέχων

291 2093 560 2162 λαμπρᾶς
587 2093 680 2145 καὶ
714 2092 1072 2156 πολυτελοῦς,
1100 2092 1222 2144 τότε
1261 2090 1400 2162 μετά
1443 2090 1686 2152 πλείονος
1711 2089 1884 2158 αὐτῆς

292 2175 669 2229 ἀπολαύσεται
691 2176 792 2246 τῆς
831 2177 1204 2248 εὐφροσύνης,
1233 2176 1360 2230 ὅταν
1395 2174 1535 2246 μετά
1573 2173 1682 2226 τῶν
1715 2171 1880 2226 αὐτοῦ

295 2258 530 2312 παιδίων
569 2259 770 2331 μετέχῃ
801 2261 900 2330 τῆς
927 2259 1160 2331 εὐωχίας
1199 2259 1293 2312 καὶ
1326 2257 1684 2330 εὐφροσύνης.
1723 2255 1882 2310 Οὕτω

293 2341 393 2393 καὶ
425 2339 635 2405 Παῦλος
685 2343 781 2394 καὶ
828 2345 877 2395 οἱ
923 2343 1042 2396 κατ’
1091 2343 1298 2395 ἐκεῖνον
1351 2341 1588 2404 ἅπαντες
1638 2339 1882 2410 μείζονος

290 2423 653 2494 αἰσθήσονται
687 2425 788 2494 τῆς
833 2424 1128 2496 θυμηδίας,
1163 2425 1291 2480 ὅταν
1331 2423 1471 2494 μετὰ
1505 2421 1616 2476 τῶν
1663 2422 1881 2474 οἰκείων

293 2507 479 2578 μελῶν
516 2509 667 2572 ὄντες
695 2508 1079 2563 ἀπολαύσωσιν
1109 2509 1300 2579 αὐτῆς.
1348 2508 1422 2562 Οὐ
1467 2506 1579 2579 γάρ
1611 2506 1901 2576 τοσαύτην-

291 2593 533 2664 πατέρες
589 2593 716 2662 περὶ
748 2593 968 2660 ,παῖδας
1024 2592 1422 2646 ἐπιδείκνυνται
1469 2590 1881 2661 φιλοστοργίαν,

287 2681 429 2748 ὅσην
456 2677 653 2730 ἐκεῖνοι
683 2677 809 2747 περὶ
831 2678 959 2740 τοὺς
981 2675 1047 2729 τά
1079 2673 1218 2729 αὐτά
1242 2674 1675 2746 κατωρθωκότας
1697 2674 1882 2736 αὐτοῖς

289 2761 478 2830 ἔχουσι
508 2759 856 2830 κηδεμονίαν.
881 2759 978 2813 Ἴν⁹
1009 2753 1101 2813 οὖν
1125 2759 1218 2812 καὶ
1239 2759 1399 2830 ἡμεῖς
1423 2757 1532 2810 τῶν
1549 2757 1672 2810 τότε
1702 2773 1880 2826 τιμω-

293 2844 480 2916 μένων
530 2843 818 2914 γενώμεθα
845 2886 858 2904 ,
923 2840 1313 2912 σπουδάζωμεν
1367 2839 1695 2893 καταλαῦεῖν
1753 2841 1883 2904 τοὺς

287 2927 488 2996 ἁγίους
521 2927 782 2990 ἐκείνους.
819 2928 929 2980 Καὶ
956 2926 1072 2989 πῶς
1099 2924 1461 2996 δυνησόμεθα,
1487 2925 1640 2996 φησὶ,
1682 2925 1882 2989 αὐτοὺς

287 3009 620 3064 καταλαϐεῖν
645 3027 660 3075 ;
694 3009 775 3073 τίς
801 3011 932 3080 ἡμῖν
957 3009 1120 3073 δείξει
1155 3009 1254 3078 τὴν
1279 3009 1396 3060 ἐκεῖ
1420 3007 1692 3077 φέρουσαν
1725 3007 1878 3070 ὁδόν;

286 3095 515 3158 Αὐτὶιςό
542 3093 650 3147 τῶν
696 3095 870 3162 ἁγίων
917 3093 1138 3146 ἐκείνων
1168 3092 1444 3160 Δεσπότης
1468 3131 1484 3155 ,
1514 3091 1574 3154 ὃς
1603 3091 1700 3161 οὐχ
1733 3093 1883 3154 ὅπως

286 3180 496 3242 αὐτοὺς
518 3177 960 3248 καταληψώμεθα
986 3178 1145 3248 μόνον
1168 3176 1431 3241 διδάσκει,
1457 3175 1596 3229 ἀλλά
1618 3177 1712 3228 καὶ
1730 3177 1882 3253 ὄπρς

284 3261 593 3332 ὁμωρόφιοι
644 3261 738 3314 καὶ
793 3259 1050 3332 σύσκηνοι
1109 3258 1395 3330 γενώμεθα
1440 3259 1608 3312 πᾶσιν
1659 3259 1877 3322 αὐτοῖς·

288 3342 598 3410 Ποιήσατε
629 3343 739 3414 γὰρ
769 3343 912 3412 ὑμῖν
944 3344 1163 3412 φίλους
1195 3343 1264 3396 ἐκ
1295 3342 1402 3396 τοῦ
1433 3339 1729 3410 μαμμωνᾶ
1769 3339 1882 3407 τῆς

285 3428 533 3494 ἀδικίας
551 3468 566 3492 ,
591 3429 775 3498 φησὶν,
808 3427 884 3480 ἵν’
906 3427 1052 3482 ὅταν
1074 3428 1381 3495 ἐκλίπητε,
1404 3425 1692 3490 δέξωνται
1724 3423 1882 3494 ὑμᾶς

287 3513 382 3577 είς
423 3513 531 3576 τὰς
579 3511 857 3576 αἰωνίους
887 3509 1088 3565 αὐτῶν
1140 3508 1396 3578 σκηνάς.
1447 3507 1645 3570 Καλῶς
1705 3503 1880 3572 εἶπεν,

287 3594 578 3657 Αίωνίους.
627 3593 892 3647 Ἐνταῦθα
934 3594 1031 3664 μὲν
1065 3593 1174 3666 γὰρ
1207 3594 1312 3648 κᾶν
1337 3593 1598 3665 λαμπρὰν
1639 3591 1768 3663 ἔχῃς
1799 3594 1881 3646 οἱ·

286 3677 442 3740 κίαν,
473 3676 756 3738 ἀπολεῖται
787 3676 1005 3740 πάντως
1029 3677 1360 3750 φθειρομένη
1389 3675 1468 3746 τῷ
1499 3675 1674 3746 χρόνῳ
1695 3691 1708 3704 ο
1747 3673 1884 3744 μᾶλ-

285 3761 388 3812 λον
421 3759 478 3813 δὲ
511 3759 605 3813 καὶ
635 3759 740 3832 πρὸ
764 3759 864 3830 τῆς
889 3759 1028 3812 κατά
1055 3760 1146 3812 τὸν
1171 3761 1361 3832 χρόνον
1387 3759 1623 3829 φθορᾶς,
1653 3757 1883 3820 θάνατος

285 3840 556 3912 ἐμπεσὼν
583 3841 839 3895 ἐκϐάλλει
861 3858 922 3894 σε
947 3841 1044 3911 τῆς
1076 3842 1338 3914 λαμπρᾶς
1361 3839 1566 3910 ταύτης
1595 3841 1880 3912 οἰκήσεως

286 3926 556 3990 πολλάκις
586 3926 644 3980 δέ
668 3927 760 3980 καὶ
799 3925 906 3996 πρὸ
942 3927 1036 3981 τοῦ
1069 3925 1300 3980 θανάτου
1347 3925 1688 3996 πραγμάτων
1719 3923 1882 3977 τινῶν

287 4007 582 4065 δυσκολίαι
635 4010 732 4062 καὶ
787 4008 1142 4080 συκοφαντῶν
1203 4008 1386 4078 ἔφοδοι
1437 4010 1533 4061 καὶ
1592 4005 1884 4060 ἐπιϐουλαὶ

287 4097 551 4148 ἐκπεσεῖν
573 4095 740 4165 αὐτῆς
768 4093 1208 4167 παρεσκεύασαν.
1245 4091 1471 4146 Ἐκεῖδέ
1496 4091 1650 4145 οὐδὲν
1677 4090 1883 4144 τούτων

277 4180 310 4230 ἐ
323 4174 447 4232 στὶν
483 4177 856 4245 ὑποπτεῦσαι,
882 4177 942 4230 οὐ
979 4176 1208 4248 φθορὰν,
1245 4177 1306 4230 οὺ
1333 4176 1597 4236 θάνατον,
1627 4174 1689 4226 οὐ
1719 4175 1886 4228 κατά-

286 4279 506 4317 πτωσιν
531 4305 546 4322 .
586 4262 646 4316 οὐ
694 4261 1045 4333 συκοφαντῶν
1086 4263 1372 4332 ἐπήρειαν,
1417 4261 1516 4314 οὐκ
1545 4259 1674 4314 ἄλλο
1707 4259 1882 4325 οὐδὲν,

287 4346 413 4401 ἀλλ’
443 4345 694 4416 ἀκίνητος
721 4347 813 4400 καὶ
833 4344 1100 4408 ἀθάνατός
1129 4345 1275 4398 ἐστιν
1298 4347 1332 4416 ἡ
1355 4345 1588 4414 οἴκησις.
1607 4342 1706 4397 Διά
1728 4342 1886 4396 τοῦτο

287 4428 549 4492 αἰωνίους
581 4429 750 4493 αὐτὲις
799 4429 1046 4483 ἐκάλεσε.
1084 4426 1386 4494 Ποιήσατε
1443 4425 1585 4496 ὑμῖν
1625 4426 1882 4496 φίλους,

287 4514 486 4583 φησὶν,
520 4513 589 4566 ἐκ
616 4512 722 4566 τοῦ
739 4512 1031 4582 μαμμωνᾶ
1073 4511 1187 4580 τῆς
1217 4510 1474 4578 ἀδικίας.

371 4611 463 4659 ια’.
525 4604 666 4675 Ὅρα
706 4603 848 4674 πόση
881 4602 1259 4672 φιλανθρωπία
1287 4601 1380 4654 τοῦ
1413 4603 1706 4665 Δεσπότου,
1741 4602 1881 4672 πόση

291 4686 607 4760 χρηστότης
625 4687 721 4739 καὶ
739 4683 1025 4740 ἐπιείκεια·
1043 4686 1104 4738 οὐ
1122 4685 1230 4758 γὰρ
1249 4683 1433 4746 ἁπλῶς
1451 4683 1655 4756 ταύτην
1668 4683 1884 4756 ,τέθεικε

289 4774 398 4842 τὴν
433 4769 750 4840 προσθήκην
773 4787 786 4800 ·
811 4771 924 4824 ἀλλ’
959 4769 1146 4838 ἐπειδὴ
1178 4769 1390 4833 πολλοῖς
1419 4769 1696 4832 πλουσίοις
1722 4767 1887 4821 πλοῦ-

288 4871 388 4918 τος
426 4853 763 4906 συνείλεκται
797 4852 856 4916 ἐξ
883 4854 1138 4924 ἁρπαγῆς
1171 4852 1266 4906 καὶ
1300 4851 1634 4916 πλεονεξίας,
1679 4852 1884 4916 Κακῶς

291 4938 423 5008 μὲν,
465 4936 620 5006 φησὶ,
655 4937 747 4990 καὶ
783 4937 882 4988 οὐκ
917 4936 1082 5006 ἐχρῆν
1111 4952 1168 4988 σε
1189 4935 1331 4987 οὕτω
1373 4934 1620 5001 συλλέξαι
1649 4935 1718 4990 τὰ
1750 4936 1886 5007 χρή-

292 5039 451 5094 ματα
475 5037 488 5050 ·
521 5021 661 5090 πλὴν
689 5020 801 5074 ἀλλ’
823 5014 1009 5090 ἐπειδὴ
1043 5020 1332 5086 συνέλεξας
1351 5059 1365 5079 ,
1393 5019 1550 5088 στῆθι
1573 5020 1674 5090 τῆς
1705 5021 1884 5093 ἁρπα-

289 5112 406 5181 γῆς
431 5111 526 5163 καὶ
545 5111 642 5180 τῆς
669 5107 1000 5174 πλεονεξίας,
1024 5109 1119 5162 καὶ
1143 5109 1345 5180 χρῆσαι
1373 5109 1452 5172 εἰς
1477 5109 1593 5161 δέον
1617 5111 1730 5172 τοῖς
1750 5110 1882 5179 χρή.

293 5213 489 5270 μασιν.
529 5198 605 5252 Οὐ
637 5197 782 5264 λέγω
807 5236 823 5257 ,
881 5197 968 5250 ἵνα
1011 5195 1273 5267 ἁρπάζων
1301 5196 1455 5266 ἐλεῇς
1477 5237 1493 5262 ,
1529 5195 1642 5248 ἀλλ’
1671 5197 1758 5252 ἵνα
1785 5197 1884 5265 τῆς

293 5282 617 5350 πλεονεξίας
639 5283 885 5347 ἀποστὰς
906 5323 920 5346 ,
947 5282 1083 5353 πρὸς
1110 5282 1480 5354 ἐλεημοσύνην
1504 5281 1656 5354 [289]
1681 5284 1774 5336 καὶ
1805 5301 1888 5352 φι-

280 5356 650 5442 λανθρωπίαν
672 5371 959 5442 ἅποχρήσῃ
979 5368 1058 5440 τῷ
1081 5369 1315 5441 πλούτῳ.
1333 5370 1396 5422 Εἰ
1421 5371 1531 5441 γάρ
1551 5387 1636 5434 τις
1659 5370 1732 5442 μὴ
1755 5371 1888 5423 παύ-

291 5474 459 5512 σαιτο
500 5457 600 5527 τῆς
647 5459 936 5528 ἁρπαγῆς,
971 5457 1094 5511 οὐδὲ
1142 5456 1513 5528 ἐλεημοσύνην
1550 5458 1882 5528 ἐργάσεται·

287 5543 442 5601 ἀλλά
474 5543 576 5598 κᾶν
609 5545 779 5615 μυρία
801 5543 1084 5618 καταϐάλῃ
1114 5545 1218 5614 χρή
1228 5561 1375 5612 ματα
1403 5545 1484 5607 εἰς
1509 5545 1610 5608 τὰς
1634 5545 1743 5598 τῶν
1770 5546 1883 5600 δεοο

291 5633 486 5706 μένων
503 5635 698 5704 χεῖρας
718 5673 734 5695 ,
763 5631 834 5684 τά
863 5632 1065 5702 ἐτέρων
1107 5631 1366 5702 ἁρπάζων
1405 5631 1497 5684 καὶ
1527 5631 1885 5696 πλεονεκτῶν,

287 5722 416 5784 τοῖς
441 5721 790 5794 ἀνδροφόνοις
818 5720 1006 5790 ἐξίσης
1027 5719 1334 5789 λελόγισται
1369 5718 1447 5790 τῷ
1476 5718 1614 5790 Θεῷ.
1658 5720 1750 5774 Διὸ
1777 5720 1883 5792 χρὴ

290 5805 622 5874 πλεονεξίας
645 5807 960 5864 ἀποστάντα
983 5809 1268 5878 πρότερον,
1287 5805 1431 5860 οὕτω
1449 5807 1576 5872 τοὺς
1600 5807 1888 5880 δεομένους

621 5917 890 5984 Ρλτιισι..
934 5917 1052 5982 Gn.
1099 5918 1199 5984 LI.

912 399 1004 458 DE
1041 399 1295 457 VERBIS
1331 399 1692 464 APOSTOLI.
1729 397 2098 457 HABENTES
2137 395 2424 454 EUMI‘EM
2469 391 2814 451 SPIRITUM.
2858 388 2943 444 HI.

3464 393 3570 452 δυο

1993 501 2181 558 ἐλεεῖν.
2225 504 2398 577 Πολλὴ
2426 504 2536 578 γὰρ
2563 505 2666 574 τῆς
2692 503 3063 575 ἐλεημοσύνης
3093 505 3126 575 ή
3154 503 3412 576 δύναμις,
3446 520 3510 562 πε
3521 508 3576 572 gl

1990 581 2058 659 ἦς
2085 588 2179 640 καὶ
2205 590 2270 658 τῇ
2296 589 2597 660 προτεραίᾳ
2618 587 2836 652 συνάξει
2864 586 3000 656 πρὸς
3027 587 3172 658 ὑμᾶς
3201 586 3574 660 διελέχθημεν,

1991 670 2087 722 καὶ
2117 669 2212 723 νῦν
2231 671 2566 741 διαλέξομαι.
2609 671 2769 724 Ἀλλά
2813 671 2998 741 μηδεὶς
3034 671 3132 741 τὴν
3167 671 3450 742 συνέχειαν
3474 671 3578 742 τῆς

1993 751 2351 823 ὑπομνήσεως
2373 754 2709 824 κατηγορίαν
2733 753 2972 824 ἡγείσθω
2993 752 3102 806 τῶν
3124 753 3450 808 ἀκουόντων.
3466 755 3578 808 Καὶ

1991 833 2102 904 γὰρ
2127 837 2185 887 ἐν
2215 839 2328 895 τοῖς
2357 837 2564 906 ἀγῶσιν
2591 836 2833 900 ἐκείνους
2859 836 2969 890 τῶν
3007 835 3254 906 δρομέων
3275 835 3576 907 διεγείρου-

1995 933 2078 969 σιν
2111 921 2158 970 οἱ
2185 917 2392 984 θεαταὶ,
2413 918 2506 983 οὒς
2535 918 2601 972 ἂν
2628 919 2810 973 ἴδωσιν
2838 919 3004 987 ἐγγὺς
3029 917 3124 971 τοῦ
3152 917 3406 988 βραϐείου
3431 935 3578 986 γενο-

1996 999 2188 1070 μένους
2207 1041 2222 1064 ,
2255 1003 2350 1055 καὶ
2383 1002 2584 1066 πολλὰς
2610 1003 2710 1074 τῆς
2740 1003 2896 1070 νίκης
2931 1002 3153 1066 ἐλπίδας
3189 1001 3434 1072 ἔχοντας.
3465 1001 3576 1055 Καὶ

1993 1082 2104 1152 ἐγὼ
2129 1084 2308 1137 τοίνυν
2328 1127 2342 1149 ,
2382 1084 2569 1155 ἐπειδὴ
2601 1085 2740 1155 μετά
2789 1085 2993 1155 πολλῆς
3018 1086 3106 1138 ἀεὶ
3134 1084 3442 1157 προθυμίας
3466 1083 3576 1157 ὁρῶ

1990 1169 2118 1232 τοὺς
2147 1169 2276 1240 περὶ
2305 1168 2674 1238 ἐλεημοσύνης
2702 1168 3026 1239 δεχομένους
3058 1167 3248 1236 λόγους
3279 1170 3578 1238 ιῦμᾶς,’διὰ

1990 1251 2150 1304 τοῦτο
2175 1252 2271 1306 καὶ
2299 1253 2459 1315 αὐτὸς
2491 1253 2874 1326 συνεχέστερον
2905 1252 3004 1323 τὴν
3037 1254 3176 1324 ὑπὲρ
3209 1253 3414 1306 τούτων
3441 1253 3578 1307 κινῶ

1992 1334 2330 1406 παραίνεσιν.
2351 1335 2551 1405 ’ἰατροὶ
2573 1334 2681 1387 τῶν
2705 1335 2894 1405 ψυχῶν
2913 1335 3070 1406 ἡμῶν
3091 1338 3227 1388 εἰσιν
3251 1338 3300 1389 oi
3323 1336 3575 1404 πένητες,

1992 1417 2276 1490 εὐεργέται
2311 1419 2402 1472 καὶ
2453 1419 2788 1489 προστάταιο
2823 1419 2883 1472 οὐ
2945 1420 3050 1490 γάρ
3098 1421 3350 1473 τοσοῦτον
3398 1420 3572 1483 δίδως,

1990 1500 2113 1554 ὅσον
2138 1500 2436 1570 λαμὸάνεις
2455 1516 2468 1528 ’
2497 1501 2652 1565 δίδως
2681 1501 2965 1574 ἀργύριον,
2988 1503 3082 1556 καὶ
3103 1502 3398 1572 λαμϐάνεις
3421 1503 3575 1572 βασι-

1990 1583 2140 1636 λείαν
2162 1584 2408 1656 οὐρανῶν
2425 1601 2437 1614 ·
2462 1583 2609 1648 λύεις
2641 1584 2852 1648 πενίαν,
2879 1585 2974 1638 καὶ¹
2995 1584 3384 1648 καταλλάττεις
3415 1601 3576 1638 σεαυ-

1989 1664 2068 1736 τῷ
2117 1667 2208 1720 τὸν
2246 1668 2546 1738 Δεσπότην.
2595 1666 2761 1739 Ὁρᾷς
2788 1670 2869 1722 ὅτι
2915 1669 3018 1721 οὐκ
3060 1667 3149 1738 ἴση
3198 1668 3228 1738 ἡ
3267 1667 3575 1731 ἀντίδοσις;

1991 1749 2178 1802 Ταῦτα
2209 1749 2302 1802 ἐπὶ
2331 1749 2458 1820 γῆς,
2489 1752 2676 1803 ἐκεῖνα
2705 1753 2761 1803 ἐν
2779 1749 3020 1822 οὐρανῷ
3054 1749 3226 1802 ταῦτα
3257 1749 3576 1811 ἀπόλλυται,

1991 1833 2172 1885 ἐκεῖνα
2195 1831 2442 1903 διαμένει
2463 1849 2476 1862 ·
2501 1832 2674 1888 ταῦτα
2700 1833 3004 1904 φθείρεται,
3025 1834 3206 1888 ἐκεῖνα
3229 1833 3409 1903 πάσης
3431 1833 3578 1886 ἐστὶν

1990 1913 2239 1988 ἀνώτερα
2258 1915 2552 1981 ἀπωλείας.
2579 1917 2676 1971 Διά
2705 1916 2862 1971 τοῦτο
2884 1917 2977 1970 καὶ
3006 1917 3114 1988 πρὸ
3139 1917 3245 1970 τῶν
3272 1917 3450 1985 θυρῶν
3470 1916 3579 1970 τῶν

1989 1997 2155 2052 οἴκων
2187 1999 2296 2053 τῶν
2323 2003 2629 2074 εὐκτηρίων
2651 2001 2888 2072 ἔστησαν
2913 2003 3039 2066 τοὺς
3064 2001 3303 2073 πένητας
3331 2002 3380 2054 οἱ
3411 2003 3580 2055 πατέ-

1993 2097 2084 2151 ρες
2103 2083 2153 2136 οἱ
2179 2083 2457 2156 ἡμέτεροι,
2479 2086 2566 2138 ἵνα
2588 2085 2793 2140 καὶτὸν
2816 2084 3154 2155 νωθρότατον
3173 2085 3267 2137 καὶ
3293 2083 3581 2155 ἀπανθρω-

1991 2165 2224 2220 πότατον
2250 2168 2390 2238 αὐτὴ
2440 2169 2551 2222 τῶν
2581 2170 2830 2240 πενήτων
2860 2171 2893 2238 ἡ
2927 2169 3052 2238 ὄψις
3102 2168 3240 2239 πρὸς
3270 2167 3578 2236 ὑπόμνησιν

1990 2249 2178 2320 ἐγείρῃ
2222 2251 2320 2321 τῆς
2373 2252 2764 2324 ἐλεημοσύνης.
2800 2255 2968 2306 Ὅταν
2996 2253 3105 2324 γὰρ
3160 2253 3364 2322 ἑστήκῃ
3417 2252 3579 2324 χορὸς

1989 2335 2300 2404 γερόντων,
2355 2337 2811 2406 συγκεκυφότων,
2855 2337 3021 2407 ῥάκια
3068 2335 3574 2408 περιϐεϐλημένων,

1989 2418 2362 2487 αὐχμώντων,
2413 2419 2739 2491 ρυπώντων,
2780 2421 3076 2492 βακτηρίας
3108 2421 3339 2490 ἐχόντων
3363 2459 3376 2480 ,
3425 2420 3576 2488 μόλις

1992 2500 2344 2572 στηρίζεσθαι
2373 2502 2705 2574 δυναμένων,
2733 2505 2991 2568 πολλάκις
3023 2503 3079 2556 δὲ
3106 2503 3202 2556 καὶ
3223 2503 3348 2566 τοὺς
3375 2500 3577 2571 ὀφθαλ-

1993 2585 2128 2654 μοὺς
2155 2585 2580 2658 ἐκκεκομμένων
2605 2627 2619 2651 ,
2651 2589 2745 2642 καὶ
2795 2588 2856 2640 τὸ
2903 2587 3064 2658 σῶμα
3097 2587 3217 2640 ὅλον
3252 2587 3574 2658 ἀναπήρων.

1989 2666 2072 2730 τίς
2098 2665 2240 2720 οὕτω
2265 2668 2486 2734 λίθινος,
2519 2671 2600 2734 τίς
2629 2669 2801 2734 οὕτως
2835 2669 3066 2740 ἀδάμας,
3102 2669 3178 2734 ὡς
3207 2669 3302 2723 καὶ
3333 2669 3430 2739 τῆς
3459 2667 3576 2738 ἠλι-

1989 2749 2146 2815 κίας,
2177 2751 2272 2804 καὶ
2313 2751 2414 2821 τῆς
2468 2753 2752 2817 ἀσθενείας
2776 2793 2791 2818 ,
2841 2755 2934 2808 καὶ
2973 2753 3074 2824 τῆς
3107 2753 3408 2826 πηρώσεως
3433 2791 3450 2816 ,
3481 2753 3578 2806 καὶ

1989 2834 2088 2904 τῆς
2117 2835 2340 2898 πενίας,
2391 2837 2486 2890 καὶ
2527 2838 2627 2907 τῆς
2678 2837 2928 2902 εὐτελοῦς
2965 2837 3158 2908 στολῆς
3181 2879 3195 2902 ,
3233 2839 3326 2890 καὶ
3358 2836 3576 2890 πάντων

1989 2917 2178 2981 ἁπλῶς
2204 2917 2340 2988 πρὸς
2375 2919 2719 2989 συμπάθειαν
2744 2921 3090 2974 ἐπικλώντων
3113 2920 3294 2981 αὑτὸν,
3323 2919 3577 2988 ἀντιστῆ-

1946 3067 1950 3071 _
1989 3016 2078 3052 ναι
2112 3001 2208 3054 καὶ
2265 3003 2443 3071 μεῖναι
2491 3003 2626 3072 πρὸς
2657 3003 2873 3058 ἅπαντα
2911 3004 3083 3058 ταῦτα
3137 3003 3444 3067 ἀνένδοτοςς
3479 3005 3578 3056 Διά

1989 3083 2163 3136 ταῦτα
2204 3083 2310 3154 πρὸ
2342 3084 2450 3137 τῶν
2485 3083 2664 3157 θυρῶν
2697 3085 2854 3156 ἡμῶν
2883 3087 3151 3156 ἑστήκασι
3179 3086 3380 3149 παντὸς
3413 3086 3576 3155 λόγου

1989 3165 2385 3238 δυνατώτεροι,
2421 3166 2508 3220 διὰ
2545 3169 2644 3237 τῆς
2673 3168 2847 3238 ὃέιεως
2889 3170 3292 3240 ἐπισπώμενοι,
3325 3169 3461 3240 πρὸς
3487 3187 3578 3238 φι-

1990 3247 2340 3319 λανθρωπίαν
2379 3251 2506 3314 τοῦς
2546 3251 2816 3314 εἰσιόντας
2861 3252 3270 3322 ἐκκαλούμενοι.
3309 3253 3578 3324 Καθάπερ

1989 3331 2099 3402 γὰρ
2130 3334 2338 3404 κρήνας
2361 3329 2500 3386 εἶναι
2521 3336 2579 3387 ἐν
2600 3338 2720 3398 ταῖς
2748 3337 2937 3398 αὐλαῖς
2955 3335 3067 3388 τῶν
3091 3336 3396 3406 εὐκτηρίων
3413 3338 3577 3390 οἴκων

1989 3416 2322 3486 νενόμισται,
2362 3419 2450 3472 ἵνα
2475 3419 2524 3470 οἱ
2561 3419 2845 3488 μέλλοντες
2877 3418 3134 3488 εὔχεσθαι
3163 3419 3240 3489 τῷ
3267 3417 3406 3488 Θεῷ,
3445 3420 3578 3490 πρό-

1988 3515 2147 3569 τερον
2177 3501 2576 3572 ἀπονιψάμενοι
2605 3501 2703 3565 τὰς
2736 3505 2924 3572 χεῖρας
2943 3543 2958 3568 ,
2990 3501 3163 3565 οὕτως
3186 3502 3354 3564 αὑτὰς
3380 3503 3461 3566 εἰς
3487 3503 3577 3554 εὑ-

1989 3584 2092 3654 χὴν
2118 3584 2470 3638 ἀνατείνωσιν
2497 3602 2511 3615 ο
2547 3585 2688 3640 οὕτω
2742 3588 2835 3640 καὶ
2864 3587 2991 3650 τοὺς
3035 3587 3276 3656 πένητας
3313 3587 3434 3640 ἀντὶ
3473 3603 3579 3657 πη-

1989 3667 2102 3735 γῶν
2129 3669 2222 3720 καὶ
2253 3667 2468 3739 κρηνῶν
2498 3667 2732 3738 ἔστησαν
2759 3671 2809 3722 οἱ
2842 3669 3076 3739 πατέρες
3109 3671 3214 3739 πρὸ
3241 3669 3348 3722 τῶν
3375 3669 3574 3742 θυρῶν⁹

1991 3751 2078 3814 ἵν’,
2115 3750 2303 3822 ὥσπερ
2331 3752 2481 3805 ὕδατι
2515 3753 2615 3816 τὰς
2645 3755 2832 3824 χεῖρας
2858 3754 3262 3821 ἀπονίπτομεν,
3303 3754 3447 3808 οὕτω
3484 3774 3575 3824 φι-

1989 3833 2309 3908 λανθρωπίᾳ
2333 3835 2430 3908 τὴν
2452 3835 2630 3908 ψυχὴν
2657 3837 3070 3908 ἀποσμήχοντες
3092 3836 3376 3908 πρότερον,
3403 3837 3577 3904 οὕτως

1991 3919 2300 3990 εὐχώμεθα.

2065 4013 2154 4084 ιβ’.
2195 4015 2330 4068 Οὑδέ
2347 4015 2456 4086 γὰρ
2474 4015 2645 4079 οὓτως
2662 4015 2854 4079 ὓδατος
2869 4013 3032 4085 φύσις
3047 4015 3335 4069 ἀπονίπτει
3353 4015 3578 4086 κηλῖδας

1993 4097 2267 4170 σώματος,
2299 4099 2374 4163 ὡς
2409 4099 2780 4170 ἐλεημοσύνης
2808 4099 3038 4170 δύναμις
3065 4101 3377 4171 ἀποσμήχει
3404 4101 3576 4174 ῥύπον

1990 4181 2168 4252 ψυχῆς
2197 4182 2430 4254 ,Ὥσπερ
2460 4179 2554 4236 οὖν
2589 4183 2650 4236 οὐ
2678 4184 2884 4255 τολμᾷς
2911 4183 3158 4248 ἀνίπτοις
3186 4185 3374 4256 χερσὶν
3398 4183 3576 4237 εἰσελ-

1994 4264 2102 4317 θὼν
2121 4263 2403 4330 εὖξασθαι,
2425 4267 2602 4320 καίτοι
2624 4266 2843 4319 ἔλαττον
2865 4267 2924 4320 τὺ
2949 4265 3200 4336 ἔγκλημα
3220 4269 3418 4330 ἐκεῖνο,
3434 4265 3580 4319 οὕτω

1996 4349 2133 4418 μήτε
2172 4349 2338 4420 χωρὶς
2369 4348 2739 4421 ἐλεημοσύνης
2761 4351 2848 4402 ἐπ’
2884 4351 3049 4420 εὐχὴν
3072 4350 3232 4421 ἔλθῃς
3263 4351 3412 4405 ποτέ.
3448 4350 3578 4404 Καί-

1992 4449 2075 4486 τοι
2102 4433 2194 4486 κα).
2221 4432 2468 4505 καθαρὰς
2502 4433 2763 4496 πολλάκις
2793 4433 3008 4504 ἔχοντες
3033 4432 3132 4496 τὰς
3159 4437 3366 4505 χεῖρας.
3401 4433 3468 4488 ἂν
3499 4435 3574 4505 μὴ

1995 4515 2258 4586 πρότερον
2289 4515 2458 4579 αὑτὰς
2479 4516 2876 4584 ἀποπλύνωμεν
2901 4515 3074 4577 ὕδατι,
3102 4517 3201 4568 οὐκ
3222 4518 3576 4588 ἀνατείνομεν

1994 4601 2073 4662 εἰς
2098 4598 2266 4668 εὐχήν
2289 4613 2303 4626 ·
2336 4598 2590 4652 τοσοῦτόν
2622 4601 2770 4652 ἐστιν
2809 4600 2842 4668 ἡ
2874 4597 3148 4669 συνήθεια.
3179 4598 3351 4652 Τοῦτο
3395 4601 3576 4654 τοίνυν

1993 4680 2088 4734 καὶ
2109 4681 2199 4732 ἐπὶ
2227 4680 2324 4748 τῆς
2352 4681 2474 4751 ἐλεη
2485 4681 2721 4752 μοσύνης
2745 4681 2984 4751 ποιῶμεν
3008 4698 3020 4711 ·
3047 4682 3150 4735 κάν
3177 4683 3340 4754 μηδὲν
3361 4685 3574 4748 ἑαυτοῖς

1993 4762 2141 4833 ὦμεν
2155 4763 2305 4836 μου]
2327 4765 2625 4828 συνειδότες
2651 4766 2791 4836 μέγα
2815 4765 3142 4836 ἁμάρτημα,
3161 4768 3311 4839 ὅμως
3331 4768 3578 4839 ἀποσμή-

1993 4865 2176 4920 χωμεν
2226 4848 2288 4902 τὸ
2322 4847 2560 4910 συνειδὸς
2591 4849 2677 4901 διὰ
2703 4849 2802 4918 τῆς
2833 4848 3222 4920 ἐλεημοσύνης.
3259 4851 3436 4904 Πολλά
3466 4852 3578 4905 ἀπὸ

1993 4933 2090 5002 τῆς
2116 4933 2321 5004 ἀγορᾶς
2347 4932 2645 4986 ἐπεσπάσω
2675 4931 2853 4985 δεινά·
2883 4932 3078 5004 ἐχθρὸς
3103 4934 3411 5004 παρώξυνε,
3429 4935 3580 4989 δικα-

1996 5020 2126 5090 στὴς
2155 5020 2433 5089 ἠνάγκασέ
2455 5038 2510 5073 τι
2541 5021 2764 5090 ποιῆσαι
2793 5020 2902 5074 τῶν
2929 5023 2989 5074 οὐ
3029 5023 3413 5093 προσηκόντων
3439 5041 3578 5094 πρα-

1993 5109 2244 5178 γμάτων,
2297 5109 2517 5178 ῥήματα
2565 5107 2821 5172 πολλάκις
2866 5108 3120 5174 ἐξέϐαλες
3173 5110 3370 5176 ἄτοπα,
3426 5112 3578 5180 φίλος

1993 5196 2341 5269 ἐδυσώπησεν
2391 5196 2729 5269 ἐργάσασθαί
2775 5217 2828 5252 τι
2866 5198 2974 5252 τῶν
3007 5200 3284 5271 ἁμαρτίαν
3319 5200 3572 5268 ἐχόντων,

1993 5285 2158 5356 ἕτερα
2193 5286 2542 5357 προσετρίςνω
2576 5287 2743 5340 πολλά
2766 5329 2781 5352 ,
2823 5281 2912 5340 οἷα
2957 5287 3103 5350 εἰκὸς
3131 5285 3416 5356 ἄνθρωπον
3447 5287 3577 5340 ὄντα

1997 5373 2442 5444 προστρίϐεσθαι,
2476 5376 2534 5427 ἐν
2567 5375 2742 5444 ἀγορᾷ
2776 5375 3138 5445 στρεφόμενον
3163 5415 3177 5437 ,
3205 5373 3578 5444 δικαστηρίοις

1996 5461 2444 5530 προσεδρεύοντα,
2462 5461 2534 5514 τὰ
2559 5463 2658 5531 τῆς
2686 5463 2892 5525 πόλεως
2918 5461 3226 5532 πράττοντα
3249 5461 3575 5533 πράγματα’

1997 5548 2135 5618 ὑπὲρ
2159 5549 2363 5603 τούτων
2385 5549 2639 5602 ἁπάντων
2665 5547 2887 5618 είσέρχῃ
2907 5547 3000 5600 τὸν
3027 5547 3160 5600 Θεὸν
3189 5550 3428 5620 αἰτήσων
3451 5565 3578 5617 συγ-

1995 5634 2222 5706 γνώμην
2275 5636 2370 5688 καὶ
2405 5634 2900 5705 ἀπολογησόμενος.
2943 5635 3232 5690 Κατάόαλε
3269 5636 3449 5690 τοίνυν
3475 5636 3576 5710 ἀρ-

1995 5721 2182 5792 γύριον
2221 5721 2302 5784 εἰς
2325 5720 2422 5784 τὰς
2448 5720 2556 5772 τῶν
2596 5721 2845 5790 πενήτων
2873 5724 3062 5794 χεῖρας
3079 5763 3093 5787 ,
3134 5724 3228 5778 καὶ
3257 5723 3578 5796 ἀπόσμηξον

1994 5809 2094 5872 τὰς
2126 5807 2348 5880 κηλῖδας
2390 5807 2635 5872 ὲκείνας,
2669 5809 2758 5862 ἵνα
2811 5811 2950 5881 μετά
2983 5812 3294 5886 παρρησίας
3340 5813 3574 5884 καλέσης

3133 5932 3208 5995 19
