4062 6424
505 376 611 430 301

515 486 832 556 αἰτούμενος
853 485 947 539 τὸν
970 484 1265 556 δυνάμενόν
1289 501 1371 537 σοι
1396 482 1566 537 ταῦτα
1590 484 1806 553 ἀφεῖναι
1828 486 1895 540 τὰ
1921 487 2095 558 ἀμαρ-

516 573 751 641 τήματα.
793 570 888 622 “Av
926 569 986 621 ἐν
1028 567 1284 638 συνηθείᾳ.
1317 569 1667 642 καταστήσῃς
1698 570 1893 623 σαυτὸν
1931 571 2095 640 μηδί-

519 668 649 705 ποτε
677 652 843 721 χωρἰς
865 650 986 720 ἐλεη
996 649 1233 719 μοσύνης
1252 649 1362 702 τῶν
1393 650 1554 720 ἱερῶν
1581 652 1784 705 τούτων
1809 652 2095 723 προθύρων

516 735 836 797 ἐπιϐαίνειν,
865 733 1141 795 οὐδέποτε,
1177 733 1299 786 οὔτε
1325 732 1487 798 ἑκὼν,
1515 734 1640 787 οὐτε
1667 736 1837 798 ἄκων,
1865 736 2093 805 ὑστερή-

519 837 630 882 σεις
662 819 762 887 τῆς
815 817 987 888 καλῆς
1022 818 1225 889 ταύτης
1284 819 1583 888 ἐργασίας,
1634 818 1876 871 τοιοῦτον
1931 818 2093 889 τάρή

516 901 793 971 συνήθεια.
833 902 943 952 Kal
974 899 1163 971 ὥσπερ
1201 896 1295 953 οῦν
1328 901 1435 964 ἀεὶ,
1471 901 1570 954 ὅτι
1595 897 1688 954 οὖν
1709 901 1939 970 γένοιτο,
1967 918 2094 972 χερ-

517 985 600 1036 σὶν
626 984 874 1047 ἀνίπτοις
910 985 1009 1053 οὐχ
1054 984 1344 1053 ὑπομένεις
1378 983 1668 1051 εὐξασθαι,
1703 984 1893 1055 ἐπειδὴ
1931 985 2095 1038 κατέ-

515 1084 648 1137 στης
677 1069 758 1130 εἰς
788 1066 1077 1138 συνήθειαν
1112 1068 1259 1133 ἅπαξ
1281 1067 1473 1121 νοῦτω
1503 1070 1597 1121 καὶ
1624 1068 1715 1120 ἐπὶ
1744 1068 1841 1137 τῆς
1867 1068 2095 1139 ἐλεημο-

515 1149 713 1220 σύνης,
745 1149 813 1202 ἂν
858 1150 1047 1204 τοῦτον
1082 1151 1265 1222 σαυτῷ
1317 1150 1585 1223 ἐπιθήσῃς
1626 1150 1717 1204 τὸν
1763 1151 1960 1221 νόμον,
2002 1154 2097 1204 καὶ

514 1232 656 1287 ἑκὼν
714 1234 810 1286 ml
855 1234 1004 1288 ἄκων
1057 1235 1219 1289 αὐτὸν
1271 1234 1393 1288 καθ’
1448 1236 1685 1305 ἑκάστην
1718 1235 2096 1307 ἐκπληρώσεις

513 1316 728 1388 ἡμέραν
768 1315 874 1369 ὐπὸ
918 1318 1017 1389 τῆς
1048 1318 1338 1389 συνηθείας
1372 1318 1683 1389 ἑλκόμενος.

583 1473 705 1546 Πῦρ
758 1476 906 1528 ἐστιν
954 1476 988 1545 ή
1038 1474 1205 1545 εὐχὴ,
1242 1474 1476 1545 μάλιστα
1516 1475 1645 1528 ὅταν
1679 1475 1786 1528 ἀπὸ
1822 1476 2098 1547 νηφούσης

512 1562 612 1615 καὶ
633 1560 1065 1631 διεγηγερμένης
1088 1561 1478 1630 ἀναπέμπηται
1506 1561 1682 1631 ψυχῆς
1699 1579 1711 1590 ·
1736 1560 1868 1614 ἀλλὰ
1896 1562 1957 1614 τὸ
1986 1561 2098 1631 πῦρ

513 1643 673 1699 τοῦτο
702 1646 795 1700 καὶ
824 1644 1004 1698 ἐλαίου
1039 1644 1245 1706 δεῖται,
1280 1644 1366 1697 ἴνα
1412 1643 1593 1698 αὐτῶν
1624 1644 1828 1715 ἅψηται
1871 1645 1978 1698 τῶν
2008 1646 2098 1697 οὐ-

518 1731 719 1799 ρανίων
772 1729 1011 1799 ἀψίδων·
1058 1729 1235 1782 ἔλαιον
1286 1728 1342 1782 δὲ
1378 1728 1473 1781 τοῦ
1508 1728 1681 1798 πυρὸς
1724 1728 1916 1782 τούτου
1947 1729 2097 1783 οὐδὲν

515 1812 702 1882 ἕτερόν
735 1813 884 1864 ἐστιν
908 1853 921 1873 ,
955 1810 1069 1865 ἀλλ’
1097 1811 1129 1882 ἢ
1170 1809 1528 1880 ἐλεημοσύνη.
1572 1811 1786 1881 Ἐπίχεε
1830 1812 2005 1865 τοίνυν
2038 1811 2098 1864 τὸ

516 1894 692 1948 ἔλαιον
733 1893 982 1964 δαψιλὲς,
1020 1894 1107 1947 ἵνα
1157 1894 1581 1964 εὐφραινόμενος
1641 1893 1734 1946 ἐπὶ
1785 1892 1862 1963 τῷ
1899 1911 2096 1961 κατορ-

516 1976 752 2047 θώματι,
770 1976 907 2047 μετά
929 1977 1241 2049 παρρησίας
1265 1977 1509 2040 πλείονος
1532 1977 1625 2030 καὶ
1651 1975 1958 2048 προθυμίας
1980 1977 2095 2048 μεί-

514 2060 666 2123 ζονος
700 2058 798 2123 τὰς
824 2060 989 2129 εὐχάς
1019 2077 1112 2113 σου
1150 2059 1424 2130 ἐπιτελῇς.
1465 2060 1672 2131 Ὥσπερ
1702 2059 1810 2129 γὰρ
1848 2061 1897 2112 οἰ
1929 2060 2095 2130 μηδὲν

517 2145 726 2208 ἑαυτοῖς
754 2142 1056 2208 συνειδότες
1085 2142 1309 2212 ἀγαθὸν,
1345 2143 1465 2198 οὐδὲ
1498 2142 1758 2209 εὔξασθαι
1784 2144 1922 2213 μετὰ
1948 2146 2065 2215 παῤ
2083 2173 2097 2186 ι

529 2396 629 2404 -..ς-

522 2412 895 2426 —-———-_v

1176 375 1232 431 S.
1269 376 1555 432 JO.\N.\llS
1589 374 2085 431 CHRYSOSTOMI
2125 373 2448 434 ARCHIEP.
2491 380 3047 437 CONSTANTINOP.

3676 367 3780 423 50?.

2197 484 2391 557 ρησίας
2414 481 2703 543 δύνανται,
2752 478 2925 542 οὓτως
2952 479 3003 532 οἰ
3056 476 3501 548 κατορθώσαντες
3564 497 3655 544 τι,
3686 484 3782 537 καὶ

2198 566 2337 637 μετά
2355 565 2453 637 τὴν
2483 563 2831 634 δικαιοσύνην
2858 563 3071 632 ἐκείνην
3102 562 3194 615 ἐπὶ
3226 561 3324 630 τὴν
3354 564 3521 634 εὐχὴν
3550 564 3783 636 ἐρχόμε.

2192 666 2274 702 νοι
2297 690 2313 715 ,
2352 650 2420 718 τῇ
2482 648 2673 720 μνήμῃ
2726 645 2820 699 τοῦ
2878 645 3300 717 κατορθώματος
3336 648 3783 718 εὐφραινόμενοι,

2197 732 2335 802 μετὰ
2364 731 2609 792 πλείονος
2638 731 2740 800 τῆς
2786 729 3095 801 προθυμίας
3142 728 3423 783 ποιοῦνται
3462 732 3565 800 τὴν
3603 732 3781 803 ἱκετη-

2197 816 2339 886 ρίαν.
2383 816 2482 868 "lv'
2515 809 2609 868 οὖν
2657 814 2753 866 καὶ
2785 813 2927 866 κατὰ
2974 812 3134 866 τοῦτο
3180 813 3526 886 δυνατωτέρα
3561 816 3697 885 ἡμῖν
3746 818 3784 887 ἡ

2196 899 2331 969 εὐχὴ
2356 898 2604 969 γένηται,
2625 896 3010 968 γρηγορούσης
3036 899 3169 968 ἡμῖν
3191 898 3289 968 τῆς
3315 899 3557 963 διανοίας
3582 901 3640 953 ἐν
3662 903 3782 961 ταῖς

2195 984 2444 1055 δεήσεσιν
2474 983 2580 1038 ἀπὸ
2601 983 2701 1052 τῆς
2734 982 2838 1034 τῶν
2865 982 3307 1054 κατορθωμάτων
3341 987 3566 1055 μνήμης
3591 1025 3605 1045 .
3640 987 3782 1056 μετά

2196 1069 2296 1139 τῆς
2328 1068 2452 1138 ἐλεη
2463 1066 2701 1137 μοσύνης
2734 1066 2828 1119 ἐπὶ
2858 1066 2957 1129 τὰς
2990 1066 3155 1136 εὐχὰς
3188 1066 3501 1138 ἐρχώμεθα,
3529 1068 3627 1120 καὶ
3654 1086 3784 1138 μνη-

2201 1152 2514 1223 μονεύωμεν
2545 1151 2684 1222 μετά
2713 1148 2997 1221 ἀκριϐείας
3023 1149 3240 1204 ἅπαντα
3267 1150 3336 1203 τὰ
3356 1149 3627 1220 εἰρημένα
3646 1165 3663 1179 ⁸
3690 1152 3789 1209 καὶ

2199 1236 2306 1307 πρό
2354 1251 2416 1303 γε
2448 1235 2555 1288 τῶν
2580 1234 2754 1289 ἀλλων
2788 1233 3041 1286 ἁπάντων
3069 1232 3286 1302 ἐκείνην
3337 1249 3429 1302 μοι
3461 1231 3563 1303 τὴν
3593 1234 3782 1287 εἰκόνα

2198 1321 2503 1390 διατηρεῖτε
2554 1316 2819 1388 διηνεκῶς
2843 1356 2858 1380 ,
2903 1315 3027 1370 καθ’
3058 1316 3126 1386 ἢν
3157 1312 3308 1369 εἷπον
3355 1317 3482 1378 τοὺς
3538 1314 3780 1383 πένητας

2198 1402 2304 1472 πρὸ
2329 1400 2435 1453 τῶν
2460 1399 2638 1471 θυρῶν
2666 1398 2888 1451 ἑστάναι
2917 1398 3025 1451 τῶν
3048 1398 3352 1468 εὐκτηρίων
3373 1399 3559 1461 οἴκων,
3577 1397 3789 1467 ταύτην

2199 1486 2292 1538 ἐπὶ
2328 1484 2427 1553 τῆς
2475 1482 2655 1553 ψυχῆς
2687 1479 3127 1551 ἀναπληροῦντες
3175 1481 3273 1551 τὴν
3315 1480 3505 1551 χρείαν
3530 1521 3545 1545 ,
3592 1480 3658 1547 ἣν
3693 1481 3785 1535 ἐπὶ

2200 1568 2294 1621 τοῦ
2330 1567 2580 1637 σώματος
2633 1568 2666 1635 η
2701 1566 2895 1635 κρήνη.
2934 1566 3029 1617 Ἂν
3074 1562 3184 1633 γὰρ
3225 1563 3383 1616 τοῦτο
3415 1557 3569 1631 ὦμεν
3606 1561 3786 1634 διηνε·

2201 1649 2311 1713 κῶς
2338 1648 2710 1721 μεμνημένοι,
2740 1645 2980 1717 συνεχῶς
3024 1645 3446 1716 ἀπονιπτόμενοι
3497 1646 3589 1699 τὸν
3635 1646 3787 1714 λογι-

2203 1735 2360 1803 σμὸν,
2395 1732 2644 1803 καθαράς
2675 1733 2775 1802 μὲν
2799 1730 3143 1802 δυνησόμεθα
3164 1728 3263 1793 τάς
3292 1728 3456 1799 εὐχὰς
3484 1730 3782 1785 ἐπιτελεῖν.

2201 1815 2401 1887 πολλὴν
2430 1815 2485 1868 δὲ
2522 1813 2926 1869 ἐπισπάσασθαι
2962 1811 3113 1883 παρά
3152 1813 3246 1866 τοῦ
3270 1811 3406 1867 Θεοῦ
3434 1812 3534 1884 τὴν
3566 1814 3786 1884 παρῤης

2199 1900 2341 1963 σίαν,
2377 1899 2471 1951 καὶ
2494 1897 2592 1967 τῆς
2631 1896 2906 1967 βασιλείας
2936 1896 3042 1950 τῶν
3076 1895 3322 1965 οὐρανῶν
3344 1898 3645 1965 ἐπιτυχεῖν,
3681 1897 3783 1965 χάο

2204 1999 2311 2054 ριτι
2337 1982 2430 2035 καὶ
2460 1979 2839 2052 φιλανθρωπίᾳ
2870 1978 2965 2031 τοῦ
3004 1978 3210 2049 Κυρίου
3236 1979 3393 2049 ἡμῶν
3439 1978 3619 2047 Ἰησοῦ
3650 1978 3786 2050 Χρι-

2201 2065 2329 2117 στοῦ
2355 2103 2369 2129 ,
2396 2057 2442 2132 ᾧ
2468 2066 2501 2134 ἠ
2543 2063 2673 2129 δόξα
2706 2061 2801 2116 καὶ
2833 2061 2894 2114 τὸ
2927 2061 3126 2131 κράτος
3158 2063 3239 2125 εἰς
3278 2064 3404 2127 τούς
3438 2061 3641 2126 αἰῶνας
3668 2063 3789 2116 τῶν

2201 2145 2433 2201 αἰώνων.
2478 2147 2671 2217 Ἀμήν.

1753 2424 1947 2430 -...-.
1962 2420 2877 2431 ,ΜΜᾟ--α

1469 2653 1823 2714 MONITUM
1865 2654 1962 2714 AD
2004 2655 2377 2715 HOMILIAM
2418 2656 2498 2715 IN
2545 2654 2799 2727 ILLUD,

585 2847 798 2903 Nullam
829 2849 912 2905 vel
939 2849 1044 2906 loci
1068 2850 1149 2906 vel
1180 2852 1440 2923 temporis
1466 2862 1650 2909 notam
1678 2868 1789 2925 pra:
1813 2870 1872 2912 se
1904 2854 2007 2912 l‘ert
2031 2856 2147 2913 haec
2180 2858 2424 2914 homilia.
2459 2856 2564 2915 Sed
2590 2873 2620 2914 a
2655 2858 2806 2915 Pauli
2834 2859 3087 2916 laudibus
3113 2874 3276 2917 orsus
3301 2858 3760 2931 Clirysostomus,

515 2967 635 3035 ejus
663 2968 912 3037 exemplo
936 2983 1210 3040 quemque
1232 2972 1391 3027 docet
1416 2970 1797 3028 abstinendum
1824 2988 2037 3044 semper
2073 2991 2195 3032 esse
2228 2993 2256 3033 a
2305 2979 2540 3049 propriis
2566 2979 2839 3047 laudibus,
2866 2987 3127 3050 quantum
3173 2978 3401 3035 facultas
3426 2978 3592 3046 ferat;
3626 2988 3681 3034 et
3712 2979 3760 3031 si

514 3083 756 3152 quando,
782 3091 1007 3155 urgente
1031 3099 1185 3152 casu,
1226 3096 1452 3156 cogatur
1484 3087 1752 3159 quispiam
1792 3103 1856 3146 ea
1911 3105 2343 3151 commemorare
2384 3110 2511 3164 quae
2562 3096 2617 3150 in
2650 3111 2810 3152 suum
2850 3103 3066 3151 vertant
3117 3097 3403 3161 honorem,
3442 3095 3495 3149 id
3539 3111 3765 3152 summa

2128 3327 2466 3341 ..ἒ-ι·-

1135 3466 1285 3541 [’9‘]
1328 3478 1501 3564 ΕΙΣ
1543 3477 1691 3560 ΤΟ
1748 3474 2556 3560 ΑΠΟΣΤΟΛΙΚΟΝ
2618 3477 3026 3570 ΡΗΤΟΝ,

1434 3666 1690 3733 Ὄφελον
1722 3663 2039 3733 ἀνέἰχεσθέ
2056 3680 2178 3730 μου
2209 3660 2426 3729 μικρὸν
2458 3657 2532 3727 τῇ
2564 3660 2901 3729 ἀφροσύνῃ.

574 3996 644 4044 α’.
667 3988 951 4046 Ἀπαντας
981 3980 1079 4053 μὲν
1103 3978 1243 4050 φιλῶ
1264 3977 1390 4041 τοὺς
1422 3976 1627 4047 ἁγίους,
1655 3974 1886 4046 μάλιστα
1909 3974 1966 4026 δὲ
1996 3971 2084 4025 τὸν

508 4071 776 4142 μακάριον
810 4063 1022 4119 Παῦλον
1042 4104 1057 4129 ,
1086 4062 1146 4115 τὸ
1174 4059 1365 4124 σκεῦος
1408 4060 1507 4131 τῆς
1548 4057 1797 4142 ἐκλογῆς]
1825 4056 1924 4142 τῂν
1958 4055 2084 4142 σάλ-

506 4134 680 4222 πιγγα
726 4149 825 4219 τὴν
851 4146 1123 4217 οὐράνιον,
1165 4144 1256 4196 τὸν
1299 4141 1666 4222 νυμφαγωγὸν
1700 4139 1795 4192 τοῦ
1823 4134 2083 4222 Χριστοῦ.

505 4220 676 4290 Τοῦτο
721 4232 777 4285 δὲ
811 4225 985 4284 εἷπον.
1021 4227 1113 4280 ml.
1159 4225 1218 4277 ὃν
1267 4223 1396 4294 περὶ
1434 4222 1595 4276 αὐτὸν
1638 4221 1815 4291 ἔρωτα
1845 4220 1973 4290 ἔχω,
2006 4220 2085 4284 εἰς

508 4319 672 4392 μέσον
698 4314 986 4384 ἐξήνεγκα,
1017 4309 1106 4362 ἵνα
1137 4307 1231 4361 ml
1261 4306 1407 4376 ὑμᾶς
1449 4305 1735 4367 κοινωνοὺς
1762 4304 1972 4370 ποιήσω
1990 4301 2083 4354 τοῦ

503 4384 747 4473 ξρίλτρου.
786 4397 849 4451 Ol
887 4396 983 4465 μὲν
1014 4390 1123 4461 γὰρ
1162 4389 1252 4473 τὸν
1286 4387 1593 4473 σωματικὸν
1644 4386 1819 4473 έρωτα
1852 4384 2084 4473 ἐρῶντες

504 4470 727 4548 εἰκότως
748 4479 1095 4551 αἰσχύνονται
1123 4472 1425 4545 ὁμολογεῖν,
1455 4470 1551 4525 ἀτε
1581 4471 1675 4524 ml
1696 4470 1920 4532 ἑαυτοὺς
1949 4486 2082 4522 κατ-

505 4568 873 4638 αισχύνοντες,
928 4560 1022 4616 ml
1057 4558 1183 4620 τοὺς
1215 4555 1513 4638 ἀκούοντας
1548 4553 1873 4638 βλάπτοντες
2026 4551 2082 4604 δὲ

504 4633 1015 4717 τὸν-πνευματικὸν,
1051 4639 1319 4713 μηδέποτε
1369 4635 1756 4709 ὁμολογοῦντες
1799 4633 2081 4688 παυέσθω-

507 4752 606 4787 σαν
626 4750 639 4763 ·
661 4731 758 4784 καὶ
806 4728 916 4798 γὰρ
939 4726 1036 4780 ml
1065 4725 1291 4786 ἑαυτοὺς
1326 4723 1421 4775 ml
1448 4721 1574 4783 τοὺς
1610 4718 1905 4782 ἀκούοντας
1937 4718 2081 4787 ὠφε-

506 4813 659 4869 λοῦσι
678 4811 769 4867 διὰ
796 4810 898 4879 τῆς
921 4806 1095 4877 καλῆς
1125 4804 1330 4874 ταύτης
1360 4802 1670 4873 ὁμολογίας.
1718 4801 1954 4863 Ἐκεῖνος
1985 4800 2082 4870 μὲν

507 4899 615 4966 γὰρ
639 4898 667 4949 ὁ
704 4895 842 4964 ἔρως
865 4889 1136 4959 ἔγκλημα,
1165 4882 1318 4948 οὗτος
1340 4885 1395 4938 δὲ
1417 4883 1688 4966 ἐγκώμιον
1708 4899 1721 4914 ’
1749 4884 1951 4966 ἐκεῖνος
1986 4882 2082 4952 μὲν

508 4959 678 5041 ⁸πάθος
712 4959 887 5045 ψυχῆς
934 4968 1355 5040 διαϐεϐλημένον
1402 4967 1549 5020 ἐστὶν
1573 5006 1588 5032 ,
1618 4959 1770 5028 οὗτος
1803 4965 1858 5018 δέ
1888 4965 2083 5034 εὐφρο-

507 5061 642 5130 σύνη
668 5057 865 5128 ψυχῆς,
923 5054 1017 5107 καὶ
1065 5050 1397 5120 ἀγαλλίαμα,
1455 5048 1547 5104 καὶ
1589 5048 1792 5130 κόσμος
1826 5047 2077 5117 ἀριστος·

505 5129 713 5205 ἐκεῖνος
746 5138 958 5206 εἰσάγει
1010 5135 1241 5203 πόλεμον
1271 5134 1351 5196 εἰς
1388 5133 1485 5202 τὴν
1532 5129 1639 5183 τῶν
1691 5129 1936 5202 ἐρώντων
1968 5130 2083 5183 διά-

503 5244 673 5290 νοιαν,
704 5216 861 5284 οὗτος
888 5218 983 5273 καὶ
1020 5217 1110 5271 τὸν
1144 5216 1274 5267 ὄντα
1308 5212 1541 5283 πόλεμον
1575 5211 1847 5275 ἐκϐάλλει,
1892 5212 1986 5265 ml
2023 5213 2082 5265 ἐν

508 5312 698 5382 εἰρήνῃ
721 5306 889 5376 πολλῇ
916 5303 1043 5382 τοὺς
1069 5299 1311 5382 ἐρῶντας
1340 5294 1651 5382 καθίστησι.
1675 5295 1955 5382 “urar-zeum
1989 5296 2087 5382 μέν

504 5371 888 5455 obolo-39510;"
914 5381 1146 5451 γίνεται,
1173 5376 1309 5431 ἀλλὰ
1337 5373 1431 5428 καὶ
1464 5371 1631 5443 πολλὴ
1670 5371 1841 5455 ζημία
1869 5374 2089 5445 χρημά..

504 5486 614 5523 των
659 5454 752 5521 ml
783 5466 997 5533 δαπάνη
1042 5480 1127 5526 τις
1165 5460 1414 5529 ἀνόητος,
1460 5454 1556 5508 ml.
1585 5454 1729 5522 ζωῆς
1776 5457 2087 5525 ἀνατροπὴ,

508 5552 603 5604 καὶ
635 5548 823 5602 οἰκιῶν
874 5545 1159 5615 ὁλόκληροι
1187 5538 1509 5611 διαφθοραί·
1544 5535 1796 5589 ἐντεῦθεν
1830 5536 1886 5588 δέ
1918 5536 2083 5601 πολὺς

511 5636 540 5686 δ
566 5630 800 5692 πλοῦτος
833 5629 941 5682 τῶν
989 5626 1452 5697 κατορθωμάτων,
1494 5619 1662 5688 πολλὴ
1709 5624 1743 5690 η
1800 5618 2084 5690 περιουσία

510 5716 605 5783 τῆς
641 5714 860 5782 ἀρετῆς.
909 5710 1051 5780 Πρὸς
1079 5709 1135 5761 δὲ
1168 5711 1279 5771 τοῖς
1309 5705 1647 5777 εἰρημένοις,
1681 5704 1730 5754 οἰ
1771 5702 1871 5771 μὲν
1903 5703 2087 5771 σωμά-

515 5809 619 5846 των
645 5794 930 5863 εὐμόρφων
960 5792 1212 5862 ἐρῶντες,
1255 5792 1347 5843 ml
1385 5788 1520 5859 πρὸς
1559 5785 1658 5848 τὰς
1686 5784 1945 5856 λαμπρὰς
1976 5785 2083 5840 τῶν

2186 3972 2361 4040 δψεων
2400 3972 2709 4044 κεχηνότες,
2748 3972 2815 4027 ἂν
2868 3966 3002 4025 ὦσιν
3060 3970 3277 4042 αἰσχροὶ
3332 3970 3424 4025 καί
3471 3970 3772 4033 δυσειδετς,

2185 4053 2338 4109 οὐδὲν
2389 4056 2453 4107 ἐκ
2483 4055 2583 4126 τῆς
2611 4055 2833 4108 ἐκείνων
2873 4053 3165 4124 ἐπιθυμίας
3209 4053 3289 4116 εἰς
3314 4052 3635 4123 ἀπαλλαγὴν
3668 4053 3772 4122 τῆς,

2184 4136 2390 4200 οἰκείας
2415 4136 2786 4207 κερδαίνουσιν
2819 4135 3115 4207 ἀμορφίας,
3140 4135 3273 4189 ἀλλὰ
3306 4135 3398 4188 ml
3423 4135 3775 4205 αἰσχρότεροι

2186 4217 2462 4289 κρίνονται
2500 4220 2595 4271 καὶ
2618 4217 3008 4289 εἰδεχθέστεροι
3029 4236 3042 4248 ·
3077 4218 3171 4271 ἐπὶ
3201 4216 3257 4269 δέ
3293 4216 3385 4270 τοῦ
3409 4217 3610 4287 ἔρωτος
3639 4216 3775 4269 τού-

2186 4317 2281 4353 του
2308 4300 2617 4354 τούναντίον
2649 4299 2813 4355 ἅπαν,
2864 4300 2922 4353 '0
2954 4298 3062 4371 γὰρ
3088 4300 3266 4370 ψυχῆς
3294 4298 3454 4367 ἁγίας
3482 4298 3645 4368 ἐρῶν,
3675 4300 3775 4352 καὶ

2184 4383 2484 4454 εὐμόρφου,
2517 4383 2611 4435 καὶ
2637 4382 2918 4454 λαμπρᾶς,
2945 4382 3039 4435 καὶ
3068 4381 3446 4452 περικαλλοῦς,
3475 4381 3577 4434 κᾶν
3604 4381 3775 4444 αὐτὸς

2184 4465 2408 4536 αἰσχρὸς
2531 4465 2624 4517 ml
2674 4464 2944 4533 δυσειδὴς,
3002 4464 3104 4516 κᾶν
3159 4464 3414 4517 ἁπάντων
3465 4461 3777 4533 ἀνθρώπων

2185 4548 2487 4619 αἴσχιστος,
2539 4547 2792 4618 ἐμμένων
2828 4546 2905 4618 τῷ
2952 4546 3113 4618 ἔρωτι
3158 4546 3267 4599 τῶν
3321 4543 3510 4612 ἀγίων,
3555 4545 3775 4615 ταχέως

2182 4631 2336 4684 ἔσται
2368 4630 2629 4694 τοιοῦτος,
2665 4624 2777 4693 οἷος
2808 4631 2836 4682 ό
2873 4628 3166 4701 ἐρώμενος.
3203 4628 3312 4682 Καὶ
3342 4629 3452 4699 γὰρ
3484 4628 3577 4681 ml
3605 4626 3775 4680 τοῦτο

2181 4714 2282 4785 τῆς
2319 4714 2411 4768 τοῦ
2458 4711 2593 4767 Θεοῦ
2640 4712 3048 4783 φιλανθρωπίας
3100 4711 3279 4781 ἔργον,
3337 4710 3397 4763 τὸ
3455 4709 3622 4780 σῶμα
3672 4711 3775 4780 μὲν

2181 4798 2427 4868 ἄμορφον
2492 4797 2583 4850 ml
2622 4794 3022 4866 πεπηρωμένον
3073 4795 3146 4865 μὴ
3195 4792 3453 4846 δύνασθαι
3496 4791 3773 4861 διορθοῦν,

2181 4878 2359 4950 ψυχὴν
2389 4879 2445 4932 δέ
2476 4878 2710 4949 αἰσχρὰν
2740 4878 2835 4931 καὶ
2849 4876 3065 4947 δυσειδῆ
3103 4875 3359 4929 δύνασθαι
3381 4872 3643 4946 λαμπρὰν
3676 4875 3774 4927 καὶ

2183 4960 2484 5033 περικαλλῆ
2518 4963 2711 5013 ποιεῖν.
2752 4959 2886 5012 Ἀπὸ
2918 4959 3026 5029 γὰρ
3052 4959 3150 5028 τῆς
3179 4956 3480 5027 εὐμορφίας
3509 4955 3609 5023 τῆς
3634 4956 3763 5007 ἐκεί-

2183 5061 2276 5097 νου
2327 5042 2480 5096 οὐδέν
2533 5042 2597 5096 ἂν
2626 5043 2838 5111 γένοιτο
2875 5040 3097 5110 κέρδος·
3140 5039 3246 5093 ἀπὸ
3288 5039 3345 5092 δὲ
3389 5037 3483 5090 τοῦ
3537 5036 3775 5098 κάλλους

2183 5126 2280 5180 τοῦ
2310 5126 2513 5194 ταύτης
2533 5125 2773 5178 τοσαῦτα
2806 5123 2984 5188 ἔξεστι
3010 5120 3403 5192 καρπώσασθαι
3434 5119 3637 5189 ἀγαθὰ,
3667 5121 3773 5171 ὅσα

2187 5207 2339 5280 [Ξ92]
2373 5208 2517 5271 εἰκὸς
2544 5206 2845 5275 κεκτῆσθαι
2877 5205 2966 5260 τὸν
3005 5205 3241 5277 ἐραστὴν
3271 5204 3461 5274 ἔχοντα
3488 5202 3581 5255 τὸν
3610 5200 3775 5256 Θεόν.

2188 5292 2325 5361 Περί
2353 5291 2556 5361 ταύτης
2594 5290 2694 5359 τῆς
2727 5289 3032 5359 εὐμορφίας
3068 5289 3163 5341 καὶ
3200 5289 3229 5338 ὁ
3257 5285 3419 5339 Δαυῖδ
3446 5286 3503 5337 ἐν
3532 5283 3773 5354 ψαλμοῖς

2190 5374 2352 5445 ᾅδων,
2385 5374 2713 5437 ΙἌκουσον,
2755 5372 2908 5441 φησὶ,
2936 5372 3207 5438 θύγατερ,
3236 5368 3334 5424 καὶ
3367 5367 3476 5430 ιδε,
3511 5365 3609 5418 καί
3640 5366 3769 5419 κλῖ-

2190 5474 2302 5512 νον
2326 5455 2393 5509 τὸ
2415 5451 2525 5522 οὖς
2550 5472 2688 5518 σου,
2719 5454 2820 5508 καί
2857 5452 3149 5508 ἐπιλάθου
3170 5453 3279 5506 τοῦ
3316 5450 3471 5507 διαοῦ
3513 5465 3631 5503 σου
3669 5449 3773 5501 καὶ

2192 5538 2295 5594 τοῦ
2325 5538 2497 5593 οἴκου
2525 5537 2630 5592 τοῦ
2654 5540 2878 5604 πατρός
2916 5553 3052 5600 σου,
3088 5535 3189 5590 καὶ
3217 5532 3574 5603 ἐπιθυμήσει
3595 5534 3630 5584 ό
3651 5531 3759 5594 ,ϐα-

2188 5621 2401 5685 σιλεὺς
2433 5619 2541 5673 τοῦ
2570 5619 2836 5684 κάλλους
2871 5635 2987 5673 σου
3009 5636 3021 5646 ·
3063 5617 3261 5681 κάλλος
3307 5612 3541 5669 ἐνταῦθα
3590 5612 3773 5678 λέγων

2189 5705 2251 5757 τὸ
2281 5706 2421 5757 κατὰ
2447 5704 2643 5774 ψυχὴν,
2685 5704 2824 5772 ὅπερ
2849 5702 2914 5755 δι’
2944 5702 3143 5772 ἀρετῆς
3179 5700 3272 5755 ml
3318 5695 3601 5759 εὐλαϐείας
3644 5711 3775 5748 συν-

2195 5788 2427 5841 ίσταται.
