4062 6420
368 363 462 419 501

363 492 490 532 cum
525 477 815 532 tonsessui
838 477 1135 545 intersunt,
1173 494 1285 535 rem
1312 479 1496 551 populi
1519 479 1937 538 administrant:

368 585 468 639 pro
491 569 577 623 bis
593 569 1267 633 omnibusaceedisDeum
1285 582 1633 636 exoraturus,
1647 582 1703 628 et
1725 572 1938 628 veniam

361 661 652 731 petiturus.
673 659 818 733 Ergo
855 662 923 716 da
944 663 1231 732 pecuniam
1254 664 1309 718 in
1329 679 1522 719 manus
1545 680 1866 734 pauperum,
1886 672 1941 721 et

363 753 616 822 absterge
635 753 758 808 illas
776 755 1041 818 maculas,
1069 762 1128 809 ut
1150 770 1273 810 cum
1291 755 1486 811 fiducia
1501 757 1720 813 invoces
1738 771 1939 826 rogans

362 843 517 897 illum
553 845 648 913 qui
687 853 869 911 potest
904 846 1021 902 haec
1060 847 1159 902 tibi
1200 856 1424 918 peccata
1458 849 1758 904 remittere.
1799 848 1857 904 Si
1886 855 1941 904 te

361 934 729 990 assuefeceris
770 951 1070 1008 numquam
1108 941 1228 996 sine
1267 940 1610 1012 eleemosyna
1639 956 1797 996 sacra
1825 940 1940 995 haec

359 1024 635 1079 veStibula
676 1027 908 1091 intrare,
934 1042 1034 1083 nec
1073 1036 1291 1099 sponte,
1345 1029 1553 1085 invitus
1588 1044 1844 1099 umquam
1872 1028 1943 1084 ab

359 1113 469 1168 hoc
495 1112 640 1169 bono
671 1129 837 1186 opere
863 1118 1169 1175 abstinebis
1193 1138 1206 1175 :
1237 1127 1449 1175 tantum
1474 1122 1620 1175 valet
1641 1126 1942 1176 consuetu-

346 1202 439 1256 do.
471 1202 538 1257 Et
555 1204 690 1258 sicut
713 1205 1211 1276 quomodocumque
1231 1221 1290 1261 se
1309 1220 1396 1262 res
1422 1205 1633 1273 habeat,
1652 1221 1940 1276 numquam

345 1294 582 1348 sustines
628 1295 786 1349 illotis
829 1295 1075 1350 manibus
1116 1296 1352 1365 precari,
1383 1304 1726 1366 posteaquam
1772 1295 1940 1352 semel

344 1390 786 1445 consuetudinem
810 1389 944 1446 hanc
960 1394 1246 1460 usurpasti,
1268 1393 1334 1445 ita
1352 1392 1510 1446 etiam
1534 1392 1587 1445 in
1604 1391 1940 1463 eleemosyna

345 1483 394 1536 si
422 1481 559 1537 hanc
589 1481 760 1552 legem
796 1482 888 1536 tibi
921 1483 1232 1552 prmfixeris,
1272 1485 1456 1538 volens
1486 1483 1675 1538 nolens
1704 1482 1941 1553 quotidie

347 1573 494 1628 illam
536 1574 800 1644 implebis,
848 1575 961 1644 ipsa
988 1574 1372 1631 consuetudine
1397 1576 1463 1629 ad
1496 1575 1596 1630 hoc
1623 1585 1937 1645 pertractus.

421 1665 660 1721 Precatio
703 1684 816 1721 cum
863 1668 981 1736 igne
1022 1668 1227 1723 collata.
1256 1698 1329 1709 —
1354 1667 1497 1739 Ignis
1540 1678 1622 1723 est
1666 1668 1938 1737 precatio,

346 1757 617 1825 praecipue
643 1772 762 1811 cum
793 1772 824 1811 a
853 1757 1104 1827 vigilante
1132 1767 1187 1813 et
1211 1760 1387 1814 sobria
1432 1769 1608 1814 mente
1650 1758 1943 1828 proficisci-

348 1856 437 1899 tur
468 1864 481 1899 :
514 1844 607 1900 sed
654 1846 789 1917 ignis
817 1847 917 1902 iste
956 1862 1091 1917 opus
1120 1848 1281 1903 habet
1323 1848 1466 1913 oleo,
1496 1856 1554 1903 ut
1578 1848 1642 1902 ad
1674 1849 1783 1917 ipsa
1825 1849 1940 1902 cat-li

348 1953 587 1992 convexa
638 1939 1237 2008 perveniatzcreterum
1283 1941 1480 2006 oleum,
1526 1955 1633 2010 quo
1672 1939 1808 2010 ignis
1855 1938 1943 1994 hic

347 2028 594 2093 fovetur,
639 2044 742 2085 non
789 2030 929 2084 aliud
975 2039 1058 2085 est
1103 2046 1260 2101 quam
1309 2031 1669 2101 eleemosyna.
1717 2029 1943 2084 Aliunde

348 2119 509 2189 igitur
533 2119 709 2174 oleum
739 2122 840 2175 hoc
869 2121 1105 2191 largiter,
1132 2131 1185 2177 ut
1211 2122 1542 2176 exhilaratus
1568 2121 1668 2176 hoc
1689 2130 1780 2174 tuo
1800 2126 1940 2176 bono

941 361 1027 417 DE
1070 361 1315 418 VERBIS
1341 363 1704 430 APOSTOLI,
1731 357 1981 419 UTINAM
2020 356 2511 417 SUSTINERETIS
2548 359 2878 430 MODICUM,
2920 360 3075 416 E'I‘C.

3529 354 3634 413 302

2043 488 2228 544 opere,
2260 490 2383 531 cum
2427 474 2631 545 majore
2658 474 2934 530 alacritate
2973 473 3333 543 precationem
3364 478 3506 524 tuam
3536 469 3636 522 ab-

2041 564 2240 618 solvas.
2285 563 2437 620 Sicut
2474 566 2617 620 enim
2663 565 2754 635 qui
2798 558 2995 619 nullius
3040 562 3196 617 home
3245 561 3323 616 rei
3369 558 3471 614 sibi
3514 566 3637 613 sunt

2041 658 2263 724 conscii,
2296 657 2438 713 nulla
2479 672 2600 713 cum
2648 657 2840 712 fiducia
2884 656 3090 726 precari
3136 660 3402 724 possunt:
3431 650 3503 707 ita
3546 653 3637 718 qui

2045 751 2182 806 bene
2210 750 2412 821 aliquid
2458 757 2703 820 egerunt,
2733 759 2785 805 et
2814 756 2935 820 post
2962 748 3060 802 ista
3108 760 3270 813 Opera
3312 743 3379 798 ad
3406 756 3637 812 precan-

2042 843 2169 900 dum
2199 858 2260 899 se
2303 843 2603 909 conferunt,
2634 843 2742 897 ἱερῑί
2778 840 3147 898 recordatione
3178 839 3314 893 bene
3338 844 3634 907 gestorum,

2043 934 2246 1004 majore
2270 949 2392 989 cum
2418 934 2695 989 alacritate
2719 931 3160 1003 supplicationem
3186 942 3338 984 suam
3378 924 3634 982 offerunt.

2043 1024 2113 1081 Ut
2143 1026 2306 1095 igitur
2347 1025 2447 1081 hac
2489 1040 2701 1097 quoque
2745 1032 2896 1094 parte
2938 1021 3273 1078 efficaciores
3310 1019 3421 1074 sint
3447 1030 3638 1088 preces

2043 1125 2263 1183 nostrae,
2291 1115 2544 1172 nimirum
2588 1125 2767 1171 mente
2796 1129 2893 1185 per
2930 1110 3298 1168 beneficentiae
3322 1106 3636 1165 memoriam

2043 1208 2292 1272 excitata,
2320 1222 2440 1262 cum
2468 1208 2808 1278 eleemosyna
2836 1205 2903 1260 ad
2930 1202 3255 1275 precandum
3293 1198 3635 1256 accedamus.

2044 1309 2098 1356 et
2126 1299 2410 1370 diligenter
2437 1300 2613 1354 omnia
2657 1314 2776 1368 quae
2805 1296 2946 1352 dicta
2975 1303 3100 1350 sunt
3140 1294 3195 1348 in
3226 1290 3482 1348 memoria
3511 1287 3640 1343 reti-

2046 1407 2288 1455 neamus,
2328 1398 2384 1446 et
2412 1400 2538 1445 ante
2565 1390 2743 1444 omnia
2790 1388 2934 1442 illam
2980 1398 3271 1455 pauperum
3313 1380 3634 1449 imaginem,

2044 1498 2149 1552 qua
2177 1497 2272 1538 eos
2300 1480 2407 1535 dixi
2433 1494 2532 1550 pro
2562 1478 2767 1534 foribus
2790 1476 3011 1533 oratorii
3053 1473 3370 1536 consistere,
3403 1469 3632 1540 idipsum

2046 1574 2101 1628 in
2130 1575 2321 1627 animae
2351 1588 2505 1627 usum
2548 1578 2885 1641 praestantes,
2914 1565 3058 1638 quod
3101 1565 3156 1620 in
3196 1561 3438 1633 corporis
3481 1572 3637 1613 usum

2048 1665 2169 1720 fons
2193 1665 2430 1720 exhibet.
2453 1664 2509 1720 Si
2537 1667 2677 1718 enim
2701 1650 2891 1715 hoer
2920 1671 3186 1713 memores
3208 1654 3462 1709 continue
3485 1664 3638 1705 men-

2047 1762 2153 1809 tem
2182 1754 2529 1819 abluerimus,
2558 1751 2848 1823 poterimus
2878 1756 2934 1803 et
2961 1760 3121 1818 puras
3150 1758 3337 1815 preces
3362 1741 3431 1797 ad
3460 1739 3635 1795 Domi-

2049 1861 2174 1899 num
2209 1845 2462 1915 allegare,
2493 1843 2711 1898 multam
2737 1839 2875 1910 apud
2908 1840 3073 1894 Deum
3098 1836 3342 1891 fiduciam
3370 1833 3636 1896 obtinere,

2047 1948 2103 1993 et
2152 1938 2367 1992 catleste
2413 1950 2637 2005 regnum
2682 1934 2959 2002 consequi,
3005 1928 3172 2000 gratia
3217 1937 3273 1982 et
3316 1925 3639 1995 benignitate

2051 2027 2258 2083 Domini
2290 2028 2461 2081 nostri
2490 2026 2617 2081 Jcsu
2642 2023 2863 2089 Christi,
2892 2020 2977 2077 cui
3003 2020 3171 2090 gloria
3196 2028 3250 2074 et
3276 2016 3559 2087 imperium
3585 2014 3638 2068 iu

2049 2119 2244 2173 sarcula
2264 2118 2605 2173 saeculorum.
2634 2117 2827 2169 Amen.

406 2371 3602 2402 Μ

853 2650 1150 2715 UTINAM
1190 2654 1733 2717 SUSTINERETIS
1775 2634 2119 2718 MODlCUM
2161 2657 2343 2730 QUID
2382 2628 2862 2719 INSIPIENTIE
2901 2659 3101 2720 ΜΕιΕ.

359 2872 487 2915 cum
525 2860 900 2918 moderatione
927 2865 1296 2933 prastandum
1331 2880 1474 2923 esse.
1504 2864 1745 2938 ldipsum
1788 2883 1920 2925 vero
1963 2868 2253 2924 conﬁrmat
2283 2870 2534 2940 exemplo
2572 2869 2792 2926 Davidis
2827 2878 2883 2925 et
2934 2867 3248 2924 Samuelis:
3283 2876 3338 2925 et
3377 2867 3514 2922 nihil
3542 2882 3606 2923 ve

362 2973 544 3029 obiter
567 2978 760 3047 tangit,
783 2991 892 3049 quo
923 2979 1220 3037 internosci
1247 2981 1424 3039 valeat
1452 2984 1828 3041 Antiochiaene
1856 3000 1925 3041 an
1957 2985 2432 3054 Constantinopoli
2473 2986 2614 3043 hanc
2646 2986 2963 3043 concionem
2996 2984 3273 3040 habuerit.

419 3109 918 3183 luterpretationem
939 3116 1133 3175 incerti
1147 3099 1596 3191 cujusdam,'qute
1610 3120 1793 3178 minus
1809 3120 1946 3178 bene
1962 3121 2290 3177 concinnata
2310 3130 2446 3187 erat,
2465 3120 2851 3192 expunximus,
2872 3134 3181 3191 novamque
3197 3118 3606 3175 adornavimus.

395 3376 575 3385 -—_-_
590 3381 695 3388 —_._
712 3383 1461 3393 M—‘————__
1480 3385 1773 3398 -—__-..—_
1804 3389 1953 3397 -.~.-—
1970 3390 2002 3396 --
2015 3390 2037 3395 μ

2064 3389 2383 3397 --ς--νς--ο

1248 3585 1357 3656 IN
1412 3584 1635 3656 HOC
1685 3581 2204 3655 APOSTOLI
2246 3582 2688 3668 DICTUM,

712 3755 956 3799 UTINAM
1001 3756 1449 3801 susrmens'ns
1486 3755 1782 3799 MODICUM
1824 3753 1979 3807 QUID
2020 3752 2423 3796 msrrtnurm
2468 3752 2617 3797 sum
2651 3732 2755 3813 (2.
2804 3732 2955 3795 Cor.
2989 3732 3086 3792 11.
3121 3733 3146 3792 1
3181 3733 3226 3811 ).

1645 3895 1897 3909 ——‘

412 4009 463 4062 l.
502 4007 616 4063 Veri
650 4011 838 4063 amoris
868 4012 1017 4066 ratio.
1041 4042 1112 4051 —
1140 4010 1338 4066 Omnes
1364 4011 1610 4079 equidem
1654 4027 1775 4066 amo
1805 4027 1927 4067 san-

331 4111 475 4167 ctos,
508 4103 738 4159 maxime
781 4118 908 4158 vero
952 4104 1164 4159 beatum
1207 4105 1449 4170 Paulum,
1480 4119 1574 4159 vas
1603 4105 1881 4161 electionis
1909 4146 1924 4171 ,

333 4193 519 4248 tubam
563 4193 853 4258 crelestem,
899 4192 1095 4271 Christi
1143 4194 1463 4264 pronubum.
1511 4194 1567 4249 ld
1610 4210 1740 4251 vero
1777 4194 1924 4261 dixi,

334 4287 627 4357 meumque
653 4299 777 4355 erga
821 4285 966 4340 illum
995 4300 1232 4340 amorem
1264 4286 1315 4340 in
1346 4287 1579 4342 medium
1618 4287 1836 4358 protuli,
1870 4294 1928 4339 ut

333 4374 581 4444 ejusdem
603 4390 696 4429 vos
727 4375 1014 4446 participes
1042 4376 1332 4433 efficerem.
1363 4378 1495 4433 Nam
1523 4379 1610 4449 qui
1641 4393 1924 4450 corporum

332 4481 522 4521 amore
546 4466 790 4537 flagrant,
821 4467 892 4532 id,
924 4480 979 4523 et
1004 4469 1125 4538 jure
1148 4470 1381 4539 quidem,
1416 4472 1737 4527 erubescunt
1763 4469 1925 4540 profi-

333 4560 456 4625 teri,
493 4569 677 4630 utpote
699 4561 785 4631 qui
831 4561 909 4616 sic
954 4570 1008 4616 et
1047 4562 1147 4617 sibi
1195 4562 1475 4631 pudorem,
1520 4573 1576 4619 et
1601 4565 1809 4619 ueteris
1835 4563 1929 4619 da-

332 4666 520 4704 mnum
566 4649 793 4705 inferant
826 4669 839 4706 :
867 4653 957 4723 qui
987 4668 1113 4707 vero
1134 4653 1393 4723 spirituali
1420 4654 1608 4709 ardent
1628 4668 1832 4722 amore,
1873 4654 1925 4710 id

332 4745 489 4800 fateri
519 4759 806 4816 numquam
833 4754 1050 4801 cessent
1083 4766 1096 4803 :
1127 4746 1323 4803 etenim
1365 4756 1419 4801 et
1446 4747 1544 4802 sibi
1571 4757 1627 4803 et
1667 4747 1926 4803 auditori-

336 4839 436 4890 bus
487 4837 601 4891 suis
650 4835 751 4891 hac
812 4837 1030 4905 pulchra
1091 4837 1428 4894 confessione
1472 4839 1784 4907 proderunt.
1834 4839 1927 4894 llle

334 4942 570 4996 namque
600 4942 753 4981 amor
789 4929 992 4982 crimen
1020 4936 1122 4995 est,
1167 4927 1254 4983 hic
1282 4944 1410 4982 vero
1439 4928 1611 4983 laudis
1640 4944 1926 5000 argumen-

332 5029 448 5073 tum
474 5036 489 5074 :
518 5019 608 5074 ille
655 5029 711 5073 ut
754 5020 972 5075 morbus
1014 5018 1207 5075 anima:
1251 5019 1390 5075 male
1437 5020 1603 5085 audit,
1651 5019 1736 5075 hic
1764 5021 1926 5075 animi

332 5111 519 5165 hetitia
545 5120 649 5175 est,
677 5109 983 5177 exsultatio,
1011 5119 1066 5166 et
1091 5120 1306 5164 ornatus
1331 5111 1595 5181 optimus:
1618 5111 1704 5165 ille
1730 5111 1924 5166 bellum

330 5202 388 5255 in
417 5201 709 5254 amantium
741 5210 971 5256 mentem
1002 5200 1225 5264 inducit,
1260 5200 1345 5256 hic
1371 5202 1413 5255 si
1444 5199 1589 5271 quod
1618 5201 1687 5254 sit
1728 5201 1923 5256 bellum

330 5293 595 5359 eliminat,
629 5293 681 5347 in
723 5308 1020 5364 magnaque
1069 5308 1199 5362 pace
1226 5294 1500 5348 constituit
1542 5302 1830 5348 amatores.
1862 5294 1928 5348 Et

332 5386 467 5441 hinc
510 5386 651 5440 nulla
697 5387 942 5456 provenit
970 5387 1168 5441 utilitas
1193 5428 1207 5451 ,
1237 5385 1330 5442 sed
1375 5386 1538 5440 multa
1579 5388 1923 5456 pecuniarum

326 5477 555 5548 jactura,
606 5485 850 5546 sumptus
896 5477 1090 5546 insani,
1132 5478 1255 5532 vitae
1298 5477 1596 5542 subversio,
1644 5478 1924 5534 domorum

329 5580 579 5624 extrema
625 5569 932 5640 pernicies;
968 5570 1092 5625 hinc
1121 5570 1361 5640 ingentes
1392 5570 1654 5625 bonorum
1703 5586 1923 5643 operum

326 5662 555 5727 diritim,
586 5662 796 5717 virtutis
824 5678 1014 5734 magna
1039 5663 1213 5734 copia.
1244 5663 1323 5717 Ad
1354 5662 1469 5718 ιιωο
1506 5679 1634 5719 vero
1664 5662 1926 5719 formoso-

325 5768 454 5813 rum
470 5767 757 5825 corporum
775 5765 1060 5826 amatores,
1079 5754 1167 5830 qui
1187 5755 1252 5814 ad
1274 5753 1493 5815 decoras
1515 5755 1675 5812 facies
1697 5754 1921 5824 inhiant,

1900 3874 2294 3931 atate——

2036 4015 2080 4069 si
2112 4024 2293 4084 turpes
2319 4014 2419 4082 ipsi
2449 4012 2556 4067 sint
2584 4026 2647 4067 ac
2672 4009 2960 4076 deformes,
2992 4010 3120 4065 nihil
3160 4025 3226 4066 ex
3267 4024 3450 4065 earum
3478 4010 3631 4081 cupi-

2036 4104 2161 4159 dine
2187 4105 2252 4159 ad
2279 4103 2670 4159 deformitatem
2698 4116 2848 4156 suam
2869 4100 3299 4155 commutandam
3318 4101 3627 4169 lucramur;

2037 4195 2128 4250 sed
2159 4210 2226 4252 ex
2269 4195 2668 4266 comparatione
2712 4193 2977 4263 turpiores
3022 4193 3474 4264 deformioresque
3512 4208 3632 4249 esse

2036 4287 2285 4342 videntur
2314 4305 2326 4341 :
2357 4296 2544 4344 contra
2570 4302 2698 4342 vero
2725 4286 2916 4342 accidit
2941 4287 2993 4341 in
3025 4286 3127 4340 hoc
3153 4300 3354 4340 amore.
3386 4285 3516 4339 Nam
3542 4287 3630 4355 qui

2037 4392 2302 4449 sanctam,
2334 4380 2644 4444 formosam,
2694 4379 3028 4449 splendidam
3068 4388 3122 4433 et
3163 4378 3412 4434 decoram
3459 4377 3632 4448 diligit

2035 4473 2291 4540 animam,
2314 4473 2414 4527 etsi
2439 4473 2696 4527 deformis
2716 4471 2806 4526 ille
2828 4472 2917 4537 sit,
2942 4471 3039 4524 etsi
3061 4469 3296 4524 omnium
3324 4468 3625 4523 mortalium

2038 4564 2396 4635 turpissimus,
2443 4564 2495 4618 in
2541 4574 2844 4618 sanctorum
2887 4576 3070 4617 amore
3116 4574 3493 4631 perseverans,
3524 4561 3630 4615 cito

2037 4655 2159 4710 talis
2187 4655 2311 4722 erit,
2359 4655 2531 4726 qualis
2578 4655 2624 4709 is
2661 4654 2748 4725 qui
2782 4661 3010 4708 amatur.
3058 4652 3114 4707 Id
3144 4652 3285 4707 enim
3325 4661 3409 4707 est
3434 4652 3630 4707 divinae.

2035 4746 2378 4817 benignitatis
2421 4762 2576 4818 opus,
2608 4745 2750 4817 quod
2778 4760 2974 4814 corpus
2999 4743 3240 4799 deforme
3282 4752 3336 4799 et
3381 4744 3628 4799 mutilum

2037 4844 2267 4908 nequeat
2308 4836 2621 4903 emendari,
2663 4838 2838 4891 anima
2883 4851 3015 4893 vero.
3053 4835 3221 4904 turpis
3264 4849 3328 4888 ac
3371 4833 3633 4891 deformis

2036 4928 2315 4998 splendida
2357 4926 2659 4997 decoraque
2704 4928 2872 4998 possit
2917 4926 3077 4983 effici.
3110 4927 3186 4981 Ex
3236 4926 3634 4995 pulchritudine

2036 5020 2179 5076 enim
2205 5019 2346 5074 illius
2367 5019 2650 5074 nihillueri
2691 5019 2974 5089 provenit,
3005 5034 3068 5074 ex
3110 5017 3501 5089 pulchritudine
3533 5034 3633 5073 att-

2040 5122 2143 5167 tem
2184 5112 2378 5168 anima:
2422 5121 2502 5167 tot
2547 5121 2770 5182 possunt
2797 5111 3014 5182 excerpi
3060 5112 3220 5177 bona,
3252 5119 3381 5181 quot
3426 5124 3520 5179 par
3548 5118 3629 5164 est

2035 5206 2279 5262 obtinere
2322 5222 2468 5272 eum,
2500 5207 2589 5277 qui
2622 5208 2786 5262 Deum
2836 5216 3129 5261 amatorem
3175 5204 3389 5259 habeat.
3419 5204 3493 5256 De
3525 5201 3627 5256 hac

2035 5298 2432 5367 pulchritudine
2454 5299 2619 5354 David
2639 5300 2690 5353 in
2713 5298 2939 5354 Psalmis
2959 5310 3157 5353 canens
3182 5295 3254 5348 ait
3279 5312 3294 5349 :
3321 5293 3471 5358 Audi,
3491 5293 3625 5361 ﬁlia,

2036 5400 2083 5444 et
2108 5391 2239 5457 uide,
2267 5402 2313 5447 et
2338 5391 2529 5446 inclina
2555 5408 2728 5445 ain-em
2763 5400 2922 5454 tuam,
2968 5397 3016 5442 et
3043 5386 3329 5440 obliviscere
3382 5383 3625 5457 populum

2035 5491 2201 5547 tuum,
2231 5491 2279 5537 et
2300 5483 2504 5537 danaum
2531 5483 2690 5551 patris
2717 5480 2791 5533 tui
2818 5495 2837 5532 :
2862 5488 2909 5532 et
2947 5478 3263 5547 concupiscet
3288 5492 3376 5531 rea:
3399 5485 3629 5530 decorem

2035 5582 2177 5629 tuum
2209 5573 2377 5646 (Psal.
2411 5575 2499 5629 Η.
2533 5574 2619 5626 Η.
2655 5571 2736 5642 l2)
2773 5589 2787 5624 :
2820 5570 3069 5625 decorem
3116 5568 3204 5624 hic
3243 5568 3437 5624 anima:
3462 5567 3624 5634 dicit,

2034 5665 2125 5735 qui
2151 5665 2347 5720 virtute
2374 5665 2672 5736 pietateque
2697 5662 3056 5718 constituitur.

2102 5757 2156 5814 2.
2186 5754 2317 5812 Cum
2343 5771 2470 5827 ergo
2502 5764 2702 5812 tantum
2730 5756 2800 5831 sit
2820 5755 3027 5812 lucrum
3057 5758 3139 5825 iis,
3158 5758 3399 5831 quicum
3418 5755 3623 5813 sanctis
