4062 6440
432 374 532 432 50³5
1145 374 1201 431 S.
1242 372 1516 432 JOANNIS
1552 373 2023 433 CIIRYSOSTOMi

431 488 810 544 communione
831 492 1145 561 junguntur,
1169 490 1367 545 amoris
1391 490 1494 546 mei
1519 490 1801 562 participes
1824 499 2015 546 estote:

435 580 578 635 hunc
606 591 849 635 sanetum
880 597 1087 634 summo
1107 596 1231 635 cum
1259 582 1450 638 affectu
1475 583 1773 654 diligamus.
1814 584 1945 639 Nam
1974 586 2017 639 si

438 671 523 725 hic
550 685 703 725 amor
747 670 799 724 in
843 672 1077 724 animum
1119 673 1447 743 ingrediatur
1486 684 1750 742 nostrum,
1782 676 2020 746 splendi-

435 760 663 831 damque
690 759 956 814 ﬂammam
987 762 1180 816 excitet
1209 780 1224 817 :
1257 764 1302 819 si
1347 765 1472 833 quid
1501 766 1798 836 spinosum,
1826 768 1869 821 si
1895 766 2020 837 quid

434 864 681 905 saxosum
710 852 793 905 vel
820 866 1095 920 asperum,
1123 854 1206 909 vel
1234 856 1502 926 stupidum
1535 857 1587 912 in
1614 857 2020 928 cogitationibus

436 942 633 997 nostris
673 942 928 1011 offendat,
961 954 1069 1000 tum
1100 947 1150 1002 id
1199 949 1506 1015 absumens,
1535 958 1644 1005 tum
1694 951 1822 1006 illud
1850 953 2018 1006 emol-

436 1030 587 1097 licus,
635 1033 867 1088 animam
919 1046 1155 1091 nostram
1206 1054 1307 1094 ceu
1355 1040 1550 1111 pingue
1594 1056 1781 1095 arvum
1829 1042 2022 1099 div'nte

435 1125 658 1179 sementi
705 1135 885 1194 aptum
930 1128 1143 1183 eltieict.
1176 1129 1285 1186 Nec
1327 1132 1456 1186 mihi
1484 1131 1653 1199 dicas,
1684 1133 1882 1190 Paulus
1925 1150 2023 1189 nec

431 1214 583 1269 adest
612 1232 772 1284 nunc,
807 1234 904 1273 nec
932 1222 1100 1276 oculis
1127 1224 1453 1291 conspicitur
1476 1226 1675 1280 nostris
1699 1242 1714 1291 ;
1755 1226 2023 1297 quomodo

434 1306 600 1372 possit
624 1309 789 1362 amari
824 1310 887 1375 is,
921 1326 1074 1379 quem
1108 1327 1212 1368 non
1244 1314 1530 1370 videmus?
1556 1316 1699 1370 Nihil
1728 1320 1869 1372 enim
1900 1317 2021 1372 huic

431 1398 598 1451 amori
631 1408 713 1453 est
739 1400 1119 1470 impedimento
1148 1421 1161 1457 :
1191 1407 1387 1459 ctenim
1418 1417 1470 1463 et
1495 1408 1766 1463 absentem
1799 1425 1980 1465 amare
2003 1453 2018 1477 ,

430 1495 481 1539 et
510 1502 615 1542 non
640 1500 989 1559 conspectum
1017 1493 1239 1564 diligere
1287 1511 1586 1565 possumus,
1630 1515 1751 1555 cum
1782 1503 2020 1558 maxime

434 1586 511 1631 tot
539 1587 594 1633 et
623 1580 743 1633 talia
779 1583 1013 1650 quotidie
1044 1586 1254 1639 virtutis
1298 1588 1440 1643 illius
1467 1602 1811 1648 monumenta
1838 1594 2020 1649 vidca—

434 1683 573 1734 mus,
619 1684 811 1739 nempe
863 1673 1127 1730 ECelesias
1175 1677 1370 1747 ubique
1416 1688 1676 1736 terrarum
1723 1685 2018 1752 stabilitas,

433 1760 718 1830 impietatis
749 1765 1108 1833 eversionem,
1135 1768 1391 1839 improba:
1416 1772 1539 1827 vitae
1560 1775 1611 1829 in
1634 1774 1824 1832 melius
1850 1786 2022 1833 muta.

435 1852 653 1919 tionem,
699 1858 898 1912 erroris
940 1860 1334 1930 expulsionem,
1380 1862 1584 1921 dirutas
1627 1882 1767 1933 aras,
1809 1870 2019 1926 occlusa

435 1944 665 2013 templa,
710 1945 1013 2002 daemonum
1065 1950 1352 2006 silentium.
1412 1954 1537 2010 itare
1583 1958 1778 2027 quippe
1841 1962 2019 2017 omnia

436 2034 580 2087 Pauli
610 2034 794 2090 efficax
828 2037 1025 2109 lingua,
1059 2040 1234 2095 divina
1264 2042 1559 2114 inspirante
1585 2050 1773 2117 gratia,
1805 2048 2018 2105 destru-

433 2129 527 2192 xit,
547 2142 608 2181 ac
632 2127 966 2198 Splendidam
993 2132 1188 2204 ubique
1218 2135 1424 2203 pietatis
1463 2137 1729 2193 ﬂammam
1755 2141 2016 2196 accendit.

428 2216 561 2271 Cum
606 2228 683 2272 tot
703 2221 979 2291 tantisque
1007 2224 1171 2293 gestis
1223 2226 1357 2296 ejus,
1390 2228 1585 2282 adsunt
1614 2244 1825 2300 quoque
1854 2246 2020 2287 sacrae

432 2307 570 2362 illius
596 2308 854 2378 epistolae,
885 2324 1003 2381 qme
1032 2314 1198 2368 beata:
1240 2316 1358 2384 ejus
1384 2318 1574 2372 anima:
1601 2318 1822 2374 formam
1858 2336 2019 2376 accu-

434 2407 548 2453 ralc
569 2401 723 2455 nobis
749 2401 1057 2474 depingaut.
1091 2409 1165 2460 Ac
1191 2408 1235 2462 si
1274 2424 1403 2479 ergo
1430 2425 1549 2464 cum
1582 2411 1696 2481 ipso
1722 2413 1887 2467 Paulo
1908 2414 2016 2484 jam

434 2501 695 2556 prtescnte
718 2503 773 2548 et
802 2495 1078 2551 nobiscum
1106 2510 1353 2555 versante
1372 2501 1777 2572 dissereremus,
1808 2505 1884 2559 sic
1904 2507 2019 2575 ejus

430 2582 640 2650 scriptis
670 2584 907 2641 studiose
951 2589 1408 2659 ohtempcrcmus,
1444 2594 1625 2648 intima
1659 2606 1712 2651 et
1758 2597 2018 2666 profunda

431 2674 781 2743 eXpIieemns,
810 2678 1073 2735 discamus
1100 2683 1227 2752 quid
1256 2685 1381 2740 illud
1426 2687 1495 2740 sit
1520 2689 1660 2757 quod
1694 2688 1850 2744 hodie
1878 2692 2022 2745 voci-

344 2802 345 2805 η
436 2766 707 2824 ferabatnr
735 2771 918 2827 dicens
950 2792 963 2828 :
1000 2774 1205 2830 Utinam
1256 2780 1566 2835 sustinerctis
1605 2784 1856 2838 modicum
1899 2787 2020 2854 quid

431 2858 733 2927 insipientia:
762 2879 893 2917 utea:
914 2881 935 2930 ,°
960 2865 1049 2920 sed
1091 2877 1138 2920 et
1164 2879 1457 2937 snpportate
1500 2888 1577 2924 me
1606 2888 1623 2925 :
1648 2873 1862 2928 mutator
1887 2877 2021 2929 enim

437 2964 518 3001 :os
568 2948 665 3004 Dei
709 2955 1030 3010 a'mulatione
1071 2957 1154 3027 (2.
1192 2957 1310 3014 Cor.
1370 2963 1455 3015 11.
1513 2964 1560 3017 1.
1606 2962 1681 3035 2).
1734 2964 1870 3031 Quid
1916 2968 2018 3035 ais,

435 3039 767 3110 Paule?Qui
811 3043 966 3113 jubcs
1013 3047 1303 3117 discfpulos
1347 3051 1400 3105 in
1449 3055 1702 3121 sapientia
1751 3057 2021 3113 amhztlare

435 3147 559 3203 erga
587 3143 891 3201 extraneos,
921 3139 1009 3207 qtti
1036 3139 1189 3207 dicis,
1224 3141 1405 3197 Sermo
1434 3154 1589 3198 vester
1613 3162 1806 3217 semper
1824 3148 1875 3201 in
1897 3166 2015 3219 gra-

433 3225 503 3279 tia
529 3226 635 3280 sale
661 3227 726 3280 sit
768 3228 1019 3297 conditus,
1068 3240 1121 3285 ut
1171 3234 1341 3288 sciatis
1389 3236 1637 3304 quomodo
1681 3250 1904 3307 aporteat
1936 3257 2023 3294 vos

435 3317 701 3389 unicuique
725 3320 1028 3391 respondere
1055 3321 1275 3389 (Coloss.
1304 3325 1356 3380 4.
1385 3325 1439 3381 5.
1474 3326 1531 3397 6)
1556 3342 1569 3391 ;
1603 3328 1691 3398 qui
1717 3334 2021 3399 apprecaris

431 3413 707 3476 omnibus,
744 3421 800 3467 ut
828 3416 1097 3485 sapientia
1124 3418 1443 3487 repleantur
1484 3421 1756 3491 spirituali
1785 3425 2021 3493 (Coloss.

438 3503 483 3554 l.
502 3502 578 3571 9),
607 3502 720 3571 ipse
743 3503 902 3568 dicis,
935 3505 1151 3561 Utinam
1170 3512 1497 3564 sustineretis
1522 3514 1780 3567 modicum
1799 3516 1927 3586 quid
1945 3516 2022 3569 in-

431 3593 690 3663 sipientia:
713 3597 876 3649 metu?
898 3597 1016 3651 Non
1037 3600 1171 3655 satis
1194 3610 1313 3656 erat
1331 3602 1428 3656 tibi
1447 3604 1669 3674 aliquod
1688 3605 2019 3676 insipientia;

435 3684 656 3736 verbum
699 3687 963 3754 emisisse,
1008 3690 1101 3745 sed
1134 3700 1189 3746 et
1218 3693 1489 3764 discipulis
1535 3697 1664 3753 illud
1693 3698 1896 3755 effers?
1920 3717 2021 3758 nec

434 3772 594 3828 modo
624 3774 781 3830 clicrs
828 3778 1120 3849 discipulis,
1150 3783 1241 3838 sed
1292 3785 1343 3839 id
1387 3789 1634 3843 omnibus
1682 3798 1801 3860 post
1830 3790 2019 3848 futuris

433 3861 738 3922 hominibus
767 3883 861 3937 per
886 3873 1163 3940 epistolam
1192 3884 1374 3930 notum
1402 3876 1572 3935 facis?
1603 3882 2020 3939 Animadvertite

432 3971 589 4025 quam
618 3972 725 4014 non
766 3972 1012 4030 Oporteat
1039 3964 1179 4019 dicta
1226 3975 1426 4024 temere
1467 3981 1899 4041 praetercurrcrc,
1926 3975 2018 4030 sed

434 4064 597 4106 unum
626 4052 871 4123 quodque
913 4067 1159 4113 accurate
1184 4061 1409 4116 scrutari
1431 4063 1455 4115 ?
1480 4063 1611 4117 Illud
1643 4066 1783 4119 enim
1815 4067 1858 4121 si
1886 4070 2021 4121 sim-

433 4139 646 4209 pliciter
687 4143 925 4213 legatur,
973 4147 1174 4203 circum
1219 4152 1475 4207 emittitur
1530 4155 1863 4211 auditoribus
1893 4175 1908 4213 :
1936 4158 2017 4213 sin

436 4247 563 4287 vero
585 4235 939 4301 examinctur,
972 4252 1213 4308 magnam
1240 4243 1472 4298 ostendit
1500 4244 1648 4299 Pauli
1681 4248 2016 4317 sapientiam,

437 4339 681 4393 magnam
725 4326 1082 4397 prudentiam,
1113 4330 1428 4388 ineffabilem
1459 4349 1661 4389 curam.

503 4417 560 4476 5.
593 4418 637 4471 A
675 4417 1126 4490 Pseudoapostolis
1165 4432 1431 4478 accusatus
1469 4423 1669 4480 Paulus
1709 4442 1763 4481 se
1810 4426 2022 4482 laudare

433 4510 646 4579 cogitur.
676 4539 750 4551 —
777 4510 912 4579 Quid
942 4512 1152 4567 tandem
1174 4513 1307 4568 illud
1329 4523 1409 4569 est
1435 4515 1573 4585 quod
1598 4515 1826 4572 dicitur?
1854 4517 2021 4573 Pseu-

435 4603 732 4671 doapostoli
756 4603 907 4658 multi
934 4615 1084 4659 erant
1111 4606 1250 4675 apud
1276 4604 1582 4664 Corinthios
1608 4609 1697 4681 qui
1724 4609 1867 4680 ipsos
1894 4626 2018 4666 cor-

437 4703 743 4760 rumperent
762 4708 824 4748 ac
846 4694 1071 4772 Paulum
1099 4707 1451 4767 accusarent,
1502 4700 1617 4770 ejus
1666 4700 1885 4770 famam,
1913 4717 2017 4772 qua

437 4781 575 4850 apud
606 4782 894 4853 discipulos
918 4800 1044 4842 suos
1073 4789 1300 4854 valebat,
1325 4790 1548 4845 subdole
1586 4792 1839 4847 laedentes
1858 4834 1871 4855 ,
1899 4793 2017 4849 dic-

438 4874 585 4927 teriis
615 4873 760 4927 illum
791 4875 1179 4933 subsannautes
1204 4921 1219 4944 ,
1252 4889 1309 4934 ut
1341 4889 1675 4950 arrogantem
1705 4883 2016 4938 insimulan-

436 4974 534 5018 tes.
568 4964 676 5018 llos
699 4964 1009 5036 plerumque
1049 4968 1100 5022 in
1142 4970 1365 5037 epistola
1406 4986 1499 5024 sua
1541 4971 1797 5041 impetere
1827 4973 2018 5042 deprc-

438 5056 685 5110 heuditur
708 5073 722 5109 :
754 5058 1200 5126 quemadmodum
1221 5076 1342 5116 cum
1375 5061 1526 5127 dicit,
1549 5061 1666 5118 Non
1694 5080 1869 5118 sumus
1886 5065 2017 5119 sicut

432 5151 632 5211 ca'teri,
664 5148 1007 5203 adulterantes
1051 5150 1252 5204 uerbum
1304 5151 1397 5206 Dei
1436 5153 1531 5224 (2.
1555 5152 1673 5210 Cor.
1700 5153 1753 5208 2.
1779 5155 1898 5223 i7);
1954 5170 2019 5210 ac

435 5254 616 5294 rursus
636 5254 755 5293 cum
785 5237 928 5303 dicit,
951 5238 1076 5294 Sine
1100 5255 1251 5295 onere
1273 5257 1352 5295 me
1375 5242 1512 5296 vobis
1529 5244 1717 5297 εενυαυῑ
1736 5242 1821 5314 (Ib
1847 5260 1894 5297 c.
1925 5246 2014 5298 11.

434 5330 525 5397 9):
553 5345 615 5384 ac
661 5328 928 5401 pollicitus
971 5345 1031 5385 se
1088 5331 1225 5386 hanc
1269 5331 1437 5402 legem
1483 5347 1696 5401 semper
1744 5335 2014 5389 immotam

432 5432 764 5477 servaturum
784 5438 937 5479 esse:
971 5421 1065 5478 Est
1095 5425 1259 5492 enim,
1293 5426 1483 5495 inquit,
1516 5426 1696 5480 veritas
1722 5425 1908 5481 Christi
1963 5428 2015 5481 in

433 5530 509 5567 me
534 5530 552 5567 :
582 5515 820 5580 quoniam
842 5516 950 5567 licet:
975 5516 1212 5586 gloriatio
1235 5532 1345 5570 mea
1376 5531 1476 5569 non
1504 5516 1808 5587 infringetur
1836 5518 1888 5571 in
1932 5534 2014 5571 re-

432 5606 665 5673 gionibus
690 5606 895 5661 Achaica
915 5606 933 5677 (
953 5606 1034 5660 Ib.
1063 5623 1092 5661 υ
1138 5607 1227 5679 10)
1249 5624 1264 5674 ;
1297 5623 1418 5663 cum
1440 5606 1632 5663 deinde
1654 5622 1867 5661 causam
1890 5609 2017 5662 sub-

431 5695 623 5761 junxit,
678 5697 972 5751 sceleratos
1024 5699 1145 5752 illos
1189 5699 1486 5755 subindicat
1532 5699 1762 5755 dicens:
1800 5698 2017 5767 Quare?

442 5783 574 5848 Quin
600 5801 697 5838 non
725 5787 882 5857 diligo
907 5804 991 5841 vos
1015 5788 1038 5840 Ρ
1092 5788 1223 5844 Deus
1268 5790 1378 5844 scit.
1412 5789 1561 5861 Quod
1589 5802 1755 5847 autem
1782 5792 1917 5863 {ario
1962 5803 2015 5847 et

2070 374 2383 431 ARCHIEP.
2428 373 2958 431 CONSTANTINOI‘.

3616 379 3719 435 3M

2133 489 2319 559 faciam
2341 504 2360 543 :
2382 498 2437 543 ut
2456 500 2714 560 amputem
2740 491 3053 544 occasionem
3083 506 3277 558 corum,
3332 494 3425 565 qui
3450 492 3614 548 coluit
3636 509 3719 545 or-

2127 579 2379 634 easionem
2409 580 2483 650 (2.
2509 579 2625 634 Cor.
2662 582 2750 636 11.
2775 580 2901 651 t2);
2935 591 2989 635 et
3020 592 3145 636 ante
3171 582 3287 637 inec
3314 581 3608 652 discipulos
3633 597 3723 638 co-

2130 667 2389 735 hortatur,
2414 684 2482 725 ne
2498 669 2669 741 ipsum
2686 670 2937 725 inducant
2954 672 3004 723 iu
3026 672 3402 727 necessitatem
3425 689 3576 726 suam
3596 674 3726 743 ipsis

2129 766 2449 828 potestatem
2471 761 2781 827 exhibendi,
2811 761 2882 815 ita
2913 763 3097 816 dicens
3122 780 3136 815 :
3174 762 3318 834 Rogo
3341 772 3507 817 autent
3535 779 3623 817 vos
3666 780 3723 818 ut

2129 868 2350 921 pra'sens
2374 853 2612 915 audeam,
2650 870 2740 922 per
2779 870 2888 907 eam
2919 856 3278 922 conﬁdentiam
3323 872 3424 925 qua
3461 856 3724 910 aristinsor

2126 944 2335 1009 audere,
2358 944 2411 996 in
2430 943 2677 1013 quosdam
2700 947 2788 1016 qui
2809 945 3121 1000 arbitrantur
3151 962 3241 999 nos
3263 957 3520 1015 tamquam
3538 964 3719 1001 secun-

2128 1034 2252 1087 dum
2276 1049 2478 1088 carnem
2502 1037 2815 1090 ambulemus
2844 1039 2862 1106 (
2880 1037 2934 1090 Ξ.
2966 1035 3084 1092 Cor.
3118 1038 3202 1092 11).
3231 1037 3309 1109 2).
3334 1038 3397 1092 Hi
3430 1038 3575 1093 enim
3597 1039 3723 1109 ipsi,

2129 1123 2195 1178 de
2220 1124 2408 1193 quibus
2437 1124 2552 1180 haec
2578 1126 2669 1189 ait,
2698 1141 2794 1197 per
2824 1126 3046 1181 ironiam
3080 1128 3252 1198 ipsum
3280 1129 3589 1185 incusantes
3609 1129 3726 1185 hcce.

2128 1215 2377 1271 dicebant
2408 1235 2420 1271 :
2450 1219 2704 1287 epistolas
2748 1219 2892 1273 Pauli
2926 1235 3176 1290 magnum
3217 1236 3325 1291 pne.
3354 1237 3415 1275 se
3447 1223 3588 1277 ferre
3640 1232 3725 1276 tn-

2129 1322 2331 1361 morem
2362 1317 2417 1362 et
2442 1310 2727 1364 verborum
2756 1312 3136 1381 arrogantiam,
3180 1312 3354 1380 ipsum
3389 1328 3517 1366 vero
3566 1312 3722 1367 nihili

2128 1413 2269 1462 esse,
2299 1399 2456 1454 vilem
2484 1410 2539 1455 et
2563 1400 2849 1469 abjectum.
2882 1403 3236 1472 Posteaquam
3271 1413 3447 1459 autem
3481 1405 3587 1459 huc
3629 1406 3725 1458 ad-

2132 1492 2356 1553 venerit,
2386 1492 2621 1556 aiebant,
2647 1492 2847 1547 nullius
2865 1494 3019 1562 pretii
3041 1494 3235 1563 dignus
3250 1494 3551 1549 videbitur:
3579 1497 3725 1566 quod

2128 1580 2301 1650 ipsum
2323 1580 2602 1636 declarans
2629 1583 2840 1638 dicebat
2866 1599 2880 1635 :
2920 1584 2988 1638 Ut
3006 1595 3174 1638 autem
3190 1602 3292 1639 non
3313 1587 3570 1641 existimer
3591 1598 3722 1641 tam-

2128 1690 2277 1745 quam
2323 1684 2509 1728 terrere
2532 1691 2617 1729 vos
2645 1692 2733 1745 per
2759 1677 3000 1742 epistolas
3028 1694 3047 1731 :
3073 1679 3313 1746 quoniam
3362 1678 3567 1749 quidem
3614 1682 3727 1749 rpi-

2127 1766 2289 1833 stolte,
2315 1768 2568 1838 inquiunt,
2599 1784 2774 1839 graves
2811 1780 2928 1824 sunt
2951 1781 2998 1824 et
3024 1775 3179 1843 fortes
3204 1787 3224 1826 :
3255 1774 3525 1842 prtesentia
3551 1785 3725 1827 autem

2127 1859 2354 1927 corporis
2383 1859 2606 1927 inﬁrma,
2633 1869 2678 1914 et
2702 1877 2863 1915 sermo
2883 1864 3272 1933 contemptibilis
3299 1862 3405 1928 (Ib.
3438 1880 3487 1919 ν.
3527 1865 3583 1921 9.
3607 1868 3722 1933 10).

2130 1947 2329 2003 Deinde
2357 1947 2663 2005 Corinthios
2692 1950 2857 2022 ipsos,
2889 1953 2978 2023 qui
3028 1956 3265 2024 persuasi
3295 1955 3528 2023 luerunt,
3558 1973 3722 2012 accu-

2127 2056 2253 2097 sans
2277 2042 2368 2108 ait,
2404 2043 2668 2115 Numquid
2695 2055 2953 2114 peccatum
2993 2048 3111 2114 feci,
3147 2048 3395 2117 meipsum
3414 2048 3721 2110 ltumilians.

2127 2142 2182 2186 ut
2208 2149 2296 2188 vos
2321 2134 2613 2189 exaltemini
2642 2135 2719 2204 (2.
2742 2135 2862 2191 Cor.
2887 2138 2973 2191 11.
3010 2137 3108 2206 7)?
3141 2138 3205 2192 Et
3233 2138 3333 2194 hoc
3380 2141 3584 2195 crimen
3630 2143 3721 2195 di—

2127 2226 2278 2281 lncns
2305 2225 2378 2281 ait
2404 2227 2615 2293 iterum,
2638 2226 2771 2292 Quia
2793 2229 2965 2299 quales
2977 2245 3154 2284 sumus
3178 2230 3323 2284 verba
3352 2249 3443 2302 per
3473 2233 3723 2303 epistolas

2127 2321 2373 2385 absentes,
2395 2322 2519 2375 tales
2548 2329 2593 2375 et
2613 2331 2882 2390 prasentes
2904 2322 2955 2375 in
2968 2327 3102 2394 facto
3120 2322 3195 2394 (2.
3211 2322 3329 2378 Cor.
3352 2325 3416 2379 10
3462 2326 3721 2392 H).Quia

2129 2410 2287 2479 igitur
2312 2409 2464 2465 multt
2494 2411 2633 2480 apud
2657 2412 2773 2467 illos
2799 2422 2948 2467 erant
2978 2414 3428 2484 pseudoapostoli,
3485 2431 3622 2486 quos
3665 2427 3726 2469 et

2127 2502 2403 2571 operarios
2430 2502 2647 2559 dolosos
2671 2504 2930 2571 nominat,
2962 2505 3038 2559 sic
3063 2504 3193 2560 dicit
3219 2523 3232 2559 :
3274 2506 3410 2560 Nam
3464 2509 3727 2580 ejusmodi

2132 2594 2542 2663 pseudoapostoli
2568 2595 2790 2661 onerarii
2811 2594 3014 2649 subdoli
3034 2605 3172 2663 sunt,
3193 2599 3621 2668 transﬁgurantes
3665 2617 3727 2653 se

2126 2690 2178 2735 tu
2199 2683 2453 2753 apostolos
2480 2683 2686 2738 Christi.
2720 2682 2782 2737 Et
2827 2701 2926 2738 non
2950 2686 3132 2739 mirum
3157 2701 3176 2739 :
3204 2687 3311 2756 ipse
3334 2688 3466 2741 enim
3492 2687 3727 2765 Satanas

2128 2775 2455 2846 transﬁgurat
2479 2792 2532 2830 se
2556 2776 2608 2829 in
2632 2777 2865 2848 angelum
2889 2778 3039 2833 lucis.
3072 2778 3193 2833 Non
3223 2791 3295 2834 est
3327 2796 3446 2852 ergo
3469 2799 3720 2853 magnum

2124 2868 2171 2921 si
2214 2868 2431 2922 ministri
2472 2870 2582 2939 ejus
2625 2870 3049 2941 transﬁgurentur
3087 2877 3221 2926 velut
3262 2874 3484 2927 ministri
3499 2874 3726 2945 justitia!

2128 2957 2471 3030 (2.601311.
2517 2959 2731 3031 1545).
2764 2959 2897 3014 Cum
2951 2961 3108 3031 igitur
3158 2961 3235 3029 hi,
3281 2961 3573 3018 innumeris
3621 2978 3722 3018 cx-

2128 3053 2369 3121 Cng’tatis
2390 3062 2577 3107 contra
2605 3068 2726 3107 cum
2774 3054 3077 3121 calumniis,
3111 3055 3384 3125 discipulis
3411 3068 3672 3112 nocerent
3701 3100 3721 3126 ,

2129 3144 2304 3197 minus
2331 3153 2713 3214 congruentem
2741 3144 2977 3199 doctoris
2989 3146 3436 3202 existimationem
3460 3148 3723 3203 inducent.

2130 3243 2231 3300 tes,
2269 3236 2477 3305 eegitnr
2507 3236 2596 3292 ille
2625 3236 2842 3292 demum
2874 3238 2925 3291 in
2954 3240 3290 3307 propriarum
3322 3239 3532 3294 laudum
3559 3255 3719 3295 com-

2127 3328 2564 3381 manorationein
2613 3328 2879 3383 incidere:
2909 3345 3082 3400 neque
3106 3330 3249 3385 enim
3274 3329 3411 3384 ultra
3444 3333 3604 3386 silere
3636 3344 3719 3386 tu~

2129 3428 2239 3473 tum
2267 3427 2400 3474 erat.
2421 3419 2554 3487 Quia
2580 3420 2737 3490 igitur
2761 3435 2852 3475 sua
2879 3421 3034 3476 nobis
3054 3422 3343 3476 certamina
3368 3431 3721 3477 enarratnrus

2126 3517 2229 3575 est,
2276 3524 2486 3564 necnon
2516 3525 2629 3577 cas,
2660 3526 2793 3581 quas
2813 3512 2964 3578 vidit,
2994 3513 3367 3579 revelationes,
3395 3513 3719 3583 laboresque

2126 3617 2261 3670 quos
2286 3602 2450 3656 subiit
2483 3618 2496 3654 :
2526 3611 2583 3656 nt
2612 3603 2859 3658 ostendat
2886 3603 3131 3658 omnibus
3157 3619 3215 3659 se
3240 3619 3381 3673 :egre
3402 3612 3456 3658 et
3484 3603 3717 3657 invitum

2128 3693 2179 3746 id
2230 3708 2408 3763 agere,
2437 3709 2500 3749 ac
2549 3694 2671 3749 licet
2717 3694 2765 3749 id
2806 3697 3166 3751 necessarium
3212 3711 3331 3752 esse
3359 3697 3552 3762 videat,
3584 3698 3724 3752 insi-

2128 3786 2380 3856 pientiam
2409 3795 2584 3842 tamen
2611 3787 2659 3841 id
2691 3796 2863 3853 vocat,
2891 3788 2971 3843 sic
2995 3789 3239 3859 loquens,
3267 3788 3472 3844 Utinam
3494 3791 3723 3844 sustine.

2127 3877 2248 3931 retis
2277 3876 2530 3931 modicum
2551 3878 2671 3947 quid
2692 3878 2999 3947 insipientia:
3019 3894 3161 3933 metu.
3198 3879 3330 3933 Rem
3358 3880 3593 3941 stultam,
3627 3879 3721 3933 in-

2128 3968 2262 4038 quit,
2292 3982 2637 4039 aggressurus
2664 3985 2802 4037 sum,
2832 3977 2889 4045 ut
2917 3971 3179 4040 meipsum
3210 3969 3418 4026 laudem
3463 3978 3519 4025 et
3565 3971 3721 4025 cele-

2128 4059 2277 4113 brem
2302 4078 2316 4126 ;
2346 4068 2401 4113 at
2425 4074 2531 4113 non
2558 4074 2658 4130 ego
2681 4060 2733 4114 in
2759 4075 2917 4115 causa
2945 4076 3085 4128 sum,
3115 4060 3209 4118 sed
3232 4060 3264 4114 ii
3294 4061 3486 4131 potius,
3513 4061 3599 4130 qui
3627 4076 3719 4116 me

2129 4151 2180 4205 in
2210 4150 2345 4206 hanc
2368 4151 3112 4222 uecessitatemimpulerunt:
3143 4168 3309 4222 quare
3336 4167 3465 4222 rogo
3486 4168 3570 4205 me
3591 4166 3720 4207 sus-

2131 4241 2364 4308 tinentis,
2397 4241 2611 4312 illisque
2634 4257 2750 4296 eam
2780 4256 2996 4296 causam
3022 4243 3315 4313 imputetis.

2198 4334 2253 4389 4.
2296 4333 2366 4388 At
2394 4333 2515 4389 vide
2550 4332 2678 4388 mihi
2728 4334 2875 4389 Pauli
2903 4334 3235 4405 prudentiam
3259 4351 3275 4390 :
3301 4349 3423 4390 cum
3449 4333 3675 4389 dixisset
3697 4375 3719 4403 ,

2133 4422 2341 4479 Utinam
2364 4424 2681 4479 sustinet-etis
2707 4426 2958 4479 modicum
2983 4425 3105 4495 quid
3125 4426 3428 4495 insipientia:
3451 4441 3591 4488 metr,
3622 4426 3721 4478 sed

2128 4527 2175 4570 et
2200 4525 2497 4586 supportate
2533 4533 2613 4569 me
2635 4532 2657 4570 .'
2684 4517 2897 4570 a'mulor
2942 4518 3073 4571 enim
3100 4533 3184 4571 vos
3226 4515 3325 4570 Dei
3368 4516 3717 4579 cemnlationr,

2127 4622 2233 4661 non
2267 4607 2445 4662 statim
2472 4606 2538 4662 ad
2565 4606 2780 4661 laudum
2814 4609 3170 4661 narrationem
3200 4606 3341 4661 venit
3363 4647 3378 4672 ,
3400 4606 3493 4660 sed
3549 4606 3719 4659 iuta-r-

2128 4698 2318 4767 positis
2340 4696 2538 4761 verbis,
2573 4697 2652 4752 sic
2670 4697 2833 4752 infert
2857 4714 2870 4750 :
2905 4696 3097 4751 Iterum
3121 4697 3252 4761 dico,
3288 4713 3351 4750 ne
3374 4698 3485 4768 quis
3512 4712 3589 4748 me
3612 4714 3716 4764 pu-

2128 4796 2196 4841 tet
2223 4787 2544 4857 insipientem
2569 4804 2674 4842 esse
2703 4804 2722 4842 :
2750 4788 2977 4856 alioquin
3008 4788 3137 4841 velut
3162 4787 3478 4856 insipientem
3500 4786 3720 4853 accipite

2125 4876 2246 4949 me(
2265 4878 2320 4930 2.
2352 4874 2470 4932 Cor.
2503 4877 2588 4931 11.
2621 4876 2729 4949 16)Δ
2775 4876 2959 4946 Neque
2990 4886 3163 4929 tamen
3193 4874 3271 4929 sic
3308 4874 3375 4928 ad
3413 4876 3717 4929 enarratiu-

2127 4983 2248 5022 nem
2294 4969 2460 5034 venit,
2503 4968 2596 5023 sed
2629 4969 2821 5022 iterum
2854 4966 3123 5036 sulijuugit
3150 4980 3213 5021 ac
3238 4964 3402 5020 dicit:
3440 4964 3589 5030 Quod
3638 4966 3718 5016 lo.

2125 5075 2272 5129 quor,
2303 5075 2403 5113 non
2432 5061 2611 5129 loquor
2639 5058 2914 5112 secnndum
2940 5056 3234 5122 Dominum,
3264 5055 3355 5109 sed
3374 5057 3517 5124 quasi
3542 5055 3593 5108 in
3622 5056 3707 5107 in-

2124 5151 2168 5204 si
2171 5150 2383 5219 pientia,
2406 5150 2457 5203 in
2488 5151 2583 5203 liae
2601 5149 2881 5203 substantia
2908 5148 3083 5219 gloria:
3103 5145 3207 5213 (Ib.
3223 5163 3271 5199 υ.
3293 5145 3402 5216 17).
3421 5144 3529 5200 Nec
3549 5146 3715 5200 etiam

2128 5252 2245 5311 post
2267 5242 2381 5296 hmc
2409 5242 2567 5295 audet
2597 5240 2823 5309 ingredi,
2851 5240 2944 5294 sed
2977 5254 3088 5293 rem
3110 5237 3289 5292 differt
3307 5253 3371 5292 ac
3390 5237 3549 5292 dicit:
3576 5235 3717 5303 ραο.

2125 5333 2262 5385 niam
2303 5331 2447 5385 multi
2475 5332 2764 5402 gloriantur
2802 5330 3075 5384 secundum
3101 5345 3346 5394 carnem,
3389 5339 3435 5383 et
3469 5344 3559 5397 ego
3602 5330 3717 5396 glo-

2124 5424 2330 5487 riabor;
2352 5422 2559 5477 libenter
2585 5424 2719 5477 enim
2749 5421 2974 5489 suﬂ'ertis
2998 5422 3311 5491 insipientes,
3339 5437 3454 5473 cum
3480 5421 3590 5474 sitis
3613 5420 3717 5490 ipsi

2123 5517 2374 5587 sapientes
2397 5514 2501 5583 (Ib.
2526 5534 2574 5571 ν.
2606 5516 2695 5571 18.
2722 5516 2832 5582 19).
2859 5516 2996 5583 Quin
3025 5516 3183 5570 etiam
3206 5525 3392 5584 postea
3438 5512 3629 5582 refugit
3656 5523 3711 5567 et

2122 5617 2423 5672 cunctatur,
2454 5623 2516 5663 ac
2539 5607 2851 5679 quihusdam
2875 5605 3165 5676 iuterjectis
3181 5620 3393 5660 rursum
3417 5604 3574 5659 infert
3603 5622 3614 5655 :
3645 5601 3710 5656 In

2121 5717 2221 5771 quo
2250 5702 2360 5769 quis
2380 5702 2550 5767 audet,
2577 5702 2629 5755 in
2655 5701 2946 5768 insipientia
2972 5700 3106 5764 dico,
3156 5698 3322 5752 audeo
3354 5707 3401 5751 et
3425 5714 3517 5768 ego
3572 5696 3592 5767 (
3624 5692 3716 5747 lb-

2123 5808 2171 5846 υ.
2199 5790 2313 5865 2t).
2345 5792 2417 5847 Ac
2449 5802 2572 5849 tunc
2597 5790 2832 5862 demum,
2885 5800 3003 5863 post
3034 5800 3107 5846 tot
3134 5788 3443 5860 praemissas
3497 5798 3729 5841 excusas
