4062 6418
343 382 452 439 503

413 493 482 564 β’.
519 495 674 549 Ἐπεὶ
688 493 780 551 οὖν
799 498 1049 554 τοσοῦτόν
1064 502 1180 555 ἐστι
1200 503 1264 557 τὸ
1279 504 1468 572 κέρδος
1481 510 1594 572 τοῖς
1609 512 1923 568 κοινωνοῦσι

343 577 456 632 τῶν
493 579 695 666 ἁγίων,
718 582 1083 666 κοινωνήσατέ
1120 601 1212 656 μοι
1239 587 1332 640 τοῦ
1385 587 1616 660 ἔρωτος,
1644 593 1738 645 καὶ
1773 594 1928 666 φιλή-

345 677 530 748 σωμεν
546 661 640 716 τὸν
654 663 826 748 ’ἅγιον
855 665 1043 719 τοῦτον
1070 669 1210 736 μετά
1241 671 1442 744 πολλῆς
1473 674 1572 744 τῆς
1595 661 1922 748 ὑπερϐολῆς.

873 398 962 454 DE
1003 401 1253 462 VERBIS
1290 405 1654 474 APOSTOLI,
1701 409 1960 466 [ΙἹῚΝΑΜ
2001 411 2493 474 SUSTlNERETIS
2535 419 2866 489 MODICUM,
2910 426 3060 480 E'I‘C.
3500 423 3603 480 50!

2031 521 2200 578 εἰπών
2221 539 2235 554 ·
2257 523 2360 578 Διὰ
2381 525 2438 578 τί
2451 541 2472 590 ;
2496 525 2586 578 ὅτι
2608 529 2718 582 οὐκ
2736 525 2942 598 ἀγαπῶ
2963 528 3148 597 ύμᾶς;
3176 529 3237 585 Ὃ
3261 533 3404 600 Θεὸς
3418 530 3601 590 οἶδεν.

2036 607 2200 688 ⁹ᾼλλ⁸
2281 607 2448 672 ποιῶ,
2477 609 2576 662 καὶ
2599 610 2852 678 ποιήσω,
2879 613 2979 666 ἵνα
3006 613 3245 684 ἐκκόψω
3271 615 3390 684 τὴν
3421 617 3606 688 dryop-

2017 686 2146 758 μὴν
2173 686 2290 742 τῶν
2308 691 2608 744 θελόντων
2635 694 2912 762 ἀφορμήν
2933 713 2947 726 ο
2982 697 3079 750 καὶ⁸
3111 697 3366 767 ἀνωτέρω
3385 699 3442 753 δέ
3464 686 3604 756 ήτού-

1275 753 1374 853 τὴν
1418 755 1695 853 ήμξτέξαν
1722 760 1760 853 (ξ
1776 759 1926 853 ἔρως
2017 739 2133 827 ἶτων
2163 775 2468 844 παρακαλεί
2507 777 2633 841 τοὺς
2665 739 2912 850 μαθητάς
2948 779 3022 851 μὴ
3065 739 3602 853 καταστῆισαῗαύτδν

338 825 558 910 εἰσέλθῃ
579 827 676 882 καὶ
708 829 881 898 φλόγα
910 831 1090 905 ἀνάψῃ
1121 833 1402 908 λαμπράν,
1443 825 1555 892 κᾶν
1590 825 1920 910 ἀκανθῶδες,

338 909 444 962 κᾶν
481 909 707 974 λιθῶδές
747 928 801 964 τι
831 913 924 966 καὶ
973 915 1206 986 σκληρὸν
1231 918 1327 971 καὶ
1351 920 1676 992 ἀναίσθητον
1721 924 1780 978 ἐν
1809 929 1922 988 τοῖς

335 993 617 1062 λογισμοῖς
637 993 772 1066 εὕρῃ
794 998 906 1060 τοῖς
938 997 1248 1068 ὑμετέροις,
1288 1001 1352 1054 τὸ
1400 1003 1498 1072 μὲν
1525 1003 1829 1070 ἀναλώσας,
1859 1007 1922 1060 τὸ

334 1073 392 1160 δὲ
427 1075 692 1145 μαλάξας,
744 1077 964 1160 βαθεῖάν
994 1097 1114 1133 τινα
1140 1082 1234 1134 καὶ
1271 1081 1512 1154 λιπαρὰν
1557 1085 1794 1160 ἄρουραν
1821 1087 1919 1160 τὴν

333 1159 610 1229 ἡμετέραν
630 1159 921 1229 ἐργάσεται
941 1161 1138 1232 ψυχὴν,
1184 1164 1276 1216 καὶ
1314 1164 1451 1236 πρὸς
1483 1166 1580 1238 τὴν
1608 1169 1716 1222 τῶν
1759 1159 1918 1224 θείων

336 1241 668 1324 σπερμάτων
701 1243 1008 1314 καταϐολὴν
1055 1246 1386 1317 ἐπιτηδείαν.
1425 1250 1535 1302 Kal
1575 1253 1649 1322 μή
1712 1270 1802 1324 μοι
1831 1253 1919 1306 λε-

333 1323 478 1390 γέτω
514 1324 731 1406 τις,ῗότι
757 1324 873 1376 Νῦν
896 1327 958 1378 οὐ
989 1325 1269 1398 πάρεστιν,
1293 1329 1413 1382 οὐδὲ
1439 1331 1632 1402 ὁρᾶται
1654 1337 1768 1398 τοῖς
1789 1337 1917 1406 ἡμε-

330 1406 514 1476 τέροις
550 1405 846 1476 ὀφθαλμοῖς
879 1407 908 1458 ὁ
940 1409 1182 1473 Παῦλος·
1212 1412 1306 1464 καὶ
1333 1411 1451 1476 πῶς
1483 1413 1709 1468 δυνατὸν
1734 1417 1913 1486 φιλεῖν

329 1487 424 1540 τὸν
457 1487 531 1558 μὴ
563 1487 922 1559 βλεπόμενον;
952 1491 1119 1544 Οὐδὲν
1159 1493 1269 1564 γὰρ
1305 1493 1384 1564 τῷ
1413 1494 1576 1564 ἔρωτι
1603 1497 1776 1568 τούτῳ
1803 1499 1914 1552 κώ-

330 1568 479 1640 λυμα
507 1570 742 1638 γίνεταιο
787 1570 964 1637 ἔξεστι
996 1576 1106 1644 γάρ
1136 1576 1234 1628 καὶ
1268 1576 1574 1632 ἀπελθόντα
1602 1579 1796 1648 φιλεῖν,
1820 1582 1914 1635 καὶ

335 1651 413 1723 μὴ
459 1652 734 1724 ὁρώμενον
783 1655 1026 1726 ἀγαπᾷν,
1067 1657 1161 1710 καὶ
1219 1657 1456 1727 μάλιστα
1495 1661 1622 1715 ὅταν
1672 1663 1912 1719 τοσαῦτα

330 1735 426 1788 καὶ
441 1735 666 1790 τοιαῦτα
695 1738 792 1806 τῆς
815 1738 1018 1809 ἀρετῆς
1043 1739 1254 1793 ἐκείνου
1282 1740 1406 1794 καθ’
1427 1743 1664 1816 ἑκάστην
1697 1746 1910 1818 ἡμέραν

328 1818 698 1888 ὑπομνήματα
731 1819 1039 1890 βλέπωμεν,
1067 1819 1166 1884 τὰς
1211 1824 1489 1894 πανταχοῦ
1521 1825 1620 1894 τῆς
1639 1827 1742 1896 γῆς
1785 1829 1909 1882 Ἐκ-

330 1899 585 1981 κλησίας,
616 1901 715 1970 τῆς
753 1901 1006 1966 ἀσεϐείας
1037 1904 1135 1972 τὴν
1171 1905 1505 1977 ἀνατροπὴν,
1541 1907 1634 1960 τοῦ
1675 1909 1910 1981 πονηροῦ

326 1980 455 2064 βίου
480 1981 588 2064 τὴν
615 1983 708 2036 ἐπὶ
735 1983 796 2036 τὸ
826 1983 1032 2054 βέλτιον
1065 1985 1392 2058 μεταϐολὴν,
1439 1991 1540 2060 τῆς
1565 1989 1774 2062 πλάνης
1811 1980 1910 2064 τὴν

324 2063 665 2137 ἀπαλλαγὴν,
684 2067 812 2130 τοὺς
837 2068 1246 2140 ἀνατραπέντας
1277 2069 1516 2138 βωμοὺς,
1549 2073 1677 2136 τοὺς
1710 2063 1912 2128 ἀποκε-

324 2145 681 2218 κλεισμένους
721 2152 909 2214 ναοδς,
935 2151 1035 2222 τὴν
1063 2151 1174 2204 τῶν
1213 2153 1485 2224 δαιμόνων
1514 2157 1693 2227 σιγήν.
1727 2158 1910 2212 Πάντα

323 2231 439 2314 γάρ
485 2231 658 2286 ταῦτα
690 2234 784 2286 καὶ
837 2235 907 2288 τά
950 2233 1176 2288 τοιαῦτα
1209 2236 1310 2307 τῆς
1345 2237 1558 2292 Παύλου
1603 2239 1904 2314 γλώττηςή

321 2312 556 2384 δύναμις
580 2314 685 2368 ὑπὸ
709 2315 812 2384 τῆς
841 2316 936 2370 τοῦ
971 2315 1106 2370 Θεοῦ
1141 2319 1364 2389 χάριτος
1391 2323 1734 2395 ἐμπνεομένη
1779 2312 1909 2378 κατζ

321 2396 508 2460 ἐϐαλε,
537 2396 634 2450 καὶ
674 2397 736 2450 λα
746 2398 932 2468 μπρὰν
958 2399 1232 2470 πανταχοῦ
1283 2404 1385 2472 τῆς
1414 2403 1694 2468 εὐσεϐείας
1733 2406 1906 2477 ἀνῆψε

318 2479 426 2546 τὴν
477 2478 667 2547 φλόγα.
716 2479 954 2550 Ἐχομεν
987 2482 1125 2552 μετὰ
1169 2481 1278 2535 τῶν
1303 2485 1743 2556 κατορθωμάτων
1776 2489 1904 2543 τού-

317 2577 434 2614 των
471 2561 564 2614 καὶ
610 2561 710 2625 τὰς
749 2564 1037 2628 ἐπιστολὰς
1089 2566 1300 2619 ἐκείνου
1351 2565 1452 2630 τὰς
1497 2569 1678 2637 ἁγίας,
1709 2572 1764 2625 αἶ
1813 2573 1905 2628 τὸν

318 2643 649 2715 χαρακτῆρα
707 2646 806 2716 τῆς
857 2647 1135 2718 μακαρίας
1191 2649 1407 2721 ἐκείνης
1435 2651 1613 2722 ψυχῆς
1661 2655 1904 2726 ἀκριϐῶς

315 2732 455 2810 ἡμῖν
483 2730 910 2802 ὑπογράφουσιν.
963 2733 1050 2796 Ὦς
1081 2729 1173 2788 οὖν
1222 2735 1389 2806 αύτῷ,
1427 2735 1506 2807 τῷ
1547 2738 1742 2810 Παύλῳ
1790 2741 1904 2794 δια-

313 2809 609 2880 λεγόμενοι
632 2815 859 2884 παρόντι
887 2815 978 2868 καὶ
1011 2818 1405 2888 συγγινομένῳ,
1443 2817 1586 2873 οὕτω
1600 2809 1738 2890 μετά
1766 2840 1903 2894 προ-

316 2894 526 2964 θυμίας
547 2895 862 2966 πειθώμεθα
889 2901 1001 2962 τοῖς
1043 2899 1473 2971 γεγραμμένοις,
1507 2903 1902 2976 ἀναπτύξωμεν

311 2978 390 3030 τὰ
414 2978 561 3032 ἔνδον
594 2979 880 3050 εἰρημένα,
917 2980 1177 3051 μάθωμεν
1206 2983 1259 3036 τί
1293 2985 1426 3036 ποτέ
1447 2985 1594 3038 ἐστιν
1635 2988 1772 3060 ὅπερ
1805 2990 1902 3060 σή-

317 3078 492 3132 μερον
525 3061 654 3116 ἐϐόα
677 3062 848 3130 λέγων
869 3079 883 3095 ·
919 3064 1182 3133 Ὄφελον
1211 3066 1529 3136 ἀνείχεσθέ
1542 3087 1662 3138 μου
1682 3073 1902 3140 μικρὸν

309 3143 396 3212 τῇ
431 3145 748 3214 ἀφροσύνῃ
767 3163 780 3176 ·
814 3147 976 3202 ἀλλὰ
1003 3147 1103 3201 καὶ
1128 3147 1421 3218 ἀνέχεσθέ
1433 3169 1553 3220 μου
1571 3169 1583 3185 ·
1615 3151 1769 3222 ζηλῶ
1790 3155 1900 3226 γὰρ

307 3227 475 3297 ὑμᾶς
517 3227 668 3284 Θεοῦ
711 3227 886 3296 ζήλῳ.
931 3231 996 3282 Τί
1027 3231 1238 3300 λέγεις,
1270 3227 1315 3286 ὦ
1344 3234 1553 3303 Παῦλε;
1595 3239 1622 3290 ὁ
1663 3237 1899 3294 κελεύων

311 3315 432 3376 τοῖς
467 3311 738 3382 μαθηταῖς
762 3315 819 3366 ἐν
846 3313 1008 3384 σοφίᾳ
1039 3319 1362 3385 περιπατεῖν
1388 3317 1528 3388 πρὸς
1557 3320 1684 3384 τοὺς
1710 3320 1834 3387 ἔξω,
1869 3324 1899 3376 ὁ

306 3393 488 3461 λέγων
508 3433 522 3458 ,
564 3395 628 3447 '0
659 3397 844 3466 λόγος
875 3394 1042 3466 ὑμῶν
1069 3397 1327 3453 πάντοτε
1353 3401 1424 3453 ἐν
1467 3401 1682 3470 χάριτι,
1723 3405 1900 3460 ἅλατι

305 3480 671 3548 ἠρτυμένος,
699 3481 917 3536 ειδέναι
935 3481 1062 3549 πῶς
1081 3483 1177 3536 δεῖ
1195 3484 1350 3553 ὑμᾶς
1372 3487 1462 3540 ἑνί
1493 3487 1733 3556 ἑκάστῳ
1757 3491 1899 3546 dao-

305 3563 659 3632 κρίνεσθαί·
697 3567 724 3618 ὁ
751 3567 915 3620 πᾶσιν
943 3569 1325 3637 ἐπευχόμενος,
1357 3571 1443 3624 ἵνα
1471 3571 1659 3640 σοφίας
1680 3573 1897 3646 πληρω-

305 3647 451 3702 θῶσι
482 3651 880 3722 πνευματικῆς,
903 3652 1065 3715 αὐτὸς
1079 3653 1282 3722 λέγεις,
1301 3655 1384 3708 ὅτι
1408 3657 1552 3712 Εἴθε
1576 3659 1895 3728 ἀνείχεσθέ

301 3749 438 3817 μου*
459 3734 678 3802 μικρὸν
712 3735 823 3817 τῆς
853 3736 1105 3802 ἀνοίας;
1141 3740 1254 3793 Οὐκ
1276 3741 1435 3811 ἤρκει
1463 3759 1545 3796 σοι
1574 3745 1634 3798 τὸ
1667 3747 1896 3817 φθέγξα-

305 3814 440 3902 σθαί
465 3833 518 3868 τι
549 3816 862 3902 ἀφροσύνης
893 3819 1064 3888 ῥῆμα,
1091 3820 1226 3874 ἀλλὰ
1259 3823 1351 3876 καὶ
1377 3825 1456 3888 είς
1483 3827 1607 3890 τοὺς
1646 3814 1895 3902 μαθητὰς

300 3899 472 3986 τοῦτο
500 3901 786 3986 ἐκφέρειςς
818 3903 912 3955 καὶ
947 3903 1048 3956 οὐκ
1080 3905 1168 3986 είς
1209 3907 1336 3970 τοὺς
1366 3907 1612 3979 μαθητὰς
1643 3899 1894 3986 ἐκφέρεις

309 3981 501 4053 μόνον,
534 3983 670 4036 ἀλλὰ
702 3984 794 4038 καὶ
824 3987 936 4049 τοῖς
965 3985 1102 4056 μετά
1120 3987 1294 4040 ταῦτα
1314 3991 1448 4043 πᾶσι
1477 3981 1790 4064 γινομένοις
1802 3997 1894 4050 ἀνι

303 4067 334 4119 ο
346 4064 553 4135 ῴιποις
577 4065 668 4120 διὰ
691 4069 788 4138 τῆς
807 4069 1096 4140 ἐπιστολῆς
1113 4070 1271 4124 τοῦτο
1287 4071 1448 4143 δῆλον
1471 4079 1671 4142 ποιεῖς;
1701 4079 1892 4150 Ὁρᾶτε

303 4149 432 4212 πῶς
467 4151 568 4221 οὐχ
597 4150 784 4213 ἁπλῶς
813 4151 896 4204 δεῖ
934 4153 1303 4225 παρατρέχειν
1347 4155 1416 4210 τὰ
1451 4157 1738 4230 λεγόμενα,
1766 4149 1892 4216 ἀλλ’

303 4233 543 4288 ’ἑκαστον
571 4236 926 4304 περισκοπεῖν
947 4235 1219 4306 ἀκριϐὦς;
1254 4236 1426 4293 Τοῦτο
1453 4241 1552 4311 μὲν
1576 4242 1686 4314 γὰρ
1707 4245 1892 4310 ἁπλῶς

304 4315 415 4384 μὲν
444 4317 952 4387 ἀναγινωσκόμενον
978 4319 1329 4389 περιίσταται
1357 4335 1383 4363 ε
1415 4327 1530 4388 τοῖς
1569 4325 1888 4398 ἀκροαταῖς,

302 4398 604 4482 ὲρευνηθέν
632 4399 692 4482 δέ
744 4399 946 4482 πολλὴν
993 4401 1235 4455 δείκνυσι
1273 4403 1368 4457 τοῦ
1405 4405 1617 4461 Παύλου
1661 4409 1762 4482 τὴν
1798 4427 1891 4464 σο-

301 4481 459 4550 φίαν,
497 4481 742 4552 μεγάλην
773 4481 870 4554 τὴν
901 4482 1138 4549 σύνεσιν,
1171 4485 1378 4552 ἄφατον
1405 4488 1502 4558 τὴν
1542 4481 1886 4560 κηδεμονίαν.

380 4571 451 4632 γ’.
491 4564 556 4617 Τί
601 4567 718 4618 ποτ’
749 4561 842 4619 οὖν
871 4568 989 4620 ἐστι
1018 4567 1079 4620 τὸ
1103 4566 1423 4638 λεγόμενον;
1451 4573 1889 4630 Ψευδαπόστολοι

302 4645 494 4702 πολλοὶ
524 4643 664 4719 ἦσαν
687 4649 838 4720 παρά
871 4653 984 4714 τοῖς
1013 4651 1340 4722 Κορινθίοις,
1369 4654 1776 4728 διαφθείροντες
1791 4661 1890 4714 αύ-

298 4730 454 4794 τοῦς.
487 4732 922 4802 κατηγοροῦντες
950 4733 1044 4786 τοῦ
1083 4733 1321 4800 Παύλου,
1360 4736 1753 4808 ὑπορύττοντές
1789 4743 1888 4794 αύ-

296 4813 402 4868 τοῦ
423 4813 518 4884 τὴν
547 4813 724 4879 δόξαν,
753 4815 821 4886 ἣν
843 4815 994 4887 παρά
1021 4819 1133 4878 τοῖς
1153 4816 1420 4888 μαθηταῖς
1442 4816 1610 4890 εἶχεν,
1637 4825 1715 4886 εἰς
1733 4823 1883 4896 [295]

299 4896 592 4966 εἰρωνείαν
632 4897 796 4952 αὐτὸν
839 4897 1205 4962 σκώπτοντες,
1245 4900 1322 4964 ὡς
1361 4901 1620 4967 ἀλαζόνος
1649 4922 1886 4976 κατηγο-

303 4977 552 5052 ροῦντες.
595 4979 741 5051 Πρὸς
785 4979 1008 5044 τούτους
1051 4983 1146 5036 καὶ
1183 4982 1586 5056 διατεινόμενος
1614 4987 1884 5058 πολλαχοῦ

298 5063 404 5132 τῆς
447 5062 738 5134 ἐπιστολῆς
789 5063 1060 5132 φαίνεται.
1111 5066 1222 5118 Kal
1254 5065 1362 5138 γὰρ
1408 5068 1536 5121 ὅταν
1563 5067 1716 5140 λέγῃ,
1765 5071 1884 5124 Οὔκ

299 5146 494 5214 ἐσμεν
525 5144 729 5213 ὥσπερ
749 5147 804 5200 οἱ
825 5147 1048 5213 λοιποὶ,
1084 5150 1537 5216 καπηλεύοντες
1569 5151 1678 5205 τὸν
1699 5153 1886 5222 λόγον

301 5229 414 5286 τοῦ
445 5228 593 5285 Θεοῦ
613 5245 627 5259 ⁸
658 5229 756 5284 καὶ¹
785 5229 946 5284 πάλιν
977 5229 1168 5294 εἰπὼν,
1215 5231 1421 5302 Ἀϐαρῆ
1451 5234 1595 5302 ὑμῖν
1624 5236 1886 5305 ἐμαυτὸν

299 5311 594 5379 ἐτήρησα,
627 5313 722 5366 καὶ
757 5313 1127 5383 ὑποσχόμενος
1154 5313 1442 5380 διαπαντὸς
1475 5315 1662 5371 τοῦτον
1691 5319 1886 5392 ἀκίνη-

300 5410 398 5449 τον
421 5394 751 5467 διατηρῆσαι
783 5397 876 5448 τὸν
904 5397 1068 5466 νόμον
1103 5397 1302 5467 (Ἔστι
1346 5397 1476 5469 γάρ,
1525 5401 1710 5470 φησὶν,
1734 5401 1885 5473 ἀλή-

299 5481 436 5534 θεια
461 5477 719 5548 Χριστοῦ
745 5479 814 5532 ἐν
835 5479 984 5546 ἐμοὶ,
1014 5479 1103 5532 ὅτι
1129 5481 1168 5548 ἡ
1191 5481 1488 5549 καύχησίς
1501 5501 1620 5552 μου
1641 5485 1790 5554 αῦτη
1813 5490 1884 5542 ού

301 5560 673 5630 φραγήσεται
691 5561 760 5616 ἐν
779 5560 896 5626 τοῖς
919 5561 1166 5629 κλῂιασι
1186 5561 1296 5630 τῆς
1327 5563 1606 5634 Ἀχαΐας),
1627 5569 1684 5620 ἐν
1706 5573 1769 5640 τῇ
1787 5571 1886 5642 τῆς

303 5644 487 5709 αἰτίας
507 5647 772 5718 ἐπαγωγῇ
799 5643 1016 5717 ᾐνίξατο
1041 5646 1166 5710 τοὺς
1197 5647 1429 5718 μιαροὺς
1453 5650 1692 5715 ἐκείνους
1710 5653 1882 5716 οὕτως

373 5843 394 5876 ⁸
418 5844 564 5895 Savil.
597 5845 790 5908 conﬁcit
812 5843 1144 5908 προσίσταται.

2022 857 2102 920 είς
2121 857 2367 931 ἀνάγκην
2385 861 2480 913 τοῦ
2506 861 2603 933 τὴν
2625 863 2829 916 οἰκείαν
2850 861 3110 928 ἐπιδεῖξαι
3133 865 3364 936 δύναμιν
3392 868 3598 932 αὐτοῖς,

2023 941 2220 994 οὑτωσὶ
2247 942 2420 1010 λέγων
2443 961 2456 975 ·
2499 944 2711 1014 Δέομαι
2743 946 2810 999 δὲ
2840 946 2906 1000 τὸ
2927 948 3014 1016 μὴ
3057 947 3262 1015 παρὼν
3303 948 3600 1016 θαρρῆσαι

2019 1022 2096 1091 τῇ
2136 1026 2510 1094 πεποιθήσει,
2541 1023 2580 1098 ᾗ
2621 1027 2922 1098 λογίζομαι
2962 1029 3259 1098 τολμῆσαι
3298 1031 3398 1084 ἐπί
3429 1049 3599 1098 τινας

2019 1106 2160 1173 τοὺς
2181 1107 2598 1177 λογιζομένους
2625 1110 2781 1179 ἡμᾶς
2825 1112 2904 1178 ὡς
2934 1111 3085 1166 κατὰ
3107 1111 3308 1180 σάρκα
3351 1127 3598 1181 περιπα-

2017 1189 2295 1256 τοῦντας.
2331 1193 2494 1246 Αὐτοὶ
2515 1193 2624 1264 γὰρ
2656 1187 2823 1259 οὗτοι,
2854 1195 2981 1266 περὶ
3007 1189 3082 1248 ὧν
3105 1195 3278 1249 ταῦτά
3308 1213 3490 1266 φησιν,
3515 1199 3595 1260 εἰς

2017 1273 2300 1342 εἰρωνείαν
2343 1275 2504 1328 αὐτὸν
2547 1276 2943 1341 διαϐάλλοντες,
2997 1276 3170 1342 οὕτως
3195 1278 3399 1348 ἔλεγον,
3429 1280 3510 1334 ὅτι
3537 1282 3592 1333 αἱ

2019 1357 2118 1426 μὲν
2143 1358 2421 1412 ἐπιστολαὶ
2443 1358 2656 1412 Παύλου
2679 1359 2846 1414 πολὺν
2874 1359 3085 1430 ἔχουσιν
3105 1361 3269 1428 ὄγκον
3299 1363 3393 1415 καὶ
3419 1362 3595 1434 ρημά⁹

2013 1456 2122 1493 των
2153 1441 2430 1510 ἀπόνοιαν,
2486 1443 2649 1506 αὐτὸς
2679 1443 2736 1498 δὲ
2787 1443 3076 1515 ούδαμινδς
3109 1445 3204 1498 καὶ
3247 1445 3472 1516 εὐτελὴς
3497 1447 3594 1500 καὶ

2014 1523 2444 1596 ἀπερῤιμμένος.
2483 1525 2731 1579 Ἐπειδὰν
2763 1526 2892 1594 γοῦν
2926 1526 3160 1580 ἐνταῦθα
3191 1527 3588 1598 παραγένηται,

2013 1608 2226 1673 οὐδενὸς
2268 1610 2416 1675 ἄξιος
2437 1611 2684 1680 φαίνεται
2707 1610 2864 1678 λόγου
2885 1627 2898 1641 ·
2932 1611 3070 1681 ὅπερ
3089 1607 3182 1664 οὖν
3208 1613 3302 1665 καὶ
3327 1611 3460 1664 αὐτὸ
3487 1611 3592 1666 πά-

2013 1690 2096 1744 λιν
2127 1693 2406 1762 ἐμφαίνων
2435 1695 2639 1762 ἔλεγεν,
2665 1693 2788 1747 Ἵνα
2815 1694 2882 1746 δὲ
2901 1693 2988 1763 μὴ
3017 1694 3174 1759 δόξω
3205 1696 3286 1759 ὡς
3311 1694 3391 1750 ἂν
3414 1695 3589 1764 ἐκφοι-

2014 1775 2140 1828 6εῒν
2159 1773 2316 1845 ὑμᾶς
2339 1777 2438 1831 διὰ
2461 1777 2581 1830 τῶν
2605 1776 2946 1838 ἐπιστολῶν
2967 1793 2982 1809 °
3009 1777 3100 1833 ὅτι
3137 1782 3197 1834 αἱ
3211 1781 3331 1848 μὲν
3351 1779 3592 1834 ἐπιστο-

2010 1858 2136 1918 λαί,
2170 1859 2344 1928 φησι,
2375 1861 2614 1929 ,ϐαρεῖαι
2662 1859 2763 1914 καί
2795 1863 3060 1930 ἰσχυραί,
3103 1863 3143 1928 ἠ
3176 1862 3246 1916 δὲ
3287 1863 3591 1932 παρουσία

2012 1943 2119 1996 τοῦ
2137 1943 2412 2014 σώματος
2431 1943 2717 2012 ἀσθενὴς,
2734 1943 2834 2000 καί
2855 1948 2888 1999 ό
2901 1945 3084 2014 λόγος
3098 1944 3588 2015 ἐξουθενημένος.

2009 2023 2145 2080 Εἶτα
2163 2028 2345 2093 αὐτοῖς
2370 2029 2615 2097 ἐγκαλῶν
2629 2031 2744 2093 τοῖς
2766 2028 3072 2101 Κορινθίοις
3091 2032 3206 2092 τοῖς
3225 2027 3590 2100 ἀναπειθομέ-

2010 2126 2142 2174 νοις,
2181 2112 2344 2182 φησίν
2361 2127 2376 2144 ·
2416 2114 2486 2166 Ἠ
2508 2113 2802 2182 ἁμαρτίαν
2823 2111 3084 2180 ἐποίησα
3109 2112 3370 2179 ἐμαυτὸν
3390 2127 3588 2167 ταπει-

2007 2191 2150 2260 νῶν,
2185 2194 2263 2247 ἵν’
2307 2194 2478 2262 ὑμεῖς
2515 2195 2834 2263 ὑψωθῆτε;
2871 2195 2984 2248 Καὶ
3019 2193 3388 2265 ἀποδυόμενος
3429 2195 3486 2248 δέ
3523 2196 3586 2248 τὸ

2008 2273 2259 2346 ἔγκλημα
2291 2277 2422 2330 αὐτὸ
2456 2277 2632 2330 ἐκεῖνο
2673 2277 2836 2331 πάλιν
2870 2276 3020 2346 λέγει
3040 2293 3055 2310 ο
3097 2278 3218 2330 Ὅτι
3248 2271 3364 2330 οἶοί
3395 2277 3586 2349 ἐσμεν

2006 2357 2083 2414 δι’
2111 2359 2455 2414 ἐπιστολῶν
2481 2360 2758 2426 ἀπόντες,
2780 2360 3033 2415 τοιοῦτοι
3055 2359 3152 2414 καί
3187 2359 3475 2429 παρόντες
3501 2357 3584 2424 τῷ

2005 2445 2176 2514 ἔργῳ.
2229 2444 2381 2496 Ἐπεὶ
2411 2439 2504 2498 οὖν
2529 2443 2712 2498 πολλοὶ
2756 2445 3094 2516 παρ’·αύτοτς
3125 2439 3267 2514 ἦσαν
3307 2441 3583 2514 ψευδαπό-

2007 2527 2205 2595 στολοι,
2239 2527 2334 2592 οὓς
2364 2529 2459 2582 καὶ
2488 2527 2724 2600 ἐργάτας
2740 2527 2948 2592 δολίους
2979 2527 3154 2593 καλεῖ,
3193 2527 3337 2583 οὓτω
3364 2528 3542 2598 λέγων
3560 2545 3575 2562 ο

2009 2612 2074 2663 οι
2099 2609 2206 2680 γὰρ
2241 2611 2495 2664 τοιοῦτοι
2535 2609 3048 2678 ψευδαπόστολοι,
3083 2609 3322 2680 ἐργάται
3351 2611 3541 2666 δόλιοι
3559 2651 3574 2673 ,

1998 2693 2640 2764 μετασχηματιζόμενοι
2660 2698 2747 2761 είς
2764 2696 3148 2762 ἀποστόλους
3169 2695 3442 2764 Χριστοῦ.
3467 2696 3577 2753 Καὶ

2003 2779 2076 2832 οὐ
2109 2777 2490 2847 θαυμαστόνο
2515 2776 2612 2830 καὶ
2651 2776 2764 2846 γὰρ
2789 2777 2970 2844 αὐτὸς
3021 2781 3054 2832 ό
3085 2777 3356 2846 Σατανᾶς
3399 2795 3579 2847 μεταο

2000 2861 2419 2932 σχηματίζὲται
2448 2863 2535 2927 είς
2552 2861 2808 2930 ἄγγελον
2835 2861 3048 2930 φωτός.
3071 2865 3154 2916 Οὐ
3177 2862 3333 2932 μέγα
3363 2859 3497 2924 οὖν,
3526 2865 3580 2917 ει

2001 2945 2100 2999 καὶ
2127 2947 2182 2998 οἱ
2213 2941 2478 2998 διάκονοι
2507 2943 2692 2998 αὑτοῦ
2717 2944 3328 3012 μετασχηματίζονται
3352 2946 3432 3012 ὡς
3453 2945 3580 2999 διά-

2001 3045 2170 3082 κονοι
2199 3027 2612 3092 δικαιοσύνης.
2653 3026 2807 3079 Ἐπεὶ
2835 3021 2927 3081 οὖν
2954 3021 3098 3081 οὗτοι
3135 3028 3338 3098 μυρίας
3387 3027 3579 3101 εὗρόν-

1999 3128 2092 3174 τες
2124 3111 2243 3164 κατ’
2272 3109 2436 3164 αὐτοῦ
2466 3107 2736 3174 διαϐολὰς,
2764 3109 2890 3172 τοὺς
2923 3109 3168 3180 μαθητὰς
3195 3109 3482 3175 ἔϐλαπτον,
3516 3112 3577 3165 ού

1999 3193 2103 3262 τὴν
2136 3193 2522 3265 προσήκουσαν
2550 3192 2678 3264 περὶ
2707 3190 2870 3246 αὐτοῦ
2906 3191 3182 3256 πείθοντες
3213 3192 3410 3256 αὐτοὺς
3435 3192 3579 3263 ἕχειθ

1999 3274 2178 3342 δόξαν,
2208 3274 2578 3344 ἀναγκάζεται
2616 3273 2798 3329 λοιπὸν
2848 3275 2928 3336 είς
2950 3275 3199 3345 διήγησιν
3224 3273 3332 3327 τῶν
3363 3275 3577 3330 οἰκείων

1998 3359 2291 3428 ἐγκωμίων
2321 3359 2582 3428 ἐμπεσεῖν
2601 3375 2615 3390 ⁸
2647 3358 2766 3411 οὐδὲ
2791 3357 2899 3428 γὰρ
2920 3353 2988 3428 ἦν
3008 3357 3068 3410 τὸ
3091 3359 3249 3429 σιγᾷν
3275 3357 3458 3412 λοιπὸν
3513 3360 3576 3412 ἀ-

1999 3441 2220 3510 σφαλές.
2269 3440 2421 3493 Ἐπεὶ
2464 3433 2555 3493 οὖν
2594 3439 2918 3510 μέλλιειτοῦς
2955 3439 3189 3502 οἰκείους
3219 3440 3414 3502 ἄθλους
3441 3442 3576 3510 ἡμῖν

1996 3523 2330 3590 ἐξηγεῖσθαι,
2363 3523 2458 3576 καὶ
2503 3522 2599 3586 τὰς
2633 3520 3025 3590 ἀποκαλύψεις,
3056 3520 3123 3583 ἃς
3155 3517 3264 3574 εἶδε
3285 3561 3299 3584 ,
3331 3521 3426 3575 καὶ
3447 3522 3575 3585 τοὺς

1999 3605 2252 3676 μόχθους.
2283 3604 2378 3668 οὓς
2409 3604 2701 3676 ἐμόχθησε,
2733 3603 3054 3674 βουλόμενος
3079 3602 3250 3668 δεῖξαι
3277 3605 3463 3666 πᾶσιν,
3490 3603 3574 3656 ὅτι

1994 3687 2142 3742 ἄκων
2164 3689 2258 3742 καὶ
2282 3687 2596 3758 βιαζόμενος
2618 3687 2773 3740 τοῦτο
2797 3687 2961 3748 ποιεῖ,
3003 3687 3098 3740 καὶ
3123 3687 3368 3758 ἀνάγκην
3407 3681 3574 3741 οὖσαν

1994 3771 2159 3844 ὀρῶν,
2176 3772 2326 3841 ὅμως
2351 3769 2662 3842 ἀφροσύνης
2689 3769 2817 3824 αὐτὸ
2835 3771 3068 3840 πρᾶγμα
3093 3769 3372 3837 ἐκάλεσεν,
3399 3767 3574 3832 οὕτως

1995 3853 2196 3908 εἰπών’
2235 3855 2497 3922 Ὄφελον
2519 3851 2834 3921 ἀνείχεσθέ
2867 3869 2990 3919 μου
3027 3851 3244 3920 μικρὸν
3269 3851 3344 3920 τῇ
3385 3853 3570 3922 ἀφρόν

1992 3939 2178 4007 σύνῃ.
2229 3937 2446 3999 Μέλλω,
2503 3937 2657 4006 φησὶ,
2695 3937 2929 4006 πρᾶγμα
2979 3934 3204 4005 ἀνόητον
3253 3937 3447 4000 ποιεῖν,
3478 3935 3572 3990 καὶ

1993 4017 2364 4090 ἐγκωμιάζειν
2391 4019 2484 4072 καὶ
2511 4019 2752 4073 ἐπαινεῖν
2772 4034 2784 4048 ·
2816 4016 2934 4070 ἀλλ’
2958 4017 3058 4070 οὐκ
3091 4015 3201 4086 ἐγὼ
3233 4015 3437 4072 τούτων
3483 4018 3572 4071 αῖ-

1992 4119 2126 4165 τιος,
2175 4101 2286 4154 ἀλλ’
2315 4103 2364 4155 οἰ
2403 4103 2482 4165 εἰς
2520 4100 2775 4171 τοιαύτην
2824 4117 2890 4171 με
2929 4099 3174 4172 ἀνάγκην
3199 4100 3528 4171 ἐμϐαλόντες
3553 4119 3569 4132 ·

1992 4187 2080 4240 διὰ
2109 4185 2266 4240 τοῦτο
2303 4185 2606 4257 παρακαλῶ
2635 4187 2778 4257 ὑμᾶς
2805 4184 3451 4258 ἀνασχέσθαι,κάκείνοις
3472 4187 3571 4260 τὴν

1994 4269 2169 4325 αἰτίαν
2197 4268 2534 4338 λογίσασθαι.

2045 4405 2106 4458 δ’.
2125 4405 2232 4460 Kal
2243 4405 2344 4476 ὅρα
2359 4404 2458 4476 τὴν
2469 4403 2683 4459 Παύλου
2700 4405 2934 4458 σύνεσιν·
2949 4403 3405 4472 είπὼν,¹’οςοελον
3417 4403 3569 4457 ἀνεί-

1990 4497 2173 4567 χεσθέ
2189 4515 2310 4566 μου
2336 4495 2554 4564 μικρὸν
2576 4495 2652 4564 τῇ
2678 4496 2998 4564 ἀφροσύνῃ
3019 4511 3032 4524 ·
3057 4495 3219 4550 ἀλλὰ
3245 4493 3342 4548 καί
3361 4493 3566 4564 ἀνέχε-

1993 4587 2140 4660 [294]
2170 4589 2280 4642 σθέ
2297 4603 2445 4656 μου·
2473 4585 2628 4655 ζηλῶ
2653 4587 2761 4656 γὰρ
2791 4585 2946 4656 ὑμᾶς
2973 4587 3121 4642 Θεοῦ
3149 4584 3324 4654 ζήλῳ,
3349 4587 3449 4642 ούκ
3473 4587 3564 4640 εύο

1991 4678 2128 4742 θέως
2152 4675 2314 4748 ἦλθεν
2329 4679 2422 4732 ἐπὶ
2446 4678 2545 4750 τὴν
2569 4677 2820 4749 διήγησιν
2847 4676 2956 4731 τῶν
2976 4678 3288 4749 ἐγκωμίων,
3307 4677 3445 4732 ἀλλὰ
3477 4696 3567 4749 με-

1989 4767 2120 4834 ταξὺ
2149 4768 2309 4822 πάλιν
2339 4767 2511 4830 ἐνθεὶς
2540 4769 2759 4839 ῥήματα
2779 4807 2794 4832 ,
2831 4766 2972 4822 οὕτω
3007 4767 3124 4832 πώς
3152 4785 3316 4839 φησιν
3335 4785 3351 4800 ο
3374 4768 3568 4825 Πάλιν

1985 4863 2160 4932 λέγω,
2171 4859 2256 4931 μή
2279 4861 2336 4916 τί
2338 4881 2370 4927 ς
2378 4877 2455 4930 με
2474 4859 2623 4929 δόξῃ
2643 4844 2875 4930 ἀφρόνα
2895 4857 3047 4916 εἶναι
3061 4879 3076 4893 ο
3099 4863 3151 4916 εί
3167 4861 3236 4915 δὲ
3248 4861 3334 4931 μή
3347 4879 3432 4934 γε,
3451 4861 3568 4917 κᾶν

1986 4953 2067 5018 ὡς
2089 4951 2321 5021 ἄφρονα
2359 4949 2618 5015 δέξασθέ
2653 4967 2750 5020 με.
2783 4951 2896 5004 Kal
2925 4952 3045 5006 οὐδὲ
3071 4952 3243 5018 οὕτως
3270 4953 3446 5025 ἥψατο
3469 4955 3568 5024 τῆς

1985 5043 2321 5114 διηγήσεως,
2357 5041 2493 5096 ἀλλὰ
2518 5041 2679 5095 πάλιν
2709 5041 2906 5112 ἐπάγει
2937 5043 3031 5098 καὶ
3060 5043 3245 5112 λέγει’
3281 5047 3343 5098 ’Ὀ
3375 5042 3564 5109 λαλῶ,

1986 5136 2058 5191 οὗ
2088 5133 2256 5189 λαλῶ
2285 5135 2434 5188 κατὰ
2464 5135 2716 5202 Κύριον,
2750 5135 2890 5190 ἀλλ’
2918 5136 2998 5202 ὡς
3026 5135 3096 5192 ἐν
3121 5137 3460 5206 ἀφροσύνῃ,
3495 5137 3568 5190 ἐν

1985 5227 2169 5296 ταύτῃ
2199 5223 2276 5295 τῇ
2323 5224 2659 5280 ὑποστάσει
2714 5225 2826 5294 τῆς
2863 5227 3236 5298 καυχήσεως.
3292 5228 3404 5280 Καὶ
3443 5227 3564 5280 ούδὲ

1989 5319 2126 5390 μετὰ
2152 5317 2325 5373 ταῦτα
2348 5317 2416 5371 τὰ
2445 5320 2667 5390 ῥήματα
2692 5318 2957 5389 ἐτόλμησε
2985 5317 3250 5380 καθεῖναι,
3285 5314 3424 5370 ἀλλὰ
3454 5317 3563 5370 πά-

1984 5409 2066 5464 λιν
2088 5410 2337 5482 ὁρμήσας
2365 5409 2723 5482 ἀνακρούεται
2753 5409 2845 5462 καί
2877 5425 3039 5478 φησιν
3059 5423 3072 5438 ⁸
3127 5405 3366 5476 Ἐπειδὴ
3410 5411 3560 5462 πολ-

1983 5501 2081 5556 λοὶ
2111 5501 2449 5570 καυχῶνται
2476 5501 2625 5556 κατὰ
2655 5499 2770 5568 τὴν
2801 5498 2998 5566 σάρκα
3016 5537 3031 5563 ,
3065 5497 3224 5568 κάγὼ
3257 5497 3564 5569 καυχήσοαι

1979 5609 2118 5663 μαιο
2155 5592 2344 5660 ἡδέως
2389 5591 2501 5660 γὰρ
2536 5589 2829 5660 ἀνέχεσθε
2865 5588 2986 5643 τῶν
3017 5589 3326 5659 ἀφρόνων,
3361 5591 3563 5661 φρόνιν

1977 5701 2081 5752 μοι
2111 5681 2300 5746 ὄντες.
2319 5677 2452 5734 Εἶτα
2477 5681 2638 5734 πάλιν
2663 5679 2948 5735 ἀναδύεται
2975 5681 3070 5734 καὶ
3088 5683 3254 5746 ὀκνεῖ,
3283 5681 3378 5735 καὶ
3397 5681 3562 5752 ἕτερά

1984 5789 2104 5826 τινα
2133 5769 2325 5834 εἰπὼν,
2359 5770 2523 5824 πάλιν
2551 5771 2781 5840 ἐπάγει·
2825 5772 2926 5827 Ἐν
2952 5765 3002 5840 ᾧ
3037 5771 3090 5827 δ’
3121 5771 3200 5827 ἄν
3227 5789 3319 5840 τις
3346 5770 3556 5834 τολμιῖ.

1989 5863 2054 5912 ἐν
2103 5861 2416 5928 ἀφροσύνῃ
2452 5859 2634 5932 λέγω,
2673 5862 2868 5935 τολμῶ
2897 5865 3076 5937 κάγώ.
3113 5867 3223 5921 Καὶ
3253 5865 3374 5924 τότε
3408 5862 3562 5939 μόλις
