4062 6442
465 398 570 455 δθὸ

470 514 611 587 μετὰ
639 514 904 578 τοσαύτας
960 514 1375 587 προδιορθώσεις
1410 514 1780 585 κατετόλμησε
1821 512 1919 582 τῆς
1964 510 2041 563 δι-

466 602 724 672 ηγήσεως
738 601 844 655 τῶν
869 602 1178 673 ἐγκωμίων.
1192 604 1303 657 Kal
1326 603 1576 675 καθάπερ
1602 603 1768 665 ἵππος
1800 601 2044 673 κρημνὸν

467 692 745 757 ἀπότομον
775 691 1121 762 ὑπερϐαίνειν
1172 694 1381 763 μέλλων
1406 734 1422 758 ,
1449 695 1596 765 ὁρμᾷ
1634 693 1732 765 μὲν
1764 694 1839 756 ὡς
1874 692 2045 763 ὑπερ-

468 781 758 835 ϐάλλεσθαι
799 782 1006 851 μέλλων
1029 824 1044 846 ,
1074 785 1135 837 τὸ
1179 786 1237 839 δέ
1272 785 1434 855 βάθος
1464 785 1585 839 ἰδὼν
1614 786 1792 856 ναρκᾷ
1827 784 1919 838 καὶ
1947 800 2044 836 συ-

470 871 765 934 στέλλεται,
784 868 901 925 εἷτα
921 873 1012 925 τὸν
1040 875 1304 947 ἐπιϐάτην
1330 876 1472 946 ὁρῶν
1507 876 1858 948 σφοδρότερον
1881 876 2047 943 ἀνατ-

468 960 724 1025 κάζοντα,
746 962 912 1017 πάλιν
937 966 1235 1036 ἐπιχειρεῖ,
1266 968 1361 1020 καὶ
1394 967 1456 1020 τὸ
1485 967 1618 1021 αὐτὸ
1643 967 1801 1020 τοῦτο
1823 967 2041 1037 πάσχει,

468 1054 561 1106 καὶ
581 1053 679 1125 τὴν
703 1055 949 1125 ἀνάγκην
982 1056 1385 1127 ἐνδεικνύμενος
1414 1057 1506 1111 καὶ
1530 1057 1628 1129 τὴν
1662 1056 1802 1127 βίαν,
1832 1058 2047 1111 ἵσταται

467 1145 563 1199 ἐπὶ
605 1147 739 1201 πολὺ
771 1147 1109 1218 χρεμετίζων
1138 1149 1230 1201 ἐπὶ
1255 1148 1347 1202 τοῦ
1377 1149 1590 1219 χείλους
1616 1152 1714 1220 τῆς
1743 1149 2046 1219 φάραγγος,

467 1237 617 1299 ὅπως
648 1236 1079 1308 παραθαρρύνας
1112 1238 1307 1290 ἐαυτδν
1337 1238 1757 1310 κατατολμήσῃ·
1784 1238 1926 1291 οὕτω
1957 1237 2050 1291 καὶ

467 1330 497 1381 ὁ
531 1326 801 1399 μακάριος
840 1327 1052 1391 Παῦλος
1080 1329 1331 1399 καθάπερ
1371 1330 1463 1383 ἐπὶ
1496 1329 1741 1401 κρημνόν
1768 1346 1889 1383 τινα
1920 1328 2049 1400 μέλ-

470 1419 578 1472 λων
602 1420 794 1473 ἐαυτὸν
828 1420 1050 1490 ἀφιέναι
1082 1459 1097 1485 ,
1129 1421 1238 1474 τῶν
1267 1421 1482 1475 οἰκείων
1510 1421 1800 1491 ἐγκωμίων
1843 1420 1941 1490 τὴν
1975 1419 2048 1473 δι-

471 1509 695 1578 ήγησιν,
724 1510 821 1561 καὶ
849 1509 1000 1575 ἅπαξ
1027 1511 1120 1563 καὶ
1148 1509 1228 1573 δὶς
1254 1512 1347 1563 καὶ
1374 1511 1493 1581 τρῖς
1517 1510 1611 1564 καὶ
1637 1510 1895 1572 πολλάκις
1924 1510 2053 1563 ἁνα-

469 1598 653 1652 δύεται
680 1597 824 1652 οὕτω
852 1599 1053 1668 λέγων·
1080 1601 1336 1668 Ὄφελον
1363 1600 1677 1669 ἀνείχεσθέ
1698 1617 1815 1669 μου
1838 1599 2054 1669 μικρὸν

472 1687 550 1756 τῇ
575 1689 893 1759 ἀφροσύνῃ
914 1707 929 1721 ·
961 1690 1056 1744 καὶ
1087 1691 1281 1755 πάλιν,
1312 1689 1407 1756 Μή
1438 1708 1529 1756 τις
1545 1706 1622 1759 με
1646 1689 1797 1757 δόξῃ
1822 1688 2055 1758 ἄφρονα

475 1775 627 1833 εἶναι
645 1795 660 1809 ·
676 1781 731 1832 ει
756 1779 827 1832 δὲ
843 1778 930 1849 μή
948 1796 1035 1847 τε,
1066 1778 1182 1833 κᾶν
1196 1780 1278 1845 ὡς
1291 1779 1527 1847 άςορονα
1548 1778 1805 1842 δέξασθέ
1814 1795 1910 1846 με·
1936 1779 2051 1842 καὶ,

479 1871 542 1920 Ὃ
566 1867 755 1933 λαλῶ,
791 1871 863 1923 οὐ
888 1867 1061 1923 λαλῶ
1074 1869 1225 1923 κατὰ
1250 1871 1492 1936 Κύριον,
1509 1870 1648 1923 ἀλλ’
1669 1870 1751 1934 ὡς
1770 1870 1841 1921 ἐν
1875 1870 2058 1937 ἀφρο-

478 1959 643 2027 σύνῃ
654 2000 666 2020 ,
691 1960 762 2012 ἐν
776 1960 965 2027 ταύτῃ
978 1958 1054 2027 τῇ
1078 1959 1417 2012 ὑποστάσει
1433 1957 1544 2026 τῆς
1556 1957 1910 2027 καυχήσεως
1921 1975 1935 1990 ·
1960 1960 2056 2012 καὶ

479 2046 664 2114 πάλιν,
699 2048 863 2103 Ἐ’πεί
876 2050 1095 2103 πολλοὶ
1116 2048 1456 2118 καυχῶνται
1486 2049 1637 2102 κατὰ
1664 2047 2057 2118 σάρκα,κάγὼ

478 2137 891 2208 καυχήσομαι·
919 2140 1110 2207 ἡδέως
1142 2141 1251 2209 γὰρ
1274 2139 1567 2208 ἀνέχεσθε
1607 2137 1727 2191 τῶν
1756 2139 2054 2209 ἀφρόνων,

480 2232 755 2300 φρόνιμοι
773 2231 943 2297 ὄντες
965 2247 978 2261 ·
998 2233 1095 2285 καὶ
1110 2231 1292 2296 πάλιν,
1312 2224 1476 2297 Ἐνῷ
1490 2230 1541 2285 δ’
1560 2231 1637 2284 ἄν
1652 2248 1739 2297 τις
1763 2229 1969 2300 τολμᾷ,
1990 2231 2060 2284 ἐν

480 2322 797 2389 ἀφροσύνῃ
833 2320 1015 2390 λέγω,
1049 2319 1249 2389 τολμῶ
1284 2319 1467 2391 κάγώ.
1497 2321 1607 2374 Καὶ
1649 2320 1907 2392 μυριάκις
1933 2322 2059 2374 ἐαυ-

482 2413 572 2465 τδν
604 2412 815 2483 ἄφρονα
845 2412 1082 2475 καλέσας
1106 2411 1201 2465 καὶ
1228 2412 1473 2483 ἀνόητον,
1497 2411 1618 2464 τότε
1653 2411 1804 2483 μόλις
1829 2410 2058 2483 ἐτόλμη-

485 2520 576 2557 σεν
606 2503 779 2557 ἐλθεῖν
812 2506 891 2568 είς
919 2505 1044 2569 τοὺς
1080 2503 1333 2567 ἐπαίνους
1363 2504 1491 2567 τοὺς
1536 2502 1730 2557 ἑαυτοῦ
1753 2519 1767 2533 ·
1805 2503 2060 2572 Ἐϐραῖοί

482 2595 645 2656 clm;
701 2592 863 2662 κάγώ
885 2608 903 2624 ·
964 2593 1320 2662 Ἰσραηλῖται
1374 2596 1493 2647 εἰσι
1522 2609 1543 2659 ;
1575 2592 1736 2663 κάτώ
1759 2609 1775 2627 ·
1820 2595 2059 2663 σπέρμα

493 2683 740 2753 Ἀϐραάμ
763 2687 921 2748 sim;
946 2684 1123 2755 κάτώ·
1144 2684 1413 2740 διάκονοι
1425 2685 1682 2753 Χριστοῦ
1708 2687 1860 2748 εὶσι;
1879 2685 2058 2755 κάγώ.

486 2776 593 2829 Kal
620 2775 743 2829 ούδέ
784 2776 1017 2830 ἐνταῦθα
1044 2776 1343 2830 ἐπελάϐετο
1369 2774 1564 2831 ἐαυτοῦ
1586 2818 1602 2845 ,
1631 2776 1769 2832 ἀλλὰ
1791 2776 1953 2832 πάλιν
1983 2777 2062 2831 τί-

481 2871 611 2935 θησι
659 2865 758 2937 τὴν
802 2866 1227 2939 προδιόρθωσιν,
1262 2866 1436 2931 οὕτως
1468 2868 1721 2937 ἐπάγων·
1752 2871 2063 2939 Παραφρο-

482 2955 607 3010 νῶν
636 2956 824 3021 λαλῶ,
858 2956 1013 3025 ὑπὲρ
1042 2956 1174 3027 ἐγώ.
1204 2958 1313 3011 Kal
1342 2957 1463 3011 οὑδέ
1493 2958 1725 3013 ἐνταῦθα
1748 2959 1899 3031 ἐστη,
1929 2960 2065 3013 ἀλλὰ

488 3045 626 3116 μετὰ
651 3046 713 3097 τὸ
745 3045 1105 3116 διηγήσασθαι
1136 3045 1316 3100 πάντα
1357 3046 1521 3100 αὐτοῦ
1560 3047 1627 3102 τὰ
1657 3047 1907 3120 ἐγκώμια
1928 3089 1944 3112 ,
1974 3050 2063 3103 λέ-

488 3152 573 3204 γει
597 3152 611 3166 ·
642 3135 873 3205 Γέγονα
895 3136 1101 3206 ἄφρων
1120 3137 1507 3207 καυχώμενος
1529 3154 1543 3169 ·
1574 3139 1745 3208 ὑμεῖς
1772 3157 1848 3210 με
1877 3141 2061 3211 ἠναγ-

490 3227 730 3281 κάσατε.
751 3228 893 3280 Ὠσεὶ
924 3227 1131 3298 ἔλεγεν,
1178 3228 1435 3282 Ἐκείνων
1466 3247 1556 3298 μοι
1590 3229 1745 3299 λόγος
1776 3232 1948 3296 οὐδεὶς
1973 3229 2061 3304 ἦν,

491 3319 535 3370 εἰ
563 3317 632 3371 τά
680 3319 921 3390 ὑμέτερα
947 3315 1015 3389 ἦν
1060 3319 1345 3391 ἐρῥωμένα
1370 3358 1384 3382 ,
1430 3321 1479 3372 εἰ
1527 3320 1604 3391 μὴ
1632 3324 2063 3395 παρετρέπεσθε,

488 3409 623 3478 μηδὲ
651 3409 999 3465 ἐσαλεύεσθε.
1028 3411 1137 3464 Καὶ
1176 3409 1284 3481 γὰρ
1318 3412 1364 3463 εἰ
1393 3410 1681 3475 διαπαντὸς
1709 3414 1854 3484 ἡμᾶς
1882 3415 2065 3483 ἔλεγον

487 3501 683 3553 ἐκεῖνοι
715 3501 900 3564 κακῶς
924 3542 941 3564 ,
967 3501 1192 3571 οὐδεμία
1224 3519 1314 3571 μοι
1369 3504 1542 3575 βλὰὁη
1596 3504 1683 3559 διὰ
1712 3507 1811 3577 τῆς
1842 3507 2066 3562 ἐκείνων

489 3591 701 3659 ἐγίνετο
746 3593 1108 3664 κακηγορίας.
1155 3595 1373 3666 Ἐπειδὴ
1424 3596 1480 3648 δέ
1533 3591 1674 3651 εἶδον
1722 3597 1783 3651 τὸ
1816 3598 2065 3670 ποίμνιον

486 3681 933 3754 διαφθειρόμενον
958 3723 974 3749 ,
1008 3684 1136 3749 τοὺς
1188 3684 1437 3756 μαθητάς
1466 3688 1890 3759 ἀποπηδῶντας,
1936 3708 2067 3746 κατ-

489 3771 767 3843 εφρόνησα
810 3773 1067 3846 φορτικοῦ
1128 3776 1450 3847 πράγματος
1499 3768 1593 3831 καὶ
1621 3778 1915 3849 ἐπαχθοῦς,
1972 3781 2067 3834 λαὶ

487 3863 840 3935 ἠναγκάσθην
887 3865 1076 3939 ἄφρων
1134 3867 1426 3936 γενέσθαι,
1492 3868 1560 3923 τά
1596 3869 1834 3940 ἐμαυτοῦ
1893 3871 2065 3940 λέγων

486 3955 735 4026 ἐγκώμια
763 3957 991 4029 δι’ὐμᾶς
1016 3959 1109 4012 καὶ
1134 3958 1231 4029 τὴν
1265 3958 1536 4032 ὑμετέραν
1558 3962 1850 4033 σωτηρίαν.

556 4044 619 4093 ε’.
644 4039 896 4092 Τοιοῦτον
921 4040 1033 4111 γὰρ
1060 4042 1169 4094 τῶν
1195 4042 1367 4110 ἁγίων
1401 4044 1463 4095 τὸ
1487 4042 1607 4107 ἔθος
1625 4059 1639 4074 ·
1665 4047 1713 4097 εἰ
1733 4044 1831 4114 μέν
1848 4062 1903 4098 τι
1926 4045 2063 4118 πρά-

488 4118 638 4183 ξαιεν
660 4120 883 4188 φαῦλον,
906 4122 1345 4193 ἐκπομπεύουσιν
1382 4126 1534 4192 αὐτὸ,
1563 4127 1656 4181 καὶ
1678 4126 1799 4180 καθ’
1827 4129 2065 4198 ἐκάστην

488 4202 703 4271 ἡμέραν
743 4202 1002 4272 θρηνοῦσι
1027 4206 1123 4258 καὶ
1144 4208 1279 4258 πᾶσι
1319 4206 1531 4261 ποιοῦσι
1563 4209 1862 4278 κατάδηλον
1890 4226 1904 4241 ·
1932 4212 1981 4264 εἰ
2006 4210 2063 4264 δέ

497 4299 540 4336 τι
567 4287 812 4351 γενναῖον
839 4284 934 4339 καὶ
964 4286 1127 4355 μέγα,
1154 4287 1564 4359 ἀτωκρύπτουσι
1594 4291 1689 4344 καὶ
1718 4290 1857 4362 λήθῃ
1892 4305 2068 4363 παρα-

489 4367 821 4437 πέμπουσιν.
859 4368 1030 4433 Αὐτὸς
1061 4369 1195 4438 γοῦν
1220 4365 1373 4434 οὗτος
1400 4373 1428 4424 ὁ
1454 4371 1610 4439 ἅγιος
1654 4372 1722 4425 τά
1753 4373 1852 4443 μὲν
1889 4374 2066 4446 ἀμαρ-

487 4452 706 4522 τηματα
762 4449 915 4526 [295]
981 4453 1070 4506 καὶ
1126 4452 1354 4525 μηδενὸς
1412 4452 1730 4525 βιαζομένου
1759 4494 1774 4519 ,
1831 4457 2067 4527 συνεχῶς

489 4534 716 4603 ἔστρεφε
770 4534 863 4588 καὶ
903 4535 1277 4607 ἐξεπόμπευε,
1308 4535 1402 4589 νῦν
1438 4538 1536 4605 μὲν
1574 4536 1780 4606 λέγων,
1814 4540 2066 4607 Χριστὸς

500 4617 741 4683 Ἰησοῦς
779 4616 968 4685 ἦλθεν
998 4621 1085 4685 εἱς
1113 4619 1222 4672 τὸν
1266 4623 1498 4689 κόσμον
1541 4620 1926 4690 ἁμαρτωλοὺς
1952 4616 2067 4677 σῶ-

488 4715 627 4761 σαι,
661 4694 750 4753 ὧν
799 4700 1031 4768 πρῶτός
1075 4705 1192 4772 εἰμι
1245 4702 1359 4771 ἐγὼ
1379 4720 1392 4733 ·
1429 4704 1525 4757 νῦν
1555 4706 1613 4758 δέ
1644 4704 1819 4773 λέγων
1841 4748 1855 4772 ,
1885 4705 2070 4775 Χάριν

489 4779 608 4848 ἔχω
636 4780 719 4845 τῷ
762 4781 1256 4851 ἐνδυναμώσαντί
1281 4802 1358 4855 με
1398 4785 1667 4854 Χριστῷ,
1723 4787 1813 4840 ὅτι
1850 4790 2069 4842 πιστόν

488 4878 562 4928 με
600 4861 892 4931 ἡγήσατο,
928 4864 1175 4932 θέμενος
1198 4869 1287 4933 είς
1316 4867 1627 4923 διακονίαν
1649 4870 1757 4924 τὸν
1779 4873 2060 4938 πρότερον

491 4944 1018 5015 ἕνταβλάσφημον
1047 4948 1147 5003 καί
1179 4947 1432 5017 διώκτην
1458 4950 1558 5004 καί
1585 4951 1895 5019 ὑϐριστήν·
1928 4954 2065 5008 ἀλλ’

488 5025 779 5093 ἠλεήθην,
813 5027 902 5081 ὅτι
938 5029 1174 5098 ἀγνοῶν
1218 5031 1478 5100 ἐποίησα
1526 5032 1597 5087 ἐν
1641 5033 1928 5103 ἀπιστίᾳ·
1974 5033 2067 5088 καὶ

491 5109 683 5172 πάλιν,
722 5110 1027 5177 Ἐσχατον
1065 5112 1134 5166 δὲ
1173 5113 1416 5170 πάντων
1442 5116 1699 5184 ὠσπερεί
1738 5115 1819 5183 τῷ
1850 5116 2065 5185 ἐκτρώ-

486 5209 624 5263 ματι
649 5192 818 5262 ὤφθη
848 5193 1026 5262 κάμοί
1050 5210 1063 5223 ·
1098 5195 1213 5266 ἐγὼ
1236 5196 1348 5266 γάρ
1376 5200 1491 5268 εἰμι
1522 5202 1555 5254 ό
1598 5198 1922 5270 ἐλάχιστος
1948 5200 2067 5255 τῶν

487 5276 870 5341 ἀποστόλων,
921 5276 989 5344 ὃς
1033 5280 1143 5334 οὐκ
1183 5280 1299 5349 εἰμὶ
1333 5280 1540 5346 ἱκανὸς
1575 5282 1889 5337 καλεῖσθαι
1920 5283 2067 5338 ἁπό-

486 5363 740 5425 στολος,
774 5358 863 5414 ὅτι
913 5360 1131 5426 ἐδίωξα
1169 5363 1284 5430 τὴν
1327 5363 1696 5431 Ἐκκλησίαν
1738 5365 1843 5419 τοῦ
1878 5366 2025 5420 Θεοῦ
2048 5383 2064 5399 ·

487 5441 581 5493 καὶ
612 5440 795 5505 πάλιν,
838 5442 1002 5512 Ἐμοί
1036 5443 1119 5509 τῷ
1149 5444 1589 5514 ἐλαχιστοτέρῳ
1620 5444 1862 5500 πάντων
1885 5449 2068 5517 ἁγίων

486 5522 663 5589 ἐδόθη
697 5524 736 5590 ή
764 5525 936 5592 χάρις
963 5527 1135 5593 αὕτη.
1180 5527 1343 5597 Ὁρᾷς
1376 5527 1495 5591 πῶς
1527 5528 1589 5580 οὐ
1618 5527 1726 5581 τῶν
1755 5529 2066 5586 ἁπεστέιαεν

491 5604 670 5670 μόνον,
694 5605 830 5657 ἀλλὰ
862 5608 955 5660 καὶ
985 5608 1170 5672 ἁπλῶς
1193 5609 1303 5665 τῶν
1333 5609 1539 5664 πιστῶν
1564 5611 1819 5665 ἁπάντων
1840 5610 2065 5684 ἐσχοπςν

489 5684 678 5738 ἐαυτὸν
704 5686 883 5750 καλεῖ,
917 5688 1077 5757 Ἐμοί
1106 5690 1186 5755 τῷ
1213 5692 1681 5762 ἐλαχιστοτέρῳ,
1706 5693 1896 5759 εἰπὼν,
1923 5695 2065 5750 πάν-

493 5778 607 5823 των
641 5767 759 5822 τῶν
785 5770 968 5843 ἁγίων
1009 5772 1189 5841 ἐδόθη
1218 5775 1256 5842 ή
1299 5774 1469 5846 χάρις
1504 5778 1653 5847 αὕτη
1672 5793 1691 5843 ;
1725 5777 1912 5844 Οῦτως
1937 5781 2059 5837 οὐδὲ

1152 404 1208 461 s.
1246 404 1529 460 JOANNIS
1568 403 2063 461 cnnvsosrom
2107 406 2430 463 ARCHIEP.
2474 382 3025 465 co‘ssummov.

2146 511 2246 580 τῆς
2275 510 2577 583 σωτηρίας,
2606 511 2675 565 δι’
2706 505 2778 583 ἦς
2812 509 2991 582 ἐσώθη
3017 550 3033 576 ,
3059 508 3210 577 άξιος
3241 503 3379 564 εἴναί
3408 528 3579 580 φησιν
3604 531 3613 542 ι
3648 515 3726 566 εἰ·

3619 391 3724 445 305

2150 592 2268 645 πὼν
2309 594 2416 666 γὰρ
2455 595 2537 648 ὅτι
2565 595 2821 663 Χριστός
2868 594 3101 662 Ἰησοῦς
3143 590 3331 662 ἦλθεν
3358 596 3448 661 εις
3475 596 3585 649 τὸν
3628 599 3729 649 κό-

2149 691 2311 744 σμον
2335 677 2720 748 ἁμαρτωλοὺς
2744 675 2940 733 σῶσαι
2959 715 2974 739 ,
3002 669 3091 730 ὧν
3120 675 3353 744 πρῶτός
3409 678 3526 746 εἰμι
3565 678 3684 748 ἐγώ
3707 691 3725 707 ·

2152 758 2381 812 ἄκουσον
2429 761 2526 813 καὶ
2573 760 2663 814 διὰ
2693 759 2855 814 ποίαν
2903 759 3081 812 αἰτίαν
3116 758 3275 812 τοῦτο
3310 760 3488 827 λέγει·
3550 761 3732 815 Ἀλλὰ

2150 840 2248 894 διὰ
2268 842 2442 896 τοῦτο
2463 844 2750 911 ἠλεήθην,
2773 844 2872 897 ἵνα
2889 842 2959 895 ἐν
2983 842 3111 912 ἐμοὶ
3139 843 3375 911 πρῶτον
3394 845 3733 914 ἐνδείξηται

2166 923 2394 990 Ἰησοῦς
2425 925 2680 993 Χριστὸς
2712 924 2828 993 τὴν
2878 924 3088 979 πᾶσαν
3134 929 3551 995 μακροθυμίαν
3580 928 3734 996 πρὸς

2153 1004 2545 1060 ὑποτύπωσιν
2579 1006 2700 1061 τῶν
2720 1010 3074 1077 μελλόντων
3099 1012 3411 1064 πιστεύειν
3441 1012 3533 1063 ἐπ’
3571 1010 3736 1077 αὐτῷ

2152 1091 2241 1153 εἰς
2271 1087 2424 1156 ζωὴν
2445 1089 2703 1145 αἰώνιον.
2750 1092 2815 1144 '0
2836 1090 2892 1144 δέ
2920 1091 3069 1159 λέγει
3096 1131 3111 1156 ,
3142 1090 3298 1145 τοῦτὸ
3325 1094 3474 1146 ἐστιν
3497 1111 3511 1125 ·
3535 1096 3612 1148 υύ
3643 1095 3737 1148 διά

2152 1173 2252 1245 τὴν
2285 1172 2442 1237 ἀξίαν
2471 1174 2757 1244 μετάθεσιν
2776 1174 2870 1229 τοῦ
2904 1174 3019 1245 βίου
3043 1175 3299 1246 ἠλεήθην,
3335 1176 3409 1247 μὴ
3448 1176 3609 1231 τοῦτο
3646 1194 3738 1230 νου

2159 1257 2323 1329 μίσῃς
2346 1272 2360 1287 ·
2384 1257 2498 1310 ἀλλ’
2523 1258 2609 1311 ἴνα
2648 1258 2835 1327 μηδεὶς
2871 1256 3093 1327 ἀπογνῷ
3121 1259 3229 1311 τῶν
3256 1260 3315 1312 ἐν
3342 1260 3512 1330 κακίᾳ
3538 1258 3738 1329 βεὸιω-

2154 1339 2356 1405 κότων,
2410 1339 2545 1410 μηδέ
2588 1338 2698 1394 τῶν
2751 1341 2831 1412 τῷ
2878 1342 3094 1412 Χριστῷ
3140 1341 3596 1413 πολεμησάντων,
3640 1341 3738 1397 τδν

2155 1422 2372 1476 πάντων
2401 1422 2649 1493 ἔσχατον,
2678 1424 2773 1476 καὶ
2806 1422 2926 1495 μεθ’
2959 1424 3020 1476 δν
3047 1423 3223 1486 οὐδεὶς
3246 1420 3314 1494 ἦν
3360 1424 3547 1496 ἕτερος
3591 1425 3738 1480 οὕτω

2157 1506 2413 1575 πολέμιος
2433 1506 2512 1577 τῷ
2537 1507 2758 1578 Χριστῷ
2780 1546 2794 1571 ,
2820 1507 3055 1561 σωθέντα
3091 1507 3255 1578 δρῶν.
3286 1509 3396 1561 Kal
3418 1511 3448 1563 ὁ
3476 1511 3578 1579 μὲν
3597 1509 3737 1579 Χρι-

2159 1588 2284 1651 στός
2333 1605 2497 1658 φησιν
2519 1628 2534 1652 ,
2568 1591 2689 1643 Ὀτι
2733 1589 2957 1657 σκεῦος
3010 1590 3269 1660 ἐκλογῆς
3296 1593 3403 1659 μοί
3448 1593 3580 1647 ἐστι
3623 1593 3738 1647 τοῦ

2152 1670 2464 1734 βαστάσαι
2502 1670 2568 1723 τὸ
2599 1671 2789 1740 ὄνομά
2825 1690 2946 1742 μου
2977 1674 3232 1727 ἐνώπιον
3268 1673 3459 1728 ἐθνῶν
3491 1676 3590 1728 καί
3611 1677 3737 1740 βα-

2159 1752 2414 1807 σιλέων·
2440 1749 2594 1818 οὗτος
2622 1754 2677 1807 δὲ
2703 1755 2856 1808 οὐδὲν
2893 1756 3000 1808 ὑπὸ
3040 1756 3148 1809 τῶν
3179 1758 3469 1825 ἐγκωμίων
3506 1760 3737 1813 ἐκείνων

2160 1836 2459 1906 φυσηθεὶς,
2511 1837 2661 1907 μένει
2688 1837 2986 1902 ταλανίζων
3030 1837 3225 1892 ἐαυτὸν
3276 1838 3415 1909 μετὰ
3466 1842 3739 1914 τοσαύτην

2161 1919 2474 1989 παρρησίαν
2497 1958 2511 1982 ,
2557 1919 2773 1988 πρῶτον
2814 1919 2922 1972 τῶν
2954 1921 3293 1991 ἁμαρτωλῶν
3313 1922 3503 1975 ἐαυτὸν
3529 1924 3738 1987 καλῶν,

2160 2003 2255 2055 καὶ
2286 2001 2372 2053 διὰ
2400 2001 2558 2054 τοῦτο
2589 2000 2848 2072 ἠλεῆσθαι
2878 2002 3051 2072 λέγων
3075 2043 3090 2065 ,
3119 2004 3208 2057 ἵνα
3249 2005 3437 2075 μηδεὶς
3463 2005 3572 2059 τῶν
3598 2006 3741 2077 πρὸς

2161 2086 2394 2157 ἐσχάτην
2421 2085 2763 2155 ἐληλακὸτων
2795 2086 2991 2141 κακίαν
3019 2088 3241 2160 άπογνῷ
3269 2090 3366 2159 τῆς
3397 2089 3602 2153 οἰκείας
3630 2107 3739 2143 σω-

2160 2166 2389 2238 τηρίας,
2443 2169 2581 2238 πρὸς
2616 2169 2778 2222 αὐτὸν
2834 2170 2928 2222 καὶ
2957 2169 3056 2241 τὴν
3095 2172 3175 2234 είς
3229 2171 3394 2225 αὑτὸν
3436 2173 3742 2243 γενομένην

2163 2250 2571 2323 φιλανθρωπίαν
2599 2251 2832 2322 βλέπων.

2235 2341 2299 2398 ς’.
2325 2335 2369 2387 Τ
2374 2334 2409 2387 ὰ
2430 2333 2531 2405 μέν
2562 2330 2656 2388 οῦν
2690 2336 3060 2407 ἁμαρτήματα
3080 2375 3095 2402 ,
3132 2336 3226 2391 καὶ
3273 2336 3543 2408 μηδεμιᾶς
3573 2336 3746 2407 οὔσης

2162 2417 2410 2487 ἀνάγκης
2429 2458 2443 2482 ,
2483 2418 2822 2488 ἐκπομπεύει
2853 2418 2979 2472 καθ’
3011 2419 3250 2489 ἑκάστην
3281 2420 3500 2491 ἡμέραν
3531 2422 3593 2474 ἐν
3618 2423 3747 2485 ταῖς

2163 2499 2473 2564 ἐπιστολαῖς
2490 2499 2658 2554 αὑτοῦ
2682 2501 2904 2566 πάσαις,
2939 2500 3269 2573 στηλιτεύων
3295 2504 3390 2556 καὶ
3409 2503 3546 2573 δῆλα
3570 2504 3746 2557 ποιῶν

2162 2583 2284 2653 οὐχὶ
2315 2585 2429 2646 τοῖς
2455 2582 2578 2636 τότε
2620 2583 2784 2654 μόνον
2809 2584 3139 2655 ἀνθρώποις,
3171 2584 3306 2638 ἀλλὰ
3331 2586 3425 2638 καὶ
3455 2589 3568 2648 τοῖς
3603 2586 3748 2656 μετὰ

2163 2664 2336 2719 ταῦτα
2364 2665 2643 2735 ἐσομένοις
2668 2668 2825 2720 πᾶσι·
2852 2667 2919 2719 τὰ
2960 2667 3018 2719 δέ
3047 2665 3327 2738 ἐγκώμια,
3367 2671 3461 2721 καὶ
3493 2668 3747 2739 ανάγκην

2164 2744 2328 2802 οὖσαν
2361 2747 2524 2819 ὁρῶν,
2556 2748 2706 2821 ὅμως
2730 2750 2880 2802 ὀκνεῖ
2916 2750 3011 2802 καὶ
3037 2749 3325 2805 ἀναδύεται
3354 2749 3744 2820 διηγήσασθαι.

2166 2832 2276 2884 Kal
2311 2831 2468 2886 τοῦτο
2492 2831 2648 2902 δῆλον
2687 2833 2783 2903 μὲν
2819 2831 2877 2899 ἐξ
2915 2825 2991 2886 ὧν
3044 2833 3300 2904 μυριάκις
3331 2833 3644 2903 ἀφροσύνην
3680 2833 3751 2886 τὸ

2167 2917 2399 2986 πρᾶγμα
2432 2916 2679 2983 ἐκάλεσε,
2714 2916 2872 2986 δῆλον
2903 2917 2961 2969 δέ
2995 2916 3090 2970 καὶ
3118 2916 3227 2969 άπὸ
3258 2914 3352 2968 τοῦ
3381 2918 3572 2986 χρόνου
3603 2934 3750 2970 παν-

2165 3000 2277 3063 τὸς,
2306 3001 2365 3053 ὃν
2389 3000 2609 3071 ἐσίγησε
2631 2999 2728 3071 τὴν
2754 2999 3072 3071 θαυμαστὴν
3101 3000 3194 3053 καὶ
3218 2999 3368 3053 θείαν
3400 3000 3751 3069 ἀποκάλυψιν

2167 3084 2385 3154 ἐκείνην
2403 3100 2419 3115 ·
2452 3085 2515 3137 οὺ
2540 3083 2650 3155 γὰρ
2679 3082 2744 3155 δὴ
2771 3084 2915 3147 τότε,
2945 3083 3066 3136 οὐδὲ
3085 3082 3192 3153 πρὸ
3212 3082 3306 3136 δύο
3336 3082 3431 3135 καὶ
3456 3081 3622 3153 τριῶν
3651 3086 3752 3137 καὶ

2167 3166 2299 3220 δέκα
2326 3164 2486 3232 ἐτῶν,
2516 3166 2652 3219 ἀλλὰ
2680 3164 2861 3236 πολλῷ
2890 3165 3149 3219 πλειόνων
3173 3161 3243 3237 ἦν
3267 3166 3439 3237 αὐτὴν
3458 3164 3747 3237 ἑωρακώς.

2168 3249 2267 3302 Διὰ
2290 3247 2449 3302 τοῦτο
2479 3249 2573 3302 καὶ
2603 3248 2695 3303 τὸν
2726 3248 2917 3320 χρόνον
2947 3249 3108 3302 αὐτὸν
3139 3249 3350 3319 τίθησιν
3381 3249 3522 3302 οὕτω
3545 3248 3747 3317 λέγων·

2173 3332 2316 3385 Οἶδα
2352 3330 2665 3399 ἄνθρωπον
2711 3330 2824 3398 πρὸ
2869 3330 3021 3384 ἐτῶν
3059 3331 3517 3400 δεκατεσσάρων
3549 3333 3751 3400 ἀρετα-

2168 3413 2346 3483 γέντα
2373 3414 2483 3480 ἕως
2508 3415 2706 3483 τρίτου
2741 3415 3003 3483 οὐρανοῦ
3024 3430 3038 3444 ·
3074 3415 3160 3468 ῐνα
3197 3414 3262 3467 σὺ
3306 3414 3503 3487 μάθῃς,
3534 3414 3617 3466 ὅτι
3646 3416 3754 3468 οὐκ

2167 3498 2233 3552 ἂν
2263 3498 2384 3550 οὐδὲ
2407 3498 2528 3551 τότε
2557 3496 2860 3565 ἐφθέγξατο
2877 3538 2892 3563 ,
2920 3500 2971 3550 εἰ
3000 3497 3075 3570 μὴ
3101 3497 3301 3569 πολλὴν
3328 3493 3467 3551 εἶδεν
3496 3497 3752 3568 ἀνάγκην

2170 3581 2547 3650 ἐπικειμένην.
2594 3581 2658 3636 Εἰ
2701 3580 2811 3650 γὰρ
2841 3580 3105 3652 ⁶ἐϐούλετο
3140 3581 3265 3643 τοὺς
3309 3579 3542 3643 οἰκείους
3588 3582 3754 3633 ἐπαί-

2169 3679 2293 3726 νους
2321 3663 2601 3730 διεξιέναι,
2637 3662 2842 3727 εὐθέως
2875 3662 2941 3718 ἂν
2979 3664 3147 3735 αὐτὴν
3177 3659 3351 3728 εἶπεν,
3384 3665 3473 3717 ὅτε
3514 3658 3678 3726 εἶδεν,
3715 3663 3752 3733 ἦ

2168 3744 2246 3815 τῷ
2280 3743 2481 3815 πρώτῳ
2510 3746 2605 3799 καὶ
2640 3745 2879 3817 δευτέρῳ
2908 3747 3003 3800 καὶ
3037 3747 3208 3817 τρίτῳ
3236 3746 3378 3801 ἔτει·
3414 3746 3530 3798 νυνί
3561 3745 3620 3798 δὲ
3650 3745 3753 3816 ἐτη

2168 3826 2543 3898 δεκατέσσαρα
2558 3828 2894 3901 ἐκαρτέρησε
2918 3830 3013 3883 καὶ
3033 3829 3255 3900 ἐσίγησε
3280 3830 3376 3882 καὶ
3396 3829 3529 3900 πρὸς
3553 3828 3755 3884 οὐδένα.

2173 3912 2405 3977 ἐξεῖπεν,
2427 3910 2562 3965 ἀλλὰ
2586 3912 2720 3982 πρὸς
2739 3911 3062 3982 Κορινθίους
3086 3911 3264 3983 μόνον.
3284 3913 3395 3966 Kal
3422 3910 3581 3974 πότε;
3612 3911 3755 3964 Ὅτε

2170 3997 2297 4060 τοὺς
2331 3995 2797 4063 ψευδαποστόλους
2829 3991 2970 4048 εἶδεν
3017 3994 3365 4063 ἐπιφυέντας,
3406 3994 3623 4057 δεικνὺς
3667 3994 3753 4046 ὅτι

2169 4080 2275 4133 οὐδ’
2315 4079 2380 4135 ἂν
2415 4079 2565 4152 [296]
2603 4080 2725 4133 τότε
2756 4078 3072 4148 ἐφθέγξατο,
3111 4080 3161 4131 εἰ
3197 4080 3272 4151 μὴ
3301 4078 3567 4148 τοσαύτην
3598 4078 3753 4149 ἐώρα

2174 4163 2473 4233 διαφθοράν
2525 4167 2583 4215 ἐν
2629 4165 2740 4225 τοῖς
2774 4162 3045 4232 μαθηταῖς
3084 4162 3403 4232 γενομένην.
3464 4160 3604 4213 Ἀλλ’
3649 4164 3753 4230 οὐχ

2173 4248 2335 4318 ἡμεῖς
2364 4246 2535 4310 οὕτως
2555 4288 2571 4312 ,
2615 4244 2752 4298 ἀλλὰ
2782 4245 3091 4299 τούναντίον
3137 4244 3280 4298 ἅπαν
3313 4242 3591 4314 ποιοῦμεν·
3640 4244 3753 4298 τῶν

2177 4330 2275 4399 μὲν
2317 4328 2727 4400 ἁμαρτημάτων
2777 4328 2898 4381 οὐδὲ
2950 4328 3078 4397 μίαν
3130 4325 3458 4398 μεμνήμεθα
3509 4325 3750 4397 ἡμέραν,

2174 4407 2308 4461 ἀλλὰ
2332 4408 2432 4461 κᾶν
2454 4407 2656 4479 ἐτέρων
2681 4406 3026 4478 μνησθέντων
3051 4405 3391 4476 ἀκούσωμεν,
3414 4404 3755 4473 ἀγανακτοῦ-

2178 4509 2298 4562 μεν,
2337 4491 2780 4562 δυσχεραίνομεν,
2823 4490 2982 4562 ῦὸριν
3013 4491 3075 4543 τὺ
3118 4490 3350 4561 πρᾶγμα
3396 4486 3749 4556 λογιζόμεθα,

2177 4577 2398 4647 μυρίαις
2421 4575 2617 4638 αὐτοὺς
2644 4573 2915 4646 πλύνομεν
2938 4574 3230 4645 λοιδορίαις
3252 4589 3267 4603 ·
3302 4575 3352 4626 εἰ
3387 4572 3444 4625 δέ
3466 4588 3519 4623 τι
3552 4572 3755 4643 μικρόν

2172 4656 2539 4729 ἐργασώμεθα
2561 4670 2584 4699 η
2605 4656 2830 4725 ἀγαθὸν,
2860 4656 3020 4711 τοῦτο
3042 4655 3276 4727 συνεχῶς
3300 4654 3626 4726 στρέφομεν,
3656 4654 3754 4708 καὶ

2173 4743 2284 4804 τοῖς
2316 4739 2687 4811 μεμνημένοις
2716 4740 2846 4793 αὐτὸ
2874 4740 3033 4812 χάριν
3054 4740 3234 4810 ῐσμεν,
3268 4737 3363 4792 καὶ
3406 4736 3590 4805 φίλους
3620 4737 3752 4797 τοὺς

2174 4823 2443 4886 τοιούτους
2474 4818 2614 4878 εἶναι
2645 4823 2959 4894 νομίζομεν·
3010 4820 3188 4876 καίτοι
3234 4836 3299 4889 γε
3340 4821 3371 4873 ὀ
3412 4816 3647 4890 Χριστὸς
3690 4817 3755 4870 τὸ

2172 4914 2412 4970 ἐναντίον
2440 4914 2668 4980 ἐπέταξε
2687 4955 2701 4978 ,
2745 4914 3187 4987 κατορθωμάτων
3228 4912 3328 4983 μέν
3356 4908 3709 4980 ἐπιλελῆσθαι
3732 4950 3751 4973 ν

2174 4998 2588 5071 ἁμαρτημάτων
2632 4999 2689 5052 δὲ
2725 4998 3057 5069 μεμνῆσθαι.
3096 4996 3206 5049 Kal
3247 4993 3406 5048 τοῦτο
3447 4993 3608 5065 δῆλον
3654 4990 3754 5063 μὲν

2173 5094 2305 5163 ἡμῖν
2334 5092 2560 5164 ἐποίησε
2588 5092 2683 5145 καὶ
2729 5090 2797 5144 δι’
2828 5084 2905 5144 ὧν
2941 5092 3056 5154 τοῖς
3087 5089 3358 5160 μαθηταῖς
3388 5086 3621 5160 παρῄνει
3665 5084 3756 5137 λέ-

2173 5200 2309 5251 γων·
2342 5185 2519 5237 Ὅταν
2542 5183 2740 5237 πάντα
2769 5181 3081 5251 ποιήσητε,
3107 5179 3331 5251 λέγετε,
3368 5178 3459 5232 ὅτι
3500 5180 3558 5232 Ἀ
3564 5175 3753 5246 χρεῖοι

2172 5275 2383 5330 δοῦλοί
2412 5276 2619 5344 ἐσμεν·
2654 5275 2747 5330 καὶ
2778 5274 2867 5329 διὰ
2893 5274 2994 5344 τῆς
3026 5272 3119 5327 τοῦ
3165 5270 3457 5343 Φαρισαίου
3503 5268 3747 5340 παρασο-

2172 5368 2294 5438 λῆς,
2323 5368 2415 5421 τὸν
2442 5367 2681 5437 τελώνην
2709 5364 2876 5420 αὐτοῦ
2906 5364 3147 5436 προθείς.
3176 5363 3389 5434 Ὠσπερ
3421 5360 3529 5433 γὰρ
3560 5358 3755 5413 τοῦτον

2174 5458 2207 5524 ἡ
2238 5458 2427 5527 μνήμη
2460 5456 2567 5510 τῶν
2592 5455 3007 5528 ἁμαρτημάτων
3034 5452 3370 5518 ἐδικαίωσεν,
3406 5450 3579 5513 οὕτως
3604 5450 3752 5502 ἐκεῖ-

2174 5562 2262 5598 νον
2292 5548 2325 5617 ἡ
2354 5546 2544 5616 μνήμη
2568 5544 2678 5599 τῶν
2704 5543 3146 5616 κατορθωμάτων
3172 5540 3444 5596 ἀπώλεσε.
3477 5540 3585 5595 Kal
3621 5540 3751 5592 Ἰου-

2173 5638 2339 5698 δαίοις
2363 5638 2420 5691 δὲ
2447 5640 2476 5691 ὁ
2503 5637 2633 5701 Θεὸς
2658 5638 2727 5691 τὰ
2774 5635 2914 5691 αὐτὰ
2948 5635 3012 5707 δὴ
3049 5633 3224 5688 ταῦτα
3254 5636 3530 5707 παραινεῖ,
3576 5631 3753 5701 λέγων

2245 5789 2270 5818 ⁸
2294 5784 2441 5835 Savil.
2472 5785 2776 5849 ἐργασόμεθα.
2800 5784 2919 5846 1.03.
2946 5784 3016 5831 ἂν.
3046 5817 3058 5828 .
3087 5782 3328 5847 ἐργασώμ.
