4062 6416
346 394 447 450 505

343 508 536 571 tiones,
571 501 785 557 laudum
809 499 1372 556 commemorationem
1393 497 1479 552 vix
1500 496 1661 553 sudet
1688 495 1925 567 aggredi.

348 598 423 653 Ac
448 589 901 664 quemadmodum
930 601 1098 659 equus
1114 586 1463 659 praecipitium
1507 594 1563 641 et
1606 592 1932 655 praeruptum

348 684 612 741 transilire
631 697 845 754 parans,
870 689 1119 736 conatum
1148 679 1374 735 intendit
1395 687 1454 734 ut
1476 686 1729 744 transeat,
1755 686 1811 733 ut
1836 693 1931 733 ve-

349 792 409 832 ro
423 775 836 847 profunditatem
854 775 1107 839 intuetur,
1127 772 1456 843 obstupescit
1469 770 1928 841 contrahiturque,

357 869 481 924 hinc
502 869 594 925 ubi
621 868 765 924 violet
793 867 1028 938 equitem
1051 866 1229 922 acrius
1254 866 1470 931 instare,
1498 879 1687 920 rursus
1718 872 1886 920 tentat
1910 904 1928 928 ,

349 960 685 1030 idipsumque
722 957 865 1028 quod
895 968 1074 1025 antea,
1098 956 1314 1028 patitur,
1329 956 1699 1012 necessitatem
1722 956 1933 1026 vimque

346 1052 447 1106 sibi
475 1051 675 1105 illatam
703 1049 1016 1117 ostendens,
1039 1057 1144 1104 stat
1159 1048 1246 1103 diu
1264 1047 1517 1103 hinniens
1537 1047 1602 1102 ad
1623 1062 1772 1102 oram
1790 1062 1930 1116 pra:-

345 1142 508 1212 rupti,
530 1150 588 1211 ut
611 1141 710 1196 sibi
739 1141 949 1196 animos
974 1140 1172 1196 faciens
1209 1140 1424 1195 demum
1444 1179 1460 1206 ,
1520 1138 1785 1194 transilire
1830 1153 1932 1193 au-

346 1233 510 1289 deat:
545 1233 625 1287 sic
650 1240 705 1287 et
728 1231 917 1287 beatus
943 1231 1160 1296 Paulus,
1184 1238 1451 1300 tamquam
1489 1229 1542 1283 in
1583 1229 1931 1299 praecipitium

342 1322 613 1393 quoddam
639 1337 762 1378 sese
781 1337 905 1377 mox
929 1321 1282 1387 demissurus,
1301 1335 1493 1391 nempe
1518 1321 1573 1375 in
1599 1320 1931 1391 propriarum

345 1413 559 1468 laudum
580 1412 1165 1478 commemorationem,
1211 1411 1401 1478 semel,
1432 1411 1624 1467 iterum
1655 1420 1709 1466 et
1735 1410 1891 1466 tertio
1912 1448 1926 1474 ,

344 1505 454 1560 imo
479 1504 680 1575 pluries
702 1503 989 1559 retrocedit
1012 1503 1091 1559 sic
1111 1503 1317 1568 dicens,
1348 1501 1557 1558 Utinam
1593 1500 1932 1557 sustinueritis

346 1595 603 1650 modicum
631 1595 754 1667 quid
787 1594 1092 1665 insipientia:
1118 1609 1279 1649 ntere:
1305 1601 1359 1649 et
1386 1594 1598 1659 iterum,
1625 1591 1708 1647 Ne
1724 1592 1837 1663 quis
1855 1607 1935 1646 nte

346 1699 483 1759 putet
509 1689 828 1759 insipientem
848 1704 953 1744 esse
974 1704 993 1743 :
1017 1689 1243 1759 alioquin
1269 1688 1403 1743 velut
1440 1688 1760 1758 insipientem
1786 1686 1930 1740 acci-

345 1782 451 1851 pite
473 1798 592 1845 me;
618 1790 692 1847 et,
722 1780 872 1847 Quod
900 1781 1097 1851 loquor,
1139 1797 1239 1834 non
1259 1781 1438 1851 loquor
1453 1780 1729 1836 secundum
1755 1779 1934 1834 Domi-

346 1889 488 1939 num,
512 1873 603 1926 sed
630 1872 778 1943 quasi
804 1873 858 1926 in
887 1872 1197 1943 insipientia,
1228 1872 1281 1926 in
1309 1873 1404 1925 hac
1422 1873 1704 1927 substantia
1717 1871 1895 1944 gloria:
1911 1887 1932 1937 ;

344 1979 410 2019 ac
437 1980 669 2031 rursum,
706 1963 961 2031 Quoniam
990 1966 1136 2019 multi
1174 1965 1460 2036 gloriantur
1486 1965 1763 2019 secundum
1812 1980 1930 2018 car-

347 2071 485 2121 nem,
507 2064 556 2107 et
579 2070 671 2125 ego
681 2054 972 2126 gloriabor;
998 2054 1206 2109 libenter
1226 2055 1356 2109 enim
1372 2054 1594 2122 su/fertis
1618 2055 1930 2125 insipientes,

344 2160 461 2197 cum
485 2144 594 2198 sitis
620 2145 718 2210 ipsi
739 2147 1023 2215 sapientes;
1052 2146 1372 2216 iterumque,
1401 2144 1468 2199 In
1496 2161 1596 2216 quo
1623 2146 1735 2216 quis
1759 2144 1930 2213 audet,

343 2237 401 2289 in
427 2237 719 2307 insipientia
745 2237 880 2303 dico,
911 2238 1074 2292 audeo
1102 2247 1148 2291 et
1180 2255 1289 2309 ego.
1342 2240 1422 2294 Ac
1476 2247 1756 2308 postquam
1807 2252 1932 2292 sex-

347 2329 555 2383 centies
578 2344 638 2384 se
662 2329 882 2385 stultum
914 2339 970 2384 et
999 2330 1334 2398 insipientem
1366 2330 1676 2400 appellavit,
1703 2329 1788 2383 vix
1815 2336 1932 2382 tan-

345 2420 469 2475 dem
521 2420 684 2476 audet
722 2422 775 2475 in
820 2421 1065 2490 proprias
1106 2420 1293 2476 laudes
1337 2421 1701 2476 descendere:
1733 2418 1935 2473 IIebrcei

345 2518 484 2576 sunt,
524 2518 569 2563 et
615 2526 707 2581 ego
729 2528 748 2564 ε
773 2508 1027 2565 Israelin
1052 2518 1187 2576 sunt,
1243 2519 1289 2564 et
1338 2526 1473 2582 ego:
1501 2526 1668 2565 semen
1718 2509 1937 2563 Abi-alue

348 2609 490 2665 sunt,
518 2610 566 2654 et
591 2616 682 2671 ego
704 2615 723 2654 :
753 2600 972 2654 ministri
1014 2598 1203 2655 Christi
1241 2613 1380 2667 sunt,
1411 2607 1460 2654 et
1509 2615 1600 2671 ego
1630 2596 1744 2668 (Ib.
1764 2614 1812 2652 υ.
1840 2597 1932 2651 22.

345 2689 462 2762 R3).
491 2691 566 2744 At
594 2705 766 2760 neque
810 2689 896 2744 hic
921 2690 1117 2745 oblitus
1149 2698 1232 2745 est
1253 2690 1358 2757 sui,
1384 2689 1477 2745 sed
1501 2705 1711 2745 rursum
1756 2703 1936 2743 corre-

344 2784 581 2840 ctionem
614 2783 853 2853 apponit,
884 2785 963 2839 sic
985 2784 1208 2851 addens,
1241 2782 1307 2838 Ut
1332 2784 1499 2837 minus
1538 2782 1739 2854 sapiens
1782 2780 1894 2834 dico
1916 2804 1939 2846 ί

348 2875 467 2944 plus
490 2890 582 2944 ego
608 2871 820 2944 (lbid.).
857 2872 1041 2944 Neque
1062 2873 1148 2928 hic
1171 2872 1392 2944 gradum
1422 2873 1601 2939 sistit,
1648 2870 1746 2926 sed
1786 2877 1935 2940 post-

344 2977 507 3032 quam
551 2976 739 3017 omnes
779 2961 962 3017 laudes
1001 2977 1126 3018 suas
1169 2970 1527 3028 enarraverat,
1556 2960 1635 3017 sie
1663 2960 1932 3030 loquitur:

356 3052 552 3108 Factus
600 3070 715 3109 sum
757 3054 1001 3123 insipiens
1027 3052 1291 3124 gloriando
1315 3092 1331 3118 ,
1362 3068 1450 3106 vos
1475 3068 1552 3107 me
1575 3051 1805 3122 coegistis
1845 3049 1935 3123 (2.

347 3142 472 3198 Cor.
502 3142 588 3199 12.
624 3143 732 3213 11).
765 3144 844 3199 Ac
871 3143 916 3198 si
937 3143 1138 3200 diceret
1167 3161 1181 3198 :
1213 3143 1322 3198 Eos
1348 3157 1452 3214 ego
1480 3143 1631 3198 nihili
1651 3142 1935 3209 ducebam,

348 3235 397 3289 si
427 3249 515 3290 res
541 3242 733 3290 vestra:
753 3235 891 3290 bene
916 3248 975 3289 se
999 3233 1279 3303 haberent,
1312 3235 1414 3289 nisi
1443 3235 1617 3291 eversi
1659 3234 1894 3290 fuissetis
1918 3274 1935 3301 ,

348 3325 455 3380 nisi
478 3325 844 3380 vacillassetis.
873 3324 1006 3379 Nam
1036 3325 1135 3380 etsi
1166 3340 1380 3396 semper
1400 3325 1480 3380 illi
1523 3340 1609 3380 me
1637 3324 1940 3380 maledictis

350 3417 731 3486 impetiissent,
764 3415 896 3471 nihil
925 3432 995 3471 ex
1043 3431 1230 3471 eorum
1266 3416 1564 3472 maledictis
1607 3415 1736 3471 mihi
1774 3414 1941 3470 detri-

349 3506 519 3561 menti
540 3505 846 3562 accedebat.
877 3505 1009 3575 Quia
1036 3521 1167 3560 vero
1216 3521 1431 3577 gregem
1457 3506 1563 3561 vidi
1582 3505 1937 3576 pessumdari,

346 3598 643 3669 discipulos
670 3599 989 3667 resilientes,
1017 3615 1131 3654 rem
1161 3615 1379 3669 gravem
1420 3607 1476 3656 et
1500 3614 1783 3654 onerosam
1814 3598 1941 3654 des.

352 3689 500 3759 pexi,
532 3698 587 3747 et
605 3689 866 3759 insipiens
884 3689 995 3746 ﬁeri
1024 3699 1239 3745 coactus
1258 3705 1399 3758 sum,
1429 3690 1555 3747 dum
1582 3690 1768 3746 laudes
1794 3704 1941 3746 meas

350 3790 574 3851 propter
603 3797 698 3836 vos
723 3790 1057 3852 vestramque
1082 3782 1308 3837 salutem
1336 3782 1583 3838 decanto.

427 3874 484 3929 5.
525 3872 711 3929 Sancti
730 3883 934 3945 peccata
958 3891 1051 3928 sua
1077 3874 1246 3944 facile,
1275 3876 1449 3929 laudes
1476 3890 1589 3929 vero
1605 3890 1722 3929 suas
1742 3874 1945 3929 nonnisi

350 3967 520 4018 coacti
566 3964 850 4017 enuntiant.
880 3993 951 4004 —
969 3963 1068 4019 Hie
1095 3964 1238 4019 enim
1267 3980 1383 4019 mos
1411 3974 1713 4021 sanctorum
1741 3975 1825 4020 est
1852 3984 1867 4020 :
1895 3966 1945 4021 si

352 4052 486 4121 quid
509 4052 634 4108 mali
661 4052 902 4119 fecerint,
936 4053 1064 4108 illud
1084 4055 1357 4125 evulgant,
1381 4055 1618 4126 quotidie
1636 4054 1941 4126 deplorant,

352 4145 713 4216 omnibusque
740 4146 912 4215 palam
940 4146 1183 4212 faciunt;
1242 4147 1287 4201 si
1314 4162 1445 4203 vero
1491 4147 1617 4218 quid
1662 4147 1837 4219 magni
1881 4162 1945 4204 ac

353 4237 625 4304 generosi,
657 4236 928 4293 occultant
973 4246 1026 4292 et
1082 4237 1333 4294 oblivioni
1360 4238 1592 4294 tradunt.
1643 4239 1740 4295 llic
1768 4240 1946 4310 itaque

357 4336 579 4383 sanctus
603 4336 842 4400 peccata,
865 4328 1078 4384 nemine
1102 4338 1349 4400 cogente,
1380 4329 1683 4400 frequenter
1703 4330 1947 4386 versabat

358 4428 417 4473 et
444 4420 743 4490 evulgabat,
796 4421 957 4477 modo
999 4421 1203 4489 dicens,
1246 4423 1478 4479 Christus
1522 4423 1675 4478 Jesus
1709 4425 1840 4478 venit
1893 4425 1947 4479 in

357 4512 630 4578 mundum,
658 4522 712 4566 ut
733 4523 1016 4583 peccatores
1036 4514 1288 4579 salvaret,
1340 4531 1553 4585 quorum
1602 4517 1794 4586 primus
1836 4532 1949 4571 sunt

358 4618 456 4674 ego
489 4603 565 4672 (1.
597 4596 732 4657 Tim.
758 4604 810 4658 1.
842 4603 965 4675 15);
996 4604 1156 4660 modo
1179 4613 1376 4670 autem,
1410 4604 1617 4659 Gratias
1639 4621 1735 4676 ago
1764 4605 1830 4670 ei,
1861 4607 1948 4676 qui

360 4710 446 4748 me
469 4695 793 4766 confortavit,
817 4695 1042 4762 Christo,
1073 4696 1192 4766 quia
1241 4695 1440 4764 ﬁdelem
1480 4712 1559 4750 me
1603 4696 1903 4751 existimauit
1929 4736 1945 4762 ,

360 4800 559 4854 ponens
587 4785 640 4838 in
670 4786 967 4853 ministerio,
998 4786 1086 4857 qui
1122 4788 1313 4858 primus
1363 4786 1686 4854 blasphemus
1731 4787 1847 4858 fui,
1903 4796 1949 4841 et

363 4884 696 4946 persequutor
720 4886 768 4932 et
793 4864 1179 4934 cbntumeliosus
1209 4895 1227 4933 :
1252 4880 1341 4935 sed
1374 4879 1775 4935 misericordiam
1823 4896 1947 4934 con-

361 4976 604 5035 sequutus
628 4984 760 5036 sum,
777 4970 895 5039 quia
913 4969 1154 5040 ignorans
1186 4971 1281 5042 feci
1296 4971 1349 5024 in
1377 4970 1727 5025 incredulitate
1761 4968 1868 5035 (Ib.
1901 4986 1946 5024 υ.

372 5055 457 5109 12.
494 5057 618 5129 l3);
647 5072 712 5113 ac
740 5072 975 5127 rursum,
1004 5060 1292 5116 Nouissime
1330 5070 1498 5114 autem
1543 5062 1767 5115 omnium
1817 5070 1950 5115 tam-

362 5163 520 5217 quam
548 5148 773 5203 abortivo
798 5149 932 5205 visus
954 5160 1028 5206 est
1056 5160 1103 5207 et
1124 5152 1288 5206 mihi:
1318 5168 1409 5223 ego
1432 5152 1562 5206 enim
1585 5168 1695 5206 sunt
1716 5151 1951 5207 minimus

365 5238 737 5307 apostolorum,
766 5239 854 5310 qui
877 5256 978 5296 non
999 5258 1111 5296 sunt
1138 5241 1320 5313 dignus
1340 5242 1505 5297 vocari
1517 5243 1796 5312 apostolus,
1826 5258 1953 5314 quo-

365 5330 510 5383 niam
536 5338 865 5403 persequutus
883 5348 995 5386 sum
1026 5330 1305 5386 Ecclesium
1331 5332 1430 5387 Dei
1459 5333 1533 5407 (ι.
1584 5331 1703 5388 Cor.
1760 5332 1852 5388 15.
1894 5333 1946 5388 8.

371 5418 462 5490 9);
485 5434 548 5475 ac
566 5434 804 5489 rursum,
834 5421 966 5476 Mihi
989 5423 1218 5479 omnium
1247 5432 1537 5477 sanctorum
1579 5424 1787 5478 minimo
1833 5423 1954 5479 data

370 5522 446 5565 est
476 5511 582 5568 haec
610 5514 778 5585 gratia
798 5512 1012 5586 (Ephes.
1064 5516 1119 5571 '5.
1169 5514 1249 5587 8).
1296 5515 1482 5572 Viden’
1528 5516 1796 5586 quomodo
1846 5532 1954 5573 non

377 5604 737 5672 apostolorum
764 5605 957 5674 modo,
1003 5606 1096 5662 sed
1145 5592 1304 5662 etiam
1353 5607 1666 5677 simpliciter
1720 5606 1952 5663 ﬁdelium

373 5695 613 5751 omnium
663 5710 724 5752 se
747 5696 1023 5753 minimum
1071 5697 1263 5753 vocet?
1306 5696 1437 5752 Mihi
1481 5699 1687 5753 minimo
1729 5697 1953 5764 omnium

371 5788 902 5859 sanctorunt,inquit,
935 5790 1054 5846 data
1075 5797 1147 5846 est
1170 5790 1334 5861 gratia
1372 5791 1496 5846 htec.
1548 5790 1729 5860 Itaque
1779 5802 1954 5858 neque

900 386 986 441 DE
1027 383 1274 442 VERBIS
1328 382 1682 452 APOSTOLI,
1723 381 1984 440 UTINAM
2023 379 2512 439 SUSTINERE'I‘IS
2551 380 2877 450 MODICUM,
2919 377 3069 436 ETC.

3516 380 3618 436 306

2040 496 2231 561 salute,
2259 511 2417 566 quam
2445 504 2806 565 consequutus
2831 504 2936 560 est,
2973 509 3033 551 se
3054 493 3273 564 dignum
3301 507 3422 549 esse
3448 494 3578 549 dicit
3604 510 3620 547 :

2037 603 2159 642 cum
2179 587 2321 642 enim
2349 586 2563 653 dixerit,
2586 585 2817 642 Christus
2840 586 2991 641 Iesus
3014 586 3144 640 venit
3164 586 3217 639 in
3247 586 3490 639 mundum
3518 625 3533 648 ,
3562 591 3618 636 ut

2038 687 2329 749 peccatores
2349 678 2566 732 salvaret
2591 717 2606 741 ,
2633 692 2850 743 quorum
2880 676 3073 746 primus
3099 692 3191 747 ego
3218 691 3329 730 sum
3360 674 3380 743 (
3400 674 3450 729 1.
3486 673 3617 727 Tim.

2039 769 2092 823 1.
2121 767 2250 839 l5):
2281 767 2403 822 audi
2426 782 2528 837 qua
2553 765 2623 823 de
2663 780 2823 821 causa
2850 765 2900 821 id
2927 764 3105 820 dicat:
3137 764 3242 820 Sed
3270 763 3383 818 ideo
3421 764 3623 818 miseri-

2035 858 2263 912 cordiam
2290 865 2627 926 consequutus
2649 873 2782 923 sum,
2833 864 2888 909 ut
2933 855 2984 909 in
3026 872 3106 911 nte
3130 855 3294 926 primo
3342 854 3624 909 ostenderet

2039 948 2267 1004 Christus
2311 946 2462 1002 Iesus
2513 963 2712 1001 omnem
2757 946 3052 1018 patientiam
3100 947 3169 1000 ad
3215 946 3625 1018 informationem

2036 1055 2231 1105 eorum,
2257 1039 2344 1109 qui
2367 1037 2608 1091 credituri
2635 1046 2751 1091 sunt
2793 1037 2893 1102 illi,
2925 1038 2977 1091 in
3000 1038 3152 1091 vitam
3178 1046 3417 1091 aeternam
3442 1035 3548 1108 (Ib.
3573 1052 3622 1091 ιι.

2037 1130 2150 1202 16).
2184 1130 2385 1184 llorum
2411 1139 2588 1184 autem
2635 1142 2828 1183 sensus
2874 1137 2956 1182 est
2982 1144 2996 1180 :
3026 1126 3143 1182 Non
3191 1127 3261 1181 ob
3305 1125 3623 1196 condignam

2037 1222 2159 1276 vita:
2182 1221 2527 1276 mutationem
2572 1220 2991 1275 misericordiam
3042 1227 3403 1288 consequutus
3452 1232 3620 1273 sum:

2035 1328 2168 1368 eave
2183 1313 2234 1367 id
2263 1312 2572 1378 existimes;
2601 1311 2696 1367 sed
2725 1321 2782 1366 ut
2797 1327 2956 1366 nemo
2984 1326 3193 1376 eorum,
3221 1310 3312 1379 qui
3334 1310 3387 1364 in
3430 1309 3623 1377 nequi-

2040 1405 2110 1458 tia
2138 1404 2404 1470 vixerunt,
2431 1402 2642 1457 etiamsi
2663 1401 2877 1457 Christo
2902 1401 3099 1457 bellum
3133 1398 3339 1465 feeerit,
3369 1398 3623 1469 despera-

2038 1503 2140 1561 ret,
2173 1493 2300 1549 dum
2329 1504 2628 1548 extremum
2655 1492 2893 1547 omnium
2920 1532 2934 1557 ,
2989 1504 3097 1560 quo
3152 1488 3329 1544 nullus
3372 1499 3623 1557 umquam

2037 1584 2280 1641 infestior
2299 1583 2515 1640 Christo
2541 1582 2657 1649 fuit,
2690 1583 2918 1638 salutem
2953 1588 3348 1650 consequutum
3392 1577 3620 1633 videret.

2038 1677 2312 1747 Siquidem
2342 1675 2587 1732 Christus
2614 1676 2764 1741 dicit,
2815 1675 3066 1742 Quoniam
3112 1689 3203 1727 uas
3251 1671 3507 1727 electionis
3551 1681 3624 1725 est

2037 1769 2182 1834 mihi,
2213 1778 2267 1821 ut
2289 1778 2449 1840 portet
2478 1784 2665 1823 nomen
2694 1783 2858 1822 meum
2885 1782 3055 1820 coram
3082 1764 3313 1836 gentibus
3337 1772 3386 1818 et
3428 1761 3626 1833 regibus

2038 1860 2177 1933 (Act.
2202 1860 2254 1916 9.
2285 1858 2414 1929 l5);
2447 1859 2533 1913 hic
2560 1874 2689 1915 vero
2712 1867 2790 1912 tot
2812 1857 3058 1912 laudibus
3087 1872 3192 1911 non
3221 1856 3583 1910 intumescens
3607 1894 3622 1918 ,

2038 1961 2160 2024 post
2183 1960 2386 2007 tantam
2414 1950 2661 2005 ﬁduciam
2684 1964 2745 2005 se
2775 1949 3031 2003 miserum
3078 1946 3372 2016 praedicare
3412 1942 3622 2012 pergit,

2038 2059 2097 2101 se
2128 2045 2356 2114 primum
2382 2052 2720 2113 peccatorum
2747 2055 2965 2106 vocans,
2994 2048 3154 2109 atque
3182 2036 3303 2092 ideo
3324 2034 3629 2091 misericor-

2036 2133 2178 2191 diam
2206 2142 2596 2197 COusequutum
2646 2131 2829 2186 dicens
2852 2172 2866 2195 ,
2911 2138 2969 2184 ut
3014 2142 3173 2184 nemo
3201 2127 3286 2181 vel
3318 2140 3502 2181 eorum
3534 2124 3623 2193 qui

2038 2223 2104 2278 ad
2135 2237 2434 2278 exrremum
2464 2221 2711 2291 nequitia:
2739 2218 3072 2282 devenerint,
3098 2216 3168 2271 de
3211 2214 3425 2285 pr0pria
3455 2213 3625 2266 saluto

2039 2314 2383 2382 desperaret,
2412 2311 2537 2366 dum
2565 2326 2623 2367 se
2668 2309 2877 2380 sibique
2917 2308 3169 2363 collatum
3199 2302 3514 2359 beneﬁcium
3542 2317 3629 2357 re-

2038 2405 2289 2476 spiceret.

2110 2495 2164 2550 6.
2207 2496 2427 2549 Peccata
2472 2492 2650 2561 itaque
2696 2506 2812 2558 sua,
2863 2490 3009 2544 nulla
3052 2497 3271 2543 conctus
3310 2486 3630 2542 necessitate

2038 2584 2276 2657 quotidie
2306 2583 2520 2654 evulgat
2565 2583 2618 2636 in
2659 2579 2908 2637 omnibus
2950 2577 3191 2648 epistolis
3242 2577 3388 2642 suis;
3434 2576 3628 2644 illaque

2041 2676 2271 2733 traducit
2312 2683 2368 2731 et
2409 2672 2646 2730 declarat
2676 2687 2785 2727 non
2832 2671 2975 2727 illius
3020 2670 3280 2740 temporis
3324 2666 3631 2722 hominibus

2041 2776 2266 2833 tantum,
2295 2765 2390 2823 sed
2419 2766 2581 2820 etiam
2606 2763 2856 2819 omnibus
2881 2770 3001 2833 post
3020 2759 3244 2825 futuris;
3270 2758 3452 2812 laudes
3475 2770 3626 2821 vero,

2039 2858 2201 2916 etiam
2226 2858 2458 2912 instante
2483 2854 2821 2919 necessitate,
2853 2867 3073 2908 narrare
3095 2857 3374 2905 cunctatur
3397 2857 3454 2902 et
3481 2845 3629 2901 relu-

2042 2951 2141 3022 git.
2194 2948 2249 3004 ld
2277 2962 2405 3003 sane
2434 2947 2518 3002 vel
2546 2961 2613 3001 ex
2642 2961 2708 3000 eo
2734 2944 2906 3014 palam
2938 2950 3050 3009 est,
3079 2939 3221 3011 quod
3252 2938 3303 2993 id
3330 2935 3631 2993 sexcenties

2042 3039 2397 3111 insipientiam
2428 3045 2602 3101 vocet;
2636 3034 2811 3106 palam
2837 3033 2963 3088 item
2990 3040 3161 3087 estex
3191 3037 3338 3084 tanto
3366 3034 3628 3097 tempore,

2042 3147 2148 3204 quo
2173 3129 2470 3185 mirabilem
2501 3126 2647 3181 illam
2674 3133 2730 3180 et
2755 3123 2990 3178 divinam
3016 3118 3398 3176 revelationem
3426 3115 3628 3171 tacuit:

2044 3239 2152 3279 non
2182 3221 2325 3277 enim
2356 3228 2497 3284 tunc,
2525 3216 2613 3273 vel
2640 3224 2767 3270 ante
2794 3214 2928 3270 duos
2955 3222 3133 3267 tresve
3176 3218 3271 3265 aut
3303 3208 3491 3263 decem
3531 3220 3631 3260 an-

2044 3328 2164 3381 nos,
2190 3312 2282 3368 sed
2309 3319 2434 3366 ante
2462 3308 2628 3363 multo
2650 3306 2830 3376 plures
2852 3304 2996 3359 illam
3022 3300 3247 3356 viderat.
3271 3295 3632 3367 Quamobrem

2043 3408 2218 3478 ipsum
2246 3414 2452 3471 tempus
2476 3398 2713 3468 assignat
2738 3395 2823 3450 bis
2845 3392 3024 3449 verbis
3052 3409 3067 3445 :
3093 3391 3213 3445 Scio
3236 3388 3488 3441 hominem
3512 3394 3632 3478 ante

2043 3474 2205 3552 annos
2232 3491 2608 3567 quatuordecim
2635 3496 2843 3559 raptum
2867 3483 2934 3538 ad
2964 3489 3165 3537 tertium
3203 3479 3387 3534 calum
3421 3476 3480 3548 (2
3509 3474 3631 3529 Cor.

2046 3589 2133 3644 12.
2160 3584 2217 3659 2)
2255 3604 2268 3640 :
2298 3592 2356 3638 ut
2395 3592 2450 3636 tu
2477 3580 2736 3644 disceres,
2768 3592 2836 3631 ne
2864 3585 2989 3630 tunc
3012 3572 3228 3645 quidem
3270 3570 3341 3624 ita
3386 3568 3634 3637 loquutu-

2044 3693 2164 3735 rum
2190 3657 2377 3741 luisse,
2405 3672 2509 3727 nisi
2540 3682 2730 3740 magna
2760 3673 2983 3737 urgente
3009 3662 3350 3718 necessitate.
3381 3657 3438 3714 Si
3479 3670 3631 3710 nam-

2047 3784 2149 3842 que
2175 3766 2431 3823 voluisset
2458 3760 2641 3816 laudes
2668 3773 2794 3813 suas
2820 3769 3123 3820 recensere,
3153 3751 3333 3806 statim
3362 3757 3522 3819 atque
3556 3747 3635 3801 vi-

2046 3840 2214 3918 disset
2243 3873 2381 3921 eam,
2423 3855 2770 3917 declarasset,
2819 3849 2909 3904 vel
2951 3846 3140 3902 saltem
3189 3843 3384 3914 primo,
3416 3840 3504 3895 vel
3541 3853 3651 3907 se-q

2046 3952 2223 4010 eundo
2251 3958 2344 4005 aut
2370 3946 2525 4003 tertio
2547 3958 2689 3999 anno
2720 3959 2735 3996 :
2768 3949 2823 3995 at
2847 3940 2935 3994 ille
2961 3933 3366 4009 quatuordecim
3396 3931 3551 3986 annis
3580 3930 3633 3985 in

2048 4042 2261 4099 silentio
2291 4035 2670 4111 perseveravit,
2700 4041 2756 4087 et
2782 4029 2981 4086 nemini
3009 4027 3172 4092 dixit,
3212 4024 3314 4079 nisi
3345 4019 3637 4078 Corinthiis

2049 4144 2276 4191 tantum.
2309 4126 2701 4199 Quandonam?
2727 4122 2861 4178 Cum
2893 4114 3370 4190 pseudoapostolos
3396 4111 3530 4167 vidit
3551 4111 3637 4165 in-

2049 4235 2351 4299 surgentes,
2402 4220 2681 4278 declarans
2732 4230 2792 4271 se
2830 4229 2899 4269 ne
2942 4222 3070 4267 tunc
3115 4207 3334 4281 quidem
3371 4205 3636 4260 dicturum

2051 4294 2236 4388 fuisse,
2274 4317 2378 4373 nisi
2410 4320 2613 4369 tantam
2649 4309 2875 4364 vidisset
2911 4303 3307 4373 corruptionem
3350 4294 3638 4388 discipulos

2051 4411 2323 4469 invadere.
2355 4410 2426 4463 At
2453 4422 2550 4462 nos
2576 4420 2682 4459 non
2713 4402 2842 4456 item
2876 4417 2889 4453 :
2931 4395 3027 4452 sed
3066 4406 3286 4464 prorsus
3311 4387 3635 4445 contrarium

2051 4505 2294 4560 iacimus.
2318 4501 2666 4556 Peccatorum
2689 4508 2758 4548 ne
2778 4505 2887 4545 uno
2907 4486 3122 4558 quidem
3153 4483 3240 4539 die
3259 4480 3634 4542 recordamur;

2051 4593 2146 4651 sed
2170 4592 2213 4648 si
2238 4590 2514 4662 quospiam
2535 4601 2598 4641 ea
2620 4591 3043 4640 commemorare
3066 4573 3366 4638 audiamus,
3397 4568 3639 4639 indigna-

2054 4702 2195 4753 mur,
2224 4698 2368 4755 :egre
2408 4679 2652 4743 ferimus,
2699 4670 3076 4731 contumeliam
3125 4667 3176 4722 id
3212 4680 3332 4722 esse
3365 4673 3636 4734 putamus,

2054 4753 2349 4833 innumeris
2374 4771 2494 4826 illos
2522 4764 2817 4824 maledictis
2845 4759 3196 4823 incessimus;
3232 4758 3278 4813 si
3304 4753 3432 4826 quid
3458 4760 3638 4807 autem

2057 4868 2178 4925 boni
2209 4873 2547 4936 praestemus,
2575 4859 2628 4913 in
2654 4871 2750 4913 ore
2774 4854 3080 4924 frequenter
3099 4861 3396 4913 versamus,
3421 4844 3471 4899 id
3495 4859 3614 4899 com
3629 4874 3643 4883 -

2058 4953 2480 5017 memorantibus
2508 4952 2732 5021 gratiam
2759 4945 3044 5008 habemus,
3076 4941 3304 5010 illosque
3335 4936 3489 4991 nobis
3518 4935 3643 4989 ami-

2055 5067 2148 5106 eos
2176 5046 2548 5105 existimamus
2585 5057 2598 5094 :
2631 5040 2757 5094 licet
2794 5034 3042 5091 Christus
3073 5030 3402 5087 contrarium
3432 5040 3638 5096 prmce-

2057 5142 2213 5214 perit,
2247 5146 2305 5193 ut
2325 5143 2473 5193 recte
2501 5132 2761 5188 factorum
2783 5126 3000 5199 quidem
3028 5123 3640 5214 obliviscatnur,‘pecca-

2060 5209 2233 5295 torum
2256 5247 2386 5289 vero
2412 5228 2779 5287 recordemur.
2802 5221 2955 5292 Quod
2993 5219 3149 5276 nobis
3185 5210 3475 5271 declaravit
3512 5209 3639 5263 dum

2058 5332 2137 5389 sic
2159 5326 2451 5398 discipulos
2483 5323 2855 5379 cohortaretur
2889 5332 2903 5370 ;
2944 5314 3072 5369 Cum
3096 5308 3266 5364 omnia
3281 5304 3532 5398 feceritis,
3562 5301 3643 5398 di.

2059 5425 2175 5490 cite,
2202 5393 2440 5493 quoniam
2470 5414 2600 5471 serui
2626 5410 2832 5467 inutiles
2859 5419 3034 5462 sumus
3063 5398 3214 5474 (Luc.
3246 5397 3333 5451 17.
3355 5393 3482 5493 10)
3510 5393 3636 5447 etin

2061 5484 2314 5586 parabole
2336 5505 2612 5567 Pharisaei,
2641 5500 2727 5558 cui
2750 5497 3084 5569 publicanum
3108 5487 3414 5560 prmposuit.
3441 5484 3638 5586 Quent-

2060 5602 2346 5661 admodum
2371 5599 2514 5655 enim
2541 5595 2683 5649 hunc
2719 5597 3056 5661 peccatorum
3091 5587 3529 5638 commemorano
3552 5590 3637 5642 pt-

2061 5690 2328 5756 stiﬁcavit,
2355 5687 2436 5742 sic
2460 5692 2515 5742 et
2539 5684 2684 5738 illum
2706 5686 2855 5735 recte
2881 5676 3139 5730 laetorum
3168 5664 3425 5723 memoria
3454 5662 3633 5756 perdi-

2061 5783 2159 5839 dit.
2194 5753 2392 5837 Judieis
2429 5786 2641 5847 quoque
2676 5771 2815 5828 Deus
2854 5766 3041 5826 eadem
3083 5759 3282 5820 monita
3333 5757 3511 5824 tradit,
3555 5753 3638 5811 his
