4062 6440
494 372 599 428 507

473 498 665 554 verbis
696 515 713 554 :
747 496 861 570 Ego
891 515 1009 554 sum
1037 500 1167 568 ipse,
1194 501 1282 569 qui
1313 499 1461 555 deleo
1482 509 1697 569 peccata
1736 511 1852 566 tua,
1879 510 1928 555 et
1950 518 2052 556 non

473 589 824 654 recordabar;
852 600 907 643 tu
937 607 1051 644 vero
1083 589 1358 644 recordare
1382 589 1518 661 (Isa.
1544 592 1637 645 4'5.
1662 591 1777 661 25),
1836 620 1844 627 -

550 680 602 734 7.
645 680 746 737 llic
785 698 905 738 mos
938 690 1057 737 erat
1103 683 1501 752 apostolorum,
1534 682 1621 738 hic
1662 682 2052 753 prophetarum

471 780 522 824 et
538 774 810 841 justorum
828 777 1091 830 onminm.
1120 775 1290 830 David
1311 778 1456 831 enim
1484 778 1691 847 peccati
1736 779 1819 833 sui
1850 778 2055 848 jugiter

473 861 887 927 recordabatur,
916 864 1187 919 bonorum
1215 881 1448 934 operum
1474 882 1745 936 nusquam
1775 868 1881 921 nisi
1917 867 2057 922 forte

469 961 694 1022 cogente
721 957 1049 1011 necessitate
1071 956 1144 1025 (1.
1172 955 1295 1025 Reg.
1315 956 1435 1024 17).
1467 957 1603 1010 Cum
1654 972 1785 1027 ergo
1814 956 2057 1012 barbari-

469 1056 593 1095 cum
622 1042 757 1097 illud
800 1045 1005 1099 bellum
1035 1045 1284 1101 Judzrum
1316 1047 1566 1109 vexabat,
1590 1048 1881 1116 omniaque
1910 1046 2057 1116 peri-

470 1132 613 1187 culis
656 1134 818 1203 plena
847 1144 1044 1204 erant;
1086 1152 1211 1192 cum
1246 1138 1336 1193 ille
1368 1137 1587 1207 juvenis
1615 1137 1792 1192 adhuc
1821 1145 1967 1193 esset
1997 1144 2054 1193 et

467 1222 595 1277 belli
635 1225 951 1295 imperitus,
985 1229 1194 1284 relictis
1217 1229 1415 1284 ovibus
1446 1228 1501 1283 in
1529 1230 1705 1284 aciem
1741 1228 2050 1295 descendit,

467 1331 706 1388 eumque
720 1333 913 1376 omnes
932 1321 1253 1386 exterritos,
1287 1320 1650 1378 formidantes
1667 1336 1731 1377 ac
1756 1329 2052 1378 trementes

461 1418 726 1474 cerneret,
761 1410 890 1464 nihil
935 1410 1229 1467 humanum
1259 1430 1447 1485 passus
1476 1424 1578 1482 est,
1624 1430 1797 1484 neque
1827 1423 2053 1469 etcteros

462 1498 701 1568 abjectos
740 1501 929 1558 videns
970 1502 1353 1559 formidolosus
1396 1504 1517 1570 fuit,
1561 1505 1656 1560 sed
1704 1505 1810 1559 fide
1850 1504 2049 1569 omnia,

464 1605 583 1657 quas
605 1592 1077 1661 conspiciebantur
1120 1596 1522 1662 transcenderis,
1555 1595 1620 1651 ad
1651 1595 1851 1666 Regem
1890 1595 2053 1649 cmic-

465 1695 582 1733 rum
610 1682 922 1750 respiciens,
963 1685 1185 1739 multam
1215 1686 1395 1742 animo
1423 1687 1755 1742 alacritatem
1785 1685 2051 1754 concepit,

462 1780 516 1823 et
543 1770 611 1825 ad
642 1772 837 1828 milites
864 1774 1163 1845 fratresque
1187 1792 1313 1832 suos
1333 1778 1582 1843 accessit,
1611 1778 1876 1847 pollicens
1901 1792 1961 1832 se
1985 1776 2054 1831 ab

467 1860 688 1916 instanti
739 1865 979 1933 periculo
1006 1866 1152 1935 ipsos
1181 1868 1551 1923 liberaturum.
1591 1870 1724 1925 Cum
1761 1882 1938 1925 autem
1968 1870 2054 1925 di-

463 1962 610 2008 ctum
656 1955 945 2011 irriderent
975 1958 1164 2014 fratres
1199 1961 1317 2029 ejus
1362 1962 1561 2032 (neque
1606 1962 1748 2017 enim
1804 1964 2055 2020 videbant

469 2047 633 2104 Deum
662 2048 806 2105 intus
836 2052 984 2107 illum
1025 2057 1406 2121 concitantem,
1440 2072 1614 2127 neque
1642 2067 1900 2113 noverant
1938 2058 2053 2112 ani-

464 2156 610 2197 mum
635 2141 783 2197 illum
812 2159 1153 2214 generosum,
1185 2147 1251 2202 ad
1293 2149 1483 2204 caelum
1532 2165 1699 2220 usque
1741 2151 2048 2221 pertingen-

464 2239 593 2299 tem,
621 2248 919 2305 magnaque
962 2236 1153 2294 fiducia
1199 2239 1462 2310 plenum),
1508 2241 1613 2295 illis
1652 2242 1871 2310 relictis,
1917 2242 2051 2298 alios

459 2324 609 2380 adiit.
638 2325 739 2381 Ubi
765 2338 943 2383 autem
973 2330 1121 2386 illum
1150 2332 1497 2390 adduxissent
1535 2334 1600 2390 ad
1646 2351 1845 2407 regem,
1890 2352 2048 2407 queat

463 2416 655 2473 timore
682 2432 986 2478 emortuum
1032 2424 1229 2494 reperit
1273 2426 1494 2496 :primo
1538 2428 1583 2483 is
1630 2428 1772 2485 illius
1809 2430 2047 2485 animum

457 2508 633 2578 erigit,
667 2509 748 2565 his
772 2513 973 2581 verbis,
1003 2513 1087 2571 Ne
1121 2518 1360 2573 concidat
1395 2535 1483 2573 cor
1528 2518 1721 2575 domini
1762 2523 1860 2576 mei
1897 2540 2052 2593 super

456 2599 589 2669 ipso,
620 2604 738 2671 quia
765 2620 938 2660 servus
974 2615 1090 2663 tuus
1123 2609 1214 2663 ibit
1242 2618 1290 2664 et
1310 2610 1555 2682 pugnabit
1585 2628 1698 2665 cum
1738 2612 1834 2667 hoc
1862 2614 2049 2668 alieni-

461 2706 589 2760 gena
616 2692 691 2764 (1.
721 2693 851 2767 Reg.
878 2697 964 2752 17.
992 2695 1106 2772 32).
1131 2698 1263 2757 Cum
1295 2710 1474 2757 autem
1506 2703 1596 2757 ille
1631 2719 1734 2758 non
1767 2704 1925 2760 fidem
1957 2707 2049 2760 lia-

463 2781 695 2840 beretac
715 2784 940 2855 diceret,
972 2788 1094 2845 Non
1127 2794 1318 2863 poteris
1342 2794 1450 2861 ire;
1477 2805 1534 2849 tu
1572 2813 1697 2866 puer
1725 2813 1799 2861 es,
1839 2797 1930 2853 ille
1954 2816 2041 2852 au-

457 2881 554 2926 tent
583 2876 660 2929 rir
687 2874 904 2933 bellator
930 2897 962 2934 a
980 2882 1246 2950 juventute
1274 2902 1367 2940 sua
1396 2886 1501 2957 (Ib.
1531 2903 1579 2942 υ.
1603 2887 1716 2960 55),
1748 2889 1800 2943 iu
1828 2892 2046 2960 ancipiti

455 2965 779 3022 constitutus
835 2969 1003 3025 David
1060 2975 1270 3044 cogitur
1312 2978 1556 3047 preprias
1599 2979 1791 3034 efferre
1837 2981 2045 3038 laudes.

457 3054 609 3121 Quod
634 3058 776 3112 enim
809 3060 860 3113 id
889 3062 1077 3131 nollet,
1108 3081 1174 3119 ex
1216 3067 1482 3135 prioribus
1516 3071 1773 3141 arguitur,
1803 3073 2046 3143 quando-

455 3146 671 3215 quidem
705 3164 802 3204 nec
829 3150 1082 3208 fratribus
1104 3157 1216 3211 suis
1235 3156 1304 3213 de
1328 3159 1489 3235 rebus
1509 3176 1538 3213 a
1565 3176 1625 3217 se
1650 3162 1857 3218 fortiter
1881 3169 2045 3234 gestis

453 3237 724 3308 quidpiam
769 3242 1000 3313 dixerat,
1042 3255 1099 3302 ut
1138 3265 1310 3320 neque
1352 3252 1629 3321 militibus,
1686 3256 1792 3311 imo
1837 3273 1903 3312 ne
1945 3258 2045 3329 ipsi

454 3331 584 3400 regi,
633 3333 802 3390 donec
845 3337 977 3392 vidit
1017 3354 1139 3394 eum
1186 3358 1290 3397 non
1336 3344 1577 3413 credere,
1624 3349 1949 3406 contendere
1991 3358 2047 3406 et

454 3435 800 3493 congressum
826 3444 978 3484 suum
1005 3441 1190 3486 contra
1212 3434 1576 3492 advcharium
1600 3438 1880 3508 impedire.
1905 3441 2043 3508 Quid

455 3522 579 3568 tunc
608 3513 910 3572 faciendum
957 3522 1228 3578 restabat?
1262 3540 1331 3579 an
1374 3527 1611 3582 tacenda:
1643 3529 1828 3586 laudes
1852 3532 2043 3588 erant?

456 3606 651 3662 Atnon
681 3608 896 3665 sivisset
921 3612 1124 3682 egredi,
1164 3615 1315 3671 etab
1355 3617 1652 3674 imminenti
1696 3622 1933 3691 periculo
1974 3624 2043 3678 li-

455 3695 660 3753 berare.
687 3698 813 3756 Ideo
841 3717 961 3757 cum
988 3706 1259 3773 tacuisset,
1289 3709 1503 3779 quando
1535 3720 1711 3767 tacere
1738 3712 2039 3784 oportebat,

453 3788 539 3842 ulii
565 3789 695 3847 vidit
734 3796 987 3864 temporis
1017 3799 1278 3856 rationem
1320 3801 1371 3856 id
1413 3804 1682 3871 postulare
1711 3813 1764 3860 ut
1792 3806 2043 3877 loquere-

450 3891 554 3945 tur,
586 3897 690 3938 non
717 3884 852 3939 ultra
894 3889 1077 3955 tacuit,
1119 3891 1214 3945 sed
1253 3892 1332 3947 sie
1370 3908 1493 3948 eum
1536 3896 1842 3966 alloquutus
1885 3907 1969 3953 est
2021 3914 2036 3952 :

454 3971 673 4029 Pascens
710 3993 850 4032 eram
893 3997 1067 4037 servus
1111 3991 1228 4038 tuus
1255 4002 1453 4058 gregem
1482 3989 1644 4058 patris
1673 3991 1787 4056 mei,
1831 4000 1879 4045 et
1924 4009 2042 4047 cum

449 4064 634 4117 veniret
661 4067 739 4120 leo
766 4079 854 4121 ant
882 4068 1138 4139 ursus,’et
1161 4077 1408 4145 acciperet
1445 4092 1584 4133 ovem
1613 4079 1677 4134 de
1700 4098 1870 4152 grege,
1900 4099 2044 4154 egre-

449 4155 623 4208 diebar
650 4166 761 4226 post
791 4175 926 4226 eum,
954 4170 1001 4215 et
1033 4165 1370 4232 percutiebam
1399 4183 1531 4235 eum,
1557 4179 1604 4224 et
1634 4173 1953 4227 extrahebam
1978 4174 2040 4229 ab

449 4263 535 4300 ore
555 4249 688 4320 ejus,
717 4259 763 4303 ct
793 4253 1235 4323 apprehendebam
1276 4266 1454 4328 guttur
1480 4263 1611 4332 ejus,
1660 4274 1708 4317 et
1753 4266 2041 4321 occidebam

447 4354 559 4393 enm
588 4354 610 4396 :
631 4357 693 4395 ac
723 4340 917 4398 leonem
943 4353 991 4399 et
1019 4363 1193 4401 ursum
1222 4353 1469 4419 percussit
1495 4369 1666 4408 servus
1689 4364 1807 4410 tuus
1837 4375 1854 4411 :
1879 4367 1925 4412 et
1945 4360 2041 4413 erit

445 4432 728 4504 alienigena
745 4434 828 4489 hic
850 4446 897 4490 et
924 4436 1306 4495 incircumcisus
1328 4442 1457 4496 sicut
1474 4461 1604 4498 unus
1624 4461 1686 4501 ex
1706 4447 1776 4500 eis
1807 4449 1879 4520 (1.
1905 4450 2035 4507 Rea.

448 4525 533 4579 17.
562 4525 773 4600 51-56).
827 4529 984 4586 Vides
1024 4533 1292 4603 quomodo
1331 4535 1621 4592 declaravit
1649 4555 1749 4609 qua
1780 4541 1847 4596 de
1877 4558 2036 4598 causa

447 4619 515 4670 ab
551 4632 611 4672 se
653 4619 859 4676 fortiter
894 4634 1041 4693 gesta
1086 4631 1627 4685 commemoraverit?
1656 4630 1791 4686 Tum
1834 4635 2038 4691 scilicet

442 4720 536 4762 rex
561 4720 831 4780 assumpta
849 4713 1059 4782 fiducia,
1078 4715 1422 4785 jussitabire.
1454 4721 1600 4775 Abiit
1622 4737 1801 4794 porro,
1834 4739 2038 4796 pugna-

448 4799 519 4852 vit
543 4809 596 4854 et
622 4799 766 4856 vicit.
791 4804 859 4858 At
880 4806 980 4859 nisi
1007 4806 1193 4864 laudes
1209 4824 1333 4864 suas
1349 4824 1676 4880 enarrasset,
1699 4829 2036 4886 nequaquam

448 4905 538 4944 rex
555 4891 628 4944 illi
644 4896 1077 4951 monomachiam
1089 4898 1744 4969 ejusmodiconcessisset;
1756 4903 1800 4958 si
1814 4921 1919 4961 non
1933 4922 2043 4964 ere-

446 4979 687 5047 didisset,
738 4997 842 5038 non
886 4985 1104 5042 sivisset
1132 5005 1254 5044 eum
1303 4991 1356 5046 in
1397 4993 1565 5049 aciem
1597 4996 1957 5066 descendere;
1990 5001 2034 5055 si

445 5089 548 5128 non
577 5073 811 5141 sivisset,
834 5075 1111 5135 victoriam
1138 5084 1503 5153 impedivisset
1530 5104 1543 5140 :
1572 5089 1824 5160 impedita
1855 5103 2033 5148 autem

445 5166 683 5234 victoria,
718 5183 894 5239 neque
930 5170 1070 5227 Deus
1098 5181 1225 5228 tunc
1253 5176 1597 5246 glorificatns,
1636 5197 1810 5252 neque
1846 5183 2034 5239 civitas

439 5259 505 5312 ab
553 5261 866 5330 urgentibus
910 5263 1067 5318 malis
1118 5264 1341 5322 liberata
1396 5280 1558 5324 esset.
1610 5271 1686 5326 Ne
1743 5273 1904 5342 igitur
1956 5286 2033 5330 tot

436 5348 664 5406 absurda
686 5354 1078 5426 contingerent,
1101 5371 1273 5428 neque
1291 5368 1451 5416 tantae
1467 5360 1877 5430 dispensationis
1896 5383 2033 5434 cpus

442 5442 843 5513 pra-pediretur,
880 5456 1100 5503 coactus
1136 5459 1219 5504 est
1260 5451 1425 5507 David
1471 5454 1714 5523 proprias
1752 5471 2032 5513 recensere

443 5531 709 5587 victorias.
732 5533 801 5590 Ut
820 5538 960 5591 enim
980 5547 1159 5594 tacere
1179 5543 1374 5608 sciunt,
1403 5543 1488 5597 ubi
1511 5542 1655 5598 nulla
1679 5555 1761 5599 est
1778 5545 2032 5615 loquendi

442 5622 753 5689 necessitas,
789 5623 860 5679 ita
892 5637 944 5681 et
972 5627 1117 5698 loqui
1148 5634 1361 5698 norunt,
1397 5631 1449 5687 vi
1480 5632 1711 5689 instante
1739 5645 1899 5707 atque
1928 5635 2031 5691 im-

446 5721 701 5771 nunenlc.

515 5795 568 5851 8.
613 5798 795 5869 Neque
823 5803 873 5858 in
915 5807 1019 5864 hoc
1050 5804 1285 5876 tantum,
1334 5812 1429 5869 sed
1473 5815 1631 5873 etiam
1677 5817 1730 5871 in
1777 5817 2029 5875 Samuele

1228 370 1281 426 S.
1310 367 1591 427 JOANNIS
1621 364 2099 422 CHRYSOSTOMI
2129 363 2444 419 AltClllEP.
2478 357 3021 418 CUNSTANTINOP.

3632 359 3744 421 303

2172 494 2401 563 idipsum
2428 492 2720 564 contigisse
2746 492 2867 563 quis
2913 490 3111 547 videat.
3144 491 3356 548 Etenim
3391 491 3481 549 ille
3519 508 3641 549 eum
3678 501 3757 552 tot

2166 586 2320 640 annis
2345 584 2569 641 Judaico
2598 585 2794 655 populo
2821 582 3145 654 praefuisset,
3177 584 3339 655 idque
3369 584 3437 639 ad
3462 584 3560 640 Dei
3592 585 3756 654 placi-

2166 687 2301 745 tum,
2330 692 2429 733 nec
2459 676 2732 747 quidpiam
2774 676 2949 746 magni
2993 674 3064 731 de
3104 691 3165 731 se
3203 691 3454 746 umquam
3508 676 3756 746 loquutus

2164 768 2373 833 fuisset,
2399 768 2565 823 multa
2588 767 2714 822 licet
2733 766 2952 821 haberet
2974 765 3221 833 dicenda,
3240 766 3285 821 si
3305 766 3585 832 voluisset,
3607 782 3756 821 suam

2163 875 2192 914 a
2223 860 2474 929 prinueva
2503 869 2660 914 :etate
2690 858 3086 924 educationem,
3130 858 3185 912 in
3227 858 3428 928 templo
3453 872 3754 913 commorao

2167 950 2385 1011 tionem,
2416 948 2715 1019 prophetia:
2743 947 2944 1002 donum
2987 947 3057 1002 ab
3100 947 3454 1012 incunabulis,
3490 957 3614 1017 post
3648 948 3759 1002 ha-e

2166 1036 2327 1103 bella,
2354 1038 2623 1103 victorias,
2654 1051 2789 1107 quas
2815 1053 2922 1091 non
2950 1037 3138 1102 armis,
3170 1037 3266 1091 sed
3289 1052 3358 1092 ex
3385 1036 3753 1093 benevolentia

2170 1129 2262 1185 Dei
2299 1129 2469 1184 aciem
2508 1129 2780 1184 instruens
2805 1129 3095 1198 reportavit
3134 1146 3150 1183 :
3180 1128 3373 1183 horum
3407 1136 3586 1199 tamen
3630 1127 3757 1181 nihil

2164 1219 2425 1288 superiori
2458 1228 2699 1289 tempore
2725 1219 2952 1273 dixerat.
2982 1220 3053 1272 At
3095 1218 3183 1272 ubi
3225 1218 3580 1288 principatum
3605 1218 3756 1272 abdi-

2164 1324 2399 1375 caturus,
2450 1310 2716 1380 alterique
2762 1309 3043 1379 imperium
3100 1308 3392 1363 traditurus
3443 1320 3585 1372 erat.
3639 1318 3757 1364 tum:

2164 1412 2380 1458 coactus
2406 1411 2490 1458 est
2515 1403 2758 1473 proprias
2796 1401 2980 1457 laudes
3012 1417 3319 1467 recensere,
3368 1400 3530 1471 idque
3568 1400 3758 1454 admo-

2164 1493 2290 1547 dum
2320 1509 2499 1564 parce.
2544 1494 2887 1563 Evocatoque
2938 1493 3188 1546 universo
3234 1491 3452 1561 populo,
3495 1500 3760 1562 prasente

2165 1586 2346 1650 Saule,
2374 1587 2443 1640 ita
2476 1587 2727 1656 loquutus
2755 1593 2839 1641 est
2879 1603 2894 1640 :
2944 1584 3075 1639 Ecce
3098 1585 3267 1638 audivi
3310 1599 3479 1638 uocent
3520 1591 3755 1644 uestram,

2164 1688 2211 1731 et
2239 1677 2475 1732 constitui
2503 1677 2642 1731 vobis
2665 1692 2833 1747 regem
2857 1691 2878 1730 :
2902 1685 2948 1731 et
2977 1692 3068 1747 ego
3094 1690 3207 1730 ecce
3225 1683 3547 1730 conuersatus
3568 1688 3686 1726 sum
3708 1672 3758 1724 in

2162 1781 2433 1841 conspectu
2477 1779 2639 1825 vestro
2674 1787 2706 1824 α
2741 1771 3011 1840 jurentute
3050 1786 3183 1834 mea,
3229 1778 3276 1822 et
3314 1784 3469 1839 usque
3509 1766 3579 1819 ad
3626 1767 3758 1819 diem

2164 1861 2319 1927 lianc,
2347 1872 2394 1916 et
2421 1863 2582 1916 senui.
2617 1861 2938 1933 Respondete
2964 1871 3141 1916 contra
3167 1878 3245 1915 nte
3267 1862 3323 1915 in
3350 1870 3621 1929 conspectu
3644 1858 3758 1913 Do-

2163 1955 2307 2022 mini,
2332 1964 2376 2009 et
2398 1956 2449 2009 in
2470 1963 2739 2025 conspectu
2764 1955 2941 2009 ebriati
2961 1955 3102 2025 ejus;
3129 1955 3275 2025 cujus
3304 1964 3524 2008 oestrum
3548 1954 3758 2007 uitulum

2161 2045 2379 2114 accepi?
2410 2055 2497 2098 aut
2528 2046 2675 2113 cujus
2716 2044 2915 2097 asinum
2957 2043 3171 2113 accepi?
3214 2052 3303 2096 aut
3335 2059 3485 2115 quem
3529 2052 3750 2097 vestrum

2161 2135 2431 2205 Oppressi?
2478 2144 2568 2188 aut
2620 2136 2702 2188 cui
2747 2144 2967 2189 vestrum
3020 2136 3118 2189 vim
3168 2135 3305 2203 feci?
3349 2145 3439 2187 aut
3493 2150 3556 2187 ex
3606 2134 3755 2203 cujus

2160 2236 2380 2279 vestrum
2437 2242 2591 2279 ntanu
2643 2227 2813 2297 accepi
2864 2226 3199 2297 placationem
3252 2236 3341 2278 aut
3394 2225 3618 2278 calceum
3639 2266 3658 2290 ,
3709 2236 3755 2277 et

2160 2317 2400 2371 abscondi
2445 2317 2618 2372 oculos
2669 2333 2805 2372 meos
2845 2319 2900 2371 in
2943 2316 3076 2372 illo?
3117 2315 3278 2370 Dicite
3328 2325 3503 2370 contra
3551 2332 3653 2380 me,
3707 2325 3757 2369 et

2159 2410 2420 2463 restituant
2471 2410 2607 2464 vobis
2649 2410 2724 2483 (l.
2780 2408 2909 2479 Reg.
2961 2408 3046 2464 1‘2.
3100 2407 3243 2479 1-5).
3300 2408 3476 2477 Ecqua
3520 2408 3758 2463 necessi-

2161 2512 2241 2557 tas
2287 2502 2400 2558 hmc
2444 2502 2692 2569 dicendi,
2738 2501 2982 2573 inquies?
3025 2500 3186 2556 Multa
3245 2515 3563 2571 magnaque.
3608 2499 3755 2566 Quo-

2160 2597 2302 2650 niam
2356 2595 2497 2649 cnim
2556 2595 2848 2664 principem
2905 2592 3216 2647 inducturus
3276 2591 3382 2647 illis
3434 2599 3552 2646 erat
3617 2590 3754 2645 Sau-

2159 2686 2283 2750 lem,
2333 2696 2387 2741 ut
2429 2687 2481 2740 in
2516 2686 2601 2741 sui
2646 2686 2813 2756 ipsius
2850 2683 3163 2739 defensione
3203 2681 3421 2738 doceret
3460 2693 3610 2748 eum,
3653 2697 3756 2752 quo

2160 2788 2313 2849 pacto
2356 2794 2589 2849 pr:resse
2637 2785 2944 2848 oporteret,
2993 2785 3048 2831 et
3100 2789 3283 2830 curam
3332 2788 3523 2844 gerere
3571 2771 3755 2826 subdi-

2160 2880 2355 2938 torum,
2386 2873 2529 2941 ipsos
2556 2871 2797 2925 subditos
2820 2866 3172 2939 philosophia:
3192 2881 3302 2921 sua:
3329 2873 3491 2920 testes
3511 2862 3751 2918 adducit.

2155 2963 2265 3019 Nec
2292 2963 2418 3019 illud
2448 2964 2554 3034 egit
2581 2963 2790 3033 imperii
2813 2962 2893 3017 sui
2926 2972 3189 3031 tempore,
3223 2974 3291 3015 ne
3316 2958 3438 3029 quis
3457 2957 3671 3011 diceret
3690 2955 3754 3009 il-

2158 3055 2236 3110 los
2263 3070 2372 3125 pra:
2403 3055 2568 3125 ipsius
2597 3067 2739 3109 metu
2771 3070 2833 3110 ac
2856 3054 3142 3108 formidine
3165 3069 3286 3123 qua:
3324 3067 3429 3105 non
3472 3060 3628 3106 erant
3674 3058 3750 3105 te-

2156 3150 2414 3205 stificatus
2441 3163 2584 3215 esse;
2603 3164 2785 3204 verum
2810 3148 2918 3218 jam
2945 3147 3119 3201 soluta
3143 3160 3240 3200 sua
3265 3143 3746 3203 administratione,

2155 3255 2277 3295 cum
2305 3242 2355 3295 in
2386 3240 2549 3295 alium
2582 3238 2896 3310 pra:fcctura
2928 3237 3181 3292 translata
3225 3244 3389 3301 esset,
3436 3234 3751 3304 nullumque

2155 3338 2424 3391 accusanti
2455 3335 2746 3406 perieulum
2773 3334 3015 3398 instaret,
3041 3340 3166 3386 tunc
3190 3346 3310 3386 cum
3332 3330 3437 3383 illis
3461 3328 3748 3396 disceptat.

2154 3429 2486 3499 Quamquam
2528 3428 2572 3482 si
2618 3428 2755 3482 alius
2787 3425 2992 3492 fuisset,
3020 3424 3220 3479 Judaeis
3262 3423 3498 3477 infensus
3534 3418 3751 3474 futurus

2154 3529 2310 3586 erat,
2363 3534 2463 3574 nec
2513 3519 2771 3573 voluisset
2822 3517 3115 3586 principem
3169 3514 3536 3569 successorem
3583 3526 3747 3565 suum

2154 3628 2364 3683 Equum
2393 3611 2831 3679 moderatumque
2857 3623 2996 3674 esse,
3035 3607 3194 3678 idque
3219 3621 3325 3661 non
3364 3606 3535 3660 solum
3562 3619 3634 3658 ex
3669 3604 3751 3657 in-

2148 3705 2305 3777 juriae
2334 3715 2570 3775 accepta:
2601 3701 2878 3768 memoria,
2908 3700 3001 3756 sed
3030 3709 3086 3755 ut
3111 3706 3167 3753 et
3196 3699 3307 3768 ipse
3337 3696 3590 3767 majorem
3612 3709 3751 3751 con-

2151 3805 2468 3869 sequeretur
2496 3796 2728 3853 laudem.

2223 3892 2277 3947 9.
2314 3889 2581 3963 Principes
2610 3899 2786 3960 aptant
2812 3888 3067 3960 improbos
3106 3886 3290 3941 habere
3326 3900 3750 3940 successores.—

2152 3981 2281 4038 illud
2310 3982 2452 4037 enim
2496 3981 2667 4035 morbi
2700 3980 2997 4050 principum
3026 3976 3220 4033 animis
3276 3975 3489 4038 insidet,
3522 3983 3580 4028 ut
3612 3986 3748 4029 suc-

2151 4087 2398 4128 cessares
2424 4087 2550 4127 suos
2574 4071 2845 4142 improbos
2870 4069 3268 4136 sceleratosque
3290 4080 3412 4122 esse
3436 4072 3769 4143 pemptent.‘

2152 4165 2283 4222 Nam
2313 4166 2359 4220 si
2406 4165 2611 4221 strenui
2651 4163 3008 4235 generosique
3052 4162 3276 4227 fuerint,
3321 4159 3639 4213 illustriores
3686 4171 3748 4211 se

2150 4258 2536 4315 existimandos
2561 4271 2680 4312 esse
2725 4263 2934 4325 putant,
2964 4253 3010 4310 si
3058 4255 3113 4320 ii,
3157 4251 3251 4323 qui
3281 4251 3560 4320 imperium
3590 4247 3746 4302 exci-

2150 4351 2321 4420 piunt,
2359 4365 2466 4408 non
2503 4348 2585 4403 sui
2624 4348 2827 4402 similes
2857 4347 2963 4400 sint
2994 4362 3009 4400 :
3053 4345 3097 4399 si
3141 4357 3316 4398 autem
3349 4340 3585 4413 perversi
3612 4354 3744 4394 cor-

2149 4443 2399 4511 ruptique
2429 4441 2555 4504 siut,
2591 4452 2963 4494 successorum
2992 4434 3282 4506 nequitiam
3312 4433 3609 4503 apologiam
3638 4431 3746 4486 sibi

2148 4541 2263 4589 fore
2290 4541 2494 4604 putant.
2525 4532 2632 4587 Sed
2664 4546 2771 4586 non
2801 4530 2922 4584 talis
2959 4538 3076 4584 erat
3115 4528 3302 4582 beatus
3330 4527 3417 4581 ille
3442 4524 3557 4591 vir;
3588 4535 3748 4594 opta-

2147 4628 2240 4682 bat
2264 4627 2461 4697 qnippe
2492 4625 2735 4694 votisque
2765 4623 3015 4677 omnibus
3052 4620 3321 4691 cupiebat,
3352 4626 3412 4673 ut
3435 4619 3592 4689 longe
3623 4633 3740 4671 me-

2148 4720 2265 4774 liori
2295 4718 2521 4789 imperio
2550 4716 2856 4772 fruerentur
2890 4733 2901 4768 :
2937 4722 3087 4769 tanto
3121 4712 3323 4767 scilicet
3361 4724 3543 4766 amore
3590 4718 3743 4763 teuc-

2148 4806 2325 4877 batur,
2358 4824 2528 4879 usque
2552 4808 2688 4863 adeo
2713 4807 2897 4862 livoris
2927 4819 3126 4875 expers
3151 4812 3286 4869 erat,
3311 4812 3364 4857 et
3391 4817 3420 4856 a
3460 4815 3595 4854 vana
3621 4798 3745 4869 glo-

2147 4902 2224 4956 ria
2249 4902 2476 4956 alienus.
2502 4900 2777 4971 Siquidem
2805 4913 2969 4953 unum
2993 4904 3195 4951 tantum
3223 4893 3524 4964 expetebat,
3549 4904 3746 4977 nempe

2147 4994 2423 5049 hominum
2458 4993 2705 5049 salutem.
2739 4991 2864 5046 Ideo
2894 4992 2945 5044 in
2990 4988 3307 5044 defensione
3344 5001 3439 5040 sua
3483 4982 3745 5055 principis

2145 5085 2324 5140 officia
2344 5084 2687 5155 depingebat.
2719 5082 2854 5151 Quia
2878 5082 3045 5148 enim,
3076 5079 3121 5135 si
3151 5093 3334 5149 regem
3367 5076 3744 5146 eompellassct

2144 5193 2208 5233 ac
2237 5177 2481 5244 dixisset,
2529 5176 2660 5232 Esto
2684 5189 2886 5245 aequus,
2925 5181 3258 5237 mansuetus,
3301 5168 3613 5225 muneribus
3642 5168 3744 5221 im-

2144 5270 2378 5340 pervius,
2407 5268 2607 5325 nemini
2637 5267 2743 5322 vim
2769 5266 2989 5331 inferas,
3017 5264 3286 5320 neminem
3316 5261 3500 5328 lzedas,
3529 5260 3611 5315 vel
3639 5259 3742 5313 de—

2144 5363 2378 5429 fraudes,
2407 5379 2570 5433 grave
2604 5361 2735 5418 illud
2768 5360 3161 5429 molestumque
3184 5354 3374 5412 fuisset
3393 5354 3661 5418 audienti;
3692 5353 3740 5408 si

2146 5455 2403 5511 tacuisset
2425 5455 2574 5521 item,
2602 5453 2729 5509 illud
2756 5461 2872 5509 erat
2893 5450 3150 5524 populum
3177 5448 3445 5519 prodere:
3471 5445 3739 5502 defensio-

2143 5548 2227 5602 nis
2254 5547 2435 5618 spccie
2465 5548 2674 5618 utrique
2700 5546 2995 5602 remedium
3038 5543 3280 5599 adhibuit
3319 5559 3333 5595 :
3367 5541 3515 5596 illum
3538 5538 3740 5616 quippe

2142 5640 2324 5696 docuit
2349 5640 2506 5711 quem
2535 5650 2810 5709 oporteret
2839 5653 2959 5692 esse
2988 5651 3189 5706 regem,
3218 5631 3451 5705 talisque
3468 5633 3734 5690 doctrinae

2141 5731 2441 5785 molestiam
2485 5730 2684 5800 effugit.
2733 5731 2796 5784 Et
2844 5728 3058 5799 quidem
3101 5725 3313 5780 videtur
3352 5724 3443 5778 ille
3487 5739 3582 5792 pro
3623 5720 3734 5775 suis

2143 5831 2346 5875 tantum
2376 5819 2534 5877 rebus
2562 5820 2883 5891 disceptare,
2916 5820 3181 5890 docetque
3209 5815 3421 5871 interim
3456 5814 3600 5871 illum
3626 5823 3749 5882 quo
