4062 6418
495 326 601 382 309

498 436 601 491 καθ
661 433 853 490 ἐαυτὸν
890 434 1273 504 ἀγωνίζεσθαυ
1310 438 1553 492 παιδεύει
1595 438 1653 493 δὲ
1682 438 1910 499 ἐκεῖνον.
1958 437 2080 502 πῶς

494 518 592 575 καὶ
619 520 723 573 τίνι
746 520 935 591 τρόπῳ
954 520 1063 574 τῶν
1091 521 1409 592 ἀρχομένων
1443 522 1820 595 ἐπιμελεῖσθαι
1853 524 1979 594 χρή.
2005 522 2078 575 Σὺ

493 603 551 655 δέ
587 620 677 673 μοι
707 602 897 655 σκόπει
938 602 1054 666 πῶς
1085 605 1223 674 μετά
1269 605 1556 677 ἀκριϐείας
1592 607 1809 675 ἀπάσης
1836 605 2078 677 καθαρὸν

494 683 687 738 ἐαυτὸν
720 685 884 752 ἔδειξε
910 684 1237 756 λημμάτων.
1270 688 1404 741 Οὐδὲ
1427 690 1535 759 γάρ
1569 683 1712 753 εἷπε,
1750 690 1842 760 Μὴ
1873 688 2079 761 ἀγρούς

492 789 637 835 τινος
667 770 820 842 ὑμῶν
852 771 1074 838 ἐλαϐονς
1108 773 1183 845 μὴ
1222 774 1481 844 χρυσίονς
1510 775 1627 828 ἀλλ’
1672 775 1702 828 ὃ
1736 775 1955 830 πάντων
1990 776 2079 828 εύ-

492 857 805 928 τελέστερον
827 853 916 929 ἦν,
936 858 1032 927 Μὴ
1052 860 1353 930 ὑπόδημας
1381 861 1566 933 φησίν,
1603 859 1734 917 Εἶτα
1769 865 1862 917 καὶ
1885 863 2078 935 ἑτέραν

488 944 688 999 ἑαυτοῦ
719 945 921 1016 πολλὴν
951 947 1083 1017 ήμῖν
1118 947 1388 1019 ἐδήλωσεν
1425 950 1646 1022 ἀρετήν.
1708 950 1927 1022 Ἐπειδὴ
1967 950 2078 1022 γὰρ

490 1029 674 1083 πολλοὶ
700 1028 810 1082 τῶν
832 1030 1130 1101 ἀρχόντων,
1164 1033 1293 1086 ὅταν
1323 1034 1423 1104 μὲν
1457 1034 1784 1100 κλέπτωσιν,
1813 1036 2078 1098 ἐπιεικεῖς

485 1115 594 1167 εἰσι
622 1114 717 1167 καὶ
744 1114 954 1186 μέτριοι
981 1116 1076 1169 καὶ
1108 1121 1402 1188 προσηνεῖς
1431 1119 1528 1172 οὐκ
1554 1119 1788 1183 οἴκοθεν,
1823 1119 1959 1173 ἀλλὰ
1988 1118 2078 1173 διά

486 1198 585 1269 τὴν
604 1199 852 1269 ἀνάγκην
880 1199 973 1252 τοῦ
996 1201 1315 1266 συνειδότος,
1336 1203 1400 1255 ἐκ
1427 1202 1536 1256 τῶν
1557 1203 1887 1274 κλεμμάτων
1917 1221 2074 1277 περι-

484 1283 753 1355 ῃρημένοι
799 1285 899 1355 τὴν
945 1285 1285 1356 παρρησίαν·
1312 1289 1363 1340 οἱ
1398 1285 1457 1339 δέ
1485 1286 1878 1359 ἀδωροδόκητοι
1898 1329 1912 1355 ,
1944 1305 2077 1359 φορ-

483 1367 627 1420 τικοὶ
666 1366 760 1420 καὶ
793 1367 1089 1437 ἐπαχθεῖς,
1139 1369 1259 1422 ούδέ
1300 1370 1455 1423 αὐτοὶ⁵
1498 1370 1662 1424 πάλιν
1698 1371 1929 1432 οἴκοθεν,
1959 1372 2074 1425 ἀλλ’

483 1450 588 1503 ύπό
614 1467 757 1513 τινος
782 1449 1087 1516 κενοδοξίας
1112 1452 1206 1505 καὶ
1226 1452 1319 1507 τοῦ
1338 1454 1567 1525 καθαροὶ
1582 1454 1885 1527 λημμάτων
1911 1452 2070 1510 εἶναι’

483 1532 772 1605 ἀμφότερα
804 1533 862 1587 δὲ
892 1534 991 1588 οὐκ
1021 1535 1086 1589 ἀν
1123 1552 1207 1599 τις
1247 1536 1345 1591 ἴδοι
1387 1537 1585 1608 ῥαδίως
1624 1538 1944 1591 συνελθόντα
1991 1539 2073 1603 είς

482 1617 610 1670 ἓνα’
636 1617 806 1681 δεῖξαι
839 1617 1162 1689 βουλόμενος
1189 1623 1217 1673 ὁ
1244 1620 1399 1689 ἆγιος
1427 1614 1602 1686 οὗτος,
1635 1623 1717 1675 ὅτι
1744 1623 2072 1693 ἀμφοτέρων

484 1700 865 1771 περιεγένετο,
898 1702 992 1755 καὶ
1025 1702 1332 1773 λημμάτων
1366 1706 1589 1776 ἐκράτει
1625 1707 1717 1759 καὶ
1764 1706 1956 1778 ὀργῆς,
1992 1708 2071 1760 εί-

483 1782 622 1851 πὼν,
653 1783 749 1852 Μὴ
776 1786 1016 1854 μόσχον
1051 1786 1208 1853 τινὸς
1244 1787 1415 1856 ὐμῶν
1446 1790 1707 1858 sumam;
1748 1792 1851 1844 οὐκ
1883 1792 2072 1863 ἐσίγη-

485 1885 598 1933 σεν,
619 1868 734 1922 ἀλλ’
756 1871 1057 1939 ἐπήγαγεν,
1086 1872 1162 1924 ’Ἠ
1184 1871 1719 1927 κατεδυνὰστευσά
1746 1891 1877 1928 τινα
1905 1875 2075 1943 ὑμῶν

482 1950 523 2020 ἢ
573 1950 905 2017 ἐξεπίεσας
943 1952 1087 2005 τοῦτ’
1134 1955 1301 2014 ἐστιν.
1354 1955 1638 2026 ἐξέθλιψας
1695 1960 1759 2011 Ὃ
1807 1959 1865 2011 δέ
1926 1959 2072 2027 λέγει

478 2035 718 2090 τοιοῦτόν
752 2038 929 2089 ἐστιν’
966 2037 1153 2101 Οὐδεὶς
1196 2038 1261 2091 ἂν
1295 2038 1407 2110 ἔχοι
1440 2040 1603 2095 τοῦτο
1636 2041 1832 2105 εἰπεῖν,
1862 2043 1943 2095 δτι
1971 2044 2073 2095 οὐκ

478 2118 670 2172 ἔλαϐον
713 2120 833 2189 μὲν,
868 2121 1056 2192 ἐπειδὴ
1098 2121 1155 2174 δε
1188 2124 1287 2175 οὐκ
1326 2122 1540 2182 ἔλαϐον.
1585 2124 1844 2195 φορτικὸς
1883 2125 2069 2193 ἐγενό-

482 2219 591 2272 μην
629 2202 722 2255 καὶ
771 2203 1016 2275 ἐπαχθὴς
1059 2207 1154 2257 καὶ
1194 2205 1347 2273 ὠμὸς
1386 2206 1482 2259 καὶ⁹
1525 2206 1734 2276 ἄγριος.
1768 2207 1867 2259 Διὰ
1910 2206 2071 2259 τοῦτο

478 2286 682 2354 ἔλεγεν,
716 2288 785 2339 Ἣ
833 2287 1372 2343 κατεδυνὰστευσά
1408 2306 1545 2343 τινα
1597 2290 1802 2358 ὐμῶνς
1858 2290 1923 2343 Τί
1975 2288 2071 2344 οὖν

477 2370 694 2435 ἐκεῖνοι;
735 2369 886 2424 Οὔτε
931 2371 1504 2438 κατεδυνὰστευσας
1548 2372 1744 2439 ἡμᾶς,
1781 2374 1920 2427 οὔτε
1967 2374 2068 2439 ἐξ·

475 2453 748 2519 επίεσας,
765 2453 907 2507 οὐδὲ
933 2454 1190 2523 εἴληφας
1220 2455 1289 2510 ἐκ
1315 2456 1514 2525 χειρὸς
1545 2455 1717 2524 ἡμῶν
1741 2456 1939 2511 οὐδέν.
1961 2458 2070 2510 Καὶ⁸

475 2532 563 2587 ἶνα
598 2535 795 2607 μάθῃς,
821 2537 904 2590 ὅτι
926 2538 1019 2590 κοιλ¹
1046 2538 1137 2590 τὸν
1169 2537 1395 2607 βασιλέα
1417 2538 1580 2591 αὑτὸν
1604 2539 1873 2592 παιδεύων
1896 2539 2069 2594 ταῦτα

475 2616 680 2685 ἔλεγεν,
712 2619 979 2689 ἐπήγαγε*
1012 2619 1253 2688 Μάρτυς
1279 2619 1429 2692 [299]
1459 2622 1693 2689 Κύριος,
1723 2623 1818 2675 καί
1838 2622 2070 2690 μάρτυς

475 2703 509 2753 ὀ
554 2701 803 2769 χριστὸς
839 2702 1028 2757 αὐτοῦ
1051 2719 1065 2733 ’
1111 2701 1272 2757 τοῦτο
1308 2703 1365 2756 δὲ
1410 2704 1544 2775 ἡμῖν
1573 2704 1704 2757 αὐτὸ
1740 2705 2068 2778 παραδηλῶν

475 2784 568 2837 καὶ
611 2785 861 2851 δεικνὺς,
903 2786 977 2851 ὡς
1011 2787 1111 2841 οὐκ
1151 2783 1219 2859 ἦν
1254 2788 1288 2858 ή
1344 2787 1621 2859 μαρτυρία
1666 2790 2065 2861 κεχαρισμένη,

474 2866 638 2921 αὑτὸν
675 2868 902 2921 ἐκάλεσε
956 2870 1213 2941 μάρτυρα
1244 2869 1336 2922 τὸν
1375 2871 1445 2924 τά
1492 2871 1781 2943 ἀπόρρητα
1817 2873 1919 2941 τῆς
1947 2873 2068 2926 δια-

472 2950 620 3013 νοίας
649 2950 857 3014 εἰδότα,
888 2952 1027 3022 ὅπερ
1062 2954 1179 3005 ἐστὶ
1222 2952 1465 3023 καθαροῦ
1507 2954 1809 3017 συνειδότος
1843 2955 2064 3009 ἀπόδει-

474 3032 577 3097 ξις.
610 3033 798 3095 Οὐδεὶς
832 3033 964 3105 γὰρ,
1005 3036 1212 3099 οὐδεὶς,
1246 3037 1294 3088 εί
1341 3036 1417 3106 μὴ
1467 3037 1673 3107 σφόδρα
1708 3033 1776 3107 ἦν
1806 3038 2068 3111 μεμηνὼς

474 3115 569 3168 καὶ
594 3114 903 3186 ἐξεστηκὼς
926 3156 941 3181 ,
970 3115 1066 3170 τοῦ
1095 3118 1396 3182 συνειδότος
1425 3117 1522 3171 τοῦ
1554 3120 1751 3173 ἑαυτοῦ
1787 3121 2068 3177 καλέσειεν

472 3199 539 3253 ἄν
570 3214 697 3252 ποτε
725 3199 980 3272 μάρτυρα
998 3201 1089 3254 τὸν
1122 3201 1275 3265 Θεὸν,
1301 3204 1350 3255 εί
1379 3201 1453 3274 μὴ
1488 3202 1696 3273 σφόδρα
1731 3204 1911 3276 ἐαυτῷ
1933 3206 2068 3279 θαρ-

474 3281 617 3353 ροίη.
666 3283 1156 3357 Μαρτυρησάντων
1204 3285 1385 3338 τοίνυν
1417 3285 1646 3339 ἐκείνων
1685 3288 1779 3340 ἐπί
1830 3291 1943 3352 τοῖς
1978 3291 2066 3342 εί-

476 3365 734 3435 ρημένοις
785 3367 963 3439 αὐτῷ,
1010 3369 1105 3421 καὶ
1137 3367 1333 3439 ἑτέραν
1362 3367 1561 3422 ἐαυτοῦ
1602 3369 1878 3424 δείκνυσιν
1904 3371 2068 3434 αὐτὸς

470 3449 676 3520 ἀρετήν
695 3465 709 3480 ⁶
739 3450 834 3503 καὶ
866 3449 975 3504 τῶν
1020 3450 1268 3505 παλαιῶν
1306 3454 1634 3525 ἀναμνήσας
1666 3454 1926 3509 ἀπάντων
1956 3454 2067 3509 τῶν

470 3532 613 3585 κατά
635 3531 732 3602 τὴν
763 3533 1063 3601 Αἴγυπτον,
1108 3535 1204 3588 καὶ
1254 3535 1355 3604 τῆς
1381 3537 1477 3589 τοῦ
1510 3536 1648 3589 Θεοῦ
1692 3540 2064 3610 προστασίας,

472 3613 566 3667 καὶ
610 3614 718 3668 τῶν
756 3618 872 3686 μετ’
913 3618 1157 3682 ἐκείνους
1192 3617 1467 3689 πολέμων,
1516 3621 1923 3691 ἀναμιμνήσκει
1968 3622 2068 3691 τῆς

475 3696 657 3768 μάχης
697 3699 796 3769 τῆς
826 3701 915 3753 ἐπ’
956 3700 1125 3755 αὐτοῦ
1166 3702 1465 3773 γενομένης
1503 3703 1598 3756 καὶ
1640 3704 1744 3772 τῆς
1772 3703 1933 3773 νίκης
1968 3705 2068 3775 τῆς

472 3780 803 3850 παραδόξου·
848 3784 942 3837 καὶ
967 3784 1138 3839 εἰπὼν
1168 3785 1286 3848 πῶς
1311 3785 1575 3849 πολλάκις
1603 3785 1694 3839 διὰ
1726 3786 1824 3849 τὰς
1855 3786 2068 3849 οἶκείας

474 3865 750 3936 ἁμαρτίας
796 3870 911 3932 τοῖς
970 3868 1253 3940 πολεμίοις
1314 3868 1753 3940 παραδοθέντων,
1805 3868 2067 3924 ἐκάλεσεν

1200 332 1259 388 S.
1298 330 1584 388 JOANNIS
1621 331 2111 388 CIIRYSOSTOMI
2149 336 2473 396 ARCHIEP.
2515 339 3072 400 CONSTANTINOP.

3668 342 3770 399 510

2181 440 2344 506 αὐτὸς
2362 441 2452 496 τὸν
2473 441 2629 509 Θεὸν,
2655 444 2752 498 καὶ
2775 442 3086 515 ἀπήλλαξεν
3108 443 3304 513 αὐτοὺς
3331 448 3442 503 τῶν
3464 450 3767 521 πολεμίων,

2182 526 2467 581 συνάπτων
2513 530 2628 592 τοῖς
2669 526 2920 591 παλαιοῖς
2965 527 3035 583 τά
3068 529 3195 595 νέα,
3235 531 3429 601 ἐπάγει
3463 536 3562 589 καὶ
3597 536 3764 605 λέγει·

2192 608 2609 673 Ἐξιιπέστειλε
2633 612 2851 679 Κύριος
2878 612 2986 665 τὸν
3022 609 3337 680 ἰεροθάαλ,
3372 615 3483 669 τὸν
3508 618 3765 685 Γεδεὼν,

2179 698 2277 751 καί
2298 699 2405 753 τὸν
2425 700 2644 766 Βαράκ,
2670 701 2767 754 καὶ
2791 701 2900 754 τὸν
2937 701 3175 769 Ἰεφθάε,
3200 702 3297 756 καί
3323 703 3431 757 τὸν
3451 709 3765 776 Σαμουὴλ,

2179 780 2275 834 καὶ
2294 782 2562 846 ἐξείλετο
2583 780 2739 853 ὑμᾶς
2758 783 3067 837 κύκλωθεν
3083 784 3152 837 ἐκ
3167 784 3369 854 χειρὸς
3392 788 3515 843 τῶν
3536 790 3768 861 ἐχθρῶν

2178 862 2363 932 ὑμῶν,
2390 864 2487 917 καὶ
2509 864 2837 919 κατοικεῖτε
2851 868 3222 933 πεποιθότες.

2253 952 2303 1001 ι’.
2339 947 2501 1018 Ὁρᾷς
2518 947 2635 1011 πῶς
2652 947 2774 1011 ἔθος
2800 949 2914 1011 τοῖς
2934 948 3113 1017 ἁγίοις
3131 949 3206 1020 μή
3219 950 3289 1003 τά
3317 951 3532 1006 ἐαυτῶν
3560 971 3765 1026 κατορ-

2178 1026 2406 1099 θώματα
2446 1029 2646 1098 λέγειν,
2687 1033 2736 1083 εί
2779 1032 2854 1102 μή
2903 1048 3034 1084 ποτε
3078 1034 3620 1103 καταναγκασθεῖεν;
3666 1040 3767 1095 Διά

2175 1113 2333 1167 τοῦτο
2361 1114 2455 1167 καὶ
2492 1114 2520 1167 ό
2555 1114 2769 1178 Παῦλος
2808 1115 2945 1187 πρὸς
2981 1115 3205 1180 τούτους
3235 1116 3468 1187 βλέπων,
3509 1123 3604 1175 καὶ
3637 1140 3765 1177 παι-

2174 1189 2461 1263 δευόμενος
2490 1192 2757 1265 ἀκριϐῶς,
2802 1194 2885 1249 ὅτι
2926 1193 2989 1247 τὸ
3021 1196 3186 1249 αὐτόν
3222 1214 3346 1252 τινα
3389 1200 3520 1270 περὶ⁸
3566 1202 3763 1256 ἑαυτοῦ

2175 1273 2355 1341 λέγειν
2383 1275 2619 1345 ἐπαχθὲς
2647 1276 2743 1330 καὶ
2766 1277 3275 1348 φορτικὸν,ἐλεγεν’
3306 1282 3573 1350 Ὄφελον
3601 1286 3763 1340 ἁνεί-

2174 1362 2356 1431 χεσθέ
2382 1381 2500 1433 μου
2543 1364 2762 1433 μικρὸν
2802 1364 2878 1434 τῇ
2923 1366 3276 1436 ἀφροσύνῃ·
3305 1369 3369 1421 ού
3418 1370 3581 1439 μέγα,
3629 1373 3763 1427 ἀλλὰ

2177 1447 2373 1519 μικρόν
2395 1465 2468 1501 τι.
2504 1448 2638 1501 Ούδέ
2672 1448 2783 1519 γάρ
2810 1450 3057 1521 ἀνάγκης
3094 1448 3262 1522 οὔσης
3307 1454 3446 1521 μετά
3486 1454 3762 1524 δαψιλείας

2173 1533 2356 1603 ἐκχεῖν
2390 1532 2587 1586 ἑαυτὸν
2622 1534 2702 1597 είς
2728 1532 2827 1604 τὴν
2875 1533 3129 1605 διήγησιν
3159 1534 3269 1588 τῶν
3296 1538 3587 1607 ἐγκωμίων
3619 1557 3763 1613 παρ-

2173 1615 2503 1669 εσκεύασται
2528 1656 2542 1679 ,
2571 1616 2707 1669 ἀλλά
2732 1616 2821 1669 διὰ
2851 1616 3097 1687 βραχέων
3121 1618 3262 1672 αύτά
3281 1622 3643 1692 παρατρέχει·
3667 1627 3764 1679 καὶ

2173 1698 2306 1751 αὐτὸ
2335 1698 2399 1770 δὴ
2424 1699 2583 1753 τοῦτο
2612 1698 2679 1752 δι’
2703 1699 2945 1763 ἐκείνους
2967 1702 3060 1753 καὶ
3081 1700 3180 1772 τὴν
3204 1702 3428 1756 ἐκείνων
3458 1706 3758 1777 σωτηρίαν.

2176 1782 2387 1852 Ὥσπερ
2405 1782 2534 1853 γάρ,
2563 1784 2663 1836 οὐκ
2685 1780 2851 1852 οὔσης
2872 1782 3115 1854 ἀνάγκης
3146 1783 3326 1852 λέγειν
3349 1785 3416 1839 τά
3434 1787 3611 1841 οἰκεῖα
3632 1806 3764 1844 κατ-

2172 1863 2500 1937 ορθώματα,
2542 1864 2731 1929 ἀνοίας
2783 1865 2932 1919 ἐστὶν
2978 1868 3243 1937 ἐσχάτης,
3295 1867 3470 1933 οὕτως
3511 1871 3762 1944 ἀνάγκης

2173 1948 2527 2018 ἐπικειμένης
2559 1948 2655 2001 καλ⁵
2686 1946 2805 2018 βίας
2835 1947 3104 2018 ὼθούσης,
3148 1950 3309 2003 πάλιν
3344 1953 3607 2021 προδοσία
3639 1956 3760 2009 ἐστὶ

2170 2029 2233 2084 τδ
2259 2033 2416 2101 σιγᾷν
2440 2031 2509 2084 τὰ
2528 2031 2706 2085 αὐτῶν
2730 2033 3116 2103 πεπραγμένα.
3153 2034 3294 2088 Ἀλλ’
3321 2037 3470 2105 ὅμως
3490 2037 3521 2089 ὁ
3548 2038 3762 2096 Παῦλος

2172 2115 2267 2168 καὶ
2305 2114 2554 2184 ἀνάγκην
2585 2111 2751 2169 οὖσαν
2777 2115 2940 2187 ὁρῶν,
2982 2115 3229 2170 ἀπώκνει
3249 2157 3263 2179 ,
3297 2120 3392 2172 καὶ
3425 2120 3485 2172 τὸ
3525 2124 3760 2192 πρᾶγμα

2172 2198 2485 2270 ἀφροσύνην
2516 2199 2720 2263 ἐκάλει,
2750 2199 2838 2254 ἵνα
2882 2199 3059 2271 μάθῃς
3091 2200 3259 2253 αὐτοῦ
3286 2202 3383 2272 τὴν
3414 2202 3632 2258 σύνεσιν
3667 2209 3761 2260 καὶ

2171 2281 2269 2353 τὴν
2294 2281 2484 2351 σοφίαν
2507 2284 2602 2337 καὶ
2625 2283 2721 2354 τὴν
2744 2283 2941 2353 πολλὴν
2961 2284 3283 2352 ἀσφάλειαν.
3308 2287 3416 2339 Καὶ
3434 2287 3545 2357 γάρ
3565 2288 3756 2353 εἰπὼν,

2178 2367 2240 2418 ’0
2271 2364 2461 2426 λαλῶ.
2503 2368 2574 2419 οὐ
2602 2365 2772 2419 λα.ὶῶ
2799 2367 2947 2420 κατὰ
2980 2369 3219 2434 Κύριον,
3246 2368 3616 2440 προσέθηκεν,
3660 2374 3761 2427 Ἐν

2171 2449 2357 2518 ταύτῃ
2384 2446 2460 2516 τῇ
2483 2448 2819 2503 ὑποστάσει
2841 2448 2952 2515 τῆς
2977 2450 3358 2518 καυχήσεως.
3385 2452 3476 2521 Μὴ
3503 2455 3757 2527 νομίσῃς,

2172 2532 2324 2601 φησὶ,
2354 2531 2581 2585 καθόλου
2615 2548 2682 2600 με
2705 2532 2865 2585 τοῦτο
2886 2531 3086 2600 λέγειν.
3120 2534 3284 2586 Ὥστε
3309 2534 3394 2587 διὰ
3416 2535 3577 2588 τοῦτο
3594 2538 3760 2590 αὑτὸν

2174 2614 2410 2684 μάλιστα
2443 2615 2651 2669 ἐπαινῶ
2678 2615 2772 2668 καὶ
2808 2616 3074 2685 θαυμάζω
3105 2617 3201 2670 καλ⁵
3235 2617 3549 2687 σοφώτατον
3579 2621 3757 2684 καλῶ,

2169 2697 2250 2750 ὅτι
2275 2700 2509 2769 πρᾶγμα
2531 2697 2849 2769 ἀφροσύνης
2879 2694 3021 2752 εἶναι
3041 2699 3259 2770 ἐνόμισε
3291 2700 3351 2754 τὸ
3375 2702 3571 2755 ἑαυτὸν
3590 2704 3761 2772 ἐγκω-

2173 2780 2392 2850 μιάζειν
2437 2782 2532 2834 καὶ
2577 2783 2839 2835 ἐπαινεῖν.
2888 2783 2953 2835 Ei
2998 2782 3056 2835 δέ
3095 2775 3251 2846 οὗτος
3300 2784 3547 2855 ἀνάγκην
3595 2782 3760 2840 οὖσαν

2169 2864 2337 2935 ὁρῶν,
2367 2865 2679 2936 ἀφροσύνην
2702 2865 2859 2919 τοῦτο
2881 2866 3090 2929 ἐκάλει,
3119 2867 3267 2931 τίνος
3294 2866 3359 2922 ἂν
3386 2865 3495 2921 εἷεν
3522 2871 3762 2940 συγγνώ-

2174 2965 2281 3019 μης
2319 2948 2484 3015 ἄξιοι,
2519 2949 2681 3011 ποίας
2707 2949 3028 3018 ἀπολογίας,
3066 2952 3114 3003 οἱ
3149 2950 3284 3022 μηδὲ
3311 2952 3560 3023 ἀνάγκης
3588 2953 3759 3025 οῦσης

2170 3031 2300 3103 περὶ
2340 3030 2555 3085 ἐαυτῶν
2582 3031 2831 3098 λέγοντες
2866 3032 3102 3102 μεγάλα,
3133 3032 3166 3104 ἢ
3200 3033 3297 3087 καὶ
3323 3034 3542 3103 ἐτέρους
3581 3035 3759 3104 λέγειν

2169 3112 2717 3183 καταναγκάζοντεςς
2763 3114 2928 3167 Ταῦτ’
2953 3111 3047 3169 οὖν
3080 3115 3299 3179 εἰδότες,
3332 3116 3408 3188 μή
3440 3118 3759 3188 ἐπαινῶμεν

2167 3196 2236 3250 τά
2261 3197 2531 3267 λεγόμενα
2565 3198 2746 3268 μόνον,
2770 3197 2907 3251 ἀλλά
2935 3198 3028 3252 καὶ
3064 3198 3434 3270 μιμησώμεθα
3465 3203 3562 3255 καὶ
3585 3202 3760 3274 ζηλώ-

2171 3296 2374 3349 σωμεν,
2429 3280 2526 3333 καὶ
2576 3279 3019 3352 κατορθωμάτων
3077 3279 3595 3353 ἐπιλανθανόμενοι,
3651 3286 3755 3337 τῶν

2169 3361 2589 3433 ἁμαρτημάτων
2612 3364 2699 3416 ἀεὶ
2730 3363 3181 3434 μνημονεύωμεν,
3205 3363 3292 3416 ἵνα
3314 3364 3409 3416 καὶ
3444 3367 3757 3435 μετριάζειν

2167 3443 2486 3514 δυνώμεθα,
2520 3446 2616 3498 καὶ
2662 3446 2798 3516 πρὸς
2827 3446 2894 3499 τὰ
2936 3445 3247 3518 ἔμπροσθεν
3278 3446 3753 3519 ἐπεκτεινόμενοι,

2166 3528 2230 3581 τὸ
2269 3526 2524 3599 βραϐεῖον
2558 3527 2814 3599 λάϐωμεν
2841 3529 2943 3598 τῆς
2970 3528 3084 3582 ἀνω
3125 3529 3403 3601 κλήσεως,
3437 3531 3622 3603 χάριτι
3664 3533 3755 3585 καὶ

2170 3609 2554 3682 φιλανθρωπίᾳ
2578 3608 2674 3664 τοῦ
2703 3610 2911 3683 Κυρίου
2943 3611 3100 3682 ἡμῶν
3139 3610 3314 3682 Ἰησοῦ
3335 3613 3599 3683 Χριστοῦ,
3636 3614 3753 3684 μεθ’

2168 3686 2231 3747 οὗ
2268 3692 2347 3763 τῷ
2378 3694 2554 3765 Πατρὶ
2582 3693 2702 3765 ἅμα
2726 3694 2806 3766 τῷ
2840 3694 2984 3765 ἁγίῳ
3015 3694 3291 3766 Πνεύματι
3321 3695 3449 3760 δόξα
3473 3738 3488 3762 ,
3519 3699 3752 3768 κράτος,

2168 3778 2323 3848 τιμὴ,
2359 3775 2455 3833 νῦν
2481 3778 2577 3833 καὶ
2603 3778 2713 3845 ἀεὶ,
2741 3779 2838 3833 καὶ
2870 3780 2952 3843 είς
2984 3780 3111 3844 τοὺς
3141 3778 3345 3845 αἰῶνας
3372 3779 3482 3834 τῶν
3520 3781 3753 3835 αἰώνων.

2182 3859 2379 3931 ’Δμήν.
