  <div class='ocr_page' id='page_1' title='image "/cluster/home/n/w/nwhite01/storage/ocr_20150623/51:no.3:pt.1/coo.31924054869502/312.png"; bbox 0 0 4062 6470; ppageno 0'>
   <div class='ocr_carea' id='block_1_1' title="bbox 299 391 409 447">
    <p class='ocr_par' dir='ltr' id='par_1_1' title="bbox 299 391 409 447">
     <span class='ocr_line' id='line_1_1' title="bbox 299 391 409 447; baseline 0.018 -2"><span class='ocrx_word' id='word_1_1' title='bbox 299 391 409 447; x_wconf 70' lang='lat'><strong>309</strong></span> 
     </span>
    </p>
   </div>
   <div class='ocr_carea' id='block_1_2' title="bbox 312 498 1916 574">
    <p class='ocr_par' dir='ltr' id='par_1_2' title="bbox 312 498 1916 574">
     <span class='ocr_line' id='line_1_2' title="bbox 312 498 1916 574; baseline -0.001 -19"><span class='ocrx_word' id='word_1_2' title='bbox 312 501 478 556; x_wconf 83' lang='lat' dir='ltr'><strong>modo</strong></span> <span class='ocrx_word' id='word_1_3' title='bbox 518 519 699 574; x_wconf 86' lang='lat' dir='ltr'><strong>quave</strong></span> <span class='ocrx_word' id='word_1_4' title='bbox 721 502 932 558; x_wconf 80' lang='lat' dir='ltr'><strong>ratione</strong></span> <span class='ocrx_word' id='word_1_5' title='bbox 946 498 1284 556; x_wconf 72' lang='lat' dir='ltr'><strong>subditorum</strong></span> <span class='ocrx_word' id='word_1_6' title='bbox 1315 516 1499 556; x_wconf 90' lang='lat' dir='ltr'><strong>curam</strong></span> <span class='ocrx_word' id='word_1_7' title='bbox 1528 515 1714 572; x_wconf 81' lang='lat' dir='ltr'><strong>gerere</strong></span> <span class='ocrx_word' id='word_1_8' title='bbox 1754 515 1916 571; x_wconf 86' lang='lat' dir='ltr'><strong>opor-</strong></span> 
     </span>
    </p>
   </div>
   <div class='ocr_carea' id='block_1_3' title="bbox 314 590 1915 663">
    <p class='ocr_par' dir='ltr' id='par_1_3' title="bbox 314 590 1915 663">
     <span class='ocr_line' id='line_1_3' title="bbox 314 590 1915 663; baseline 0.001 -18"><span class='ocrx_word' id='word_1_9' title='bbox 314 599 447 645; x_wconf 89' lang='lat' dir='ltr'><strong>teat.</strong></span> <span class='ocrx_word' id='word_1_10' title='bbox 497 590 578 646; x_wconf 82' lang='lat' dir='ltr'><strong>&#39;l‘u</strong></span> <span class='ocrx_word' id='word_1_11' title='bbox 609 606 737 646; x_wconf 87' lang='lat' dir='ltr'><strong>vero</strong></span> <span class='ocrx_word' id='word_1_12' title='bbox 767 591 898 646; x_wconf 87' lang='lat' dir='ltr'><strong>mihi</strong></span> <span class='ocrx_word' id='word_1_13' title='bbox 927 591 1198 662; x_wconf 91' lang='lat' dir='ltr'><strong>perpende</strong></span> <span class='ocrx_word' id='word_1_14' title='bbox 1226 590 1496 663; x_wconf 86' lang='lat' dir='ltr'><strong>quomodo</strong></span> <span class='ocrx_word' id='word_1_15' title='bbox 1535 606 1596 647; x_wconf 90' lang='lat' dir='ltr'><strong>se</strong></span> <span class='ocrx_word' id='word_1_16' title='bbox 1631 591 1915 661; x_wconf 73' lang='lat' dir='ltr'><strong>diligenter</strong></span> 
     </span>
    </p>
   </div>
   <div class='ocr_carea' id='block_1_4' title="bbox 308 683 1911 753">
    <p class='ocr_par' dir='ltr' id='par_1_4' title="bbox 308 683 1911 753">
     <span class='ocr_line' id='line_1_4' title="bbox 308 683 1911 753; baseline 0.001 -18"><span class='ocrx_word' id='word_1_17' title='bbox 308 683 463 736; x_wconf 88' lang='lat' dir='ltr'><strong>omni</strong></span> <span class='ocrx_word' id='word_1_18' title='bbox 491 697 714 737; x_wconf 91' lang='lat' dir='ltr'><strong>munere</strong></span> <span class='ocrx_word' id='word_1_19' title='bbox 733 698 924 753; x_wconf 90' lang='lat' dir='ltr'><strong>purum</strong></span> <span class='ocrx_word' id='word_1_20' title='bbox 946 697 1065 738; x_wconf 88' lang='lat' dir='ltr'><strong>esse</strong></span> <span class='ocrx_word' id='word_1_21' title='bbox 1086 683 1437 739; x_wconf 78' lang='lat' dir='ltr'><strong>demonstret.</strong></span> <span class='ocrx_word' id='word_1_22' title='bbox 1461 683 1576 738; x_wconf 93' lang='lat' dir='ltr'><strong>Non</strong></span> <span class='ocrx_word' id='word_1_23' title='bbox 1594 684 1735 740; x_wconf 91' lang='lat' dir='ltr'><strong>enim</strong></span> <span class='ocrx_word' id='word_1_24' title='bbox 1758 683 1911 745; x_wconf 86' lang='lat' dir='ltr'><strong>dixit.</strong></span> 
     </span>
    </p>
   </div>
   <div class='ocr_carea' id='block_1_5' title="bbox 308 773 1914 846">
    <p class='ocr_par' dir='ltr' id='par_1_5' title="bbox 308 773 1914 846">
     <span class='ocr_line' id='line_1_5' title="bbox 308 773 1914 846; baseline 0.001 -16"><span class='ocrx_word' id='word_1_25' title='bbox 308 773 451 830; x_wconf 78' lang='lat' dir='ltr'><strong>Num</strong></span> <span class='ocrx_word' id='word_1_26' title='bbox 485 789 646 846; x_wconf 93' lang='lat' dir='ltr'><strong>agros</strong></span> <span class='ocrx_word' id='word_1_27' title='bbox 682 775 977 845; x_wconf 73' lang='lat' dir='ltr'><strong>cuiuspiam</strong></span> <span class='ocrx_word' id='word_1_28' title='bbox 1006 786 1244 831; x_wconf 87' lang='lat' dir='ltr'><strong>vestrum</strong></span> <span class='ocrx_word' id='word_1_29' title='bbox 1273 776 1503 832; x_wconf 84' lang='lat' dir='ltr'><strong>abstuli?</strong></span> <span class='ocrx_word' id='word_1_30' title='bbox 1529 792 1654 831; x_wconf 88' lang='lat' dir='ltr'><strong>nutn</strong></span> <span class='ocrx_word' id='word_1_31' title='bbox 1685 777 1914 832; x_wconf 80' lang='lat' dir='ltr'><strong>aurum?</strong></span> 
     </span>
    </p>
   </div>
   <div class='ocr_carea' id='block_1_6' title="bbox 307 864 1910 935">
    <p class='ocr_par' dir='ltr' id='par_1_6' title="bbox 307 864 1910 935">
     <span class='ocr_line' id='line_1_6' title="bbox 307 864 1910 935; baseline 0.002 -18"><span class='ocrx_word' id='word_1_32' title='bbox 307 865 405 918; x_wconf 86' lang='lat' dir='ltr'><strong>sed</strong></span> <span class='ocrx_word' id='word_1_33' title='bbox 452 864 599 934; x_wconf 88' lang='lat' dir='ltr'><strong>quod</strong></span> <span class='ocrx_word' id='word_1_34' title='bbox 643 866 879 920; x_wconf 90' lang='lat' dir='ltr'><strong>omnium</strong></span> <span class='ocrx_word' id='word_1_35' title='bbox 924 867 1242 922; x_wconf 83' lang='lat' dir='ltr'><strong>vilissimum</strong></span> <span class='ocrx_word' id='word_1_36' title='bbox 1285 877 1422 935; x_wconf 90' lang='lat' dir='ltr'><strong>erat,</strong></span> <span class='ocrx_word' id='word_1_37' title='bbox 1473 867 1611 922; x_wconf 90' lang='lat' dir='ltr'><strong>Num</strong></span> <span class='ocrx_word' id='word_1_38' title='bbox 1646 868 1910 935; x_wconf 79' lang='lat' dir='ltr'><strong>calceum,</strong></span> 
     </span>
    </p>
   </div>
   <div class='ocr_carea' id='block_1_7' title="bbox 305 956 1909 1031">
    <p class='ocr_par' dir='ltr' id='par_1_7' title="bbox 305 956 1909 1031">
     <span class='ocr_line' id='line_1_7' title="bbox 305 956 1909 1031; baseline 0.004 -21"><span class='ocrx_word' id='word_1_39' title='bbox 305 956 529 1026; x_wconf 77' lang='lat' dir='ltr'><strong>inquit?</strong></span> <span class='ocrx_word' id='word_1_40' title='bbox 590 957 793 1012; x_wconf 86' lang='lat' dir='ltr'><strong>Deinde</strong></span> <span class='ocrx_word' id='word_1_41' title='bbox 853 958 1011 1013; x_wconf 88' lang='lat' dir='ltr'><strong>aliam</strong></span> <span class='ocrx_word' id='word_1_42' title='bbox 1080 976 1308 1031; x_wconf 84' lang='lat' dir='ltr'><strong>eamque</strong></span> <span class='ocrx_word' id='word_1_43' title='bbox 1362 977 1609 1031; x_wconf 82' lang='lat' dir='ltr'><strong>magnam</strong></span> <span class='ocrx_word' id='word_1_44' title='bbox 1659 962 1909 1017; x_wconf 78' lang='lat' dir='ltr'><strong>virtutem</strong></span> 
     </span>
    </p>
   </div>
   <div class='ocr_carea' id='block_1_8' title="bbox 304 1048 1913 1123">
    <p class='ocr_par' dir='ltr' id='par_1_8' title="bbox 304 1048 1913 1123">
     <span class='ocr_line' id='line_1_8' title="bbox 304 1048 1913 1123; baseline 0.004 -21"><span class='ocrx_word' id='word_1_45' title='bbox 304 1063 463 1102; x_wconf 79' lang='lat' dir='ltr'><strong>suam</strong></span> <span class='ocrx_word' id='word_1_46' title='bbox 497 1048 767 1117; x_wconf 83' lang='lat' dir='ltr'><strong>patefecit.</strong></span> <span class='ocrx_word' id='word_1_47' title='bbox 798 1049 930 1116; x_wconf 85' lang='lat' dir='ltr'><strong>Quia</strong></span> <span class='ocrx_word' id='word_1_48' title='bbox 966 1051 1107 1105; x_wconf 88' lang='lat' dir='ltr'><strong>enim</strong></span> <span class='ocrx_word' id='word_1_49' title='bbox 1146 1052 1298 1106; x_wconf 87' lang='lat' dir='ltr'><strong>multi</strong></span> <span class='ocrx_word' id='word_1_50' title='bbox 1343 1052 1628 1123; x_wconf 86' lang='lat' dir='ltr'><strong>principes,</strong></span> <span class='ocrx_word' id='word_1_51' title='bbox 1659 1053 1784 1108; x_wconf 90' lang='lat' dir='ltr'><strong>dum</strong></span> <span class='ocrx_word' id='word_1_52' title='bbox 1830 1052 1913 1108; x_wconf 80' lang='lat' dir='ltr'><strong>fu-</strong></span> 
     </span>
    </p>
   </div>
   <div class='ocr_carea' id='block_1_9' title="bbox 304 1141 1911 1216">
    <p class='ocr_par' dir='ltr' id='par_1_9' title="bbox 304 1141 1911 1216">
     <span class='ocr_line' id='line_1_9' title="bbox 304 1141 1911 1216; baseline 0.004 -23"><span class='ocrx_word' id='word_1_53' title='bbox 304 1148 521 1203; x_wconf 87' lang='lat' dir='ltr'><strong>rantur,</strong></span> <span class='ocrx_word' id='word_1_54' title='bbox 565 1141 828 1196; x_wconf 88' lang='lat' dir='ltr'><strong>mansueti</strong></span> <span class='ocrx_word' id='word_1_55' title='bbox 861 1152 983 1197; x_wconf 90' lang='lat' dir='ltr'><strong>sunt</strong></span> <span class='ocrx_word' id='word_1_56' title='bbox 1021 1151 1077 1198; x_wconf 90' lang='lat' dir='ltr'><strong>et</strong></span> <span class='ocrx_word' id='word_1_57' title='bbox 1121 1144 1403 1211; x_wconf 86' lang='lat' dir='ltr'><strong>moderati,</strong></span> <span class='ocrx_word' id='word_1_58' title='bbox 1446 1161 1553 1199; x_wconf 85' lang='lat' dir='ltr'><strong>non</strong></span> <span class='ocrx_word' id='word_1_59' title='bbox 1592 1155 1780 1216; x_wconf 87' lang='lat' dir='ltr'><strong>suapte</strong></span> <span class='ocrx_word' id='word_1_60' title='bbox 1818 1162 1911 1200; x_wconf 89' lang='lat' dir='ltr'><strong>na-</strong></span> 
     </span>
    </p>
   </div>
   <div class='ocr_carea' id='block_1_10' title="bbox 304 1230 1908 1305">
    <p class='ocr_par' dir='ltr' id='par_1_10' title="bbox 304 1230 1908 1305">
     <span class='ocr_line' id='line_1_10' title="bbox 304 1230 1908 1305; baseline 0.005 -23"><span class='ocrx_word' id='word_1_61' title='bbox 304 1237 448 1298; x_wconf 88' lang='lat' dir='ltr'><strong>tura,</strong></span> <span class='ocrx_word' id='word_1_62' title='bbox 482 1230 580 1286; x_wconf 89' lang='lat' dir='ltr'><strong>sed</strong></span> <span class='ocrx_word' id='word_1_63' title='bbox 611 1239 836 1301; x_wconf 83' lang='lat' dir='ltr'><strong>cogente</strong></span> <span class='ocrx_word' id='word_1_64' title='bbox 859 1233 1208 1299; x_wconf 87' lang='lat' dir='ltr'><strong>conscientia,</strong></span> <span class='ocrx_word' id='word_1_65' title='bbox 1251 1235 1393 1305; x_wconf 89' lang='lat' dir='ltr'><strong>quod</strong></span> <span class='ocrx_word' id='word_1_66' title='bbox 1433 1236 1639 1292; x_wconf 85' lang='lat' dir='ltr'><strong>scilicet.</strong></span> <span class='ocrx_word' id='word_1_67' title='bbox 1676 1237 1781 1291; x_wconf 90' lang='lat' dir='ltr'><strong>illis</strong></span> <span class='ocrx_word' id='word_1_68' title='bbox 1810 1236 1908 1290; x_wconf 83' lang='lat' dir='ltr'><strong>ad-</strong></span> 
     </span>
    </p>
   </div>
   <div class='ocr_carea' id='block_1_11' title="bbox 308 1321 1908 1397">
    <p class='ocr_par' dir='ltr' id='par_1_11' title="bbox 308 1321 1908 1397">
     <span class='ocr_line' id='line_1_11' title="bbox 308 1321 1908 1397; baseline 0.005 -24"><span class='ocrx_word' id='word_1_69' title='bbox 308 1321 542 1375; x_wconf 88' lang='lat' dir='ltr'><strong>missum</strong></span> <span class='ocrx_word' id='word_1_70' title='bbox 573 1323 769 1376; x_wconf 86' lang='lat' dir='ltr'><strong>furtum</strong></span> <span class='ocrx_word' id='word_1_71' title='bbox 799 1322 1046 1379; x_wconf 87' lang='lat' dir='ltr'><strong>fiduciam</strong></span> <span class='ocrx_word' id='word_1_72' title='bbox 1075 1325 1224 1379; x_wconf 89' lang='lat' dir='ltr'><strong>tollat</strong></span> <span class='ocrx_word' id='word_1_73' title='bbox 1252 1343 1265 1379; x_wconf 90' lang='lat'>:</span> <span class='ocrx_word' id='word_1_74' title='bbox 1297 1335 1482 1381; x_wconf 87' lang='lat' dir='ltr'><strong>contra</strong></span> <span class='ocrx_word' id='word_1_75' title='bbox 1512 1342 1640 1382; x_wconf 91' lang='lat' dir='ltr'><strong>vero</strong></span> <span class='ocrx_word' id='word_1_76' title='bbox 1667 1330 1756 1397; x_wconf 86' lang='lat' dir='ltr'><strong>qui</strong></span> <span class='ocrx_word' id='word_1_77' title='bbox 1785 1344 1908 1381; x_wconf 88' lang='lat' dir='ltr'><strong>mu-</strong></span> 
     </span>
    </p>
   </div>
   <div class='ocr_carea' id='block_1_12' title="bbox 302 1415 1906 1487">
    <p class='ocr_par' dir='ltr' id='par_1_12' title="bbox 302 1415 1906 1487">
     <span class='ocr_line' id='line_1_12' title="bbox 302 1415 1906 1487; baseline 0.004 -22"><span class='ocrx_word' id='word_1_78' title='bbox 302 1426 435 1466; x_wconf 87' lang='lat' dir='ltr'><strong>nera</strong></span> <span class='ocrx_word' id='word_1_79' title='bbox 476 1424 820 1482; x_wconf 85' lang='lat' dir='ltr'><strong>aversantur,</strong></span> <span class='ocrx_word' id='word_1_80' title='bbox 863 1415 1075 1470; x_wconf 86' lang='lat' dir='ltr'><strong>molesti</strong></span> <span class='ocrx_word' id='word_1_81' title='bbox 1118 1418 1442 1487; x_wconf 89' lang='lat' dir='ltr'><strong>onerosique</strong></span> <span class='ocrx_word' id='word_1_82' title='bbox 1478 1428 1623 1484; x_wconf 90' lang='lat' dir='ltr'><strong>sunt,</strong></span> <span class='ocrx_word' id='word_1_83' title='bbox 1672 1433 1771 1473; x_wconf 87' lang='lat' dir='ltr'><strong>nec</strong></span> <span class='ocrx_word' id='word_1_84' title='bbox 1807 1418 1906 1487; x_wconf 66' lang='lat' dir='ltr'><strong>ipsi</strong></span> 
     </span>
    </p>
   </div>
   <div class='ocr_carea' id='block_1_13' title="bbox 299 1504 1903 1580">
    <p class='ocr_par' dir='ltr' id='par_1_13' title="bbox 299 1504 1903 1580">
     <span class='ocr_line' id='line_1_13' title="bbox 299 1504 1903 1580; baseline 0.007 -26"><span class='ocrx_word' id='word_1_85' title='bbox 299 1511 497 1571; x_wconf 89' lang='lat' dir='ltr'><strong>suapte</strong></span> <span class='ocrx_word' id='word_1_86' title='bbox 532 1511 746 1571; x_wconf 73' lang='lat' dir='ltr'><strong>natura,</strong></span> <span class='ocrx_word' id='word_1_87' title='bbox 775 1504 870 1560; x_wconf 87' lang='lat' dir='ltr'><strong>sed</strong></span> <span class='ocrx_word' id='word_1_88' title='bbox 909 1521 973 1561; x_wconf 83' lang='lat' dir='ltr'><strong>ex</strong></span> <span class='ocrx_word' id='word_1_89' title='bbox 1004 1507 1233 1577; x_wconf 89' lang='lat' dir='ltr'><strong>quadam</strong></span> <span class='ocrx_word' id='word_1_90' title='bbox 1276 1523 1408 1563; x_wconf 91' lang='lat' dir='ltr'><strong>vana</strong></span> <span class='ocrx_word' id='word_1_91' title='bbox 1442 1510 1634 1580; x_wconf 86' lang='lat' dir='ltr'><strong>gloria,</strong></span> <span class='ocrx_word' id='word_1_92' title='bbox 1679 1518 1730 1564; x_wconf 89' lang='lat' dir='ltr'><strong>et</strong></span> <span class='ocrx_word' id='word_1_93' title='bbox 1762 1510 1903 1580; x_wconf 90' lang='lat' dir='ltr'><strong>quod</strong></span> 
     </span>
    </p>
   </div>
   <div class='ocr_carea' id='block_1_14' title="bbox 301 1594 1905 1669">
    <p class='ocr_par' dir='ltr' id='par_1_14' title="bbox 301 1594 1905 1669">
     <span class='ocr_line' id='line_1_14' title="bbox 301 1594 1905 1669; baseline 0.006 -24"><span class='ocrx_word' id='word_1_94' title='bbox 301 1594 625 1648; x_wconf 87' lang='lat' dir='ltr'><strong>muneribus</strong></span> <span class='ocrx_word' id='word_1_95' title='bbox 648 1596 800 1650; x_wconf 83' lang='lat' dir='ltr'><strong>vacui</strong></span> <span class='ocrx_word' id='word_1_96' title='bbox 829 1596 938 1651; x_wconf 89' lang='lat' dir='ltr'><strong>sint</strong></span> <span class='ocrx_word' id='word_1_97' title='bbox 973 1615 987 1650; x_wconf 89' lang='lat'>:</span> <span class='ocrx_word' id='word_1_98' title='bbox 1033 1606 1259 1669; x_wconf 87' lang='lat' dir='ltr'><strong>utraque</strong></span> <span class='ocrx_word' id='word_1_99' title='bbox 1299 1608 1476 1654; x_wconf 89' lang='lat' dir='ltr'><strong>autem</strong></span> <span class='ocrx_word' id='word_1_100' title='bbox 1518 1601 1656 1655; x_wconf 90' lang='lat' dir='ltr'><strong>mala</strong></span> <span class='ocrx_word' id='word_1_101' title='bbox 1701 1600 1754 1655; x_wconf 91' lang='lat' dir='ltr'><strong>in</strong></span> <span class='ocrx_word' id='word_1_102' title='bbox 1799 1616 1905 1655; x_wconf 91' lang='lat' dir='ltr'><strong>uno</strong></span> 
     </span>
    </p>
   </div>
   <div class='ocr_carea' id='block_1_15' title="bbox 296 1686 1904 1748">
    <p class='ocr_par' dir='ltr' id='par_1_15' title="bbox 296 1686 1904 1748">
     <span class='ocr_line' id='line_1_15' title="bbox 296 1686 1904 1748; baseline 0.007 -11"><span class='ocrx_word' id='word_1_103' title='bbox 296 1698 637 1741; x_wconf 84' lang='lat' dir='ltr'><strong>concurrere</strong></span> <span class='ocrx_word' id='word_1_104' title='bbox 662 1698 768 1740; x_wconf 91' lang='lat' dir='ltr'><strong>non</strong></span> <span class='ocrx_word' id='word_1_105' title='bbox 799 1686 955 1742; x_wconf 79' lang='lat' dir='ltr'><strong>facile</strong></span> <span class='ocrx_word' id='word_1_106' title='bbox 979 1688 1163 1745; x_wconf 87' lang='lat' dir='ltr'><strong>videas</strong></span> <span class='ocrx_word' id='word_1_107' title='bbox 1212 1709 1225 1743; x_wconf 90' lang='lat'><strong><em>:</em></strong></span> <span class='ocrx_word' id='word_1_108' title='bbox 1268 1706 1389 1745; x_wconf 91' lang='lat' dir='ltr'><strong>cum</strong></span> <span class='ocrx_word' id='word_1_109' title='bbox 1428 1693 1712 1747; x_wconf 90' lang='lat' dir='ltr'><strong>ostendere</strong></span> <span class='ocrx_word' id='word_1_110' title='bbox 1745 1693 1904 1748; x_wconf 85' lang='lat' dir='ltr'><strong>vellet</strong></span> 
     </span>
    </p>
   </div>
   <div class='ocr_carea' id='block_1_16' title="bbox 298 1773 1899 1851">
    <p class='ocr_par' dir='ltr' id='par_1_16' title="bbox 298 1773 1899 1851">
     <span class='ocr_line' id='line_1_16' title="bbox 298 1773 1899 1851; baseline 0.007 -28"><span class='ocrx_word' id='word_1_111' title='bbox 298 1773 381 1826; x_wconf 79' lang='lat' dir='ltr'><strong>vir</strong></span> <span class='ocrx_word' id='word_1_112' title='bbox 410 1773 502 1828; x_wconf 91' lang='lat' dir='ltr'><strong>ille</strong></span> <span class='ocrx_word' id='word_1_113' title='bbox 543 1785 781 1842; x_wconf 86' lang='lat' dir='ltr'><strong>sanctus,</strong></span> <span class='ocrx_word' id='word_1_114' title='bbox 832 1792 889 1833; x_wconf 91' lang='lat' dir='ltr'><strong>se</strong></span> <span class='ocrx_word' id='word_1_115' title='bbox 932 1787 987 1834; x_wconf 92' lang='lat' dir='ltr'><strong>et</strong></span> <span class='ocrx_word' id='word_1_116' title='bbox 1018 1781 1331 1835; x_wconf 91' lang='lat' dir='ltr'><strong>muneribus</strong></span> <span class='ocrx_word' id='word_1_117' title='bbox 1360 1790 1413 1836; x_wconf 90' lang='lat' dir='ltr'><strong>et</strong></span> <span class='ocrx_word' id='word_1_118' title='bbox 1449 1783 1524 1835; x_wconf 90' lang='lat' dir='ltr'><strong>ira</strong></span> <span class='ocrx_word' id='word_1_119' title='bbox 1570 1782 1899 1851; x_wconf 88' lang='lat' dir='ltr'><strong>superiorem</strong></span> 
     </span>
    </p>
   </div>
   <div class='ocr_carea' id='block_1_17' title="bbox 298 1863 1902 1943">
    <p class='ocr_par' dir='ltr' id='par_1_17' title="bbox 298 1863 1902 1943">
     <span class='ocr_line' id='line_1_17' title="bbox 298 1863 1902 1943; baseline 0.007 -28"><span class='ocrx_word' id='word_1_120' title='bbox 298 1863 487 1930; x_wconf 83' lang='lat' dir='ltr'><strong>fuisse,</strong></span> <span class='ocrx_word' id='word_1_121' title='bbox 529 1866 620 1920; x_wconf 92' lang='lat' dir='ltr'><strong>ubi</strong></span> <span class='ocrx_word' id='word_1_122' title='bbox 650 1867 894 1937; x_wconf 81' lang='lat' dir='ltr'><strong>dixisset,</strong></span> <span class='ocrx_word' id='word_1_123' title='bbox 942 1869 1086 1923; x_wconf 84' lang='lat' dir='ltr'><strong>Num</strong></span> <span class='ocrx_word' id='word_1_124' title='bbox 1128 1872 1340 1925; x_wconf 84' lang='lat' dir='ltr'><strong>vitulum</strong></span> <span class='ocrx_word' id='word_1_125' title='bbox 1378 1874 1648 1943; x_wconf 76' lang='lat' dir='ltr'><strong>cujusdam</strong></span> <span class='ocrx_word' id='word_1_126' title='bbox 1685 1884 1902 1928; x_wconf 81' lang='lat' dir='ltr'><strong>vestrum</strong></span> 
     </span>
    </p>
   </div>
   <div class='ocr_carea' id='block_1_18' title="bbox 297 1957 1899 2036">
    <p class='ocr_par' dir='ltr' id='par_1_18' title="bbox 297 1957 1899 2036">
     <span class='ocr_line' id='line_1_18' title="bbox 297 1957 1899 2036; baseline 0.007 -30"><span class='ocrx_word' id='word_1_127' title='bbox 297 1957 509 2025; x_wconf 85' lang='lat' dir='ltr'><strong>accepi?</strong></span> <span class='ocrx_word' id='word_1_128' title='bbox 538 1974 645 2011; x_wconf 91' lang='lat' dir='ltr'><strong>non</strong></span> <span class='ocrx_word' id='word_1_129' title='bbox 677 1960 857 2025; x_wconf 86' lang='lat' dir='ltr'><strong>tacuit,</strong></span> <span class='ocrx_word' id='word_1_130' title='bbox 889 1961 982 2015; x_wconf 91' lang='lat' dir='ltr'><strong>sed</strong></span> <span class='ocrx_word' id='word_1_131' title='bbox 1012 1961 1307 2029; x_wconf 82' lang='lat' dir='ltr'><strong>subjunxit,</strong></span> <span class='ocrx_word' id='word_1_132' title='bbox 1326 1964 1440 2017; x_wconf 61' lang='lat' dir='ltr'><strong>«Aut</strong></span> <span class='ocrx_word' id='word_1_133' title='bbox 1469 1966 1697 2035; x_wconf 78' lang='lat' dir='ltr'><strong>Oppressi</strong></span> <span class='ocrx_word' id='word_1_134' title='bbox 1723 1983 1899 2036; x_wconf 83' lang='lat' dir='ltr'><strong>quem-</strong></span> 
     </span>
    </p>
   </div>
   <div class='ocr_carea' id='block_1_19' title="bbox 296 2045 1899 2125">
    <p class='ocr_par' dir='ltr' id='par_1_19' title="bbox 296 2045 1899 2125">
     <span class='ocr_line' id='line_1_19' title="bbox 296 2045 1899 2125; baseline 0.01 -29"><span class='ocrx_word' id='word_1_135' title='bbox 296 2045 434 2112; x_wconf 83' lang='lat' dir='ltr'><strong>piam</strong></span> <span class='ocrx_word' id='word_1_136' title='bbox 466 2051 732 2103; x_wconf 80' lang='lat' dir='ltr'><strong>vestrum?</strong></span> <span class='ocrx_word' id='word_1_137' title='bbox 756 2051 855 2119; x_wconf 36' lang='lat' dir='ltr'><strong>gaut</strong></span> <span class='ocrx_word' id='word_1_138' title='bbox 897 2050 1143 2121; x_wconf 79' lang='lat' dir='ltr'><strong>depressi,</strong></span> <span class='ocrx_word' id='word_1_139' title='bbox 1191 2052 1244 2108; x_wconf 88' lang='lat' dir='ltr'><strong>id</strong></span> <span class='ocrx_word' id='word_1_140' title='bbox 1283 2062 1386 2117; x_wconf 84' lang='lat' dir='ltr'><strong>est,</strong></span> <span class='ocrx_word' id='word_1_141' title='bbox 1430 2056 1694 2110; x_wconf 76' lang='lat' dir='ltr'><strong>contrivi?</strong></span> <span class='ocrx_word' id='word_1_142' title='bbox 1732 2057 1899 2125; x_wconf 83' lang='lat' dir='ltr'><strong>Hujus</strong></span> 
     </span>
    </p>
   </div>
   <div class='ocr_carea' id='block_1_20' title="bbox 297 2140 1898 2219">
    <p class='ocr_par' dir='ltr' id='par_1_20' title="bbox 297 2140 1898 2219">
     <span class='ocr_line' id='line_1_20' title="bbox 297 2140 1898 2219; baseline 0.009 -28"><span class='ocrx_word' id='word_1_143' title='bbox 297 2151 458 2206; x_wconf 91' lang='lat' dir='ltr'><strong>porro</strong></span> <span class='ocrx_word' id='word_1_144' title='bbox 481 2140 615 2195; x_wconf 90' lang='lat' dir='ltr'><strong>dicti</strong></span> <span class='ocrx_word' id='word_1_145' title='bbox 638 2156 830 2198; x_wconf 90' lang='lat' dir='ltr'><strong>sensus</strong></span> <span class='ocrx_word' id='word_1_146' title='bbox 854 2153 937 2199; x_wconf 89' lang='lat' dir='ltr'><strong>est</strong></span> <span class='ocrx_word' id='word_1_147' title='bbox 961 2163 974 2199; x_wconf 87' lang='lat'><strong>:</strong></span> <span class='ocrx_word' id='word_1_148' title='bbox 999 2145 1168 2200; x_wconf 88' lang='lat' dir='ltr'><strong>Nemo</strong></span> <span class='ocrx_word' id='word_1_149' title='bbox 1190 2146 1317 2201; x_wconf 92' lang='lat' dir='ltr'><strong>illud</strong></span> <span class='ocrx_word' id='word_1_150' title='bbox 1345 2147 1523 2203; x_wconf 90' lang='lat' dir='ltr'><strong>dicere</strong></span> <span class='ocrx_word' id='word_1_151' title='bbox 1545 2150 1728 2217; x_wconf 89' lang='lat' dir='ltr'><strong>possit,</strong></span> <span class='ocrx_word' id='word_1_152' title='bbox 1755 2149 1898 2219; x_wconf 90' lang='lat' dir='ltr'><strong>quod</strong></span> 
     </span>
    </p>
   </div>
   <div class='ocr_carea' id='block_1_21' title="bbox 296 2234 1896 2310">
    <p class='ocr_par' dir='ltr' id='par_1_21' title="bbox 296 2234 1896 2310">
     <span class='ocr_line' id='line_1_21' title="bbox 296 2234 1896 2310; baseline 0.01 -30"><span class='ocrx_word' id='word_1_153' title='bbox 296 2243 401 2283; x_wconf 92' lang='lat' dir='ltr'><strong>non</strong></span> <span class='ocrx_word' id='word_1_154' title='bbox 420 2234 726 2302; x_wconf 86' lang='lat' dir='ltr'><strong>acceperim</strong></span> <span class='ocrx_word' id='word_1_155' title='bbox 753 2235 990 2305; x_wconf 84' lang='lat' dir='ltr'><strong>quidem,</strong></span> <span class='ocrx_word' id='word_1_156' title='bbox 1021 2237 1113 2292; x_wconf 86' lang='lat' dir='ltr'><strong>sed</strong></span> <span class='ocrx_word' id='word_1_157' title='bbox 1138 2239 1261 2309; x_wconf 81' lang='lat' dir='ltr'><strong>quia</strong></span> <span class='ocrx_word' id='word_1_158' title='bbox 1286 2254 1392 2294; x_wconf 92' lang='lat' dir='ltr'><strong>non</strong></span> <span class='ocrx_word' id='word_1_159' title='bbox 1419 2255 1751 2310; x_wconf 79' lang='lat' dir='ltr'><strong>acceperam,</strong></span> <span class='ocrx_word' id='word_1_160' title='bbox 1778 2242 1896 2297; x_wconf 90' lang='lat' dir='ltr'><strong>ideo</strong></span> 
     </span>
    </p>
   </div>
   <div class='ocr_carea' id='block_1_22' title="bbox 294 2323 1893 2392">
    <p class='ocr_par' dir='ltr' id='par_1_22' title="bbox 294 2323 1893 2392">
     <span class='ocr_line' id='line_1_22' title="bbox 294 2323 1893 2392; baseline 0.009 -19"><span class='ocrx_word' id='word_1_161' title='bbox 294 2323 490 2388; x_wconf 72' lang='lat' dir='ltr'><strong>gravis,</strong></span> <span class='ocrx_word' id='word_1_162' title='bbox 523 2324 809 2392; x_wconf 67' lang='lat' dir='ltr'><strong>malimus,</strong></span> <span class='ocrx_word' id='word_1_163' title='bbox 854 2327 1084 2383; x_wconf 89' lang='lat' dir='ltr'><strong>crudelis</strong></span> <span class='ocrx_word' id='word_1_164' title='bbox 1129 2337 1184 2383; x_wconf 91' lang='lat' dir='ltr'><strong>et</strong></span> <span class='ocrx_word' id='word_1_165' title='bbox 1230 2330 1477 2385; x_wconf 86' lang='lat' dir='ltr'><strong>immanis</strong></span> <span class='ocrx_word' id='word_1_166' title='bbox 1516 2332 1726 2387; x_wconf 85' lang='lat' dir='ltr'><strong>fuerim.</strong></span> <span class='ocrx_word' id='word_1_167' title='bbox 1760 2332 1893 2387; x_wconf 87' lang='lat' dir='ltr'><strong>Pro-</strong></span> 
     </span>
    </p>
   </div>
   <div class='ocr_carea' id='block_1_23' title="bbox 297 2414 1893 2492">
    <p class='ocr_par' dir='ltr' id='par_1_23' title="bbox 297 2414 1893 2492">
     <span class='ocr_line' id='line_1_23' title="bbox 297 2414 1893 2492; baseline 0.009 -28"><span class='ocrx_word' id='word_1_168' title='bbox 297 2420 479 2479; x_wconf 86' lang='lat' dir='ltr'><strong>pterea</strong></span> <span class='ocrx_word' id='word_1_169' title='bbox 530 2414 750 2470; x_wconf 87' lang='lat' dir='ltr'><strong>dicebat</strong></span> <span class='ocrx_word' id='word_1_170' title='bbox 796 2435 811 2472; x_wconf 91' lang='lat'><strong>:</strong></span> <span class='ocrx_word' id='word_1_171' title='bbox 864 2416 1006 2471; x_wconf 86' lang='lat' dir='ltr'><strong>Num</strong></span> <span class='ocrx_word' id='word_1_172' title='bbox 1056 2421 1284 2490; x_wconf 77' lang='lat' dir='ltr'><strong>Oppressi</strong></span> <span class='ocrx_word' id='word_1_173' title='bbox 1338 2423 1627 2492; x_wconf 79' lang='lat' dir='ltr'><strong>quempiam</strong></span> <span class='ocrx_word' id='word_1_174' title='bbox 1674 2434 1893 2479; x_wconf 78' lang='lat' dir='ltr'><strong>vestrum</strong></span> 
     </span>
    </p>
   </div>
   <div class='ocr_carea' id='block_1_24' title="bbox 295 2504 1892 2584">
    <p class='ocr_par' dir='ltr' id='par_1_24' title="bbox 295 2504 1892 2584">
     <span class='ocr_line' id='line_1_24' title="bbox 295 2504 1892 2584; baseline 0.008 -28"><span class='ocrx_word' id='word_1_175' title='bbox 295 2504 369 2574; x_wconf 78' lang='grc' dir='ltr'><strong>(Ι.</strong></span> <span class='ocrx_word' id='word_1_176' title='bbox 416 2504 550 2576; x_wconf 86' lang='lat' dir='ltr'><strong>Reg.</strong></span> <span class='ocrx_word' id='word_1_177' title='bbox 611 2507 698 2562; x_wconf 76' lang='grc'><strong>12.</strong></span> <span class='ocrx_word' id='word_1_178' title='bbox 732 2508 879 2581; x_wconf 76' lang='grc'><strong>5-4).</strong></span> <span class='ocrx_word' id='word_1_179' title='bbox 916 2510 1052 2577; x_wconf 87' lang='lat' dir='ltr'><strong>Quid</strong></span> <span class='ocrx_word' id='word_1_180' title='bbox 1092 2511 1250 2581; x_wconf 78' lang='lat' dir='ltr'><strong>igitur</strong></span> <span class='ocrx_word' id='word_1_181' title='bbox 1287 2513 1404 2567; x_wconf 88' lang='lat' dir='ltr'><strong>illi?</strong></span> <span class='ocrx_word' id='word_1_182' title='bbox 1438 2512 1559 2567; x_wconf 85' lang='lat' dir='ltr'><strong>Non</strong></span> <span class='ocrx_word' id='word_1_183' title='bbox 1600 2516 1892 2584; x_wconf 84' lang='lat' dir='ltr'><strong>oppressiin</strong></span> 
     </span>
    </p>
   </div>
   <div class='ocr_carea' id='block_1_25' title="bbox 293 2600 1887 2677">
    <p class='ocr_par' dir='ltr' id='par_1_25' title="bbox 293 2600 1887 2677">
     <span class='ocr_line' id='line_1_25' title="bbox 293 2600 1887 2677; baseline 0.009 -30"><span class='ocrx_word' id='word_1_184' title='bbox 293 2610 403 2662; x_wconf 77' lang='lat' dir='ltr'><strong>nos,</strong></span> <span class='ocrx_word' id='word_1_185' title='bbox 435 2612 602 2667; x_wconf 87' lang='lat' dir='ltr'><strong>neque</strong></span> <span class='ocrx_word' id='word_1_186' title='bbox 627 2600 837 2664; x_wconf 73' lang='lat' dir='ltr'><strong>vexasli,</strong></span> <span class='ocrx_word' id='word_1_187' title='bbox 871 2617 961 2654; x_wconf 84' lang='lat' dir='ltr'><strong>nec</strong></span> <span class='ocrx_word' id='word_1_188' title='bbox 986 2604 1225 2673; x_wconf 86' lang='lat' dir='ltr'><strong>accepisti</strong></span> <span class='ocrx_word' id='word_1_189' title='bbox 1250 2621 1314 2659; x_wconf 79' lang='lat' dir='ltr'><strong>ea;</strong></span> <span class='ocrx_word' id='word_1_190' title='bbox 1339 2622 1493 2659; x_wconf 88' lang='lat' dir='ltr'><strong>manu</strong></span> <span class='ocrx_word' id='word_1_191' title='bbox 1532 2617 1703 2660; x_wconf 83' lang='lat' dir='ltr'><strong>nostra</strong></span> <span class='ocrx_word' id='word_1_192' title='bbox 1737 2607 1887 2677; x_wconf 86' lang='lat' dir='ltr'><strong>quid-</strong></span> 
     </span>
    </p>
   </div>
   <div class='ocr_carea' id='block_1_26' title="bbox 294 2685 1888 2767">
    <p class='ocr_par' dir='ltr' id='par_1_26' title="bbox 294 2685 1888 2767">
     <span class='ocr_line' id='line_1_26' title="bbox 294 2685 1888 2767; baseline 0.011 -30"><span class='ocrx_word' id='word_1_193' title='bbox 294 2685 447 2754; x_wconf 86' lang='lat' dir='ltr'><strong>piam.</strong></span> <span class='ocrx_word' id='word_1_194' title='bbox 502 2688 575 2742; x_wconf 89' lang='lat' dir='ltr'><strong>Et</strong></span> <span class='ocrx_word' id='word_1_195' title='bbox 616 2698 675 2743; x_wconf 93' lang='lat' dir='ltr'><strong>ut</strong></span> <span class='ocrx_word' id='word_1_196' title='bbox 717 2690 892 2746; x_wconf 89' lang='lat' dir='ltr'><strong>discas</strong></span> <span class='ocrx_word' id='word_1_197' title='bbox 944 2692 1092 2748; x_wconf 88' lang='lat' dir='ltr'><strong>illum</strong></span> <span class='ocrx_word' id='word_1_198' title='bbox 1144 2705 1201 2749; x_wconf 94' lang='lat' dir='ltr'><strong>ut</strong></span> <span class='ocrx_word' id='word_1_199' title='bbox 1254 2711 1432 2767; x_wconf 86' lang='lat' dir='ltr'><strong>regem</strong></span> <span class='ocrx_word' id='word_1_200' title='bbox 1486 2698 1721 2753; x_wconf 88' lang='lat' dir='ltr'><strong>erndirct</strong></span> <span class='ocrx_word' id='word_1_201' title='bbox 1774 2699 1888 2755; x_wconf 83' lang='lat' dir='ltr'><strong>haec</strong></span> 
     </span>
    </p>
   </div>
   <div class='ocr_carea' id='block_1_27' title="bbox 293 2775 1887 2854">
    <p class='ocr_par' dir='ltr' id='par_1_27' title="bbox 293 2775 1887 2854">
     <span class='ocr_line' id='line_1_27' title="bbox 293 2775 1887 2854; baseline 0.011 -26"><span class='ocrx_word' id='word_1_202' title='bbox 293 2775 509 2844; x_wconf 79' lang='lat' dir='ltr'><strong>dixisse,</strong></span> <span class='ocrx_word' id='word_1_203' title='bbox 539 2780 818 2848; x_wconf 86' lang='lat' dir='ltr'><strong>subjunxit</strong></span> <span class='ocrx_word' id='word_1_204' title='bbox 858 2797 875 2837; x_wconf 88' lang='lat'><strong>:</strong></span> <span class='ocrx_word' id='word_1_205' title='bbox 923 2782 1081 2838; x_wconf 81' lang='lat' dir='ltr'><strong>Testis</strong></span> <span class='ocrx_word' id='word_1_206' title='bbox 1118 2783 1388 2854; x_wconf 80' lang='lat' dir='ltr'><strong>Dominus,</strong></span> <span class='ocrx_word' id='word_1_207' title='bbox 1417 2797 1465 2840; x_wconf 90' lang='lat' dir='ltr'><strong>et</strong></span> <span class='ocrx_word' id='word_1_208' title='bbox 1506 2790 1642 2843; x_wconf 84' lang='lat' dir='ltr'><strong>testis</strong></span> <span class='ocrx_word' id='word_1_209' title='bbox 1671 2790 1887 2845; x_wconf 77' lang='lat' dir='ltr'><strong>clzristus</strong></span> 
     </span>
    </p>
   </div>
   <div class='ocr_carea' id='block_1_28' title="bbox 293 2868 1882 2949">
    <p class='ocr_par' dir='ltr' id='par_1_28' title="bbox 293 2868 1882 2949">
     <span class='ocr_line' id='line_1_28' title="bbox 293 2868 1882 2949; baseline 0.011 -30"><span class='ocrx_word' id='word_1_210' title='bbox 293 2868 398 2935; x_wconf 81' lang='lat' dir='ltr'><strong>ejus</strong></span> <span class='ocrx_word' id='word_1_211' title='bbox 420 2869 528 2939; x_wconf 77' lang='lat' dir='ltr'><strong>(Ib.</strong></span> <span class='ocrx_word' id='word_1_212' title='bbox 555 2887 605 2924; x_wconf 88' lang='grc' dir='ltr'><strong>υ.</strong></span> <span class='ocrx_word' id='word_1_213' title='bbox 635 2873 689 2942; x_wconf 85' lang='grc'>5)</span> <span class='ocrx_word' id='word_1_214' title='bbox 717 2890 733 2928; x_wconf 89' lang='lat'><strong>:</strong></span> <span class='ocrx_word' id='word_1_215' title='bbox 760 2873 861 2928; x_wconf 87' lang='lat' dir='ltr'><strong>hoc</strong></span> <span class='ocrx_word' id='word_1_216' title='bbox 883 2885 1058 2930; x_wconf 87' lang='lat' dir='ltr'><strong>autem</strong></span> <span class='ocrx_word' id='word_1_217' title='bbox 1086 2878 1376 2933; x_wconf 83' lang='lat' dir='ltr'><strong>ostendens</strong></span> <span class='ocrx_word' id='word_1_218' title='bbox 1401 2888 1561 2949; x_wconf 87' lang='lat' dir='ltr'><strong>atque</strong></span> <span class='ocrx_word' id='word_1_219' title='bbox 1583 2881 1882 2948; x_wconf 87' lang='lat' dir='ltr'><strong>declarans,</strong></span> 
     </span>
    </p>
   </div>
   <div class='ocr_carea' id='block_1_29' title="bbox 296 2962 1881 3048">
    <p class='ocr_par' dir='ltr' id='par_1_29' title="bbox 296 2962 1881 3048">
     <span class='ocr_line' id='line_1_29' title="bbox 296 2962 1881 3048; baseline 0.012 -38"><span class='ocrx_word' id='word_1_220' title='bbox 296 2973 485 3029; x_wconf 89' lang='lat' dir='ltr'><strong>nempe</strong></span> <span class='ocrx_word' id='word_1_221' title='bbox 522 2962 892 3018; x_wconf 88' lang='lat' dir='ltr'><strong>testimonium</strong></span> <span class='ocrx_word' id='word_1_222' title='bbox 940 2981 1045 3021; x_wconf 91' lang='lat' dir='ltr'><strong>non</strong></span> <span class='ocrx_word' id='word_1_223' title='bbox 1088 2966 1253 3024; x_wconf 87' lang='lat' dir='ltr'><strong>fuisse</strong></span> <span class='ocrx_word' id='word_1_224' title='bbox 1294 2970 1379 3048; x_wconf 53' lang='lat' dir='ltr'><strong>ad.</strong></span> <span class='ocrx_word' id='word_1_225' title='bbox 1409 2972 1630 3042; x_wconf 78' lang='lat' dir='ltr'><strong>gratiam</strong></span> <span class='ocrx_word' id='word_1_226' title='bbox 1676 2973 1881 3043; x_wconf 88' lang='lat' dir='ltr'><strong>datmn,</strong></span> 
     </span>
    </p>
   </div>
   <div class='ocr_carea' id='block_1_30' title="bbox 294 3049 1883 3138">
    <p class='ocr_par' dir='ltr' id='par_1_30' title="bbox 294 3049 1883 3138">
     <span class='ocr_line' id='line_1_30' title="bbox 294 3049 1883 3138; baseline 0.014 -36"><span class='ocrx_word' id='word_1_227' title='bbox 294 3049 461 3117; x_wconf 88' lang='lat' dir='ltr'><strong>ipsum</strong></span> <span class='ocrx_word' id='word_1_228' title='bbox 478 3053 762 3109; x_wconf 84' lang='lat' dir='ltr'><strong>advocavit</strong></span> <span class='ocrx_word' id='word_1_229' title='bbox 792 3067 1003 3123; x_wconf 91' lang='lat' dir='ltr'><strong>testem,</strong></span> <span class='ocrx_word' id='word_1_230' title='bbox 1026 3060 1115 3129; x_wconf 89' lang='lat' dir='ltr'><strong>qui</strong></span> <span class='ocrx_word' id='word_1_231' title='bbox 1134 3063 1326 3117; x_wconf 90' lang='lat' dir='ltr'><strong>mentis</strong></span> <span class='ocrx_word' id='word_1_232' title='bbox 1357 3078 1549 3119; x_wconf 87' lang='lat' dir='ltr'><strong>arcana</strong></span> <span class='ocrx_word' id='word_1_233' title='bbox 1562 3067 1883 3138; x_wconf 82' lang='lat' dir='ltr'><strong>novit,quod</strong></span> 
     </span>
    </p>
   </div>
   <div class='ocr_carea' id='block_1_31' title="bbox 290 3145 1878 3230">
    <p class='ocr_par' dir='ltr' id='par_1_31' title="bbox 290 3145 1878 3230">
     <span class='ocr_line' id='line_1_31' title="bbox 290 3145 1878 3230; baseline 0.015 -36"><span class='ocrx_word' id='word_1_234' title='bbox 290 3150 368 3195; x_wconf 85' lang='lat' dir='ltr'><strong>est</strong></span> <span class='ocrx_word' id='word_1_235' title='bbox 405 3145 618 3216; x_wconf 89' lang='lat' dir='ltr'><strong>signum</strong></span> <span class='ocrx_word' id='word_1_236' title='bbox 652 3162 797 3217; x_wconf 70' lang='lat' dir='ltr'><strong>pura:</strong></span> <span class='ocrx_word' id='word_1_237' title='bbox 836 3152 1200 3208; x_wconf 85' lang='lat' dir='ltr'><strong>conscientiae.</strong></span> <span class='ocrx_word' id='word_1_238' title='bbox 1240 3155 1410 3210; x_wconf 88' lang='lat' dir='ltr'><strong>Nemo</strong></span> <span class='ocrx_word' id='word_1_239' title='bbox 1449 3159 1666 3230; x_wconf 87' lang='lat' dir='ltr'><strong>quippe,</strong></span> <span class='ocrx_word' id='word_1_240' title='bbox 1699 3178 1878 3228; x_wconf 91' lang='lat' dir='ltr'><strong>nemo,</strong></span> 
     </span>
    </p>
   </div>
   <div class='ocr_carea' id='block_1_32' title="bbox 292 3235 1881 3313">
    <p class='ocr_par' dir='ltr' id='par_1_32' title="bbox 292 3235 1881 3313">
     <span class='ocr_line' id='line_1_32' title="bbox 292 3235 1881 3313; baseline 0.015 -27"><span class='ocrx_word' id='word_1_241' title='bbox 292 3235 386 3290; x_wconf 90' lang='lat' dir='ltr'><strong>nisi</strong></span> <span class='ocrx_word' id='word_1_242' title='bbox 412 3249 598 3296; x_wconf 88' lang='lat' dir='ltr'><strong>mente</strong></span> <span class='ocrx_word' id='word_1_243' title='bbox 642 3250 831 3310; x_wconf 88' lang='lat' dir='ltr'><strong>captus</strong></span> <span class='ocrx_word' id='word_1_244' title='bbox 863 3258 927 3299; x_wconf 91' lang='lat' dir='ltr'><strong>ac</strong></span> <span class='ocrx_word' id='word_1_245' title='bbox 970 3243 1206 3302; x_wconf 79' lang='lat' dir='ltr'><strong>furiOsus</strong></span> <span class='ocrx_word' id='word_1_246' title='bbox 1250 3250 1339 3313; x_wconf 91' lang='lat' dir='ltr'><strong>sit,</strong></span> <span class='ocrx_word' id='word_1_247' title='bbox 1386 3252 1728 3307; x_wconf 74' lang='lat' dir='ltr'><strong>conscientia:</strong></span> <span class='ocrx_word' id='word_1_248' title='bbox 1770 3268 1881 3310; x_wconf 84' lang='lat' dir='ltr'><strong>suae</strong></span> 
     </span>
    </p>
   </div>
   <div class='ocr_carea' id='block_1_33' title="bbox 301 3334 1878 3418">
    <p class='ocr_par' dir='ltr' id='par_1_33' title="bbox 301 3334 1878 3418">
     <span class='ocr_line' id='line_1_33' title="bbox 301 3334 1878 3418; baseline 0.013 -35"><span class='ocrx_word' id='word_1_249' title='bbox 301 3336 482 3418; x_wconf 80' lang='lat' dir='ltr'><strong>testem</strong></span> <span class='ocrx_word' id='word_1_250' title='bbox 522 3334 869 3392; x_wconf 87' lang='lat' dir='ltr'><strong>advocaverit</strong></span> <span class='ocrx_word' id='word_1_251' title='bbox 913 3337 1102 3406; x_wconf 88' lang='lat' dir='ltr'><strong>Demn,</strong></span> <span class='ocrx_word' id='word_1_252' title='bbox 1142 3341 1244 3396; x_wconf 89' lang='lat' dir='ltr'><strong>nisi</strong></span> <span class='ocrx_word' id='word_1_253' title='bbox 1284 3343 1349 3397; x_wconf 87' lang='lat' dir='ltr'><strong>ad</strong></span> <span class='ocrx_word' id='word_1_254' title='bbox 1390 3345 1604 3400; x_wconf 91' lang='lat' dir='ltr'><strong>modum</strong></span> <span class='ocrx_word' id='word_1_255' title='bbox 1635 3347 1733 3401; x_wconf 87' lang='lat' dir='ltr'><strong>sibi</strong></span> <span class='ocrx_word' id='word_1_256' title='bbox 1779 3348 1878 3418; x_wconf 75' lang='lat' dir='ltr'><strong>ipsi</strong></span> 
     </span>
    </p>
   </div>
   <div class='ocr_carea' id='block_1_34' title="bbox 293 3417 1877 3501">
    <p class='ocr_par' dir='ltr' id='par_1_34' title="bbox 293 3417 1877 3501">
     <span class='ocr_line' id='line_1_34' title="bbox 293 3417 1877 3501; baseline 0.015 -30"><span class='ocrx_word' id='word_1_257' title='bbox 293 3417 430 3476; x_wconf 87' lang='lat' dir='ltr'><strong>fidat.</strong></span> <span class='ocrx_word' id='word_1_258' title='bbox 487 3424 626 3480; x_wconf 90' lang='lat' dir='ltr'><strong>Cum</strong></span> <span class='ocrx_word' id='word_1_259' title='bbox 688 3427 867 3498; x_wconf 90' lang='lat' dir='ltr'><strong>itaque</strong></span> <span class='ocrx_word' id='word_1_260' title='bbox 934 3428 1005 3483; x_wconf 87' lang='lat' dir='ltr'><strong>illi</strong></span> <span class='ocrx_word' id='word_1_261' title='bbox 1061 3431 1199 3486; x_wconf 88' lang='lat' dir='ltr'><strong>dicta</strong></span> <span class='ocrx_word' id='word_1_262' title='bbox 1258 3434 1422 3501; x_wconf 88' lang='lat' dir='ltr'><strong>ipsius</strong></span> <span class='ocrx_word' id='word_1_263' title='bbox 1482 3451 1580 3491; x_wconf 88' lang='lat' dir='ltr'><strong>suo</strong></span> <span class='ocrx_word' id='word_1_264' title='bbox 1637 3417 1877 3495; x_wconf 84' lang='lat' dir='ltr'><strong>testimo-</strong></span> 
     </span>
    </p>
   </div>
   <div class='ocr_carea' id='block_1_35' title="bbox 290 3509 1874 3599">
    <p class='ocr_par' dir='ltr' id='par_1_35' title="bbox 290 3509 1874 3599">
     <span class='ocr_line' id='line_1_35' title="bbox 290 3509 1874 3599; baseline 0.016 -39"><span class='ocrx_word' id='word_1_265' title='bbox 290 3509 374 3564; x_wconf 88' lang='lat' dir='ltr'><strong>nio</strong></span> <span class='ocrx_word' id='word_1_266' title='bbox 405 3515 807 3583; x_wconf 87' lang='lat' dir='ltr'><strong>confirmarent,</strong></span> <span class='ocrx_word' id='word_1_267' title='bbox 850 3519 1008 3575; x_wconf 89' lang='lat' dir='ltr'><strong>aliatn</strong></span> <span class='ocrx_word' id='word_1_268' title='bbox 1055 3521 1169 3591; x_wconf 90' lang='lat' dir='ltr'><strong>ipse</strong></span> <span class='ocrx_word' id='word_1_269' title='bbox 1209 3524 1455 3580; x_wconf 89' lang='lat' dir='ltr'><strong>virtutem</strong></span> <span class='ocrx_word' id='word_1_270' title='bbox 1495 3543 1643 3582; x_wconf 89' lang='lat' dir='ltr'><strong>suam</strong></span> <span class='ocrx_word' id='word_1_271' title='bbox 1682 3531 1874 3599; x_wconf 69' lang='lat' dir='ltr'><strong>praedi-</strong></span> 
     </span>
    </p>
   </div>
   <div class='ocr_carea' id='block_1_36' title="bbox 289 3610 1872 3690">
    <p class='ocr_par' dir='ltr' id='par_1_36' title="bbox 289 3610 1872 3690">
     <span class='ocr_line' id='line_1_36' title="bbox 289 3610 1872 3690; baseline 0.016 -38"><span class='ocrx_word' id='word_1_272' title='bbox 289 3610 369 3655; x_wconf 85' lang='lat' dir='ltr'><strong>cat</strong></span> <span class='ocrx_word' id='word_1_273' title='bbox 396 3620 408 3655; x_wconf 92' lang='lat'><strong>:</strong></span> <span class='ocrx_word' id='word_1_274' title='bbox 440 3619 503 3660; x_wconf 89' lang='lat' dir='ltr'><strong>ac</strong></span> <span class='ocrx_word' id='word_1_275' title='bbox 533 3611 975 3666; x_wconf 90' lang='lat' dir='ltr'><strong>commemoratis</strong></span> <span class='ocrx_word' id='word_1_276' title='bbox 1011 3614 1242 3682; x_wconf 89' lang='lat' dir='ltr'><strong>antiquis</strong></span> <span class='ocrx_word' id='word_1_277' title='bbox 1268 3616 1372 3668; x_wconf 88' lang='lat' dir='ltr'><strong>illis</strong></span> <span class='ocrx_word' id='word_1_278' title='bbox 1398 3618 1665 3684; x_wconf 90' lang='lat' dir='ltr'><strong>omnibus,</strong></span> <span class='ocrx_word' id='word_1_279' title='bbox 1701 3622 1790 3690; x_wconf 89' lang='lat' dir='ltr'><strong>qui</strong></span> <span class='ocrx_word' id='word_1_280' title='bbox 1820 3622 1872 3678; x_wconf 90' lang='lat' dir='ltr'><strong>in</strong></span> 
     </span>
    </p>
   </div>
   <div class='ocr_carea' id='block_1_37' title="bbox 289 3691 1873 3784">
    <p class='ocr_par' dir='ltr' id='par_1_37' title="bbox 289 3691 1873 3784">
     <span class='ocr_line' id='line_1_37' title="bbox 289 3691 1873 3784; baseline 0.014 -36"><span class='ocrx_word' id='word_1_281' title='bbox 289 3691 510 3766; x_wconf 70' lang='lat' dir='ltr'><strong>Egypto</strong></span> <span class='ocrx_word' id='word_1_282' title='bbox 556 3699 796 3765; x_wconf 90' lang='lat' dir='ltr'><strong>fuerunt,</strong></span> <span class='ocrx_word' id='word_1_283' title='bbox 845 3719 1052 3759; x_wconf 89' lang='lat' dir='ltr'><strong>necnon</strong></span> <span class='ocrx_word' id='word_1_284' title='bbox 1102 3705 1193 3762; x_wconf 90' lang='lat' dir='ltr'><strong>Dei</strong></span> <span class='ocrx_word' id='word_1_285' title='bbox 1237 3710 1568 3778; x_wconf 86' lang='lat' dir='ltr'><strong>patrocinio,</strong></span> <span class='ocrx_word' id='word_1_286' title='bbox 1614 3712 1873 3784; x_wconf 89' lang='lat' dir='ltr'><strong>bellisque</strong></span> 
     </span>
    </p>
   </div>
   <div class='ocr_carea' id='block_1_38' title="bbox 288 3795 1873 3871">
    <p class='ocr_par' dir='ltr' id='par_1_38' title="bbox 288 3795 1873 3871">
     <span class='ocr_line' id='line_1_38' title="bbox 288 3795 1873 3871; baseline 0.016 -32"><span class='ocrx_word' id='word_1_287' title='bbox 288 3798 400 3852; x_wconf 66' lang='lat' dir='ltr'><strong>quae</strong></span> <span class='ocrx_word' id='word_1_288' title='bbox 432 3798 618 3858; x_wconf 85' lang='lat' dir='ltr'><strong>postea</strong></span> <span class='ocrx_word' id='word_1_289' title='bbox 646 3795 1004 3865; x_wconf 84' lang='lat' dir='ltr'><strong>contigerunt,</strong></span> <span class='ocrx_word' id='word_1_290' title='bbox 1037 3799 1198 3853; x_wconf 88' lang='lat' dir='ltr'><strong>refert</strong></span> <span class='ocrx_word' id='word_1_291' title='bbox 1226 3817 1452 3871; x_wconf 84' lang='lat' dir='ltr'><strong>pugnam</strong></span> <span class='ocrx_word' id='word_1_292' title='bbox 1483 3819 1542 3859; x_wconf 91' lang='lat' dir='ltr'><strong>se</strong></span> <span class='ocrx_word' id='word_1_293' title='bbox 1565 3805 1699 3862; x_wconf 84' lang='lat' dir='ltr'><strong>duce</strong></span> <span class='ocrx_word' id='word_1_294' title='bbox 1725 3823 1873 3862; x_wconf 63' lang='lat' dir='ltr'><strong>como</strong></span> 
     </span>
    </p>
   </div>
   <div class='ocr_carea' id='block_1_39' title="bbox 289 3879 1871 3960">
    <p class='ocr_par' dir='ltr' id='par_1_39' title="bbox 289 3879 1871 3960">
     <span class='ocr_line' id='line_1_39' title="bbox 289 3879 1871 3960; baseline 0.016 -31"><span class='ocrx_word' id='word_1_295' title='bbox 289 3879 495 3936; x_wconf 79' lang='lat' dir='ltr'><strong>missam</strong></span> <span class='ocrx_word' id='word_1_296' title='bbox 540 3891 600 3940; x_wconf 87' lang='lat' dir='ltr'><strong>et</strong></span> <span class='ocrx_word' id='word_1_297' title='bbox 642 3884 921 3942; x_wconf 79' lang='lat' dir='ltr'><strong>victoriam</strong></span> <span class='ocrx_word' id='word_1_298' title='bbox 968 3890 1293 3960; x_wconf 86' lang='lat' dir='ltr'><strong>inopinatam</strong></span> <span class='ocrx_word' id='word_1_299' title='bbox 1328 3911 1340 3946; x_wconf 93' lang='lat'>:</span> <span class='ocrx_word' id='word_1_300' title='bbox 1382 3909 1444 3949; x_wconf 89' lang='lat' dir='ltr'><strong>ac</strong></span> <span class='ocrx_word' id='word_1_301' title='bbox 1489 3911 1609 3950; x_wconf 92' lang='lat' dir='ltr'><strong>cum</strong></span> <span class='ocrx_word' id='word_1_302' title='bbox 1648 3897 1871 3954; x_wconf 81' lang='lat' dir='ltr'><strong>dixisset</strong></span> 
     </span>
    </p>
   </div>
   <div class='ocr_carea' id='block_1_40' title="bbox 286 3974 1867 4060">
    <p class='ocr_par' dir='ltr' id='par_1_40' title="bbox 286 3974 1867 4060">
     <span class='ocr_line' id='line_1_40' title="bbox 286 3974 1867 4060; baseline 0.017 -41"><span class='ocrx_word' id='word_1_303' title='bbox 286 3974 544 4037; x_wconf 89' lang='lat' dir='ltr'><strong>quomodo</strong></span> <span class='ocrx_word' id='word_1_304' title='bbox 570 3991 716 4046; x_wconf 66' lang='lat' dir='ltr'><strong>saepe</strong></span> <span class='ocrx_word' id='word_1_305' title='bbox 743 3977 814 4033; x_wconf 89' lang='lat' dir='ltr'><strong>ob</strong></span> <span class='ocrx_word' id='word_1_306' title='bbox 838 3990 1055 4048; x_wconf 88' lang='lat' dir='ltr'><strong>peceata</strong></span> <span class='ocrx_word' id='word_1_307' title='bbox 1080 3998 1175 4037; x_wconf 88' lang='lat' dir='ltr'><strong>sua</strong></span> <span class='ocrx_word' id='word_1_308' title='bbox 1215 3984 1445 4042; x_wconf 90' lang='lat' dir='ltr'><strong>inimicis</strong></span> <span class='ocrx_word' id='word_1_309' title='bbox 1477 3989 1717 4056; x_wconf 89' lang='lat' dir='ltr'><strong>traditos,</strong></span> <span class='ocrx_word' id='word_1_310' title='bbox 1753 3992 1867 4060; x_wconf 90' lang='lat' dir='ltr'><strong>ipso</strong></span> 
     </span>
    </p>
   </div>
   <div class='ocr_carea' id='block_1_41' title="bbox 288 4067 1869 4145">
    <p class='ocr_par' dir='ltr' id='par_1_41' title="bbox 288 4067 1869 4145">
     <span class='ocr_line' id='line_1_41' title="bbox 288 4067 1869 4145; baseline 0.015 -31"><span class='ocrx_word' id='word_1_311' title='bbox 288 4072 554 4133; x_wconf 83' lang='lat' dir='ltr'><strong>precante,</strong></span> <span class='ocrx_word' id='word_1_312' title='bbox 589 4067 729 4126; x_wconf 82' lang='lat' dir='ltr'><strong>Deus</strong></span> <span class='ocrx_word' id='word_1_313' title='bbox 751 4070 820 4125; x_wconf 83' lang='lat' dir='ltr'><strong>ab</strong></span> <span class='ocrx_word' id='word_1_314' title='bbox 846 4070 1089 4128; x_wconf 84' lang='lat' dir='ltr'><strong>hostibus</strong></span> <span class='ocrx_word' id='word_1_315' title='bbox 1126 4075 1453 4145; x_wconf 84' lang='lat' dir='ltr'><strong>liberaverit,</strong></span> <span class='ocrx_word' id='word_1_316' title='bbox 1481 4083 1752 4136; x_wconf 83' lang='lat' dir='ltr'><strong>veteribus</strong></span> <span class='ocrx_word' id='word_1_317' title='bbox 1782 4100 1869 4137; x_wconf 81' lang='lat' dir='ltr'><strong>rc-</strong></span> 
     </span>
    </p>
   </div>
   <div class='ocr_carea' id='block_1_42' title="bbox 286 4153 1859 4241">
    <p class='ocr_par' dir='ltr' id='par_1_42' title="bbox 286 4153 1859 4241">
     <span class='ocr_line' id='line_1_42' title="bbox 286 4153 1859 4241; baseline 0.016 -39"><span class='ocrx_word' id='word_1_318' title='bbox 286 4153 448 4241; x_wconf 76' lang='lat' dir='ltr'><strong>centia</strong></span> <span class='ocrx_word' id='word_1_319' title='bbox 489 4157 805 4228; x_wconf 86' lang='lat' dir='ltr'><strong>adjungens,</strong></span> <span class='ocrx_word' id='word_1_320' title='bbox 854 4160 934 4217; x_wconf 90' lang='lat' dir='ltr'><strong>sic</strong></span> <span class='ocrx_word' id='word_1_321' title='bbox 979 4163 1140 4219; x_wconf 90' lang='lat' dir='ltr'><strong>infert</strong></span> <span class='ocrx_word' id='word_1_322' title='bbox 1178 4184 1192 4222; x_wconf 88' lang='lat'><strong>:</strong></span> <span class='ocrx_word' id='word_1_323' title='bbox 1239 4166 1382 4221; x_wconf 78' lang='lat' dir='ltr'><strong>Misit</strong></span> <span class='ocrx_word' id='word_1_324' title='bbox 1417 4170 1556 4226; x_wconf 84' lang='lat' dir='ltr'><strong>Deus</strong></span> <span class='ocrx_word' id='word_1_325' title='bbox 1598 4170 1859 4241; x_wconf 86' lang='lat' dir='ltr'><strong>Jerobaal,</strong></span> 
     </span>
    </p>
   </div>
   <div class='ocr_carea' id='block_1_43' title="bbox 287 4238 1864 4333">
    <p class='ocr_par' dir='ltr' id='par_1_43' title="bbox 287 4238 1864 4333">
     <span class='ocr_line' id='line_1_43' title="bbox 287 4238 1864 4333; baseline 0.016 -41"><span class='ocrx_word' id='word_1_326' title='bbox 287 4238 481 4298; x_wconf 78' lang='lat' dir='ltr'><strong>Gedeou</strong></span> <span class='ocrx_word' id='word_1_327' title='bbox 506 4246 606 4318; x_wconf 83' lang='grc' dir='ltr'><strong>(α),</strong></span> <span class='ocrx_word' id='word_1_328' title='bbox 635 4248 827 4318; x_wconf 84' lang='lat' dir='ltr'><strong>Barac,</strong></span> <span class='ocrx_word' id='word_1_329' title='bbox 860 4251 1120 4324; x_wconf 78' lang='lat' dir='ltr'><strong>Jephtlue,</strong></span> <span class='ocrx_word' id='word_1_330' title='bbox 1160 4266 1209 4311; x_wconf 86' lang='lat' dir='ltr'><strong>et</strong></span> <span class='ocrx_word' id='word_1_331' title='bbox 1240 4257 1549 4327; x_wconf 86' lang='lat' dir='ltr'><strong>Samuelem,</strong></span> <span class='ocrx_word' id='word_1_332' title='bbox 1596 4271 1641 4315; x_wconf 87' lang='lat' dir='ltr'><strong>et</strong></span> <span class='ocrx_word' id='word_1_333' title='bbox 1679 4238 1864 4333; x_wconf 72' lang='lat' dir='ltr'><strong>eripuit</strong></span> 
     </span>
    </p>
   </div>
   <div class='ocr_carea' id='block_1_44' title="bbox 340 4350 1861 4436">
    <p class='ocr_par' dir='ltr' id='par_1_44' title="bbox 340 4350 1861 4436">
     <span class='ocr_line' id='line_1_44' title="bbox 340 4350 1861 4436; baseline 0.018 -37"><span class='ocrx_word' id='word_1_334' title='bbox 340 4350 414 4416; x_wconf 80' lang='grc' dir='ltr'><strong>(α)</strong></span> <span class='ocrx_word' id='word_1_335' title='bbox 447 4361 497 4405; x_wconf 81' lang='grc' dir='ltr'><strong>ιιι</strong></span> <span class='ocrx_word' id='word_1_336' title='bbox 517 4356 649 4409; x_wconf 78' lang='lat' dir='ltr'><strong>hunc</strong></span> <span class='ocrx_word' id='word_1_337' title='bbox 669 4358 830 4411; x_wconf 86' lang='lat' dir='ltr'><strong>locum</strong></span> <span class='ocrx_word' id='word_1_338' title='bbox 869 4364 1004 4417; x_wconf 76' lang='lat' dir='ltr'><strong>notat</strong></span> <span class='ocrx_word' id='word_1_339' title='bbox 1033 4365 1238 4418; x_wconf 87' lang='lat' dir='ltr'><strong>Savilius</strong></span> <span class='ocrx_word' id='word_1_340' title='bbox 1267 4383 1465 4433; x_wconf 89' lang='lat' dir='ltr'><strong>vocem,</strong></span> <span class='ocrx_word' id='word_1_341' title='bbox 1508 4374 1720 4436; x_wconf 79' lang='lat' dir='ltr'><strong>Cedeon,</strong></span> <span class='ocrx_word' id='word_1_342' title='bbox 1748 4388 1861 4425; x_wconf 88' lang='lat' dir='ltr'><strong>esse</strong></span> 
     </span>
    </p>
   </div>
   <div class='ocr_carea' id='block_1_45' title="bbox 924 380 3050 496">
    <p class='ocr_par' dir='ltr' id='par_1_45' title="bbox 924 380 3050 496">
     <span class='ocr_line' id='line_1_45' title="bbox 924 380 3050 496; baseline 0.009 -59"><span class='ocrx_word' id='word_1_343' title='bbox 924 382 1014 437; x_wconf 86' lang='lat' dir='ltr'><strong>DE</strong></span> <span class='ocrx_word' id='word_1_344' title='bbox 1054 380 1300 441; x_wconf 73' lang='lat' dir='ltr'><strong>VERBIS</strong></span> <span class='ocrx_word' id='word_1_345' title='bbox 1338 384 1695 456; x_wconf 82' lang='lat' dir='ltr'><strong>APOS&#39;I&#39;OLI,</strong></span> <span class='ocrx_word' id='word_1_346' title='bbox 1739 389 2005 446; x_wconf 78' lang='lat' dir='ltr'><strong>UTINAM</strong></span> <span class='ocrx_word' id='word_1_347' title='bbox 2045 391 2920 496; x_wconf 42' lang='lat' dir='ltr'><strong>SUSTINERETIS‘MODICUM.</strong></span> <span class='ocrx_word' id='word_1_348' title='bbox 2961 401 3050 457; x_wconf 87' lang='lat' dir='ltr'><strong>Ill.</strong></span> 
     </span>
    </p>
   </div>
   <div class='ocr_carea' id='block_1_46' title="bbox 3506 405 3613 464">
    <p class='ocr_par' dir='ltr' id='par_1_46' title="bbox 3506 405 3613 464">
     <span class='ocr_line' id='line_1_46' title="bbox 3506 405 3613 464; baseline 0.075 -8"><span class='ocrx_word' id='word_1_349' title='bbox 3506 405 3613 464; x_wconf 74' lang='lat'><strong>&#39;5“)</strong></span> 
     </span>
    </p>
   </div>
   <div class='ocr_carea' id='block_1_47' title="bbox 2028 502 3614 574">
    <p class='ocr_par' dir='ltr' id='par_1_47' title="bbox 2028 502 3614 574">
     <span class='ocr_line' id='line_1_47' title="bbox 2028 502 3614 574; baseline 0.005 -20"><span class='ocrx_word' id='word_1_350' title='bbox 2028 516 2116 557; x_wconf 67' lang='lat' dir='ltr'><strong>eos</strong></span> <span class='ocrx_word' id='word_1_351' title='bbox 2143 502 2195 555; x_wconf 89' lang='lat' dir='ltr'><strong>in</strong></span> <span class='ocrx_word' id='word_1_352' title='bbox 2221 502 2432 556; x_wconf 84' lang='lat' dir='ltr'><strong>circuitu</strong></span> <span class='ocrx_word' id='word_1_353' title='bbox 2463 502 2527 556; x_wconf 73' lang='lat' dir='ltr'><strong>de</strong></span> <span class='ocrx_word' id='word_1_354' title='bbox 2553 519 2706 557; x_wconf 86' lang='lat' dir='ltr'><strong>manu</strong></span> <span class='ocrx_word' id='word_1_355' title='bbox 2733 505 3052 560; x_wconf 81' lang='lat' dir='ltr'><strong>inimicorum</strong></span> <span class='ocrx_word' id='word_1_356' title='bbox 3078 514 3373 574; x_wconf 76' lang='lat' dir='ltr'><strong>vestrorum,</strong></span> <span class='ocrx_word' id='word_1_357' title='bbox 3406 517 3453 562; x_wconf 87' lang='lat' dir='ltr'><strong>et</strong></span> <span class='ocrx_word' id='word_1_358' title='bbox 3474 508 3614 562; x_wconf 75' lang='lat' dir='ltr'><strong>habi-</strong></span> 
     </span>
    </p>
   </div>
   <div class='ocr_carea' id='block_1_48' title="bbox 2022 593 3006 668">
    <p class='ocr_par' dir='ltr' id='par_1_48' title="bbox 2022 593 3006 668">
     <span class='ocr_line' id='line_1_48' title="bbox 2022 593 3006 668; baseline 0.006 -20"><span class='ocrx_word' id='word_1_359' title='bbox 2022 596 2138 649; x_wconf 71' lang='lat' dir='ltr'><strong>tatis</strong></span> <span class='ocrx_word' id='word_1_360' title='bbox 2164 593 2474 660; x_wconf 80' lang='lat' dir='ltr'><strong>conﬁdenter</strong></span> <span class='ocrx_word' id='word_1_361' title='bbox 2501 596 2578 667; x_wconf 77' lang='lat' dir='ltr'><strong>(i.</strong></span> <span class='ocrx_word' id='word_1_362' title='bbox 2609 595 2739 668; x_wconf 79' lang='lat' dir='ltr'><strong>Reg.</strong></span> <span class='ocrx_word' id='word_1_363' title='bbox 2774 596 2860 650; x_wconf 75' lang='grc'><strong>12.</strong></span> <span class='ocrx_word' id='word_1_364' title='bbox 2896 596 3006 668; x_wconf 80' lang='grc' dir='ltr'><strong>Η).</strong></span> 
     </span>
    </p>
   </div>
   <div class='ocr_carea' id='block_1_49' title="bbox 2091 684 3606 758">
    <p class='ocr_par' dir='ltr' id='par_1_49' title="bbox 2091 684 3606 758">
     <span class='ocr_line' id='line_1_49' title="bbox 2091 684 3606 758; baseline 0.005 -22"><span class='ocrx_word' id='word_1_365' title='bbox 2091 684 2177 738; x_wconf 78' lang='grc'><strong>10.</strong></span> <span class='ocrx_word' id='word_1_366' title='bbox 2210 685 2388 740; x_wconf 86' lang='lat' dir='ltr'><strong>Sancti</strong></span> <span class='ocrx_word' id='word_1_367' title='bbox 2409 686 2608 739; x_wconf 84' lang='lat' dir='ltr'><strong>nonnisi</strong></span> <span class='ocrx_word' id='word_1_368' title='bbox 2634 696 2842 757; x_wconf 83' lang='lat' dir='ltr'><strong>urgente</strong></span> <span class='ocrx_word' id='word_1_369' title='bbox 2865 688 3155 743; x_wconf 84' lang='lat' dir='ltr'><strong>necessitate</strong></span> <span class='ocrx_word' id='word_1_370' title='bbox 3189 687 3367 743; x_wconf 81' lang='lat' dir='ltr'><strong>laudes</strong></span> <span class='ocrx_word' id='word_1_371' title='bbox 3395 705 3516 744; x_wconf 80' lang='lat' dir='ltr'><strong>suas</strong></span> <span class='ocrx_word' id='word_1_372' title='bbox 3537 691 3606 758; x_wconf 75' lang='lat' dir='ltr'><strong>ef-</strong></span> 
     </span>
    </p>
   </div>
   <div class='ocr_carea' id='block_1_50' title="bbox 2018 777 3610 849">
    <p class='ocr_par' dir='ltr' id='par_1_50' title="bbox 2018 777 3610 849">
     <span class='ocr_line' id='line_1_50' title="bbox 2018 777 3610 849; baseline 0.005 -21"><span class='ocrx_word' id='word_1_373' title='bbox 2018 779 2207 848; x_wconf 78' lang='lat' dir='ltr'><strong>ferunt.</strong></span> <span class='ocrx_word' id='word_1_374' title='bbox 2236 808 2308 817; x_wconf 91' lang='lat'><strong>--</strong></span> <span class='ocrx_word' id='word_1_375' title='bbox 2336 777 2523 832; x_wconf 85' lang='lat' dir='ltr'><strong>Viden’</strong></span> <span class='ocrx_word' id='word_1_376' title='bbox 2550 779 2815 849; x_wconf 90' lang='lat' dir='ltr'><strong>quomodo</strong></span> <span class='ocrx_word' id='word_1_377' title='bbox 2853 780 2907 834; x_wconf 92' lang='lat' dir='ltr'><strong>in</strong></span> <span class='ocrx_word' id='word_1_378' title='bbox 2953 795 3104 835; x_wconf 91' lang='lat' dir='ltr'><strong>more</strong></span> <span class='ocrx_word' id='word_1_379' title='bbox 3146 784 3217 836; x_wconf 89' lang='lat' dir='ltr'><strong>sit</strong></span> <span class='ocrx_word' id='word_1_380' title='bbox 3259 781 3459 837; x_wconf 87' lang='lat' dir='ltr'><strong>sanctis</strong></span> <span class='ocrx_word' id='word_1_381' title='bbox 3503 797 3610 836; x_wconf 79' lang='lat' dir='ltr'><strong>non</strong></span> 
     </span>
    </p>
   </div>
   <div class='ocr_carea' id='block_1_51' title="bbox 2017 866 3612 941">
    <p class='ocr_par' dir='ltr' id='par_1_51' title="bbox 2017 866 3612 941">
     <span class='ocr_line' id='line_1_51' title="bbox 2017 866 3612 941; baseline 0.004 -22"><span class='ocrx_word' id='word_1_382' title='bbox 2017 866 2273 935; x_wconf 71' lang='lat' dir='ltr'><strong>prarclara</strong></span> <span class='ocrx_word' id='word_1_383' title='bbox 2318 883 2412 923; x_wconf 90' lang='lat' dir='ltr'><strong>sua</strong></span> <span class='ocrx_word' id='word_1_384' title='bbox 2442 877 2590 939; x_wconf 79' lang='lat' dir='ltr'><strong>gesta</strong></span> <span class='ocrx_word' id='word_1_385' title='bbox 2632 884 2849 924; x_wconf 90' lang='lat' dir='ltr'><strong>narrare</strong></span> <span class='ocrx_word' id='word_1_386' title='bbox 2872 870 2971 925; x_wconf 91' lang='lat' dir='ltr'><strong>nisi</strong></span> <span class='ocrx_word' id='word_1_387' title='bbox 3003 879 3223 941; x_wconf 82' lang='lat' dir='ltr'><strong>urgente</strong></span> <span class='ocrx_word' id='word_1_388' title='bbox 3251 872 3612 928; x_wconf 82' lang='lat' dir='ltr'><strong>necessitate?</strong></span> 
     </span>
    </p>
   </div>
   <div class='ocr_carea' id='block_1_52' title="bbox 2017 956 3606 1030">
    <p class='ocr_par' dir='ltr' id='par_1_52' title="bbox 2017 956 3606 1030">
     <span class='ocr_line' id='line_1_52' title="bbox 2017 956 3606 1030; baseline 0.002 -18"><span class='ocrx_word' id='word_1_389' title='bbox 2017 956 2142 1012; x_wconf 86' lang='lat' dir='ltr'><strong>ideo</strong></span> <span class='ocrx_word' id='word_1_390' title='bbox 2170 958 2363 1014; x_wconf 82' lang='lat' dir='ltr'><strong>Paulus</strong></span> <span class='ocrx_word' id='word_1_391' title='bbox 2388 959 2455 1014; x_wconf 86' lang='lat' dir='ltr'><strong>ad</strong></span> <span class='ocrx_word' id='word_1_392' title='bbox 2478 959 2578 1015; x_wconf 90' lang='lat' dir='ltr'><strong>bos</strong></span> <span class='ocrx_word' id='word_1_393' title='bbox 2602 961 2895 1030; x_wconf 81' lang='lat' dir='ltr'><strong>respiciens</strong></span> <span class='ocrx_word' id='word_1_394' title='bbox 2913 1004 2929 1029; x_wconf 94' lang='lat'><strong>,</strong></span> <span class='ocrx_word' id='word_1_395' title='bbox 2958 970 3012 1018; x_wconf 90' lang='lat' dir='ltr'><strong>et</strong></span> <span class='ocrx_word' id='word_1_396' title='bbox 3036 971 3285 1018; x_wconf 87' lang='lat' dir='ltr'><strong>accurate</strong></span> <span class='ocrx_word' id='word_1_397' title='bbox 3310 962 3606 1028; x_wconf 85' lang='lat' dir='ltr'><strong>institutus,</strong></span> 
     </span>
    </p>
   </div>
   <div class='ocr_carea' id='block_1_53' title="bbox 2015 1049 3605 1124">
    <p class='ocr_par' dir='ltr' id='par_1_53' title="bbox 2015 1049 3605 1124">
     <span class='ocr_line' id='line_1_53' title="bbox 2015 1049 3605 1124; baseline 0.004 -22"><span class='ocrx_word' id='word_1_398' title='bbox 2015 1049 2296 1104; x_wconf 89' lang='lat' dir='ltr'><strong>molestum</strong></span> <span class='ocrx_word' id='word_1_399' title='bbox 2327 1066 2715 1122; x_wconf 87' lang='lat' dir='ltr'><strong>onerosumque</strong></span> <span class='ocrx_word' id='word_1_400' title='bbox 2739 1068 2890 1118; x_wconf 86' lang='lat' dir='ltr'><strong>esse,</strong></span> <span class='ocrx_word' id='word_1_401' title='bbox 2920 1053 2965 1107; x_wconf 90' lang='lat' dir='ltr'><strong>si</strong></span> <span class='ocrx_word' id='word_1_402' title='bbox 3002 1053 3122 1124; x_wconf 91' lang='lat' dir='ltr'><strong>quis</strong></span> <span class='ocrx_word' id='word_1_403' title='bbox 3166 1054 3234 1109; x_wconf 90' lang='lat' dir='ltr'><strong>de</strong></span> <span class='ocrx_word' id='word_1_404' title='bbox 3283 1053 3462 1123; x_wconf 85' lang='lat' dir='ltr'><strong>seipse</strong></span> <span class='ocrx_word' id='word_1_405' title='bbox 3504 1055 3605 1108; x_wconf 85' lang='lat' dir='ltr'><strong>ali-</strong></span> 
     </span>
    </p>
   </div>
   <div class='ocr_carea' id='block_1_54' title="bbox 2014 1139 3609 1210">
    <p class='ocr_par' dir='ltr' id='par_1_54' title="bbox 2014 1139 3609 1210">
     <span class='ocr_line' id='line_1_54' title="bbox 2014 1139 3609 1210; baseline 0.004 -18"><span class='ocrx_word' id='word_1_406' title='bbox 2014 1139 2138 1209; x_wconf 90' lang='lat' dir='ltr'><strong>quid</strong></span> <span class='ocrx_word' id='word_1_407' title='bbox 2178 1140 2439 1210; x_wconf 73' lang='lat' dir='ltr'><strong>proferret</strong></span> <span class='ocrx_word' id='word_1_408' title='bbox 2461 1184 2475 1209; x_wconf 93' lang='lat'><strong>,</strong></span> <span class='ocrx_word' id='word_1_409' title='bbox 2508 1142 2740 1209; x_wconf 89' lang='lat' dir='ltr'><strong>dicebat,</strong></span> <span class='ocrx_word' id='word_1_410' title='bbox 2777 1141 2983 1197; x_wconf 85' lang='lat' dir='ltr'><strong>Utinam</strong></span> <span class='ocrx_word' id='word_1_411' title='bbox 3008 1144 3322 1198; x_wconf 83' lang='lat' dir='ltr'><strong>sustineretis</strong></span> <span class='ocrx_word' id='word_1_412' title='bbox 3351 1146 3609 1199; x_wconf 76' lang='lat' dir='ltr'><strong>modicum</strong></span> 
     </span>
    </p>
   </div>
   <div class='ocr_carea' id='block_1_55' title="bbox 2013 1232 3609 1305">
    <p class='ocr_par' dir='ltr' id='par_1_55' title="bbox 2013 1232 3609 1305">
     <span class='ocr_line' id='line_1_55' title="bbox 2013 1232 3609 1305; baseline 0.003 -22"><span class='ocrx_word' id='word_1_413' title='bbox 2013 1232 2135 1301; x_wconf 87' lang='lat' dir='ltr'><strong>quid</strong></span> <span class='ocrx_word' id='word_1_414' title='bbox 2180 1233 2484 1302; x_wconf 80' lang='lat' dir='ltr'><strong>insipientia:</strong></span> <span class='ocrx_word' id='word_1_415' title='bbox 2524 1250 2684 1299; x_wconf 79' lang='lat' dir='ltr'><strong>mew;</strong></span> <span class='ocrx_word' id='word_1_416' title='bbox 2725 1251 2831 1289; x_wconf 88' lang='lat' dir='ltr'><strong>non</strong></span> <span class='ocrx_word' id='word_1_417' title='bbox 2873 1250 3162 1305; x_wconf 84' lang='lat' dir='ltr'><strong>magnum,</strong></span> <span class='ocrx_word' id='word_1_418' title='bbox 3208 1235 3304 1291; x_wconf 90' lang='lat' dir='ltr'><strong>sed</strong></span> <span class='ocrx_word' id='word_1_419' title='bbox 3350 1236 3609 1289; x_wconf 83' lang='lat' dir='ltr'><strong>modicum</strong></span> 
     </span>
    </p>
   </div>
   <div class='ocr_carea' id='block_1_56' title="bbox 2010 1322 3602 1398">
    <p class='ocr_par' dir='ltr' id='par_1_56' title="bbox 2010 1322 3602 1398">
     <span class='ocr_line' id='line_1_56' title="bbox 2010 1322 3602 1398; baseline 0.003 -22"><span class='ocrx_word' id='word_1_420' title='bbox 2010 1323 2134 1391; x_wconf 81' lang='lat' dir='ltr'><strong>quid</strong></span> <span class='ocrx_word' id='word_1_421' title='bbox 2159 1323 2234 1393; x_wconf 71' lang='lat'><strong>(2.</strong></span> <span class='ocrx_word' id='word_1_422' title='bbox 2259 1322 2377 1379; x_wconf 88' lang='lat' dir='ltr'><strong>Cor.</strong></span> <span class='ocrx_word' id='word_1_423' title='bbox 2407 1326 2494 1379; x_wconf 86' lang='lat' dir='ltr'><strong>ll.</strong></span> <span class='ocrx_word' id='word_1_424' title='bbox 2522 1322 2598 1398; x_wconf 80' lang='grc'><strong>1).</strong></span> <span class='ocrx_word' id='word_1_425' title='bbox 2628 1325 2811 1396; x_wconf 84' lang='lat' dir='ltr'><strong>Neque</strong></span> <span class='ocrx_word' id='word_1_426' title='bbox 2835 1327 2976 1381; x_wconf 91' lang='lat' dir='ltr'><strong>enim</strong></span> <span class='ocrx_word' id='word_1_427' title='bbox 3025 1337 3248 1396; x_wconf 86' lang='lat' dir='ltr'><strong>cogente</strong></span> <span class='ocrx_word' id='word_1_428' title='bbox 3286 1326 3602 1381; x_wconf 85' lang='lat' dir='ltr'><strong>necessitate</strong></span> 
     </span>
    </p>
   </div>
   <div class='ocr_carea' id='block_1_57' title="bbox 2010 1414 3600 1485">
    <p class='ocr_par' dir='ltr' id='par_1_57' title="bbox 2010 1414 3600 1485">
     <span class='ocr_line' id='line_1_57' title="bbox 2010 1414 3600 1485; baseline -0.001 -18"><span class='ocrx_word' id='word_1_429' title='bbox 2010 1414 2281 1483; x_wconf 85' lang='lat' dir='ltr'><strong>cepiosam</strong></span> <span class='ocrx_word' id='word_1_430' title='bbox 2306 1415 2518 1470; x_wconf 90' lang='lat' dir='ltr'><strong>laudum</strong></span> <span class='ocrx_word' id='word_1_431' title='bbox 2550 1430 2766 1470; x_wconf 91' lang='lat' dir='ltr'><strong>suarum</strong></span> <span class='ocrx_word' id='word_1_432' title='bbox 2802 1417 3161 1470; x_wconf 85' lang='lat' dir='ltr'><strong>narrationem</strong></span> <span class='ocrx_word' id='word_1_433' title='bbox 3202 1415 3475 1471; x_wconf 67' lang='lat' dir='ltr'><strong>effundere</strong></span> <span class='ocrx_word' id='word_1_434' title='bbox 3502 1431 3600 1485; x_wconf 75' lang='lat' dir='ltr'><strong>pa-</strong></span> 
     </span>
    </p>
   </div>
   <div class='ocr_carea' id='block_1_58' title="bbox 2011 1506 3597 1576">
    <p class='ocr_par' dir='ltr' id='par_1_58' title="bbox 2011 1506 3597 1576">
     <span class='ocr_line' id='line_1_58' title="bbox 2011 1506 3597 1576; baseline 0.001 -19"><span class='ocrx_word' id='word_1_435' title='bbox 2011 1512 2158 1560; x_wconf 90' lang='lat' dir='ltr'><strong>ratus</strong></span> <span class='ocrx_word' id='word_1_436' title='bbox 2182 1516 2294 1561; x_wconf 90' lang='lat' dir='ltr'><strong>erat</strong></span> <span class='ocrx_word' id='word_1_437' title='bbox 2317 1547 2333 1573; x_wconf 92' lang='lat'><strong>,</strong></span> <span class='ocrx_word' id='word_1_438' title='bbox 2361 1506 2457 1562; x_wconf 87' lang='lat' dir='ltr'><strong>sed</strong></span> <span class='ocrx_word' id='word_1_439' title='bbox 2500 1508 2683 1576; x_wconf 83' lang='lat' dir='ltr'><strong>paucis</strong></span> <span class='ocrx_word' id='word_1_440' title='bbox 2710 1507 2827 1560; x_wconf 89' lang='lat' dir='ltr'><strong>illas</strong></span> <span class='ocrx_word' id='word_1_441' title='bbox 2855 1507 3114 1576; x_wconf 87' lang='lat' dir='ltr'><strong>percurrit</strong></span> <span class='ocrx_word' id='word_1_442' title='bbox 3160 1524 3173 1561; x_wconf 90' lang='lat'><strong>:</strong></span> <span class='ocrx_word' id='word_1_443' title='bbox 3221 1516 3274 1561; x_wconf 90' lang='lat' dir='ltr'><strong>et</strong></span> <span class='ocrx_word' id='word_1_444' title='bbox 3304 1507 3403 1560; x_wconf 86' lang='lat' dir='ltr'><strong>hoc</strong></span> <span class='ocrx_word' id='word_1_445' title='bbox 3426 1506 3597 1575; x_wconf 87' lang='lat' dir='ltr'><strong>ipsum</strong></span> 
     </span>
    </p>
   </div>
   <div class='ocr_carea' id='block_1_59' title="bbox 2010 1596 3596 1666">
    <p class='ocr_par' dir='ltr' id='par_1_59' title="bbox 2010 1596 3596 1666">
     <span class='ocr_line' id='line_1_59' title="bbox 2010 1596 3596 1666; baseline 0.001 -19"><span class='ocrx_word' id='word_1_446' title='bbox 2010 1605 2233 1665; x_wconf 82' lang='lat' dir='ltr'><strong>propter</strong></span> <span class='ocrx_word' id='word_1_447' title='bbox 2252 1610 2347 1650; x_wconf 93' lang='lat' dir='ltr'><strong>eos</strong></span> <span class='ocrx_word' id='word_1_448' title='bbox 2373 1612 2665 1666; x_wconf 90' lang='lat' dir='ltr'><strong>eorumque</strong></span> <span class='ocrx_word' id='word_1_449' title='bbox 2690 1596 2935 1651; x_wconf 88' lang='lat' dir='ltr'><strong>salutem.</strong></span> <span class='ocrx_word' id='word_1_450' title='bbox 2971 1596 3429 1663; x_wconf 86' lang='lat' dir='ltr'><strong>Quemadmodum</strong></span> <span class='ocrx_word' id='word_1_451' title='bbox 3456 1598 3596 1649; x_wconf 86' lang='lat' dir='ltr'><strong>enim</strong></span> 
     </span>
    </p>
   </div>
   <div class='ocr_carea' id='block_1_60' title="bbox 2007 1685 3595 1757">
    <p class='ocr_par' dir='ltr' id='par_1_60' title="bbox 2007 1685 3595 1757">
     <span class='ocr_line' id='line_1_60' title="bbox 2007 1685 3595 1757; baseline 0 -19"><span class='ocrx_word' id='word_1_452' title='bbox 2007 1685 2122 1739; x_wconf 90' lang='lat' dir='ltr'><strong>sine</strong></span> <span class='ocrx_word' id='word_1_453' title='bbox 2145 1685 2321 1756; x_wconf 88' lang='lat' dir='ltr'><strong>aliqua</strong></span> <span class='ocrx_word' id='word_1_454' title='bbox 2353 1689 2671 1741; x_wconf 83' lang='lat' dir='ltr'><strong>necessitate</strong></span> <span class='ocrx_word' id='word_1_455' title='bbox 2697 1702 2792 1743; x_wconf 90' lang='lat' dir='ltr'><strong>sua</strong></span> <span class='ocrx_word' id='word_1_456' title='bbox 2830 1702 3118 1743; x_wconf 89' lang='lat' dir='ltr'><strong>recensere</strong></span> <span class='ocrx_word' id='word_1_457' title='bbox 3165 1689 3420 1757; x_wconf 65' lang='lat' dir='ltr'><strong>praeclara</strong></span> <span class='ocrx_word' id='word_1_458' title='bbox 3451 1697 3595 1757; x_wconf 68' lang='lat' dir='ltr'><strong>gesta</strong></span> 
     </span>
    </p>
   </div>
   <div class='ocr_carea' id='block_1_61' title="bbox 2007 1776 3596 1842">
    <p class='ocr_par' dir='ltr' id='par_1_61' title="bbox 2007 1776 3596 1842">
     <span class='ocr_line' id='line_1_61' title="bbox 2007 1776 3596 1842; baseline 0.001 -13"><span class='ocrx_word' id='word_1_459' title='bbox 2007 1784 2261 1830; x_wconf 71' lang='lat' dir='ltr'><strong>extremae</strong></span> <span class='ocrx_word' id='word_1_460' title='bbox 2288 1776 2571 1830; x_wconf 75' lang='lat' dir='ltr'><strong>dementia:</strong></span> <span class='ocrx_word' id='word_1_461' title='bbox 2601 1787 2715 1842; x_wconf 90' lang='lat' dir='ltr'><strong>est;</strong></span> <span class='ocrx_word' id='word_1_462' title='bbox 2744 1778 2822 1831; x_wconf 91' lang='lat' dir='ltr'><strong>sic</strong></span> <span class='ocrx_word' id='word_1_463' title='bbox 2849 1777 3081 1832; x_wconf 89' lang='lat' dir='ltr'><strong>instante</strong></span> <span class='ocrx_word' id='word_1_464' title='bbox 3117 1777 3435 1831; x_wconf 88' lang='lat' dir='ltr'><strong>necessitate</strong></span> <span class='ocrx_word' id='word_1_465' title='bbox 3463 1785 3519 1831; x_wconf 89' lang='lat' dir='ltr'><strong>et</strong></span> <span class='ocrx_word' id='word_1_466' title='bbox 3547 1778 3596 1830; x_wconf 81' lang='lat' dir='ltr'><strong>vi</strong></span> 
     </span>
    </p>
   </div>
   <div class='ocr_carea' id='block_1_62' title="bbox 2005 1866 3596 1937">
    <p class='ocr_par' dir='ltr' id='par_1_62' title="bbox 2005 1866 3596 1937">
     <span class='ocr_line' id='line_1_62' title="bbox 2005 1866 3596 1937; baseline 0.001 -17"><span class='ocrx_word' id='word_1_467' title='bbox 2005 1866 2389 1935; x_wconf 86' lang='lat' dir='ltr'><strong>compellente,</strong></span> <span class='ocrx_word' id='word_1_468' title='bbox 2420 1866 2646 1935; x_wconf 81' lang='lat' dir='ltr'><strong>proditio</strong></span> <span class='ocrx_word' id='word_1_469' title='bbox 2670 1875 2813 1921; x_wconf 90' lang='lat' dir='ltr'><strong>esset</strong></span> <span class='ocrx_word' id='word_1_470' title='bbox 2838 1867 2929 1921; x_wconf 89' lang='lat' dir='ltr'><strong>illa</strong></span> <span class='ocrx_word' id='word_1_471' title='bbox 2957 1875 3134 1922; x_wconf 86' lang='lat' dir='ltr'><strong>tacere</strong></span> <span class='ocrx_word' id='word_1_472' title='bbox 3159 1882 3277 1935; x_wconf 80' lang='lat' dir='ltr'><strong>quae</strong></span> <span class='ocrx_word' id='word_1_473' title='bbox 3320 1866 3488 1937; x_wconf 89' lang='lat' dir='ltr'><strong>probe</strong></span> <span class='ocrx_word' id='word_1_474' title='bbox 3521 1866 3596 1922; x_wconf 84' lang='lat' dir='ltr'><strong>fe-</strong></span> 
     </span>
    </p>
   </div>
   <div class='ocr_carea' id='block_1_63' title="bbox 2004 1955 3591 2028">
    <p class='ocr_par' dir='ltr' id='par_1_63' title="bbox 2004 1955 3591 2028">
     <span class='ocr_line' id='line_1_63' title="bbox 2004 1955 3591 2028; baseline 0.001 -17"><span class='ocrx_word' id='word_1_475' title='bbox 2004 1957 2157 2011; x_wconf 88' lang='lat' dir='ltr'><strong>cerit.</strong></span> <span class='ocrx_word' id='word_1_476' title='bbox 2183 1955 2431 2011; x_wconf 88' lang='lat' dir='ltr'><strong>Attamen</strong></span> <span class='ocrx_word' id='word_1_477' title='bbox 2459 1957 2655 2013; x_wconf 83' lang='lat' dir='ltr'><strong>Paulus</strong></span> <span class='ocrx_word' id='word_1_478' title='bbox 2683 1957 2842 2012; x_wconf 87' lang='lat' dir='ltr'><strong>etiam</strong></span> <span class='ocrx_word' id='word_1_479' title='bbox 2870 1973 2992 2012; x_wconf 93' lang='lat' dir='ltr'><strong>cum</strong></span> <span class='ocrx_word' id='word_1_480' title='bbox 3026 1965 3235 2028; x_wconf 89' lang='lat' dir='ltr'><strong>urgeret</strong></span> <span class='ocrx_word' id='word_1_481' title='bbox 3265 1959 3556 2012; x_wconf 85' lang='lat' dir='ltr'><strong>necessitas</strong></span> <span class='ocrx_word' id='word_1_482' title='bbox 3575 2001 3591 2026; x_wconf 92' lang='lat'><strong>,</strong></span> 
     </span>
    </p>
   </div>
   <div class='ocr_carea' id='block_1_64' title="bbox 2012 2048 3595 2118">
    <p class='ocr_par' dir='ltr' id='par_1_64' title="bbox 2012 2048 3595 2118">
     <span class='ocr_line' id='line_1_64' title="bbox 2012 2048 3595 2118; baseline 0.001 -17"><span class='ocrx_word' id='word_1_483' title='bbox 2012 2048 2376 2113; x_wconf 65' lang='lat' dir='ltr'><strong>cunctabatur,</strong></span> <span class='ocrx_word' id='word_1_484' title='bbox 2410 2062 2632 2118; x_wconf 88' lang='lat' dir='ltr'><strong>remque</strong></span> <span class='ocrx_word' id='word_1_485' title='bbox 2678 2048 2820 2102; x_wconf 83' lang='lat' dir='ltr'><strong>illam</strong></span> <span class='ocrx_word' id='word_1_486' title='bbox 2853 2048 3210 2118; x_wconf 87' lang='lat' dir='ltr'><strong>insipientiam</strong></span> <span class='ocrx_word' id='word_1_487' title='bbox 3248 2048 3506 2115; x_wconf 82' lang='lat' dir='ltr'><strong>vocabat,</strong></span> <span class='ocrx_word' id='word_1_488' title='bbox 3541 2060 3595 2103; x_wconf 90' lang='lat' dir='ltr'><strong>nt</strong></span> 
     </span>
    </p>
   </div>
   <div class='ocr_carea' id='block_1_65' title="bbox 2001 2137 3595 2209">
    <p class='ocr_par' dir='ltr' id='par_1_65' title="bbox 2001 2137 3595 2209">
     <span class='ocr_line' id='line_1_65' title="bbox 2001 2137 3595 2209; baseline 0.002 -18"><span class='ocrx_word' id='word_1_489' title='bbox 2001 2137 2177 2192; x_wconf 86' lang='lat' dir='ltr'><strong>discas</strong></span> <span class='ocrx_word' id='word_1_490' title='bbox 2222 2137 2336 2208; x_wconf 83' lang='lat' dir='ltr'><strong>ejus</strong></span> <span class='ocrx_word' id='word_1_491' title='bbox 2389 2138 2725 2207; x_wconf 89' lang='lat' dir='ltr'><strong>prudentiam</strong></span> <span class='ocrx_word' id='word_1_492' title='bbox 2777 2149 2830 2193; x_wconf 91' lang='lat' dir='ltr'><strong>et</strong></span> <span class='ocrx_word' id='word_1_493' title='bbox 2859 2139 3209 2208; x_wconf 80' lang='lat' dir='ltr'><strong>sapientiam,</strong></span> <span class='ocrx_word' id='word_1_494' title='bbox 3243 2154 3595 2209; x_wconf 71' lang='lat' dir='ltr'><strong>magnamque</strong></span> 
     </span>
    </p>
   </div>
   <div class='ocr_carea' id='block_1_66' title="bbox 1999 2229 3586 2301">
    <p class='ocr_par' dir='ltr' id='par_1_66' title="bbox 1999 2229 3586 2301">
     <span class='ocr_line' id='line_1_66' title="bbox 1999 2229 3586 2301; baseline 0.001 -17"><span class='ocrx_word' id='word_1_495' title='bbox 1999 2230 2322 2284; x_wconf 83' lang='lat' dir='ltr'><strong>eautioncm.</strong></span> <span class='ocrx_word' id='word_1_496' title='bbox 2358 2229 2491 2284; x_wconf 88' lang='lat' dir='ltr'><strong>Nam</strong></span> <span class='ocrx_word' id='word_1_497' title='bbox 2531 2246 2651 2284; x_wconf 92' lang='lat' dir='ltr'><strong>cum</strong></span> <span class='ocrx_word' id='word_1_498' title='bbox 2680 2230 2935 2297; x_wconf 84' lang='lat' dir='ltr'><strong>dixisset,</strong></span> <span class='ocrx_word' id='word_1_499' title='bbox 2972 2231 3122 2297; x_wconf 85' lang='lat' dir='ltr'><strong>Quod</strong></span> <span class='ocrx_word' id='word_1_500' title='bbox 3153 2230 3349 2301; x_wconf 89' lang='lat' dir='ltr'><strong>loquor,</strong></span> <span class='ocrx_word' id='word_1_501' title='bbox 3380 2248 3478 2284; x_wconf 88' lang='lat' dir='ltr'><strong>non</strong></span> <span class='ocrx_word' id='word_1_502' title='bbox 3505 2232 3586 2285; x_wconf 84' lang='lat' dir='ltr'><strong>lo-</strong></span> 
     </span>
    </p>
   </div>
   <div class='ocr_carea' id='block_1_67' title="bbox 1998 2317 3587 2388">
    <p class='ocr_par' dir='ltr' id='par_1_67' title="bbox 1998 2317 3587 2388">
     <span class='ocr_line' id='line_1_67' title="bbox 1998 2317 3587 2388; baseline 0.001 -17"><span class='ocrx_word' id='word_1_503' title='bbox 1998 2335 2125 2387; x_wconf 83' lang='lat' dir='ltr'><strong>quor</strong></span> <span class='ocrx_word' id='word_1_504' title='bbox 2148 2319 2425 2373; x_wconf 87' lang='lat' dir='ltr'><strong>secundum</strong></span> <span class='ocrx_word' id='word_1_505' title='bbox 2456 2317 2730 2373; x_wconf 88' lang='lat' dir='ltr'><strong>Dominum</strong></span> <span class='ocrx_word' id='word_1_506' title='bbox 2751 2361 2766 2384; x_wconf 91' lang='lat'><strong>,</strong></span> <span class='ocrx_word' id='word_1_507' title='bbox 2809 2319 3035 2388; x_wconf 85' lang='lat' dir='ltr'><strong>adjecit,</strong></span> <span class='ocrx_word' id='word_1_508' title='bbox 3079 2317 3147 2372; x_wconf 85' lang='lat' dir='ltr'><strong>In</strong></span> <span class='ocrx_word' id='word_1_509' title='bbox 3174 2320 3269 2372; x_wconf 82' lang='lat' dir='ltr'><strong>hac</strong></span> <span class='ocrx_word' id='word_1_510' title='bbox 3304 2320 3587 2373; x_wconf 75' lang='lat' dir='ltr'><strong>substantia</strong></span> 
     </span>
    </p>
   </div>
   <div class='ocr_carea' id='block_1_68' title="bbox 1996 2407 3588 2482">
    <p class='ocr_par' dir='ltr' id='par_1_68' title="bbox 1996 2407 3588 2482">
     <span class='ocr_line' id='line_1_68' title="bbox 1996 2407 3588 2482; baseline 0.001 -21"><span class='ocrx_word' id='word_1_511' title='bbox 1996 2409 2315 2479; x_wconf 83' lang='lat' dir='ltr'><strong>gloriationis</strong></span> <span class='ocrx_word' id='word_1_512' title='bbox 2347 2409 2421 2480; x_wconf 73' lang='lat'><strong>(2.</strong></span> <span class='ocrx_word' id='word_1_513' title='bbox 2446 2408 2563 2462; x_wconf 81' lang='lat' dir='ltr'><strong>Cor.</strong></span> <span class='ocrx_word' id='word_1_514' title='bbox 2597 2410 2683 2464; x_wconf 82' lang='lat' dir='ltr'><strong>ll.</strong></span> <span class='ocrx_word' id='word_1_515' title='bbox 2720 2407 2794 2482; x_wconf 86' lang='lat'><strong>7).</strong></span> <span class='ocrx_word' id='word_1_516' title='bbox 2820 2409 2897 2463; x_wconf 88' lang='lat' dir='ltr'><strong>Ne</strong></span> <span class='ocrx_word' id='word_1_517' title='bbox 2924 2417 3078 2478; x_wconf 88' lang='lat' dir='ltr'><strong>putes</strong></span> <span class='ocrx_word' id='word_1_518' title='bbox 3099 2450 3114 2473; x_wconf 91' lang='lat'><strong>,</strong></span> <span class='ocrx_word' id='word_1_519' title='bbox 3147 2408 3345 2478; x_wconf 87' lang='lat' dir='ltr'><strong>inquit,</strong></span> <span class='ocrx_word' id='word_1_520' title='bbox 3383 2425 3467 2463; x_wconf 88' lang='lat' dir='ltr'><strong>me</strong></span> <span class='ocrx_word' id='word_1_521' title='bbox 3495 2426 3588 2478; x_wconf 85' lang='lat' dir='ltr'><strong>ge-</strong></span> 
     </span>
    </p>
   </div>
   <div class='ocr_carea' id='block_1_69' title="bbox 1997 2499 3584 2570">
    <p class='ocr_par' dir='ltr' id='par_1_69' title="bbox 1997 2499 3584 2570">
     <span class='ocr_line' id='line_1_69' title="bbox 1997 2499 3584 2570; baseline -0.001 -17"><span class='ocrx_word' id='word_1_522' title='bbox 1997 2499 2221 2554; x_wconf 84' lang='lat' dir='ltr'><strong>neratim</strong></span> <span class='ocrx_word' id='word_1_523' title='bbox 2252 2499 2354 2554; x_wconf 87' lang='lat' dir='ltr'><strong>hoc</strong></span> <span class='ocrx_word' id='word_1_524' title='bbox 2375 2500 2574 2554; x_wconf 89' lang='lat' dir='ltr'><strong>dicere.</strong></span> <span class='ocrx_word' id='word_1_525' title='bbox 2600 2500 2782 2570; x_wconf 86' lang='lat' dir='ltr'><strong>Itaque</strong></span> <span class='ocrx_word' id='word_1_526' title='bbox 2808 2499 2927 2554; x_wconf 84' lang='lat' dir='ltr'><strong>ideo</strong></span> <span class='ocrx_word' id='word_1_527' title='bbox 2944 2499 3175 2554; x_wconf 82' lang='lat' dir='ltr'><strong>maxime</strong></span> <span class='ocrx_word' id='word_1_528' title='bbox 3202 2499 3373 2553; x_wconf 87' lang='lat' dir='ltr'><strong>virum</strong></span> <span class='ocrx_word' id='word_1_529' title='bbox 3404 2499 3584 2563; x_wconf 86' lang='lat' dir='ltr'><strong>laudo,</strong></span> 
     </span>
    </p>
   </div>
   <div class='ocr_carea' id='block_1_70' title="bbox 1993 2590 3587 2662">
    <p class='ocr_par' dir='ltr' id='par_1_70' title="bbox 1993 2590 3587 2662">
     <span class='ocr_line' id='line_1_70' title="bbox 1993 2590 3587 2662; baseline -0.001 -15"><span class='ocrx_word' id='word_1_530' title='bbox 1993 2592 2228 2647; x_wconf 90' lang='lat' dir='ltr'><strong>admiror</strong></span> <span class='ocrx_word' id='word_1_531' title='bbox 2257 2604 2312 2648; x_wconf 89' lang='lat' dir='ltr'><strong>et</strong></span> <span class='ocrx_word' id='word_1_532' title='bbox 2335 2592 2787 2662; x_wconf 85' lang='lat' dir='ltr'><strong>sapientissimum</strong></span> <span class='ocrx_word' id='word_1_533' title='bbox 2822 2608 2953 2647; x_wconf 89' lang='lat' dir='ltr'><strong>voco</strong></span> <span class='ocrx_word' id='word_1_534' title='bbox 2974 2635 2998 2659; x_wconf 91' lang='lat'><strong>,.</strong></span> <span class='ocrx_word' id='word_1_535' title='bbox 3017 2590 3159 2662; x_wconf 85' lang='lat' dir='ltr'><strong>quod</strong></span> <span class='ocrx_word' id='word_1_536' title='bbox 3188 2606 3299 2646; x_wconf 88' lang='lat' dir='ltr'><strong>rem</strong></span> <span class='ocrx_word' id='word_1_537' title='bbox 3331 2591 3587 2660; x_wconf 87' lang='lat' dir='ltr'><strong>insipien-</strong></span> 
     </span>
    </p>
   </div>
   <div class='ocr_carea' id='block_1_71' title="bbox 1996 2683 3583 2755">
    <p class='ocr_par' dir='ltr' id='par_1_71' title="bbox 1996 2683 3583 2755">
     <span class='ocr_line' id='line_1_71' title="bbox 1996 2683 3583 2755; baseline -0.001 -17"><span class='ocrx_word' id='word_1_538' title='bbox 1996 2692 2098 2739; x_wconf 90' lang='lat' dir='ltr'><strong>tem</strong></span> <span class='ocrx_word' id='word_1_539' title='bbox 2132 2700 2252 2741; x_wconf 90' lang='lat' dir='ltr'><strong>esse</strong></span> <span class='ocrx_word' id='word_1_540' title='bbox 2282 2693 2490 2755; x_wconf 78' lang='lat' dir='ltr'><strong>putaret</strong></span> <span class='ocrx_word' id='word_1_541' title='bbox 2516 2686 2751 2755; x_wconf 86' lang='lat' dir='ltr'><strong>seipsum</strong></span> <span class='ocrx_word' id='word_1_542' title='bbox 2779 2684 2996 2740; x_wconf 87' lang='lat' dir='ltr'><strong>laudare</strong></span> <span class='ocrx_word' id='word_1_543' title='bbox 3036 2694 3089 2739; x_wconf 86' lang='lat' dir='ltr'><strong>et</strong></span> <span class='ocrx_word' id='word_1_544' title='bbox 3112 2684 3403 2739; x_wconf 88' lang='lat' dir='ltr'><strong>celebrare.</strong></span> <span class='ocrx_word' id='word_1_545' title='bbox 3434 2683 3583 2752; x_wconf 82' lang='lat' dir='ltr'><strong>Quml</strong></span> 
     </span>
    </p>
   </div>
   <div class='ocr_carea' id='block_1_72' title="bbox 1991 2775 3576 2842">
    <p class='ocr_par' dir='ltr' id='par_1_72' title="bbox 1991 2775 3576 2842">
     <span class='ocr_line' id='line_1_72' title="bbox 1991 2775 3576 2842; baseline -0.001 -11"><span class='ocrx_word' id='word_1_546' title='bbox 1991 2777 2034 2832; x_wconf 91' lang='lat' dir='ltr'><strong>si</strong></span> <span class='ocrx_word' id='word_1_547' title='bbox 2068 2777 2155 2830; x_wconf 91' lang='lat' dir='ltr'><strong>ille</strong></span> <span class='ocrx_word' id='word_1_548' title='bbox 2179 2819 2193 2841; x_wconf 89' lang='lat'><strong>,</strong></span> <span class='ocrx_word' id='word_1_549' title='bbox 2226 2777 2348 2832; x_wconf 87' lang='lat' dir='ltr'><strong>licet</strong></span> <span class='ocrx_word' id='word_1_550' title='bbox 2377 2778 2748 2832; x_wconf 88' lang='lat' dir='ltr'><strong>necessitatem</strong></span> <span class='ocrx_word' id='word_1_551' title='bbox 2781 2779 2978 2832; x_wconf 82' lang='lat' dir='ltr'><strong>instare</strong></span> <span class='ocrx_word' id='word_1_552' title='bbox 2997 2775 3239 2842; x_wconf 88' lang='lat' dir='ltr'><strong>videret,</strong></span> <span class='ocrx_word' id='word_1_553' title='bbox 3264 2775 3365 2830; x_wconf 85' lang='lat' dir='ltr'><strong>hoc</strong></span> <span class='ocrx_word' id='word_1_554' title='bbox 3393 2777 3544 2829; x_wconf 89' lang='lat' dir='ltr'><strong>stulti</strong></span> <span class='ocrx_word' id='word_1_555' title='bbox 3564 2807 3576 2816; x_wconf 89' lang='lat'><strong>-</strong></span> 
     </span>
    </p>
   </div>
   <div class='ocr_carea' id='block_1_73' title="bbox 1991 2865 3577 2938">
    <p class='ocr_par' dir='ltr' id='par_1_73' title="bbox 1991 2865 3577 2938">
     <span class='ocr_line' id='line_1_73' title="bbox 1991 2865 3577 2938; baseline -0.002 -17"><span class='ocrx_word' id='word_1_556' title='bbox 1991 2867 2115 2921; x_wconf 88' lang='lat' dir='ltr'><strong>tiam</strong></span> <span class='ocrx_word' id='word_1_557' title='bbox 2136 2866 2375 2931; x_wconf 83' lang='lat' dir='ltr'><strong>vocabat,</strong></span> <span class='ocrx_word' id='word_1_558' title='bbox 2390 2883 2491 2937; x_wconf 90' lang='lat' dir='ltr'><strong>qua</strong></span> <span class='ocrx_word' id='word_1_559' title='bbox 2513 2868 2686 2935; x_wconf 89' lang='lat' dir='ltr'><strong>venia,</strong></span> <span class='ocrx_word' id='word_1_560' title='bbox 2705 2882 2808 2938; x_wconf 70' lang='lat' dir='ltr'><strong>qua</strong></span> <span class='ocrx_word' id='word_1_561' title='bbox 2826 2868 3169 2922; x_wconf 72' lang='lat' dir='ltr'><strong>excusatione</strong></span> <span class='ocrx_word' id='word_1_562' title='bbox 3188 2865 3329 2936; x_wconf 82' lang='lat' dir='ltr'><strong>digni</strong></span> <span class='ocrx_word' id='word_1_563' title='bbox 3345 2874 3504 2920; x_wconf 89' lang='lat' dir='ltr'><strong>erunt</strong></span> <span class='ocrx_word' id='word_1_564' title='bbox 3525 2867 3577 2931; x_wconf 89' lang='lat' dir='ltr'><strong>ii,</strong></span> 
     </span>
    </p>
   </div>
   <div class='ocr_carea' id='block_1_74' title="bbox 1988 2957 3581 3028">
    <p class='ocr_par' dir='ltr' id='par_1_74' title="bbox 1988 2957 3581 3028">
     <span class='ocr_line' id='line_1_74' title="bbox 1988 2957 3581 3028; baseline 0 -17"><span class='ocrx_word' id='word_1_565' title='bbox 1988 2957 2077 3028; x_wconf 90' lang='lat' dir='ltr'><strong>qui</strong></span> <span class='ocrx_word' id='word_1_566' title='bbox 2108 2958 2251 3011; x_wconf 85' lang='lat' dir='ltr'><strong>nulla</strong></span> <span class='ocrx_word' id='word_1_567' title='bbox 2281 2959 2599 3013; x_wconf 86' lang='lat' dir='ltr'><strong>necessitate</strong></span> <span class='ocrx_word' id='word_1_568' title='bbox 2623 2959 2689 3014; x_wconf 89' lang='lat' dir='ltr'><strong>de</strong></span> <span class='ocrx_word' id='word_1_569' title='bbox 2718 2959 2909 3028; x_wconf 89' lang='lat' dir='ltr'><strong>seipsis</strong></span> <span class='ocrx_word' id='word_1_570' title='bbox 2932 2973 3119 3028; x_wconf 83' lang='lat' dir='ltr'><strong>magna</strong></span> <span class='ocrx_word' id='word_1_571' title='bbox 3147 2957 3371 3027; x_wconf 87' lang='lat' dir='ltr'><strong>jactant,</strong></span> <span class='ocrx_word' id='word_1_572' title='bbox 3401 2966 3495 3012; x_wconf 89' lang='lat' dir='ltr'><strong>aut</strong></span> <span class='ocrx_word' id='word_1_573' title='bbox 3523 2974 3581 3011; x_wconf 86' lang='lat' dir='ltr'><strong>a-</strong></span> 
     </span>
    </p>
   </div>
   <div class='ocr_carea' id='block_1_75' title="bbox 1989 3049 3582 3120">
    <p class='ocr_par' dir='ltr' id='par_1_75' title="bbox 1989 3049 3582 3120">
     <span class='ocr_line' id='line_1_75' title="bbox 1989 3049 3582 3120; baseline 0.002 -18"><span class='ocrx_word' id='word_1_574' title='bbox 1989 3049 2088 3104; x_wconf 90' lang='lat' dir='ltr'><strong>lios</strong></span> <span class='ocrx_word' id='word_1_575' title='bbox 2108 3049 2308 3119; x_wconf 85' lang='lat' dir='ltr'><strong>jactare</strong></span> <span class='ocrx_word' id='word_1_576' title='bbox 2334 3050 2565 3120; x_wconf 84' lang='lat' dir='ltr'><strong>cogunt?</strong></span> <span class='ocrx_word' id='word_1_577' title='bbox 2584 3050 2707 3104; x_wconf 69' lang='lat' dir='ltr'><strong>llme</strong></span> <span class='ocrx_word' id='word_1_578' title='bbox 2736 3065 2856 3105; x_wconf 91' lang='lat' dir='ltr'><strong>cum</strong></span> <span class='ocrx_word' id='word_1_579' title='bbox 2883 3049 3481 3119; x_wconf 87' lang='lat' dir='ltr'><strong>compertababeamus,</strong></span> <span class='ocrx_word' id='word_1_580' title='bbox 3514 3065 3582 3105; x_wconf 83' lang='lat' dir='ltr'><strong>ne</strong></span> 
     </span>
    </p>
   </div>
   <div class='ocr_carea' id='block_1_76' title="bbox 1987 3138 3580 3209">
    <p class='ocr_par' dir='ltr' id='par_1_76' title="bbox 1987 3138 3580 3209">
     <span class='ocr_line' id='line_1_76' title="bbox 1987 3138 3580 3209; baseline 0 -16"><span class='ocrx_word' id='word_1_581' title='bbox 1987 3139 2095 3205; x_wconf 89' lang='lat' dir='ltr'><strong>illa,</strong></span> <span class='ocrx_word' id='word_1_582' title='bbox 2117 3156 2235 3209; x_wconf 64' lang='lat' dir='ltr'><strong>qua:</strong></span> <span class='ocrx_word' id='word_1_583' title='bbox 2263 3140 2402 3195; x_wconf 90' lang='lat' dir='ltr'><strong>dicta</strong></span> <span class='ocrx_word' id='word_1_584' title='bbox 2433 3149 2576 3205; x_wconf 92' lang='lat' dir='ltr'><strong>sunt,</strong></span> <span class='ocrx_word' id='word_1_585' title='bbox 2597 3139 2872 3195; x_wconf 89' lang='lat' dir='ltr'><strong>laudemus</strong></span> <span class='ocrx_word' id='word_1_586' title='bbox 2897 3149 3120 3203; x_wconf 88' lang='lat' dir='ltr'><strong>tantum,</strong></span> <span class='ocrx_word' id='word_1_587' title='bbox 3146 3138 3238 3194; x_wconf 90' lang='lat' dir='ltr'><strong>sed</strong></span> <span class='ocrx_word' id='word_1_588' title='bbox 3269 3141 3427 3193; x_wconf 88' lang='lat' dir='ltr'><strong>etiam</strong></span> <span class='ocrx_word' id='word_1_589' title='bbox 3458 3139 3580 3193; x_wconf 79' lang='lat' dir='ltr'><strong>imi—</strong></span> 
     </span>
    </p>
   </div>
   <div class='ocr_carea' id='block_1_77' title="bbox 1987 3230 3579 3302">
    <p class='ocr_par' dir='ltr' id='par_1_77' title="bbox 1987 3230 3579 3302">
     <span class='ocr_line' id='line_1_77' title="bbox 1987 3230 3579 3302; baseline 0.001 -16"><span class='ocrx_word' id='word_1_590' title='bbox 1987 3241 2161 3286; x_wconf 86' lang='lat' dir='ltr'><strong>temur</strong></span> <span class='ocrx_word' id='word_1_591' title='bbox 2189 3241 2244 3287; x_wconf 92' lang='lat' dir='ltr'><strong>et</strong></span> <span class='ocrx_word' id='word_1_592' title='bbox 2268 3233 2608 3300; x_wconf 66' lang='lat' dir='ltr'><strong>aemulemur,</strong></span> <span class='ocrx_word' id='word_1_593' title='bbox 2640 3242 2694 3287; x_wconf 88' lang='lat' dir='ltr'><strong>et</strong></span> <span class='ocrx_word' id='word_1_594' title='bbox 2724 3242 2867 3288; x_wconf 90' lang='lat' dir='ltr'><strong>recte</strong></span> <span class='ocrx_word' id='word_1_595' title='bbox 2896 3230 3159 3286; x_wconf 84' lang='lat' dir='ltr'><strong>factorum</strong></span> <span class='ocrx_word' id='word_1_596' title='bbox 3189 3231 3337 3286; x_wconf 89' lang='lat' dir='ltr'><strong>obliti</strong></span> <span class='ocrx_word' id='word_1_597' title='bbox 3365 3242 3579 3302; x_wconf 85' lang='lat' dir='ltr'><strong>peccata</strong></span> 
     </span>
    </p>
   </div>
   <div class='ocr_carea' id='block_1_78' title="bbox 1984 3323 3579 3393">
    <p class='ocr_par' dir='ltr' id='par_1_78' title="bbox 1984 3323 3579 3393">
     <span class='ocr_line' id='line_1_78' title="bbox 1984 3323 3579 3393; baseline 0.001 -16"><span class='ocrx_word' id='word_1_598' title='bbox 1984 3337 2198 3391; x_wconf 90' lang='lat' dir='ltr'><strong>semper</strong></span> <span class='ocrx_word' id='word_1_599' title='bbox 2222 3338 2728 3390; x_wconf 89' lang='lat' dir='ltr'><strong>eommemoremus,</strong></span> <span class='ocrx_word' id='word_1_600' title='bbox 2760 3332 2822 3378; x_wconf 89' lang='lat' dir='ltr'><strong>ut</strong></span> <span class='ocrx_word' id='word_1_601' title='bbox 2848 3332 2899 3378; x_wconf 90' lang='lat' dir='ltr'><strong>et</strong></span> <span class='ocrx_word' id='word_1_602' title='bbox 2940 3323 3214 3377; x_wconf 85' lang='lat' dir='ltr'><strong>moderate</strong></span> <span class='ocrx_word' id='word_1_603' title='bbox 3251 3336 3409 3393; x_wconf 83' lang='lat' dir='ltr'><strong>agere</strong></span> <span class='ocrx_word' id='word_1_604' title='bbox 3454 3340 3579 3393; x_wconf 88' lang='lat' dir='ltr'><strong>pos-</strong></span> 
     </span>
    </p>
   </div>
   <div class='ocr_carea' id='block_1_79' title="bbox 1982 3413 3574 3484">
    <p class='ocr_par' dir='ltr' id='par_1_79' title="bbox 1982 3413 3574 3484">
     <span class='ocr_line' id='line_1_79' title="bbox 1982 3413 3574 3484; baseline -0.001 -15"><span class='ocrx_word' id='word_1_605' title='bbox 1982 3414 2171 3481; x_wconf 85' lang='lat' dir='ltr'><strong>simus,</strong></span> <span class='ocrx_word' id='word_1_606' title='bbox 2223 3426 2275 3469; x_wconf 92' lang='lat' dir='ltr'><strong>et</strong></span> <span class='ocrx_word' id='word_1_607' title='bbox 2305 3415 2371 3469; x_wconf 85' lang='lat' dir='ltr'><strong>ad</strong></span> <span class='ocrx_word' id='word_1_608' title='bbox 2412 3430 2474 3469; x_wconf 86' lang='lat' dir='ltr'><strong>ea</strong></span> <span class='ocrx_word' id='word_1_609' title='bbox 2521 3430 2640 3484; x_wconf 68' lang='lat' dir='ltr'><strong>qua:</strong></span> <span class='ocrx_word' id='word_1_610' title='bbox 2669 3426 2794 3469; x_wconf 91' lang='lat' dir='ltr'><strong>ante</strong></span> <span class='ocrx_word' id='word_1_611' title='bbox 2843 3429 2940 3468; x_wconf 92' lang='lat' dir='ltr'><strong>nos</strong></span> <span class='ocrx_word' id='word_1_612' title='bbox 2988 3423 3108 3467; x_wconf 90' lang='lat' dir='ltr'><strong>sunt</strong></span> <span class='ocrx_word' id='word_1_613' title='bbox 3159 3413 3574 3481; x_wconf 81' lang='lat' dir='ltr'><strong>contendentes,</strong></span> 
     </span>
    </p>
   </div>
   <div class='ocr_carea' id='block_1_80' title="bbox 1983 3504 3573 3575">
    <p class='ocr_par' dir='ltr' id='par_1_80' title="bbox 1983 3504 3573 3575">
     <span class='ocr_line' id='line_1_80' title="bbox 1983 3504 3573 3575; baseline -0.001 -16"><span class='ocrx_word' id='word_1_614' title='bbox 1983 3505 2227 3559; x_wconf 83' lang='lat' dir='ltr'><strong>bravium</strong></span> <span class='ocrx_word' id='word_1_615' title='bbox 2281 3520 2525 3575; x_wconf 78' lang='lat' dir='ltr'><strong>superna:</strong></span> <span class='ocrx_word' id='word_1_616' title='bbox 2567 3506 2857 3560; x_wconf 87' lang='lat' dir='ltr'><strong>vocationis</strong></span> <span class='ocrx_word' id='word_1_617' title='bbox 2909 3505 3259 3573; x_wconf 87' lang='lat' dir='ltr'><strong>accipiamus,</strong></span> <span class='ocrx_word' id='word_1_618' title='bbox 3315 3504 3478 3573; x_wconf 84' lang='lat' dir='ltr'><strong>gratia</strong></span> <span class='ocrx_word' id='word_1_619' title='bbox 3522 3514 3573 3558; x_wconf 90' lang='lat' dir='ltr'><strong>et</strong></span> 
     </span>
    </p>
   </div>
   <div class='ocr_carea' id='block_1_81' title="bbox 1979 3594 3573 3666">
    <p class='ocr_par' dir='ltr' id='par_1_81' title="bbox 1979 3594 3573 3666">
     <span class='ocr_line' id='line_1_81' title="bbox 1979 3594 3573 3666; baseline -0.002 -16"><span class='ocrx_word' id='word_1_620' title='bbox 1979 3595 2310 3666; x_wconf 88' lang='lat' dir='ltr'><strong>benignitate</strong></span> <span class='ocrx_word' id='word_1_621' title='bbox 2353 3596 2563 3650; x_wconf 90' lang='lat' dir='ltr'><strong>Domini</strong></span> <span class='ocrx_word' id='word_1_622' title='bbox 2598 3596 2766 3650; x_wconf 88' lang='lat' dir='ltr'><strong>nostri</strong></span> <span class='ocrx_word' id='word_1_623' title='bbox 2789 3595 2916 3651; x_wconf 84' lang='lat' dir='ltr'><strong>Jesu</strong></span> <span class='ocrx_word' id='word_1_624' title='bbox 2963 3594 3158 3650; x_wconf 84' lang='lat' dir='ltr'><strong>Christi</strong></span> <span class='ocrx_word' id='word_1_625' title='bbox 3180 3637 3195 3661; x_wconf 90' lang='lat'><strong>,</strong></span> <span class='ocrx_word' id='word_1_626' title='bbox 3229 3596 3442 3666; x_wconf 88' lang='lat' dir='ltr'><strong>quicum</strong></span> <span class='ocrx_word' id='word_1_627' title='bbox 3474 3596 3573 3650; x_wconf 84' lang='lat' dir='ltr'><strong>Pa-</strong></span> 
     </span>
    </p>
   </div>
   <div class='ocr_carea' id='block_1_82' title="bbox 1981 3688 3566 3758">
    <p class='ocr_par' dir='ltr' id='par_1_82' title="bbox 1981 3688 3566 3758">
     <span class='ocr_line' id='line_1_82' title="bbox 1981 3688 3566 3758; baseline -0.001 -17"><span class='ocrx_word' id='word_1_628' title='bbox 1981 3688 2067 3751; x_wconf 90' lang='lat' dir='ltr'><strong>tri,</strong></span> <span class='ocrx_word' id='word_1_629' title='bbox 2118 3703 2219 3742; x_wconf 90' lang='lat' dir='ltr'><strong>una</strong></span> <span class='ocrx_word' id='word_1_630' title='bbox 2279 3705 2400 3744; x_wconf 92' lang='lat' dir='ltr'><strong>cum</strong></span> <span class='ocrx_word' id='word_1_631' title='bbox 2464 3698 2653 3743; x_wconf 89' lang='lat' dir='ltr'><strong>sancto</strong></span> <span class='ocrx_word' id='word_1_632' title='bbox 2704 3689 2934 3758; x_wconf 87' lang='lat' dir='ltr'><strong>Spiritu,</strong></span> <span class='ocrx_word' id='word_1_633' title='bbox 2992 3689 3197 3758; x_wconf 86' lang='lat' dir='ltr'><strong>gloria,</strong></span> <span class='ocrx_word' id='word_1_634' title='bbox 3252 3689 3566 3757; x_wconf 88' lang='lat' dir='ltr'><strong>imperium,</strong></span> 
     </span>
    </p>
   </div>
   <div class='ocr_carea' id='block_1_83' title="bbox 1978 3777 3566 3849">
    <p class='ocr_par' dir='ltr' id='par_1_83' title="bbox 1978 3777 3566 3849">
     <span class='ocr_line' id='line_1_83' title="bbox 1978 3777 3566 3849; baseline 0 -19"><span class='ocrx_word' id='word_1_635' title='bbox 1978 3779 2168 3844; x_wconf 85' lang='lat' dir='ltr'><strong>honor,</strong></span> <span class='ocrx_word' id='word_1_636' title='bbox 2213 3795 2354 3835; x_wconf 91' lang='lat' dir='ltr'><strong>nunc</strong></span> <span class='ocrx_word' id='word_1_637' title='bbox 2402 3788 2453 3835; x_wconf 92' lang='lat' dir='ltr'><strong>et</strong></span> <span class='ocrx_word' id='word_1_638' title='bbox 2499 3793 2731 3849; x_wconf 89' lang='lat' dir='ltr'><strong>semper,</strong></span> <span class='ocrx_word' id='word_1_639' title='bbox 2770 3788 2826 3833; x_wconf 90' lang='lat' dir='ltr'><strong>et</strong></span> <span class='ocrx_word' id='word_1_640' title='bbox 2869 3778 2920 3832; x_wconf 92' lang='lat' dir='ltr'><strong>in</strong></span> <span class='ocrx_word' id='word_1_641' title='bbox 2973 3779 3169 3833; x_wconf 81' lang='lat' dir='ltr'><strong>sa-cnla</strong></span> <span class='ocrx_word' id='word_1_642' title='bbox 3226 3777 3566 3832; x_wconf 81' lang='lat' dir='ltr'><strong>saeculorum.</strong></span> 
     </span>
    </p>
   </div>
   <div class='ocr_carea' id='block_1_84' title="bbox 1977 3869 2168 3923">
    <p class='ocr_par' dir='ltr' id='par_1_84' title="bbox 1977 3869 2168 3923">
     <span class='ocr_line' id='line_1_84' title="bbox 1977 3869 2168 3923; baseline 0 -2"><span class='ocrx_word' id='word_1_643' title='bbox 1977 3869 2168 3923; x_wconf 80' lang='lat' dir='ltr'><strong>Amen.</strong></span> 
     </span>
    </p>
   </div>
   <div class='ocr_carea' id='block_1_85' title="bbox 1972 4042 3564 4107">
    <p class='ocr_par' dir='ltr' id='par_1_85' title="bbox 1972 4042 3564 4107">
     <span class='ocr_line' id='line_1_85' title="bbox 1972 4042 3564 4107; baseline 0.001 -14"><span class='ocrx_word' id='word_1_644' title='bbox 1972 4045 2268 4107; x_wconf 82' lang='lat' dir='ltr'><strong>superfluam</strong></span> <span class='ocrx_word' id='word_1_645' title='bbox 2290 4049 2547 4107; x_wconf 83' lang='lat' dir='ltr'><strong>ortamquc</strong></span> <span class='ocrx_word' id='word_1_646' title='bbox 2565 4057 2627 4093; x_wconf 85' lang='lat' dir='ltr'><strong>ex</strong></span> <span class='ocrx_word' id='word_1_647' title='bbox 2654 4042 2954 4107; x_wconf 79' lang='lat' dir='ltr'><strong>glossemate</strong></span> <span class='ocrx_word' id='word_1_648' title='bbox 2977 4042 3224 4107; x_wconf 79' lang='lat' dir='ltr'><strong>marginali</strong></span> <span class='ocrx_word' id='word_1_649' title='bbox 3244 4044 3305 4093; x_wconf 88' lang='lat' dir='ltr'><strong>ad</strong></span> <span class='ocrx_word' id='word_1_650' title='bbox 3323 4043 3564 4095; x_wconf 78' lang='lat' dir='ltr'><strong>Jerobual.</strong></span> 
     </span>
    </p>
   </div>
   <div class='ocr_carea' id='block_1_86' title="bbox 1972 4104 3567 4169">
    <p class='ocr_par' dir='ltr' id='par_1_86' title="bbox 1972 4104 3567 4169">
     <span class='ocr_line' id='line_1_86' title="bbox 1972 4104 3567 4169; baseline 0.001 -17"><span class='ocrx_word' id='word_1_651' title='bbox 1972 4112 2026 4153; x_wconf 74' lang='lat' dir='ltr'><strong>Et</strong></span> <span class='ocrx_word' id='word_1_652' title='bbox 2038 4104 2246 4169; x_wconf 78' lang='lat' dir='ltr'><strong>quidem</strong></span> <span class='ocrx_word' id='word_1_653' title='bbox 2271 4106 2400 4169; x_wconf 86' lang='lat' dir='ltr'><strong>idem</strong></span> <span class='ocrx_word' id='word_1_654' title='bbox 2428 4104 2536 4169; x_wconf 67' lang='lat' dir='ltr'><strong>erat</strong></span> <span class='ocrx_word' id='word_1_655' title='bbox 2566 4104 2792 4169; x_wconf 78' lang='lat' dir='ltr'><strong>Jer6baat</strong></span> <span class='ocrx_word' id='word_1_656' title='bbox 2817 4111 2870 4155; x_wconf 85' lang='lat' dir='ltr'><strong>et</strong></span> <span class='ocrx_word' id='word_1_657' title='bbox 2908 4104 3124 4169; x_wconf 70' lang='lat' dir='ltr'><strong>(:edeou.</strong></span> <span class='ocrx_word' id='word_1_658' title='bbox 3152 4112 3320 4169; x_wconf 80' lang='lat' dir='ltr'><strong>Itaque</strong></span> <span class='ocrx_word' id='word_1_659' title='bbox 3343 4112 3428 4169; x_wconf 75' lang='lat' dir='ltr'><strong>aut</strong></span> <span class='ocrx_word' id='word_1_660' title='bbox 3452 4121 3567 4169; x_wconf 75' lang='lat' dir='ltr'><strong>vox,</strong></span> 
     </span>
    </p>
   </div>
   <div class='ocr_carea' id='block_1_87' title="bbox 1970 4165 3567 4230">
    <p class='ocr_par' dir='ltr' id='par_1_87' title="bbox 1970 4165 3567 4230">
     <span class='ocr_line' id='line_1_87' title="bbox 1970 4165 3567 4230; baseline -0.001 -14"><span class='ocrx_word' id='word_1_661' title='bbox 1970 4165 2176 4226; x_wconf 79' lang='lat' dir='ltr'><strong>Gedeon,</strong></span> <span class='ocrx_word' id='word_1_662' title='bbox 2204 4172 2287 4216; x_wconf 86' lang='lat' dir='ltr'><strong>aut</strong></span> <span class='ocrx_word' id='word_1_663' title='bbox 2309 4165 2511 4230; x_wconf 84' lang='lat' dir='ltr'><strong>virgula</strong></span> <span class='ocrx_word' id='word_1_664' title='bbox 2524 4169 2655 4230; x_wconf 81' lang='lat' dir='ltr'><strong>inter</strong></span> <span class='ocrx_word' id='word_1_665' title='bbox 2677 4168 2867 4217; x_wconf 82' lang='lat' dir='ltr'><strong>Gedeon</strong></span> <span class='ocrx_word' id='word_1_666' title='bbox 2891 4173 2941 4230; x_wconf 87' lang='lat' dir='ltr'><strong>et</strong></span> <span class='ocrx_word' id='word_1_667' title='bbox 2950 4167 3186 4230; x_wconf 25' lang='lat' dir='ltr'><strong>AJerobaat</strong></span> <span class='ocrx_word' id='word_1_668' title='bbox 3221 4165 3373 4230; x_wconf 77' lang='lat' dir='ltr'><strong>posita</strong></span> <span class='ocrx_word' id='word_1_669' title='bbox 3393 4166 3567 4217; x_wconf 80' lang='lat' dir='ltr'><strong>delea-</strong></span> 
     </span>
    </p>
   </div>
   <div class='ocr_carea' id='block_1_88' title="bbox 1972 4227 3568 4291">
    <p class='ocr_par' dir='ltr' id='par_1_88' title="bbox 1972 4227 3568 4291">
     <span class='ocr_line' id='line_1_88' title="bbox 1972 4227 3568 4291; baseline 0.001 -15"><span class='ocrx_word' id='word_1_670' title='bbox 1972 4234 2049 4276; x_wconf 90' lang='lat' dir='ltr'><strong>tur</strong></span> <span class='ocrx_word' id='word_1_671' title='bbox 2074 4240 2283 4277; x_wconf 88' lang='lat' dir='ltr'><strong>necesse</strong></span> <span class='ocrx_word' id='word_1_672' title='bbox 2308 4227 2431 4291; x_wconf 56' lang='lat' dir='ltr'><strong>est&#39;;</strong></span> <span class='ocrx_word' id='word_1_673' title='bbox 2472 4228 2661 4291; x_wconf 81' lang='lat' dir='ltr'><strong>virgula</strong></span> <span class='ocrx_word' id='word_1_674' title='bbox 2683 4235 2850 4279; x_wconf 87' lang='lat' dir='ltr'><strong>autem</strong></span> <span class='ocrx_word' id='word_1_675' title='bbox 2881 4227 3052 4279; x_wconf 81' lang='lat' dir='ltr'><strong>deleta</strong></span> <span class='ocrx_word' id='word_1_676' title='bbox 3075 4263 3089 4278; x_wconf 89' lang='lat'><strong>.</strong></span> <span class='ocrx_word' id='word_1_677' title='bbox 3121 4227 3235 4291; x_wconf 72' lang='lat' dir='ltr'><strong>duo</strong></span> <span class='ocrx_word' id='word_1_678' title='bbox 3253 4230 3445 4277; x_wconf 88' lang='lat' dir='ltr'><strong>nomina</strong></span> <span class='ocrx_word' id='word_1_679' title='bbox 3481 4241 3568 4278; x_wconf 85' lang='lat' dir='ltr'><strong>stt-</strong></span> 
     </span>
    </p>
   </div>
   <div class='ocr_carea' id='block_1_89' title="bbox 1968 4289 3341 4353">
    <p class='ocr_par' dir='ltr' id='par_1_89' title="bbox 1968 4289 3341 4353">
     <span class='ocr_line' id='line_1_89' title="bbox 1968 4289 3341 4353; baseline 0.002 -15"><span class='ocrx_word' id='word_1_680' title='bbox 1968 4294 2167 4340; x_wconf 85' lang='lat' dir='ltr'><strong>mcntur</strong></span> <span class='ocrx_word' id='word_1_681' title='bbox 2189 4290 2480 4353; x_wconf 67' lang='lat' dir='ltr'><strong>coniunctim</strong></span> <span class='ocrx_word' id='word_1_682' title='bbox 2501 4289 2652 4340; x_wconf 83' lang='lat' dir='ltr'><strong>miunt</strong></span> <span class='ocrx_word' id='word_1_683' title='bbox 2675 4298 2728 4341; x_wconf 85' lang='lat' dir='ltr'><strong>et</strong></span> <span class='ocrx_word' id='word_1_684' title='bbox 2752 4291 2981 4343; x_wconf 88' lang='lat' dir='ltr'><strong>eumdem</strong></span> <span class='ocrx_word' id='word_1_685' title='bbox 3003 4289 3341 4353; x_wconf 81' lang='lat' dir='ltr'><strong>signiﬁcantia.</strong></span> 
     </span>
    </p>
   </div>
  </div>
