4062 6412
508 338 611 394 513

502 451 791 523 ἀκάθαρτα
844 456 940 509 καὶ
980 457 1148 529 ἐναγῆ
1191 460 1285 514 καὶ
1334 458 1565 529 βδελυρά
1595 456 2099 530 ταπεινοφροσύνης

503 538 776 608 ἀπούσης.
819 539 1101 611 [Ιανταχοῦ
1152 542 1330 597 τοίνυν
1352 541 1521 611 αὐτὴν
1552 542 2095 613 παραλαμϐάνωμεν;

504 622 562 673 ἐν
599 623 854 693 ῥήμασιν,
894 625 952 676 ἐν
984 626 1326 696 πράγμασιν,
1356 627 1414 678 ἐν
1443 625 1813 698 ἐνθυμήμασι,
1850 627 1943 680 καί
1960 626 2098 697 μετά

500 706 705 775 ταύτης
724 706 893 760 ταῦτα
915 708 1303 779 οἰκοδομίὒμεν.

570 795 638 856 γ’.
672 789 830 842 Ἀλλά
856 790 924 843 τά
948 793 1044 861 μὲν
1069 794 1196 863 περί
1211 793 1712 866 ταπεινοφροσύνης
1729 792 1927 856 ἱκανῶς
1948 791 2099 864 εἴρη-

499 887 608 932 ται,
628 873 688 924 ού
719 874 854 943 πρὸς
879 876 979 946 τὴν
999 875 1158 943 ἀξίαν
1177 878 1270 931 τοῦ
1295 878 1722 949 κατορθώματος
1748 895 1761 909 ο
1794 877 1966 940 οὐδεὶς
1989 876 2097 947 γάρ

440 1006 443 1009 λ
500 953 668 1024 αὐτὴν
697 957 818 1009 κατ’
849 957 1006 1024 ἀξίαν
1034 959 1272 1031 ὑμνῆσαι
1304 962 1592 1031 δυνήσεται
1622 980 1631 990 ·
1663 961 1798 1014 ἀλλὰ
1842 960 1977 1030 πρὸς
1998 960 2097 1031 τὴν

439 1033 450 1056 ¹
501 1036 715 1090 σύνεσιν
742 1040 841 1110 τῆς
862 1041 1135 1114 ὑμετέρας
1157 1045 1395 1115 ἀγάπης.
1414 1041 1486 1098 Εὖ
1508 1045 1616 1116 γὰρ
1642 1040 1836 1099 οἷδ’ὃτι
1863 1046 1957 1098 καὶ
1989 1044 2098 1098 ἀπὸ

495 1119 693 1189 ὀλίγων
713 1123 822 1177 τῶν
880 1127 1185 1196 εἰρημένων
1237 1129 1375 1198 μετά
1416 1128 1617 1200 πολλῆς
1651 1128 1819 1201 αὐτὴν
1863 1128 2097 1182 ἐπισπά·

498 1203 656 1256 σεσθε
688 1206 785 1276 τῆς
805 1209 1061 1279 σπουδῆς.
1107 1210 1324 1281 Ἐπειδὴ
1378 1211 1437 1263 δέ
1469 1212 1684 1283 ἀνάγκη
1717 1213 1811 1266 καί
1831 1211 1930 1283 τὴν
1958 1214 2098 1265 ἀπο-

496 1285 745 1359 στολικὴν
781 1289 941 1361 ῥῆσιν
970 1292 1068 1364 τὴν
1099 1294 1340 1365 σήμερον
1373 1294 1840 1363 ἀναγνωσθεῖσαν,
1883 1294 2098 1358 πολλοῖς

492 1368 755 1425 δοκοῦσαν
780 1374 1038 1445 παρέχειν
1082 1375 1356 1448 ῥᾳθυμίας
1403 1378 1708 1450 πρόφασιν,
1738 1380 1962 1448 ποιῆσαι
1991 1395 2097 1447 φα-

494 1454 658 1523 νεράν
694 1455 789 1509 καὶ
829 1456 1018 1528 δήλην,
1059 1457 1200 1511 ὥστε
1252 1459 1327 1530 μὴ
1366 1460 1579 1534 ψυχράν
1624 1478 1744 1515 τινα
1802 1460 2097 1529 ἀπολογίαν

493 1535 744 1591 ἐντεῦθέν
767 1557 918 1604 τινας
948 1541 1341 1613 ποριζομένους
1380 1544 1482 1615 τῆς
1514 1546 1722 1609 οἰκείας
1747 1543 1970 1615 ἀμελεῖν
1993 1559 2098 1596 σω-

493 1619 713 1700 τηρίας,
745 1622 897 1694 φέρε,
952 1625 1044 1679 ἐπὶ
1077 1626 1282 1696 ταύτην
1311 1628 1403 1681 τὸν
1444 1628 1600 1697 λόγον
1638 1628 1959 1700 ἀγάγωμεν.
2001 1626 2098 1690 Τίς

492 1696 587 1755 οῦν
609 1704 755 1758 ἐστιν
779 1706 811 1777 ή
840 1708 1027 1779 ῥῆσις;
1064 1706 1200 1763 Εἴτε
1232 1696 1553 1780 προφάσει,
1582 1696 1772 1781 φησὶν,
1798 1696 1853 1765 εί
1858 1729 1918 1765 τε
1943 1712 2095 1776 ἀλη-

494 1786 623 1854 θείᾳ
654 1790 910 1857 Χριστὸς
939 1794 1427 1863 καταγγέλλεται.
1461 1795 1631 1849 Τοῦτο
1657 1795 1840 1849 πολλοί
1866 1794 2094 1867 περιφέ-

497 1884 682 1939 ρουσιν
708 1872 895 1937 ἀπλῶς
922 1875 1017 1928 καί
1065 1875 1141 1940 ὡς
1188 1875 1397 1948 ἐτυχεν,
1432 1879 1493 1932 ού
1521 1880 1590 1931 τά
1636 1879 1898 1951 πρότερα,
1938 1880 1997 1931 οὐ
2028 1878 2097 1931 τά

496 1952 638 2023 μετά
668 1955 842 2009 ταῦτα
885 1959 1379 2027 ἀναγινώσκοντες·
1419 1962 1555 2017 ἀλλά
1614 1964 1714 2032 τῆς
1771 1962 2097 2025 ἀκολουθίας

492 2036 602 2090 τῶν
625 2039 828 2094 λοιπῶν
859 2041 1234 2113 ἀποκόψαντες
1269 2045 1445 2115 μελῶν
1487 2048 1571 2099 ἐπ’
1596 2046 1804 2117 ὀλέθρῳ
1834 2046 1932 2117 τῆς
1974 2048 2099 2100 ἐαυ-

492 2120 604 2174 τῶν
654 2121 831 2196 ψυχῆς
882 2127 994 2190 τοῖς
1050 2127 1442 2201 ῥᾳθυμοτέροις
1497 2130 1915 2202 προϐάλλονται.
1958 2132 2097 2184 Ἐπι-

492 2205 806 2285 χ-ειροῦντες
834 2208 942 2276 γὰρ
976 2211 1173 2275 αὐτοὺς
1209 2214 1307 2285 τῆς
1338 2212 1525 2282 ὑγιοῦς
1571 2214 1806 2283 ἀπάγειν
1838 2214 2095 2278 πίστεως,

493 2283 611 2341 εἶτα
656 2289 894 2360 ὁρῶντες
954 2283 1271 2360 δεδοικότας
1326 2298 1420 2351 καὶ
1470 2297 1775 2367 τρέμοντας
1802 2340 1816 2365 ,
1867 2298 1942 2361 ὡς
1994 2298 2097 2350 οὐκ

492 2369 775 2452 ἀκίνδυνον
830 2374 890 2427 ὃν
939 2376 1101 2431 τοῦτο
1135 2382 1331 2447 ποιεῖν,
1363 2382 1456 2434 καὶ
1509 2380 1827 2452 βουλόμενοι
1865 2381 1958 2435 τὸν
2003 2380 2099 2449 φό-

492 2451 588 2507 ϐον
625 2454 806 2509 αὐτῶν
845 2458 1093 2526 ἐκλῦσαι,
1134 2463 1233 2532 τὴν
1272 2464 1636 2534 ἀποστολικὴν
1692 2463 1898 2535 ταύτην
1951 2480 2098 2535 παρ-

494 2536 717 2621 άγουσιν
736 2541 915 2611 ῥῆσιν,
943 2542 1214 2612 λέγοντες·
1237 2547 1298 2600 ’0
1316 2547 1528 2612 Παῦλος
1550 2547 1897 2621 συνεχώρησε
1916 2548 2093 2612 τοῦτο,

494 2620 668 2675 εἰπών
692 2639 706 2654 θ
746 2625 885 2680 Εἴτε
913 2628 1232 2698 προφάσει,
1259 2631 1381 2685 εἴτε
1404 2631 1661 2701 ἀληθείᾳ
1688 2620 1943 2701 Χριστὸς
1969 2647 2099 2684 κατ-

493 2706 866 2775 αγγελλέσθω.
901 2711 1042 2766 Ἀλλ’
1067 2714 1168 2768 οὐκ
1211 2716 1328 2769 ἔστι
1348 2715 1546 2779 ταῦτα,
1578 2716 1678 2769 ούκ
1702 2715 1840 2769 ἔστι.
1871 2714 2095 2786 Πρῶτον

498 2790 598 2859 μὲν
625 2790 736 2864 γὰρ
760 2794 860 2848 οὐκ
898 2796 1111 2867 εἴρηκε,
1146 2799 1626 2868 καταγγελλέσθω,
1666 2799 1820 2866 ἀλλά,
1877 2814 2096 2868 καταγ-

494 2875 773 2941 γέλλεται
792 2893 807 2907 ο
839 2878 976 2932 πολὺ
1004 2879 1061 2932 δὲ
1089 2881 1152 2934 τὸ
1184 2882 1350 2952 μέσον
1375 2882 1568 2936 τούτου
1601 2883 1877 2937 κάκείνου.
1900 2880 1974 2935 Τὸ
1996 2881 2096 2951 μὲν

494 2955 604 3026 γάρ
658 2959 869 3026 εἰπεῖν,
915 2962 1404 3031 καταγγελλέσθω,
1461 2965 1880 3036 νομοθετοῦντός
1938 2967 2094 3019 ἐστι·

494 3037 556 3089 τὸ
583 3039 640 3092 δὲ
677 3042 872 3105 εἰπεῖν,
938 3046 1433 3115 καταγγέλλεται,
1480 3048 1541 3101 τὸ
1586 3048 1883 3113 συμϐαῖνον
1916 3049 2099 3115 ἀπαγ-

495 3119 798 3187 γέλλοντος.
845 3125 969 3180 Ὅτι
996 3127 1053 3180 δὲ
1095 3131 1157 3182 ού
1202 3130 1481 3201 νομοθετεῖ
1508 3130 1717 3194 Παῦλος
1753 3130 1990 3202 αἱρέσεις
2016 3125 2097 3182 εἷ-

497 3221 607 3268 ναι,
665 3207 802 3261 άλλά
856 3210 1060 3280 ἀπάγει
1101 3213 1309 3277 πάντας
1350 3214 1478 3277 τοὺς
1517 3213 1666 3284 αύτῴ
1706 3215 2094 3286 προσέχοντας,

496 3290 731 3349 ἄκουσον
752 3295 804 3348 τί
834 3314 998 3369 φησιν
1020 3316 1033 3329 ·
1061 3299 1137 3352 El
1169 3317 1258 3365 τις
1295 3296 1450 3369 ὑμᾶς
1492 3296 1933 3369 εὐαγγελίζεται
1961 3304 2096 3367 παρ’

497 3373 529 3427 ὃ
560 3378 944 3446 παρελάϐετε,
967 3382 1236 3451 ἀνάθεμα
1267 3381 1444 3446 ἔστω,
1477 3381 1592 3437 κᾶν
1618 3383 1753 3453 ἐγὼ,
1776 3383 1884 3436 κᾶν
1923 3382 2097 3453 ἄγγε-

495 3462 607 3525 λος
633 3460 703 3525 ἐξ
742 3463 1031 3531 οὐρανῶν.
1065 3467 1179 3520 Ούκ
1210 3466 1275 3521 ἂν
1301 3466 1358 3520 δέ
1388 3466 1747 3538 ἀνεθεμάτισε
1786 3468 1883 3521 καὶ
1906 3466 2097 3521 ἐαυτὸν

497 3543 593 3595 καὶ
614 3544 864 3613 ἄγγελον,
890 3550 938 3602 εἰ
958 3548 1018 3602 τὸ
1044 3551 1275 3620 πρᾶγμα
1301 3551 1582 3606 ἀκίνδυνον
1605 3551 1743 3622 ᾔδει.
1777 3549 1882 3604 Καὶ
1911 3551 2095 3617 πάλιν,

496 3625 673 3706 Ζηλῶ
731 3628 841 3698 γὰρ
885 3629 1041 3701 ὑμᾶς
1076 3633 1224 3688 Θεοῦ
1272 3631 1448 3701 ζήλῳ,
1494 3635 1692 3706 φησίνο
1735 3633 2099 3705 ἡρμοσάμην

495 3705 608 3776 γὰρ
634 3708 791 3778 ὑμᾶς
816 3711 907 3765 ἐνὶ
939 3713 1111 3783 ἀνδρί
1134 3717 1435 3784 παρθένον
1457 3717 1671 3788 ἁγνήν.
1700 3718 1999 3789 Φοϐοῦμαι
2027 3717 2098 3772 δὲ

490 3790 725 3861 μήποτε
743 3796 823 3862 ὼς
843 3799 876 3849 ὀ
896 3795 1029 3867 ὄφις
1053 3800 1215 3854 Εὔαν
1233 3801 1549 3869 ἠπάτησεν
1573 3802 1644 3857 ἐν
1658 3800 1732 3871 τῇ
1761 3803 2099 3871 πανουργίᾳ

495 3878 704 3946 αὐτοῦ,
756 3878 909 3934 οὕτω
944 3881 1145 3951 φθαρῇ
1177 3884 1253 3938 τὰ
1299 3884 1574 3955 νοήματα
1619 3886 1791 3956 ὑμῶν
1823 3886 1951 3940 ἀπό
1984 3885 2097 3955 τῆς

496 3959 841 4030 ἁπλότητος
868 3962 974 4032 τῆς
1003 3967 1089 4031 εἰς
1120 3967 1227 4020 τὸν
1250 3969 1528 4036 Χριστόν.
1548 3968 1680 4023 Ἰδοὺ
1700 3970 1794 4023 καὶ
1815 3968 2096 4039 ἁπλότητα

495 4040 729 4109 τέθεικε,
763 4046 860 4098 καὶ
884 4046 1214 4119 συγγνώμην
1238 4051 1340 4103 οὐκ
1369 4050 1591 4105 ἔδωκεν.
1627 4053 1691 4105 Εἰ
1729 4052 1836 4123 γὰρ
1861 4048 1930 4124 ἦν
1963 4069 2096 4120 συγ-

496 4126 710 4197 γνώμη,
762 4126 1013 4193 .κίνδυνος
1051 4132 1151 4185 οὐκ
1198 4128 1294 4206 ἦν·
1332 4136 1380 4187 εἰ
1413 4134 1470 4189 δέ
1494 4135 1732 4199 κίνδυνος
1762 4136 1862 4190 οὐκ
1883 4132 1972 4207 ἦν,
1997 4136 2097 4188 ούκ

497 4211 565 4261 αν
592 4210 836 4282 ἐφοϐήθη
863 4212 1076 4276 Παῦλος
1096 4230 1111 4243 ⁸
1135 4216 1229 4268 καί
1258 4216 1356 4285 οὐχ
1383 4218 1413 4268 ό
1441 4218 1677 4287 Χριστὸς
1699 4219 1756 4271 δὲ
1784 4219 1852 4272 τὰ
1883 4218 2096 4285 ζιζάνια

495 4294 600 4349 κᾶν
624 4294 879 4350 ἐκέλευσε
912 4308 939 4338 ι
966 4299 1335 4369 κατακαῆναι,
1361 4302 1411 4353 εἰ
1448 4302 1679 4372 πρᾶγμα
1705 4301 1998 4375 ἀδιάφορον
2028 4300 2096 4375 ῆν

494 4380 589 4433 καὶ
615 4379 820 4453 τούτῳ,
850 4382 1110 4454 κάκείνῳ,
1140 4383 1235 4438 καὶ
1266 4384 1438 4456 ἐτέρῳ
1466 4385 1890 4456 προσέχειν,κα“ι
1932 4389 2097 4441 πᾶσιν

496 4463 703 4528 ἁπλῶς.

565 4548 629 4603 δ’.
657 4549 723 4602 Τί
779 4550 899 4604 ποτ’
927 4545 1023 4605 οῦν
1051 4553 1167 4606 ἐστι
1190 4553 1252 4608 τὸ
1284 4553 1611 4626 λεγόμενον;
1642 4553 1858 4627 Μικρὸν
1890 4555 2098 4611 ἄνωθεν

497 4631 627 4699 ὑμῖν
666 4632 764 4703 τὴν
799 4635 1040 4707 ἱστορίαν
1097 4635 1316 4692 ἅπασαν
1369 4637 1736 4711 διηγήσασθαι
1792 4637 2091 4710 βούλομαιο

497 4716 577 4767 δεῖ
621 4716 729 4787 γὰρ
780 4717 977 4772 εἰδέναι
1030 4722 1088 4773 ἐν
1113 4723 1256 4776 τίσιν
1284 4724 1314 4775 ό
1344 4723 1557 4787 Παῦλος
1596 4718 1686 4794 ῆν,
1716 4723 1881 4792 ἡνίκα
1920 4722 2094 4777 ταῦτα

500 4797 839 4854 ἐπέστελλεν.
866 4802 956 4855 Ἐν
977 4803 1086 4855 τίσι
1115 4803 1294 4857 τοίνυν
1318 4800 1384 4878 ῆν
1402 4807 1523 4859 τότε
1546 4823 1560 4871 ;
1598 4805 1687 4858 Ἐν
1730 4806 2093 4877 δεσμωτηρίῳ

503 4880 756 4953 ίῦυῗῴιαὶ
776 4883 998 4939 ἁλύσεσι
1011 4887 1104 4939 καὶ
1122 4887 1386 4951 κινδύνοις
1410 4889 1723 4960 ἀφορήτοις.
1744 4887 1918 4942 Πόθεν
1946 4888 2094 4942 τοῦτο

501 4965 690 5036 δῆλον;
719 4966 808 5032 Ἐξ
834 4968 1003 5040 αὐτῆς
1030 4970 1130 5039 τῆς
1148 4970 1454 5043 ἐπιστολῆς.
1485 4972 1886 5044 ’Λνωτέρωγάρ
1900 4971 2092 5025 τούτου

504 5048 638 5119 φησί
661 5066 675 5080 ·
706 5050 1040 5105 Γινώσκειν
1066 5051 1134 5105 δὲ
1163 5053 1319 5123 ὑμᾶς
1337 5055 1661 5124 βούλομαι,
1703 5054 1976 5124 ἀδελφοὶ,
2006 5054 2096 5108 ὅτι

504 5132 575 5186 τὰ
602 5133 727 5186 κατ’
751 5132 857 5204 ἐμὲ
870 5132 1110 5202 μᾶλλον
1133 5140 1221 5203 εἰς
1246 5137 1563 5206 προκοπὴν
1585 5138 1693 5192 τοῦ
1723 5138 2093 5208 Εὐαγγελίου

500 5216 826 5283 ἐλήλυθεν,
867 5217 1026 5272 ὥστε
1063 5219 1207 5285 τοὺς
1246 5219 1505 5290 δεσμούς
1539 5240 1659 5290 μου
1690 5222 1988 5291 φανεροὺς
2024 5222 2096 5275 ἐν

502 5300 733 5369 Χριστῷ
747 5302 1024 5373 γενέσθαι
1049 5304 1118 5357 ὲν
1132 5302 1252 5369 ὅλῳ
1270 5304 1348 5370 τῷ
1360 5308 1703 5375 πραιτωρίῳ,
1720 5309 1815 5361 καὶ
1837 5307 1959 5372 τοῖς
1979 5310 2096 5361 λοι-

503 5386 640 5453 ποῖς
662 5387 872 5443 ἅπασιο
889 5387 1146 5456 καὶτοὺς
1168 5390 1455 5457 πλείονας
1481 5390 1548 5443 δὲ
1566 5391 1684 5445 τῶν
1707 5390 1985 5459 ἀδελφῶν
2000 5405 2095 5444 πε-

503 5471 785 5537 ποιθότας
813 5471 939 5538 τοῖς
982 5474 1229 5544 δεσμοῖς
1250 5492 1371 5544 μου
1397 5473 1838 5544 περισσοτέρως
1866 5473 2096 5545 τολμᾷν

502 5553 739 5621 ἀφόϐως
768 5555 878 5608 τὸν
901 5557 1088 5625 λόγον
1123 5558 1357 5614 λαλεῖν.
1392 5560 1583 5629 Νέρων
1613 5559 1667 5612 δὲ
1695 5554 1762 5631 ῆν
1799 5557 1961 5613 αὑτὸν
1998 5561 2095 5629 ἐμ-

505 5635 785 5708 ϐ·ϐληκὼς
820 5639 942 5693 τότε
1012 5640 1092 5713 τῷ
1136 5642 1515 5717 δεσμωτηρίῳ.
1569 5643 1840 5715 Καθάπερ
1878 5641 1986 5712 γάρ
2013 5657 2098 5705 τις

510 5750 759 5858 ὶεεσὲῐιοε
788 5766 881 5804 ms.
901 5752 995 5803 ’148
1020 5754 1102 5803 καί
1126 5756 1153 5802 ὁ
1187 5755 1393 5837 Χριστὸς
1425 5756 1476 5806 δὲ
1510 5756 1569 5805 τὰ
1593 5757 1771 5814 ζιζάνια
1797 5754 1884 5804 οὐκ
1903 5753 1958 5803 διν
1990 5753 2097 5804 ἐκέ·

1227 345 1287 403 S.
1323 345 1537 403 ΙΟΑΝΝ
1546 345 1602 401 IS
1637 342 2096 400 CHRYSOSTOM

2197 341 2490 398 ιιιοηιειι.
2528 338 3082 398 CONS'I'ANTINOP.

3676 342 3778 398 3H

2198 455 2406 527 λῃστὴς
2443 456 2543 529 τῆς
2593 457 2774 521 οἰκίας
2823 457 3039 522 ἐπιϐὰς,
3096 456 3468 512 καθευδόντων
3519 458 3789 520 ἁπάντων,

2198 546 2270 594 τά
2329 542 2506 595 πάντα
2565 542 2986 614 ὑφαιρούμενος,
3029 542 3249 596 ἐπειδὰν
3307 544 3393 617 ῖδῃ
3444 542 3569 597 τινὰ
3605 542 3795 612 λύχνον

2200 626 2436 693 ἆψαντα,
2461 626 2556 679 καὶ
2574 626 2634 678 τὸ
2666 625 2782 695 φῶς
2809 626 3076 688 σϐέννυσι,
3099 626 3193 679 καὶ
3214 626 3305 679 τὸν
3325 620 3621 695 λυχνοῦχον
3648 639 3796 680 αναι-

2201 710 2304 779 ρεῖ,
2339 709 2427 762 ἵνα
2452 708 2590 780 μετά
2625 708 2812 772 ἀδείας
2834 707 2981 778 αὐτῷ
3009 708 3078 761 τὰ
3108 707 3217 760 τῶν
3248 708 3425 762 ἄλλων
3447 709 3793 780 ὑφαιρεῖσθαι

2199 792 2293 844 καὶ⁹
2324 790 2593 863 ἁρπάζειν
2622 791 2716 862 ἐξῇ
2741 806 2753 818 ⁸
2778 790 2922 844 οὕτω
2946 791 3011 862 δὴ
3034 792 3128 845 καὶ
3150 792 3341 863 Νέρων
3365 794 3394 844 ὁ
3414 794 3636 863 Καῖσαρ
3654 793 3793 858 τότε,

2199 873 2388 945 ὥσπερ
2401 893 2483 939 τις
2507 874 2710 946 λῃστὴς
2733 875 2827 928 καὶ
2840 874 3192 946 τοιχωρύχος,
3221 874 3593 929 καθευδόντων
3628 875 3795 928 ἀπάν-

2198 975 2306 1012 των
2339 958 2507 1029 βαούν
2562 976 2682 1013 τινα
2723 958 2818 1011 καὶ
2842 958 3163 1029 ἀναίσθητον
3213 959 3402 1024 ὕπνον,
3449 958 3519 1011 τά
3582 958 3794 1012 πάντων

2200 1042 2483 1113 ἁρπάζων,
2511 1042 2722 1114 γάμους
2739 1041 3056 1113 διορύττων,
3074 1042 3253 1106 οἰκίας
3288 1042 3634 1113 ἀνατρέπων,
3653 1044 3794 1095 ἆπαν

2197 1126 2399 1190 κακίας
2432 1121 2573 1190 εἶδος
2603 1126 3070 1196 ἐπιδεικνύμενος,
3113 1125 3303 1196 ἐπειδὴ
3334 1126 3428 1180 τίιν
3454 1125 3671 1179 Παῦλον
3695 1120 3795 1178 εἶδε

2197 1207 2390 1278 λύχνον
2448 1209 2664 1279 ἀψαντα
2697 1209 2839 1263 κατά
2888 1208 2987 1280 τὴν
3021 1210 3368 1281 οἰκουμένην,
3410 1208 3499 1264 τὸν
3529 1209 3629 1279 τῆς
3658 1208 3796 1262 διδα-

2199 1292 2425 1357 σκαλίας
2455 1292 2635 1361 λόγον,
2693 1293 2790 1346 καὶ
2843 1293 3134 1363 ἐλέγχοντα
3174 1291 3339 1345 αὑτοῦ
3372 1291 3470 1362 τὴν
3505 1292 3792 1362 πονηρίαν,

2196 1374 2496 1439 ἐσπούδαζε
2520 1376 2617 1429 καὶ
2639 1375 2701 1430 τὸ
2723 1378 2990 1448 κήρυγμα
3033 1375 3248 1437 σϐέσαι,
3281 1378 3377 1428 καὶ
3419 1374 3510 1426 τὸν
3538 1374 3794 1428 διδάσκα-

2196 1457 2286 1511 λον
2340 1459 2568 1526 ἀνελεῖν,
2617 1459 2702 1511 ἴνα
2759 1460 2877 1529 μετ’
2926 1457 3173 1524 ἐξουσίας
3215 1458 3364 1528 αὐτῷ
3395 1458 3573 1511 πάντα
3630 1460 3796 1510 ποιεῖν

2196 1541 2415 1614 ἐξῇ,καί
2436 1543 2604 1613 δήσας
2627 1542 2716 1596 τὸν
2748 1543 2903 1611 ἀγιον
2922 1545 3125 1597 ἐκεῖνον
3150 1542 3404 1596 ἐνέϐαλεν
3422 1542 3502 1604 εἰς
3519 1541 3798 1611 δεσμωτή-

2201 1643 2332 1697 ριον.
2369 1627 2500 1679 Τότε
2535 1626 2713 1680 τοίνυν
2739 1628 2910 1679 ταῦτα
2935 1625 3173 1697 ἔγραφεν
3201 1628 3229 1680 ὁ
3259 1624 3527 1697 μακάριος
3560 1623 3793 1683 Παῦλος.

2268 1711 2363 1773 Τίς
2384 1712 2485 1764 οὐκ
2522 1710 2587 1764 ἂν
2612 1710 2948 1781 ὲκπλαγείη;
2978 1710 3062 1773 τίς
3089 1711 3189 1762 ούκ
3212 1708 3276 1762 ἂν
3305 1708 3636 1780 θαυμάσειες
3662 1708 3796 1778 μᾶλ-

2196 1794 2284 1847 λον
2309 1794 2364 1847 δὲ
2387 1793 2470 1858 τίς
2497 1795 2612 1847 κατ’
2651 1794 2807 1858 ἀξίαν
2850 1791 3153 1862 ἐκπλαγείη
3212 1793 3307 1846 καὶ
3350 1792 3690 1862 θαυμάσειεν
3736 1789 3799 1843 ἂν

2195 1878 2293 1949 τὴν
2328 1877 2579 1946 γενναίαν
2613 1876 2829 1947 ἐκείνην
2862 1876 2957 1930 καὶ
2972 1876 3325 1946 οὐρανομήκη
3356 1876 3556 1946 ψυχὴν,
3597 1874 3683 1927 ὅτι
3716 1873 3799 1927 δε-

2195 1959 2419 2030 δεμένος
2464 1961 2521 2013 ἐν
2577 1959 2764 2031 Ῥώμῃ
2793 1960 2884 2015 καί⁸
2936 1960 3353 2032 καθειργμένος,
3404 1958 3511 2010 ἀπὸ
3541 1957 3798 2011 τοσούτου

2196 2042 2565 2114 διαστήματος
2580 2043 2963 2114 Φιλιππησίοις
2981 2042 3302 2097 ἐπέστελλεν
3327 2059 3339 2108 ;
3370 2042 3513 2096 Ἴστε
3537 2041 3654 2111 γάρ
3677 2041 3799 2092 ὅσον

2194 2127 2255 2181 τὸ
2315 2128 2478 2197 μέσον
2524 2126 2865 2190 Μακεδονίας
2915 2127 3009 2180 καὶ
3049 2126 3286 2198 Ῥώμης.
3353 2125 3491 2178 Ἀλλ’
3533 2123 3663 2178 οὔτε
3701 2122 3799 2188 τῆς

2194 2212 2315 2266 ὀδοῦ
2348 2212 2409 2265 τὸ
2435 2213 2629 2283 μῆκος,
2658 2210 2781 2265 οὒτε
2809 2210 2901 2264 τοῦ
2928 2212 3120 2283 χρόνου
3146 2210 3208 2263 τὸ
3227 2209 3448 2280 πλῆθος,
3487 2206 3615 2262 οὔτε
3645 2206 3798 2261 ὁτῶν

2196 2296 2541 2366 πραγμάτων
2589 2295 2767 2365 ὄχλος,
2804 2292 2927 2347 οῦτε
2955 2297 2981 2347 ό
3009 2294 3251 2357 κίνδυνος
3284 2292 3379 2346 καὶ
3407 2291 3475 2344 τά
3517 2290 3800 2360 ἐπάλληλα

2195 2379 2365 2443 δεινά,
2394 2377 2516 2431 οὒτε
2553 2378 2682 2432 ἄλλο
2739 2378 2893 2432 οὐδὲν
2931 2378 3031 2448 τὴν
3072 2377 3293 2448 ἀγάπην
3324 2378 3418 2430 καὶ
3443 2376 3543 2447 τὴν
3574 2376 3797 2445 μνήμην

2197 2460 2419 2527 ἐξέϐαλε
2439 2460 2549 2514 τῶν
2590 2460 2871 2532 μαθητῶν,
2901 2461 3015 2514 ἀλλ’
3060 2455 3203 2531 εἶχεν
3248 2460 3444 2522 αὐτοὺς
3469 2460 3720 2521 ἅπαντας
3745 2459 3798 2508 ἐν

2194 2543 2433 2616 διανοίᾳ·
2462 2545 2557 2599 καὶ
2586 2544 2685 2615 οὐχ
2714 2543 2889 2608 οὓτως
2915 2543 3064 2614 αύτῷ
3094 2546 3215 2607 ταῖς
3251 2541 3503 2596 ἀλύσεσιν
3531 2541 3588 2593 αἱ
3616 2542 3798 2611 χεῖρες

2196 2626 2452 2691 ἐδέδεντο,
2484 2626 2560 2691 ὡς
2587 2627 2666 2698 τῷ
2699 2627 2850 2698 πόθῳ
2882 2626 2992 2682 τῶν
3046 2626 3308 2698 μαθητῶν
3340 2628 3373 2696 ἡ
3403 2625 3550 2695 ψυχὴ
3585 2622 3800 2677 συνεδέ·

2195 2709 2316 2762 δετο
2344 2710 2438 2764 καὶ
2463 2711 2785 2782 προσήλωτο
2805 2726 2817 2738 '
2838 2711 2977 2782 ὅπερ
3015 2706 3111 2764 οὖν
3143 2712 3237 2765 καὶ
3267 2708 3397 2763 αὐτὸ
3423 2706 3604 2777 δηλῶν
3626 2708 3688 2759 ἐν
3724 2704 3799 2775 τῷ

2197 2794 2582 2866 προοιμίῳτῆς
2622 2795 2911 2865 ἐπιστολῆς
2946 2795 3133 2864 ἔλεγε·
3167 2793 3270 2849 Διά
3297 2792 3366 2847 τὸ
3388 2793 3556 2864 ἔχειν
3588 2796 3593 2800 ’
3606 2808 3690 2860 με
3734 2791 3801 2843 ἐν

2196 2877 2269 2947 τῇ
2301 2878 2516 2947 καρδίᾳ
2543 2895 2663 2948 μου
2696 2877 2875 2949 ὑμᾶς,
2907 2878 2978 2934 ἐν
3008 2896 3073 2933 τε
3100 2878 3225 2945 τοῖς
3253 2878 3499 2947 δεσμοῖς
3524 2894 3673 2946 μου,
3704 2873 3800 2928 καί

2197 2963 2268 3016 ἐν
2292 2961 2368 3030 τῇ
2437 2963 2739 3032 ἀπολογίᾳ
2791 2963 2891 3017 καί
2916 2963 3240 3029 ,ϐεϐαιώσει
3262 2961 3370 3016 τοῦ
3397 2961 3795 3030 Εὑαγγελίου.

2196 3046 2307 3101 Καὶ
2329 3046 2580 3118 καθάπερ
2604 3044 2858 3116 βασιλεὺς
2892 3047 2986 3099 ἐπὶ
3002 3046 3095 3099 τὸν
3124 3045 3311 3116 θρόνον
3333 3042 3538 3107 ἀναϐὰς
3569 3042 3681 3096 ὑπὸ
3703 3042 3799 3113 τήν

2196 3128 2272 3182 ἐω
2299 3131 2394 3183 καὶ
2446 3129 2676 3191 καθίσας
2721 3130 2781 3182 ἐν
2826 3131 2947 3193 ταῖς
2996 3129 3302 3200 βασιλικαῖς
3329 3126 3543 3190 αὐλαῖς,
3598 3124 3798 3196 μυρίας

2198 3211 2399 3275 εὐθέως
2430 3212 2648 3282 δέχεται
2678 3211 3018 3283 πανταχόθεν
3073 3211 3394 3274 ἐπιστολάς·
3428 3208 3573 3263 οὕτω
3596 3208 3666 3279 δὴ
3697 3208 3796 3261 κάσ-

2199 3298 2394 3360 κεῖνος,
2428 3296 2681 3367 καθάπερ
2715 3297 2772 3350 ἐν
2803 3294 3109 3367 βασιλικαῖς
3148 3296 3340 3358 αὐλαῖς
3403 3293 3479 3366 τῷ
3517 3292 3799 3363 δεσμωτη-

2203 3379 2302 3451 ρίῳ
2321 3378 2655 3451 καθήμενος,
2695 3380 2871 3452 πολλῷ
2894 3380 3065 3435 πλείω
3085 3382 3179 3436 καὶ
3196 3380 3404 3450 ἐδέχετο
3445 3378 3539 3432 καὶ
3578 3377 3795 3445 ἔπεμπε

2195 3462 2265 3517 τὰ
2289 3463 2768 3535 γράμματαδ,τῶν
2797 3465 3133 3536 πανταχόθεν
3155 3462 3323 3518 ἐθνῶν
3343 3462 3434 3515 ἐπὶ
3461 3460 3560 3532 τὴν
3584 3459 3795 3513 ἐκείνου

2198 3548 2390 3616 σοφίαν
2429 3548 2568 3619 ὑπὲρ
2598 3549 2705 3603 τῶν
2728 3549 2850 3603 καθ’
2874 3548 3099 3612 ἑαυτοὺς
3129 3545 3468 3617 πραγμάτων
3493 3542 3796 3612 ἀναφερόν-

2196 3648 2305 3684 των
2336 3629 2571 3685 ἆπανταο
2610 3632 2705 3685 καὶ
2734 3629 2973 3701 τοσούτῳ
3003 3629 3223 3683 πλείονα
3249 3628 3549 3698 πράγματα
3568 3624 3670 3678 τοῦ
3705 3624 3799 3693 βαι

2197 3712 2500 3778 σιλεύοντος
2524 3713 2815 3784 ᾠκονόμει,
2847 3715 2956 3784 ὅσῳ
2972 3714 3066 3768 καὶ
3101 3713 3323 3783 μείζονα
3353 3711 3527 3781 ἀρχὴν
3558 3708 3797 3778 ἐμπεπί-

2198 3814 2406 3851 στευτο.
2440 3797 2515 3850 Οὐ
2544 3797 2654 3869 γάρ
2682 3797 2746 3868 δὴ
2774 3797 2900 3861 τοὺς
2927 3796 3025 3869 τὴν
3060 3795 3347 3866 Ῥωμαίων
3371 3791 3657 3854 οἰκοῦντας
3687 3789 3796 3860 χὼ-

2199 3897 2299 3952 ραν
2335 3880 2518 3950 μόνον,
2568 3880 2706 3933 ἀλλά
2739 3881 2835 3933 καί⁵
2884 3881 3010 3944 τοὺς
3058 3878 3366 3950 βαρϐάρους
3406 3875 3675 3942 ἃπαντας,
3703 3872 3795 3927 καὶ

2194 3963 2301 4033 γῆν
2328 3964 2422 4017 καὶ
2455 3962 2725 4017 θάλατταν
2758 3963 2940 4034 φέρων
2968 3964 3048 4025 εἰς
3076 3962 3175 4024 τὰς
3217 3959 3424 4013 ἐκείνου
3459 3959 3651 4028 χεῖρας
3708 3958 3796 4010 ἐν-

2195 4045 2391 4117 έθηκεν
2448 4046 2477 4098 ὁ
2526 4045 2806 4109 Θεός.Καὶ
2831 4044 2991 4098 τοῦτο
3026 4043 3202 4116 δηλῶν
3242 4042 3530 4112 Ῥωμαίοις
3572 4038 3792 4107 ἔλεγεν⁹

2198 4131 2282 4183 οὐ
2316 4127 2470 4184 θέλω
2497 4129 2564 4182 δὲ
2587 4128 2745 4198 ὑμᾶς
2774 4128 3039 4198 ἀγνοεῖν,
3077 4127 3352 4195 ἀδελφοὶ,
3384 4123 3470 4178 ὅτι
3493 4122 3795 4188 πολλάκις

2193 4212 2395 4267 ἐλθεῖν
2420 4211 2757 4281 προεθέμην
2785 4210 2937 4279 πρὸς
2968 4207 3148 4280 ὑμᾶς,
3183 4209 3281 4262 καί
3311 4207 3626 4273 ἐκωλύθην
3655 4203 3795 4273 ἄχρι

2196 4294 2303 4349 τοῦ
2353 4295 2551 4363 δεῦρο,
2605 4296 2705 4348 ἵνα
2769 4292 2903 4348 τινὰ
2952 4292 3187 4363 καρπὸν
3236 4291 3366 4362 σχῶ
3401 4289 3499 4343 καί
3531 4287 3788 4357 ἐνὺμῑν,

2194 4379 2391 4445 καθὼς
2434 4378 2533 4433 καὶ
2571 4380 2641 4433 ἐν
2665 4376 2791 4444 τοῖς
2835 4376 3072 4443 λοιποῖς
3110 4377 3378 4429 ἔθνεσιν·
3412 4364 3691 4437 Ἕλλησί
3727 4385 3792 4423 τε

2194 4463 2292 4517 καί
2312 4463 2654 4532 βαρϐάροις,
2675 4460 2889 4530 σοφοῖς
2921 4477 2984 4515 τε
3006 4460 3103 4514 καὶ
3131 4457 3284 4531 [304]
3321 4455 3595 4522 ἀνοήτοις
3631 4454 3792 4523 d5»;ch

2194 4546 2380 4615 λέτης
2400 4547 2535 4615 εἰμί.
2572 4545 2705 4599 Καθ’
2736 4546 2973 4616 ἑκάστην
3001 4544 3179 4597 τοίνυν
3212 4539 3495 4610 ἐφρόντιζε
3532 4536 3630 4608 τὴν
3650 4536 3790 4607 ἠμέ-

2197 4647 2318 4701 ραν,
2355 4629 2513 4682 τοῦτο
2545 4628 2609 4700 δὴ
2647 4626 2976 4698 Κορινθίοις,
3027 4624 3186 4678 τοῦτο
3218 4624 3283 4695 δὴ
3324 4621 3618 4680 Μακεδόσι,
3670 4618 3791 4682 πῶς

2193 4713 2564 4783 Φιλιππήσιοι,
2607 4711 2725 4773 πῶς
2778 4708 3165 4767 Καππαδόκαι,
3208 4705 3325 4769 πῶς
3364 4704 3615 4764 Γαλάται,
3670 4701 3789 4763 πῶς

2207 4797 2500 4867 Ἀθηναῖοι,
2534 4794 2653 4859 πῶς
2679 4794 2729 4846 οἰ
2755 4792 2849 4847 τὸν
2873 4793 3074 4846 Πόντον
3095 4788 3393 4855 οἰκοῦντες,
3410 4788 3525 4853 πῶς
3548 4786 3788 4848 ἅπαντες

2192 4878 2491 4950 ἄνθρωποι.
2539 4877 2676 4929 Ἀλλ’
2699 4875 2848 4946 ὅμως
2872 4875 2972 4945 τὴν
3006 4874 3111 4943 γῆν
3140 4874 3359 4927 ἃπασαν
3374 4867 3787 4940 ἐγκεχειρισμέ-

2192 4978 2282 5026 νος
2336 4961 2435 5032 ούχ
2488 4960 2630 5031 ὑπὲρ
2681 4958 2850 5012 ἐθνῶν
2916 4957 3226 5028 ὁλοκλήρων
3274 4953 3545 5025 ἐμερίμνα
3602 4951 3783 5021 μόνον,

2194 5046 2325 5102 ἀλλά
2350 5046 2443 5099 καὶ
2475 5045 2616 5113 ὑπὲρ
2641 5043 2757 5106 ἐνὸς
2778 5041 3099 5114 ἀνθρώπου·
3136 5039 3230 5094 καὶ
3262 5038 3358 5093 νῦν
3397 5037 3494 5108 μὲν
3521 5035 3589 5088 δι’
3623 5035 3783 5102 Ὀνή-

2198 5147 2353 5201 σιμον
2389 5130 2485 5200 τὴν
2522 5139 2545 5168 ο
2591 5126 2880 5196 ἐπιστολὴν
2930 5126 3165 5194 ἔπεμπε,
3194 5122 3290 5176 νῦν
3317 5121 3373 5175 δὲ
3402 5120 3492 5173 διὰ
3517 5120 3607 5173 τὸν
3631 5118 3786 5190 παρά

2196 5211 2501 5284 Κορινθίοις
2528 5209 2958 5281 πεπορνευκότα.
2980 5207 3112 5261 Οὐδὲ
3130 5206 3237 5277 γάρ
3260 5205 3415 5258 τοῦτο
3433 5204 3672 5264 ἐσκόπει,
3700 5202 3784 5254 δτι

2195 5282 2414 5369 εἷςήῆνὸ
2445 5292 2727 5365 ἁμαρτὼν,
2756 5292 2851 5346 καὶ
2885 5292 3136 5362 δεόμενος
3162 5287 3495 5359 προστασίας
3517 5303 3530 5316 ·
3698 5284 3784 5337 δτι

2193 5365 2476 5450 ἄνθρωπος
2503 5373 2591 5448 ἦν,
2614 5376 2899 5447 ἄνθρωπος
2926 5374 2987 5425 τὸ
3010 5373 3087 5443 τῷ
3110 5371 3229 5442 Θεῷ
3272 5369 3595 5439 τιμιώτατον
3618 5365 3782 5450 ζῶον,

2193 5464 2285 5517 καί
2336 5461 2402 5514 δι’
2446 5460 2505 5514 ὃν
2548 5458 2671 5512 οὐδὲ
2714 5457 2810 5511 τοῦ
2843 5453 3181 5523 Μονογενοῦς
3226 5454 3255 5506 ὁ
3279 5452 3467 5520 Πατὴρ
3507 5449 3779 5518 ἐφείσατο.

2264 5554 2326 5601 ε’.
2348 5545 2440 5616 Μὴ
2469 5545 2577 5615 γάρ
2611 5560 2698 5615 μοι
2750 5539 2908 5594 τοῦτο
2938 5539 3119 5609 εἴπῃς,
3144 5538 3226 5590 ὅτι
3252 5536 3534 5606 Δραπέτης
3563 5533 3592 5584 ὁ
3611 5532 3778 5616 δεῖνα,

2195 5631 2290 5685 καὶ
2317 5613 2520 5701 λῃστὴς
2547 5613 2652 5681 καὶ
2682 5625 2939 5693 κλέπτης,
2990 5622 3086 5674 καὶ
3128 5624 3337 5690 μυρίων
3365 5616 3549 5687 γέμων
3572 5613 3777 5681 κακῶν,

2257 5750 2287 5790 b
2317 5749 2451 5799 Unus
2472 5759 2563 5795 ms.
2601 5746 2781 5808 ἔπεμπε
2804 5742 3102 5808 συνεχῶς.τά
3132 5755 3204 5803 γρ.
3232 5736 3348 5791 Cod.
3396 5733 3490 5788 768
3536 5733 3735 5798 συχνῶς.

2265 5814 2287 5844 ⁸
2325 5813 2434 5863 Duo
2453 5822 2567 5858 mss.
2601 5802 2959 5870 μὲν”ονησίμῲ
2982 5802 3084 5860 τήν.
