4062 6412
270 396 369 452 313

270 509 367 569 da,
405 504 734 561 exsecranda
774 513 829 560 et
870 496 1227 560 abominanda
1274 502 1493 557 absente
1544 502 1844 556 humilitate

277 604 417 652 sunt.
445 595 651 665 Ubique
696 595 857 664 igitur
884 596 1029 651 illam
1075 595 1127 650 in
1161 593 1372 661 verbis,
1398 593 1450 647 in
1477 591 1762 662 operibus,
1793 590 1847 643 in

273 685 675 757 cogitationibus
712 699 1084 753 assumamus,
1129 693 1184 740 et
1225 700 1345 739 cum
1388 683 1477 739 illa
1522 683 1636 738 inec
1682 680 1849 736 :edili-

271 790 467 831 COIDUS.

341 867 394 921 5.
430 865 623 921 Verum
649 865 719 922 de
741 865 1039 922 humilitate
1068 866 1183 921 haec
1208 866 1339 921 satis
1364 873 1524 921 sunto
1546 905 1560 930 ,
1606 878 1711 918 non
1752 877 1851 932 pro

274 958 520 1029 dignitate
549 956 665 1021 rei;
697 973 856 1013 nemo
880 958 1077 1028 quippe
1104 958 1250 1012 illam
1289 956 1554 1026 condigne
1580 954 1852 1009 celebrare

281 1049 474 1116 possit;
497 1047 592 1103 sed
621 1048 689 1104 ad
719 1047 1122 1118 intelligentiam
1154 1056 1344 1101 vestrae
1364 1045 1570 1101 caritati
1598 1043 1849 1099 dandam.

275 1138 401 1196 Novi
443 1139 637 1209 quippe
659 1154 755 1194 vos
776 1155 840 1193 ex
872 1143 1053 1209 paucis
1078 1138 1186 1194 illis
1205 1179 1219 1203 ,
1251 1154 1368 1208 qua:
1394 1137 1597 1207 prtefati
1627 1149 1813 1190 sumus
1832 1172 1850 1201 ,

275 1231 413 1286 illam
437 1232 605 1286 multo
630 1231 808 1287 studio
831 1232 1158 1301 suscepisse.
1200 1231 1332 1298 Quia
1363 1246 1493 1285 vero
1522 1242 1744 1284 necesse
1772 1235 1855 1283 est

274 1324 619 1392 apostolicum
648 1324 848 1380 dictum
896 1324 1165 1379 boliernte
1192 1325 1435 1378 lectionis
1458 1364 1473 1390 ,
1502 1321 1642 1392 quod
1672 1319 1854 1377 multis

275 1414 479 1469 videtur
506 1416 747 1484 segnitiei
769 1416 1105 1471 occasionem
1127 1416 1385 1486 prsebere,
1417 1414 1629 1484 planum
1653 1412 1851 1480 facere,

278 1513 417 1559 utne
439 1505 654 1575 quidam
674 1505 797 1561 inde
817 1505 1004 1577 frigida
1026 1517 1235 1576 sumpta
1264 1507 1606 1561 excusatione
1630 1505 1854 1559 salutem

277 1610 420 1650 suam
456 1597 768 1667 negligant:
809 1613 909 1669 age
957 1599 1051 1653 illo
1096 1613 1402 1653 sermonem
1448 1597 1853 1651 transferamus.

276 1687 548 1755 Quodnam
576 1700 659 1745 εει
687 1689 885 1744 dictum
914 1689 1086 1745 illud?
1111 1690 1232 1746 Sive
1266 1707 1354 1759 per
1395 1690 1703 1745 occasionem
1724 1729 1739 1754 ,
1770 1689 1856 1743 in-

276 1779 416 1847 quit,
469 1780 572 1834 sive
611 1798 701 1852 per
727 1782 986 1836 veritatem
1009 1822 1025 1849 ,
1074 1782 1303 1837 Christus
1333 1783 1662 1837 annuntiatur
1699 1781 1857 1853 (Phi-

278 1877 400 1946 lipp.
432 1874 489 1928 1.
516 1873 628 1943 18).
657 1872 773 1928 Hoc
797 1874 946 1928 multi
977 1874 1294 1944 simpliciter
1318 1883 1371 1929 et
1399 1885 1600 1930 temere
1625 1874 1857 1929 circum-

279 1965 483 2028 ferunt,
517 1964 609 2033 qui
640 1978 739 2018 nec
771 1963 947 2034 priora
987 1979 1087 2019 nec
1129 1966 1404 2035 sequentia
1436 1967 1707 2035 legerunt;
1765 1965 1858 2019 sed

278 2063 473 2110 resecta
503 2053 833 2123 reliquorum
865 2054 1227 2109 membrorum
1255 2056 1393 2110 serie
1413 2097 1429 2124 ,
1474 2056 1524 2109 in
1560 2056 1857 2110 animarum

277 2162 487 2200 suarum
521 2146 807 2215 perniciem
840 2146 954 2202 hcce
990 2147 1327 2217 segnioribns
1364 2155 1684 2218 proponunt.
1726 2148 1857 2203 Nam

278 2237 396 2291 dum
427 2245 635 2292 tentant
657 2252 750 2293 cos
772 2252 800 2291 a
828 2253 955 2292 sana
990 2238 1092 2293 fide
1117 2238 1384 2294 abducere
1406 2281 1418 2303 ,
1449 2239 1747 2310 deindeque
1776 2242 1857 2295 vi-

287 2330 526 2385 denteos
549 2329 928 2386 formidolosus
956 2346 1019 2384 ac
1050 2332 1335 2395 tremulos,
1368 2333 1516 2401 quasi
1546 2331 1596 2386 id
1625 2348 1729 2386 non
1762 2348 1857 2386 va-

278 2430 358 2477 cet
381 2423 663 2489 periculo:
698 2433 753 2477 ut
792 2424 1037 2477 timorem
1064 2438 1250 2478 eorum
1290 2423 1531 2488 solvant,
1581 2423 1682 2477 hoc
1729 2438 1860 2492 apo-

278 2512 518 2567 stolicum
550 2512 827 2582 proferunt
871 2513 1138 2577 dicentes,
1190 2513 1384 2569 Paulus
1428 2512 1529 2569 hoc
1564 2514 1858 2579 concessit,

280 2604 556 2672 inquiens,
600 2604 720 2658 Sive
757 2619 847 2674 per
894 2605 1240 2669 occasionem,
1293 2603 1396 2657 sive
1441 2620 1529 2672 per
1572 2604 1859 2669 veritatem,

279 2699 508 2754 Christus
544 2699 907 2753 annuntictur.
938 2697 1041 2753 Sed
1071 2697 1184 2751 hmo
1211 2713 1315 2751 non
1341 2698 1412 2750 ita
1440 2710 1497 2751 se
1517 2695 1737 2763 habent,
1754 2715 1864 2755 non

279 2792 342 2845 ita
368 2792 575 2862 utique.
609 2790 737 2845 Nam
768 2791 941 2860 primo
988 2806 1091 2843 non
1136 2789 1297 2855 dixit,
1338 2788 1701 2854 annuntietur,
1741 2786 1860 2852 sed,

280 2885 639 2950 Annuntiatur,
668 2882 809 2953 quod
855 2882 1078 2936 multum
1106 2879 1283 2934 differt
1312 2880 1378 2933 ab
1401 2879 1511 2932 illo.
1538 2877 1749 2933 Etenim
1778 2875 1862 2931 di-

279 2989 424 3040 cere,
475 2974 847 3035 annuntietur.
901 2972 1072 3042 legem
1113 2970 1289 3025 dantis
1330 2978 1446 3035 est;
1497 2967 1860 3032 Annuntiatur,

279 3082 398 3123 vero
422 3067 645 3132 dicere,
695 3065 745 3120 id
786 3064 926 3135 quod
974 3063 1235 3132 contingit
1277 3061 1541 3116 narrantis
1570 3068 1671 3115 est.
1711 3056 1864 3125 Quod

282 3174 398 3213 vero
436 3158 641 3213 Paulus
679 3172 784 3212 non
836 3157 1007 3226 legem
1052 3153 1186 3208 ferat
1224 3160 1283 3207 ut
1303 3152 1409 3207 sint
1453 3151 1723 3214 haereses,
1771 3147 1866 3203 sed

280 3247 508 3304 abducat
529 3263 717 3302 omnes
745 3247 832 3317 qui
866 3246 964 3316 ipsi
994 3244 1363 3308 attenderem,
1393 3242 1515 3296 audi
1547 3240 1673 3311 quid
1718 3239 1863 3294 dixe-

280 3338 375 3392 rit:
405 3339 462 3393 Si
494 3341 610 3403 quis
635 3337 769 3391 vobis
795 3336 1105 3406 evangelista
1135 3343 1315 3405 praeter
1338 3333 1393 3386 id
1421 3333 1554 3402 quod
1582 3328 1865 3398 accepistis,

279 3431 546 3484 anathema
575 3429 675 3494 sit,
707 3428 798 3482 etsi
826 3444 916 3498 ego
938 3468 953 3494 ,
983 3428 1075 3480 etsi
1113 3427 1324 3496 angelus
1362 3425 1422 3478 de
1462 3424 1600 3478 caelis
1638 3421 1780 3491 (Gal.
1811 3422 1864 3475 i.

284 3518 332 3573 8.
358 3518 579 3591 9).Non
608 3526 784 3572 autem
814 3526 869 3571 ct
893 3531 953 3571 se
975 3526 1031 3572 et
1057 3515 1303 3584 angelum
1330 3512 1862 3575 anathematizasset,

285 3610 326 3662 si
350 3625 460 3665 rem
488 3610 609 3665 sine
631 3609 863 3679 periculo
891 3623 1010 3663 esse
1028 3607 1290 3661 scivissct.
1313 3606 1388 3660 Ac
1408 3618 1619 3659 rursum
1641 3621 1655 3657 :
1678 3601 1868 3656 limu-

288 3702 359 3756 lor
378 3704 506 3756 enim
538 3719 625 3756 vos
654 3701 750 3756 Dei
793 3701 1155 3757 mutilatione:
1198 3698 1444 3768 despondi
1481 3697 1615 3751 enim
1654 3711 1742 3750 vos
1777 3695 1868 3749 uni

281 3791 382 3845 viro
412 3790 663 3861 virginem
694 3801 929 3855 castam;
961 3790 1114 3844 timeo
1147 3798 1321 3842 autem
1360 3804 1440 3854 ne,
1471 3787 1607 3841 sicut
1641 3801 1849 3856 serpens

285 3880 439 3935 Evam
470 3883 672 3949 decepit
717 3883 914 3936 astutia
945 3899 1043 3936 sua
1065 3923 1079 3947 ,
1127 3883 1203 3935 sic
1232 3887 1641 3948 corrumpantur
1668 3895 1851 3934 sensus

283 3974 431 4025 vestri
447 3991 478 4026 α
497 3973 837 4039 simplicitate
851 3990 968 4042 qua:
981 3983 1057 4027 cst
1075 3975 1128 4027 in
1147 3973 1356 4027 Christo
1371 3969 1522 4038 (Cen.
1542 3972 1594 4026 5.
1610 3971 1663 4037 4;
1679 3969 1850 4027 2Cor.

294 4064 368 4115 ll.
408 4064 460 4116 Ξ.
488 4065 521 4117 5
544 4078 579 4125 ).
635 4064 773 4118 Ecce
809 4071 863 4116 et
887 4061 1294 4132 simplicitatem
1322 4060 1528 4129 posuit,
1564 4065 1620 4111 et
1646 4054 1869 4110 veniam

290 4168 385 4207 non
427 4154 594 4209 dedit.
628 4154 757 4208 Nam
781 4156 826 4210 si
854 4156 1005 4210 venia
1035 4165 1212 4223 esset,
1240 4163 1388 4210 certe
1427 4153 1722 4224 periculum
1762 4166 1871 4208 non

287 4256 432 4311 crat;
464 4248 507 4300 si
550 4249 847 4316 periculum
891 4264 996 4302 non
1033 4257 1187 4314 erat,
1241 4263 1347 4302 non
1388 4248 1569 4318 utique
1607 4247 1874 4302 timuisset

290 4334 504 4403 Paulus;
531 4353 704 4406 neque
732 4338 977 4394 Christus
1002 4340 1200 4394 zizania
1241 4338 1479 4393 comburi
1505 4338 1789 4408 inussisset,
1827 4338 1871 4391 si

289 4443 373 4484 res
424 4429 738 4486 indill'ercns
784 4441 898 4486 erat
934 4431 1091 4500 huic,
1121 4430 1197 4486 illi
1225 4431 1307 4486 vel
1333 4431 1421 4486 alii
1451 4431 1728 4487 attendere
1757 4446 1872 4485 om-

289 4521 548 4594 nibusque
568 4525 904 4593 simpliciter.

351 4615 405 4668 4.
430 4615 567 4682 Quid
597 4616 696 4670 sibi
724 4618 837 4672 vult
870 4617 997 4671 illud
1036 4616 1176 4687 quod
1207 4615 1408 4671 dictum
1438 4617 1558 4671 cst?
1586 4616 1750 4670 Paulo
1775 4616 1863 4670 al-

288 4703 389 4760 tius
404 4706 559 4760 vobis
586 4716 750 4761 totam
778 4707 1052 4763 historiam
1076 4718 1312 4778 repetam
1340 4724 1353 4761 :
1377 4706 1653 4761 sciendum
1678 4706 1875 4777 quippe

286 4804 366 4850 est
408 4813 516 4866 quo
557 4798 608 4852 in
658 4806 797 4853 statu
847 4798 1042 4852 Paulus
1086 4806 1231 4853 esset
1274 4812 1394 4852 cum
1435 4796 1551 4851 lucc
1590 4797 1870 4852 scriberet.

288 4886 403 4953 Quo
430 4889 482 4942 in
515 4899 656 4944 statu
687 4890 844 4960 igitur
868 4891 1023 4945 erat?
1056 4890 1106 4944 in
1139 4904 1390 4953 carcere,
1434 4898 1489 4944 et
1525 4889 1761 4955 catenis,
1788 4890 1873 4942 in-

286 4979 637 5049 gentibusque
665 4981 938 5051 periculis.
958 4979 1237 5036 Undenam
1266 4981 1317 5035 id
1345 4980 1551 5052 liquet?
1578 4981 1651 5034 Ex
1672 4995 1733 5034 ea
1763 4980 1875 5050 ipsa

288 5071 510 5138 epistola
546 5090 558 5125 :
589 5088 710 5126 nam
737 5082 891 5128 antea
939 5074 1186 5128 dixerat:
1217 5073 1362 5128 Scire
1402 5082 1568 5126 autem
1605 5088 1693 5127 vos
1734 5072 1872 5137 volo,

290 5164 492 5231 fratres,
522 5164 658 5233 quod
684 5180 761 5229 ea,
794 5180 912 5233 qua:
936 5165 1069 5219 circa
1098 5181 1177 5218 me
1200 5173 1352 5230 sunt,
1392 5166 1556 5236 magis
1596 5163 1666 5216 ad
1703 5167 1878 5233 profe-

288 5264 421 5307 ctum
452 5265 694 5309 venerunt
732 5257 1006 5328 evangelii;
1036 5256 1107 5309 ita
1143 5264 1198 5309 ut
1230 5257 1430 5311 vincula
1475 5272 1585 5310 mea
1613 5255 1881 5323 manifesta

297 5344 472 5410 ﬁerent
495 5348 553 5400 in
580 5347 778 5402 Christo
804 5349 857 5402 in
879 5357 982 5402 toto
1009 5349 1244 5419 pratorio
1268 5357 1316 5402 et
1336 5350 1527 5402 ca’teris
1548 5346 1808 5413 omnibus;
1833 5354 1883 5400 et

292 5436 459 5502 plures
485 5452 515 5490 e
538 5439 781 5507 fratribus
808 5439 862 5493 in
884 5437 1104 5493 Domino
1131 5438 1438 5507 conﬁdentes
1477 5437 1692 5492 vinculis
1721 5437 1844 5492 meis
1861 5478 1876 5504 ,

290 5525 629 5584 abundantius
667 5531 913 5584 auderent
956 5531 1064 5584 sine
1108 5531 1286 5583 timore
1340 5529 1543 5583 verbum
1596 5528 1690 5583 Dei
1741 5528 1880 5598 loqui

292 5614 554 5688 (Philipp.
576 5619 629 5674 l.
657 5618 874 5693 12-“).
895 5619 1037 5674 Nero
1066 5628 1200 5684 erat,
1228 5620 1316 5691 qui
1347 5621 1494 5675 illum
1525 5620 1575 5674 in
1606 5634 1878 5679 carcerem

291 5719 613 5779 conjecerat.
642 5712 1100 5781 Quemadmodum
1127 5714 1271 5769 enim
1304 5713 1485 5782 prmdo
1513 5713 1727 5785 quidam
1751 5727 1885 5768 cuu-

290 5796 388 5848 ctis
403 5797 804 5863 dormientibus
828 5805 1045 5864 domum
1070 5806 1363 5878 ingressus,
1384 5803 1510 5861 dum
1533 5805 1714 5864 omnia
1737 5802 1878 5861 abri-

1378 390 1464 445 DE
1505 386 1865 445 PROFECTU
1908 388 2296 445 ΕἾΑΝΟΕΜΙ.

3430 407 3538 464 5M

1959 502 2055 571 pit,
2079 503 2121 555 si
2147 518 2303 573 quem
2333 502 2509 558 videat
2541 503 2805 560 lucernam
2851 504 3178 574 accendere,
3221 503 3399 570 lumen
3436 523 3541 565 cx-

1963 594 2179 663 stinguit
2203 636 2218 662 ,
2247 603 2302 650 et
2331 595 2479 649 illum
2525 596 2814 663 interimit,
2847 607 2903 650 ut
2942 598 3120 651 utnnia
3166 598 3333 652 libere
3378 600 3543 669 possit

1952 685 2163 741 auferre
2206 696 2260 742 et
2297 687 2543 758 abripere
2572 705 2586 743 :
2612 688 2692 743 sic
2741 696 2795 743 et
2839 697 2963 743 tunc
3000 687 3143 744 Nero
3187 687 3389 754 Caesar,
3443 704 3542 746 ceu

1952 775 2164 844 quidam
2191 776 2375 848 praedo
2400 786 2453 833 et
2481 778 2813 847 compilator,
2843 778 3233 833 dormientibus
3258 780 3506 835 omnibus
3523 820 3540 842 .

1955 867 2323 937 profundoque
2365 883 2557 925 somno
2585 869 2821 934 obrutis,
2852 869 3090 923 omnium
3122 870 3259 925 bona
3306 870 3539 940 abripie-

1954 960 2080 1027 bat,
2130 960 2341 1030 nuptias
2388 961 2703 1028 invadebat,
2745 961 2934 1016 domos
2979 961 3339 1025 subvertebat,
3382 977 3544 1016 omne

1955 1065 2126 1119 genus
2167 1050 2417 1121 nequitia!
2459 1051 2786 1106 exhibebat:
2818 1066 3044 1121 cumque
3080 1051 3297 1106 Paulum
3339 1050 3546 1105 videret

1960 1142 2237 1197 lucernam
2267 1158 2364 1212 per
2392 1150 2557 1198 totum
2583 1143 2766 1198 orbem
2795 1142 3108 1210 accendere,
3138 1157 3329 1212 nempe
3350 1141 3540 1196 doctri-

1955 1249 2039 1288 nte
2065 1233 2304 1300 verbum,
2338 1234 2559 1305 ejusque
2584 1234 2871 1305 nequitiam
2903 1234 3246 1304 redarguere,
3281 1233 3541 1304 praedica-

1965 1326 2164 1381 tionem
2194 1326 2533 1396 exstinguere
2557 1336 2608 1381 ct
2634 1327 2906 1382 doctorem
2930 1326 3174 1380 occidere
3196 1334 3416 1379 conatus
3440 1332 3542 1390 est,

1956 1427 2016 1475 ut
2041 1419 2217 1474 omnia
2246 1434 2367 1475 cum
2398 1425 2660 1489 potestate
2679 1418 2778 1473 sibi
2810 1418 2984 1474 facere
3025 1417 3210 1472 liceret
3238 1436 3254 1472 :
3283 1418 3546 1471 vinctum-

1957 1525 2062 1580 que
2091 1519 2333 1565 sanctum
2365 1509 2513 1565 illum
2540 1508 2769 1579 conjecit
2807 1509 2858 1562 in
2889 1522 3182 1562 carcerem.
3210 1505 3360 1561 Tunc
3390 1506 3547 1576 igitur

1959 1600 2077 1657 bmc
2107 1601 2296 1656 beatus
2322 1601 2518 1656 Paulus
2543 1600 2775 1671 scripsit.

2034 1693 2341 1748 Sollicitudo
2368 1691 2524 1747 Pauli
2550 1708 2668 1764 erga
2693 1689 3009 1761 discipulos;
3031 1689 3396 1763 discipulorum
3425 1705 3547 1760 erga

1960 1784 2256 1854 magistrum
2298 1799 2459 1836 amor.
2486 1811 2557 1823 --
2579 1782 2710 1849 Quis
2741 1795 2846 1835 non
2875 1781 3128 1846 stupeat?
3163 1781 3281 1849 quis
3310 1795 3414 1833 non
3445 1781 3544 1832 ad-

1963 1872 2224 1926 miretur?
2258 1872 2367 1925 imo
2393 1872 2533 1941 quis,
2566 1880 2623 1924 ut
2651 1885 2745 1940 par
2768 1878 2870 1933 est,
2911 1878 3122 1940 stupeat
3161 1878 3215 1923 et
3255 1869 3551 1923 admiretur

1962 1977 2277 2032 generosum
2310 1962 2459 2016 illum
2489 1971 2541 2016 et
2570 1960 2636 2015 ad
2667 1960 2829 2015 crelos
2852 1960 3243 2030 pertingentem
3280 1959 3550 2036 animum,

1963 2054 2054 2122 qui
2083 2053 2268 2107 Romae
2287 2053 2494 2106 vinctus
2523 2062 2577 2106 et
2601 2050 2983 2114 incarceratus,
3005 2066 3067 2104 ex
3098 2057 3246 2103 tanto
3272 2048 3553 2103 intervallo

1964 2145 2391 2215 Philippensibus
2418 2142 2715 2199 scriberet?
2752 2143 2912 2197 Scitis
2942 2150 3197 2212 quantum
3228 2141 3453 2212 spatium
3484 2142 3556 2194 sit

1964 2235 2322 2290 Macedoniam
2350 2234 2490 2289 inter
2517 2242 2570 2288 et
2597 2234 2841 2288 Romam.
2873 2232 2977 2288 Sed
3005 2247 3176 2303 neque
3205 2232 3411 2287 itineris
3438 2232 3557 2285 lon-

1961 2325 2180 2398 gitudo,
2231 2342 2405 2397 neque
2449 2326 2770 2381 diuturnitas
2820 2326 3106 2395 temporis,
3153 2339 3326 2394 neque
3373 2339 3553 2379 rerum

1967 2419 2247 2484 tumultus,
2283 2433 2456 2487 neque
2486 2416 2725 2487 pericula
2755 2424 2809 2470 et
2848 2415 3143 2486 frequentia
3181 2415 3318 2469 mala
3341 2456 3356 2479 ,
3384 2430 3557 2483 neque

1968 2510 2107 2564 aliud
2135 2509 2404 2580 quidpiam
2427 2509 2703 2562 caritatem
2723 2506 3144 2577 memoriamque
3172 2506 3552 2575 discipulorum

1967 2602 2286 2671 dejiciebat;
2308 2600 2402 2656 sed
2431 2615 2618 2655 omnes
2645 2599 2736 2654 ille
2763 2599 2814 2653 in
2843 2607 3022 2653 mente
3051 2596 3298 2652 servabat
3330 2615 3343 2651 :
3377 2612 3551 2667 neque

1967 2694 2038 2748 ita
2083 2692 2288 2747 catenis
2332 2705 2520 2746 manus
2566 2689 2886 2760 ligabantur,
2919 2696 2977 2742 ut
3005 2687 3181 2741 anima
3219 2686 3335 2756 ejus
3376 2702 3560 2740 amore

1973 2785 2362 2857 discipulorum
2396 2778 2644 2837 devincta
2683 2777 2947 2849 aftixaque
2986 2785 3101 2832 erat
3141 2794 3154 2828 :
3192 2776 3333 2844 quod
3387 2777 3555 2845 ipsum

1968 2872 2121 2927 initio
2166 2870 2408 2941 epistolae
2462 2863 2804 2921 declarabat:
2833 2860 2909 2916 Eo
2936 2859 3076 2933 quod
3124 2858 3345 2915 habeam
3386 2879 3474 2916 vos
3502 2858 3558 2915 in

1970 2966 2121 3019 corde
2147 2966 2201 3017 in
2229 2962 2442 3017 vinculis
2469 2962 2611 3029 meis,
2640 2969 2687 3015 et
2713 2961 2765 3013 in
2796 2958 3084 3028 defensione
3112 2963 3159 3010 et
3181 2952 3561 3022 conﬁrmatione

1972 3055 2216 3125 evangelii
2247 3052 2505 3125 (Philipp.
2533 3052 2584 3105 l.
2606 3051 2682 3121 7).
2717 3050 2784 3104 Et
2816 3048 2947 3103 sicut
2976 3062 3074 3102 rex
3104 3060 3260 3100 mane
3284 3046 3337 3098 in
3367 3043 3561 3099 solium

1970 3146 2336 3203 conscendens
2358 3187 2371 3210 ,
2408 3147 2460 3199 in
2492 3143 2759 3212 regalibus
2799 3141 2934 3195 aulis
2979 3139 3174 3195 sedens
3197 3180 3211 3205 ,
3257 3137 3564 3192 innumeras

1971 3240 2148 3295 statim
2176 3237 2412 3308 undique
2455 3235 2643 3304 recipit
2687 3231 2939 3303 epistolas
2963 3250 2975 3284 :
3001 3231 3077 3285 sic
3105 3239 3159 3285 et
3185 3229 3275 3284 ille
3304 3225 3563 3296 quemad-

1976 3329 2197 3385 modum
2239 3329 2292 3382 in
2328 3326 2491 3397 regiis
2519 3325 2656 3379 aulis
2681 3325 2977 3377 in-carcere
3002 3319 3214 3382 sedens,
3250 3318 3416 3372 multo
3443 3315 3564 3384 plu-

1973 3434 2061 3474 res
2113 3416 2406 3487 accipiebat
2459 3423 2620 3484 atque
2673 3412 2917 3467 mittebat
2968 3409 3219 3479 epistolas
3251 3449 3263 3472 ,
3317 3406 3563 3477 gentibus

1973 3510 2207 3578 undique
2235 3507 2446 3577 negotia
2479 3521 2573 3561 sua
2604 3504 2783 3560 omnia
2826 3502 2893 3557 ad
2938 3503 3053 3573 ejus
3079 3501 3395 3571 sapientiam
3425 3497 3564 3553 refe—
3596 3511 3605 3518 ‘

1972 3600 2210 3655 rentibus
2241 3616 2255 3652 :
2288 3606 2542 3667 tantoque
2571 3597 2724 3666 plura
2752 3594 2841 3649 ille
2868 3594 3101 3664 negotia,
3130 3607 3288 3661 quem
3316 3591 3429 3661 ipse
3457 3589 3566 3643 lm-

1974 3701 2229 3762 perator,
2279 3688 2539 3759 gerebat,
2594 3694 2795 3757 quanto
2849 3685 3021 3753 majus
3070 3683 3169 3738 sibi
3218 3681 3563 3736 commissum

1976 3783 2255 3852 imperium
2308 3779 2557 3836 habebat.
2603 3778 2787 3846 Neque
2836 3776 2977 3831 enim
3018 3774 3311 3828 Romanam
3359 3778 3561 3825 tantum

1973 3874 2251 3939 ditionem,
2282 3871 2376 3927 sed
2404 3871 2565 3927 etiam
2593 3868 2851 3924 barbaros
2879 3880 3088 3932 omnes,
3120 3871 3315 3919 terram
3339 3870 3393 3917 et
3417 3876 3565 3916 mare

1976 3967 2030 4021 in
2062 3980 2249 4021 manus
2288 3964 2403 4034 ejus
2449 3961 2744 4017 tradiderat
2776 3960 2933 4014 Deus.
2979 3958 3141 4025 quue
3167 3954 3422 4009 Romanis
3465 3952 3564 4006 dc-

1976 4057 2187 4112 clarans
2212 4055 2467 4111 diccbat:
2502 4052 2643 4107 Nolo
2684 4060 2856 4104 autem
2902 4065 2989 4103 vos
3032 4048 3301 4118 ignorare,
3345 4048 3564 4116 fratres,

1976 4149 2094 4220 quia
2147 4162 2280 4216 sa’pe
2321 4143 2559 4216 proposui
2600 4142 2768 4196 venire
2810 4138 2878 4192 ad
2920 4154 3039 4204 vos,
3072 4146 3118 4190 et
3147 4135 3425 4206 prohibitus
3455 4149 3568 4185 sum

1976 4257 2133 4311 usque
2161 4238 2331 4291 adhuc
2348 4254 2368 4303 ;
2399 4245 2453 4290 ut
2478 4235 2699 4304 aliquem
2743 4236 2967 4302 fructum
2996 4228 3207 4282 habeam
3233 4236 3279 4281 et
3310 4227 3362 4279 in
3399 4225 3566 4288 vobis,

1979 4333 2108 4387 sicut
2133 4341 2179 4384 et
2204 4330 2256 4383 in
2282 4328 2474 4383 cwleris
2502 4325 2728 4396 gentibus
2755 4338 2773 4377 :
2801 4320 2989 4376 Graecis
3019 4329 3065 4373 et
3091 4317 3335 4380 barbaris,
3367 4315 3571 4385 sapien-

1981 4424 2111 4477 tibus
2153 4431 2199 4475 et
2236 4419 2585 4491 insipientibus
2624 4415 2819 4468 debitor
2856 4428 2965 4467 sum
3013 4409 3199 4481 (Rom.
3236 4409 3285 4461 l.
3321 4405 3402 4459 l5.
3443 4404 3505 4457 Η
3529 4406 3569 4472 ).

1979 4516 2225 4587 Quotidie
2255 4530 2385 4583 ergo
2414 4510 2673 4565 sollicitus
2696 4514 2829 4567 erat,
2850 4502 2973 4572 quid
2996 4497 3277 4560 Corinthii,
3307 4494 3430 4566 quid
3453 4493 3569 4587 Mtt-

1981 4585 2216 4663 ccdoncs
2245 4611 2467 4674 agerent
2498 4617 2512 4656 :
2544 4598 2811 4668 quomodo
2856 4594 3222 4661 Philippenses
3247 4630 3262 4651 .
3299 4585 3570 4658 quomodo

1979 4699 2347 4771 Cappadoces,
2367 4692 2633 4766 quomodo
2651 4689 2872 4753 Galatea,
2898 4683 3168 4756 quomodo
3192 4679 3570 4771 Athenienses,

1982 4768 2253 4865 quomodo
2278 4789 2504 4844 Pontum
2536 4784 2853 4844 incolentes,
2885 4775 3154 4848 quomodo
3183 4785 3373 4827 omnes
3401 4768 3574 4823 homi~

1982 4861 2080 4942 nes
2113 4900 2171 4941 se
2202 4882 2483 4938 haberent.
2511 4880 2760 4933 Attamen
2782 4916 2795 4937 ,
2828 4886 2951 4929 cum
2983 4869 3265 4925 universus
3299 4865 3443 4920 orbis
3471 4861 3571 4930 ipsi

1983 4974 2326 5033 concrcditus
2374 4980 2516 5026 esset
2541 5008 2557 5034 ,
2586 4982 2691 5022 non
2725 4973 2929 5019 tantum
2959 4961 3027 5017 de
3054 4959 3303 5032 gentibus
3328 4953 3576 5010 omnibus

1984 5079 2100 5125 erat
2126 5067 2390 5123 sollicitus
2419 5106 2434 5131 ,
2465 5062 2560 5117 sed
2606 5060 2766 5114 etiam
2796 5057 2863 5111 de
2889 5069 2997 5111 uno
3031 5051 3279 5123 quapiam
3310 5047 3527 5103 homine
3557 5061 3573 5099 :

1984 5171 2038 5216 et
2068 5173 2208 5215 nunc
2248 5163 2466 5227 propter
2493 5151 2802 5207 Onesimum
2833 5143 3112 5215 epistolam
3143 5137 3407 5201 mittebat,
3434 5147 3576 5188 nunc

1990 5260 2207 5323 propter
2252 5264 2375 5303 cum
2403 5288 2416 5310 ,
2462 5246 2552 5315 qui
2601 5240 2743 5313 apud
2788 5235 3095 5295 Corinthios
3121 5230 3577 5324 fornicatus-erat.

1986 5315 2171 5415 Neque
2194 5342 2336 5397 enim
2369 5341 2470 5393 hoc
2499 5331 2891 5393 considerabat,
2920 5324 3059 5397 quod
3085 5335 3223 5377 unus
3244 5325 3390 5415 esset
3416 5315 3461 5370 is
3484 5315 3575 5382 qui

1989 5407 2322 5507 peccaverat,
2346 5440 2397 5485 et
2426 5425 2721 5498 patrocinio
2748 5426 2961 5488 egeret,
2995 5412 3087 5469 sed
3119 5408 3259 5481 quod
3289 5407 3451 5507 homo
3480 5417 3573 5457 es-

1989 5497 2073 5585 set
2098 5545 2111 5580 :
2139 5526 2335 5590 homo,
2366 5497 2583 5588 inquam
2606 5557 2618 5579 ,
2650 5508 3091 5584 pretiosissimum
3121 5504 3229 5556 Deo
3255 5497 3485 5561 animal,
3513 5502 3573 5549 ct

1991 5626 2208 5689 propter
2234 5628 2391 5684 quem
2415 5612 2573 5665 Pater
2601 5606 2733 5660 Filio
2766 5615 2864 5656 suo
2891 5614 2996 5652 non
3026 5593 3284 5667 pepercit.

2062 5678 2115 5764 5-.
2145 5706 2222 5761 Ne
2251 5678 2379 5760 mihi
2409 5698 2608 5755 dixeris
2637 5691 2783 5765 quod
2813 5691 2903 5746 ille
2927 5686 3210 5758 fugitivus,
3241 5678 3384 5752 quod
3414 5678 3570 5740 latro,

1993 5798 2135 5873 quod
2162 5796 2262 5867 fur,
2288 5802 2342 5853 ct
2367 5788 2662 5851 innumeris
2680 5792 2905 5843 onustus
2933 5779 3108 5847 vitiis;
3141 5775 3225 5833 vel
3244 5768 3386 5843 quod
3414 5783 3567 5826 uten-
